4042 6208
503 279 651 342 1087

1329 280 1369 340 S
1434 275 1872 341 CLEMENTIS
1914 281 1935 338 Ι
1983 277 2164 340 ΒΟΜ.
2213 278 2434 341 ΡΟΝΤ.
2484 269 2731 343 OPERA
2776 275 3029 344 DUBIA.

3695 283 3832 351 1068

500 413 722 475 Evodio
753 421 814 476 et
848 411 1120 493 parmciis
1171 413 1304 492 ejus
1353 428 1636 473 oremus:
1673 417 1735 470 ut
1785 409 2135 473 misericors

2236 412 2345 490 »πὲρ
2376 417 2469 469 τοῦ
2499 411 2793 470 ἐπισκόπου
2855 415 3012 490 ἡμῶν
3059 412 3364 490 Κλήμεντος
3416 418 3502 474 καὶ
3533 422 3635 474 τῶν
3665 440 3839 498 πάροι.

498 505 656 567 Deus
679 501 813 564 illos
834 502 1118 564 Ecclesiis
1138 501 1358 563 sanctis
1375 499 1500 562 suis
1527 506 1766 581 praestet
1783 500 2144 581 incolumes,

499 595 844 664 honoratos,
881 591 1202 670 longaevos,
1236 598 1295 650 et
1350 589 1612 670 praebeat
1658 590 1747 652 eis
1796 591 2146 652 honoratam

500 689 866 746 senectutem
901 679 961 742 in
995 681 1211 758 pietate
1241 697 1309 741 ac
1356 678 1608 760 justitia.
1645 678 1831 742 Etiam
1864 697 1972 760 pro
2005 698 2147 760 pre-

501 769 752 851 sbyteris
801 768 1020 831 nostris
1050 787 1312 850 oremus,
1349 776 1414 829 ut
1445 767 1736 830 Dominus
1769 768 1983 831 liberet
2015 769 2150 831 illos

499 861 571 922 ab
603 859 766 921 omni
799 859 954 938 turpi
983 877 1052 920 ac
1084 875 1259 939 prava
1286 876 1375 932 re,
1408 866 1466 920 et
1504 857 1797 920 concedat
1838 858 1957 920 illis
1987 858 2149 920 inte-

501 967 672 1029 grum
716 957 775 1012 et
802 950 1155 1011 honoratum
1219 947 1678 1029 presbyterium.
1714 947 1833 1010 Pro
1873 950 2150 1010 universo

502 1036 716 1102 Christi
774 1039 1051 1101 diaconio
1098 1057 1165 1100 ac
1225 1038 1556 1100 ministerio
1615 1055 1875 1110 oremus,
1912 1045 1978 1101 ut
2026 1037 2151 1100 Do-

505 1128 701 1189 minus
731 1127 1092 1207 inculpatam
1121 1127 1269 1209 ipsis
1301 1127 1585 1205 largiatur
1619 1127 2142 1191 ministrationem.

504 1220 619 1279 Pro
693 1218 1037 1292 lectoribus,
1117 1218 1482 1292 cantoribus,
1543 1213 1895 1299 virginibus,
1956 1217 2150 1281 viduis

505 1317 564 1368 et
588 1306 826 1387 pupillis
852 1325 1130 1371 oremus:
1167 1327 1272 1387 pro
1304 1308 1375 1368 iis
1423 1311 1522 1387 qui
1569 1309 1627 1367 in
1683 1307 2063 1370 matrimonio
2090 1315 2148 1369 et

505 1395 828 1458 liberorum
866 1401 1276 1476 procreatione
1309 1397 1528 1476 vivunt,
1560 1415 1822 1470 oremus,
1857 1405 1920 1458 ut
1952 1397 2156 1459 Domi-

2229 503 2360 559 κιῶν
2405 503 2563 559 αἱ)τοῦ
2605 500 2878 580 δεηθῶμεν
2913 519 2928 534 ⁸
3006 505 3139 576 ὑπὲρ
3223 512 3316 562 to")
3366 505 3654 564 ἐπισκόπου
3705 510 3843 584 ἦμόν

2233 587 2443 649 Εὖοδίου
2505 591 2635 670 (26)
2705 595 2794 649 καὶ
2852 599 2959 650 τῶν
3011 599 3305 668 παροικιῶν
3358 595 3518 652 αὑτοῦ
3566 593 3842 672 δεηθῶμεν·

2231 680 2376 743 ὅπως
2408 683 2436 736 6
2467 682 2749 757 οἰκτίρμων
2794 684 2924 744 Θεὸς
2972 684 3262 760 χαρίσηται
3307 685 3492 747 αὖτοὺς
3541 697 3661 749 τατς
3690 687 3847 764 ἁγίαις

2234 769 2394 827 αὖτοῦ
2481 770 2823 839 Ἐκκλησίαις
2914 772 3108 852 σώους,
3196 773 3461 850 ἐντίμως,
3549 797 3847 853 μακροημε-

2234 861 2476 936 ρεύοντας
2511 874 2526 890 ⁸
2584 862 2672 917 καὶ
2727 864 2902 935 τίμιον
2947 865 3132 925 αὐτοῖς
3184 865 3245 920 τὸ
3308 868 3475 941 γῆρας
3523 865 3846 944 παράσχηται

2235 948 2289 1005 ἐν
2322 949 2556 1022 εὐσεϐείᾳ
2614 952 2702 1007 καὶ
2760 950 3066 1027 δικαιοσύνῃ
3105 969 3120 986 ⁸
3181 953 3268 1010 καὶ
3313 954 3443 1029 ὑπὲρ
3501 959 3606 1010 τῶν
3641 952 3847 1032 πρεσϐυ-

2235 1037 2397 1116 τέρων
2439 1041 2594 1112 ἡμῶν
2637 1039 2908 1115 δεηθῶμεν
2937 1056 2952 1070 ⁶
2987 1040 3134 1105 ὅπως
3177 1045 3207 1098 6
3260 1043 3446 1120 Κύριος
3504 1043 3719 1120 ρύσηται
3759 1043 3845 1099 αὖ·

2233 1128 2352 1191 τοὺς
2399 1130 2503 1184 ἀπὸ
2547 1130 2742 1192 παντὸς
2797 1130 2997 1186 ᾰτόπου
3079 1131 3166 1186 καὶ
3230 1138 3465 1209 πονηροῦ
3523 1131 3841 1210 πράγματος,

2236 1219 2322 1274 καὶ
2378 1224 2516 1291 σῶον
2573 1220 2655 1274 καὶ
2714 1217 2923 1293 ἔντιμον
2969 1221 3031 1276 τὸ
3087 1215 3456 1297 πρεσϐυτέρων
3516 1221 3698 1284 αὐτοῖς
3751 1243 3845 1276 πα-

2235 1307 2450 1387 ράσχοι.
2502 1297 2660 1385 ’Υπὲρ
2708 1309 2886 1374 πάσης
2934 1314 3032 1375 τῆς
3093 1309 3147 1365 ἐν
3207 1315 3416 1386 Χριστιῖ)
3460 1305 3728 1368 διακονίας
3771 1311 3848 1365 καί

2235 1397 2524 1474 ὑπηρεσίας
2555 1394 2826 1472 δεηθῶμεν
2859 1412 2874 1427 ·
2935 1396 3082 1463 ὅπως
3135 1399 3162 1454 6
3197 1399 3381 1475 Κύριος
3437 1397 3717 1473 ἄμεμπτον
3768 1399 3851 1464 τὴν

508 1504 618 1546 nus
645 1486 998 1548 misereatur
1029 1507 1234 1549 eorum
1290 1487 1580 1549 omnium.
1627 1489 1743 1549 Pro
1768 1487 2062 1548 eunuchis
2093 1487 2148 1548 in

2236 1483 2499 1543 διακονίαν
2571 1490 2753 1550 αὐτοῖς
2831 1487 3206 1566 παράσχηται,
3276 1480 3436 1566 Τπὲρ
3500 1488 3849 1566 ἆναγνωστῶν,

505 1577 815 1639 sanctitate
843 1577 1288 1639 ambulantibus
1328 1595 1594 1640 oremus.
1630 1575 1742 1638 Pro
1771 1576 1843 1638 iis
1874 1577 1974 1657 qui
2003 1595 2148 1638 con-

2237 1574 2479 1648 ψαλτῶν,
2510 1575 2804 1652 παρθένων,
2837 1577 3027 1656 χηρῶν
3059 1598 3116 1633 τε
3146 1578 3236 1632 καὶ
3262 1578 3508 1657 όργανῶν
3553 1574 3811 1650 δεηθύμεν
3837 1590 3850 1604 ⁶

508 1666 795 1727 tinentem
831 1675 888 1728 et
915 1667 1254 1744 religiosam
1281 1675 1460 1742 agunt
1497 1666 1697 1744 vitam,
1736 1683 1998 1726 oremus.
2037 1664 2148 1727 Pro

2236 1667 2365 1741 ὑπὲρ
2421 1671 2524 1721 τῶν
2585 1666 2640 1721 ἐν
2690 1666 2951 1742 συζυγίαις
2996 1669 3085 1722 καὶ
3143 1666 3499 1744 τεκνογονίαις
3551 1664 3808 1739 δεηθῶμεν
3833 1681 3848 1701 ⁸

507 1755 577 1816 iis
609 1754 706 1836 qui
738 1756 803 1819 in
842 1765 1048 1818 sancta
1099 1756 1370 1819 Ecclesia
1428 1755 1759 1817 oblationes
1808 1754 2050 1830 faciunt,
2083 1773 2152 1816 ac

507 1845 914 1926 eleemosynas
940 1845 1298 1926 pauperibus
1331 1845 1503 1919 dant,
1540 1861 1820 1906 oremus:
1856 1851 1910 1904 et
1945 1860 2050 1922 pro
2079 1843 2153 1904 iis

509 1935 602 2015 qui
638 1935 893 1998 Domino
926 1935 1048 1996 Deo
1077 1943 1278 1996 nostro
1314 1935 1534 1996 hostias
1587 1939 1647 1995 et
1679 1933 1968 2012 primitias
1999 1933 2148 1994 οσο-

510 2032 666 2097 runt,
696 2042 959 2104 oremus,
994 2035 1056 2086 ut
1086 2025 1244 2087 Deus
1294 2025 1553 2105 Optimus
1599 2029 2020 2086 remuneretur
2049 2041 2152 2085 eos

507 2113 848 2176 cmlestibus
878 2114 1003 2176 suis
1035 2115 1259 2193 gratiis,
1290 2114 1508 2194 detque
1539 2112 1609 2172 iis
1638 2113 1693 2172 in
1717 2115 1994 2192 praesenti
2018 2132 2153 2175 cen-

513 2203 767 2282 tuplum,
795 2213 854 2265 et
885 2204 945 2264 in
985 2205 1181 2265 futuro
1213 2206 1389 2266 vitam
1416 2211 1698 2264 aeternam
1726 2211 1940 2282 ;atque
1971 2205 2151 2266 donet

511 2293 653 2372 ipsis
687 2311 791 2372 pro
835 2294 1211 2371 temporariis
1261 2303 1503 2360 aeterna.
1540 2310 1646 2371 pro
1680 2293 1938 2354 terrenis
1968 2293 2148 2353 coele-

512 2383 620 2442 stia
639 2383 982 2445 77.0remus
1016 2401 1119 2462 pro
1145 2401 1358 2446 recens
1387 2382 1699 2464 baptizatis
1722 2381 2000 2443 fratribus
2032 2401 2143 2442 no-

508 2471 740 2551 stris,ut
762 2471 1047 2533 Dominus
1069 2491 1172 2534 eos
1193 2472 1450 2534 stabiliat
1472 2493 1539 2533 ac
1563 2472 1783 2534 ﬁrmet.
1813 2474 1922 2533 Pro
1946 2471 2142 2531 fratri-

513 2559 624 2622 bus
649 2561 867 2624 nostris
895 2562 1045 2622 mala
1067 2563 1410 2624 valetudine
1433 2562 1671 2626 afﬂictis
1692 2561 2146 2635 oremus;utDo—

512 2650 710 2712 minus
737 2651 949 2714 liberet
977 2652 1109 2714 illos
1132 2653 1294 2714 omni
1321 2651 1529 2714 morbo
1563 2661 1618 2713 et
1647 2652 1809 2712 omni
1837 2651 2144 2731 languore,

512 2759 808 2822 sanosque
834 2743 1102 2804 restituat
1125 2754 1342 2806 sanctae
1363 2761 1484 2804 suae
1510 2741 1812 2805 Ecclesiae.
1836 2739 1950 2802 Pro
1981 2740 2149 2801 navi-

510 2830 784 2908 gantibus
816 2849 883 2893 ac
909 2830 1025 2894 iter
1051 2831 1407 2894 habentibus
1438 2849 1703 2895 oremus.
1735 2830 1849 2892 Pro
1879 2830 1952 2891 iis
1973 2830 2147 2912 quiin

2234 1757 2378 1817 ὅπως
2435 1758 2462 1812 6
2525 1756 2707 1833 Κύριος
2762 1759 2881 1820 τοὺς
2935 1756 3136 1819 πάντας
3195 1757 3382 1818 αὐτοὺς
3427 1755 3655 1834 ἐλεήσῃ.
3718 1748 3856 1823 ’Υπὲρ

2235 1846 2502 1924 εὖνούχων
2548 1845 2705 1908 ὁσίως
2760 1844 3134 1921 πορευομένων
3192 1844 3490 1920 δεηθῶμεν.
3562 1837 3720 1922 ’Υπὲρ
3770 1851 3857 1900 uini

2234 1933 2287 1989 ὲν
2369 1932 2667 2010 ἐγκρατείᾳ,
2729 1934 2815 1988 καὶ
2875 1931 3117 2006 εὐλαϐείᾳ
3187 1931 3484 2008 δεηθωμεν,
3567 1924 3724 2010 ’Υπὲρ
3770 1938 3856 1988 τῶν

2234 2023 2704 2100 καρποφορούντων
2752 2023 2807 2078 ἐν
2865 2030 2934 2099 τῇ
2987 2023 3110 2100 ἁγίᾳ
3159 2021 3477 2102 Ἐκκλησίᾳ,
3522 2024 3611 2079 καὶ
3658 2023 3855 2080 1:01.06»-

2235 2135 2341 2167 των
2402 2126 2518 2172 τοῖς
2577 2111 2767 2179 πένησι
2837 2112 2926 2177 τὰς
2983 2110 3344 2187 ἐλεημοσύνας
3398 2109 3674 2187 δεηθῶμεν
3708 2130 3720 2143 '
3774 2114 3851 2167 καὶ

2233 2202 2362 2280 ὑπὲρ
2392 2204 2497 2257 τῶν
2537 2203 2631 2266 τὰς
2674 2201 2851 2264 Θυσίας
2905 2203 2991 2258 καὶ
3033 2203 3126 2266 τὰς
3169 2201 3420 2282 ἀπαρχὰς
3464 2201 3846 2281 προσφερόντων

2238 2294 2406 2369 Κυρίῳ
2461 2295 2538 2364 τῷ
2597 2295 2712 2363 Θεῷ
2765 2293 2919 2364 ἡμῶν
2981 2288 3253 2356 δεηθῶμεν
3287 2305 3302 2320 °
3363 2290 3512 2354 ὅπως
3571 2291 3848 2369 πανάγαθος

2235 2382 2364 2446 Θεὸς
2393 2380 2688 2456 ἀμείψηται
2746 2381 2930 2446 αὐτοὺς
2985 2393 3110 2444 ταῖς
3173 2380 3504 2456 ἑπουρανίαις
3550 2381 3706 2437 αὒτοῦ
3755 2379 3848 2435 δω-

2231 2483 2404 2548 ρεαῖς,
2465 2472 2553 2526 καὶ
2600 2469 2674 2543 δῷ
2730 2473 2917 2532 αὐτοῖς
2975 2471 3028 2527 ἐν
3072 2474 3149 2543 τῷ
3194 2471 3415 2548 παρόντι
3477 2467 3850 2526 ἑκατονταπλα-

2232 2561 2398 2636 σίοναἱ
2432 2562 2520 2615 καὶ
2564 2560 2618 2616 ἐι
2665 2565 2742 2632 τῷ
2793 2558 3040 2635 μέλλοντι
3073 2561 3218 2631 ζωὴν
3247 2559 3486 2635 αἰώνιον,
3519 2562 3607 2616 καὶ
3636 2559 3851 2639 χαρίση-

2233 2672 2317 2704 ται
2391 2652 2570 2712 αὒτοϊς
2623 2650 2736 2706 ἀντὶ
2793 2649 2898 2706 τῶν
2969 2649 3302 2728 προσκαίρων
3357 2649 3424 2706 τὰ
3483 2649 3696 2722 αἰώνια,
3749 2648 3847 2706 ἀντὶ

2232 2745 2337 2794 τῶν
2382 2737 2628 2816 ἐπιγείων
2683 2740 2748 2795 τὰ
2807 2739 3112 2816 ἐπουράνια.
3149 2730 3309 2810 ιι’·ιεὲρ
3346 2744 3457 2795 τῶν
3506 2739 3849 2819 νεοφωτίστων

2233 2826 2472 2907 ἀδελφῶν
2525 2830 2680 2904 ἡμῶν
2738 2826 3009 2902 δεηθῶμεν
3045 2846 3061 2860 ⁸
3136 2827 3284 2892 ὅπως
3339 2830 3366 2883 6
3415 2828 3607 2906 Κύριος
3655 2826 3851 2906 στηρίξῃ

513 2919 786 2996 metallis,
814 2921 1062 3003 exsiliis,
1084 2921 1370 2984 custodiis
1400 2930 1460 2984 et
1481 2921 1756 2999 vinculis,
1785 2908 2024 3000 propter
2045 2939 2148 2980 no—

2236 2921 2420 2982 αὺτοὺς
2505 2919 2591 2974 καὶ
2664 2916 2962 2994 βεϐαιώσῃ.
3043 2908 3203 2996 ’Υπὲρ
3290 2923 3398 2974 τῶν
3481 2917 3538 2974 ἐν
3621 2916 3852 2995 ἆρῥωστίᾳ

515 3026 652 3072 men
687 3009 948 3092 Domini,
981 2990 1314 3093 versantur,
1345 3030 1609 3073 oremus.
1641 2990 1755 3071 Pro
1783 2990 1996 3071 acerba
2026 3027 2148 3070 ser-

2236 3007 2616 3084 ἱξεταζομὲνων
2662 2990 3088 3087 άδελφῶννήμῶν
3147 2990 3420 3082 δεηοῶμεν
3457 3025 3472 3040 ·
3528 2990 3726 3070 ὅπως-ὁ
3757 3007 3853 3065 K6-

510 3100 694 3162 vitute
723 3105 1025 3182 Oppressis
1058 3121 1319 3166 oremus.
1355 3099 1463 3163 Pro
1495 3100 1752 3163 inimicis
1783 3107 1841 3159 et
1870 3099 2007 3160 odio
2039 3100 2147 3161 ha-

511 3189 787 3252 bentibus
821 3210 950 3271 nos,
981 3211 1264 3254 oremus:
1331 3211 1434 3272 pro
1493 3188 1992 3272 persequentibus
2044 3207 2150 3249 nos

514 3289 754 3361 propter
776 3299 993 3343 nomen
1015 3283 1272 3362 Domini,
1296 3300 1536 3344 oremus
1575 3289 1666 3341 :ut
1691 3278 1998 3354 Dominus,
2031 3277 2144 3338 mi-

514 3370 687 3448 tigan
720 3389 926 3433 eorum
981 3371 1203 3443 furore,
1240 3373 1506 3453 dissipet
1530 3373 1676 3432 iram
1721 3369 2007 3431 adversus
2039 3387 2147 3430 nos

510 3462 887 3524 concitatam.
913 3460 1024 3523 Pro
1057 3461 1131 3523 iis
1161 3461 1261 3542 qui
1312 3461 1455 3522 foris
1485 3469 1643 3534 sunt,
1680 3478 1749 3521 ac
1796 3475 2002 3520 errore
2031 3458 2148 3518 du-

513 3558 999 3626 cuntur,oremus
1025 3573 1041 3623 ;
1069 3557 1131 3612 ut
1150 3551 1440 3615 Dominus
1462 3549 1594 3611 illos
1615 3546 2150 3611 convertat.lnfan-

515 3638 656 3699 tium
707 3639 991 3702 Ecclesiae
1035 3642 1463 3710 recordemur;
1496 3641 1579 3701 uti
1611 3637 1920 3709 Dominus,
1955 3654 2057 3698 eos
2087 3637 2149 3699 in

515 3727 727 3789 timore
751 3746 858 3790 suo
882 3729 1091 3792 reddat
1110 3731 1424 3811 perfectos,
1445 3737 1502 3791 et
1530 3727 1600 3790 ad
1637 3744 1974 3788 mensuram
2006 3735 2148 3788 aeta-

2235 3120 2344 3176 ριος
2385 3099 2604 3175 ῥύσηται
2640 3099 2826 3163 αὺτοὺς
2877 3099 3055 3166 πάσης
3103 3100 3258 3156 νόσου
3315 3099 3405 3154 καὶ
3447 3098 3629 3164 πάσης
3687 3095 3848 3171 μαλα-

2231 3188 2372 3262 κίας,
2430 3190 2516 3244 καὶ
2571 3190 2740 3251 σώους
2799 3188 3218 3262 ἀποκαταστήσῃ
3259 3193 3326 3263 τῇ
3381 3188 3510 3264 ἁγίᾳ
3553 3186 3706 3243 αὐτοῦ
3737 3183 3848 3242 Ἐκ·-

2232 3276 2446 3350 κλησίᾳ.
2513 3270 2673 3356 ἰ’πέρ
2733 3276 3003 3335 πλεόντων
3048 3278 3136 3334 καὶ
3194 3275 3612 3353 ὁδοιπορούντων
3666 3273 3846 3341 δεηθῶ-

2231 3389 2325 3442 μεν
2364 3387 2378 3402 ⁸
2426 3369 2556 3446 ὑπὲρ
2588 3373 2694 3424 τῶν
2737 3367 2792 3423 ἐν
2851 3365 3136 3442 μετάλλοις
3197 3367 3282 3422 καὶ
3323 3365 3549 3444 ἐξορίαις
3581 3367 3667 3422 καὶ
3695 3363 3848 3444 φυλα-

2230 3470 2357 3523 καῖς
2409 3460 2495 3514 καὶ
2533 3455 2751 3533 δεσμοῖς
2794 3455 2963 3513 ὄντων
3012 3456 3096 3514 διὰ
3165 3458 3225 3512 τὸ
3283 3453 3456 3531 ὄνομα
3513 3462 3604 3511 τοῦ
3662 3453 3844 3530 Κυρίω,

2232 3546 2506 3623 δεηθῶμεν
2541 3562 2556 3576 ⁸
2609 3547 2739 3625 ὑπὲρ
2796 3553 2904 3602 τῶν
2955 3545 3008 3602 ἐν
3067 3551 3230 3623 πιγρᾷ
3281 3543 3492 3618 δουλείᾳ
3535 3561 3848 3601 καταπονου-

2235 3637 2407 3712 μένων
2458 3635 2728 3710 δεηθῶμεν
2762 3655 2777 3672 ⁸
2822 3636 2951 3716 ὑπὲρ
3007 3635 3212 3716 ἐχθρῶν
3257 3635 3342 3690 καὶ
3387 3634 3685 3708 μισούντων
3723 3632 3848 3704 ἡμᾶς

2234 3725 2504 3802 ὀεηθῶμεν
2530 3742 2546 3758 ⁸
2609 3728 2740 3803 ὑπὲρ
2782 3733 2888 3783 τῶν
2933 3724 3233 3781 διωκόντων
3277 3726 3421 3798 ἡμᾶς
3473 3721 3561 3780 διὰ
3601 3723 3662 3778 τὸ
3702 3721 3848 3794 ὄνομα

516 3820 587 3878 tis
621 3817 926 3897 perducat.
963 3819 1074 3880 Pro
1105 3808 1278 3881 nobis
1309 3808 1562 3880 invicem
1590 3834 1853 3892 oremus;
1869 3824 1930 3876 ut
1952 3815 2148 3878 Domi-

2236 3824 2326 3872 τοῡ
2358 3817 2566 3895 Κυρίου,
2621 3814 2892 3890 δεηθῶμεν
2927 3830 2940 3846 ·
2985 3814 3127 3878 ὅπως
3177 3816 3204 3869 6
3263 3814 3451 3891 Κύριος
3499 3816 3727 3892 πραΰνας

517 3895 636 3967 ηιιέ
664 3907 850 3986 gratia
881 3926 987 3970 sua
1016 3917 1211 3972 servet
1243 3927 1348 3972 nos
1400 3927 1467 3970 ac
1524 3905 1816 3970 custodiat
1865 3922 2052 3986 usque
2080 3905 2148 3967 ad

2236 3908 2396 3980 θυμὸν
2438 3906 2608 3962 αὐτῶν
2639 3902 2956 3981 διασκεδάσῃ
2987 3905 3086 3970 τὴν
3116 3902 3232 3960 καθ’
3271 3903 3429 3978 ἡμῶν
3471 3900 3635 3982 ὀργήν
3690 3895 3802 3979 (27)
3832 3915 3847 3930 ⁹

514 3995 718 4072 tinem,
756 4006 815 4059 et
846 3997 1060 4060 liberet
1088 4018 1194 4060 nos
1225 4018 1259 4060 a
1284 3998 1463 4070 malo,
1490 4006 1547 4058 et
1575 3996 1648 4058 ab
1680 3993 1957 4056 omnibus
1985 4013 2148 4057 scan-

2236 3996 2361 4073 ὑπὲρ
2409 4002 2515 4051 τῶν
2568 3993 2669 4060 ἔξω
2725 3995 2888 4051 ὄντων
2949 3995 3035 4050 καὶ
3079 3990 3509 4068 πεπλανημένων
3551 3990 3807 4064 δεηοῶμεν
3834 3997 3848 4014 ⁸

511 4085 664 4147 dalis
687 4088 1061 4166 operantium
1099 4088 1465 4169 iniquitatem
1490 4085 1641 4162 73,et
1669 4084 1861 4146 salvos
1899 4101 2004 4143 nos
2036 4085 2148 4146 du-

2236 4086 2380 4148 ὅπως
2425 4088 2453 4142 6
2515 4085 2699 4163 Κύριος
2763 4084 2950 4147 αὖτοὺς
3010 4082 3326 4160 ἐπιστρέψῃ.
3364 4087 3483 4139 Τῶν
3531 4081 3728 4147 νηπίων
3774 4076 3854 4143 τῆς

515 4183 609 4236 cat
639 4176 697 4237 in
731 4195 979 4256 regnum
1015 4195 1184 4238 suum
1245 4177 1507 4239 caeleste.
1568 4175 1680 4237 Pro
1737 4172 1903 4235 omni
1956 4173 2148 4235 anima

2237 4174 2557 4241 Ἐκκλησίας
2635 4174 3090 4249 μνημονεύσωμεν
3126 4191 3144 4208 °
3215 4171 3360 4236 ὅπως
3432 4173 3462 4228 6
3547 4170 3724 4248 Κύριος
3779 4186 3858 4222 τεο

512 4265 847 4329 Christiana
881 4284 1142 4329 oremus.
1181 4266 1350 4332 Salva
1380 4274 1437 4328 et
1470 4266 1631 4343 erige
1663 4282 1794 4336 nos,
1833 4264 2007 4334 Deus,
2039 4263 2148 4324 mi-

2238 4265 2464 4326 λειώσας
2516 4264 2646 4319 αὑτὰ
2707 4263 2759 4318 ἐν
2813 4271 2889 4336 τῷ
2936 4261 3083 4341 φόϐῳ
3114 4262 3292 4335 αὑτοῦ,
3327 4261 3402 4324 είς
3432 4259 3622 4336 μέτρον
3665 4256 3853 4326 ἡλικίας

2245 4355 2334 4367 ..
2523 4353 2608 4367 ..
2717 4350 2870 4367 ,μη
3028 4350 3184 4367 ..μ
3409 4346 3434 4367 ν

515 4355 842 4417 sericordia
873 4365 992 4418 tua.
1041 4355 1386 4437 Surgamus.
1450 4353 1702 4418 Orantes
1759 4354 2008 4425 intente,
2046 4372 2148 4416 nos

2236 4355 2412 4431 ἀγάγῃ
2449 4369 2460 4382 ⁸
2519 4353 2648 4432 ὑπὲρ
2708 4350 2960 4421 sui,me
3023 4350 3295 4419 δεηθῶμεν
3325 4368 3340 4384 ’
3400 4346 3549 4412 ὅπως
3609 4350 3636 4405 6
3688 4346 3854 4437 Κύριος

512 4443 676 4525 ipsos
737 4455 916 4527 atque
977 4433 1202 4527 mutuo,
1236 4445 1450 4506 viventi
1509 4447 1656 4525 Deo,
1691 4463 1798 4525 per
1851 4440 2148 4507 Christum

2236 4445 2446 4517 τηρήσῃ
2483 4439 2605 4522 (28)
2636 4445 2776 4516 ἡμᾶς
2829 4443 2912 4497 καὶ
2970 4439 3170 4519 φυλάξῃ
3229 4442 3296 4516 τῇ
3347 4441 3508 4495 αὐτοῦ
3551 4437 3728 4527 χάριτι
3781 4433 3844 4493 είς

513 4535 642 4613 ejus
673 4526 1194 4600 commendemus.
1221 4536 1508 4598 Precetur
1551 4543 1747 4596 autem
1784 4536 2065 4617 pontifex,
2095 4542 2148 4599 cl

2236 4534 2413 4607 τέλος,
2469 4534 2555 4589 καὶ
2611 4533 2829 4610 ῥύσηται
2883 4533 3024 4604 ἡμᾶς
3079 4538 3172 4587 τοῦ
3220 4535 3455 4607 πονηροῦ
3515 4529 3603 4584 καὶ
3659 4526 3849 4582 πάντων

515 4624 708 4687 dicat:
2051 4615 2058 4617 ὴ
2232 4631 2340 4681 τῶν
2397 4621 2702 4679 σκανδάλων
2760 4621 2863 4676 τῶν
2922 4619 3286 4698 ἐργαζομένων
3335 4619 3436 4684 τὴν
3479 4615 3716 4690 ἀνομίαν,
3771 4616 3846 4669 καὶ

514 4716 663 4790 σώσῃ
693 4717 765 4778 εἰς
796 4718 894 4783 τὴν
922 4716 1191 4792 βασιλείαν
1226 4717 1379 4772 αὒτοῦ
1411 4716 1506 4782 τὴν
1535 4715 1863 4789 ἐπουράνιον.
1899 4715 2060 4794 ’Υπὲρ
2091 4719 2266 4783 πάσης
2299 4717 2483 4792 ψυχῆς
2537 4710 2860 4792 χριστιανῆς
2910 4707 3205 4782 δεηθῶμεν,
3251 4707 3433 4764 Σῶσον
3463 4707 3551 4794 διαὶ
3581 4707 3850 4770 ἀνάστησον

514 4806 655 4878 ἡμᾶς
712 4808 739 4860 6
793 4808 922 4869 Θεὸς
953 4815 1027 4880 τῲ
1059 4805 1192 4861 ἐλέει
1228 4828 1342 4865 σου.
1390 4805 1768 4882 Ἐγειρωμεθα,
1809 4792 2094 4872 Δεηοέντ-ες
2127 4804 2350 4866 ἐκτενῶς
2379 4803 2592 4864 ἑαυτοὺς
2623 4803 2712 4856 καὶ
2748 4798 3012 4869 ἀλλήλους
3041 4797 3118 4854 τῶ
3146 4797 3302 4869 ζῶντι
3332 4802 3448 4869 Θεῷ
3475 4792 3561 4852 διὰ
3588 4802 3676 4852 τοῦ
3705 4800 3849 4871 Χρισ-

512 4901 602 4950 τοῦ
631 4894 788 4952 αὒτοῦ
817 4896 1192 4972 παραθώμεθα.
1228 4894 1572 4973 Ἐπευχέσθω
1602 4893 1655 4949 δὲ
1687 4891 1805 4972 (29)
1843 4898 1868 4950 6
1896 4897 2198 4976 ἀρχιερεὺς,

1130 4989 1378 5051 CAPUT
1424 4986 1526 5049 XI.

942 5077 1254 5141 [avocatio
1284 5094 1394 5158 pro
1421 5078 1723 5157 ﬁdelibus.

601 5167 852 5230 Domine
882 5167 1283 5250 omnipotens,
1312 5166 1663 5241 celsissime,
1693 5166 1794 5248 qui
1817 5166 1877 5228 in
1897 5166 2030 5227 altis
2058 5166 2156 5228 ha-

597 5329 658 5379 77
690 5327 899 5392 Matth.
932 5345 1053 5402 xxx,
1088 5328 1190 5390 29.
1231 5315 1244 5340 ³
1278 5328 1341 5378 ⁷8
1371 5327 1527 5391 Psal.
1563 5343 1698 5394 CXL.
1747 5326 1807 5388 9.

2233 4895 2322 4951 καὶ
2353 4891 2578 4969 λεγέτω·

2779 4988 3166 5042 ΚΕΦΑΛΑΙΟΝ
3227 4979 3338 5042 IA'.

2707 5070 3024 5138 Ἐπίχλησις
3054 5076 3158 5128 τῶν
3189 5075 3418 5130 πιστῶν.

2320 5165 2479 5243 Κύριε
2539 5167 2924 5239 παντόκρατορ,
2982 5160 3191 5236 ὕψιστα,
3262 5162 3290 5216 6
3333 5159 3386 5215 ἐν
3445 5159 3675 5234 ὑψηλοῖς
3727 5171 3848 5209 διατ-

1860 5450 2262 5518 VARIORUM
2309 5448 2558 5516 NOTE.

597 5604 716 5682 (96)
755 5606 985 5668 Εὖοδίου.
1021 5600 1341 5682 “sd/ind.
1374 5601 1669 5682 ’ἑννιανοῶ
1704 5599 1892 5661 CLER.

602 5673 726 5764 (ετ)
761 5683 976 5763 Ὀργήν.
1002 5681 1186 5746 Addit
1214 5683 1348 5745 cod.
1383 5680 1562 5743 Vind.
1595 5679 1887 5752 δεηθῶμεν.
1925 5673 2014 5736 lo.

2488 5591 2739 5670 Τηρήσῃ.
2777 5589 3116 5670 Διατηρήσςῃ.
3145 5581 3290 5670 Cod.
3326 5583 3505 5670 Vind.
3550 5581 3632 5644 In.

2330 5590 2428 5670 (28
2488 5591 2739 5666 Τηρήσῃ.
2777 5590 3116 5666 Διατηρήσῃ.
3145 5590 3290 5645 God.
3326 5590 3474 5648 Vind

2322 5590 2458 5752 (τοί
2492 5669 2581 5731 Δί.
2615 5673 2720 5728 Οὗν
2746 5669 2881 5732 cod.
2909 5666 3088 5730 Vind.
3123 5665 3366 5728 rectius.
3393 5667 3474 5726 In.
