  <div class='ocr_page' id='page_1' title='image "/cluster/home/n/w/nwhite01/storage/ocr_20150623/1/hvd.32044054121090/589.png"; bbox 0 0 4054 6214; ppageno 0'>
   <div class='ocr_carea' id='block_1_1' title="bbox 411 240 566 306">
    <p class='ocr_par' dir='ltr' id='par_1_1' title="bbox 411 240 566 306">
     <span class='ocr_line' id='line_1_1' title="bbox 411 240 566 306; baseline -0.013 0"><span class='ocrx_word' id='word_1_1' title='bbox 411 240 566 306; x_wconf 75' lang='lat' dir='ltr'><strong>M39</strong></span> 
     </span>
    </p>
   </div>
   <div class='ocr_carea' id='block_1_2' title="bbox 931 374 1508 441">
    <p class='ocr_par' dir='ltr' id='par_1_2' title="bbox 931 374 1508 441">
     <span class='ocr_line' id='line_1_2' title="bbox 931 374 1508 441; baseline -0.002 -2"><span class='ocrx_word' id='word_1_2' title='bbox 931 374 1177 440; x_wconf 81' lang='lat' dir='ltr'><strong>CAPUT</strong></span> <span class='ocrx_word' id='word_1_3' title='bbox 1221 375 1508 441; x_wconf 82' lang='lat' dir='ltr'><strong>XXXVII.</strong></span> 
     </span>
    </p>
   </div>
   <div class='ocr_carea' id='block_1_3' title="bbox 771 470 1692 535">
    <p class='ocr_par' dir='ltr' id='par_1_3' title="bbox 771 470 1692 535">
     <span class='ocr_line' id='line_1_3' title="bbox 771 470 1692 535; baseline 0 -1"><span class='ocrx_word' id='word_1_4' title='bbox 771 470 1128 534; x_wconf 74' lang='lat' dir='ltr'><strong>Gratiarum</strong></span> <span class='ocrx_word' id='word_1_5' title='bbox 1157 473 1315 534; x_wconf 80' lang='lat' dir='ltr'><strong>actio</strong></span> <span class='ocrx_word' id='word_1_6' title='bbox 1336 473 1692 535; x_wconf 72' lang='lat' dir='ltr'><strong>luccrnalis.</strong></span> 
     </span>
    </p>
   </div>
   <div class='ocr_carea' id='block_1_4' title="bbox 495 566 2050 650">
    <p class='ocr_par' dir='ltr' id='par_1_4' title="bbox 495 566 2050 650">
     <span class='ocr_line' id='line_1_4' title="bbox 495 566 2050 650; baseline 0.001 -21"><span class='ocrx_word' id='word_1_7' title='bbox 495 567 673 641; x_wconf 86' lang='lat' dir='ltr'><strong>Deus,</strong></span> <span class='ocrx_word' id='word_1_8' title='bbox 709 566 983 648; x_wconf 80' lang='lat' dir='ltr'><strong>principii</strong></span> <span class='ocrx_word' id='word_1_9' title='bbox 1017 585 1230 648; x_wconf 84' lang='lat' dir='ltr'><strong>expers</strong></span> <span class='ocrx_word' id='word_1_10' title='bbox 1263 587 1331 630; x_wconf 89' lang='lat' dir='ltr'><strong>ac</strong></span> <span class='ocrx_word' id='word_1_11' title='bbox 1364 569 1483 630; x_wconf 83' lang='lat' dir='ltr'><strong>ﬁne</strong></span> <span class='ocrx_word' id='word_1_12' title='bbox 1518 588 1753 650; x_wconf 84' lang='lat' dir='ltr'><strong>carens,</strong></span> <span class='ocrx_word' id='word_1_13' title='bbox 1787 571 2050 631; x_wconf 90' lang='lat' dir='ltr'><strong>omnium</strong></span> 
     </span>
    </p>
   </div>
   <div class='ocr_carea' id='block_1_5' title="bbox 415 657 2053 740">
    <p class='ocr_par' dir='ltr' id='par_1_5' title="bbox 415 657 2053 740">
     <span class='ocr_line' id='line_1_5' title="bbox 415 657 2053 740; baseline -0.001 -19"><span class='ocrx_word' id='word_1_14' title='bbox 415 677 522 740; x_wconf 91' lang='lat' dir='ltr'><strong>per</strong></span> <span class='ocrx_word' id='word_1_15' title='bbox 549 657 846 720; x_wconf 79' lang='lat' dir='ltr'><strong>Christum</strong></span> <span class='ocrx_word' id='word_1_16' title='bbox 885 657 1080 736; x_wconf 81' lang='lat' dir='ltr'><strong>opifex</strong></span> <span class='ocrx_word' id='word_1_17' title='bbox 1139 665 1197 719; x_wconf 89' lang='lat' dir='ltr'><strong>et</strong></span> <span class='ocrx_word' id='word_1_18' title='bbox 1252 666 1472 728; x_wconf 89' lang='lat' dir='ltr'><strong>rector,</strong></span> <span class='ocrx_word' id='word_1_19' title='bbox 1507 666 1642 720; x_wconf 89' lang='lat' dir='ltr'><strong>ante</strong></span> <span class='ocrx_word' id='word_1_20' title='bbox 1671 667 1883 720; x_wconf 86' lang='lat' dir='ltr'><strong>cuncta</strong></span> <span class='ocrx_word' id='word_1_21' title='bbox 1915 677 2053 722; x_wconf 88' lang='lat' dir='ltr'><strong>vero</strong></span> 
     </span>
    </p>
   </div>
   <div class='ocr_carea' id='block_1_6' title="bbox 413 747 2049 827">
    <p class='ocr_par' dir='ltr' id='par_1_6' title="bbox 413 747 2049 827">
     <span class='ocr_line' id='line_1_6' title="bbox 413 747 2049 827; baseline -0.001 -18"><span class='ocrx_word' id='word_1_22' title='bbox 413 749 572 809; x_wconf 90' lang='lat' dir='ltr'><strong>illius</strong></span> <span class='ocrx_word' id='word_1_23' title='bbox 593 747 748 808; x_wconf 90' lang='lat' dir='ltr'><strong>Deus</strong></span> <span class='ocrx_word' id='word_1_24' title='bbox 779 765 846 808; x_wconf 87' lang='lat' dir='ltr'><strong>ac</strong></span> <span class='ocrx_word' id='word_1_25' title='bbox 879 749 1076 818; x_wconf 86' lang='lat' dir='ltr'><strong>Pater,</strong></span> <span class='ocrx_word' id='word_1_26' title='bbox 1111 747 1367 827; x_wconf 78' lang='lat' dir='ltr'><strong>Spiritus</strong></span> <span class='ocrx_word' id='word_1_27' title='bbox 1412 747 1721 819; x_wconf 84' lang='lat' dir='ltr'><strong>Dominus,</strong></span> <span class='ocrx_word' id='word_1_28' title='bbox 1754 757 1813 810; x_wconf 90' lang='lat' dir='ltr'><strong>et</strong></span> <span class='ocrx_word' id='word_1_29' title='bbox 1845 767 2049 810; x_wconf 84' lang='lat' dir='ltr'><strong>eorum</strong></span> 
     </span>
    </p>
   </div>
   <div class='ocr_carea' id='block_1_7' title="bbox 413 837 2049 918">
    <p class='ocr_par' dir='ltr' id='par_1_7' title="bbox 413 837 2049 918">
     <span class='ocr_line' id='line_1_7' title="bbox 413 837 2049 918; baseline 0 -20"><span class='ocrx_word' id='word_1_30' title='bbox 413 858 549 915; x_wconf 75' lang='lat' dir='ltr'><strong>quae</strong></span> <span class='ocrx_word' id='word_1_31' title='bbox 569 837 816 916; x_wconf 82' lang='lat' dir='ltr'><strong>intelligi</strong></span> <span class='ocrx_word' id='word_1_32' title='bbox 842 856 907 898; x_wconf 82' lang='lat' dir='ltr'><strong>ac</strong></span> <span class='ocrx_word' id='word_1_33' title='bbox 930 837 1139 899; x_wconf 88' lang='lat' dir='ltr'><strong>sentiri</strong></span> <span class='ocrx_word' id='word_1_34' title='bbox 1167 846 1411 918; x_wconf 89' lang='lat' dir='ltr'><strong>possunt</strong></span> <span class='ocrx_word' id='word_1_35' title='bbox 1428 838 1666 913; x_wconf 76' lang='lat' dir='ltr'><strong>rexzqui</strong></span> <span class='ocrx_word' id='word_1_36' title='bbox 1687 838 2049 900; x_wconf 89' lang='lat' dir='ltr'><strong>fecistidiem</strong></span> 
     </span>
    </p>
   </div>
   <div class='ocr_carea' id='block_1_8' title="bbox 414 926 2055 1008">
    <p class='ocr_par' dir='ltr' id='par_1_8' title="bbox 414 926 2055 1008">
     <span class='ocr_line' id='line_1_8' title="bbox 414 926 2055 1008; baseline -0.001 -19"><span class='ocrx_word' id='word_1_37' title='bbox 414 928 485 990; x_wconf 91' lang='lat' dir='ltr'><strong>ad</strong></span> <span class='ocrx_word' id='word_1_38' title='bbox 518 946 697 1008; x_wconf 83' lang='lat' dir='ltr'><strong>opera</strong></span> <span class='ocrx_word' id='word_1_39' title='bbox 733 926 902 1000; x_wconf 84' lang='lat' dir='ltr'><strong>lucis,</strong></span> <span class='ocrx_word' id='word_1_40' title='bbox 940 934 995 988; x_wconf 88' lang='lat' dir='ltr'><strong>et</strong></span> <span class='ocrx_word' id='word_1_41' title='bbox 1029 937 1260 989; x_wconf 91' lang='lat' dir='ltr'><strong>noctem</strong></span> <span class='ocrx_word' id='word_1_42' title='bbox 1295 929 1366 989; x_wconf 89' lang='lat' dir='ltr'><strong>ad</strong></span> <span class='ocrx_word' id='word_1_43' title='bbox 1399 928 1666 1008; x_wconf 88' lang='lat' dir='ltr'><strong>requiem</strong></span> <span class='ocrx_word' id='word_1_44' title='bbox 1691 927 2055 989; x_wconf 86' lang='lat' dir='ltr'><strong>infirmitatis</strong></span> 
     </span>
    </p>
   </div>
   <div class='ocr_carea' id='block_1_9' title="bbox 414 1015 2052 1096">
    <p class='ocr_par' dir='ltr' id='par_1_9' title="bbox 414 1015 2052 1096">
     <span class='ocr_line' id='line_1_9' title="bbox 414 1015 2052 1096; baseline -0.001 -18"><span class='ocrx_word' id='word_1_45' title='bbox 414 1027 634 1078; x_wconf 61' lang='lat' dir='ltr'><strong>nostra}</strong></span> <span class='ocrx_word' id='word_1_46' title='bbox 667 1035 679 1078; x_wconf 91' lang='lat'>:</span> <span class='ocrx_word' id='word_1_47' title='bbox 721 1041 747 1071; x_wconf 66' lang='grc' dir='ltr'><strong>ιι</strong></span> <span class='ocrx_word' id='word_1_48' title='bbox 783 1015 944 1077; x_wconf 91' lang='lat' dir='ltr'><strong>Tuus</strong></span> <span class='ocrx_word' id='word_1_49' title='bbox 975 1017 1134 1078; x_wconf 89' lang='lat' dir='ltr'><strong>enim</strong></span> <span class='ocrx_word' id='word_1_50' title='bbox 1189 1026 1280 1080; x_wconf 85' lang='lat' dir='ltr'><strong>est</strong></span> <span class='ocrx_word' id='word_1_51' title='bbox 1315 1017 1534 1091; x_wconf 88' lang='lat' dir='ltr'><strong>dies,et</strong></span> <span class='ocrx_word' id='word_1_52' title='bbox 1565 1026 1665 1079; x_wconf 88' lang='lat' dir='ltr'><strong>tua</strong></span> <span class='ocrx_word' id='word_1_53' title='bbox 1697 1026 1786 1077; x_wconf 81' lang='lat' dir='ltr'><strong>est</strong></span> <span class='ocrx_word' id='word_1_54' title='bbox 1818 1035 1955 1096; x_wconf 80' lang='lat' dir='ltr'><strong>nox;</strong></span> <span class='ocrx_word' id='word_1_55' title='bbox 1993 1026 2052 1078; x_wconf 92' lang='lat' dir='ltr'><strong>tu</strong></span> 
     </span>
    </p>
   </div>
   <div class='ocr_carea' id='block_1_10' title="bbox 414 1105 2048 1186">
    <p class='ocr_par' dir='ltr' id='par_1_10' title="bbox 414 1105 2048 1186">
     <span class='ocr_line' id='line_1_10' title="bbox 414 1105 2048 1186; baseline 0 -18"><span class='ocrx_word' id='word_1_56' title='bbox 414 1105 833 1186; x_wconf 85' lang='lat' dir='ltr'><strong>aptastilucem</strong></span> <span class='ocrx_word' id='word_1_57' title='bbox 855 1117 914 1167; x_wconf 87' lang='lat' dir='ltr'><strong>et</strong></span> <span class='ocrx_word' id='word_1_58' title='bbox 946 1105 1131 1168; x_wconf 90' lang='lat' dir='ltr'><strong>solem</strong></span> <span class='ocrx_word' id='word_1_59' title='bbox 1165 1105 1279 1182; x_wconf 74' lang='lat'><strong>85;»</strong></span> <span class='ocrx_word' id='word_1_60' title='bbox 1312 1108 1440 1186; x_wconf 90' lang='lat' dir='ltr'><strong>ipse</strong></span> <span class='ocrx_word' id='word_1_61' title='bbox 1468 1115 1525 1168; x_wconf 90' lang='lat' dir='ltr'><strong>et</strong></span> <span class='ocrx_word' id='word_1_62' title='bbox 1559 1125 1736 1180; x_wconf 90' lang='lat' dir='ltr'><strong>nunc,</strong></span> <span class='ocrx_word' id='word_1_63' title='bbox 1774 1106 2048 1178; x_wconf 90' lang='lat' dir='ltr'><strong>Domine,</strong></span> 
     </span>
    </p>
   </div>
   <div class='ocr_carea' id='block_1_11' title="bbox 414 1196 2056 1277">
    <p class='ocr_par' dir='ltr' id='par_1_11' title="bbox 414 1196 2056 1277">
     <span class='ocr_line' id='line_1_11' title="bbox 414 1196 2056 1277; baseline -0.001 -21"><span class='ocrx_word' id='word_1_64' title='bbox 414 1196 722 1257; x_wconf 84' lang='lat' dir='ltr'><strong>hominum</strong></span> <span class='ocrx_word' id='word_1_65' title='bbox 764 1203 1012 1271; x_wconf 80' lang='lat' dir='ltr'><strong>amator,</strong></span> <span class='ocrx_word' id='word_1_66' title='bbox 1051 1214 1118 1256; x_wconf 87' lang='lat' dir='ltr'><strong>ac</strong></span> <span class='ocrx_word' id='word_1_67' title='bbox 1172 1196 1416 1276; x_wconf 88' lang='lat' dir='ltr'><strong>optime,</strong></span> <span class='ocrx_word' id='word_1_68' title='bbox 1453 1196 1691 1277; x_wconf 86' lang='lat' dir='ltr'><strong>suscipe</strong></span> <span class='ocrx_word' id='word_1_69' title='bbox 1723 1197 2056 1257; x_wconf 88' lang='lat' dir='ltr'><strong>clementer</strong></span> 
     </span>
    </p>
   </div>
   <div class='ocr_carea' id='block_1_12' title="bbox 413 1284 2046 1365">
    <p class='ocr_par' dir='ltr' id='par_1_12' title="bbox 413 1284 2046 1365">
     <span class='ocr_line' id='line_1_12' title="bbox 413 1284 2046 1365; baseline -0.002 -19"><span class='ocrx_word' id='word_1_70' title='bbox 413 1285 566 1346; x_wconf 91' lang='lat' dir='ltr'><strong>hanc</strong></span> <span class='ocrx_word' id='word_1_71' title='bbox 598 1294 856 1345; x_wconf 88' lang='lat' dir='ltr'><strong>nostram</strong></span> <span class='ocrx_word' id='word_1_72' title='bbox 909 1284 1230 1362; x_wconf 76' lang='lat' dir='ltr'><strong>gratiarum</strong></span> <span class='ocrx_word' id='word_1_73' title='bbox 1291 1286 1590 1346; x_wconf 85' lang='lat' dir='ltr'><strong>actionem</strong></span> <span class='ocrx_word' id='word_1_74' title='bbox 1627 1284 2046 1365; x_wconf 77' lang='lat' dir='ltr'><strong>vespertinam.</strong></span> 
     </span>
    </p>
   </div>
   <div class='ocr_carea' id='block_1_13' title="bbox 415 1372 2052 1453">
    <p class='ocr_par' dir='ltr' id='par_1_13' title="bbox 415 1372 2052 1453">
     <span class='ocr_line' id='line_1_13' title="bbox 415 1372 2052 1453; baseline 0.001 -20"><span class='ocrx_word' id='word_1_75' title='bbox 415 1373 528 1447; x_wconf 87' lang='lat' dir='ltr'><strong>Qui</strong></span> <span class='ocrx_word' id='word_1_76' title='bbox 554 1372 862 1434; x_wconf 82' lang='lat' dir='ltr'><strong>traduxisti</strong></span> <span class='ocrx_word' id='word_1_77' title='bbox 883 1392 992 1434; x_wconf 88' lang='lat' dir='ltr'><strong>nos</strong></span> <span class='ocrx_word' id='word_1_78' title='bbox 1015 1390 1121 1453; x_wconf 83' lang='lat' dir='ltr'><strong>per</strong></span> <span class='ocrx_word' id='word_1_79' title='bbox 1141 1373 1258 1434; x_wconf 89' lang='lat' dir='ltr'><strong>diei</strong></span> <span class='ocrx_word' id='word_1_80' title='bbox 1287 1373 1812 1452; x_wconf 78' lang='lat' dir='ltr'><strong>longitudinem,et</strong></span> <span class='ocrx_word' id='word_1_81' title='bbox 1832 1372 2052 1435; x_wconf 83' lang='lat' dir='ltr'><strong>duxisti</strong></span> 
     </span>
    </p>
   </div>
   <div class='ocr_carea' id='block_1_14' title="bbox 414 1462 2052 1542">
    <p class='ocr_par' dir='ltr' id='par_1_14' title="bbox 414 1462 2052 1542">
     <span class='ocr_line' id='line_1_14' title="bbox 414 1462 2052 1542; baseline -0.002 -18"><span class='ocrx_word' id='word_1_82' title='bbox 414 1463 487 1524; x_wconf 85' lang='lat' dir='ltr'><strong>ad</strong></span> <span class='ocrx_word' id='word_1_83' title='bbox 507 1463 695 1524; x_wconf 88' lang='lat' dir='ltr'><strong>noctis</strong></span> <span class='ocrx_word' id='word_1_84' title='bbox 715 1462 878 1524; x_wconf 90' lang='lat' dir='ltr'><strong>initia</strong></span> <span class='ocrx_word' id='word_1_85' title='bbox 908 1483 923 1537; x_wconf 88' lang='lat'><strong>;</strong></span> <span class='ocrx_word' id='word_1_86' title='bbox 948 1462 1176 1524; x_wconf 80' lang='lat' dir='ltr'><strong>custodi</strong></span> <span class='ocrx_word' id='word_1_87' title='bbox 1221 1482 1350 1541; x_wconf 89' lang='lat' dir='ltr'><strong>nos,</strong></span> <span class='ocrx_word' id='word_1_88' title='bbox 1378 1481 1484 1542; x_wconf 85' lang='lat' dir='ltr'><strong>per</strong></span> <span class='ocrx_word' id='word_1_89' title='bbox 1510 1463 1811 1526; x_wconf 88' lang='lat' dir='ltr'><strong>Christum</strong></span> <span class='ocrx_word' id='word_1_90' title='bbox 1848 1471 2009 1522; x_wconf 86' lang='lat' dir='ltr'><strong>tuum</strong></span> <span class='ocrx_word' id='word_1_91' title='bbox 2037 1481 2052 1536; x_wconf 84' lang='lat'><strong>;</strong></span> 
     </span>
    </p>
   </div>
   <div class='ocr_carea' id='block_1_15' title="bbox 415 1551 2052 1633">
    <p class='ocr_par' dir='ltr' id='par_1_15' title="bbox 415 1551 2052 1633">
     <span class='ocr_line' id='line_1_15' title="bbox 415 1551 2052 1633; baseline -0.003 -19"><span class='ocrx_word' id='word_1_92' title='bbox 415 1552 792 1632; x_wconf 84' lang='lat' dir='ltr'><strong>tranquillam</strong></span> <span class='ocrx_word' id='word_1_93' title='bbox 823 1551 1020 1630; x_wconf 61' lang='lat' dir='ltr'><strong>praebe</strong></span> <span class='ocrx_word' id='word_1_94' title='bbox 1045 1562 1443 1633; x_wconf 84' lang='lat' dir='ltr'><strong>vesperam,et</strong></span> <span class='ocrx_word' id='word_1_95' title='bbox 1467 1563 1696 1614; x_wconf 90' lang='lat' dir='ltr'><strong>noctem</strong></span> <span class='ocrx_word' id='word_1_96' title='bbox 1727 1561 1964 1630; x_wconf 77' lang='lat' dir='ltr'><strong>peccato</strong></span> <span class='ocrx_word' id='word_1_97' title='bbox 1990 1551 2052 1610; x_wconf 94' lang='lat' dir='ltr'><strong>li-</strong></span> 
     </span>
    </p>
   </div>
   <div class='ocr_carea' id='block_1_16' title="bbox 415 1627 2114 1723">
    <p class='ocr_par' dir='ltr' id='par_1_16' title="bbox 415 1627 2114 1723">
     <span class='ocr_line' id='line_1_16' title="bbox 415 1627 2114 1723; baseline -0.004 -17"><span class='ocrx_word' id='word_1_98' title='bbox 415 1627 644 1719; x_wconf 83' lang='lat' dir='ltr'><strong>beram;</strong></span> <span class='ocrx_word' id='word_1_99' title='bbox 670 1627 846 1723; x_wconf 82' lang='lat' dir='ltr'><strong>atque</strong></span> <span class='ocrx_word' id='word_1_100' title='bbox 873 1662 979 1702; x_wconf 91' lang='lat' dir='ltr'><strong>nos</strong></span> <span class='ocrx_word' id='word_1_101' title='bbox 991 1643 1104 1703; x_wconf 89' lang='lat' dir='ltr'><strong>vita</strong></span> <span class='ocrx_word' id='word_1_102' title='bbox 1121 1627 1344 1704; x_wconf 60' lang='lat' dir='ltr'><strong>{eterna</strong></span> <span class='ocrx_word' id='word_1_103' title='bbox 1359 1627 1740 1722; x_wconf 77' lang='lat' dir='ltr'><strong>dignare,per</strong></span> <span class='ocrx_word' id='word_1_104' title='bbox 1753 1641 2049 1702; x_wconf 88' lang='lat' dir='ltr'><strong>Christum</strong></span> <span class='ocrx_word' id='word_1_105' title='bbox 2080 1627 2114 1677; x_wconf 61' lang='grc' dir='ltr'>δ</span> 
     </span>
    </p>
   </div>
   <div class='ocr_carea' id='block_1_17' title="bbox 416 1731 2052 1812">
    <p class='ocr_par' dir='ltr' id='par_1_17' title="bbox 416 1731 2052 1812">
     <span class='ocr_line' id='line_1_17' title="bbox 416 1731 2052 1812; baseline -0.002 -18"><span class='ocrx_word' id='word_1_106' title='bbox 416 1742 605 1804; x_wconf 88' lang='lat' dir='ltr'><strong>tuum;</strong></span> <span class='ocrx_word' id='word_1_107' title='bbox 634 1751 742 1812; x_wconf 81' lang='lat' dir='ltr'><strong>per</strong></span> <span class='ocrx_word' id='word_1_108' title='bbox 770 1751 949 1809; x_wconf 89' lang='lat' dir='ltr'><strong>quem</strong></span> <span class='ocrx_word' id='word_1_109' title='bbox 985 1731 1090 1793; x_wconf 89' lang='lat' dir='ltr'><strong>tibi</strong></span> <span class='ocrx_word' id='word_1_110' title='bbox 1116 1731 1330 1810; x_wconf 81' lang='lat' dir='ltr'><strong>gloria,</strong></span> <span class='ocrx_word' id='word_1_111' title='bbox 1357 1732 1547 1792; x_wconf 91' lang='lat' dir='ltr'><strong>honor</strong></span> <span class='ocrx_word' id='word_1_112' title='bbox 1562 1751 1630 1793; x_wconf 90' lang='lat' dir='ltr'><strong>ac</strong></span> <span class='ocrx_word' id='word_1_113' title='bbox 1658 1731 2052 1804; x_wconf 75' lang='lat' dir='ltr'><strong>veneratio,in</strong></span> 
     </span>
    </p>
   </div>
   <div class='ocr_carea' id='block_1_18' title="bbox 414 1820 2048 1902">
    <p class='ocr_par' dir='ltr' id='par_1_18' title="bbox 414 1820 2048 1902">
     <span class='ocr_line' id='line_1_18' title="bbox 414 1820 2048 1902; baseline -0.004 -16"><span class='ocrx_word' id='word_1_114' title='bbox 414 1832 616 1886; x_wconf 85' lang='lat' dir='ltr'><strong>sancto</strong></span> <span class='ocrx_word' id='word_1_115' title='bbox 639 1821 953 1902; x_wconf 90' lang='lat' dir='ltr'><strong>Spiritu,in</strong></span> <span class='ocrx_word' id='word_1_116' title='bbox 973 1820 1510 1884; x_wconf 69' lang='lat' dir='ltr'><strong>saeculaAmenEt</strong></span> <span class='ocrx_word' id='word_1_117' title='bbox 1533 1821 1818 1882; x_wconf 86' lang='lat' dir='ltr'><strong>diaconus</strong></span> <span class='ocrx_word' id='word_1_118' title='bbox 1847 1820 2001 1882; x_wconf 88' lang='lat' dir='ltr'><strong>dicat</strong></span> <span class='ocrx_word' id='word_1_119' title='bbox 2035 1838 2048 1880; x_wconf 92' lang='lat'><strong>:</strong></span> 
     </span>
    </p>
   </div>
   <div class='ocr_carea' id='block_1_19' title="bbox 413 1909 2051 1990">
    <p class='ocr_par' dir='ltr' id='par_1_19' title="bbox 413 1909 2051 1990">
     <span class='ocr_line' id='line_1_19' title="bbox 413 1909 2051 1990; baseline -0.003 -15"><span class='ocrx_word' id='word_1_120' title='bbox 413 1911 700 1975; x_wconf 88' lang='lat' dir='ltr'><strong>Inclinate</strong></span> <span class='ocrx_word' id='word_1_121' title='bbox 725 1911 796 1972; x_wconf 85' lang='lat' dir='ltr'><strong>ad</strong></span> <span class='ocrx_word' id='word_1_122' title='bbox 832 1929 1115 1972; x_wconf 89' lang='lat' dir='ltr'><strong>manuum</strong></span> <span class='ocrx_word' id='word_1_123' title='bbox 1152 1910 1713 1990; x_wconf 81' lang='lat' dir='ltr'><strong>impositionem.Ac</strong></span> <span class='ocrx_word' id='word_1_124' title='bbox 1739 1909 1897 1970; x_wconf 89' lang='lat' dir='ltr'><strong>dicat</strong></span> <span class='ocrx_word' id='word_1_125' title='bbox 1919 1910 2051 1989; x_wconf 92' lang='lat' dir='ltr'><strong>epi-</strong></span> 
     </span>
    </p>
   </div>
   <div class='ocr_carea' id='block_1_20' title="bbox 414 1999 2050 2082">
    <p class='ocr_par' dir='ltr' id='par_1_20' title="bbox 414 1999 2050 2082">
     <span class='ocr_line' id='line_1_20' title="bbox 414 1999 2050 2082; baseline -0.002 -18"><span class='ocrx_word' id='word_1_126' title='bbox 414 2021 630 2082; x_wconf 90' lang='lat' dir='ltr'><strong>scopus</strong></span> <span class='ocrx_word' id='word_1_127' title='bbox 665 2018 679 2060; x_wconf 87' lang='lat'><strong>:</strong></span> <span class='ocrx_word' id='word_1_128' title='bbox 715 2001 872 2062; x_wconf 88' lang='lat' dir='ltr'><strong>Dens</strong></span> <span class='ocrx_word' id='word_1_129' title='bbox 905 2007 1158 2079; x_wconf 90' lang='lat' dir='ltr'><strong>patrum,</strong></span> <span class='ocrx_word' id='word_1_130' title='bbox 1205 2017 1273 2060; x_wconf 89' lang='lat' dir='ltr'><strong>ac</strong></span> <span class='ocrx_word' id='word_1_131' title='bbox 1307 2000 1561 2062; x_wconf 89' lang='lat' dir='ltr'><strong>Domine</strong></span> <span class='ocrx_word' id='word_1_132' title='bbox 1598 1999 2050 2072; x_wconf 74' lang='lat' dir='ltr'><strong>misericordiae,</strong></span> 
     </span>
    </p>
   </div>
   <div class='ocr_carea' id='block_1_21' title="bbox 417 2089 2048 2174">
    <p class='ocr_par' dir='ltr' id='par_1_21' title="bbox 417 2089 2048 2174">
     <span class='ocr_line' id='line_1_21' title="bbox 417 2089 2048 2174; baseline -0.006 -20"><span class='ocrx_word' id='word_1_133' title='bbox 417 2093 517 2174; x_wconf 84' lang='lat' dir='ltr'><strong>qui</strong></span> <span class='ocrx_word' id='word_1_134' title='bbox 549 2092 840 2172; x_wconf 86' lang='lat' dir='ltr'><strong>sapientia</strong></span> <span class='ocrx_word' id='word_1_135' title='bbox 883 2100 984 2152; x_wconf 88' lang='lat' dir='ltr'><strong>tua</strong></span> <span class='ocrx_word' id='word_1_136' title='bbox 1031 2089 1355 2151; x_wconf 83' lang='lat' dir='ltr'><strong>fabricatus</strong></span> <span class='ocrx_word' id='word_1_137' title='bbox 1386 2107 1451 2150; x_wconf 91' lang='lat' dir='ltr'><strong>es</strong></span> <span class='ocrx_word' id='word_1_138' title='bbox 1476 2089 1802 2160; x_wconf 90' lang='lat' dir='ltr'><strong>hominem,</strong></span> <span class='ocrx_word' id='word_1_139' title='bbox 1835 2089 2048 2149; x_wconf 87' lang='lat' dir='ltr'><strong>anima!</strong></span> 
     </span>
    </p>
   </div>
   <div class='ocr_carea' id='block_1_22' title="bbox 416 2177 2052 2260">
    <p class='ocr_par' dir='ltr' id='par_1_22' title="bbox 416 2177 2052 2260">
     <span class='ocr_line' id='line_1_22' title="bbox 416 2177 2052 2260; baseline -0.005 -16"><span class='ocrx_word' id='word_1_140' title='bbox 416 2181 648 2244; x_wconf 86' lang='lat' dir='ltr'><strong>ratione</strong></span> <span class='ocrx_word' id='word_1_141' title='bbox 677 2179 986 2260; x_wconf 72' lang='lat' dir='ltr'><strong>praeditum</strong></span> <span class='ocrx_word' id='word_1_142' title='bbox 1021 2180 1272 2241; x_wconf 83' lang='lat' dir='ltr'><strong>maxime</strong></span> <span class='ocrx_word' id='word_1_143' title='bbox 1293 2197 1364 2240; x_wconf 87' lang='lat' dir='ltr'><strong>ex</strong></span> <span class='ocrx_word' id='word_1_144' title='bbox 1390 2178 1463 2239; x_wconf 89' lang='lat' dir='ltr'><strong>iis</strong></span> <span class='ocrx_word' id='word_1_145' title='bbox 1485 2196 1615 2259; x_wconf 63' lang='lat' dir='ltr'><strong>quae</strong></span> <span class='ocrx_word' id='word_1_146' title='bbox 1639 2177 1698 2238; x_wconf 93' lang='lat' dir='ltr'><strong>in</strong></span> <span class='ocrx_word' id='word_1_147' title='bbox 1734 2185 1891 2238; x_wconf 88' lang='lat' dir='ltr'><strong>terra</strong></span> <span class='ocrx_word' id='word_1_148' title='bbox 1917 2185 2052 2238; x_wconf 92' lang='lat' dir='ltr'><strong>sunt</strong></span> 
     </span>
    </p>
   </div>
   <div class='ocr_carea' id='block_1_23' title="bbox 415 2265 2053 2347">
    <p class='ocr_par' dir='ltr' id='par_1_23' title="bbox 415 2265 2053 2347">
     <span class='ocr_line' id='line_1_23' title="bbox 415 2265 2053 2347; baseline -0.004 -12"><span class='ocrx_word' id='word_1_149' title='bbox 415 2273 660 2335; x_wconf 87' lang='lat' dir='ltr'><strong>charum</strong></span> <span class='ocrx_word' id='word_1_150' title='bbox 693 2271 842 2342; x_wconf 86' lang='lat' dir='ltr'><strong>Deo;</strong></span> <span class='ocrx_word' id='word_1_151' title='bbox 865 2279 926 2329; x_wconf 83' lang='lat' dir='ltr'><strong>et</strong></span> <span class='ocrx_word' id='word_1_152' title='bbox 951 2267 1210 2329; x_wconf 88' lang='lat' dir='ltr'><strong>tribuisti</strong></span> <span class='ocrx_word' id='word_1_153' title='bbox 1236 2269 1288 2329; x_wconf 91' lang='lat' dir='ltr'><strong>ei</strong></span> <span class='ocrx_word' id='word_1_154' title='bbox 1315 2276 1376 2328; x_wconf 93' lang='lat' dir='ltr'><strong>ut</strong></span> <span class='ocrx_word' id='word_1_155' title='bbox 1397 2267 1716 2347; x_wconf 88' lang='lat' dir='ltr'><strong>imperaret</strong></span> <span class='ocrx_word' id='word_1_156' title='bbox 1739 2265 1918 2327; x_wconf 89' lang='lat' dir='ltr'><strong>rebus</strong></span> <span class='ocrx_word' id='word_1_157' title='bbox 1943 2276 2053 2328; x_wconf 87' lang='lat' dir='ltr'><strong>ter-</strong></span> 
     </span>
    </p>
   </div>
   <div class='ocr_carea' id='block_1_24' title="bbox 410 2357 2052 2438">
    <p class='ocr_par' dir='ltr' id='par_1_24' title="bbox 410 2357 2052 2438">
     <span class='ocr_line' id='line_1_24' title="bbox 410 2357 2052 2438; baseline -0.005 -14"><span class='ocrx_word' id='word_1_158' title='bbox 410 2359 728 2434; x_wconf 73' lang='lat' dir='ltr'><strong>restribus;</strong></span> <span class='ocrx_word' id='word_1_159' title='bbox 753 2359 974 2438; x_wconf 89' lang='lat' dir='ltr'><strong>quique</strong></span> <span class='ocrx_word' id='word_1_160' title='bbox 994 2358 1289 2421; x_wconf 87' lang='lat' dir='ltr'><strong>voluntate</strong></span> <span class='ocrx_word' id='word_1_161' title='bbox 1311 2365 1405 2417; x_wconf 92' lang='lat' dir='ltr'><strong>tua</strong></span> <span class='ocrx_word' id='word_1_162' title='bbox 1429 2357 1732 2436; x_wconf 87' lang='lat' dir='ltr'><strong>principes</strong></span> <span class='ocrx_word' id='word_1_163' title='bbox 1757 2374 1824 2418; x_wconf 87' lang='lat' dir='ltr'><strong>ac</strong></span> <span class='ocrx_word' id='word_1_164' title='bbox 1851 2375 2052 2416; x_wconf 89' lang='lat' dir='ltr'><strong>sacer-</strong></span> 
     </span>
    </p>
   </div>
   <div class='ocr_carea' id='block_1_25' title="bbox 415 2445 2054 2526">
    <p class='ocr_par' dir='ltr' id='par_1_25' title="bbox 415 2445 2054 2526">
     <span class='ocr_line' id='line_1_25' title="bbox 415 2445 2054 2526; baseline -0.002 -15"><span class='ocrx_word' id='word_1_165' title='bbox 415 2450 584 2511; x_wconf 87' lang='lat' dir='ltr'><strong>dotes</strong></span> <span class='ocrx_word' id='word_1_166' title='bbox 598 2448 979 2519; x_wconf 85' lang='lat' dir='ltr'><strong>constituisti;</strong></span> <span class='ocrx_word' id='word_1_167' title='bbox 999 2446 1129 2507; x_wconf 93' lang='lat' dir='ltr'><strong>illos</strong></span> <span class='ocrx_word' id='word_1_168' title='bbox 1144 2446 1385 2526; x_wconf 85' lang='lat' dir='ltr'><strong>quidem</strong></span> <span class='ocrx_word' id='word_1_169' title='bbox 1405 2445 1475 2506; x_wconf 92' lang='lat' dir='ltr'><strong>ad</strong></span> <span class='ocrx_word' id='word_1_170' title='bbox 1494 2445 1625 2508; x_wconf 71' lang='lat' dir='ltr'><strong>vitae</strong></span> <span class='ocrx_word' id='word_1_171' title='bbox 1644 2445 2054 2514; x_wconf 83' lang='lat' dir='ltr'><strong>securitatem;</strong></span> 
     </span>
    </p>
   </div>
   <div class='ocr_carea' id='block_1_26' title="bbox 415 2534 2055 2615">
    <p class='ocr_par' dir='ltr' id='par_1_26' title="bbox 415 2534 2055 2615">
     <span class='ocr_line' id='line_1_26' title="bbox 415 2534 2055 2615; baseline -0.004 -15"><span class='ocrx_word' id='word_1_172' title='bbox 415 2539 524 2600; x_wconf 86' lang='lat' dir='ltr'><strong>bes</strong></span> <span class='ocrx_word' id='word_1_173' title='bbox 546 2555 685 2599; x_wconf 90' lang='lat' dir='ltr'><strong>vero</strong></span> <span class='ocrx_word' id='word_1_174' title='bbox 705 2537 778 2597; x_wconf 90' lang='lat' dir='ltr'><strong>ad</strong></span> <span class='ocrx_word' id='word_1_175' title='bbox 805 2536 1130 2614; x_wconf 79' lang='lat' dir='ltr'><strong>legitimum</strong></span> <span class='ocrx_word' id='word_1_176' title='bbox 1156 2535 1401 2597; x_wconf 84' lang='lat' dir='ltr'><strong>cultum:</strong></span> <span class='ocrx_word' id='word_1_177' title='bbox 1432 2535 1558 2615; x_wconf 91' lang='lat' dir='ltr'><strong>ipse</strong></span> <span class='ocrx_word' id='word_1_178' title='bbox 1578 2553 1738 2596; x_wconf 91' lang='lat' dir='ltr'><strong>nunc</strong></span> <span class='ocrx_word' id='word_1_179' title='bbox 1759 2534 1933 2596; x_wconf 88' lang='lat' dir='ltr'><strong>etiam</strong></span> <span class='ocrx_word' id='word_1_180' title='bbox 1960 2536 2055 2594; x_wconf 85' lang='lat' dir='ltr'><strong>in-</strong></span> 
     </span>
    </p>
   </div>
   <div class='ocr_carea' id='block_1_27' title="bbox 413 2623 2046 2707">
    <p class='ocr_par' dir='ltr' id='par_1_27' title="bbox 413 2623 2046 2707">
     <span class='ocr_line' id='line_1_27' title="bbox 413 2623 2046 2707; baseline -0.004 -18"><span class='ocrx_word' id='word_1_181' title='bbox 413 2629 676 2707; x_wconf 84' lang='lat' dir='ltr'><strong>ﬂectere,</strong></span> <span class='ocrx_word' id='word_1_182' title='bbox 712 2625 966 2688; x_wconf 89' lang='lat' dir='ltr'><strong>Domine</strong></span> <span class='ocrx_word' id='word_1_183' title='bbox 1018 2625 1420 2705; x_wconf 87' lang='lat' dir='ltr'><strong>omnipotens,</strong></span> <span class='ocrx_word' id='word_1_184' title='bbox 1471 2631 1530 2685; x_wconf 89' lang='lat' dir='ltr'><strong>et</strong></span> <span class='ocrx_word' id='word_1_185' title='bbox 1560 2623 1809 2685; x_wconf 90' lang='lat' dir='ltr'><strong>ostende</strong></span> <span class='ocrx_word' id='word_1_186' title='bbox 1839 2623 2046 2684; x_wconf 81' lang='lat' dir='ltr'><strong>faciem</strong></span> 
     </span>
    </p>
   </div>
   <div class='ocr_carea' id='block_1_28' title="bbox 413 2713 2051 2795">
    <p class='ocr_par' dir='ltr' id='par_1_28' title="bbox 413 2713 2051 2795">
     <span class='ocr_line' id='line_1_28' title="bbox 413 2713 2051 2795; baseline -0.002 -17"><span class='ocrx_word' id='word_1_187' title='bbox 413 2725 570 2778; x_wconf 89' lang='lat' dir='ltr'><strong>tuam</strong></span> <span class='ocrx_word' id='word_1_188' title='bbox 589 2733 770 2795; x_wconf 84' lang='lat' dir='ltr'><strong>super</strong></span> <span class='ocrx_word' id='word_1_189' title='bbox 791 2715 1075 2795; x_wconf 82' lang='lat' dir='ltr'><strong>papulum</strong></span> <span class='ocrx_word' id='word_1_190' title='bbox 1103 2725 1404 2794; x_wconf 90' lang='lat' dir='ltr'><strong>tuum,eos</strong></span> <span class='ocrx_word' id='word_1_191' title='bbox 1425 2715 1521 2793; x_wconf 90' lang='lat' dir='ltr'><strong>qui</strong></span> <span class='ocrx_word' id='word_1_192' title='bbox 1541 2713 1832 2775; x_wconf 87' lang='lat' dir='ltr'><strong>cervicem</strong></span> <span class='ocrx_word' id='word_1_193' title='bbox 1854 2713 2051 2775; x_wconf 65' lang='lat' dir='ltr'><strong>ciirdis</strong></span> 
     </span>
    </p>
   </div>
   <div class='ocr_carea' id='block_1_29' title="bbox 410 2802 2046 2884">
    <p class='ocr_par' dir='ltr' id='par_1_29' title="bbox 410 2802 2046 2884">
     <span class='ocr_line' id='line_1_29' title="bbox 410 2802 2046 2884; baseline -0.005 -14"><span class='ocrx_word' id='word_1_194' title='bbox 410 2807 501 2870; x_wconf 86' lang='lat' dir='ltr'><strong>sui</strong></span> <span class='ocrx_word' id='word_1_195' title='bbox 534 2806 962 2880; x_wconf 87' lang='lat' dir='ltr'><strong>incnrvarunt;</strong></span> <span class='ocrx_word' id='word_1_196' title='bbox 1023 2812 1082 2866; x_wconf 92' lang='lat' dir='ltr'><strong>et</strong></span> <span class='ocrx_word' id='word_1_197' title='bbox 1139 2802 1392 2865; x_wconf 79' lang='lat' dir='ltr'><strong>benedic</strong></span> <span class='ocrx_word' id='word_1_198' title='bbox 1447 2804 1534 2864; x_wconf 90' lang='lat' dir='ltr'><strong>eis</strong></span> <span class='ocrx_word' id='word_1_199' title='bbox 1567 2822 1673 2884; x_wconf 91' lang='lat' dir='ltr'><strong>per</strong></span> <span class='ocrx_word' id='word_1_200' title='bbox 1723 2802 2046 2876; x_wconf 86' lang='lat' dir='ltr'><strong>Christum,</strong></span> 
     </span>
    </p>
   </div>
   <div class='ocr_carea' id='block_1_30' title="bbox 409 2892 2048 2978">
    <p class='ocr_par' dir='ltr' id='par_1_30' title="bbox 409 2892 2048 2978">
     <span class='ocr_line' id='line_1_30' title="bbox 409 2892 2048 2978; baseline -0.002 -20"><span class='ocrx_word' id='word_1_201' title='bbox 409 2915 516 2978; x_wconf 91' lang='lat' dir='ltr'><strong>per</strong></span> <span class='ocrx_word' id='word_1_202' title='bbox 537 2912 712 2976; x_wconf 89' lang='lat' dir='ltr'><strong>quem</strong></span> <span class='ocrx_word' id='word_1_203' title='bbox 748 2893 1054 2956; x_wconf 88' lang='lat' dir='ltr'><strong>illustrain</strong></span> <span class='ocrx_word' id='word_1_204' title='bbox 1069 2913 1176 2955; x_wconf 88' lang='lat' dir='ltr'><strong>nos</strong></span> <span class='ocrx_word' id='word_1_205' title='bbox 1203 2893 1428 2956; x_wconf 88' lang='lat' dir='ltr'><strong>lumine</strong></span> <span class='ocrx_word' id='word_1_206' title='bbox 1448 2892 1834 2973; x_wconf 78' lang='lat' dir='ltr'><strong>cognitionis,</strong></span> <span class='ocrx_word' id='word_1_207' title='bbox 1861 2913 1930 2954; x_wconf 84' lang='lat' dir='ltr'><strong>ac</strong></span> <span class='ocrx_word' id='word_1_208' title='bbox 1955 2911 2048 2954; x_wconf 89' lang='lat' dir='ltr'><strong>re-</strong></span> 
     </span>
    </p>
   </div>
   <div class='ocr_carea' id='block_1_31' title="bbox 1256 241 2088 309">
    <p class='ocr_par' dir='ltr' id='par_1_31' title="bbox 1256 241 2088 309">
     <span class='ocr_line' id='line_1_31' title="bbox 1256 241 2088 309; baseline 0 -3"><span class='ocrx_word' id='word_1_209' title='bbox 1256 245 1314 306; x_wconf 65' lang='lat' dir='ltr'><strong>S;</strong></span> <span class='ocrx_word' id='word_1_210' title='bbox 1336 265 1342 271; x_wconf 86' lang='lat'>&#39;</span> <span class='ocrx_word' id='word_1_211' title='bbox 1363 241 1795 309; x_wconf 81' lang='lat' dir='ltr'><strong>CLEMENTIS</strong></span> <span class='ocrx_word' id='word_1_212' title='bbox 1837 242 1858 306; x_wconf 92' lang='lat' dir='ltr'><strong>l</strong></span> <span class='ocrx_word' id='word_1_213' title='bbox 1906 246 2088 308; x_wconf 68' lang='grc' dir='ltr'><strong>ΗΘΜ.</strong></span> 
     </span>
    </p>
   </div>
   <div class='ocr_carea' id='block_1_32' title="bbox 2135 247 2956 310">
    <p class='ocr_par' dir='ltr' id='par_1_32' title="bbox 2135 247 2956 310">
     <span class='ocr_line' id='line_1_32' title="bbox 2135 247 2956 310; baseline 0.004 -3"><span class='ocrx_word' id='word_1_214' title='bbox 2135 247 2358 309; x_wconf 88' lang='grc' dir='ltr'>ΡΟΝΤ.</span> <span class='ocrx_word' id='word_1_215' title='bbox 2406 247 2652 310; x_wconf 76' lang='grc' dir='ltr'><strong>ΟΡΕΡιΑ</strong></span> <span class='ocrx_word' id='word_1_216' title='bbox 2701 248 2956 310; x_wconf 77' lang='grc' dir='ltr'><strong>ΒΗΒΙΑ.</strong></span> 
     </span>
    </p>
   </div>
   <div class='ocr_carea' id='block_1_33' title="bbox 2682 383 3248 447">
    <p class='ocr_par' dir='ltr' id='par_1_33' title="bbox 2682 383 3248 447">
     <span class='ocr_line' id='line_1_33' title="bbox 2682 383 3248 447; baseline 0.009 -5"><span class='ocrx_word' id='word_1_217' title='bbox 2682 383 2863 442; x_wconf 74' lang='grc' dir='ltr'><strong>ΚΕΦΑ</strong></span> <span class='ocrx_word' id='word_1_218' title='bbox 2873 386 3076 443; x_wconf 77' lang='grc' dir='ltr'>ΛΛΙΟΝ</span> <span class='ocrx_word' id='word_1_219' title='bbox 3120 383 3248 447; x_wconf 83' lang='grc' dir='ltr'><strong>ΛΖ’.</strong></span> 
     </span>
    </p>
   </div>
   <div class='ocr_carea' id='block_1_34' title="bbox 2585 471 3329 554">
    <p class='ocr_par' dir='ltr' id='par_1_34' title="bbox 2585 471 3329 554">
     <span class='ocr_line' id='line_1_34' title="bbox 2585 471 3329 554; baseline -0.001 -22"><span class='ocrx_word' id='word_1_220' title='bbox 2585 476 2913 553; x_wconf 71' lang='grc' dir='ltr'>Εὗχαριστία</span> <span class='ocrx_word' id='word_1_221' title='bbox 2983 471 3329 554; x_wconf 71' lang='grc' dir='ltr'>ὶπιλύχνιος.</span> 
     </span>
    </p>
   </div>
   <div class='ocr_carea' id='block_1_35' title="bbox 2219 559 3795 642">
    <p class='ocr_par' dir='ltr' id='par_1_35' title="bbox 2219 559 3795 642">
     <span class='ocr_line' id='line_1_35' title="bbox 2219 559 3795 642; baseline 0.001 -23"><span class='ocrx_word' id='word_1_222' title='bbox 2219 560 2278 619; x_wconf 84' lang='grc'><strong>’0</strong></span> <span class='ocrx_word' id='word_1_223' title='bbox 2309 559 2546 642; x_wconf 74' lang='grc' dir='ltr'>ἄναρχος</span> <span class='ocrx_word' id='word_1_224' title='bbox 2575 565 2704 626; x_wconf 83' lang='grc' dir='ltr'>Θεὸς</span> <span class='ocrx_word' id='word_1_225' title='bbox 2735 563 2824 619; x_wconf 78' lang='grc' dir='ltr'>καὶ</span> <span class='ocrx_word' id='word_1_226' title='bbox 2855 561 3236 638; x_wconf 77' lang='grc' dir='ltr'>ἀτελεύτητος,</span> <span class='ocrx_word' id='word_1_227' title='bbox 3263 567 3289 620; x_wconf 94' lang='lat'><strong>6</strong></span> <span class='ocrx_word' id='word_1_228' title='bbox 3319 570 3424 622; x_wconf 80' lang='grc' dir='ltr'>τῶν</span> <span class='ocrx_word' id='word_1_229' title='bbox 3446 563 3592 623; x_wconf 78' lang='grc' dir='ltr'>ὅλων</span> <span class='ocrx_word' id='word_1_230' title='bbox 3623 587 3795 633; x_wconf 84' lang='grc' dir='ltr'>ποιη-</span> 
     </span>
    </p>
   </div>
   <div class='ocr_carea' id='block_1_36' title="bbox 2138 649 3792 732">
    <p class='ocr_par' dir='ltr' id='par_1_36' title="bbox 2138 649 3792 732">
     <span class='ocr_line' id='line_1_36' title="bbox 2138 649 3792 732; baseline -0.008 -24"><span class='ocrx_word' id='word_1_231' title='bbox 2138 651 2232 719; x_wconf 82' lang='grc' dir='ltr'>τὴς</span> <span class='ocrx_word' id='word_1_232' title='bbox 2276 649 2361 706; x_wconf 79' lang='grc' dir='ltr'><strong>διὰ</strong></span> <span class='ocrx_word' id='word_1_233' title='bbox 2405 659 2636 730; x_wconf 79' lang='grc' dir='ltr'><strong>Χριστοῦ</strong></span> <span class='ocrx_word' id='word_1_234' title='bbox 2691 653 2780 709; x_wconf 81' lang='grc' dir='ltr'><strong>καὶ</strong></span> <span class='ocrx_word' id='word_1_235' title='bbox 2805 649 3083 726; x_wconf 80' lang='grc' dir='ltr'>κηδεμών,</span> <span class='ocrx_word' id='word_1_236' title='bbox 3133 655 3235 732; x_wconf 75' lang='grc' dir='ltr'>πρὸ</span> <span class='ocrx_word' id='word_1_237' title='bbox 3281 653 3334 710; x_wconf 68' lang='grc' dir='ltr'><strong>δὲ</strong></span> <span class='ocrx_word' id='word_1_238' title='bbox 3379 655 3597 711; x_wconf 71' lang='grc' dir='ltr'><strong>πάντων</strong></span> <span class='ocrx_word' id='word_1_239' title='bbox 3663 655 3792 732; x_wconf 57' lang='grc'>(54)</span> 
     </span>
    </p>
   </div>
   <div class='ocr_carea' id='block_1_37' title="bbox 2138 739 3796 823">
    <p class='ocr_par' dir='ltr' id='par_1_37' title="bbox 2138 739 3796 823">
     <span class='ocr_line' id='line_1_37' title="bbox 2138 739 3796 823; baseline 0.002 -27"><span class='ocrx_word' id='word_1_240' title='bbox 2138 739 2296 796; x_wconf 74' lang='grc' dir='ltr'>αὐτοῦ</span> <span class='ocrx_word' id='word_1_241' title='bbox 2339 741 2470 806; x_wconf 81' lang='grc' dir='ltr'>Θεὸς</span> <span class='ocrx_word' id='word_1_242' title='bbox 2515 743 2603 798; x_wconf 85' lang='grc' dir='ltr'><strong>καὶ</strong></span> <span class='ocrx_word' id='word_1_243' title='bbox 2649 743 2858 820; x_wconf 78' lang='grc' dir='ltr'>Πατὴρ,</span> <span class='ocrx_word' id='word_1_244' title='bbox 2905 743 2931 796; x_wconf 99' lang='lat'><strong>6</strong></span> <span class='ocrx_word' id='word_1_245' title='bbox 2976 745 3069 797; x_wconf 68' lang='grc' dir='ltr'><strong>τοῦ</strong></span> <span class='ocrx_word' id='word_1_246' title='bbox 3130 743 3431 817; x_wconf 82' lang='grc' dir='ltr'>Πνεύματος</span> <span class='ocrx_word' id='word_1_247' title='bbox 3494 743 3626 823; x_wconf 79' lang='grc'><strong>(52)</strong></span> <span class='ocrx_word' id='word_1_248' title='bbox 3687 744 3796 803; x_wconf 73' lang='grc' dir='ltr'><strong>Κύ-</strong></span> 
     </span>
    </p>
   </div>
   <div class='ocr_carea' id='block_1_38' title="bbox 2137 829 3792 914">
    <p class='ocr_par' dir='ltr' id='par_1_38' title="bbox 2137 829 3792 914">
     <span class='ocr_line' id='line_1_38' title="bbox 2137 829 3792 914; baseline 0.002 -28"><span class='ocrx_word' id='word_1_249' title='bbox 2137 853 2248 906; x_wconf 84' lang='grc' dir='ltr'>ριος</span> <span class='ocrx_word' id='word_1_250' title='bbox 2296 829 2439 910; x_wconf 87' lang='grc'>(53),</span> <span class='ocrx_word' id='word_1_251' title='bbox 2497 833 2587 888; x_wconf 85' lang='grc' dir='ltr'><strong>καὶ</strong></span> <span class='ocrx_word' id='word_1_252' title='bbox 2629 833 2736 888; x_wconf 83' lang='grc' dir='ltr'>τῶν</span> <span class='ocrx_word' id='word_1_253' title='bbox 2780 831 2993 898; x_wconf 77' lang='grc' dir='ltr'>νοητῶν</span> <span class='ocrx_word' id='word_1_254' title='bbox 3037 833 3124 888; x_wconf 85' lang='grc' dir='ltr'><strong>καὶ</strong></span> <span class='ocrx_word' id='word_1_255' title='bbox 3189 835 3452 900; x_wconf 77' lang='grc' dir='ltr'><strong>αἰσθητῶν</strong></span> <span class='ocrx_word' id='word_1_256' title='bbox 3507 833 3792 914; x_wconf 74' lang='grc' dir='ltr'>βασιλεὺς,</span> 
     </span>
    </p>
   </div>
   <div class='ocr_carea' id='block_1_39' title="bbox 2135 919 3797 1002">
    <p class='ocr_par' dir='ltr' id='par_1_39' title="bbox 2135 919 3797 1002">
     <span class='ocr_line' id='line_1_39' title="bbox 2135 919 3797 1002; baseline 0.001 -25"><span class='ocrx_word' id='word_1_257' title='bbox 2135 921 2367 990; x_wconf 79' lang='grc' dir='ltr'>ποιήσας</span> <span class='ocrx_word' id='word_1_258' title='bbox 2403 921 2604 999; x_wconf 68' lang='grc' dir='ltr'>ἡμέραν</span> <span class='ocrx_word' id='word_1_259' title='bbox 2634 923 2768 999; x_wconf 83' lang='grc' dir='ltr'>πρὸς</span> <span class='ocrx_word' id='word_1_260' title='bbox 2801 919 2931 1001; x_wconf 75' lang='grc' dir='ltr'>ἔργα</span> <span class='ocrx_word' id='word_1_261' title='bbox 2962 924 3160 1002; x_wconf 70' lang='grc' dir='ltr'>φωτὸς,</span> <span class='ocrx_word' id='word_1_262' title='bbox 3194 924 3281 978; x_wconf 85' lang='grc' dir='ltr'><strong>καὶ</strong></span> <span class='ocrx_word' id='word_1_263' title='bbox 3320 923 3479 979; x_wconf 85' lang='grc' dir='ltr'>νύκτα</span> <span class='ocrx_word' id='word_1_264' title='bbox 3533 925 3617 986; x_wconf 77' lang='grc' dir='ltr'><strong>εἰς</strong></span> <span class='ocrx_word' id='word_1_265' title='bbox 3661 924 3797 979; x_wconf 74' lang='grc' dir='ltr'><strong>ἀνά-</strong></span> 
     </span>
    </p>
   </div>
   <div class='ocr_carea' id='block_1_40' title="bbox 2137 1011 3788 1092">
    <p class='ocr_par' dir='ltr' id='par_1_40' title="bbox 2137 1011 3788 1092">
     <span class='ocr_line' id='line_1_40' title="bbox 2137 1011 3788 1092; baseline 0 -24"><span class='ocrx_word' id='word_1_266' title='bbox 2137 1033 2328 1068; x_wconf 86' lang='grc' dir='ltr'>παυσιν</span> <span class='ocrx_word' id='word_1_267' title='bbox 2371 1015 2470 1078; x_wconf 83' lang='grc' dir='ltr'>τῆς</span> <span class='ocrx_word' id='word_1_268' title='bbox 2501 1011 2770 1074; x_wconf 75' lang='grc' dir='ltr'>ἀσθενείας</span> <span class='ocrx_word' id='word_1_269' title='bbox 2803 1013 2956 1087; x_wconf 77' lang='grc' dir='ltr'>ἡμῶν</span> <span class='ocrx_word' id='word_1_270' title='bbox 2985 1028 2998 1042; x_wconf 84' lang='grc'><em>³</em></span> <span class='ocrx_word' id='word_1_271' title='bbox 3068 1035 3094 1067; x_wconf 76' lang='grc' dir='ltr'><strong>α</strong></span> <span class='ocrx_word' id='word_1_272' title='bbox 3132 1012 3213 1078; x_wconf 78' lang='grc' dir='ltr'><strong>Σὴ</strong></span> <span class='ocrx_word' id='word_1_273' title='bbox 3246 1011 3346 1090; x_wconf 81' lang='grc' dir='ltr'><strong>γάρ</strong></span> <span class='ocrx_word' id='word_1_274' title='bbox 3390 1011 3532 1068; x_wconf 63' lang='grc' dir='ltr'>ἔστιν</span> <span class='ocrx_word' id='word_1_275' title='bbox 3580 1013 3788 1092; x_wconf 75' lang='grc' dir='ltr'>ἡμέρα,</span> 
     </span>
    </p>
   </div>
   <div class='ocr_carea' id='block_1_41' title="bbox 2139 1098 3794 1181">
    <p class='ocr_par' dir='ltr' id='par_1_41' title="bbox 2139 1098 3794 1181">
     <span class='ocr_line' id='line_1_41' title="bbox 2139 1098 3794 1181; baseline 0 -24"><span class='ocrx_word' id='word_1_276' title='bbox 2139 1105 2221 1158; x_wconf 81' lang='grc' dir='ltr'><strong>καὶ</strong></span> <span class='ocrx_word' id='word_1_277' title='bbox 2268 1101 2338 1171; x_wconf 73' lang='grc' dir='ltr'><strong>σή</strong></span> <span class='ocrx_word' id='word_1_278' title='bbox 2422 1098 2564 1157; x_wconf 68' lang='grc' dir='ltr'>ἑστιν</span> <span class='ocrx_word' id='word_1_279' title='bbox 2624 1101 2659 1168; x_wconf 72' lang='grc' dir='ltr'><strong>ἡ</strong></span> <span class='ocrx_word' id='word_1_280' title='bbox 2740 1099 2853 1176; x_wconf 77' lang='grc' dir='ltr'>νὺξ,</span> <span class='ocrx_word' id='word_1_281' title='bbox 2928 1101 2990 1157; x_wconf 75' lang='grc' dir='ltr'>σὺ</span> <span class='ocrx_word' id='word_1_282' title='bbox 3062 1102 3370 1180; x_wconf 74' lang='grc' dir='ltr'><strong>κατηρτίσω</strong></span> <span class='ocrx_word' id='word_1_283' title='bbox 3441 1111 3644 1181; x_wconf 75' lang='grc' dir='ltr'>φαῦσιν</span> <span class='ocrx_word' id='word_1_284' title='bbox 3706 1104 3794 1158; x_wconf 83' lang='grc' dir='ltr'><strong>καὶ</strong></span> 
     </span>
    </p>
   </div>
   <div class='ocr_carea' id='block_1_42' title="bbox 2141 1189 3795 1269">
    <p class='ocr_par' dir='ltr' id='par_1_42' title="bbox 2141 1189 3795 1269">
     <span class='ocr_line' id='line_1_42' title="bbox 2141 1189 3795 1269; baseline 0.002 -26"><span class='ocrx_word' id='word_1_285' title='bbox 2141 1189 2289 1256; x_wconf 70' lang='grc' dir='ltr'>ἥλιον</span> <span class='ocrx_word' id='word_1_286' title='bbox 2318 1205 2332 1220; x_wconf 84' lang='grc'><strong><em>⁸</em></strong></span> <span class='ocrx_word' id='word_1_287' title='bbox 2403 1213 2433 1246; x_wconf 74' lang='grc' dir='ltr'><strong><em>ι</em></strong></span> <span class='ocrx_word' id='word_1_288' title='bbox 2513 1191 2670 1254; x_wconf 79' lang='grc' dir='ltr'>αὐτὸς</span> <span class='ocrx_word' id='word_1_289' title='bbox 2757 1197 2869 1269; x_wconf 77' lang='grc' dir='ltr'>νῦν,</span> <span class='ocrx_word' id='word_1_290' title='bbox 2948 1189 3202 1264; x_wconf 75' lang='grc' dir='ltr'>δέσποτα,</span> <span class='ocrx_word' id='word_1_291' title='bbox 3289 1189 3634 1269; x_wconf 77' lang='grc' dir='ltr'>φιλάνθρωπε</span> <span class='ocrx_word' id='word_1_292' title='bbox 3707 1193 3795 1248; x_wconf 81' lang='grc' dir='ltr'><strong>καὶ</strong></span> 
     </span>
    </p>
   </div>
   <div class='ocr_carea' id='block_1_43' title="bbox 2137 1277 3793 1360">
    <p class='ocr_par' dir='ltr' id='par_1_43' title="bbox 2137 1277 3793 1360">
     <span class='ocr_line' id='line_1_43' title="bbox 2137 1277 3793 1360; baseline 0 -25"><span class='ocrx_word' id='word_1_293' title='bbox 2137 1279 2432 1358; x_wconf 68' lang='grc' dir='ltr'>πανάγαθε,</span> <span class='ocrx_word' id='word_1_294' title='bbox 2487 1280 2724 1352; x_wconf 77' lang='grc' dir='ltr'><strong>εὐμενῶς</strong></span> <span class='ocrx_word' id='word_1_295' title='bbox 2771 1277 3049 1352; x_wconf 77' lang='grc' dir='ltr'>προσδεξαι</span> <span class='ocrx_word' id='word_1_296' title='bbox 3096 1279 3197 1346; x_wconf 82' lang='grc' dir='ltr'><strong>τὴν</strong></span> <span class='ocrx_word' id='word_1_297' title='bbox 3228 1278 3509 1356; x_wconf 74' lang='grc' dir='ltr'>ἒσπερινὴν</span> <span class='ocrx_word' id='word_1_298' title='bbox 3557 1282 3793 1360; x_wconf 71' lang='grc' dir='ltr'>εὐχαρι-</span> 
     </span>
    </p>
   </div>
   <div class='ocr_carea' id='block_1_44' title="bbox 2137 1367 3794 1447">
    <p class='ocr_par' dir='ltr' id='par_1_44' title="bbox 2137 1367 3794 1447">
     <span class='ocr_line' id='line_1_44' title="bbox 2137 1367 3794 1447; baseline 0.003 -25"><span class='ocrx_word' id='word_1_299' title='bbox 2137 1371 2282 1424; x_wconf 80' lang='grc' dir='ltr'>στίαν</span> <span class='ocrx_word' id='word_1_300' title='bbox 2309 1370 2464 1443; x_wconf 80' lang='grc' dir='ltr'>ἡμῶν</span> <span class='ocrx_word' id='word_1_301' title='bbox 2496 1369 2717 1435; x_wconf 85' lang='grc' dir='ltr'>ταύτην.</span> <span class='ocrx_word' id='word_1_302' title='bbox 2752 1368 2814 1427; x_wconf 85' lang='grc' dir='ltr'>Ὀ</span> <span class='ocrx_word' id='word_1_303' title='bbox 2857 1367 3129 1447; x_wconf 80' lang='grc' dir='ltr'><strong>διαγαγὼν</strong></span> <span class='ocrx_word' id='word_1_304' title='bbox 3172 1370 3315 1443; x_wconf 78' lang='grc' dir='ltr'>ἡμᾶς</span> <span class='ocrx_word' id='word_1_305' title='bbox 3364 1371 3424 1426; x_wconf 78' lang='grc' dir='ltr'>τὸ</span> <span class='ocrx_word' id='word_1_306' title='bbox 3481 1371 3669 1445; x_wconf 75' lang='grc' dir='ltr'>μῆκος</span> <span class='ocrx_word' id='word_1_307' title='bbox 3701 1375 3794 1437; x_wconf 75' lang='grc' dir='ltr'>τῆς</span> 
     </span>
    </p>
   </div>
   <div class='ocr_carea' id='block_1_45' title="bbox 2136 1456 3797 1539">
    <p class='ocr_par' dir='ltr' id='par_1_45' title="bbox 2136 1456 3797 1539">
     <span class='ocr_line' id='line_1_45' title="bbox 2136 1456 3797 1539; baseline 0.002 -27"><span class='ocrx_word' id='word_1_308' title='bbox 2136 1456 2364 1536; x_wconf 64' lang='grc' dir='ltr'>ὴμέρας,</span> <span class='ocrx_word' id='word_1_309' title='bbox 2399 1459 2486 1513; x_wconf 80' lang='grc' dir='ltr'>καὶ</span> <span class='ocrx_word' id='word_1_310' title='bbox 2543 1457 2761 1536; x_wconf 83' lang='grc' dir='ltr'>ἀγαγὼν</span> <span class='ocrx_word' id='word_1_311' title='bbox 2813 1457 2900 1514; x_wconf 70' lang='grc' dir='ltr'>ἐπὶ</span> <span class='ocrx_word' id='word_1_312' title='bbox 2949 1459 3044 1521; x_wconf 80' lang='grc' dir='ltr'><strong>τὰς</strong></span> <span class='ocrx_word' id='word_1_313' title='bbox 3079 1457 3254 1539; x_wconf 73' lang='grc' dir='ltr'>ἀρχὰς</span> <span class='ocrx_word' id='word_1_314' title='bbox 3285 1463 3385 1525; x_wconf 75' lang='grc' dir='ltr'>τῆς</span> <span class='ocrx_word' id='word_1_315' title='bbox 3417 1460 3642 1532; x_wconf 69' lang='grc' dir='ltr'>νυκτὸς,</span> <span class='ocrx_word' id='word_1_316' title='bbox 3697 1459 3797 1537; x_wconf 72' lang='grc' dir='ltr'><strong>φύ-</strong></span> 
     </span>
    </p>
   </div>
   <div class='ocr_carea' id='block_1_46' title="bbox 2137 1544 3796 1627">
    <p class='ocr_par' dir='ltr' id='par_1_46' title="bbox 2137 1544 3796 1627">
     <span class='ocr_line' id='line_1_46' title="bbox 2137 1544 3796 1627; baseline 0.002 -27"><span class='ocrx_word' id='word_1_317' title='bbox 2137 1544 2293 1611; x_wconf 77' lang='grc' dir='ltr'>λαξον</span> <span class='ocrx_word' id='word_1_318' title='bbox 2323 1547 2470 1621; x_wconf 79' lang='grc' dir='ltr'>ἡμᾶς</span> <span class='ocrx_word' id='word_1_319' title='bbox 2499 1544 2583 1603; x_wconf 74' lang='grc' dir='ltr'><strong>διὰ</strong></span> <span class='ocrx_word' id='word_1_320' title='bbox 2613 1555 2706 1604; x_wconf 82' lang='grc' dir='ltr'>τοῦ</span> <span class='ocrx_word' id='word_1_321' title='bbox 2743 1553 2966 1621; x_wconf 76' lang='grc' dir='ltr'><strong>Χριστοῦ</strong></span> <span class='ocrx_word' id='word_1_322' title='bbox 3018 1569 3136 1622; x_wconf 86' lang='grc' dir='ltr'>σου,</span> <span class='ocrx_word' id='word_1_323' title='bbox 3195 1547 3466 1627; x_wconf 70' lang='grc' dir='ltr'>εἰρηνικὴν</span> <span class='ocrx_word' id='word_1_324' title='bbox 3499 1549 3796 1627; x_wconf 74' lang='grc' dir='ltr'><strong>παράσχου</strong></span> 
     </span>
    </p>
   </div>
   <div class='ocr_carea' id='block_1_47' title="bbox 2139 1636 3802 1718">
    <p class='ocr_par' dir='ltr' id='par_1_47' title="bbox 2139 1636 3802 1718">
     <span class='ocr_line' id='line_1_47' title="bbox 2139 1636 3802 1718; baseline 0.002 -26"><span class='ocrx_word' id='word_1_325' title='bbox 2139 1637 2236 1704; x_wconf 73' lang='grc' dir='ltr'>τὴν</span> <span class='ocrx_word' id='word_1_326' title='bbox 2281 1636 2626 1716; x_wconf 75' lang='grc' dir='ltr'>ἱσπέραν,καὶ</span> <span class='ocrx_word' id='word_1_327' title='bbox 2657 1639 2754 1706; x_wconf 79' lang='grc' dir='ltr'>τὴν</span> <span class='ocrx_word' id='word_1_328' title='bbox 2785 1639 2948 1698; x_wconf 79' lang='grc' dir='ltr'>νύκτα</span> <span class='ocrx_word' id='word_1_329' title='bbox 2981 1638 3384 1718; x_wconf 80' lang='grc' dir='ltr'><strong>ἀναμάρτητον,</strong></span> <span class='ocrx_word' id='word_1_330' title='bbox 3415 1641 3502 1695; x_wconf 82' lang='grc' dir='ltr'><strong>καὶ</strong></span> <span class='ocrx_word' id='word_1_331' title='bbox 3532 1638 3802 1703; x_wconf 71' lang='grc' dir='ltr'>καταξίω-</span> 
     </span>
    </p>
   </div>
   <div class='ocr_carea' id='block_1_48' title="bbox 2141 1725 3796 1807">
    <p class='ocr_par' dir='ltr' id='par_1_48' title="bbox 2141 1725 3796 1807">
     <span class='ocr_line' id='line_1_48' title="bbox 2141 1725 3796 1807; baseline 0.001 -25"><span class='ocrx_word' id='word_1_332' title='bbox 2141 1749 2230 1785; x_wconf 89' lang='grc' dir='ltr'><strong>σον</strong></span> <span class='ocrx_word' id='word_1_333' title='bbox 2259 1729 2402 1803; x_wconf 76' lang='grc' dir='ltr'>ἡμᾶς</span> <span class='ocrx_word' id='word_1_334' title='bbox 2433 1732 2532 1795; x_wconf 77' lang='grc' dir='ltr'>τῆς</span> <span class='ocrx_word' id='word_1_335' title='bbox 2565 1728 2780 1785; x_wconf 76' lang='grc' dir='ltr'>αἰωνίου</span> <span class='ocrx_word' id='word_1_336' title='bbox 2809 1728 2976 1804; x_wconf 71' lang='grc' dir='ltr'>ζωῆς,</span> <span class='ocrx_word' id='word_1_337' title='bbox 3012 1727 3098 1785; x_wconf 77' lang='grc' dir='ltr'>διὰ</span> <span class='ocrx_word' id='word_1_338' title='bbox 3127 1739 3224 1789; x_wconf 83' lang='grc' dir='ltr'>τοῦ</span> <span class='ocrx_word' id='word_1_339' title='bbox 3267 1735 3491 1807; x_wconf 76' lang='grc' dir='ltr'><strong>Χριστοῦ</strong></span> <span class='ocrx_word' id='word_1_340' title='bbox 3537 1751 3640 1786; x_wconf 87' lang='grc' dir='ltr'><strong>σου</strong></span> <span class='ocrx_word' id='word_1_341' title='bbox 3678 1747 3694 1764; x_wconf 79' lang='grc'><strong><em>⁸</em></strong></span> <span class='ocrx_word' id='word_1_342' title='bbox 3730 1725 3796 1783; x_wconf 80' lang='grc' dir='ltr'>δι’</span> 
     </span>
    </p>
   </div>
   <div class='ocr_carea' id='block_1_49' title="bbox 2138 1816 3793 1898">
    <p class='ocr_par' dir='ltr' id='par_1_49' title="bbox 2138 1816 3793 1898">
     <span class='ocr_line' id='line_1_49' title="bbox 2138 1816 3793 1898; baseline 0 -25"><span class='ocrx_word' id='word_1_343' title='bbox 2138 1817 2196 1873; x_wconf 79' lang='grc' dir='ltr'><strong>οὗ</strong></span> <span class='ocrx_word' id='word_1_344' title='bbox 2227 1840 2310 1874; x_wconf 80' lang='grc' dir='ltr'><strong>σοι</strong></span> <span class='ocrx_word' id='word_1_345' title='bbox 2341 1816 2486 1892; x_wconf 77' lang='grc' dir='ltr'>δόξα,</span> <span class='ocrx_word' id='word_1_346' title='bbox 2519 1818 2652 1893; x_wconf 74' lang='grc' dir='ltr'>τιμὴ</span> <span class='ocrx_word' id='word_1_347' title='bbox 2681 1818 2770 1877; x_wconf 81' lang='grc' dir='ltr'>καὶ</span> <span class='ocrx_word' id='word_1_348' title='bbox 2801 1816 2984 1889; x_wconf 79' lang='grc' dir='ltr'>σέϐας,</span> <span class='ocrx_word' id='word_1_349' title='bbox 3010 1819 3064 1875; x_wconf 77' lang='grc' dir='ltr'>ἐν</span> <span class='ocrx_word' id='word_1_350' title='bbox 3081 1819 3218 1898; x_wconf 74' lang='grc' dir='ltr'>ἁγίῳ</span> <span class='ocrx_word' id='word_1_351' title='bbox 3255 1818 3380 1898; x_wconf 79' lang='grc'>(54)</span> <span class='ocrx_word' id='word_1_352' title='bbox 3408 1820 3793 1893; x_wconf 76' lang='grc' dir='ltr'>Πνεύματι,εἷς</span> 
     </span>
    </p>
   </div>
   <div class='ocr_carea' id='block_1_50' title="bbox 2134 1903 3792 1984">
    <p class='ocr_par' dir='ltr' id='par_1_50' title="bbox 2134 1903 3792 1984">
     <span class='ocr_line' id='line_1_50' title="bbox 2134 1903 3792 1984; baseline 0 -21"><span class='ocrx_word' id='word_1_353' title='bbox 2134 1908 2254 1970; x_wconf 80' lang='grc' dir='ltr'>τοὺς</span> <span class='ocrx_word' id='word_1_354' title='bbox 2286 1907 2502 1971; x_wconf 85' lang='grc' dir='ltr'>αὶῶνας,</span> <span class='ocrx_word' id='word_1_355' title='bbox 2537 1906 2733 1982; x_wconf 77' lang='grc' dir='ltr'>Ἀμήν.</span> <span class='ocrx_word' id='word_1_356' title='bbox 2766 1903 2869 1968; x_wconf 81' lang='grc' dir='ltr'><strong>Καὶ</strong></span> <span class='ocrx_word' id='word_1_357' title='bbox 2901 1910 2928 1965; x_wconf 90' lang='lat'><strong>6</strong></span> <span class='ocrx_word' id='word_1_358' title='bbox 2977 1906 3219 1972; x_wconf 85' lang='grc' dir='ltr'>διάκονος</span> <span class='ocrx_word' id='word_1_359' title='bbox 3271 1907 3473 1984; x_wconf 68' lang='grc' dir='ltr'>λεγέτω</span> <span class='ocrx_word' id='word_1_360' title='bbox 3507 1927 3520 1940; x_wconf 86' lang='grc'><em>’</em></span> <span class='ocrx_word' id='word_1_361' title='bbox 3566 1907 3792 1966; x_wconf 73' lang='grc' dir='ltr'>Κλίνατε</span> 
     </span>
    </p>
   </div>
   <div class='ocr_carea' id='block_1_51' title="bbox 2134 1995 3794 2076">
    <p class='ocr_par' dir='ltr' id='par_1_51' title="bbox 2134 1995 3794 2076">
     <span class='ocr_line' id='line_1_51' title="bbox 2134 1995 3794 2076; baseline 0.004 -27"><span class='ocrx_word' id='word_1_362' title='bbox 2134 2003 2202 2073; x_wconf 72' lang='grc' dir='ltr'><strong>τῇ</strong></span> <span class='ocrx_word' id='word_1_363' title='bbox 2247 1997 2570 2076; x_wconf 76' lang='grc' dir='ltr'>χειροθεσίᾳ,</span> <span class='ocrx_word' id='word_1_364' title='bbox 2607 1999 2703 2056; x_wconf 81' lang='grc' dir='ltr'>Καὶ</span> <span class='ocrx_word' id='word_1_365' title='bbox 2761 2000 2789 2053; x_wconf 81' lang='lat'><strong>6</strong></span> <span class='ocrx_word' id='word_1_366' title='bbox 2821 1995 3110 2060; x_wconf 73' lang='grc' dir='ltr'>ἐπίσκοπος</span> <span class='ocrx_word' id='word_1_367' title='bbox 3163 1997 3406 2076; x_wconf 78' lang='grc' dir='ltr'><strong>λεγέτω·</strong></span> <span class='ocrx_word' id='word_1_368' title='bbox 3467 1999 3569 2054; x_wconf 64' lang='lat' dir='ltr'><strong>Bri</strong></span> <span class='ocrx_word' id='word_1_369' title='bbox 3618 1999 3794 2055; x_wconf 78' lang='grc' dir='ltr'>πατέ-</span> 
     </span>
    </p>
   </div>
   <div class='ocr_carea' id='block_1_52' title="bbox 2136 2086 3792 2167">
    <p class='ocr_par' dir='ltr' id='par_1_52' title="bbox 2136 2086 3792 2167">
     <span class='ocr_line' id='line_1_52' title="bbox 2136 2086 3792 2167; baseline 0.001 -25"><span class='ocrx_word' id='word_1_370' title='bbox 2136 2109 2238 2164; x_wconf 86' lang='grc' dir='ltr'><strong>ρων</strong></span> <span class='ocrx_word' id='word_1_371' title='bbox 2287 2087 2437 2166; x_wconf 74' lang='grc'>(55),</span> <span class='ocrx_word' id='word_1_372' title='bbox 2484 2088 2573 2142; x_wconf 86' lang='grc' dir='ltr'><strong>καὶ</strong></span> <span class='ocrx_word' id='word_1_373' title='bbox 2606 2087 2760 2158; x_wconf 77' lang='grc' dir='ltr'>Κύριε</span> <span class='ocrx_word' id='word_1_374' title='bbox 2786 2095 2878 2144; x_wconf 79' lang='grc' dir='ltr'>τοῦ</span> <span class='ocrx_word' id='word_1_375' title='bbox 2907 2086 3117 2166; x_wconf 75' lang='grc' dir='ltr'>ἑλέους,</span> <span class='ocrx_word' id='word_1_376' title='bbox 3149 2090 3176 2143; x_wconf 93' lang='lat'><strong>6</strong></span> <span class='ocrx_word' id='word_1_377' title='bbox 3223 2094 3292 2162; x_wconf 78' lang='grc' dir='ltr'><strong>τῇ</strong></span> <span class='ocrx_word' id='word_1_378' title='bbox 3323 2088 3481 2167; x_wconf 76' lang='grc' dir='ltr'>σοφίᾳ</span> <span class='ocrx_word' id='word_1_379' title='bbox 3525 2110 3627 2144; x_wconf 83' lang='grc' dir='ltr'><strong>σου</strong></span> <span class='ocrx_word' id='word_1_380' title='bbox 3686 2111 3792 2144; x_wconf 84' lang='grc' dir='ltr'>κα-</span> 
     </span>
    </p>
   </div>
   <div class='ocr_carea' id='block_1_53' title="bbox 2134 2174 3796 2255">
    <p class='ocr_par' dir='ltr' id='par_1_53' title="bbox 2134 2174 3796 2255">
     <span class='ocr_line' id='line_1_53' title="bbox 2134 2174 3796 2255; baseline 0.001 -25"><span class='ocrx_word' id='word_1_381' title='bbox 2134 2176 2464 2241; x_wconf 68' lang='grc' dir='ltr'>τασκευάσας</span> <span class='ocrx_word' id='word_1_382' title='bbox 2509 2175 2784 2246; x_wconf 78' lang='grc' dir='ltr'>ἄνθρωπον</span> <span class='ocrx_word' id='word_1_383' title='bbox 2827 2177 2887 2232; x_wconf 82' lang='grc' dir='ltr'>τὸ</span> <span class='ocrx_word' id='word_1_384' title='bbox 2948 2174 3164 2254; x_wconf 82' lang='grc' dir='ltr'>λογικὸν</span> <span class='ocrx_word' id='word_1_385' title='bbox 3207 2176 3368 2247; x_wconf 77' lang='grc' dir='ltr'>ζῶον,</span> <span class='ocrx_word' id='word_1_386' title='bbox 3424 2179 3486 2233; x_wconf 82' lang='grc' dir='ltr'><strong>τὸ</strong></span> <span class='ocrx_word' id='word_1_387' title='bbox 3545 2177 3796 2255; x_wconf 80' lang='grc' dir='ltr'>θεοφιλὲς</span> 
     </span>
    </p>
   </div>
   <div class='ocr_carea' id='block_1_54' title="bbox 2135 2262 3797 2344">
    <p class='ocr_par' dir='ltr' id='par_1_54' title="bbox 2135 2262 3797 2344">
     <span class='ocr_line' id='line_1_54' title="bbox 2135 2262 3797 2344; baseline 0 -24"><span class='ocrx_word' id='word_1_388' title='bbox 2135 2265 2240 2320; x_wconf 84' lang='grc' dir='ltr'>τῶν</span> <span class='ocrx_word' id='word_1_389' title='bbox 2282 2265 2369 2321; x_wconf 75' lang='grc' dir='ltr'><strong>ἒπὶ</strong></span> <span class='ocrx_word' id='word_1_390' title='bbox 2398 2269 2524 2342; x_wconf 80' lang='grc' dir='ltr'>γῆς,</span> <span class='ocrx_word' id='word_1_391' title='bbox 2559 2265 2646 2320; x_wconf 85' lang='grc' dir='ltr'>καὶ</span> <span class='ocrx_word' id='word_1_392' title='bbox 2677 2262 2798 2328; x_wconf 73' lang='grc' dir='ltr'>δοῦς</span> <span class='ocrx_word' id='word_1_393' title='bbox 2829 2266 2972 2337; x_wconf 73' lang='grc' dir='ltr'>αὖτῴ</span> <span class='ocrx_word' id='word_1_394' title='bbox 3000 2265 3108 2320; x_wconf 74' lang='grc' dir='ltr'>τῶν</span> <span class='ocrx_word' id='word_1_395' title='bbox 3138 2267 3226 2320; x_wconf 64' lang='lat' dir='ltr'><strong>hri</strong></span> <span class='ocrx_word' id='word_1_396' title='bbox 3277 2269 3376 2330; x_wconf 83' lang='grc' dir='ltr'>τῆς</span> <span class='ocrx_word' id='word_1_397' title='bbox 3437 2268 3640 2344; x_wconf 74' lang='grc' dir='ltr'>χθονὸς</span> <span class='ocrx_word' id='word_1_398' title='bbox 3700 2263 3797 2339; x_wconf 72' lang='grc' dir='ltr'><strong>ἅρ-</strong></span> 
     </span>
    </p>
   </div>
   <div class='ocr_carea' id='block_1_55' title="bbox 2140 2352 3794 2433">
    <p class='ocr_par' dir='ltr' id='par_1_55' title="bbox 2140 2352 3794 2433">
     <span class='ocr_line' id='line_1_55' title="bbox 2140 2352 3794 2433; baseline 0.001 -24"><span class='ocrx_word' id='word_1_399' title='bbox 2140 2375 2286 2433; x_wconf 88' lang='grc' dir='ltr'>χειν,</span> <span class='ocrx_word' id='word_1_400' title='bbox 2332 2355 2418 2410; x_wconf 85' lang='grc' dir='ltr'><strong>καὶ</strong></span> <span class='ocrx_word' id='word_1_401' title='bbox 2449 2355 2793 2423; x_wconf 73' lang='grc' dir='ltr'>καταστήσας</span> <span class='ocrx_word' id='word_1_402' title='bbox 2827 2353 3020 2432; x_wconf 78' lang='grc' dir='ltr'>γνώμη</span> <span class='ocrx_word' id='word_1_403' title='bbox 3067 2353 3135 2429; x_wconf 74' lang='grc' dir='ltr'><strong>σῇ</strong></span> <span class='ocrx_word' id='word_1_404' title='bbox 3186 2352 3449 2433; x_wconf 74' lang='grc' dir='ltr'>ἄρχοντας</span> <span class='ocrx_word' id='word_1_405' title='bbox 3481 2356 3571 2410; x_wconf 85' lang='grc' dir='ltr'><strong>καὶ</strong></span> <span class='ocrx_word' id='word_1_406' title='bbox 3603 2358 3794 2432; x_wconf 76' lang='grc' dir='ltr'>ἱερεῖς,</span> 
     </span>
    </p>
   </div>
   <div class='ocr_carea' id='block_1_56' title="bbox 3631 248 3783 312">
    <p class='ocr_par' dir='ltr' id='par_1_56' title="bbox 3631 248 3783 312">
     <span class='ocr_line' id='line_1_56' title="bbox 3631 248 3783 312; baseline 0.02 -2"><span class='ocrx_word' id='word_1_407' title='bbox 3631 248 3783 312; x_wconf 66' lang='grc'><strong>1140</strong></span> 
     </span>
    </p>
   </div>
   <div class='ocr_carea' id='block_1_57' title="bbox 2139 2441 3796 2523">
    <p class='ocr_par' dir='ltr' id='par_1_57' title="bbox 2139 2441 3796 2523">
     <span class='ocr_line' id='line_1_57' title="bbox 2139 2441 3796 2523; baseline 0.001 -23"><span class='ocrx_word' id='word_1_408' title='bbox 2139 2445 2258 2507; x_wconf 83' lang='grc' dir='ltr'>τοὺς</span> <span class='ocrx_word' id='word_1_409' title='bbox 2285 2444 2384 2518; x_wconf 77' lang='grc' dir='ltr'>μὲν</span> <span class='ocrx_word' id='word_1_410' title='bbox 2415 2444 2546 2523; x_wconf 80' lang='grc' dir='ltr'>πρὸς</span> <span class='ocrx_word' id='word_1_411' title='bbox 2579 2443 2873 2522; x_wconf 80' lang='grc' dir='ltr'>ἀσφάλειαν</span> <span class='ocrx_word' id='word_1_412' title='bbox 2905 2443 3002 2510; x_wconf 76' lang='grc' dir='ltr'>τῆς</span> <span class='ocrx_word' id='word_1_413' title='bbox 3052 2448 3221 2516; x_wconf 77' lang='grc' dir='ltr'>ζωῆς,</span> <span class='ocrx_word' id='word_1_414' title='bbox 3273 2444 3394 2508; x_wconf 71' lang='grc' dir='ltr'>τοῖις</span> <span class='ocrx_word' id='word_1_415' title='bbox 3427 2441 3480 2499; x_wconf 77' lang='grc' dir='ltr'><strong>δὲ</strong></span> <span class='ocrx_word' id='word_1_416' title='bbox 3513 2447 3656 2523; x_wconf 75' lang='grc' dir='ltr'>πρὸς</span> <span class='ocrx_word' id='word_1_417' title='bbox 3689 2457 3796 2501; x_wconf 76' lang='grc' dir='ltr'><strong>Λα-</strong></span> 
     </span>
    </p>
   </div>
   <div class='ocr_carea' id='block_1_58' title="bbox 2138 2531 3796 2612">
    <p class='ocr_par' dir='ltr' id='par_1_58' title="bbox 2138 2531 3796 2612">
     <span class='ocr_line' id='line_1_58' title="bbox 2138 2531 3796 2612; baseline 0.001 -25"><span class='ocrx_word' id='word_1_418' title='bbox 2138 2533 2313 2610; x_wconf 78' lang='grc' dir='ltr'>τρείαν</span> <span class='ocrx_word' id='word_1_419' title='bbox 2365 2531 2582 2607; x_wconf 68' lang='grc' dir='ltr'>ἔννομον</span> <span class='ocrx_word' id='word_1_420' title='bbox 2622 2550 2634 2563; x_wconf 90' lang='grc'><strong>·</strong></span> <span class='ocrx_word' id='word_1_421' title='bbox 2699 2531 2855 2598; x_wconf 74' lang='grc' dir='ltr'>αὐτὸς</span> <span class='ocrx_word' id='word_1_422' title='bbox 2905 2532 2990 2588; x_wconf 80' lang='grc' dir='ltr'><strong>καὶ</strong></span> <span class='ocrx_word' id='word_1_423' title='bbox 3035 2539 3123 2588; x_wconf 85' lang='grc' dir='ltr'>νῦν</span> <span class='ocrx_word' id='word_1_424' title='bbox 3176 2531 3568 2612; x_wconf 71' lang='grc' dir='ltr'>ἰπικάμφθητι,</span> <span class='ocrx_word' id='word_1_425' title='bbox 3634 2531 3796 2612; x_wconf 76' lang='grc' dir='ltr'>Κύριε</span> 
     </span>
    </p>
   </div>
   <div class='ocr_carea' id='block_1_59' title="bbox 2139 2619 3794 2702">
    <p class='ocr_par' dir='ltr' id='par_1_59' title="bbox 2139 2619 3794 2702">
     <span class='ocr_line' id='line_1_59' title="bbox 2139 2619 3794 2702; baseline 0 -24"><span class='ocrx_word' id='word_1_426' title='bbox 2139 2623 2530 2700; x_wconf 82' lang='grc' dir='ltr'>παντόκρατορ,</span> <span class='ocrx_word' id='word_1_427' title='bbox 2557 2622 2644 2678; x_wconf 81' lang='grc' dir='ltr'><strong>καὶ</strong></span> <span class='ocrx_word' id='word_1_428' title='bbox 2675 2619 2929 2702; x_wconf 70' lang='grc' dir='ltr'>ἆπίφανον</span> <span class='ocrx_word' id='word_1_429' title='bbox 2971 2623 3031 2679; x_wconf 82' lang='grc' dir='ltr'><strong>τὸ</strong></span> <span class='ocrx_word' id='word_1_430' title='bbox 3065 2621 3351 2700; x_wconf 85' lang='grc' dir='ltr'>πρόσωπόν</span> <span class='ocrx_word' id='word_1_431' title='bbox 3406 2643 3501 2678; x_wconf 88' lang='grc' dir='ltr'><strong>σου</strong></span> <span class='ocrx_word' id='word_1_432' title='bbox 3558 2623 3649 2679; x_wconf 74' lang='grc' dir='ltr'><strong>ἰπὶ</strong></span> <span class='ocrx_word' id='word_1_433' title='bbox 3706 2625 3794 2680; x_wconf 79' lang='grc' dir='ltr'>τὸν</span> 
     </span>
    </p>
   </div>
   <div class='ocr_carea' id='block_1_60' title="bbox 2134 2710 3790 2792">
    <p class='ocr_par' dir='ltr' id='par_1_60' title="bbox 2134 2710 3790 2792">
     <span class='ocr_line' id='line_1_60' title="bbox 2134 2710 3790 2792; baseline -0.001 -24"><span class='ocrx_word' id='word_1_434' title='bbox 2134 2711 2263 2768; x_wconf 77' lang='grc' dir='ltr'>λαόν</span> <span class='ocrx_word' id='word_1_435' title='bbox 2321 2733 2440 2786; x_wconf 88' lang='grc' dir='ltr'>σου,</span> <span class='ocrx_word' id='word_1_436' title='bbox 2494 2712 2614 2774; x_wconf 79' lang='grc' dir='ltr'>τοὺς</span> <span class='ocrx_word' id='word_1_437' title='bbox 2683 2711 3004 2786; x_wconf 82' lang='grc' dir='ltr'>κάμψαντας</span> <span class='ocrx_word' id='word_1_438' title='bbox 3063 2711 3268 2792; x_wconf 78' lang='grc' dir='ltr'>αὐχένα</span> <span class='ocrx_word' id='word_1_439' title='bbox 3316 2710 3528 2790; x_wconf 80' lang='grc' dir='ltr'>καρδίας</span> <span class='ocrx_word' id='word_1_440' title='bbox 3592 2715 3790 2788; x_wconf 74' lang='grc' dir='ltr'>αὐτῶν,</span> 
     </span>
    </p>
   </div>
   <div class='ocr_carea' id='block_1_61' title="bbox 2134 2798 3792 2882">
    <p class='ocr_par' dir='ltr' id='par_1_61' title="bbox 2134 2798 3792 2882">
     <span class='ocr_line' id='line_1_61' title="bbox 2134 2798 3792 2882; baseline 0.001 -26"><span class='ocrx_word' id='word_1_441' title='bbox 2134 2802 2220 2857; x_wconf 86' lang='grc' dir='ltr'><strong>καὶ</strong></span> <span class='ocrx_word' id='word_1_442' title='bbox 2268 2799 2560 2878; x_wconf 70' lang='grc' dir='ltr'>ὶῦλόγησον</span> <span class='ocrx_word' id='word_1_443' title='bbox 2617 2801 2807 2864; x_wconf 76' lang='grc' dir='ltr'>αὐτοὺς</span> <span class='ocrx_word' id='word_1_444' title='bbox 2863 2799 2949 2857; x_wconf 78' lang='grc' dir='ltr'>διὰ</span> <span class='ocrx_word' id='word_1_445' title='bbox 3007 2807 3254 2878; x_wconf 74' lang='grc' dir='ltr'>Χριστοῦ,</span> <span class='ocrx_word' id='word_1_446' title='bbox 3286 2798 3353 2856; x_wconf 85' lang='grc' dir='ltr'>δι’</span> <span class='ocrx_word' id='word_1_447' title='bbox 3403 2801 3464 2857; x_wconf 84' lang='grc' dir='ltr'><strong>οὗ</strong></span> <span class='ocrx_word' id='word_1_448' title='bbox 3522 2801 3792 2882; x_wconf 59' lang='grc' dir='ltr'>ἐῳώτισας</span> 
     </span>
    </p>
   </div>
   <div class='ocr_carea' id='block_1_62' title="bbox 2134 2888 3791 2971">
    <p class='ocr_par' dir='ltr' id='par_1_62' title="bbox 2134 2888 3791 2971">
     <span class='ocr_line' id='line_1_62' title="bbox 2134 2888 3791 2971; baseline 0.001 -27"><span class='ocrx_word' id='word_1_449' title='bbox 2134 2892 2276 2966; x_wconf 74' lang='grc' dir='ltr'>ἡμᾶς</span> <span class='ocrx_word' id='word_1_450' title='bbox 2322 2897 2434 2971; x_wconf 72' lang='grc' dir='ltr'><strong>φὼς</strong></span> <span class='ocrx_word' id='word_1_451' title='bbox 2478 2889 2751 2969; x_wconf 83' lang='grc' dir='ltr'>γνώσεως,</span> <span class='ocrx_word' id='word_1_452' title='bbox 2817 2891 2907 2947; x_wconf 83' lang='grc' dir='ltr'><strong>καὶ</strong></span> <span class='ocrx_word' id='word_1_453' title='bbox 2965 2888 3313 2965; x_wconf 78' lang='grc' dir='ltr'>ἀπεκάλυψας</span> <span class='ocrx_word' id='word_1_454' title='bbox 3368 2892 3506 2965; x_wconf 75' lang='grc' dir='ltr'>ἡμῖν</span> <span class='ocrx_word' id='word_1_455' title='bbox 3565 2893 3791 2948; x_wconf 69' lang='grc' dir='ltr'>σαυτόν’</span> 
     </span>
    </p>
   </div>
   <div class='ocr_carea' id='block_1_63' title="bbox 406 2977 2050 3063">
    <p class='ocr_par' dir='ltr' id='par_1_63' title="bbox 406 2977 2050 3063">
     <span class='ocr_line' id='line_1_63' title="bbox 406 2977 2050 3063; baseline -0.001 -17"><span class='ocrx_word' id='word_1_456' title='bbox 406 2977 611 3049; x_wconf 85' lang='lat' dir='ltr'><strong>velasti</strong></span> <span class='ocrx_word' id='word_1_457' title='bbox 635 2983 807 3046; x_wconf 91' lang='lat' dir='ltr'><strong>nobis</strong></span> <span class='ocrx_word' id='word_1_458' title='bbox 832 2983 1114 3063; x_wconf 84' lang='lat' dir='ltr'><strong>teipsum;</strong></span> <span class='ocrx_word' id='word_1_459' title='bbox 1145 3002 1279 3044; x_wconf 88' lang='lat' dir='ltr'><strong>cum</strong></span> <span class='ocrx_word' id='word_1_460' title='bbox 1315 3001 1431 3063; x_wconf 90' lang='lat' dir='ltr'><strong>quo</strong></span> <span class='ocrx_word' id='word_1_461' title='bbox 1463 2983 1538 3043; x_wconf 83' lang='lat' dir='ltr'><strong>ab</strong></span> <span class='ocrx_word' id='word_1_462' title='bbox 1569 2983 1731 3043; x_wconf 91' lang='lat' dir='ltr'><strong>omni</strong></span> <span class='ocrx_word' id='word_1_463' title='bbox 1778 2982 2050 3044; x_wconf 79' lang='lat' dir='ltr'><strong>rationali</strong></span> 
     </span>
    </p>
   </div>
   <div class='ocr_carea' id='block_1_64' title="bbox 2140 2977 3793 3063">
    <p class='ocr_par' dir='ltr' id='par_1_64' title="bbox 2141 2977 3793 3058">
     <span class='ocr_line' id='line_1_64' title="bbox 2141 2977 3793 3058; baseline 0.002 -22"><span class='ocrx_word' id='word_1_464' title='bbox 2141 2979 2258 3056; x_wconf 82' lang='grc' dir='ltr'>μεθ’</span> <span class='ocrx_word' id='word_1_465' title='bbox 2317 2982 2378 3036; x_wconf 78' lang='grc' dir='ltr'>οὗ</span> <span class='ocrx_word' id='word_1_466' title='bbox 2415 3002 2498 3038; x_wconf 89' lang='grc' dir='ltr'><strong>σοι</strong></span> <span class='ocrx_word' id='word_1_467' title='bbox 2569 2979 2658 3036; x_wconf 80' lang='grc' dir='ltr'>καὶ</span> <span class='ocrx_word' id='word_1_468' title='bbox 2717 2980 2750 3047; x_wconf 79' lang='grc' dir='ltr'><strong>ἡ</strong></span> <span class='ocrx_word' id='word_1_469' title='bbox 2814 2977 3027 3045; x_wconf 70' lang='grc' dir='ltr'>ἐπάξιος</span> <span class='ocrx_word' id='word_1_470' title='bbox 3099 2978 3369 3058; x_wconf 76' lang='grc' dir='ltr'>ὀφείλεται</span> <span class='ocrx_word' id='word_1_471' title='bbox 3428 2983 3793 3058; x_wconf 71' lang='grc' dir='ltr'>προσκύνησις</span> 
     </span>
    </p>
   </div>
   <div class='ocr_carea' id='block_1_65' title="bbox 409 3070 2058 3151">
    <p class='ocr_par' dir='ltr' id='par_1_65' title="bbox 409 3070 2058 3151">
     <span class='ocr_line' id='line_1_65' title="bbox 409 3070 2058 3151; baseline -0.004 -12"><span class='ocrx_word' id='word_1_472' title='bbox 409 3084 465 3139; x_wconf 89' lang='lat' dir='ltr'><strong>et</strong></span> <span class='ocrx_word' id='word_1_473' title='bbox 485 3081 686 3136; x_wconf 86' lang='lat' dir='ltr'><strong>sancta</strong></span> <span class='ocrx_word' id='word_1_474' title='bbox 708 3081 917 3134; x_wconf 86' lang='lat' dir='ltr'><strong>natura</strong></span> <span class='ocrx_word' id='word_1_475' title='bbox 932 3071 1186 3135; x_wconf 90' lang='lat' dir='ltr'><strong>debetur</strong></span> <span class='ocrx_word' id='word_1_476' title='bbox 1209 3070 1314 3133; x_wconf 89' lang='lat' dir='ltr'><strong>tibi</strong></span> <span class='ocrx_word' id='word_1_477' title='bbox 1347 3070 1616 3133; x_wconf 87' lang='lat' dir='ltr'><strong>aboratio</strong></span> <span class='ocrx_word' id='word_1_478' title='bbox 1640 3071 1960 3151; x_wconf 78' lang='lat' dir='ltr'><strong>condigna,</strong></span> <span class='ocrx_word' id='word_1_479' title='bbox 2001 3080 2058 3132; x_wconf 90' lang='lat' dir='ltr'><strong>et</strong></span> 
     </span>
    </p>
   </div>
   <div class='ocr_carea' id='block_1_66' title="bbox 407 3159 2061 3244">
    <p class='ocr_par' dir='ltr' id='par_1_66' title="bbox 407 3159 2061 3244">
     <span class='ocr_line' id='line_1_66' title="bbox 407 3159 2061 3244; baseline -0.004 -16"><span class='ocrx_word' id='word_1_480' title='bbox 407 3163 648 3244; x_wconf 89' lang='lat' dir='ltr'><strong>Spiritui</strong></span> <span class='ocrx_word' id='word_1_481' title='bbox 677 3162 1011 3243; x_wconf 90' lang='lat' dir='ltr'><strong>Paracleto,</strong></span> <span class='ocrx_word' id='word_1_482' title='bbox 1045 3162 1102 3223; x_wconf 91' lang='lat' dir='ltr'><strong>in</strong></span> <span class='ocrx_word' id='word_1_483' title='bbox 1137 3161 1378 3224; x_wconf 85' lang='lat' dir='ltr'><strong>saecula.</strong></span> <span class='ocrx_word' id='word_1_484' title='bbox 1413 3165 1636 3224; x_wconf 85' lang='lat' dir='ltr'><strong>Amen.</strong></span> <span class='ocrx_word' id='word_1_485' title='bbox 1674 3159 1744 3222; x_wconf 88' lang='lat' dir='ltr'><strong>Et</strong></span> <span class='ocrx_word' id='word_1_486' title='bbox 1773 3161 2061 3222; x_wconf 86' lang='lat' dir='ltr'><strong>diaconus</strong></span> 
     </span>
    </p>
   </div>
   <div class='ocr_carea' id='block_1_67' title="bbox 408 3249 2060 3330">
    <p class='ocr_par' dir='ltr' id='par_1_67' title="bbox 408 3249 2060 3330">
     <span class='ocr_line' id='line_1_67' title="bbox 408 3249 2060 3330; baseline -0.002 -15"><span class='ocrx_word' id='word_1_487' title='bbox 408 3253 571 3316; x_wconf 86' lang='lat' dir='ltr'><strong>dicat</strong></span> <span class='ocrx_word' id='word_1_488' title='bbox 596 3271 609 3316; x_wconf 91' lang='lat'>:</span> <span class='ocrx_word' id='word_1_489' title='bbox 633 3252 802 3316; x_wconf 87' lang='lat' dir='ltr'><strong>Exite</strong></span> <span class='ocrx_word' id='word_1_490' title='bbox 821 3251 879 3312; x_wconf 92' lang='lat' dir='ltr'><strong>in</strong></span> <span class='ocrx_word' id='word_1_491' title='bbox 897 3251 1342 3330; x_wconf 87' lang='lat' dir='ltr'><strong>pace.Similem</strong></span> <span class='ocrx_word' id='word_1_492' title='bbox 1374 3249 1434 3311; x_wconf 92' lang='lat' dir='ltr'><strong>in</strong></span> <span class='ocrx_word' id='word_1_493' title='bbox 1461 3251 1706 3311; x_wconf 91' lang='lat' dir='ltr'><strong>modum</strong></span> <span class='ocrx_word' id='word_1_494' title='bbox 1733 3251 2060 3326; x_wconf 89' lang='lat' dir='ltr'><strong>mane,dia-</strong></span> 
     </span>
    </p>
   </div>
   <div class='ocr_carea' id='block_1_68' title="bbox 409 3339 2058 3420">
    <p class='ocr_par' dir='ltr' id='par_1_68' title="bbox 409 3339 2058 3420">
     <span class='ocr_line' id='line_1_68' title="bbox 409 3339 2058 3420; baseline -0.003 -14"><span class='ocrx_word' id='word_1_495' title='bbox 409 3362 619 3416; x_wconf 88' lang='lat' dir='ltr'><strong>conus,</strong></span> <span class='ocrx_word' id='word_1_496' title='bbox 644 3360 778 3403; x_wconf 93' lang='lat' dir='ltr'><strong>cum</strong></span> <span class='ocrx_word' id='word_1_497' title='bbox 811 3341 1005 3402; x_wconf 88' lang='lat' dir='ltr'><strong>dictus</strong></span> <span class='ocrx_word' id='word_1_498' title='bbox 1028 3341 1206 3402; x_wconf 87' lang='lat' dir='ltr'><strong>fuerit</strong></span> <span class='ocrx_word' id='word_1_499' title='bbox 1233 3339 1499 3420; x_wconf 89' lang='lat' dir='ltr'><strong>psalmus</strong></span> <span class='ocrx_word' id='word_1_500' title='bbox 1532 3341 2058 3414; x_wconf 85' lang='lat' dir='ltr'><strong>matutinus,cum-</strong></span> 
     </span>
    </p>
   </div>
   <div class='ocr_carea' id='block_1_69' title="bbox 410 3430 2046 3514">
    <p class='ocr_par' dir='ltr' id='par_1_69' title="bbox 410 3430 2046 3514">
     <span class='ocr_line' id='line_1_69' title="bbox 410 3430 2046 3514; baseline -0.003 -19"><span class='ocrx_word' id='word_1_501' title='bbox 410 3452 526 3514; x_wconf 89' lang='lat' dir='ltr'><strong>que</strong></span> <span class='ocrx_word' id='word_1_502' title='bbox 555 3433 684 3512; x_wconf 90' lang='lat' dir='ltr'><strong>ipse</strong></span> <span class='ocrx_word' id='word_1_503' title='bbox 715 3430 1013 3492; x_wconf 88' lang='lat' dir='ltr'><strong>dimiserit</strong></span> <span class='ocrx_word' id='word_1_504' title='bbox 1043 3430 1533 3509; x_wconf 85' lang='lat' dir='ltr'><strong>catechumenos,</strong></span> <span class='ocrx_word' id='word_1_505' title='bbox 1588 3448 2046 3509; x_wconf 78' lang='lat' dir='ltr'><strong>energumenos,</strong></span> 
     </span>
    </p>
   </div>
   <div class='ocr_carea' id='block_1_70' title="bbox 407 3519 2046 3601">
    <p class='ocr_par' dir='ltr' id='par_1_70' title="bbox 407 3519 2046 3601">
     <span class='ocr_line' id='line_1_70' title="bbox 407 3519 2046 3601; baseline -0.003 -16"><span class='ocrx_word' id='word_1_506' title='bbox 407 3527 912 3601; x_wconf 83' lang='lat' dir='ltr'><strong>competentes,ac</strong></span> <span class='ocrx_word' id='word_1_507' title='bbox 946 3520 1322 3599; x_wconf 73' lang='lat' dir='ltr'><strong>pmnitentes,</strong></span> <span class='ocrx_word' id='word_1_508' title='bbox 1360 3519 1686 3600; x_wconf 82' lang='lat' dir='ltr'><strong>feceritque</strong></span> <span class='ocrx_word' id='word_1_509' title='bbox 1719 3521 2046 3581; x_wconf 84' lang='lat' dir='ltr'><strong>solemnem</strong></span> 
     </span>
    </p>
   </div>
   <div class='ocr_carea' id='block_1_71' title="bbox 407 3608 2052 3693">
    <p class='ocr_par' dir='ltr' id='par_1_71' title="bbox 407 3608 2052 3693">
     <span class='ocr_line' id='line_1_71' title="bbox 407 3608 2052 3693; baseline -0.002 -19"><span class='ocrx_word' id='word_1_510' title='bbox 407 3610 811 3693; x_wconf 88' lang='lat' dir='ltr'><strong>precationem</strong></span> <span class='ocrx_word' id='word_1_511' title='bbox 857 3611 956 3688; x_wconf 88' lang='lat' dir='ltr'><strong>(ne</strong></span> <span class='ocrx_word' id='word_1_512' title='bbox 1001 3609 1214 3669; x_wconf 83' lang='lat' dir='ltr'><strong>iterum</strong></span> <span class='ocrx_word' id='word_1_513' title='bbox 1249 3608 1458 3670; x_wconf 87' lang='lat' dir='ltr'><strong>eadem</strong></span> <span class='ocrx_word' id='word_1_514' title='bbox 1487 3609 1837 3688; x_wconf 81' lang='lat' dir='ltr'><strong>referamus)</strong></span> <span class='ocrx_word' id='word_1_515' title='bbox 1870 3628 1886 3684; x_wconf 86' lang='lat'><strong>;</strong></span> <span class='ocrx_word' id='word_1_516' title='bbox 1923 3619 2052 3690; x_wconf 84' lang='lat' dir='ltr'><strong>post</strong></span> 
     </span>
    </p>
   </div>
   <div class='ocr_carea' id='block_1_72' title="bbox 407 3699 2045 3785">
    <p class='ocr_par' dir='ltr' id='par_1_72' title="bbox 407 3699 2045 3785">
     <span class='ocr_line' id='line_1_72' title="bbox 407 3699 2045 3785; baseline -0.001 -23"><span class='ocrx_word' id='word_1_517' title='bbox 407 3701 554 3764; x_wconf 93' lang='lat' dir='ltr'><strong>illud</strong></span> <span class='ocrx_word' id='word_1_518' title='bbox 593 3721 606 3763; x_wconf 91' lang='lat'><strong>:</strong></span> <span class='ocrx_word' id='word_1_519' title='bbox 635 3701 816 3760; x_wconf 87' lang='lat' dir='ltr'><strong>Serva</strong></span> <span class='ocrx_word' id='word_1_520' title='bbox 841 3718 970 3780; x_wconf 85' lang='lat' dir='ltr'><strong>nos,</strong></span> <span class='ocrx_word' id='word_1_521' title='bbox 1012 3703 1189 3772; x_wconf 91' lang='lat' dir='ltr'><strong>Deus,</strong></span> <span class='ocrx_word' id='word_1_522' title='bbox 1225 3707 1283 3761; x_wconf 91' lang='lat' dir='ltr'><strong>et</strong></span> <span class='ocrx_word' id='word_1_523' title='bbox 1316 3699 1537 3758; x_wconf 89' lang='lat' dir='ltr'><strong>suscita</strong></span> <span class='ocrx_word' id='word_1_524' title='bbox 1570 3700 1628 3759; x_wconf 93' lang='lat' dir='ltr'><strong>in</strong></span> <span class='ocrx_word' id='word_1_525' title='bbox 1687 3702 1874 3778; x_wconf 83' lang='lat' dir='ltr'><strong>gratia</strong></span> <span class='ocrx_word' id='word_1_526' title='bbox 1908 3710 2045 3785; x_wconf 76' lang='lat' dir='ltr'><strong>tua;</strong></span> 
     </span>
    </p>
   </div>
   <div class='ocr_carea' id='block_1_73' title="bbox 409 3787 2050 3868">
    <p class='ocr_par' dir='ltr' id='par_1_73' title="bbox 409 3787 2050 3868">
     <span class='ocr_line' id='line_1_73' title="bbox 409 3787 2050 3868; baseline 0 -16"><span class='ocrx_word' id='word_1_527' title='bbox 409 3788 727 3868; x_wconf 76' lang='lat' dir='ltr'><strong>subjungat</strong></span> <span class='ocrx_word' id='word_1_528' title='bbox 761 3805 773 3846; x_wconf 94' lang='lat'>:</span> <span class='ocrx_word' id='word_1_529' title='bbox 835 3787 1205 3848; x_wconf 80' lang='lat' dir='ltr'><strong>Postulr-mus</strong></span> <span class='ocrx_word' id='word_1_530' title='bbox 1256 3805 1288 3847; x_wconf 89' lang='lat' dir='ltr'><strong>a</strong></span> <span class='ocrx_word' id='word_1_531' title='bbox 1319 3787 1574 3849; x_wconf 88' lang='lat' dir='ltr'><strong>Domino</strong></span> <span class='ocrx_word' id='word_1_532' title='bbox 1608 3787 2050 3852; x_wconf 83' lang='lat' dir='ltr'><strong>misericordias</strong></span> 
     </span>
    </p>
   </div>
   <div class='ocr_carea' id='block_1_74' title="bbox 409 3875 2049 3956">
    <p class='ocr_par' dir='ltr' id='par_1_74' title="bbox 409 3875 2049 3956">
     <span class='ocr_line' id='line_1_74' title="bbox 409 3875 2049 3956; baseline 0.001 -17"><span class='ocrx_word' id='word_1_533' title='bbox 409 3879 538 3956; x_wconf 83' lang='lat' dir='ltr'><strong>ejus</strong></span> <span class='ocrx_word' id='word_1_534' title='bbox 567 3884 742 3955; x_wconf 89' lang='lat' dir='ltr'><strong>atque</strong></span> <span class='ocrx_word' id='word_1_535' title='bbox 776 3875 1208 3950; x_wconf 82' lang='lat' dir='ltr'><strong>miserationes,</strong></span> <span class='ocrx_word' id='word_1_536' title='bbox 1245 3877 1355 3937; x_wconf 92' lang='lat' dir='ltr'><strong>hoc</strong></span> <span class='ocrx_word' id='word_1_537' title='bbox 1393 3877 1741 3936; x_wconf 89' lang='lat' dir='ltr'><strong>matutinum</strong></span> <span class='ocrx_word' id='word_1_538' title='bbox 1783 3886 1841 3939; x_wconf 87' lang='lat' dir='ltr'><strong>et</strong></span> <span class='ocrx_word' id='word_1_539' title='bbox 1894 3879 2049 3940; x_wconf 91' lang='lat' dir='ltr'><strong>hunc</strong></span> 
     </span>
    </p>
   </div>
   <div class='ocr_carea' id='block_1_75' title="bbox 406 3966 2048 4047">
    <p class='ocr_par' dir='ltr' id='par_1_75' title="bbox 406 3966 2048 4047">
     <span class='ocr_line' id='line_1_75' title="bbox 406 3966 2048 4047; baseline 0 -19"><span class='ocrx_word' id='word_1_540' title='bbox 406 3967 593 4038; x_wconf 87' lang='lat' dir='ltr'><strong>diem,</strong></span> <span class='ocrx_word' id='word_1_541' title='bbox 626 3973 1031 4040; x_wconf 90' lang='lat' dir='ltr'><strong>cunctumque</strong></span> <span class='ocrx_word' id='word_1_542' title='bbox 1055 3966 1546 4044; x_wconf 83' lang='lat' dir='ltr'><strong>peregrinationis</strong></span> <span class='ocrx_word' id='word_1_543' title='bbox 1573 3975 1786 4026; x_wconf 66' lang='lat' dir='ltr'><strong>nostra)</strong></span> <span class='ocrx_word' id='word_1_544' title='bbox 1818 3976 2048 4047; x_wconf 88' lang='lat' dir='ltr'><strong>tempus</strong></span> 
     </span>
    </p>
   </div>
   <div class='ocr_carea' id='block_1_76' title="bbox 407 4055 2045 4136">
    <p class='ocr_par' dir='ltr' id='par_1_76' title="bbox 407 4055 2045 4136">
     <span class='ocr_line' id='line_1_76' title="bbox 407 4055 2045 4136; baseline 0.001 -19"><span class='ocrx_word' id='word_1_545' title='bbox 407 4065 676 4136; x_wconf 89' lang='lat' dir='ltr'><strong>pacatum</strong></span> <span class='ocrx_word' id='word_1_546' title='bbox 700 4071 766 4114; x_wconf 86' lang='lat' dir='ltr'><strong>ac</strong></span> <span class='ocrx_word' id='word_1_547' title='bbox 791 4061 1033 4133; x_wconf 90' lang='lat' dir='ltr'><strong>peccato</strong></span> <span class='ocrx_word' id='word_1_548' title='bbox 1061 4055 1614 4134; x_wconf 84' lang='lat' dir='ltr'><strong>vacuum,angelum</strong></span> <span class='ocrx_word' id='word_1_549' title='bbox 1648 4056 1778 4135; x_wconf 83' lang='lat' dir='ltr'><strong>paci</strong></span> <span class='ocrx_word' id='word_1_550' title='bbox 1815 4075 2045 4136; x_wconf 60' lang='lat' dir='ltr'><strong>praepo-</strong></span> 
     </span>
    </p>
   </div>
   <div class='ocr_carea' id='block_1_77' title="bbox 403 4143 2050 4226">
    <p class='ocr_par' dir='ltr' id='par_1_77' title="bbox 403 4143 2050 4226">
     <span class='ocr_line' id='line_1_77' title="bbox 403 4143 2050 4226; baseline 0.001 -20"><span class='ocrx_word' id='word_1_551' title='bbox 403 4143 794 4223; x_wconf 85' lang='lat' dir='ltr'><strong>situm,finem</strong></span> <span class='ocrx_word' id='word_1_552' title='bbox 819 4143 954 4205; x_wconf 59' lang='lat' dir='ltr'><strong>vita</strong></span> <span class='ocrx_word' id='word_1_553' title='bbox 977 4144 1408 4225; x_wconf 89' lang='lat' dir='ltr'><strong>Christianum,</strong></span> <span class='ocrx_word' id='word_1_554' title='bbox 1437 4144 1622 4206; x_wconf 85' lang='lat' dir='ltr'><strong>Deum</strong></span> <span class='ocrx_word' id='word_1_555' title='bbox 1649 4146 1963 4226; x_wconf 89' lang='lat' dir='ltr'><strong>propitium</strong></span> <span class='ocrx_word' id='word_1_556' title='bbox 1994 4156 2050 4208; x_wconf 93' lang='lat' dir='ltr'><strong>et</strong></span> 
     </span>
    </p>
   </div>
   <div class='ocr_carea' id='block_1_78' title="bbox 405 4231 2046 4315">
    <p class='ocr_par' dir='ltr' id='par_1_78' title="bbox 405 4231 2046 4315">
     <span class='ocr_line' id='line_1_78' title="bbox 405 4231 2046 4315; baseline -0.001 -18"><span class='ocrx_word' id='word_1_557' title='bbox 405 4234 785 4297; x_wconf 84' lang='lat' dir='ltr'><strong>clementem.</strong></span> <span class='ocrx_word' id='word_1_558' title='bbox 820 4231 937 4294; x_wconf 85' lang='lat' dir='ltr'><strong>Nos</strong></span> <span class='ocrx_word' id='word_1_559' title='bbox 969 4234 1223 4314; x_wconf 83' lang='lat' dir='ltr'><strong>ipsos,et</strong></span> <span class='ocrx_word' id='word_1_560' title='bbox 1256 4234 1710 4315; x_wconf 84' lang='lat' dir='ltr'><strong>mutuo,viventi</strong></span> <span class='ocrx_word' id='word_1_561' title='bbox 1740 4237 1859 4297; x_wconf 92' lang='lat' dir='ltr'><strong>Deo</strong></span> <span class='ocrx_word' id='word_1_562' title='bbox 1877 4255 2046 4297; x_wconf 89' lang='lat' dir='ltr'><strong>com-</strong></span> 
     </span>
    </p>
   </div>
   <div class='ocr_carea' id='block_1_79' title="bbox 484 4418 1098 4495">
    <p class='ocr_par' dir='ltr' id='par_1_79' title="bbox 484 4418 1098 4495">
     <span class='ocr_line' id='line_1_79' title="bbox 484 4418 1098 4495; baseline 0.003 -14"><span class='ocrx_word' id='word_1_563' title='bbox 484 4420 549 4472; x_wconf 74' lang='lat'><strong>83</strong></span> <span class='ocrx_word' id='word_1_564' title='bbox 575 4418 733 4482; x_wconf 70' lang='lat' dir='ltr'><strong>Psal,</strong></span> <span class='ocrx_word' id='word_1_565' title='bbox 768 4435 966 4495; x_wconf 76' lang='lat' dir='ltr'><strong>unu,</strong></span> <span class='ocrx_word' id='word_1_566' title='bbox 1006 4421 1098 4483; x_wconf 86' lang='lat'><strong>16.</strong></span> 
     </span>
    </p>
   </div>
   <div class='ocr_carea' id='block_1_80' title="bbox 2143 3067 3796 3148">
    <p class='ocr_par' dir='ltr' id='par_1_80' title="bbox 2143 3067 3796 3148">
     <span class='ocr_line' id='line_1_80' title="bbox 2143 3067 3796 3148; baseline 0.001 -22"><span class='ocrx_word' id='word_1_567' title='bbox 2143 3071 2283 3130; x_wconf 69' lang='grc' dir='ltr'>παρὰ</span> <span class='ocrx_word' id='word_1_568' title='bbox 2313 3070 2490 3137; x_wconf 85' lang='grc' dir='ltr'>πάσης</span> <span class='ocrx_word' id='word_1_569' title='bbox 2521 3067 2748 3147; x_wconf 76' lang='grc' dir='ltr'>λογικῆς</span> <span class='ocrx_word' id='word_1_570' title='bbox 2802 3070 2890 3126; x_wconf 82' lang='grc' dir='ltr'>καὶ</span> <span class='ocrx_word' id='word_1_571' title='bbox 2936 3069 3090 3147; x_wconf 78' lang='grc' dir='ltr'>ἁγίας</span> <span class='ocrx_word' id='word_1_572' title='bbox 3135 3068 3368 3148; x_wconf 78' lang='grc' dir='ltr'>φύσεως,</span> <span class='ocrx_word' id='word_1_573' title='bbox 3400 3073 3489 3126; x_wconf 88' lang='grc' dir='ltr'><strong>καὶ</strong></span> <span class='ocrx_word' id='word_1_574' title='bbox 3521 3073 3796 3147; x_wconf 78' lang='grc' dir='ltr'>Πνεύματι</span> 
     </span>
    </p>
   </div>
   <div class='ocr_carea' id='block_1_81' title="bbox 2142 3156 3790 3238">
    <p class='ocr_par' dir='ltr' id='par_1_81' title="bbox 2142 3156 3790 3238">
     <span class='ocr_line' id='line_1_81' title="bbox 2142 3156 3790 3238; baseline -0.005 -22"><span class='ocrx_word' id='word_1_575' title='bbox 2142 3163 2217 3233; x_wconf 88' lang='grc' dir='ltr'>τῷ</span> <span class='ocrx_word' id='word_1_576' title='bbox 2262 3157 2618 3238; x_wconf 81' lang='grc' dir='ltr'>Παρακλήτῳ,</span> <span class='ocrx_word' id='word_1_577' title='bbox 2669 3160 2743 3222; x_wconf 72' lang='grc' dir='ltr'>εἰς</span> <span class='ocrx_word' id='word_1_578' title='bbox 2795 3159 2917 3223; x_wconf 83' lang='grc' dir='ltr'>τοὺς</span> <span class='ocrx_word' id='word_1_579' title='bbox 2968 3160 3193 3222; x_wconf 79' lang='grc' dir='ltr'>αἰῶνας,</span> <span class='ocrx_word' id='word_1_580' title='bbox 3226 3156 3425 3234; x_wconf 76' lang='grc' dir='ltr'>Ἀμήν,</span> <span class='ocrx_word' id='word_1_581' title='bbox 3459 3159 3567 3221; x_wconf 82' lang='grc' dir='ltr'><strong>Καὶ</strong></span> <span class='ocrx_word' id='word_1_582' title='bbox 3599 3165 3628 3217; x_wconf 83' lang='grc' dir='ltr'>ὁ</span> <span class='ocrx_word' id='word_1_583' title='bbox 3675 3161 3790 3219; x_wconf 69' lang='grc' dir='ltr'>διά-</span> 
     </span>
    </p>
   </div>
   <div class='ocr_carea' id='block_1_82' title="bbox 2141 3245 3791 3328">
    <p class='ocr_par' dir='ltr' id='par_1_82' title="bbox 2141 3245 3791 3328">
     <span class='ocr_line' id='line_1_82' title="bbox 2141 3245 3791 3328; baseline -0.007 -21"><span class='ocrx_word' id='word_1_584' title='bbox 2141 3272 2297 3314; x_wconf 88' lang='grc' dir='ltr'>κονος</span> <span class='ocrx_word' id='word_1_585' title='bbox 2353 3248 2556 3327; x_wconf 75' lang='grc' dir='ltr'>λεγέτω</span> <span class='ocrx_word' id='word_1_586' title='bbox 2595 3267 2608 3281; x_wconf 76' lang='grc' dir='ltr'><strong>ο</strong></span> <span class='ocrx_word' id='word_1_587' title='bbox 2658 3245 2947 3327; x_wconf 79' lang='grc' dir='ltr'>ηροὲλθετε</span> <span class='ocrx_word' id='word_1_588' title='bbox 3005 3247 3060 3304; x_wconf 75' lang='grc' dir='ltr'>ἐν</span> <span class='ocrx_word' id='word_1_589' title='bbox 3112 3247 3319 3327; x_wconf 72' lang='grc' dir='ltr'>εἰρήνῃ.</span> <span class='ocrx_word' id='word_1_590' title='bbox 3366 3247 3649 3316; x_wconf 80' lang='grc' dir='ltr'>Ὠσαότως</span> <span class='ocrx_word' id='word_1_591' title='bbox 3698 3255 3791 3328; x_wconf 74' lang='grc' dir='ltr'><strong>δρ-</strong></span> 
     </span>
    </p>
   </div>
   <div class='ocr_carea' id='block_1_83' title="bbox 2140 3337 3790 3421">
    <p class='ocr_par' dir='ltr' id='par_1_83' title="bbox 2140 3337 3790 3421">
     <span class='ocr_line' id='line_1_83' title="bbox 2140 3337 3790 3421; baseline 0.001 -26"><span class='ocrx_word' id='word_1_592' title='bbox 2140 3344 2286 3418; x_wconf 82' lang='grc' dir='ltr'>Θρου,</span> <span class='ocrx_word' id='word_1_593' title='bbox 2321 3341 2348 3396; x_wconf 84' lang='grc' dir='ltr'>ὁ</span> <span class='ocrx_word' id='word_1_594' title='bbox 2379 3337 2643 3413; x_wconf 81' lang='grc' dir='ltr'>διάκονος,</span> <span class='ocrx_word' id='word_1_595' title='bbox 2704 3339 2840 3414; x_wconf 80' lang='grc' dir='ltr'>μετὰ</span> <span class='ocrx_word' id='word_1_596' title='bbox 2881 3340 2944 3394; x_wconf 84' lang='grc' dir='ltr'>τὸ</span> <span class='ocrx_word' id='word_1_597' title='bbox 2999 3338 3221 3416; x_wconf 73' lang='grc' dir='ltr'>ῥηθῆναι</span> <span class='ocrx_word' id='word_1_598' title='bbox 3267 3340 3358 3395; x_wconf 85' lang='grc' dir='ltr'><strong>τὸν</strong></span> <span class='ocrx_word' id='word_1_599' title='bbox 3393 3339 3656 3421; x_wconf 80' lang='grc' dir='ltr'>ὂρθρινὸν,</span> <span class='ocrx_word' id='word_1_600' title='bbox 3705 3343 3790 3396; x_wconf 83' lang='grc' dir='ltr'><strong>καὶ</strong></span> 
     </span>
    </p>
   </div>
   <div class='ocr_carea' id='block_1_84' title="bbox 2141 3427 3783 3510">
    <p class='ocr_par' dir='ltr' id='par_1_84' title="bbox 2141 3427 3783 3510">
     <span class='ocr_line' id='line_1_84' title="bbox 2141 3427 3783 3510; baseline 0.001 -23"><span class='ocrx_word' id='word_1_601' title='bbox 2141 3429 2402 3488; x_wconf 79' lang='grc' dir='ltr'>ἀπολῦσαι</span> <span class='ocrx_word' id='word_1_602' title='bbox 2445 3429 2599 3485; x_wconf 74' lang='grc' dir='ltr'>αὐτὸν</span> <span class='ocrx_word' id='word_1_603' title='bbox 2632 3428 2752 3491; x_wconf 81' lang='grc' dir='ltr'>τοὺς</span> <span class='ocrx_word' id='word_1_604' title='bbox 2798 3427 3264 3508; x_wconf 75' lang='grc' dir='ltr'>κατηχουμένους,</span> <span class='ocrx_word' id='word_1_605' title='bbox 3310 3430 3398 3484; x_wconf 86' lang='grc' dir='ltr'><strong>καὶ</strong></span> <span class='ocrx_word' id='word_1_606' title='bbox 3442 3431 3783 3510; x_wconf 75' lang='grc' dir='ltr'>χειμαζομέ-</span> 
     </span>
    </p>
   </div>
   <div class='ocr_carea' id='block_1_85' title="bbox 2135 3517 3786 3598">
    <p class='ocr_par' dir='ltr' id='par_1_85' title="bbox 2135 3517 3786 3598">
     <span class='ocr_line' id='line_1_85' title="bbox 2135 3517 3786 3598; baseline -0.001 -20"><span class='ocrx_word' id='word_1_607' title='bbox 2135 3542 2279 3597; x_wconf 83' lang='grc' dir='ltr'>νους,</span> <span class='ocrx_word' id='word_1_608' title='bbox 2314 3519 2401 3576; x_wconf 77' lang='grc' dir='ltr'><strong>καὶ</strong></span> <span class='ocrx_word' id='word_1_609' title='bbox 2449 3519 2890 3598; x_wconf 74' lang='grc' dir='ltr'>βαπτιζομένους,</span> <span class='ocrx_word' id='word_1_610' title='bbox 2937 3523 3025 3574; x_wconf 85' lang='grc' dir='ltr'><strong>καὶ</strong></span> <span class='ocrx_word' id='word_1_611' title='bbox 3069 3518 3189 3580; x_wconf 80' lang='grc' dir='ltr'>τοὺς</span> <span class='ocrx_word' id='word_1_612' title='bbox 3249 3517 3304 3574; x_wconf 78' lang='grc' dir='ltr'>ἐν</span> <span class='ocrx_word' id='word_1_613' title='bbox 3353 3520 3638 3594; x_wconf 74' lang='grc' dir='ltr'>μετανοίᾳ,</span> <span class='ocrx_word' id='word_1_614' title='bbox 3700 3521 3786 3577; x_wconf 81' lang='grc' dir='ltr'>καὶ</span> 
     </span>
    </p>
   </div>
   <div class='ocr_carea' id='block_1_86' title="bbox 2135 3607 3784 3690">
    <p class='ocr_par' dir='ltr' id='par_1_86' title="bbox 2135 3607 3784 3690">
     <span class='ocr_line' id='line_1_86' title="bbox 2135 3607 3784 3690; baseline -0.002 -22"><span class='ocrx_word' id='word_1_615' title='bbox 2135 3613 2232 3680; x_wconf 75' lang='grc' dir='ltr'><strong>την</strong></span> <span class='ocrx_word' id='word_1_616' title='bbox 2262 3607 2618 3690; x_wconf 67' lang='grc' dir='ltr'>ὀφειλομένην</span> <span class='ocrx_word' id='word_1_617' title='bbox 2687 3609 3011 3678; x_wconf 80' lang='grc' dir='ltr'>ποιήσασθαι</span> <span class='ocrx_word' id='word_1_618' title='bbox 3072 3607 3474 3686; x_wconf 76' lang='grc' dir='ltr'>προσφώνησιν,</span> <span class='ocrx_word' id='word_1_619' title='bbox 3547 3609 3644 3665; x_wconf 72' lang='grc' dir='ltr'>’ἕνα</span> <span class='ocrx_word' id='word_1_620' title='bbox 3708 3610 3784 3685; x_wconf 76' lang='grc' dir='ltr'>μὴ</span> 
     </span>
    </p>
   </div>
   <div class='ocr_carea' id='block_1_87' title="bbox 2135 3695 3784 3778">
    <p class='ocr_par' dir='ltr' id='par_1_87' title="bbox 2135 3695 3784 3778">
     <span class='ocr_line' id='line_1_87' title="bbox 2135 3695 3784 3778; baseline -0.002 -22"><span class='ocrx_word' id='word_1_621' title='bbox 2135 3700 2295 3757; x_wconf 76' lang='grc' dir='ltr'>πάλιν</span> <span class='ocrx_word' id='word_1_622' title='bbox 2323 3699 2564 3778; x_wconf 83' lang='grc' dir='ltr'>λέγωμεν</span> <span class='ocrx_word' id='word_1_623' title='bbox 2623 3697 2688 3752; x_wconf 75' lang='grc' dir='ltr'>τὰ</span> <span class='ocrx_word' id='word_1_624' title='bbox 2732 3698 2885 3771; x_wconf 76' lang='grc' dir='ltr'>αὐτὰ,</span> <span class='ocrx_word' id='word_1_625' title='bbox 2942 3695 3239 3777; x_wconf 78' lang='grc' dir='ltr'>ἐπιφερέτω</span> <span class='ocrx_word' id='word_1_626' title='bbox 3269 3697 3408 3772; x_wconf 85' lang='grc' dir='ltr'>μετᾶ</span> <span class='ocrx_word' id='word_1_627' title='bbox 3436 3699 3498 3754; x_wconf 88' lang='grc' dir='ltr'><strong>τό</strong></span> <span class='ocrx_word' id='word_1_628' title='bbox 3533 3714 3547 3730; x_wconf 81' lang='grc'><strong>⁸</strong></span> <span class='ocrx_word' id='word_1_629' title='bbox 3600 3699 3784 3757; x_wconf 81' lang='grc' dir='ltr'>Σῶσον</span> 
     </span>
    </p>
   </div>
   <div class='ocr_carea' id='block_1_88' title="bbox 2135 3785 3783 3865">
    <p class='ocr_par' dir='ltr' id='par_1_88' title="bbox 2135 3785 3783 3865">
     <span class='ocr_line' id='line_1_88' title="bbox 2135 3785 3783 3865; baseline 0 -21"><span class='ocrx_word' id='word_1_630' title='bbox 2135 3789 2318 3852; x_wconf 71' lang='grc' dir='ltr'>αὖτοὺς</span> <span class='ocrx_word' id='word_1_631' title='bbox 2351 3790 2378 3844; x_wconf 93' lang='lat'><strong>6</strong></span> <span class='ocrx_word' id='word_1_632' title='bbox 2410 3788 2561 3859; x_wconf 76' lang='grc' dir='ltr'>Θεὸς,</span> <span class='ocrx_word' id='word_1_633' title='bbox 2595 3785 2683 3841; x_wconf 83' lang='grc' dir='ltr'><strong>καὶ</strong></span> <span class='ocrx_word' id='word_1_634' title='bbox 2713 3785 3013 3852; x_wconf 80' lang='grc' dir='ltr'>ἀνάστησον</span> <span class='ocrx_word' id='word_1_635' title='bbox 3044 3786 3097 3842; x_wconf 82' lang='grc' dir='ltr'>ἐν</span> <span class='ocrx_word' id='word_1_636' title='bbox 3167 3786 3234 3853; x_wconf 76' lang='grc' dir='ltr'>τῆ</span> <span class='ocrx_word' id='word_1_637' title='bbox 3277 3787 3462 3865; x_wconf 80' lang='grc' dir='ltr'>χάριτῖ</span> <span class='ocrx_word' id='word_1_638' title='bbox 3493 3809 3587 3847; x_wconf 75' lang='grc' dir='ltr'>σο.)</span> <span class='ocrx_word' id='word_1_639' title='bbox 3620 3804 3633 3817; x_wconf 82' lang='grc'><strong><em>⁵</em></strong></span> <span class='ocrx_word' id='word_1_640' title='bbox 3690 3791 3783 3846; x_wconf 78' lang='grc' dir='ltr'><strong>Αἰ-</strong></span> 
     </span>
    </p>
   </div>
   <div class='ocr_carea' id='block_1_89' title="bbox 2133 3873 3780 3953">
    <p class='ocr_par' dir='ltr' id='par_1_89' title="bbox 2133 3873 3780 3953">
     <span class='ocr_line' id='line_1_89' title="bbox 2133 3873 3780 3953; baseline 0.001 -20"><span class='ocrx_word' id='word_1_641' title='bbox 2133 3877 2419 3952; x_wconf 78' lang='grc' dir='ltr'>τησώμεθα</span> <span class='ocrx_word' id='word_1_642' title='bbox 2449 3875 2571 3953; x_wconf 81' lang='grc'>(56)</span> <span class='ocrx_word' id='word_1_643' title='bbox 2625 3875 2770 3953; x_wconf 76' lang='grc' dir='ltr'>παρὰ</span> <span class='ocrx_word' id='word_1_644' title='bbox 2830 3876 3017 3952; x_wconf 70' lang='grc' dir='ltr'>Κδρίου</span> <span class='ocrx_word' id='word_1_645' title='bbox 3066 3876 3130 3931; x_wconf 77' lang='grc' dir='ltr'>τὰ</span> <span class='ocrx_word' id='word_1_646' title='bbox 3180 3873 3305 3943; x_wconf 75' lang='grc' dir='ltr'>ἑλέη</span> <span class='ocrx_word' id='word_1_647' title='bbox 3352 3876 3509 3934; x_wconf 73' lang='grc' dir='ltr'>αὐτοῦ</span> <span class='ocrx_word' id='word_1_648' title='bbox 3539 3879 3780 3940; x_wconf 79' lang='grc' dir='ltr'>καὶτοὺς</span> 
     </span>
    </p>
   </div>
   <div class='ocr_carea' id='block_1_90' title="bbox 2134 3963 3774 4045">
    <p class='ocr_par' dir='ltr' id='par_1_90' title="bbox 2134 3963 3774 4045">
     <span class='ocr_line' id='line_1_90' title="bbox 2134 3963 3774 4045; baseline -0.001 -22"><span class='ocrx_word' id='word_1_649' title='bbox 2134 3967 2467 4045; x_wconf 76' lang='grc' dir='ltr'>οὶκτιρμοὺς,</span> <span class='ocrx_word' id='word_1_650' title='bbox 2503 3966 2594 4020; x_wconf 81' lang='grc' dir='ltr'>τὸν</span> <span class='ocrx_word' id='word_1_651' title='bbox 2653 3963 2837 4042; x_wconf 68' lang='grc' dir='ltr'>ὄρθρον</span> <span class='ocrx_word' id='word_1_652' title='bbox 2887 3966 3069 4020; x_wconf 83' lang='grc' dir='ltr'>τοῦτον</span> <span class='ocrx_word' id='word_1_653' title='bbox 3123 3965 3210 4020; x_wconf 76' lang='grc' dir='ltr'><strong>καὶ</strong></span> <span class='ocrx_word' id='word_1_654' title='bbox 3271 3965 3370 4032; x_wconf 73' lang='grc' dir='ltr'><strong>τὴν</strong></span> <span class='ocrx_word' id='word_1_655' title='bbox 3413 3965 3643 4044; x_wconf 75' lang='grc' dir='ltr'>ἡμέραν,</span> <span class='ocrx_word' id='word_1_656' title='bbox 3709 3970 3774 4022; x_wconf 78' lang='grc' dir='ltr'>εἰ·</span> 
     </span>
    </p>
   </div>
   <div class='ocr_carea' id='block_1_91' title="bbox 2133 4055 3778 4135">
    <p class='ocr_par' dir='ltr' id='par_1_91' title="bbox 2133 4055 3778 4135">
     <span class='ocr_line' id='line_1_91' title="bbox 2133 4055 3778 4135; baseline 0.002 -26"><span class='ocrx_word' id='word_1_657' title='bbox 2133 4057 2358 4135; x_wconf 77' lang='grc' dir='ltr'>ρηνικὴν</span> <span class='ocrx_word' id='word_1_658' title='bbox 2392 4056 2479 4111; x_wconf 78' lang='grc' dir='ltr'><strong>καὶ</strong></span> <span class='ocrx_word' id='word_1_659' title='bbox 2539 4055 2933 4133; x_wconf 63' lang='grc' dir='ltr'>ἀναεπάρτητον,</span> <span class='ocrx_word' id='word_1_660' title='bbox 2997 4055 3085 4109; x_wconf 84' lang='grc' dir='ltr'><strong>καὶ</strong></span> <span class='ocrx_word' id='word_1_661' title='bbox 3115 4055 3284 4110; x_wconf 82' lang='grc' dir='ltr'>πάντα</span> <span class='ocrx_word' id='word_1_662' title='bbox 3315 4056 3408 4110; x_wconf 80' lang='grc' dir='ltr'>τὸν</span> <span class='ocrx_word' id='word_1_663' title='bbox 3440 4059 3638 4135; x_wconf 77' lang='grc' dir='ltr'>χρόνον</span> <span class='ocrx_word' id='word_1_664' title='bbox 3683 4063 3778 4122; x_wconf 80' lang='grc' dir='ltr'><strong>τῆς</strong></span> 
     </span>
    </p>
   </div>
   <div class='ocr_carea' id='block_1_92' title="bbox 2134 4142 3775 4224">
    <p class='ocr_par' dir='ltr' id='par_1_92' title="bbox 2134 4142 3775 4224">
     <span class='ocr_line' id='line_1_92' title="bbox 2134 4142 3775 4224; baseline -0.001 -21"><span class='ocrx_word' id='word_1_665' title='bbox 2134 4144 2534 4224; x_wconf 80' lang='grc' dir='ltr'>παρεπιδημίας</span> <span class='ocrx_word' id='word_1_666' title='bbox 2564 4147 2742 4219; x_wconf 77' lang='grc' dir='ltr'>ἡμῶν,</span> <span class='ocrx_word' id='word_1_667' title='bbox 2777 4146 2869 4199; x_wconf 86' lang='grc' dir='ltr'>τὸν</span> <span class='ocrx_word' id='word_1_668' title='bbox 2900 4142 3124 4220; x_wconf 76' lang='grc' dir='ltr'>ἄγγελον</span> <span class='ocrx_word' id='word_1_669' title='bbox 3153 4145 3243 4199; x_wconf 83' lang='grc' dir='ltr'>τὸν</span> <span class='ocrx_word' id='word_1_670' title='bbox 3293 4146 3381 4200; x_wconf 74' lang='grc' dir='ltr'><strong>ὶπὶ</strong></span> <span class='ocrx_word' id='word_1_671' title='bbox 3406 4150 3505 4211; x_wconf 79' lang='grc' dir='ltr'>τῆς</span> <span class='ocrx_word' id='word_1_672' title='bbox 3537 4147 3775 4224; x_wconf 74' lang='grc' dir='ltr'>εἰρήνης,</span> 
     </span>
    </p>
   </div>
   <div class='ocr_carea' id='block_1_93' title="bbox 2133 4232 3772 4316">
    <p class='ocr_par' dir='ltr' id='par_1_93' title="bbox 2133 4232 3772 4316">
     <span class='ocr_line' id='line_1_93' title="bbox 2133 4232 3772 4316; baseline -0.001 -22"><span class='ocrx_word' id='word_1_673' title='bbox 2133 4236 2420 4316; x_wconf 75' lang='grc' dir='ltr'>χριστιανὰ</span> <span class='ocrx_word' id='word_1_674' title='bbox 2443 4236 2510 4291; x_wconf 78' lang='grc' dir='ltr'>τὰ</span> <span class='ocrx_word' id='word_1_675' title='bbox 2567 4232 2722 4309; x_wconf 79' lang='grc' dir='ltr'>τέλη,</span> <span class='ocrx_word' id='word_1_676' title='bbox 2769 4232 2936 4289; x_wconf 74' lang='grc' dir='ltr'>ἵλεων</span> <span class='ocrx_word' id='word_1_677' title='bbox 2979 4234 3064 4289; x_wconf 85' lang='grc' dir='ltr'><strong>καὶ</strong></span> <span class='ocrx_word' id='word_1_678' title='bbox 3097 4235 3291 4308; x_wconf 79' lang='grc' dir='ltr'>εὐμενῆ</span> <span class='ocrx_word' id='word_1_679' title='bbox 3322 4235 3410 4291; x_wconf 83' lang='grc' dir='ltr'>τὸν</span> <span class='ocrx_word' id='word_1_680' title='bbox 3443 4235 3574 4291; x_wconf 83' lang='grc' dir='ltr'>Θεόν</span> <span class='ocrx_word' id='word_1_681' title='bbox 3605 4251 3619 4266; x_wconf 79' lang='grc'>⁸</span> <span class='ocrx_word' id='word_1_682' title='bbox 3655 4236 3772 4294; x_wconf 69' lang='lat' dir='ltr'><strong>iam-</strong></span> 
     </span>
    </p>
   </div>
   <div class='ocr_carea' id='block_1_94' title="bbox 1737 4501 2437 4570">
    <p class='ocr_par' dir='ltr' id='par_1_94' title="bbox 1737 4501 2437 4570">
     <span class='ocr_line' id='line_1_94' title="bbox 1737 4501 2437 4570; baseline 0.001 -7"><span class='ocrx_word' id='word_1_683' title='bbox 1737 4503 2137 4569; x_wconf 77' lang='lat' dir='ltr'><strong>VARIORUM</strong></span> <span class='ocrx_word' id='word_1_684' title='bbox 2184 4501 2437 4570; x_wconf 67' lang='lat' dir='ltr'><strong>NOTIE.</strong></span> 
     </span>
    </p>
   </div>
   <div class='ocr_carea' id='block_1_95' title="bbox 486 4658 2050 4746">
    <p class='ocr_par' dir='ltr' id='par_1_95' title="bbox 486 4658 2050 4746">
     <span class='ocr_line' id='line_1_95' title="bbox 486 4658 2050 4746; baseline -0.028 14"><span class='ocrx_word' id='word_1_685' title='bbox 486 4662 601 4734; x_wconf 53' lang='grc' dir='ltr'><strong>(δ’)</strong></span> <span class='ocrx_word' id='word_1_686' title='bbox 632 4663 749 4746; x_wconf 52' lang='lat' dir='ltr'><strong>“PI”.</strong></span> <span class='ocrx_word' id='word_1_687' title='bbox 770 4658 822 4715; x_wconf 65' lang='grc' dir='ltr'><strong>δὲ</strong></span> <span class='ocrx_word' id='word_1_688' title='bbox 853 4661 1090 4746; x_wconf 57' lang='grc' dir='ltr'><strong>τΞᾴΫτίΡνς</strong></span> <span class='ocrx_word' id='word_1_689' title='bbox 1149 4658 1284 4722; x_wconf 57' lang='lat' dir='ltr'><strong>Hac</strong></span> <span class='ocrx_word' id='word_1_690' title='bbox 1313 4659 1777 4746; x_wconf 79' lang='lat' dir='ltr'><strong>_Verba_omissa_</strong></span> <span class='ocrx_word' id='word_1_691' title='bbox 1821 4675 1958 4726; x_wconf 76' lang='lat' dir='ltr'><strong>sunt</strong></span> <span class='ocrx_word' id='word_1_692' title='bbox 1991 4666 2050 4727; x_wconf 82' lang='lat' dir='ltr'><strong>in</strong></span> 
     </span>
    </p>
   </div>
   <div class='ocr_carea' id='block_1_96' title="bbox 2140 4658 3776 4746">
    <p class='ocr_par' dir='ltr' id='par_1_96' title="bbox 2140 4660 3776 4746">
     <span class='ocr_line' id='line_1_96' title="bbox 2140 4660 3776 4746; baseline 0.001 -24"><span class='ocrx_word' id='word_1_693' title='bbox 2140 4667 2277 4746; x_wconf 71' lang='grc' dir='ltr'>λεύς,</span> <span class='ocrx_word' id='word_1_694' title='bbox 2305 4671 2367 4746; x_wconf 81' lang='grc' dir='ltr'><strong>ιιι</strong></span> <span class='ocrx_word' id='word_1_695' title='bbox 2389 4662 3052 4746; x_wconf 73' lang='lat' dir='ltr'><strong>anteaobservavimus,</strong></span> <span class='ocrx_word' id='word_1_696' title='bbox 3079 4661 3150 4723; x_wconf 90' lang='lat' dir='ltr'><strong>ad</strong></span> <span class='ocrx_word' id='word_1_697' title='bbox 3178 4660 3280 4746; x_wconf 85' lang='lat' dir='ltr'><strong>lib.</strong></span> <span class='ocrx_word' id='word_1_698' title='bbox 3308 4680 3385 4742; x_wconf 81' lang='lat' dir='ltr'><strong>vr,</strong></span> <span class='ocrx_word' id='word_1_699' title='bbox 3411 4664 3502 4746; x_wconf 88' lang='lat' dir='ltr'><strong>c._l</strong></span> <span class='ocrx_word' id='word_1_700' title='bbox 3526 4666 3581 4746; x_wconf 87' lang='lat' dir='ltr'><strong>l_,</strong></span> <span class='ocrx_word' id='word_1_701' title='bbox 3614 4666 3776 4744; x_wconf 82' lang='lat' dir='ltr'><strong>quasi</strong></span> 
     </span>
    </p>
   </div>
   <div class='ocr_carea' id='block_1_97' title="bbox 407 4739 2050 4820">
    <p class='ocr_par' dir='ltr' id='par_1_97' title="bbox 407 4739 2050 4820">
     <span class='ocr_line' id='line_1_97' title="bbox 407 4739 2050 4820; baseline 0.002 -17"><span class='ocrx_word' id='word_1_702' title='bbox 407 4740 594 4803; x_wconf 90' lang='lat' dir='ltr'><strong>altero</strong></span> <span class='ocrx_word' id='word_1_703' title='bbox 619 4739 826 4802; x_wconf 86' lang='lat' dir='ltr'><strong>codice</strong></span> <span class='ocrx_word' id='word_1_704' title='bbox 872 4739 1352 4812; x_wconf 88' lang='lat' dir='ltr'><strong>Vindobonensi,</strong></span> <span class='ocrx_word' id='word_1_705' title='bbox 1389 4739 1547 4820; x_wconf 90' lang='lat' dir='ltr'><strong>quod</strong></span> <span class='ocrx_word' id='word_1_706' title='bbox 1579 4741 1915 4804; x_wconf 85' lang='lat' dir='ltr'><strong>Arianismo</strong></span> <span class='ocrx_word' id='word_1_707' title='bbox 1962 4751 2050 4807; x_wconf 89' lang='lat' dir='ltr'><strong>fa-</strong></span> 
     </span>
    </p>
   </div>
   <div class='ocr_carea' id='block_1_98' title="bbox 402 4821 2054 4898">
    <p class='ocr_par' dir='ltr' id='par_1_98' title="bbox 402 4821 2054 4898">
     <span class='ocr_line' id='line_1_98' title="bbox 402 4821 2054 4898; baseline 0.005 -19"><span class='ocrx_word' id='word_1_708' title='bbox 402 4829 616 4896; x_wconf 78' lang='lat' dir='ltr'><strong>veant;</strong></span> <span class='ocrx_word' id='word_1_709' title='bbox 652 4839 786 4882; x_wconf 87' lang='lat' dir='ltr'><strong>nam</strong></span> <span class='ocrx_word' id='word_1_710' title='bbox 815 4838 883 4881; x_wconf 84' lang='lat' dir='ltr'><strong>ex</strong></span> <span class='ocrx_word' id='word_1_711' title='bbox 918 4821 1215 4883; x_wconf 91' lang='lat' dir='ltr'><strong>sententia</strong></span> <span class='ocrx_word' id='word_1_712' title='bbox 1249 4821 1632 4898; x_wconf 81' lang='lat' dir='ltr'><strong>Arianorum,</strong></span> <span class='ocrx_word' id='word_1_713' title='bbox 1690 4821 1850 4884; x_wconf 88' lang='lat' dir='ltr'><strong>Deus</strong></span> <span class='ocrx_word' id='word_1_714' title='bbox 1884 4828 2054 4888; x_wconf 79' lang='lat' dir='ltr'><strong>Pater</strong></span> 
     </span>
    </p>
   </div>
   <div class='ocr_carea' id='block_1_99' title="bbox 403 4901 2054 4983">
    <p class='ocr_par' dir='ltr' id='par_1_99' title="bbox 403 4901 2054 4983">
     <span class='ocr_line' id='line_1_99' title="bbox 403 4901 2054 4983; baseline 0.003 -19"><span class='ocrx_word' id='word_1_715' title='bbox 403 4910 540 4964; x_wconf 85' lang='lat' dir='ltr'><strong>ante</strong></span> <span class='ocrx_word' id='word_1_716' title='bbox 566 4901 833 4983; x_wconf 90' lang='lat' dir='ltr'><strong>omnium</strong></span> <span class='ocrx_word' id='word_1_717' title='bbox 860 4901 1224 4983; x_wconf 85' lang='lat' dir='ltr'><strong>creationem</strong></span> <span class='ocrx_word' id='word_1_718' title='bbox 1238 4919 1326 4983; x_wconf 77' lang='lat' dir='ltr'><strong>,ac</strong></span> <span class='ocrx_word' id='word_1_719' title='bbox 1352 4901 1602 4983; x_wconf 74' lang='lat' dir='ltr'><strong>proinde</strong></span> <span class='ocrx_word' id='word_1_720' title='bbox 1623 4913 1938 4983; x_wconf 88' lang='lat' dir='ltr'><strong>antequam</strong></span> <span class='ocrx_word' id='word_1_721' title='bbox 1966 4926 2054 4969; x_wconf 84' lang='lat' dir='ltr'><strong>es-</strong></span> 
     </span>
    </p>
   </div>
   <div class='ocr_carea' id='block_1_100' title="bbox 404 4980 2054 5061">
    <p class='ocr_par' dir='ltr' id='par_1_100' title="bbox 404 4980 2054 5061">
     <span class='ocr_line' id='line_1_100' title="bbox 404 4980 2054 5061; baseline 0.003 -17"><span class='ocrx_word' id='word_1_722' title='bbox 404 4990 497 5044; x_wconf 81' lang='lat' dir='ltr'><strong>set</strong></span> <span class='ocrx_word' id='word_1_723' title='bbox 513 4992 734 5061; x_wconf 87' lang='lat' dir='ltr'><strong>natura</strong></span> <span class='ocrx_word' id='word_1_724' title='bbox 749 4981 1009 5042; x_wconf 88' lang='lat' dir='ltr'><strong>humana</strong></span> <span class='ocrx_word' id='word_1_725' title='bbox 1033 4981 1278 5057; x_wconf 88' lang='lat' dir='ltr'><strong>Christi,</strong></span> <span class='ocrx_word' id='word_1_726' title='bbox 1315 4989 1442 5042; x_wconf 84' lang='lat' dir='ltr'><strong>erat</strong></span> <span class='ocrx_word' id='word_1_727' title='bbox 1492 4980 1651 5044; x_wconf 90' lang='lat' dir='ltr'><strong>Deus</strong></span> <span class='ocrx_word' id='word_1_728' title='bbox 1675 4980 1806 5061; x_wconf 77' lang='lat' dir='ltr'><strong>ejus</strong></span> <span class='ocrx_word' id='word_1_729' title='bbox 1829 4992 2054 5049; x_wconf 61' lang='lat' dir='ltr'><strong>natura}</strong></span> 
     </span>
    </p>
   </div>
   <div class='ocr_carea' id='block_1_101' title="bbox 401 5060 2054 5142">
    <p class='ocr_par' dir='ltr' id='par_1_101' title="bbox 401 5060 2054 5142">
     <span class='ocr_line' id='line_1_101' title="bbox 401 5060 2054 5142; baseline 0.002 -18"><span class='ocrx_word' id='word_1_730' title='bbox 401 5060 646 5142; x_wconf 55' lang='lat' dir='ltr'><strong>divinas;</strong></span> <span class='ocrx_word' id='word_1_731' title='bbox 671 5079 804 5142; x_wconf 83' lang='lat' dir='ltr'><strong>cum</strong></span> <span class='ocrx_word' id='word_1_732' title='bbox 823 5079 893 5122; x_wconf 87' lang='lat' dir='ltr'><strong>ex</strong></span> <span class='ocrx_word' id='word_1_733' title='bbox 915 5063 1214 5124; x_wconf 91' lang='lat' dir='ltr'><strong>sententia</strong></span> <span class='ocrx_word' id='word_1_734' title='bbox 1234 5062 1491 5124; x_wconf 62' lang='lat' dir='ltr'><strong>Nicazna:</strong></span> <span class='ocrx_word' id='word_1_735' title='bbox 1506 5060 1807 5142; x_wconf 77' lang='lat' dir='ltr'><strong>synodisit</strong></span> <span class='ocrx_word' id='word_1_736' title='bbox 1829 5074 2054 5128; x_wconf 81' lang='lat' dir='ltr'><strong>tantum</strong></span> 
     </span>
    </p>
   </div>
   <div class='ocr_carea' id='block_1_102' title="bbox 399 5141 2051 5222">
    <p class='ocr_par' dir='ltr' id='par_1_102' title="bbox 399 5141 2051 5222">
     <span class='ocr_line' id='line_1_102' title="bbox 399 5141 2051 5222; baseline 0.001 -15"><span class='ocrx_word' id='word_1_737' title='bbox 399 5145 561 5208; x_wconf 88' lang='lat' dir='ltr'><strong>Deus</strong></span> <span class='ocrx_word' id='word_1_738' title='bbox 574 5141 748 5222; x_wconf 86' lang='lat' dir='ltr'><strong>Pater</strong></span> <span class='ocrx_word' id='word_1_739' title='bbox 770 5141 1046 5222; x_wconf 64' lang='lat' dir='ltr'><strong>humana;</strong></span> <span class='ocrx_word' id='word_1_740' title='bbox 1072 5151 1293 5203; x_wconf 64' lang='lat' dir='ltr'><strong>natura;</strong></span> <span class='ocrx_word' id='word_1_741' title='bbox 1317 5141 1640 5216; x_wconf 83' lang='lat' dir='ltr'><strong>Deus,cum</strong></span> <span class='ocrx_word' id='word_1_742' title='bbox 1663 5144 1738 5204; x_wconf 92' lang='lat' dir='ltr'><strong>sit</strong></span> <span class='ocrx_word' id='word_1_743' title='bbox 1769 5145 1822 5206; x_wconf 89' lang='lat' dir='ltr'><strong>ei</strong></span> <span class='ocrx_word' id='word_1_744' title='bbox 1844 5146 2051 5222; x_wconf 88' lang='lat' dir='ltr'><strong>Filius,</strong></span> 
     </span>
    </p>
   </div>
   <div class='ocr_carea' id='block_1_103' title="bbox 401 5221 2047 5304">
    <p class='ocr_par' dir='ltr' id='par_1_103' title="bbox 401 5221 2047 5304">
     <span class='ocr_line' id='line_1_103' title="bbox 401 5221 2047 5304; baseline -0.001 -18"><span class='ocrx_word' id='word_1_745' title='bbox 401 5221 737 5304; x_wconf 85' lang='lat' dir='ltr'><strong>secundum</strong></span> <span class='ocrx_word' id='word_1_746' title='bbox 770 5221 1030 5304; x_wconf 86' lang='lat' dir='ltr'><strong>divinam</strong></span> <span class='ocrx_word' id='word_1_747' title='bbox 1065 5224 1368 5304; x_wconf 60' lang='lat' dir='ltr'><strong>dpoqgmoc,</strong></span> <span class='ocrx_word' id='word_1_748' title='bbox 1405 5222 1518 5304; x_wconf 83' lang='lat' dir='ltr'><strong>h_oc</strong></span> <span class='ocrx_word' id='word_1_749' title='bbox 1566 5233 1659 5304; x_wconf 91' lang='lat' dir='ltr'><strong>est</strong></span> <span class='ocrx_word' id='word_1_750' title='bbox 1693 5243 1833 5304; x_wconf 85' lang='lat' dir='ltr'><strong>par.</strong></span> <span class='ocrx_word' id='word_1_751' title='bbox 1869 5221 2047 5289; x_wconf 69' lang='lat' dir='ltr'><strong>Cum;</strong></span> 
     </span>
    </p>
   </div>
   <div class='ocr_carea' id='block_1_104' title="bbox 479 5301 2047 5389">
    <p class='ocr_par' dir='ltr' id='par_1_104' title="bbox 479 5301 2047 5389">
     <span class='ocr_line' id='line_1_104' title="bbox 479 5301 2047 5389; baseline 0.006 -30"><span class='ocrx_word' id='word_1_752' title='bbox 479 5303 612 5389; x_wconf 76' lang='grc'>(52)</span> <span class='ocrx_word' id='word_1_753' title='bbox 639 5304 709 5389; x_wconf 43' lang='grc' dir='ltr'><strong>Ὀ-</strong></span> <span class='ocrx_word' id='word_1_754' title='bbox 729 5303 823 5389; x_wconf 59' lang='grc' dir='ltr'>τος)</span> <span class='ocrx_word' id='word_1_755' title='bbox 854 5305 1157 5389; x_wconf 65' lang='grc' dir='ltr'>Πνεύματος</span> <span class='ocrx_word' id='word_1_756' title='bbox 1186 5301 1766 5389; x_wconf 43' lang='lat' dir='ltr'><strong>deioQLDurissima</strong></span> <span class='ocrx_word' id='word_1_757' title='bbox 1803 5306 2047 5389; x_wconf 89' lang='lat' dir='ltr'><strong>locutio,</strong></span> 
     </span>
    </p>
   </div>
   <div class='ocr_carea' id='block_1_105' title="bbox 396 5381 1516 5446">
    <p class='ocr_par' dir='ltr' id='par_1_105' title="bbox 396 5381 1516 5446">
     <span class='ocr_line' id='line_1_105' title="bbox 396 5381 1516 5446; baseline -0.004 0"><span class='ocrx_word' id='word_1_758' title='bbox 396 5381 1014 5446; x_wconf 80' lang='lat' dir='ltr'><strong>Macedonianismum</strong></span> <span class='ocrx_word' id='word_1_759' title='bbox 1039 5383 1343 5446; x_wconf 90' lang='lat' dir='ltr'><strong>redolens.</strong></span> <span class='ocrx_word' id='word_1_760' title='bbox 1379 5382 1516 5445; x_wconf 78' lang='lat' dir='ltr'><strong>Cor.</strong></span> 
     </span>
    </p>
   </div>
   <div class='ocr_carea' id='block_1_106' title="bbox 486 5461 2041 5544">
    <p class='ocr_par' dir='ltr' id='par_1_106' title="bbox 486 5461 2041 5544">
     <span class='ocr_line' id='line_1_106' title="bbox 486 5461 2041 5544; baseline 0.004 -23"><span class='ocrx_word' id='word_1_761' title='bbox 486 5463 602 5544; x_wconf 63' lang='lat'><strong>(.53)</strong></span> <span class='ocrx_word' id='word_1_762' title='bbox 645 5465 847 5544; x_wconf 69' lang='grc' dir='ltr'>Κύριος,</span> <span class='ocrx_word' id='word_1_763' title='bbox 883 5462 985 5525; x_wconf 88' lang='lat' dir='ltr'><strong>Est</strong></span> <span class='ocrx_word' id='word_1_764' title='bbox 1036 5464 1340 5544; x_wconf 89' lang='lat' dir='ltr'><strong>in_altero</strong></span> <span class='ocrx_word' id='word_1_765' title='bbox 1393 5463 1528 5527; x_wconf 91' lang='lat' dir='ltr'><strong>cod.</strong></span> <span class='ocrx_word' id='word_1_766' title='bbox 1563 5461 2041 5540; x_wconf 87' lang='lat' dir='ltr'><strong>Vindohonensi,</strong></span> 
     </span>
    </p>
   </div>
   <div class='ocr_carea' id='block_1_107' title="bbox 397 5542 2048 5624">
    <p class='ocr_par' dir='ltr' id='par_1_107' title="bbox 397 5542 2048 5624">
     <span class='ocr_line' id='line_1_107' title="bbox 397 5542 2048 5624; baseline 0.006 -25"><span class='ocrx_word' id='word_1_767' title='bbox 397 5542 727 5624; x_wconf 50' lang='lat' dir='ltr'><strong>«paeana;</strong></span> <span class='ocrx_word' id='word_1_768' title='bbox 762 5543 948 5606; x_wconf 88' lang='lat' dir='ltr'><strong>Filius</strong></span> <span class='ocrx_word' id='word_1_769' title='bbox 999 5554 1057 5607; x_wconf 91' lang='lat' dir='ltr'><strong>et</strong></span> <span class='ocrx_word' id='word_1_770' title='bbox 1109 5542 1363 5624; x_wconf 89' lang='lat' dir='ltr'><strong>Spiritus</strong></span> <span class='ocrx_word' id='word_1_771' title='bbox 1393 5552 1630 5606; x_wconf 88' lang='lat' dir='ltr'><strong>sanctus</strong></span> <span class='ocrx_word' id='word_1_772' title='bbox 1684 5546 1966 5607; x_wconf 89' lang='lat' dir='ltr'><strong>dicuntur</strong></span> <span class='ocrx_word' id='word_1_773' title='bbox 2014 5567 2048 5609; x_wconf 91' lang='lat' dir='ltr'><strong>a</strong></span> 
     </span>
    </p>
   </div>
   <div class='ocr_carea' id='block_1_108' title="bbox 397 5620 2043 5710">
    <p class='ocr_par' dir='ltr' id='par_1_108' title="bbox 397 5620 2043 5710">
     <span class='ocr_line' id='line_1_108' title="bbox 397 5620 2043 5710; baseline 0 -25"><span class='ocrx_word' id='word_1_774' title='bbox 397 5620 601 5686; x_wconf 84' lang='lat' dir='ltr'><strong>multis</strong></span> <span class='ocrx_word' id='word_1_775' title='bbox 631 5626 833 5704; x_wconf 80' lang='grc' dir='ltr'>Πατρὸς</span> <span class='ocrx_word' id='word_1_776' title='bbox 886 5620 1170 5708; x_wconf 69' lang='grc' dir='ltr'>προϐολαί,</span> <span class='ocrx_word' id='word_1_777' title='bbox 1229 5623 1359 5710; x_wconf 88' lang='lat' dir='ltr'><strong>ipse</strong></span> <span class='ocrx_word' id='word_1_778' title='bbox 1403 5641 1541 5686; x_wconf 86' lang='lat' dir='ltr'><strong>vero</strong></span> <span class='ocrx_word' id='word_1_779' title='bbox 1602 5631 1783 5702; x_wconf 71' lang='grc' dir='ltr'>Πατὴρ</span> <span class='ocrx_word' id='word_1_780' title='bbox 1847 5627 2043 5710; x_wconf 76' lang='grc' dir='ltr'>προϐο-</span> 
     </span>
    </p>
   </div>
   <div class='ocr_carea' id='block_1_109' title="bbox 2140 4741 3774 4823">
    <p class='ocr_par' dir='ltr' id='par_1_109' title="bbox 2140 4741 3774 4823">
     <span class='ocr_line' id='line_1_109' title="bbox 2140 4741 3774 4823; baseline -0.01 -16"><span class='ocrx_word' id='word_1_781' title='bbox 2140 4741 2280 4807; x_wconf 87' lang='lat' dir='ltr'><strong>vero</strong></span> <span class='ocrx_word' id='word_1_782' title='bbox 2309 4741 2604 4823; x_wconf 88' lang='lat' dir='ltr'><strong>ejusmodi</strong></span> <span class='ocrx_word' id='word_1_783' title='bbox 2628 4741 2877 4803; x_wconf 88' lang='lat' dir='ltr'><strong>vocibus</strong></span> <span class='ocrx_word' id='word_1_784' title='bbox 2899 4760 2997 4823; x_wconf 79' lang='lat' dir='ltr'><strong>res</strong></span> <span class='ocrx_word' id='word_1_785' title='bbox 3024 4741 3396 4810; x_wconf 70' lang='grc' dir='ltr'>ἀκατάληπτος</span> <span class='ocrx_word' id='word_1_786' title='bbox 3426 4741 3646 4823; x_wconf 60' lang='lat' dir='ltr'><strong>clarior;</strong></span> <span class='ocrx_word' id='word_1_787' title='bbox 3671 4747 3774 4805; x_wconf 68' lang='lat' dir='ltr'><strong>ne-</strong></span> 
     </span>
    </p>
   </div>
   <div class='ocr_carea' id='block_1_110' title="bbox 2139 4822 3776 4916">
    <p class='ocr_par' dir='ltr' id='par_1_110' title="bbox 2139 4822 3776 4916">
     <span class='ocr_line' id='line_1_110' title="bbox 2139 4822 3776 4916; baseline -0.001 -28"><span class='ocrx_word' id='word_1_788' title='bbox 2139 4835 2229 4916; x_wconf 76' lang='lat' dir='ltr'><strong>ret</strong></span> <span class='ocrx_word' id='word_1_789' title='bbox 2257 4822 2382 4916; x_wconf 83' lang='lat' dir='ltr'><strong>!_At</strong></span> <span class='ocrx_word' id='word_1_790' title='bbox 2413 4831 2631 4916; x_wconf 88' lang='lat' dir='ltr'><strong>quanto</strong></span> <span class='ocrx_word' id='word_1_791' title='bbox 2663 4823 2875 4914; x_wconf 76' lang='lat' dir='ltr'><strong>melius</strong></span> <span class='ocrx_word' id='word_1_792' title='bbox 2905 4822 3116 4916; x_wconf 77' lang='lat' dir='ltr'><strong>fuisset</strong></span> <span class='ocrx_word' id='word_1_793' title='bbox 3147 4842 3263 4885; x_wconf 89' lang='lat' dir='ltr'><strong>una</strong></span> <span class='ocrx_word' id='word_1_794' title='bbox 3297 4842 3433 4914; x_wconf 81' lang='lat' dir='ltr'><strong>cum</strong></span> <span class='ocrx_word' id='word_1_795' title='bbox 3475 4822 3776 4916; x_wconf 72' lang='lat' dir='ltr'><strong>Scriptura</strong></span> 
     </span>
    </p>
   </div>
   <div class='ocr_carea' id='block_1_111' title="bbox 2141 4903 3770 4988">
    <p class='ocr_par' dir='ltr' id='par_1_111' title="bbox 2141 4903 3770 4988">
     <span class='ocr_line' id='line_1_111' title="bbox 2141 4903 3770 4988; baseline -0.001 -20"><span class='ocrx_word' id='word_1_796' title='bbox 2141 4903 2548 4988; x_wconf 88' lang='lat' dir='ltr'><strong>loqui,omissa</strong></span> <span class='ocrx_word' id='word_1_797' title='bbox 2583 4903 2746 4964; x_wconf 91' lang='lat' dir='ltr'><strong>omni</strong></span> <span class='ocrx_word' id='word_1_798' title='bbox 2776 4903 3107 4985; x_wconf 68' lang='grc' dir='ltr'>καινολογίᾳ,</span> <span class='ocrx_word' id='word_1_799' title='bbox 3141 4922 3272 4985; x_wconf 66' lang='lat' dir='ltr'><strong>quas</strong></span> <span class='ocrx_word' id='word_1_800' title='bbox 3305 4903 3640 4983; x_wconf 80' lang='lat' dir='ltr'><strong>periculosa</strong></span> <span class='ocrx_word' id='word_1_801' title='bbox 3671 4905 3770 4966; x_wconf 86' lang='lat' dir='ltr'><strong>est!</strong></span> 
     </span>
    </p>
   </div>
   <div class='ocr_carea' id='block_1_112' title="bbox 2140 4990 3773 5148">
    <p class='ocr_par' dir='ltr' id='par_1_112' title="bbox 2140 4990 3773 5148">
     <span class='ocr_line' id='line_1_112' title="bbox 2140 4990 3773 5148; baseline -0.002 -18"><span class='ocrx_word' id='word_1_802' title='bbox 2140 4990 2354 5148; x_wconf 48' lang='lat' dir='ltr'><strong>affini)</strong></span> <span class='ocrx_word' id='word_1_803' title='bbox 2385 5066 2474 5123; x_wconf 82' lang='grc' dir='ltr'>Ἐν</span> <span class='ocrx_word' id='word_1_804' title='bbox 2519 5067 2669 5144; x_wconf 78' lang='grc' dir='ltr'>ἁγίῳ.</span> <span class='ocrx_word' id='word_1_805' title='bbox 2707 5062 2875 5148; x_wconf 75' lang='lat' dir='ltr'><strong>Alter</strong></span> <span class='ocrx_word' id='word_1_806' title='bbox 2904 5065 3090 5126; x_wconf 82' lang='lat' dir='ltr'><strong>codex</strong></span> <span class='ocrx_word' id='word_1_807' title='bbox 3149 5063 3453 5148; x_wconf 37' lang='lat' dir='ltr'><strong>haberetis</strong></span> <span class='ocrx_word' id='word_1_808' title='bbox 3495 5065 3648 5141; x_wconf 74' lang='grc' dir='ltr'>ἁγίῳ.</span> <span class='ocrx_word' id='word_1_809' title='bbox 3684 5063 3773 5148; x_wconf 79' lang='lat' dir='ltr'><strong>Sic</strong></span> 
     </span>
    </p>
   </div>
   <div class='ocr_carea' id='block_1_113' title="bbox 2142 5142 3774 5226">
    <p class='ocr_par' dir='ltr' id='par_1_113' title="bbox 2142 5142 3774 5226">
     <span class='ocr_line' id='line_1_113' title="bbox 2142 5142 3774 5226; baseline 0 -20"><span class='ocrx_word' id='word_1_810' title='bbox 2142 5142 2359 5226; x_wconf 73' lang='lat' dir='ltr'><strong>passim</strong></span> <span class='ocrx_word' id='word_1_811' title='bbox 2387 5142 2608 5207; x_wconf 86' lang='lat' dir='ltr'><strong>mutata</strong></span> <span class='ocrx_word' id='word_1_812' title='bbox 2639 5142 3037 5226; x_wconf 72' lang='grc' dir='ltr'>εειδοξολογῖα,</span> <span class='ocrx_word' id='word_1_813' title='bbox 3065 5163 3142 5206; x_wconf 89' lang='lat' dir='ltr'><strong>ne</strong></span> <span class='ocrx_word' id='word_1_814' title='bbox 3172 5144 3225 5205; x_wconf 88' lang='lat' dir='ltr'><strong>ei</strong></span> <span class='ocrx_word' id='word_1_815' title='bbox 3249 5143 3625 5206; x_wconf 86' lang='lat' dir='ltr'><strong>Arianismus</strong></span> <span class='ocrx_word' id='word_1_816' title='bbox 3645 5144 3774 5208; x_wconf 87' lang='lat' dir='ltr'><strong>sub-</strong></span> 
     </span>
    </p>
   </div>
   <div class='ocr_carea' id='block_1_114' title="bbox 2137 5229 3769 5388">
    <p class='ocr_par' dir='ltr' id='par_1_114' title="bbox 2137 5229 3769 5388">
     <span class='ocr_line' id='line_1_114' title="bbox 2137 5229 3769 5388; baseline -0.002 -18"><span class='ocrx_word' id='word_1_817' title='bbox 2137 5229 2471 5388; x_wconf 48' lang='grc' dir='ltr'>8δῖἓέμὲέέ</span> <span class='ocrx_word' id='word_1_818' title='bbox 2502 5305 2767 5388; x_wconf 78' lang='grc' dir='ltr'>πατέρων.</span> <span class='ocrx_word' id='word_1_819' title='bbox 2818 5305 3077 5388; x_wconf 78' lang='lat' dir='ltr'><strong>V’ocatur</strong></span> <span class='ocrx_word' id='word_1_820' title='bbox 3105 5305 3231 5388; x_wconf 64' lang='lat' dir='ltr'><strong>haec</strong></span> <span class='ocrx_word' id='word_1_821' title='bbox 3266 5303 3558 5366; x_wconf 88' lang='lat' dir='ltr'><strong>invocatio</strong></span> <span class='ocrx_word' id='word_1_822' title='bbox 3594 5306 3652 5366; x_wconf 90' lang='lat' dir='ltr'><strong>in</strong></span> <span class='ocrx_word' id='word_1_823' title='bbox 3685 5305 3769 5366; x_wconf 85' lang='lat' dir='ltr'><strong>al-</strong></span> 
     </span>
    </p>
   </div>
   <div class='ocr_carea' id='block_1_115' title="bbox 2130 5384 3198 5464">
    <p class='ocr_par' dir='ltr' id='par_1_115' title="bbox 2130 5384 3198 5464">
     <span class='ocr_line' id='line_1_115' title="bbox 2130 5384 3198 5464; baseline 0.001 -16"><span class='ocrx_word' id='word_1_824' title='bbox 2130 5384 2256 5450; x_wconf 85' lang='lat' dir='ltr'><strong>tero</strong></span> <span class='ocrx_word' id='word_1_825' title='bbox 2287 5386 2420 5448; x_wconf 91' lang='lat' dir='ltr'><strong>cod.</strong></span> <span class='ocrx_word' id='word_1_826' title='bbox 2453 5387 2826 5464; x_wconf 52' lang='grc' dir='ltr'>προσφώνησις</span> <span class='ocrx_word' id='word_1_827' title='bbox 2857 5386 3077 5462; x_wconf 74' lang='grc' dir='ltr'>ὄρθριος.</span> <span class='ocrx_word' id='word_1_828' title='bbox 3114 5384 3198 5449; x_wconf 86' lang='lat' dir='ltr'><strong>Io.</strong></span> 
     </span>
    </p>
   </div>
   <div class='ocr_carea' id='block_1_116' title="bbox 2207 5462 3764 5548">
    <p class='ocr_par' dir='ltr' id='par_1_116' title="bbox 2207 5462 3764 5548">
     <span class='ocr_line' id='line_1_116' title="bbox 2207 5462 3764 5548; baseline 0.001 -21"><span class='ocrx_word' id='word_1_829' title='bbox 2207 5469 2334 5548; x_wconf 82' lang='grc'><strong>(56)</strong></span> <span class='ocrx_word' id='word_1_830' title='bbox 2370 5462 2738 5542; x_wconf 58' lang='grc' dir='ltr'>Αὶτηάώμεθα.</span> <span class='ocrx_word' id='word_1_831' title='bbox 2778 5462 3083 5548; x_wconf 74' lang='lat' dir='ltr'><strong>Yocantur</strong></span> <span class='ocrx_word' id='word_1_832' title='bbox 3140 5467 3265 5528; x_wconf 68' lang='lat' dir='ltr'><strong>hanc</strong></span> <span class='ocrx_word' id='word_1_833' title='bbox 3299 5465 3357 5527; x_wconf 91' lang='lat' dir='ltr'><strong>in</strong></span> <span class='ocrx_word' id='word_1_834' title='bbox 3390 5463 3601 5526; x_wconf 89' lang='lat' dir='ltr'><strong>eodem</strong></span> <span class='ocrx_word' id='word_1_835' title='bbox 3637 5464 3764 5529; x_wconf 88' lang='lat' dir='ltr'><strong>cod.</strong></span> 
     </span>
    </p>
   </div>
   <div class='ocr_carea' id='block_1_117' title="bbox 2131 5543 2874 5632">
    <p class='ocr_par' dir='ltr' id='par_1_117' title="bbox 2131 5543 2874 5632">
     <span class='ocr_line' id='line_1_117' title="bbox 2131 5543 2874 5632; baseline 0.004 -27"><span class='ocrx_word' id='word_1_836' title='bbox 2131 5543 2505 5629; x_wconf 74' lang='grc' dir='ltr'>προσφῶνησις</span> <span class='ocrx_word' id='word_1_837' title='bbox 2534 5547 2757 5632; x_wconf 68' lang='grc' dir='ltr'>ὄρθριος.</span> <span class='ocrx_word' id='word_1_838' title='bbox 2792 5543 2874 5608; x_wconf 79' lang='lat' dir='ltr'><strong>lt).</strong></span> 
     </span>
    </p>
   </div>
  </div>
