4054 6214
149 35 300 56 ..τα

191 63 210 76 ε

315 41 552 56 χ-..,.

285 255 432 317 Πε41

1097 235 2302 328 οοΝεΤιέιηιιτῐόΝἘεΑροδτοιιολε.
2349 287 2427 302 --
2469 235 2622 320 ILIB.
2667 233 2837 320 vim”.

3485 228 3644 325 {1'42

276 392 401 456 τοὺς
453 393 539 447 καὶ
595 389 860 460 ἀλλήλους
909 399 986 465 τῷ
1043 377 1197 463 ζῶντι
1255 396 1374 468 Θεῷ
1418 392 1502 452 διὰ
1556 397 1914 472 τοῦΜονογε-

2007 389 2361 452 mendemus
2394 411 2500 472 per
2552 392 2933 472 Unigenitum
2984 396 3138 476 ejus.
3184 397 3270 460 Ac
3319 397 3634 480 episcopus
3722 409 3725 413 '

273 489 396 538 νοῦς
431 482 588 538 αὐτοῦ
628 479 1011 555 πασαθώμεθα.
1098 483 1197 538 Καὶ
1254 483 1282 539 6
1336 483 1623 554 ἐπισκοπος
1680 489 1920 572 ἐπευχό-

268 592 458 650 μενος,
493 569 697 648 λεγέτω
708 619 721 632 .

832 665 1222 720 ΚΕΦΑΛΑΙΟΝ
1255 663 1393 725 ΑΠ’.

786 750 1110 831 Εὖχαριστία
1195 753 1427 832 ὁρθρινῆυ

358 841 419 900 Ὀ
471 843 601 906 Θεὸς
650 844 677 898 6
730 847 836 898 τῶν
881 840 1196 916 πνευμάτων
1255 845 1342 900 καὶ
1404 843 1582 913 πάσης
1641 851 1857 928 σαρκὸς,
1894 853 1922 907 6

282 932 600 1009 ἀσύγκριτος
657 932 744 987 καὶ
792 930 825 987 ἆ
890 929 1169 1010 προσδεὴς,
1233 935 1260 989 6
1310 933 1426 1001 δοὺς
1484 937 1574 994 τὸν
1643 936 1795 1004 ἣλιον
1849 941 1920 1003 εἰς

284 1019 520 1086 ἐξουσίαν
552 1024 648 1088 τῆς
675 1019 904 1096 ἡμέραις,
936 1020 1037 1088 τὴν
1078 1019 1132 1077 δὲ
1166 1021 1399 1094 σελήνην
1429 1026 1514 1082 καὶ
1546 1025 1612 1083 τὰ
1640 1025 1806 1106 ἄστρα
1850 1030 1922 1094 εἰς

282 1110 521 1176 ἑξουσίαν
569 1115 667 1176 τῆς
720 1111 930 1174 νυκτός·
989 1112 1144 1175 αῦτὸς
1193 1115 1281 1170 καὶ
1326 1121 1416 1171 νῦν
1472 1113 1618 1171 ἔπιδε
1662 1115 1746 1195 ὶφ⁹
1782 1119 1921 1194 ἡμᾶς

281 1198 555 1274 εὐμενέσιν
635 1197 932 1279 ὀφθαλμοῖς
967 1243 982 1274 ,
1047 1201 1133 1257 καὶ
1212 1200 1490 1282 πρόσδεξαι
1549 1205 1641 1270 τὰς
1704 1206 1922 1272 meme;

275 1291 434 1364 ἡμῶν
490 1290 851 1370 εῦχαριστίας,
903 1292 992 1347 καὶ
1047 1289 1285 1361 ὶλήησον
1343 1295 1511 1368 ἡμᾶς.
1568 1296 1628 1352 06
1679 1293 1918 1374 76,061:-

271 1379 576 1454 πετάσαμεν
629 1380 724 1443 τὰς
790 1382 985 1459 χεῖρας
1039 1382 1196 1452 ἡμῶν
1254 1384 1386 1460 πρὸς
1434 1387 1552 1440 Θεὸν
1613 1381 1912 1465 ἀλλότριον·

268 1470 330 1525 οὗ
360 1469 460 1547 γάρ
489 1467 629 1525 ἐστιν
660 1467 712 1524 ἐν
755 1471 890 1542 ἡμῖν
920 1471 1038 1532 θεὸς
1098 1470 1428 1552 πρόσφατος,
1465 1472 1607 1530 ἀλλὰ
1637 1475 1699 1532 σὺ
1736 1477 1764 1531 6
1793 1478 1918 1532 αἰώ-

271 1579 382 1618 νιος
429 1558 518 1612 καὶ
569 1556 936 1624 ἆτελεύτητος.
997 1557 1059 1616 Ὀ
1089 1560 1151 1615 τὸ
1181 1560 1326 1616 εἶναι
1384 1563 1521 1635 ἡμῖν
1553 1558 1636 1617 διὰ
1690 1562 1917 1641 Χριστοῦ

271 1646 712 1727 παρασχόμενος,
763 1649 854 1704 καὶ
901 1649 962 1704 τὸ
1022 1647 1078 1704 εὗ
1108 1648 1250 1705 εἶναι
1303 1648 1370 1706 δι’
1403 1649 1561 1708 αὐτοῦ
1592 1649 1914 1731 δωρησάμε-

2005 497 2206 554 orans,
2237 480 2434 543 dicat:

2367 747 2725 810 Gratiarum
2770 752 2929 812 artic
2959 754 3288 814 matutina.

2085 835 2407 915 Spirituum
2436 844 2495 898 et
2516 837 2711 897 omnis
2739 838 2935 899 carnis
2963 840 3142 915 Deus,
3167 839 3649 921 incomparabilis

2005 939 2072 983 ac
2101 924 2322 986 nullius
2356 925 2444 987 rei
2465 926 2522 987 in
2548 926 2752 1006 digus;
2774 928 2873 1008 qui
2895 928 3110 990 dedisti
3129 931 3417 1010 solem,ut
3440 947 3653 1009 praees-

2007 1020 2096 1072 set
2119 1012 2236 1074 diei
2266 1032 2282 1090 ;
2310 1014 2504 1076 lunam
2533 1033 2669 1076 vero
2696 1024 2752 1076 et
2773 1017 2999 1096 stellas,
3027 1025 3087 1078 ut
3111 1027 3432 1099 prmessent
3463 1021 3646 1094 uorti,

2005 1099 2130 1179 ipse
2149 1112 2204 1164 et
2234 1121 2391 1164 nunc
2413 1103 2649 1183 respice
2670 1122 2850 1185 super
2873 1124 2981 1166 nos
3004 1106 3190 1168 oculis
3215 1107 3518 1169 benevolis
3543 1127 3560 1182 ;
3582 1126 3650 1166 ac

2003 1191 2242 1269 suscipe
2279 1193 2597 1256 matutinas
2630 1202 2862 1255 nostras
2894 1196 3214 1272 gratiarum
3249 1197 3514 1258 actiones
3543 1213 3558 1271 ;
3592 1206 3649 1258 et

2003 1281 2294 1344 miserere
2322 1285 2540 1347 nostri:
2571 1304 2684 1346 non
2709 1285 2866 1346 enim
2896 1287 3289 1357 eXpandimus
3311 1306 3516 1348 manus
3548 1306 3649 1346 no.

2001 1379 2150 1430 stras
2174 1373 2245 1431 ad
2273 1372 2447 1434 deum
2473 1373 2732 1436 alienum
2766 1399 2780 1451 ;
2811 1374 3106 1454 siquidem
3132 1395 3246 1436 non
3267 1386 3358 1437 est
3381 1376 3440 1436 in
3478 1375 3648 1437 nobis

1999 1457 2146 1520 deus
2181 1479 2392 1522 recens
2413 1462 2497 1535 86,
2527 1464 2628 1525 sed
2667 1477 2724 1524 tu
2759 1472 3016 1525 aaternus
3037 1483 3107 1524 ac
3132 1464 3507 1526 immortalis.
3532 1463 3645 1536 Qui

2000 1548 2174 1609 nobis
2209 1568 2313 1630 per
2345 1551 2645 1613 Christum
2681 1552 2981 1634 przehuisti
3011 1562 3074 1614 ut
3113 1571 3400 1626 essemus,
3429 1555 3648 1635 quippe

2001 1655 2108 1716 per
2132 1640 2405 1701 eumdem
2451 1641 2682 1703 donasti
2738 1649 2800 1703 ut
2853 1642 3006 1703 bene
3038 1659 3348 1718 essemus;
3380 1643 3508 1724 ipse
3541 1663 3648 1704 nos

277 1751 390 1800 νος⁶
450 1736 606 1800 αὐτὸς
651 1739 795 1812 ἡμᾶς
855 1734 924 1793 δι’
953 1739 1113 1798 αῦτοῦ
1160 1738 1488 1806 καταξίωσον
1533 1742 1618 1798 καὶ
1659 1747 1758 1810 τῆς
1787 1743 1912 1799 αἰω-

2007 1745 2108 1806 per
2126 1748 2258 1790 eum
2286 1730 2530 1808 dignare
2562 1741 2788 1794 aeterna
2819 1731 2952 1806 vita,
2987 1751 3122 1793 cum
3156 1751 3274 1812 quo
3309 1732 3412 1793 tibi
3436 1733 3645 1813 gloria,

285 1825 398 1882 νίου
437 1830 602 1897 ζωῆς*
665 1826 783 1898 μεθ’
843 1827 902 1884 οῦ
967 1849 1049 1885 σοι
1103 1824 1248 1899 δόξα,
1305 1830 1393 1886 καὶ
1433 1831 1588 1906 τιμὴ,
1619 1833 1706 1888 καὶ
1738 1829 1913 1905 σέϐας,

279 1917 368 1972 καὶ
417 1922 495 1989 τῷ
545 1916 680 1994 ἁγίῳ
736 1917 1020 1993 Πνεῦματι,
1087 1919 1158 1983 εἷς
1195 1918 1316 1983 τοῦς
1351 1919 1564 1984 αἰῶνας.
1592 1919 1789 1996 Ἀμήν.
1821 1923 1918 1981 Καὶ

277 2007 306 2061 6
353 2002 590 2070 διάκονος
619 2004 844 2084 λεγέτω·
884 2005 1103 2066 Κλίνατε
1133 2010 1199 2085 τῇ
1227 2008 1549 2090 χέιροθεσίᾳ.
1611 2011 1708 2070 Καὶ
1741 2013 1768 2068 6
1799 2010 1920 2068 ἐπί-

275 2115 477 2158 σκοπος
501 2095 833 2176 ἒπευχὲσθω,
869 2095 1064 2176 λέγων·

824 2193 1216 2246 ΚΕΦΑΛΑΙΟΝ
1237 2187 1378 2250 ΛΘ¹.

791 2279 1094 2355 Χειροθεσία
1190 2279 1424 2355 ὀρθρινή,

255 2359 260 2364 ’
350 2367 416 2424 Ὀ
448 2368 581 2430 Θεὸς
633 2370 660 2422 6
704 2368 900 2429 πιστὸς
943 2367 1031 2423 καὶ
1073 2365 1349 2448 ἀληθινὸς,
1382 2371 1410 2425 6
1454 2369 1620 2426 ποιῶν
1664 2370 1812 2434 ἕλεος
1845 2375 1918 2438 εἷς

271 2454 524 2537 χιλιάδας
575 2459 661 2513 καὶ
693 2455 943 2534 μυριάδας
987 2470 1106 2521 τοῖς
1141 2455 1411 2539 ἆγαπῶσί,
1453 2480 1538 2533 σε,
1573 2461 1602 2516 6
1645 2459 1792 2540 φίλος
1826 2483 1921 2519 τα-

275 2551 497 2620 πεινῶν,
550 2548 638 2602 καὶ
695 2547 939 2616 πενήτων
996 2548 1324 2627 προστάτης,
1357 2550 1416 2604 οῦ
1459 2548 1629 2609 πάντα
1683 2549 1736 2605 ὲν
1766 2553 1922 2630 χρείᾳ

277 2633 623 2716 καθέστηκεν,
675 2635 753 2694 ὅτι
810 2637 874 2692 τὰ
919 2637 1196 2711 σύμπαντα
1245 2636 1406 2694 δοῦλα
1463 2659 1576 2695 σου·
1637 2637 1779 2696 ἔπιδε
1826 2642 1918 2698 τὸν

275 2723 405 2781 λαόν
449 2747 544 2784 σου
592 2734 776 2785 τοῦτον
815 2773 830 2800 ,
890 2727 1010 2788 τοὺς
1067 2725 1378 2792 κεκλικότας
1435 2749 1518 2784 σοι
1561 2728 1654 2794 τὰς
1717 2729 1917 2787 ἑαυτῶν

274 2815 534 2895 κεφαλὰς,
588 2818 677 2872 καὶ
727 2815 1019 2893 εὐλογησον
1076 2816 1262 2880 αὐτοὺς
1315 2815 1558 2894 εὖλογίαν
1619 2839 1913 2894 πνευματιο

270 2905 398 2985 κῆν,
446 2904 670 2985 φύλαξον
717 2906 902 2970 αὖτοὺς
952 2906 1028 2971 ὡς
1058 2905 1223 2984 κόρην
1255 2904 1549 2986 ὀφθαλμοῦ,
1595 2905 1919 2986 διατήρησον

274 2994 464 3058 αὖτοὺς
518 2997 574 3050 ιν
631 2993 866 3068 εὐσεϐείᾳ
923 2997 1009 3052 καὶ
1059 2993 1387 3069 δικαιοσύνη,
1446 2997 1534 3053 καὶ
1593 2996 1918 3069 καταξίωσον

2001 1817 2217 1892 honor,
2255 1822 2580 1902 veneratio,
2617 1829 2674 1883 et
2725 1829 2927 1882 sancto
2986 1821 3250 1902 Spiritui,
3299 1821 3359 1883 in
3410 1824 3642 1884 saecula.

1999 1905 2212 1971 Amen.
2254 1907 2397 1970 Tum
2424 1910 2712 1972 diaconus
2741 1911 2938 1972 dicat:
2972 1909 3263 1972 Inclinate
3311 1911 3384 1972 ad
3433 1929 3644 1974 manus

1999 1996 2467 2074 impositionem.
2500 2005 2584 2062 Ac
2617 2000 2938 2082 episcopus
2971 2008 3121 2076 oret,
3155 2000 3250 2062 his
3281 2001 3516 2063 verbis:

2553 2181 2797 2247 CAPUT
2838 2183 3102 2247 XXXIX.

2364 2273 2675 2354 lmposz'tio
2705 2291 2924 2336 manus
2960 2275 3284 2336 matutina.

2084 2358 2239 2421 Deus
2266 2361 2458 2423 fidelis
2491 2372 2547 2424 et
2579 2381 2749 2424 verax
2769 2364 2855 2444 87,
2880 2369 2978 2444 qui
3008 2365 3150 2426 facis
3183 2363 3646 2427 misericordiam

2004 2448 2060 2509 in
2095 2451 2298 2522 millia.
2333 2461 2391 2514 et
2424 2452 2577 2514 dena
2628 2453 2833 2527 millia,
2872 2453 3261 2532 diligentibus
3289 2463 3386 2535 te;
3421 2457 3648 2518 amicus

2005 2535 2343 2612 humilium,
2377 2548 2434 2602 et
2469 2560 2794 2622 pauperum
2840 2542 3156 2619 defensor;
3208 2563 3324 2625 quo
3373 2548 3651 2606 universa

2003 2645 2154 2707 opus
2178 2628 2568 2712 habent,quia
2585 2639 2794 2695 cuncta
2815 2631 2919 2693 tibi
2943 2650 3110 2694 serva
3125 2641 3297 2696 sunt:
3325 2634 3556 2714 respice
3588 2635 3647 2696 in

2000 2725 2286 2804 populum
2321 2735 2483 2789 tuum
2518 2729 2699 2809 hunc,
2734 2729 2794 2790 in
2842 2730 2953 2791 hos
3007 2729 3104 2811 qui
3156 2729 3516 2793 inclinarunt
3541 2733 3644 2796 tibi

1999 2817 2191 2896 capita
2226 2834 2357 2896 sua,
2383 2826 2440 2880 et
2471 2816 2727 2880 benedic
2759 2819 2844 2881 eis
2879 2819 3296 2882 benedictione
3314 2822 3642 2901 spirituali;

2003 2905 2233 2967 custodi
2258 2916 2454 2987 eos,ut
2473 2908 2756 2989 pupillam
2779 2909 2931 2970 oculi
2948 2909 3136 2985 88-89;
3156 2929 3441 2973 conserva
3459 2931 3564 2975 eos
3584 2915 3645 2976 in

2003 2993 2218 3076 pietate
2250 3015 2316 3057 ac
2338 2996 2571 3076 justitia
2599 3016 2615 3074 ;
2646 3006 2705 3058 et
2736 3017 2838 3060 eos
2867 2998 2984 3059 vita
3015 3009 3233 3062 aaterna
3263 3001 3510 3080 dignare
3540 3024 3555 3077 ;
3586 3005 3645 3065 in

271 3083 462 3146 αότοὺς
508 3084 612 3152 τῆς
667 3085 874 3140 αἰωνίου
907 3089 1076 3163 ζωῆς,
1115 3084 1168 3140 ἒν
1203 3090 1416 3163 Χριστῷ
1444 3083 1622 3152 Ἰησοῦ
1664 3091 1741 3159 τῷ
1770 3087 1914 3166 ἠγα-

2007 3083 2238 3147 Christo
2259 3083 2403 3147 Jesu
2431 3085 2647 3148 dilecto
2671 3085 2820 3148 Filio
2841 3094 2938 3149 tuo
2966 3108 2982 3163 ;
3007 3106 3139 3150 cum
3163 3108 3283 3164 quo
3302 3091 3400 3152 tibi
3432 3091 3642 3169 gloria,

268 3172 501 3247 πημὲνῳ
569 3194 663 3230 σου
695 3171 862 3230 παιδί’
913 3171 1030 3248 μεθ’
1074 3176 1134 3230 οῦ
1187 3194 1270 3230 σοι
1330 3172 1474 3248 δόξα,
1525 3174 1659 3249 τιμὴ
1689 3176 1777 3231 καὶ
1819 3175 1914 3232 σέ-

2007 3173 2213 3255 honor,
2251 3185 2432 3255 atque
2475 3175 2698 3250 cultus,
2731 3186 2788 3238 et
2816 3187 3018 3240 sancto
3073 3176 3342 3260 Spiritui,
3375 3199 3556 3261 nunc,
3589 3189 3660 3248 et,

270 3260 394 3336 ϐας,
451 3265 538 3319 καὶ
603 3267 680 3336 τῷ
721 3263 853 3340 ἁγίῳ
896 3263 1186 3342 Πνεῦματι,
1241 3264 1363 3337 νὺν,
1424 3264 1513 3320 καὶ
1571 3263 1674 3336 ἀεὶ,
1707 3266 1794 3321 καὶ
1841 3267 1914 3329 εἷς

2007 3281 2266 3344 semper,
2291 3274 2348 3325 ct
2368 3264 2428 3326 in
2448 3269 2662 3327 sascula
2693 3267 3068 3329 saeculorum.
3094 3270 3311 3333 Amen.
3335 3268 3406 3331 Et
3435 3260 3641 3332 diaco-

270 3353 397 3415 τοῦς
448 3353 641 3418 αἰῶνας
696 3359 804 3408 τῶν
854 3353 1082 3416 αἰώνων,
1117 3351 1323 3428 Ἀμήν.
1360 3354 1456 3411 Καὶ
1489 3353 1518 3410 ὀ
1546 3351 1786 3418 διάκονος
1817 3352 1913 3411 λε-

2007 3371 2112 3413 nus
2138 3353 2334 3417 dicat:
2370 3352 2535 3416 Exite
2564 3355 2624 3416 in
2664 3373 2830 3434 pace.
2872 3359 3162 3420 Caeterum
3215 3376 3319 3438 pro
3373 3358 3672 3439 primitiis‘

271 3441 436 3519 γέτω⁶
475 3442 756 3522 Προὲλθετε
809 3443 864 3500 ἐν
913 3443 1118 3522 εἰρήνῃο
1157 3441 1280 3500 Ἐπὶ
1336 3441 1390 3500 δὲ
1435 3455 1557 3506 ταῖς
1615 3465 1914 3524 προσφερο-

2007 3460 2136 3522 quae
2171 3443 2532 3516 offeruntur,
2572 3445 2892 3526 episcopus
2939 3448 3161 3526 gratias
3209 3446 3330 3528 agit
3379 3449 3537 3510 hunc
3585 3447 3648 3510 in

275 3530 463 3607 μέναις
492 3531 793 3614 ἀπαρχαῖς,
828 3533 992 3596 οὓτως
1025 3535 1332 3613 εὐχαριστεῖ
1379 3535 1406 3590 6
1436 3534 1749 3597 ἐπίσκοπος.
2003 3532 2244 3594 modum
2271 3554 2285 3594 :

842 3630 1227 3682 ΚΕΦΑΛΑΙΟΝ
1264 3621 1356 3686 Μ’,

2623 3621 2864 3687 CAPUT
2909 3623 3028 3688 XL.

2428 3712 2737 3777 [avocatio
2759 3731 2876 3792 pro
2899 3716 3222 3793 primitiis.

719 3711 1038 3780 Ἐπίκλησις
1070 3713 1154 3770 ἰπὶ
1185 3713 1416 3794 ἆπαρχῶ
1430 3738 1470 3772 δ.

357 3801 789 3881 Εῦχαριστοῦμέν
837 3824 946 3883 σοι,
1002 3803 1152 3882 Κύριε
1203 3802 1589 3881 παντόκρατορ,
1625 3799 1918 3882 δημιουργὲ

269 3899 376 3946 τῶν
408 3891 546 3948 ὅλων
577 3894 662 3948 καὶ
693 3894 989 3972 προνοητὰ,
1023 3891 1107 3950 διὰ
1162 3899 1254 3950 τοῦ
1282 3901 1599 3970 μονογενοῦς
1645 3915 1740 3950 σου
1783 3900 1911 3949 Παι-

269 3980 358 4046 δὸς
415 3981 596 4050 Ἰησοῦ
625 3989 850 4061 Χριστοῦ
876 3991 970 4040 τοῦ
1002 3982 1190 4062 Κυρίου
1219 3983 1402 4062 ἡμῶν,
1432 3982 1517 4039 ἰπὶ
1560 3995 1682 4046 ταῖς
1706 4005 1906 4062 προσε-

267 4073 564 4152 νεχθείσαις
622 4095 706 4130 σοι
763 4072 1065 4154 ἀπαρχαῖς,
1112 4076 1215 4152 οὐχ
1271 4071 1394 4128 ὅσον
1448 4071 1753 4152 ὀφείλομεν,
1789 4071 1905 4128 ἀλλ’

2085 3799 2314 3864 Gratias
2359 3801 2588 3882 agimus
2625 3803 2750 3879 tibi,
2787 3802 3040 3865 Domine
3081 3802 3480 3884 omnipotens,
3513 3824 3648 3868 om-

2001 3889 2164 3950 nium
2198 3891 2393 3969 opifex
2426 3909 2495 3952 ac
2540 3892 2835 3971 provisor,
2868 3911 2974 3972 per
3029 3892 3394 3971 unigenitum
3429 3893 3645 3956 Filium

2000 3986 2166 4039 tuum
2215 3977 2421 4042 Jesum
2485 3981 2783 4044 Christum
2840 3979 3158 4043 Dominum
3214 3991 3510 4063 nostrum,
3542 4001 3646 4064 pro

1993 4069 2203 4130 oblatis
2229 4069 2328 4128 tibi
2365 4070 2685 4150 primitiis;
2721 4089 2836 4132 non
2869 4079 3156 4153 quantum
3190 4071 3504 4146 debemus,
3537 4073 3642 4134 sed

266 4160 392 4218 ὅσον
449 4159 726 4232 δυνάμεὸα.
761 4162 849 4226 Τίς
908 4163 1007 4241 γὰρ
1063 4161 1351 4241 ἀνθρώπων
1409 4160 1634 4226 ἐπαξίως
1680 4161 1909 4241 εὔχαρι-

2007 4167 2281 4239 ιιιτιηιιιιη
2309 4159 2796 4237 possumus.Quis
2822 4163 2980 4222 enim
3008 4161 3314 4222 hominum
3344 4162 3641 4241 condigne

267 4251 455 4316 στῆεαί
484 4273 566 4306 σοι
598 4250 831 4326 δύναται,
864 4251 992 4328 ὑπὲρ
1021 4251 1097 4307 ὧν
1138 4248 1369 4313 δέδωκας
1404 4252 1588 4314 αὐτοῖς
1635 4252 1711 4313 εἱς
1749 4251 1912 4325 μετά-

270 4339 462 4415 ληψινς
518 4343 545 4397 6
603 4343 731 4405 Θεὸς
782 4338 1048 4419 Ἀϐραὰμ,
1115 4344 1198 4398 καὶ
1265 4339 1467 4414 Ἰσαὰκ,
1543 4342 1630 4397 καὶ
1688 4337 1905 4418 Ἰακὼϐ,

1995 4256 2186 4327 potest
2209 4249 2426 4324 gratias
2444 4248 2546 4310 tibi
2573 4269 2890 4330 agere,pro
2917 4250 2990 4311 iis
3008 4269 3083 4325 qu
3097 4269 3144 4312 ac
3165 4249 3381 4311 dedisti
3407 4250 3552 4328 ipsis
3569 4253 3641 4313 ad

1995 4337 2466 4415 participandum
2483 4337 2678 4400 ?Deus
2700 4339 3026 4402 Abrahami
3053 4347 3112 4400 et
3135 4337 3314 4399 lsaaci
3337 4347 3392 4400 et
3412 4338 3643 4418 Jacobi,

271 4431 362 4486 καὶ
417 4430 630 4489 πάντων
681 4436 789 4486 τῶν
847 4430 1034 4507 ἁγίων·
1095 4431 1123 4486 6
1179 4430 1351 4487 πάντα
1380 4428 1794 4508 τελεσφορησας,
1827 4427 1911 4484 διὰ

2007 4426 2383 4505 amniumque
2409 4437 2748 4489 sanctorum
2780 4450 2793 4488 :
2827 4429 2927 4505 qui
2971 4441 3184 4488 cuncta
3215 4429 3286 4488 ad
3321 4429 3637 4506 perfectio-

269 4529 363 4578 τοῦ
417 4517 579 4595 λόγου
608 4540 723 4592 σου,
764 4522 852 4576 καὶ
894 4518 1145 4582 κελεύσας
1213 4525 1280 4596 τῇ
1309 4525 1382 4596 γῇ
1423 4517 1789 4584 παντοδαπους
1812 4521 1909 4575 ἱκ-

2007 4533 2130 4575 nem
2158 4535 2224 4576 ac
2251 4520 2643 4579 maturitatem
2674 4516 3140 4597 perduxisti,per
3164 4517 3423 4577 Verbum
3451 4525 3638 4593 tuum,

273 4617 430 4687 φῦσαι
461 4609 716 4687 καιρποῦς
749 4611 823 4670 εἰς
856 4609 1174 4688 εὖφροσύνην
1193 4611 1281 4665 καὶ
1308 4608 1508 4687 τροφὴν
1541 4606 1832 4688 ἡμετέραν·
1881 4609 1909 4664 6

272 4696 388 4762 δοὺς
437 4712 554 4760 τοῖς
585 4697 922 4773 νωθεστέροις
962 4699 1049 4755 καὶ
1091 4696 1398 4778 β’κηχώδὲσι
1457 4695 1666 4777 χειλὸν,
1723 4696 1907 4778 χλοη-

269 4790 460 4866 φαγοις
495 4786 690 4867 χλόην,
732 4789 820 4843 καὶ
861 4801 975 4851 τοῖς
1008 4789 1104 4862 μὶν
1136 4789 1283 4865 κρέα.
1344 4801 1460 4849 τοῖς
1511 4784 1564 4842 δὲ
1600 4787 1905 4865 τπέρματα,

269 4877 408 4950 ἡμτν
459 4874 510 4930 δὲ
573 4890 722 4932 σῖτον
779 4879 908 4954 πρὸς
969 4878 1166 4956 τροφήν
1196 4879 1488 4957 πρόσψορον
1514 4880 1598 4932 καὶ
1629 4875 1911 4943 κατάλλη-

268 4966 385 5037 λον,
435 4969 522 5021 καὶ
563 4965 713 5044 ἕτερα
768 4964 1011 5046 διάφορα,
1057 4968 1120 5022 τὰ
1177 4965 1272 5040 μὲν
1329 4969 1458 5044 πρὸς
1505 4971 1724 5045 χρῆσιν,
1761 4967 1826 5022 τὰ
1857 4966 1910 5022 δὲ

269 5056 400 5132 πρὸς
443 5055 666 5134 ὑγίειαν,
726 5057 790 5111 τὰ
845 5056 900 5112 δὲ
947 5061 1076 5132 πρὸς
1136 5056 1320 5133 τέρψιν
1381 5057 1498 5113 Ἐπὶ
1555 5055 1761 5120 τούτοις
1821 5057 1909 5113 οὖν

270 5144 462 5200 ἇτασιν
506 5145 866 5224 ῦπερύμνητος
915 5144 1046 5225 (57)
1099 5147 1380 5227 ὑπάρχεις,
1429 5151 1526 5211 τῆς
1569 5147 1642 5208 εἰς
1703 5167 1906 5208 παντας

350 5377 416 5428 8'3
443 5377 600 5441 Psal.
633 5394 805 5447 Lxxx,
852 5377 943 5442 tO.

1995 4617 2053 4666 el
2091 4615 2262 4666 terra:
2285 4607 2513 4684 jnssisti
2541 4608 2896 4686 progignere
2919 4608 3116 4668 omnis
3143 4607 3385 4684 generis
3415 4607 3642 4667 fructus

1991 4693 2062 4754 ad
2095 4694 2351 4755 Lauitian
2383 4707 2440 4755 et
2466 4696 2810 4760 alimoniam
2837 4707 3095 4758 nostram
3127 4715 3140 4757 :
3168 4696 3268 4776 qui
3291 4694 3504 4756 dedisti
3528 4696 3638 4756 he-

1994 4781 2326 4846 betioribus
2357 4804 2423 4847 ac
2457 4785 2887 4864 stupidioribus
2926 4785 3202 4864 pabulum
3252 4784 3394 4863 feni,
3430 4785 3637 4846 herbi-

1996 4873 2150 4933 voris
2185 4874 2428 4936 herbam
2460 4897 2472 4938 :
2509 4885 2564 4936 et
2592 4876 2724 4937 aliis
2776 4876 3016 4955 quidem
3063 4891 3302 4955 carnes,
3335 4873 3469 4934 aliis
3498 4893 3638 4936 vero

1995 4962 2247 5044 semina,
2274 4964 2447 5026 nobis
2476 4974 2671 5027 autem
2706 4965 3065 5026 frumentum
3100 4964 3173 5025 ad
3206 4964 3402 5025 cibum
3434 4971 3635 5044 aptum

1993 5070 2064 5112 ac
2094 5053 2597 5130 convenientem;
2651 5056 2797 5115 item
2857 5054 3094 5115 diversa
3146 5053 3286 5133 alia,
3323 5060 3532 5132 partim
3563 5054 3635 5114 ad

1992 5161 2192 5216 usum,
2223 5143 2434 5220 partim
2471 5142 2542 5204 ad
2577 5143 2912 5214 sanitatem,
2942 5143 3156 5224 partim
3183 5140 3256 5203 ad
3283 5139 3635 5203 oblectatio-
3685 5209 3687 5215 η

1029 5375 1090 5429 8⁷
1119 5377 1304 5442 Exod.
1337 5394 1537 5452 xxxiv,
1572 5379 1631 5442 6.
1714 5379 1878 5429 88-89
1906 5375 2060 5439 Psal.
2096 5395 2211 5456 XVI,
2245 5377 2306 5438 8.

1606 5554 2011 5621 VABIORUM
2054 5553 2303 5618 NOTIE.

337 5737 456 5817 (57)
494 5737 918 5814 Τπερύμνειτος.
955 5737 1016 5798 In
1049 5736 1237 5797 altero
1270 5737 1406 5800 cod.
1435 5739 1692 5814 ὕμνητός.
1724 5737 1807 5798 ίι).
