4054 6214
218 234 379 300 1149

1074 235 1729 303 CONSTITUTIONES
1770 236 2271 301 APOSTOLICIE,
2332 269 2377 278 —
2416 234 2557 301 LIB.
2608 234 2762 303 VIII.

3436 234 3594 301 1150

216 371 310 428 τὸν
380 371 781 451 παντοκράτορα
830 372 917 431 καὶ
979 374 1072 429 τὸν
1132 372 1486 452 ἠγαπημένον
1535 379 1692 435 αὑτοῦ
1750 376 1853 434 Υἱὸι

1952 379 2115 460 ctum
2152 371 2396 455 Filium,
2425 382 2565 437 sunt
2600 384 2871 454 potentes
2900 397 2969 442 ac
2997 380 3257 460 dynastas
3286 378 3591 442 Ecclesia).

217 458 467 518 δυνάσται
510 460 812 541 ὑπάρχωσι
844 465 944 527 τῆς
974 459 1321 528 Ἐκκλησίας.
1378 463 1542 521 Τοῦτο
1568 461 1625 521 δέ
1671 487 1869 545 φαμεν,

218 554 321 629 οὑγ
376 550 473 606 ἵνα
530 550 608 625 μὴ
669 549 913 607 πίνωσιν·
946 548 1125 616 ἄλλως
1156 552 1255 630 γὰρ
1284 553 1371 610 καὶ
1398 551 1525 631 (80)
1551 553 1692 610 ἔστιν
1719 552 1867 624 ὑϐρί-

218 662 310 697 σαι
351 645 415 697 τὸ
466 641 568 697 ὑπὸ
602 638 735 697 Θεοῦ
756 640 1044 719 γενόμενον
1076 642 1147 707 εἰς
1188 641 1535 721 εὐφροσύνην
1583 642 1721 700 ἀλλὰ
1777 645 1870 701 ’ἕνα

216 729 298 805 μὴ
345 735 661 807 παροινῶσι.
735 731 808 788 Οὑ
841 729 941 807 γάρ
976 734 1127 787 εἶπεν
1158 732 1192 799 ἡ
1233 733 1440 811 Γραφὴ,
1474 734 1553 808 μὴ
1584 734 1750 791 πίνειν
1782 736 1872 792 οἶ·

217 840 329 890 νον,
359 817 498 875 ἀλλὰ
551 819 603 876 τί
673 841 833 899 φησιν
873 839 889 895 ;
928 842 955 875 ε
1018 820 1106 887 Μὴ
1154 834 1279 878 πῖνε
1336 821 1483 879 οἶνον
1506 824 1579 887 εἷς
1612 823 1799 897 μέθην⁶
1835 848 1863 879 ι

219 908 321 966 Καὶ
379 906 558 965 πάλιν
628 928 652 964 ε
704 907 977 967 ’Ἀκανθαι
1008 910 1224 989 φύονται
1270 908 1324 965 ἐν
1367 913 1510 991 χειρὶ
1542 913 1792 987 μεθύσου.
1833 936 1857 972 ε

217 999 389 1056 Τοῦτο
458 995 514 1053 δὲ
584 998 645 1056 οὑ
702 999 820 1076 περὶ
872 1004 978 1055 τῶν
1007 998 1062 1055 ἐν
1082 997 1264 1079 κλήρῳ
1306 1003 1468 1075 μόνον
1496 1001 1693 1081 φαμέν,
1726 1000 1864 1061 ἀλλὰ

216 1088 307 1142 καὶ
337 1088 457 1159 περὶ
484 1088 680 1152 παντὸς
727 1086 921 1146 λα’ίιιοῠ
964 1096 1298 1167 Χριπιανοῦ,
1345 1088 1427 1169 ἔφ’
1472 1092 1532 1147 οὗ
1559 1089 1862 1159 ἑπικέπλη-

214 1176 367 1231 ταιτὸ
429 1173 599 1251 ὄνομα
654 1183 749 1234 τοῦ
805 1178 997 1254 Κυρίου
1048 1180 1203 1253 ἡμῶν
1237 1177 1414 1246 Ἰησοῦ
1469 1182 1715 1260 Χριστοῦ·
1776 1182 1865 1239 καὶ

216 1266 404 1327 αὑτοῖς
462 1266 560 1344 γὰρ
621 1266 856 1344 εἴρηταιο
897 1290 925 1323 ε
962 1267 1073 1325 Τίνι
1102 1268 1217 1324 οὑαὲ
1248 1290 1264 1345 ς
1297 1268 1397 1325 τίνι
1439 1268 1655 1347 θόρυϐος
1692 1292 1708 1343 ;
1762 1270 1862 1328 τίνι

214 1352 403 1420 ἀηδίαι
468 1356 557 1412 καὶ
601 1354 794 1437 λέσχαι
842 1376 859 1437 ;
890 1358 1028 1421 τίνος
1060 1356 1293 1416 πελιδνοῖ
1318 1359 1440 1437 (81)
1472 1364 1520 1417 οἱ
1547 1360 1812 1441 ὀφθαλμοί
1842 1377 1860 1436 ;

212 1443 313 1499 τίνι
357 1446 718 1524 συντρίμματα
776 1444 1017 1516 διακενῆς
1052 1465 1074 1523 ;
1118 1447 1176 1504 οὑ
1203 1454 1308 1505 τῶν
1339 1448 1758 1528 ὶγχρονιζόντων
1808 1451 1860 1508 ἓν

1955 459 2085 551 Hoc
2109 468 2307 524 autem
2341 463 2615 540 dicimus,
2639 485 2755 529 non
2788 474 2850 529 ut
2879 459 3077 531 vinum
3110 487 3477 551 nequaquam
3509 468 3595 531 bi-

1954 548 2099 638 bant
2124 570 2140 628 ;
2165 569 2238 613 eo
2259 552 2420 615 enim
2441 554 2618 616 modo
2636 557 3000 620 contumelia
3020 548 3328 621 aﬂlcerent
3347 558 3407 619 id
3431 559 3591 638 quod

1952 657 1987 700 a
2004 636 2126 702 Deo
2141 640 2357 703 factum
2374 643 2546 705 estad
2564 642 2827 708 latitiam
2839 646 2966 720 ;sed
2984 654 3048 709 ut
3062 665 3181 710 non
3194 636 3592 713 inebrientur.

1954 726 2264 819 Siquidem
2297 751 2415 794 non
2446 732 2598 797 dixit
2626 733 2956 819 Scriptura,
2991 736 3188 799 vinum
3222 754 3340 798 non
3375 734 3593 798 biben-

1952 818 2093 881 dum
2125 820 2266 891 ;sed
2296 822 2437 902 quid
2471 821 2606 886 ait?
2643 848 2664 879 σ
2702 822 2787 886 Ne
2816 818 2956 888 bibe
2984 825 3182 888 vinum
3213 825 3287 888 ad
3320 824 3591 888 ebrieta-

1952 915 2068 971 tem
2092 908 2205 983 ¹¹,›
2235 920 2294 974 et
2314 912 2561 976 iterum:
2596 936 2616 969 ε
2648 913 2848 993 δρίοω
2870 916 3277 980 nascunturin
3302 934 3478 978 manu
3498 924 3590 977 te-

1951 999 2199 1062 mulenti
2235 1000 2306 1062 1³.
2340 1026 2365 1058 ιο
2401 1001 2465 1064 Id
2498 1020 2637 1065 vero
2664 1024 2783 1066 non
2814 1004 2890 1067 de
2923 1006 2996 1068 iis
3029 1014 3282 1077 tantum,
3317 1006 3425 1085 qni
3456 1014 3594 1069 sunt

1948 1086 2009 1149 in
2041 1088 2226 1165 clero,
2255 1090 2556 1169 dicimus;
2590 1112 2798 1156 verum
2851 1095 3028 1158 etiam
3088 1096 3163 1158 de
3219 1096 3384 1157 omni
3440 1096 3590 1158 laico

1948 1174 2308 1254 Christiano,
2332 1199 2518 1263 super
2537 1202 2716 1264 quem
2739 1184 3076 1248 invocatum
3100 1190 3195 1250 est
3216 1204 3437 1248 nomen
3466 1188 3590 1250 Do-

1950 1267 2099 1329 mini
2132 1269 2319 1331 nostri
2342 1270 2484 1334 Jesu
2519 1272 2743 1337 Christi
2761 1273 2847 1355 ‘3;
2878 1293 3013 1337 nam
3052 1274 3198 1356 ipsis
3227 1293 3464 1357 quoque
3492 1275 3591 1337 di-

1948 1362 2109 1418 ctum
2140 1366 2270 1421 est:
2316 1384 2338 1418 ε
2379 1360 2482 1424 Cui
2532 1361 2777 1425 vieicui
2830 1363 3168 1427 tumultus?
3204 1364 3301 1426 cui
3332 1364 3504 1427 taedia
3532 1372 3591 1427 et

1945 1446 2266 1522 garrulitas
2295 1446 2321 1511 ἲ
2340 1468 2411 1511 cu
2410 1450 2514 1531 jus
2530 1452 2686 1514 oculi
2712 1452 2872 1515 lividi
2892 1456 2921 1513 τ
2939 1451 3037 1515 cui
3052 1451 3440 1515 contusiones
3454 1452 3585 1514 l’ru-

215 1533 375 1609 οἴνῳ,
434 1538 523 1593 καὶ
577 1541 683 1594 τῶν
743 1538 1265 1613 κατασκοπουμένων
1310 1538 1435 1619 (82)
1461 1548 1565 1599 παῦ
1592 1539 1747 1599 πότοι
1769 1541 1853 1619 γί-

1949 1541 2064 1597 stra
2086 1542 2115 1599 ?
2152 1535 2363 1601 Nonne
2395 1540 2521 1603 haec
2553 1560 2759 1604 eorum
2792 1550 2954 1617 sunt,
2987 1542 3088 1624 qui
3116 1541 3179 1603 in
3210 1542 3343 1604 vino
3371 1541 3585 1604 immo-

214 1647 392 1684 νονται
429 1646 446 1703 ς
492 1651 521 1684 ι

780 1741 1173 1796 ΚΕΦΛΛΛΙΟΝ
1203 1736 1316 1796 ME'

216 1839 341 1918 Περὶ
385 1847 480 1899 τοῦ
714 1837 1065 1922 ὑποδέχεσθαι
1136 1842 1259 1907 τοὺς
1314 1840 1399 1899 διὰ
1444 1843 1669 1922 Χριστὸν
1727 1842 1859 1901 διω-

896 1920 1173 1996 κομένους,

293 2022 427 2087 Τοὺς
483 2022 837 2097 διωκομένους
899 2023 982 2082 διὰ
1011 2025 1211 2101 πίστιν,
1256 2027 1340 2083 καὶ
1382 2029 1455 2091 είς
1484 2027 1639 2085 πόλιν
1672 2027 1731 2086 ἐκ
1760 2031 1855 2087 πό-

210 2110 348 2175 λεως
407 2113 719 2192 φεύγοντας,
784 2112 868 2171 διὰ
896 2116 957 2172 τὸ
1012 2115 1310 2191 μεμνῆσθαι
1370 2124 1476 2174 τῶν
1530 2116 1706 2197 λόγων
1762 2127 1854 2179 τοῦ

212 2201 421 2281 Κυρίου,
491 2202 981 2279 προσλαμϐάνεσθε.
1035 2203 1414 2281 Ἐπιστάμενοι
1478 2207 1596 2287 γὰρ,
1659 2208 1738 2265 ὅτι
1792 2211 1855 2266 τὸ

208 2292 306 2365 μιν
363 2302 569 2367 πνεῦμα
622 2294 908 2375 πρόθυμον,
960 2296 994 2363 ἡ
1048 2293 1103 2351 δὲ
1175 2294 1300 2374 σὰρξ
1356 2297 1602 2371 ἀσθενὴς,
1658 2298 1851 2356 ἀποδι-

206 2378 510 2457 δράσκουσι,
608 2385 694 2440 καὶ
744 2384 837 2453 τὴν
909 2386 1154 2463 ἁρπαγὴν
1184 2388 1289 2442 τῶν
1337 2386 1688 2467 ὑπαρχόντων
1717 2410 1851 2465 προ-

209 2474 387 2527 ἵενται
410 2469 483 2546 Π,
516 2472 608 2529 ’ἕνα
638 2473 986 2549 ἆνεξςίρνητον
999 2474 1053 2531 ἰν
1084 2477 1295 2539 ἑαυτοῖς
1325 2477 1387 2533 τὸ
1415 2475 1581 2552 ὄνομα
1606 2479 1699 2533 τοὺ
1726 2485 1852 2554 Χριο

210 2563 337 2616 στοῦ
367 2558 780 2639 διατηρήσωσιν.
857 2561 1231 2639 Ἐπικουρεῖτε
1264 2565 1353 2622 οὖν
1382 2567 1569 2629 αὑτοῖς
1612 2565 1677 2623 τὰ
1718 2568 1850 2642 πρὸς

207 2650 419 2730 χρείαν,
466 2650 687 2720 εντολιν
734 2655 997 2733 Κυριακὴν
1041 2655 1391 2731 «Aw-mc-

730 2838 1117 2892 κεφΑΑΑιοκ
1163 2834 1317 2909 δίς-ν,

1880 1626 1920 1677 Β
1940 1632 2404 1710 rantur,qulque
2418 1630 2743 1712 explorant.
2753 1631 2856 1695 ubi
2869 1632 3588 1713 ﬁantcompotationes“.n

2538 1733 2785 1799 CAPUT
2828 1734 3005 1798 XLV.

1946 1828 2037 1893 De
2053 1833 2413 1914 recipiendis
2432 1836 2510 1898 iis
2530 1838 2640 1916 qui
2662 1845 2909 1916 propter
2930 1837 3241 1899 Christum
3259 1837 3587 1917 patiuntur

2509 1923 3021 1996 persecutionem.

2018 2012 2132 2076 Eos
2161 2016 2265 2094 qui
2312 2019 2803 2097 persecutionem
2847 2022 3150 2101 patiuntur
3199 2020 3338 2083 ﬁdei
3377 2038 3582 2097 causa,

1938 2111 1999 2167 et
2015 2103 2090 2164 de
2113 2105 2347 2168 civitate
2369 2106 2430 2169 in
2449 2108 2747 2171 civitatem
2782 2109 3008 2189 fugiunt
3028 2110 3083 2153 ⁸⁵
3104 2110 3257 2188 quod
3285 2110 3583 2173 memine-

1937 2195 2058 2256 rint
2086 2193 2407 2258 verborum
2439 2197 2702 2274 Domini,
2737 2200 3049 2281 suscipite.
3082 2202 3228 2264 Cum
3273 2199 3435 2263 enim
3467 2217 3583 2266 n0-

1936 2284 2057 2346 rint
2080 2283 2355 2364 spiritum
2380 2287 2627 2367 quidem
2652 2297 2990 2371 promptum
3012 2307 3166 2363 esse,
3188 2306 3426 2352 carnem
3440 2307 3583 2352 vero

1934 2371 2231 2435 infirmam
2262 2374 2331 2455 ‘5,
2364 2376 2698 2457 aufugiunt,
2729 2386 2787 2440 et
2834 2378 3175 2441 facultatum
3207 2388 3449 2440 suarum
3480 2379 3580 2441 di-

1936 2462 2269 2544 reptionem
2304 2467 2660 2547 permittunt
2689 2486 2756 2530 ac
2790 2468 3119 2548 negligant,
3154 2476 3215 2530 ut
3256 2471 3316 2529 in
3367 2468 3584 2548 seipsis

1938 2570 2159 2615 nomen
2184 2554 2708 2620 Christiillibatum
2730 2566 2789 2619 et
2811 2558 3123 2638 negatione
3137 2574 3254 2620 non
3279 2557 3579 2636 proditum

1936 2653 2310 2708 conservent.
2342 2644 2730 2728 Suppeditate
2754 2665 2895 2727 ergo
2918 2648 3036 2709 illis
3064 2666 3200 2726 qua;
3217 2654 3356 2708 sunt
3378 2666 3581 2711 neces-

1934 2732 2117 2809 saria,
2150 2734 2491 2796 mandatum
2531 2736 2907 2799 Dominicum
2936 2736 3358 2818 adimplentes.

2505 2838 2754 2904 CAPUT
2794 2840 2993 2905 XLVI.

205 2929 346 2990 ’Ὅτι
407 2933 624 3032 ἕκαστος
685 2933 746 3038 ἐν
771 2936 826 3038 ,ᾧ
882 2934 1087 3035 ἐτάχθη
1161 2937 1622 3038 κλήρῳ,”ξιρείλει
1678 2940 1847 3038 ἐμμέ-

1949 2936 2116 3038 Quod
2128 2942 2643 3038 unusqyifqoejn
2658 2961 2727 3007 eo
2736 2944 2940 3022 gradu
2953 2944 3205 3038 clergjn
3219 2961 3336 3025 quo
3348 2952 3433 3008 est
3444 2961 3582 3008 con-

291 3034 425 3099 νειν,
485 3018 571 3071 καὶ
614 3014 941 3099 ,φυλάττειν
982 3014 1093 3099 τὴν
1126 3014 1295 3092 τάξιν,
1353 3014 1490 3079 ἆλλᾶ
1549 3020 1625 3096 μὴ
1680 3014 1849 3099 ἑαυτῷ

287 3094 542 3171 ἁρπάζειν
574 3097 639 3153 τὰ
668 3094 747 3171 μὴ
779 3097 1201 3177 ἰγχειρισθέντα,

283 3200 503 3259 Ἐκεῖνο
549 3200 602 3258 δὲ
632 3208 785 3279 κοινῇ
827 3203 1021 3267 πάντες
1214 3205 1680 3288 παραγγέλλομεν,
1716 3208 1847 3267 ἕκα-

203 3314 326 3349 στον
403 3291 521 3371 (85)
577 3291 822 3368 ἰμμένειν
878 3293 1019 3359 τάξει
1072 3301 1141 3371 τῇ
1198 3294 1402 3372 δοθείσῃ
1438 3298 1600 3377 αὑτῷ,
1635 3300 1719 3355 καὶ
1771 3301 1847 3375 μὴ

200 3379 539 3459 ὑπερϐαίνειν
593 3383 715 3445 τοὺς
760 3382 934 3458 ὄρους’
999 3386 1058 3441 οὑ
1100 3385 1200 3463 γάρ
1229 3387 1359 3441 εἰσιν
1387 3385 1661 3464 ἡμέτεροι,
1713 3387 1849 3444 ἀλλὰ

198 3478 297 3528 τοῦ
369 3478 522 3529 Θεοῦ.
560 3491 590 3530 (
656 3470 715 3529 Ὀ
765 3473 910 3546 ὑμῶν
932 3474 1055 3553 γὰρ,
1101 3476 1262 3551 φησὶν
1292 3476 1320 3531 6
1357 3476 1568 3553 Κύριος,
1615 3476 1847 3553 ἀκούων,

197 3563 336 3637 ὶμοῦ
400 3560 602 3619 ἆκούεν
662 3562 750 3618 καὶ
809 3564 836 3618 6
896 3562 1025 3636 ἐμοῦ
1099 3563 1325 3643 ἁκούων,
1358 3564 1536 3622 ἀκούει
1568 3573 1661 3622 τοῦ
1710 3567 1851 3624 ἄπο-

201 3648 514 3714 στείλαντός
571 3670 663 3726 με’
719 3655 805 3707 καὶ
862 3654 889 3709 6
920 3654 1052 3728 ὑμᾶς
1097 3652 1318 3727 ἀθετῶν,
1354 3654 1448 3728 ἐμὲ
1481 3656 1679 3711 atlas?
1728 3658 1756 3712 6
1800 3654 1853 3711 δὲ

200 3737 298 3811 ἐμὲ
360 3737 585 3814 ἀθετῶν,
634 3739 815 3796 ἀθετεῖ
857 3740 948 3796 τὸν
1008 3739 1396 3800 ἀποστείλαντά
1448 3764 1537 3817 με.
1576 3764 1607 3801 ν
1647 3745 1702 3800 El
1748 3745 1847 3821 γὰρ

197 3828 268 3884 τὰ
349 3826 535 3907 ἄψυχα
598 3829 879 3905 γενόμενα,
925 3829 1024 3897 την
1096 3830 1334 3895 εὑταξέαν
1386 3830 1676 3904 ἇποσώζει’
1731 3848 1847 3891 οῖον

199 3914 311 3989 νὺξ,
340 3916 539 3997 ἡμέρα,
569 3917 721 3989 ἥλιος
753 3917 900 3997 (86),
923 3917 1151 3987 σελήνη,
1185 3919 1375 3993 ἄστρα,
1408 3928 1682 4002 στοιχεῖᾶ,
1716 3945 1840 4001 τροο

198 4008 320 4078 παὶ,
394 4015 583 4080 μῆνες,
637 4006 944 4081 ίὸδομάδες,
980 4008 1195 4087 ἡμέραι,
1248 4012 1402 4089 ὧραι,
1450 4013 1535 4067 καὶ
1608 4008 1841 4068 δουλεύει

197 4103 268 4172 τῇ
342 4094 723 4174 διατυπωθείσῃ
783 4099 959 4177 χρείᾳ,
1022 4100 1157 4154 κατὰ
1220 4102 1279 4155 τὸ
1310 4099 1613 4178 εἰρημένον·
1659 4125 1685 4155 ιι
1723 4100 1842 4160 "0-

2012 3021 2093 3081 sti
2098 3026 2282 3095 tutus,
2297 3020 2517 3106 'debiat
2534 3020 2916 3106 permanere,
2940 3032 2993 3086 et
3008 3020 3284 3087 ordinem
3305 3043 3578 3102 servare;

2014 3117 2136 3162 non
2168 3119 2313 3164 vero
2329 3102 2411 3164 ad
2431 3119 2494 3165 se
2522 3102 2741 3186 rapere
2762 3102 3233 3186 quw'commissa
3264 3122 3387 3168 non
3407 3112 3577 3169 sunt.

2016 3201 2168 3265 Illud
2200 3211 2398 3265 autem
2423 3206 2821 3269 communiter
2841 3225 3050 3270 omnes
3072 3208 3486 3289 pmcipimus;
3514 3216 3581 3270 ut

1933 3292 2342 3373 unusquisque
2378 3293 2438 3354 in
2470 3295 2682 3356 ordine
2705 3294 2820 3357 sibi
2840 3295 2979 3357 dato
3004 3303 3578 3378 permaneat,neque

1933 3382 2266 3459 regularum
2293 3382 2585 3444 terminos
2612 3385 3001 3446 transcendat
3028 3404 3178 3448 :non
3203 3386 3361 3446 enim
3389 3386 3576 3450 nostri

1936 3479 2095 3535 sunt.
2136 3471 2239 3531 sed
2285 3469 2415 3532 Dei.
2455 3493 2478 3527 ε
2516 3472 2624 3545 Qui
2662 3473 2819 3535 enim
2869 3492 2993 3550 vos,
3028 3476 3219 3554 inquit
3262 3474 3572 3547 Dominus,

1935 3558 2125 3640 audit,
2162 3577 2258 3620 me
2283 3561 2489 3633 audit;
2528 3570 2585 3623 et
2614 3564 2716 3642 qui
2753 3580 2846 3624 me
2897 3563 3081 3644 audit,
3115 3563 3277 3626 audit
3306 3582 3439 3626 eum
3472 3564 3575 3645 qui

1940 3646 2100 3709 misit
2132 3665 2266 3711 me:
2302 3657 2359 3709 et
2389 3650 2488 3729 qui
2546 3668 2648 3711 vos
2706 3650 2958 3731 spernit,
2995 3671 3090 3714 me
3148 3653 3415 3733 spernit;
3472 3654 3573 3735 qui

1935 3745 2137 3798 autem
2175 3756 2269 3800 me
2301 3739 2552 3820 spernit,
2588 3741 2814 3819 spernit
2844 3760 2978 3803 eum
3013 3743 3111 3823 qui
3142 3741 3301 3803 misit
3331 3760 3426 3804 me
3455 3742 3568 3801 ⁸8.)

1932 3830 2083 3891 Nam
2144 3828 2193 3888 si
2254 3844 2323 3889 ea
2377 3848 2509 3909 quae
2567 3830 2829 3891 inanima
2906 3826 3145 3893 condita
3214 3840 3375 3906 sunt,
3433 3832 3573 3912 pul-

1933 3916 2140 3978 chrum
2197 3918 2469 3980 ordinem
2530 3928 2925 4003 conservant;
2959 3934 3023 3983 ut
3083 3940 3219 3997 nox,
3274 3921 3427 4001 dies,
3459 3922 3571 3997 sol,

1930 4006 2090 4086 luna,
2150 4006 2359 4086 stellae,
2424 4010 2749 4082 elementa,
2815 4017 3218 4091 tempestates,
3305 4028 3571 4091 menses,

1928 4095 2358 4159 hebdomade-5.
2395 4097 2547 4178 dies,
2586 4100 2786 4176 horae;
2822 4118 2889 4161 ac
2924 4101 3054 4161 usui
3088 4100 3415 4161 constituto
3446 4118 3575 4161 ser-

198 4200 313 4265 ριον
384 4185 522 4261 ἔθου,
560 4186 587 4243 ὃ
628 4190 687 4245 οὑ
745 4186 1182 4266 παρελεύσονταιο
1253 4212 1275 4243 ι
1339 4191 1427 4246 καὶ
1487 4189 1664 4263 πάλιν,
1726 4194 1843 4271 περῖ

1949 4185 2319 4264 riunt;juxta
2350 4186 2500 4248 illud
2545 4187 2808 4253 dictum:
2845 4214 2865 4243 α
2904 4188 3250 4250 Terminum
3296 4188 3568 4269 posuisti,

196 4280 297 4342 τῆς
355 4274 647 4344 θαλάσσης·
685 4300 709 4330 ιι
773 4276 1000 4354 Ἐθέμην
1060 4282 1193 4354 αὑτῇ
1252 4278 1397 4359 ὅρια,
1460 4282 1687 4358 περιθεὶς
1762 4284 1849 4339 καὶ

197 4365 447 4445 κλεῖθρα,
506 4367 594 4422 καὶ
649 4364 839 4429 πύλας
914 4372 1045 4423 εἶπα
1104 4365 1156 4423 δὲ
1212 4367 1368 4445 αὑτξγ
1434 4370 1607 4450 Μέχρι
1661 4373 1849 4429 τούτου

198 4454 418 4533 ἑλεύσῃ,
479 4456 566 4512 γαὶ
624 4457 728 4536 οὑχ
759 4454 1057 4535 ὑπερϐήσῃ’
1090 4480 1113 4513 ε
1152 4455 1304 4531 πότῳ
1329 4456 1533 4530 μᾶλλον
1561 4461 1719 4534 ὑμεῖς
1751 4464 1845 4518 οὑ-

196 4542 285 4601 δὲν
358 4543 594 4624 ὀφείλετε
650 4545 854 4621 τολμᾷν
900 4546 1024 4625 (87)
1058 4561 1370 4624 παρακινεῖν
1414 4554 1520 4605 τῶν
1551 4550 1682 4623 ὑμῖν
1713 4552 1846 4607 κατὰ

1933 4293 2108 4355 quem
2135 4293 2252 4335 non
2278 4276 2882 4357 transgredientur“;
2914 4304 2941 4335 ι
2971 4287 3030 4341 et
3055 4277 3374 4357 iterum,de
3399 4279 3565 4339 mari:

1935 4387 1963 4418 ε
2000 4364 2172 4425 Ροευὶ
2207 4365 2261 4425 ei
2315 4365 2627 4442 terminos,
2658 4376 2714 4427 et
2757 4367 3153 4447 circumposui
3208 4367 3458 4428 claustra
3517 4377 3574 4428 et

1929 4452 2443 4526 ostia;dixiautem
2468 4459 2521 4517 ei
2550 4475 2563 4515 :
2593 4456 3209 4537 Hucusquevenies,et
3238 4474 3351 4516 non
3376 4464 3571 4516 trans-

1930 4541 2161 4619 ibis”;
2204 4567 2226 4597 ι
2264 4554 2483 4624 quanto
2514 4547 2697 4625 magis
2729 4564 2833 4607 vos
2883 4565 3000 4608 non
3054 4545 3288 4607 debetis
3346 4544 3571 4606 audere

278 4702 539 4788 'fAProv‘.
574 4719 743 4788 xxttt;
770 4705 953 4768 Eccli.
986 4724 1145 4788 xxxi;
1171 4706 1388 4788 Eplies.
1425 4725 1481 4768 v.
1570 4707 1623 4751 η
1651 4707 1816 4773 Prov.
1852 4726 2010 4786 ιχνι,
2046 4707 2104 4765 9.
2191 4705 2248 4788 l3
2275 4707 2398 4768 Jac.
2437 4724 2499 4787 ιι,
2529 4707 2584 4767 7.
2674 4702 2729 4749 η
2761 4708 2931 4788 Prov.
2960 4726 3119 4788 χχιιι,
3148 4707 3244 4769 29.
3294 4704 3563 4788 t§_.\lattlt.

196 4804 255 4856 Χ,
291 4781 391 4870 23:
482 4781 764 4870 libiatth.
804 4802 958 4849 xxvi.
988 4786 1091 4870 4H.
1176 4781 1234 4830 Π
1257 4787 1336 4849 al.
1371 4790 1692 4866 προσίενται.
1780 4790 1832 4834 ίθ

1950 4781 2006 4854 c.
2042 4804 2100 4862 χ,
2137 4787 2234 4867 l6;
2293 4781 2502 4851 Matth.
2533 4804 2594 4865 ιι,
2643 4788 2737 4870 ’10;
2767 4787 2941 4851 Joan.
2984 4781 3116 4864 xm,
3143 4788 3241 4851 20.
3326 4784 3381 4828 ¹⁰
3412 4784 3567 4848 l’sal.

1526 4930 1923 5017 νΑιιιοιιυιι
1966 4946 2215 5014 now.

195 4880 323 4941 Clit,
355 4863 417 4931 9.
503 4864 560 4911 2°
581 4865 695 4929 Job
722 4883 966 4948 xxxvm,
999 4868 1097 4933 tl.

275 5117 394 5197 (80)
427 5118 528 5175 Καί
558 5117 705 5197 Dele
736 5136 869 5180 cum
903 5117 1090 5180 altero
1118 5118 1253 5181 cod.
1293 5116 1464 5181 Vind.
1501 5119 1676 5183 Cum.

273 5195 407 5339 l(8'1)
443 5195 709 5262 Πιλιδνοί.
747 5199 809 5261 In
840 5198 1028 5260 altero
1050 5198 1184 5261 cod.
1219 5199 1413 5270 πέλιοι,
1473 5200 1632 5279 quod
1682 5198 1845 5262 idem

297 5328 309 5339 .
358 5296 417 5339 ι).

196 5286 309 5340 est.
334 5286 417 5340 In.

277 5360 1005 5440 (89)_Kafcacxorroutaévwv.
1064 5356 1162 5421 Sic
1217 5378 1461 5440 quoque
1510 5358 1732 5421 citatur
1784 5360 1845 5422 in

199 5438 502 5502 Antiocho
533 5438 780 5519 homilia
811 5441 870 5503 5.
901 5440 1096 5503 Unum
1120 5438 1424 5519 exemplar
1448 5457 1559 5503 ms.
1584 5462 1849 5498 κατασκο-

190 5521 461 5576 πευόντων
488 5539 505 5592 ;
537 5518 724 5595 aliud,
761 5523 1256 5582 κατασκοπούντων.
1298 5518 1448 5584 CO‘r.

267 5599 398 5677 (83)
431 5606 553 5679 Περὶ
580 5608 694 5674 τοῦ,
730 5612 848 5663 etc.
870 5600 1048 5663 Deest
1067 5599 1379 5681 inscriptio
1401 5601 1462 5662 in
1488 5600 1679 5661 altero
1699 5598 1834 5662 cod.

190 5680 374 5743 Casa.

1932 5127 2084 5196 κοινῇ
2114 5128 2243 5178 πᾶσι
2278 5119 2418 5182 CO’I'.

2011 5195 2144 5279 (85)
2172 5201 2471 5279 "Exzetoy.
2510 5198 2692 5261 Addit
2719 5200 2870 5261 alter
2895 5199 3029 5263 cod.
3055 5195 3391 5279 uinculis.
3442 5268 3451 5276 α

2010 5276 2138 5359 (86)
2164 5279 2392 5341 Ἥλιος.
2424 5278 2706 5343 Scholion
2739 5280 2811 5340 ad
2847 5281 2971 5341 haec
2996 5278 3170 5340 verba
3188 5276 3406 5359 habet:
3454 5278 3567 5335 ὀτι

1930 5358 2218 5430 ἣλιος,καὶ
2248 5359 2471 5432 σελήνη,
2505 5363 2593 5419 καὶ
2649 5361 2836 5437 ἄστρα,
2895 5360 2984 5417 καὶ
3038 5362 3102 5417 τὰ
3152 5359 3313 5416 λοιπὰ
3356 5358 3564 5438 ἄψυχα,

1938 5449 2151 5520 contra
2176 5441 2505 5520 origenem,
2539 5441 2641 5520 qui
2670 5449 2827 5520 astra
2851 5439 3269 5520 animataesse
3301 5436 3563 5520 putabat,

1929 5523 2080 5584 Eum
2104 5519 2238 5582 vide
2269 5518 2349 5581 lib
2409 5518 2670 5584 vcontra
2702 5519 2923 5582 Celsun
2952 5568 2968 5600 ,
3006 5538 3061 5600 p.
3093 5518 3235 5600 ~2‘38,
3268 5519 3365 5580 ed.
3411 5520 3565 5579 Can-

1924 5600 2049 5663 tab.
2084 5610 2143 5662 et
2174 5600 2325 5662 libro
2363 5601 2445 5664 De
2473 5607 2769 5675 oratione,
2805 5596 3074 5680 cop."21l.
3109 5596 3193 5659 In.

2003 5682 2117 5757 (87)
2153 5680 2389 5757 τολμᾷν.
2448 5682 2625 5745 Deest
2674 5681 2734 5744 in
2785 5681 2974 5744 altero
3015 5680 3266 5755 codice;
3305 5692 3375 5742 ac
3421 5694 3565 5739 sane

273 5760 387 5841 (84)
418 5758 616 5838 Itoni.
665 5761 887 5827 πάντες.
941 5757 1006 5824 Ιιι
1058 5759 1289 5824 duobus
1346 5759 1583 5842 scriptis
1637 5756 1831 5839 libris,

1949 5756 2198 5825 .bundat.
2218 5758 2304 5826 Io.
