4054 6214
525 266 680 335 1159

604 494 851 568 Quidam
874 514 1046 577 porro
1066 496 1181 559 alia
1205 498 1383 561 etiam
1410 518 1589 580 opera

523 588 751 671 prolixa
779 600 836 650 et
881 590 1121 670 copiosa
1148 590 1256 652 sub
1300 593 1430 672 ejus
1473 612 1585 656 no-

528 684 684 745 mine
704 682 833 746 heri
852 700 925 747 ac
950 683 1378 748 nudiustertius
1404 686 1465 750 in
1488 686 1585 749 lu-

521 792 651 837 cem
697 774 1070 856 protulerunt
1106 797 1121 836 :
1171 786 1308 857 puta
1341 779 1500 841 Petri
1531 788 1590 842 et

522 867 773 947 Apionis
818 866 1291 950 disputationes;
1331 889 1586 951 quorum

522 956 678 1037 apud
714 956 988 1038 antiquos
1009 958 1171 1019 nulla
1201 961 1444 1022 omnino
1477 980 1584 1024 ex-

522 1058 631 1112 stat
649 1053 891 1114 mentio.
926 1053 1131 1132 Neque
1164 1054 1324 1115 enim
1357 1054 1592 1119 sincera

524 1152 702 1207 rectae
732 1145 869 1205 ﬁdei
919 1144 992 1207 ab
1048 1148 1331 1226 apostolis
1366 1150 1592 1212 traditae

524 1251 666 1301 nota
695 1239 758 1301 in
806 1239 922 1301 illis
952 1258 1233 1321 expressa
1266 1245 1589 1323 reperitur.

524 1334 680 1414 Lege
710 1332 957 1396 Maximi
985 1333 1319 1416 Prologum
1346 1342 1413 1400 in
1438 1338 1591 1420 Ope-

516 1445 588 1490 ra
621 1427 931 1508 Dionysii.

1663 1266 2002 1347 χαρακτῆρι,

1378 273 1440 336 S.
1487 270 1918 339 CLEMENTIS
1962 279 1986 339 Ι
2030 278 2211 341 ROM.
2260 280 2485 346 PONT.
2532 283 2777 347 OPERA
2825 283 3077 351 DUBIA.

1657 409 1823 473 Idem
1851 410 2157 491 Eusemus,
2187 413 2293 479 lib.
2329 432 2421 494 tu,
2455 436 2562 500 cap
2621 418 2723 483 38.

1741 514 1893 586 ’Ἤδη
1923 518 1973 576 δὲ
2000 524 2087 577 καὶ
2128 522 2281 601 ἕτερα
2334 521 2578 592 πολυεπῆ
2636 524 2731 580 καὶ

1658 614 1837 692 μακρὰ
1867 616 2277 695 συγγράμματα,
2343 620 2416 682 ὡς
2474 624 2568 674 τοῦ
2625 622 2718 677 cat-3o

1658 726 1773 779 του,
1801 707 1931 786 χθὲς
1975 711 2063 764 καὶ
2094 709 2278 786 πρώην
2303 710 2441 773 τινές
2483 709 2698 788 προὴγα

1658 820 1775 879 γον,
1822 800 2018 880 Πέτρου
2040 800 2105 869 δὴ
2138 804 2225 859 καὶ
2256 802 2520 869 Ἀπίωνος
2547 802 2727 859 διαλό-

1660 914 1786 969 γους
1871 895 2216 976 περιέχονταο
2290 898 2365 951 ὧν
2416 894 2523 953 οὔδ’
2584 895 2725 960 ὅλως

1660 986 1855 1062 μνὴμη
1885 1009 1965 1052 τις
2022 990 2163 1069 παρὰ
2186 1003 2306 1053 τοῖς
2351 988 2607 1053 παλαιοῖς
2637 991 2728 1069 φέ-

1662 1100 1833 1157 ρεται,
1882 1080 2011 1137 Οὗδὲ
2042 1083 2142 1161 γὰρ
2180 1083 2407 1160 καθαρὸν
2438 1082 2531 1150 τῆς
2579 1083 2723 1139 ἀπο·-

1664 1170 1917 1241 στολικῆς
1959 1174 2249 1253 ὀρθοδοξίας
2312 1175 2576 1245 ἀποσώζει
2635 1177 2727 1231 τὸν

3710 290 3839 357 1160

3016 420 3122 484 Ea:
3151 424 3412 503 interpr.
3440 424 3665 505 Ruﬁni.

2890 512 3008 577 Sed
3040 522 3099 578 et
3122 514 3239 579 alia
3262 517 3397 597 ejus
3442 519 3719 599 opuscula
3744 539 3846 583 non

2809 607 3060 671 minima
3078 629 3112 672 a
3135 611 3436 674 nonnullis
3457 611 3660 675 haberi
3675 615 3849 694 perbi-

2806 701 3219 781 bentur;velut
3236 703 3395 767 Petri
3414 711 3474 771 et
3496 706 3735 787 Apionis
3748 709 3848 769 dis-

2809 796 3033 877 putatio
3063 819 3079 875 ;
3110 817 3242 879 quae
3265 800 3325 861 in
3357 819 3464 861 usu
3488 818 3521 862 a
3567 799 3845 864 veteribus

2806 888 3007 951 habita
3038 891 3289 953 minime
3319 893 3654 968 reperimus
3685 914 3701 967 ;
3733 895 3850 974 quia

2807 1000 2919 1043 nec
2942 1000 3087 1062 pura
3109 986 3169 1045 in
3189 986 3275 1047 eis
3297 994 3351 1047 et
3377 986 3714 1068 incorrupta
3730 1005 3852 1069 apo-

2808 1074 3032 1137 stolicae
3057 1076 3195 1139 ﬁdei
3223 1079 3428 1158 regula
3470 1080 3747 1141 mansisse
3767 1080 3851 1142 de.

2810 1168 3231 1247 prehenditur.
3277 1170 3437 1252 Lege
3478 1171 3729 1252 Niceph.
3759 1171 3847 1234 lib-

2816 1276 2908 1343 tu,
2946 1278 3079 1341 cap.
3109 1260 3204 1326 18.

520 1553 604 1616 De
635 1550 1044 1633 Disputatione
1076 1552 1234 1612 Petri
1267 1562 1325 1615 et
1348 1556 1623 1698 Apionis,
1654 1576 1787 1640 qua:
1816 1560 2285 1698 videtur‘uisse
2312 1567 2406 1628 vel
2425 1581 2577 1647 pars
2610 1565 2711 1627 vel
2764 1561 3073 1643 appendix
3132 1560 3461 1626 Clementis
3502 1563 3853 1643 Recoguitio-

872 1649 1010 1692 num
1045 1640 1101 1694 et
1130 1630 1383 1696 Actuum
1465 1646 1577 1698 etrt
1607 1640 1747 1698 vide
1773 1642 1939 1698 infra
1971 1643 2038 1698 in
2120 1642 2457 1698 ieronvmn-
2492 1644 2703 1698 Photio
2724 1641 2989 1698 Honorio
3017 1643 3568 1698 Auenstodunonsi-

872 1649 1010 1692 num
1045 1640 1101 1694 et
1130 1630 1383 1696 Actuum

1465 1638 1577 1699 etri
1607 1638 1747 1703 vide
1773 1642 1939 1721 infra
1971 1643 2038 1703 in
2066 1638 2459 1726 Hieronymo,
2492 1644 2703 1708 Pbotio
2724 1638 2989 1715 Honorio
3016 1643 3568 1721 Augustoduuensi.

2172 1819 2275 1887 IlI.

1464 2002 1527 2062 S.
1564 2002 1962 2080 ATEANLSIUS,
1997 1999 2056 2061 in
2087 1999 2349 2083 SynOpsi
2367 2018 2562 2065 sacrae
2586 2000 2945 2081 Scriptura.

602 2177 820 2239 lterum
854 2174 991 2235 libri
1015 2176 1159 2238 Novi
1175 2172 1540 2237 Testamenti
1562 2176 1781 2258 quibus
1803 2178 2155 2242 contradici-

2319 2186 2429 2249 Τῆς
2484 2180 2619 2245 Νέας
2684 2176 2843 2237 πάλιν
2926 2178 3198 2247 Διαθήκης
3267 2177 3657 2256 ἀντιλεγόμινα
3708 2186 3847 2236 ταότα

522 2276 641 2346 tur,
673 2271 813 2328 sunt
848 2285 864 2325 :
899 2265 1200 2327 Circuitus
1232 2265 1418 2339 Petri,
1451 2276 1562 2329 etc.
1592 2265 1675 2329 Ex
1696 2268 1910 2349 quibus
1931 2268 2161 2330 veriora

2253 2269 2477 2350 Περίοδοι
2531 2269 2752 2350 Πέτρου³
2808 2276 2928 2330 etc.
2962 2264 3050 2333 Ἐξ
3096 2265 3170 2322 ὧν
3229 2270 3667 2348 μετεφράσθησαν
3722 2266 3857 2325 ἰκλε-

521 2365 578 2416 et
619 2373 654 2416 a
680 2356 802 2418 Deo
833 2354 1140 2435 inspirata,
1174 2354 1365 2417 electa
1396 2364 1536 2418 sunt
1566 2374 1633 2418 ac
1692 2358 1997 2422 translata.
2025 2358 2161 2421 Haec

2253 2358 2401 2439 γὲντα
2463 2360 2529 2416 τὰ
2583 2358 2908 2437 ἄληθεστερα
2938 2358 3027 2413 xci
3054 2357 3399 2419 θεόπνευστα.
3435 2365 3615 2416 Ταῦτα
3646 2360 3710 2414 τὰ
3755 2359 3866 2414 ἁνα-

522 2453 661 2506 sunt
681 2462 814 2525 quas
837 2444 1142 2525 leguntur,
1177 2452 1295 2506 etc.

2244 2448 2641 2529 γινωσκόμενα,
2674 2454 2789 2510 etc.

2170 2623 2273 2691 IV.

1341 2747 1407 2813 S.
1444 2752 1820 2826 EPIPHANIUS,
1855 2749 2076 2812 heresi
2104 2762 2252 2823 xxx,
2282 2745 2741 2823 Ebc'anceorum,
2771 2763 2941 2809 num.
2976 2747 3071 2812 15.

602 2944 858 3005 Utuntur
887 2948 1086 3005 autem
1118 2942 1324 3005 etaliis
1348 2943 1702 3025 quibusdam
1728 2944 1917 3019 libris,
1945 2960 2163 3023 nempe

2325 2949 2564 3023 Χρῶνται
2603 2941 2656 2999 δὲ
2686 2943 2772 2998 καὶ
2792 2940 2978 3008 ἄλλαις
3018 2943 3119 2999 τισὶ
3163 2939 3392 3021 βίϐλοις⁷
3425 2939 3583 3007 δῆθεν
3613 2953 3732 3004 ταῖς
3765 2946 3857 2995 Πε-

517 3030 590 3092 iis
618 3032 716 3112 qui
751 3043 1041 3095 vocantur
1064 3031 1361 3093 Circuitus
1393 3034 1577 3105 Petri,
1618 3052 1651 3094 a
1681 3034 1991 3096 Clemente
2011 3051 2161 3093 con-

2253 3031 2440 3111 οιόόοις
2470 3032 2823 3108 καλουμέναις
2856 3033 3074 3112 Πέτρου,
3108 3033 3234 3094 ταῖς
3268 3029 3352 3087 διὰ
3389 3031 3704 3105 Κλήμεντος
3749 3051 3863 3107 γρα-

516 3122 722 3200 scripti
760 3131 973 3201 :atque
1004 3141 1073 3182 ea
1102 3122 1344 3202 quidem
1380 3124 1587 3201 qutein
1621 3124 1741 3185 illis
1772 3123 2162 3185 continentur

516 3221 1130 3291 corruperunt,pauca
1157 3220 1352 3274 autem
1381 3230 1518 3272 vera
1549 3212 2163 3292 reliqueruntzquem-

516 3300 840 3362 admodum
872 3301 1121 3380 eosipse
1142 3298 1422 3362 Clemens
1445 3302 1726 3364 omnibus
1752 3302 1942 3363 modis
1958 3302 2164 3362 redar-

516 3390 662 3467 guit,
698 3407 805 3469 per
832 3388 1119 3469 epistolas
1150 3388 1479 3452 circulares
1493 3389 1727 3470 quze,ab
1750 3390 2165 3469 eoseriptze,iu

517 3476 741 3541 sanctis
764 3477 1041 3542 ecclesiis
1072 3476 1531 3557 leguntur.Quia
1551 3479 1730 3542 alium
1762 3478 1941 3540 habet
1961 3479 2166 3540 chara-

2245 3124 2473 3199 φοίσαιςο
2534 3121 2873 3185 νώδύσαντες
2903 3122 2998 3197 μὲν
3026 3122 3093 3179 τὰ
3122 3121 3174 3177 ἑν
3206 3124 3417 3186 αὖταϊςο
3469 3119 3626 3197 ὀλίγα
3660 3116 3711 3175 δὲ
3740 3117 3866 3185 ἄλη-

2244 3213 2360 3269 θινὰ
2421 3212 2693 3276 ἐάσαντες·
2735 3214 2808 3275 ὡς
2859 3214 3015 3274 αὐτὸς
3085 3210 3311 3285 Κλήμης
3341 3211 3532 3269 αὐτοὺς
3562 3210 3698 3266 κατὰ
3721 3208 3867 3263 πάντα

2247 3300 2487 3381 ἐλέγχει,
2520 3300 2614 3381 ἀφ’
2666 3301 2741 3357 ὦν
2799 3300 3028 3380 ἔγραψεν
3085 3298 3414 3358 Ἐπιστολῶν
3460 3297 3751 3376 ἐγκυκλίων
3778 3296 3866 3353 :er

2247 3390 2300 3447 ἂν
2353 3403 2476 3454 ταῖς
2532 3391 2707 3470 ἁγίαις
2742 3389 3057 3458 ἐκκλησίαις
3083 3388 3625 3469 ἀναγινωσκομένων
3676 3386 3758 3442 ὅτι
3782 3383 3869 3441 ἆλ-

2248 3482 2339 3537 λον
2392 3479 2511 3560 ἔχει
2559 3486 2879 3559 χαρακτῆρα
2926 3483 2961 3549 ἡ
3006 3482 3195 3539 ἑαυτοῦ
3243 3478 3417 3542 πίστις
3472 3479 3565 3535 καὶ
3622 3480 3649 3534 ὁ
3707 3474 3866 3552 λόγος,

516 3577 743 3627 clerem
775 3567 924 3628 ﬁdes
958 3567 1118 3628 illius
1150 3586 1218 3629 ac
1241 3568 1453 3643 oratio,
1480 3567 1555 3629 ab
1594 3569 1669 3630 iis
1726 3588 1859 3646 qua:
1903 3567 2016 3629 sub
2051 3587 2161 3629 no-

2253 3570 2388 3648 παρὰ
2441 3570 2506 3628 τὰ
2561 3569 2665 3627 ὑπὸ
2705 3570 2904 3647 τούτω)
2955 3572 3029 3635 είς
3056 3567 3231 3645 ὄνομα
3275 3568 3434 3624 αὐτοῦ
3477 3566 3537 3623 ἒν
3557 3580 3679 3630 ταῖς
3711 3565 3871 3642 Περιό-

519 3655 679 3716 mine
711 3655 843 3733 ejus
876 3657 964 3716 isti
996 3656 1053 3716 in
1113 3657 1482 3719 Circuitihus
1540 3665 2005 3738 supposuerunt.
2060 3657 2161 3719 Ille

2253 3658 2357 3722 δοις
2410 3658 2775 3735 νενοθευμένα.
2819 3659 2998 3725 Αὐτὸς
3048 3660 3148 3738 γὰρ
3203 3659 3482 3735 παρθενίαν
3514 3654 3763 3728 διδάσκει,
3796 3654 3869 3708 καὶ

520 3743 678 3803 enim
729 3743 1125 3822 virginitatem
1160 3744 1380 3816 docet;
1415 3755 1473 3808 at
1503 3747 1597 3807 isti
1656 3747 1994 3828 repudiaut.
2058 3746 2165 3808 Ille

518 3830 731 3905 Eliam,
758 3833 1063 3904 Davidem,
1084 3832 1475 3915 Sampsouem
1496 3855 1823 3917 omnesque
1841 3837 2164 3918 prophetas

518 3920 897 3982 commendat
926 3942 942 3992 ;
979 3941 1124 4001 quos
1155 3924 1256 3986 isti
1280 3923 1670 3989 detestantur.
1706 3924 1909 4007 Itaque
1941 3927 1999 3987 in
2024 3927 2161 3990 Cir-

520 4009 773 4071 coitibus
788 4010 1066 4072 omniaad
1080 4013 2159 4094 suuminstitutumaccommodarunt,

519 4117 589 4160 ac
632 4100 707 4162 de
741 4103 911 4161 Petro
939 4101 1121 4162 multa
1146 4103 1459 4165 mendacia
1489 4107 1907 4167 conﬁnxerunt
1942 4124 1955 4168 :
1994 4108 2163 4187 quasi

521 4189 572 4249 is
601 4188 870 4269 quotidie
898 4191 1267 4253 castimonia:
1296 4210 1477 4255 causa
1508 4194 1745 4266 laverit,
1796 4195 1949 4257 sicut
1976 4205 2034 4257 et
2066 4195 2163 4258 isti

516 4280 762 4342 faciunt.
795 4274 1085 4341 Eumdem
1119 4282 1296 4343 etiam
1321 4283 1488 4345 aiunt
1515 4282 1878 4347 abstinuisse
1908 4284 1981 4347 ab
2038 4285 2163 4347 ani-

518 4368 692 4430 matis
721 4376 782 4430 et
805 4370 1111 4444 carnibus,
1140 4377 1204 4432 ut
1228 4371 1340 4452 ipsi
1371 4373 1561 4434 solent
1596 4394 1612 4450 ;
1645 4384 1703 4438 et
1732 4374 1806 4436 ab
1839 4374 2003 4436 omni
2045 4373 2160 4438 alio

518 4456 651 4546 cibo
681 4457 784 4539 qui
842 4476 1021 4521 carne
1077 4470 1346 4537 constet;
1410 4463 1891 4545 quandoquidem
1943 4471 2003 4527 et
2031 4465 2162 4546 ipse

514 4545 727 4635 Ebion,
754 4554 815 4609 et
844 4546 1134 4611 Ebionitae
1156 4550 1402 4612 omnino
1434 4551 1508 4612 ab
1539 4551 1614 4614 iis
1642 4553 1966 4618 abstinent.
2007 4545 2161 4635 Lege

516 4634 827 4715 Reoognit.
858 4636 939 4698 lib
996 4656 1071 4720 iv,
1099 4658 1232 4719 cap.
1265 4641 1342 4721 3;
1375 4641 1480 4705 lib.
1514 4657 1577 4724 ν,
1609 4660 1739 4724 cap.
1768 4643 1846 4706 36
1878 4664 1896 4717 ;
1929 4641 2035 4708 lib.
2057 4634 2158 4722 vn,

516 4741 645 4802 cap.
667 4725 726 4798 ὃ,
760 4734 819 4787 et
855 4725 955 4787 lib,
1000 4745 1119 4809 vui,
1151 4747 1282 4810 cap.
1316 4732 1341 4791 l
1374 4738 1434 4791 et
1461 4732 1522 4792 2.

2148 4909 2224 4983 ν.

2247 3750 2393 3805 αὐτοὶ
2458 3747 2519 3804 οὗ
2543 3746 2814 3827 δέχονται.
2846 3748 3019 3812 Auro:
3049 3750 3150 3827 γὰρ
3182 3746 3505 3825 ἐγκωμιάζει
3560 3744 3763 3815 Ἠλίαν,
3792 3741 3867 3798 καὶ

2215 3891 2221 3898 .
2250 3836 2432 3918 Δαϐὶδ,
2507 3838 2593 3894 καὶ
2641 3837 2904 3914 Σαμψὼν,
2964 3839 3051 3893 καὶ
3082 3837 3283 3896 πάντας
3315 3835 3436 3897 τοὺς
3470 3832 3766 3915 προφήτας,
3796 3829 3868 3893 οὖς

2246 3930 2389 3985 οὗτοι
2442 3923 2831 4003 βδελύττονται,
2882 3925 2971 3985 Ἐν
3012 3939 3135 3988 ταῖς
3167 3927 3256 3983 οὗν
3290 3921 3565 4003 Περιόδοις
3597 3925 3655 3981 τὶ
3686 3928 3781 3979 πᾶν
3806 3921 3864 3982 εἰς

2248 4018 2465 4080 ἑωυτοὺς
2535 4017 2896 4095 μετήνεγκαν,
2988 4014 3449 4091 καταψευσάμενοι
3514 4015 3709 4093 Πέτρου
3755 4008 3867 4066 κατὰ

2245 4105 2472 4169 πολλοὺς
2529 4105 2776 4185 τρόπους·
2855 4108 2927 4170 ὡς
2980 4109 3136 4164 αὐτοῦ
3207 4103 3326 4161 καθ’
3374 4103 3582 4181 ἡμέραν
3637 4103 3867 4179 βαπτιζο-

2244 4197 2406 4275 μένου
2474 4195 2730 4268 ἁννισμοῦ
2788 4194 2991 4275 ἕνεκεν²
3044 4195 3277 4273 καθάπερ
3333 4195 3425 4250 καὶ
3455 4192 3625 4256 οὗτοι,
3680 4186 3867 4264 Ἐμψτ-ί·

2244 4308 2364 4366 χων
2394 4306 2452 4342 τε
2491 4286 2583 4342 τὸν
2640 4286 2796 4341 αὐτὸν
2823 4283 3120 4364 ἀπέχεσθαι
3154 4285 3243 4340 καὶ
3274 4289 3466 4358 κρεῶν,
3501 4280 3577 4345 ὡς
3608 4282 3691 4337 καὶ
3721 4277 3842 4366 οὗτοι

2244 4362 2333 4433 καὶ
2362 4375 2540 4441 πάσης
2593 4370 2765 4441 ἄλλης
2823 4362 3022 4439 ἔδωδῆς
3052 4377 3150 4440 τῆς
3194 4371 3301 4428 ἀπὸ
3333 4375 3547 4448 σαρκῶν
3582 4362 3863 4440 πεποιημέ-

2246 4486 2341 4532 νης
2375 4463 2642 4543 λέγουσιν⁹
2697 4460 2984 4540 ἐπειδήπερ
3032 4465 3124 4518 καὶ
3180 4464 3335 4526 αὐτὸς
3367 4458 3561 4516 Ἐὄίων
3592 4464 3675 4516 καὶ
3702 4454 3867 4516 ’Βὸιιψ

2246 4568 2391 4611 ντται
2415 4556 2688 4617 παντελῶς
2720 4551 3015 4631 ἀπέχονται
3046 4550 3271 4610 τούτων.

1533 5088 1597 5155 S.
1637 5090 2047 5178 Hienonvuus,
2084 5096 2167 5157 De
2188 5092 2317 5157 air.
2349 5088 2603 5159 uiuam,
2635 5101 2767 5165 cap.
2804 5092 2863 5144 t.

596 5355 759 5423 Libri
797 5363 1020 5447 autem,
1054 5353 1327 5447 (aquibus
1358 5375 1510 5419 unus
1540 5358 1825 5425 Actorum
1858 5364 1987 5446 ejus
2024 5365 2155 5447 (Pe-

2707 5263 2810 5327 Ex
2838 5265 3096 5345 antiqua
3127 5264 3429 5327 versione.

2318 5363 2394 5421 Τὰ
2430 5359 2483 5417 δὲ
2543 5360 2951 5440 συγγράμματα,
3003 5356 3145 5413 τοῦτ’
3176 5356 3285 5414 ’ἐστι
3342 5363 3576 5436 πρῶτον,
3607 5353 3635 5411 ὅ
3685 5348 3855 5428 ἐπιγέ-

515 5452 605 5529 tri)
632 5444 1002 5525 inscribitur,
1037 5445 1188 5506 alius
1216 5446 1541 5529 Evangelii,
1588 5454 1795 5516 tertius
1853 5439 2152 5519 Praedica-

2253 5472 2491 5533 γραπται,
2551 5449 2766 5527 Πράξεις
2819 5448 2996 5504 α·3τοῦ’
3062 5444 3324 5524 δεύτερον,
3363 5444 3701 5524 Εὒιγγέλιον
3758 5439 3857 5518 τρί-

513 5540 715 5617 tionis,
738 5543 981 5616 quartus
997 5534 1459 5616 Apocalypseos,
1489 5539 1732 5617 quintus
1752 5543 1971 5606 Judicii
1999 5546 2158 5611 inter

2253 5563 2350 5620 ιον,
2414 5540 2694 5616 Κήρυγμα’
2782 5538 3053 5615 τέταρτον,
3137 5533 3543 5606 Ἀποκάλυψις·
3615 5534 3859 5606 πέμπτον,

510 5628 871 5709 apocryphas
900 5623 1226 5714 scripturas
1268 5634 1622 5704 reputantur
1672 5629 1787 5709 (3),
1825 5634 1978 5714 Lege
2008 5635 2158 5697 me-

512 5718 760 5789 cultum,
837 5721 981 5774 tom.
1016 5711 1088 5793 11,
1147 5712 1252 5774 lib.
1308 5730 1351 5790 ι,
1385 5732 1514 5797 cap.
1569 5717 1667 5792 20,
1721 5730 1777 5781 et
1832 5711 2157 5787 Honorium

514 5811 791 5883 August.,
839 5818 974 5880 cap.
1006 5808 1067 5863 4.

595 5979 683 6061 (3}
707 5978 1118 6058 Reputantur.
1142 5980 1238 6042 Al.
1270 5982 1697 6062 repudiantur.

2245 5630 2448 5708 Κρίσις·
2477 5630 2550 5690 ὡς
2595 5627 2871 5705 ἀπόκρυφα
2918 5624 3044 5681 ὄντα
3078 5624 3551 5699 ἂποδοκιμάζεται.
