4054 6214
385 173 533 238 1163
1206 170 1268 233 8.
1316 163 1752 233 CLEMENTIS
1794 163 1816 229 Ι
1861 168 1986 230 ROl

2152 167 2323 232 DNT.
2367 165 2612 234 OPERA
2660 168 2916 232 DUBIA.
3602 161 3753 226 1164

383 311 514 373 rim.
546 309 674 381 Quo
705 306 891 384 magis
911 322 1059 386 egeo
1089 303 1503 366 misericordia
1534 302 1666 377 Dei,
1704 311 1765 362 ut
1791 301 2022 383 plenio-
2045 318 2082 366 Α
2106 298 2364 362 famelici
2397 301 2599 363 cordis
2619 318 2722 362 ore
2739 299 3227 380 colligere.Hunc
3249 301 3442 360 locum
3467 298 3762 359 Heriber-

379 417 508 462 rem
532 396 678 460 mihi
698 395 782 456 tui
805 396 1037 474 copiam
1071 393 1331 473 tribuat;
1362 395 1498 473 quia
1545 411 1647 472 pro
1671 391 1894 453 divitiis
1918 393 2030 452 erit
2112 394 2206 452 tus
2237 391 2600 471 Rosweydus
2632 390 2704 454 de
2733 389 3266 470 Recognitionibus
3297 388 3593 469 explicat.

381 486 654 569 pauperi,
686 493 752 546 ut
785 483 975 546 micas
995 501 1030 544 a
1052 482 1255 544 divitis
1285 500 1493 544 mensa
1521 485 1828 561 cadentes,
1858 479 2027 543 avido

1999 637 2153 706 VIII.

963 791 1186 853 Auctor
1216 789 1423 870 Operis
1451 786 1796 868 imperfecti
1826 786 1886 848 in
1923 784 2297 865 Matthaum,
2329 782 2493 846 hom.
2525 782 2628 860 27,
2655 780 2728 843 ad
2763 781 2969 845 Matth.
2994 801 3052 858 x,
3086 783 3188 846 41.

1049 908 1241 999 (Inter
1274 919 1425 1000 Opp.
1462 916 1523 980 S.
1559 919 1724 980 Joan.
1764 916 2093 998 Chrysost.,
2120 925 2264 980 tom.
2296 914 2396 998 VI,
2426 933 2569 1000 pag.
2605 916 2724 979 115
2749 916 2894 981 edit.
2928 916 3091 995 BB.)

469 1079 583 1142 Sed
607 1079 747 1142 audi
769 1077 1317 1160 mysterium,quod
1344 1078 1552 1140 Petrus
1569 1078 1725 1159 apud
1748 1076 2029 1140 Clemen-
2113 1077 2334 1138 saeculo
2369 1077 2517 1140 nihil
2551 1079 2605 1139 ei
2661 1076 2905 1158 prodest
2956 1096 3107 1157 opus
3167 1077 3398 1159 ipsius:
3433 1091 3549 1136 nec
3605 1071 3779 1134 enim

389 1180 506 1231 tem
541 1171 830 1248 exposuit.
863 1168 929 1231 Si
992 1168 1186 1228 ﬁdelis
1240 1168 1446 1230 fecerit
1491 1186 1640 1247 opus
1681 1167 1936 1248 bonum;
1975 1169 2032 1228 et
2112 1167 2616 1230 collocatnrinter
2639 1167 3376 1250 casturosﬁdelespropter
3393 1185 3546 1249 opus
3566 1181 3780 1227 suum:

389 1259 524 1320 heic
545 1259 599 1319 ei
637 1258 902 1337 prodest,
943 1257 1204 1318 liberans
1237 1276 1372 1318 eum
1420 1276 1452 1318 a
1505 1256 1704 1329 malis;
1745 1265 1806 1318 et
1838 1258 1894 1317 in
1930 1257 2030 1318 illo
2111 1259 2384 1337 etjuste;
2423 1258 2559 1338 quia
2592 1257 2845 1319 naturali
2877 1258 3033 1319 bono
3068 1267 3289 1335 motus,
3338 1257 3479 1319 fecit
3510 1255 3783 1333 bonum,

391 1351 632 1428 saeculo,
657 1348 727 1408 ad
767 1347 1223 1426 percipiendum
1255 1365 1506 1428 regnum
1538 1346 1782 1407 caeleste
1808 1365 1820 1408 :
1847 1347 2030 1426 magis
2110 1365 2230 1408 non
2267 1355 2510 1427 propter
2540 1350 2726 1411 Deum
2757 1364 2770 1406 :
2807 1346 2945 1408 ideo
3000 1347 3059 1408 in
3093 1366 3311 1429 Corpus
3342 1365 3515 1408 suum
3551 1342 3788 1424 recipit

391 1448 587 1498 autem
627 1437 729 1510 ibi,
779 1456 955 1514 quam
996 1437 1150 1500 heic.
1210 1435 1271 1499 Si
1305 1444 1502 1497 autem
1538 1435 1794 1497 inﬁdelis
1825 1437 2030 1497 fecerit
2113 1436 2454 1498 mercedem
2489 1438 2688 1517 operis
2719 1437 2972 1513 sui,non
2996 1437 3057 1498 in
3078 1437 3277 1499 anima
3308 1435 3782 1515 sua.Recognit.

392 1546 542 1607 opus
573 1527 791 1588 bonum
820 1547 834 1601 ;
865 1527 996 1587 heic
1025 1527 1078 1586 ei
1099 1526 1341 1606 prodest
1371 1544 1520 1605 opus
1544 1525 1730 1605 ipsius
1761 1545 1775 1585 :
1810 1535 1866 1586 et
1895 1525 2028 1586 heic
2111 1525 2220 1590 lib.
2252 1543 2352 1607 v11,
2389 1545 2522 1606 cap.
2550 1526 2650 1591 38.

395 1618 446 1677 ei
478 1616 676 1678 reddit
707 1614 866 1677 Deus
898 1615 1053 1677 bona
1088 1633 1193 1695 pro
1236 1633 1419 1696 opere
1442 1633 1570 1684 suo.
1610 1616 1673 1676 In
1709 1614 1812 1676 illo
1842 1621 2036 1676 autem
2061 1623 2100 1673 Β

1689 1777 1775 1839 In.
1812 1774 1883 1837 ad
1909 1773 2353 1851 Matthaeixxrv,
2391 1777 2486 1841 15.

473 1941 607 2004 Fuit
638 1940 798 2004 enim
849 1939 1145 2001 exercitus
1175 1937 1646 2016 alienigenarum
1692 1944 1750 1999 et
1782 1937 2036 2000 Romani
2120 1935 2548 2018 exponit.Lege
2576 1936 3050 2019 Recognitliba,
3089 1937 3332 2020 cap.39,
3357 1939 3460 2014 45;
3493 1937 3796 2001 Clemen-

394 2033 774 2113 imperatoris
830 2039 990 2092 stans
1050 2030 1210 2090 circa
1257 2026 1656 2101 Hierusalem,
1689 2045 1820 2107 quae
1852 2044 2039 2107 usque
2121 2028 2272 2102 tina,
2309 2027 2474 2090 hom.
2513 2028 2744 2108 3,num.
2769 2029 3310 2108 45;Lactantium,
3343 2029 3533 2090 Divin.
3575 2027 3780 2089 instit.

399 2132 537 2185 tunc
568 2122 765 2184 fuerat
789 2118 1146 2182 sancta.Hoc
1174 2124 1230 2178 et
1250 2115 1460 2178 Petrus
1482 2117 1637 2197 apud
1670 2116 2036 2180 Clementem
2122 2115 2225 2178 lib.
2260 2134 2342 2199 Iv,
2377 2135 2510 2198 cap.
2541 2117 2639 2180 2i.

1522 2277 1600 2337 In.
1641 2277 1713 2338 ad
1741 2277 2012 2357 ejusdem
2043 2275 2251 2357 capitis
2281 2293 2518 2339 versum
2554 2276 2651 2342 16.

485 2442 653 2504 Sicut
681 2448 879 2520 autem
910 2442 1119 2503 Petrus
1149 2437 1304 2518 apud
1357 2438 1727 2498 Clementem
1777 2436 2042 2518 exponit,
2128 2444 2218 2499 est
2241 2437 2436 2499 danda
2459 2428 2738 2518 potestas.
2767 2435 3116 2519 Recognit.,
3164 2438 3269 2502 lib.
3303 2454 3392 2519 tu,
3425 2455 3559 2519 cap.
3596 2436 3701 2499 60.

405 2530 778 2595 Antichristo
794 2529 970 2592 etiam
987 2529 1298 2609 plenorum
1315 2527 1553 2606 signoru
1565 2545 1619 2587 m
1637 2526 2042 2590 faciendorum

1795 2688 1880 2749 lu.
1912 2685 1984 2748 ad
2019 2704 2254 2749 versum
2287 2688 2387 2751 24.

486 2846 678 2924 Signa
725 2859 968 2921 magna.
1026 2838 1155 2901 Non
1187 2839 1444 2914 inutilia,
1481 2857 1676 2920 neque
1716 2858 1884 2919 vana,
1915 2858 2045 2920 quae
2065 2849 2104 2900 c
2128 2839 2285 2902 inter
2306 2840 2609 2902 ministros
2632 2839 3265 2922 Christi,etministros
3289 2839 3541 2920 diaboli,
3571 2858 3641 2903 ex
3667 2841 3784 2902 hoc

408 2936 659 2998 ministri
695 2931 916 2993 diaboli
946 2932 1146 2992 lacere
1181 2931 1414 2996 solent;
1450 2929 1554 2990 sed
1591 2947 1822 3007 magna,
1864 2930 1918 2988 id
1956 2938 2046 2991 est
2124 2929 2533 3010 judicare,qui
2561 2929 2791 2992 inutilia
2807 2938 2865 2992 et
2888 2929 2989 3010 qui
3018 2930 3185 2992 utilia
3206 2930 3475 2993 facerent
3501 2932 3694 3008 signa.
3722 2929 3786 2991 In

407 3025 571 3088 utilia
591 3032 646 3085 et
671 3023 866 3102 plena,
895 3038 1029 3097 quae
1053 3019 1237 3079 sancti
1260 3017 1459 3078 facere
1483 3016 1777 3079 solebant.
1815 3016 1959 3078 Nam
1985 3018 2047 3078 in
2134 3019 2250 3080 ﬁne
2281 3028 2479 3082 autem
2505 3021 2792 3101 temporis
2812 3019 3202 3083 concedenda
3253 3030 3342 3081 est
3364 3027 3628 3100 potestas
3651 3020 3786 3080 dia-

408 3123 675 3194 temporc
702 3110 940 3192 quidem
967 3109 1389 3187 apostolorum,
1426 3114 1483 3167 et
1515 3107 2046 3186 postmodum,mi-
2133 3106 2461 3184 bolo(sicut
2481 3109 2540 3170 in
2568 3107 2827 3170 Historia
2846 3109 3166 3172 Clementis
3189 3111 3405 3171 Petrus
3432 3109 3697 3188 exponit)
3723 3117 3788 3169 ut

407 3204 578 3265 nistri
611 3203 849 3282 quidem
885 3197 1136 3270 Christi,
1177 3197 1342 3257 utilia
1377 3207 1434 3256 et
1469 3195 1643 3276 plena
1672 3197 1840 3274 signa
1871 3197 2050 3259 facie-
2134 3197 2351 3257 faciant
2376 3198 2546 3275 signa
2565 3198 2754 3274 utilia,
2785 3207 2844 3259 et
2882 3216 2955 3260 ex
2984 3215 3054 3259 ea
3074 3205 3242 3278 parte
3269 3217 3386 3278 qua
3406 3199 3573 3278 prius
3589 3199 3790 3260 facere

409 3294 549 3356 bant
575 3310 649 3354 ex
685 3299 848 3371 parte
881 3289 1086 3349 dextra
1116 3308 1130 3361 ;
1171 3287 1367 3366 qualia
1403 3296 1562 3365 sunt,
1597 3305 1788 3347 caecos
1818 3286 2047 3348 illumi-
2135 3295 2570 3348 consueverant
2599 3287 2828 3364 sancti;
2862 3291 3064 3366 utjam
3092 3289 3400 3351 ministros
3419 3289 3642 3352 Christi
3667 3307 3783 3349 non

409 3401 574 3455 nare,
607 3393 663 3443 et
706 3381 817 3440 alia
860 3375 1206 3456 hujusmodi
1265 3376 1502 3448 facere;
1540 3375 1800 3436 ministri
1851 3386 2048 3437 autem
2137 3393 2241 3457 per
2272 3375 2384 3437 hoc
2417 3395 2876 3456 cognoscamus,
2932 3377 3072 3458 quia
3131 3377 3301 3439 utilia
3330 3378 3556 3440 faciunt
3587 3377 3780 3456 signa,

411 3468 897 3542 diaboli,inutilia
923 3466 1215 3527 faciebant
1238 3474 1293 3525 et
1318 3483 1563 3538 vana,ex
1593 3473 1755 3544 parte
1781 3465 2050 3542 sinistra;
2134 3465 2239 3528 sed
2269 3465 2409 3546 quia
2432 3466 2635 3532 omnia
2665 3485 2783 3529 non
2817 3466 2945 3528 hac
2974 3466 3200 3530 faciunt
3225 3467 3418 3548 signa.
3455 3466 3780 3548 RecOgm't.

410 3582 540 3642 quae
571 3559 1018 3620 admirationem
1055 3554 1295 3636 quidem
1322 3554 1659 3616 videntibus
1696 3554 2049 3628 excitarent,
2134 3556 2244 3621 lib.
2275 3573 2362 3632 III,
2395 3575 2527 3638 cap.
2559 3557 2660 3632 59,
2687 3556 2786 3621 60.

415 3652 487 3711 ad
525 3650 836 3710 utilitatem
890 3652 1084 3704 autem
1130 3643 1350 3703 nullius
1380 3643 1762 3721 proficerent.
1819 3645 1891 3705 Et
1927 3655 2054 3706 erat

1798 3806 1887 3866 In.
1920 3803 1995 3866 ad
2025 3820 2255 3869 versum
2288 3804 2391 3869 42.

499 3969 668 4032 Unde
691 3975 748 4028 et
771 3967 1300 4047 sapienterPetrus
1326 3963 1640 4044 dicitapud
1667 3963 2054 4040 Clementem,
2143 3973 2379 4047 cupata.
2440 3965 2630 4030 Malus
2687 3986 2808 4031 non
2865 3967 3089 4030 invenit
3139 3967 3337 4032 locum
3393 3970 3467 4032 ad
3498 3979 3785 4037 mentem.

417 4059 715 4143 quomodo
741 4055 920 4117 debet
951 4056 1082 4136 quis
1115 4056 1484 4116 incessanter
1502 4073 1632 4135 quae
1658 4053 1765 4116 Dei
1795 4063 1936 4116 sunt
1963 4072 2060 4115 co-
2142 4055 2482 4139 Recogm't.,
2508 4056 2612 4121 lib.
2644 4072 2731 4134 XII,
2759 4077 2894 4140 cap.
2928 4056 3050 4122 3i.-

415 4153 602 4228 gitare
631 4157 688 4208 et
710 4145 869 4225 loqui
897 4168 913 4219 ;
941 4145 1221 4225 quoniam
1245 4145 1295 4205 si
1331 4162 1500 4207 mens
1528 4144 1705 4206 fuerit
1736 4144 1796 4205 in
1831 4144 1925 4207 bis
1948 4162 2054 4206 oc-

2064 4303 2161 4371 IX.

1341 4442 1701 4520 GENNADIUS,
1736 4439 1890 4504 libro
1915 4439 1996 4502 De
2017 4440 2172 4502 viris
2195 4441 2575 4519 illustribus,
2602 4461 2735 4525 cap.
2765 4445 2864 4510 17.

506 4601 776 4678 Ruﬁnus,
810 4600 1210 4681 Aquileiensis
1242 4600 1517 4663 ecclesize
1551 4601 1881 4684 presbyter,
1937 4623 2054 4667 non
2081 4603 2991 4686 Dtissimibominis,Clementis
3014 4605 3268 4669 Romani
3294 4608 3795 4688 Recognitionum

425 4690 668 4751 minima
683 4709 818 4780 pars
840 4689 950 4750 fuit
975 4691 1283 4752 doctorum
1313 4691 1607 4768 ecclesiae;
1637 4700 1693 4752 et
1717 4695 1773 4753 in
1806 4695 2063 4756 transfe-
2151 4697 2356 4768 libros,
2392 4705 2508 4759 etc.
2544 4696 2768 4758 Horum
2792 4695 3062 4758 omnium
3078 4714 3451 4780 quaecunque
3471 4700 3799 4780 praemissis

420 4779 608 4870 rendo
641 4780 716 4870 de
769 4778 971 4870 Graeco
1026 4780 1090 4870 in
1135 4781 1429 4870 Latinum,
1481 4781 1727 4860 elegans
1757 4781 2063 4860 ingenium
2149 4785 2413 4864 Prologis
2441 4804 2475 4847 a
2502 4785 2723 4850 Latinis
2755 4787 3056 4867 leguntur,
3089 4805 3125 4850 a
3150 4778 3366 4852 Ruﬁno
3399 4778 3794 4870 interpretata

424 4867 1732 4958 habuit.DeniqueimaxirnaparteGraecorum
1751 4871 2060 4934 bibliothe-
2148 4885 2282 4937 sunt
2316 4893 2329 4936 :
2367 4894 2501 4953 qua;
2531 4885 2670 4938 sunt
2719 4877 2852 4939 sine
2885 4875 3182 4958 Prologo,
3213 4877 3286 4939 ab
3338 4878 3457 4940 alio
3511 4867 3796 4943 translata

420 4975 550 5049 c_am
569 4959 791 5049 Latinis
811 4957 1112 5049 exhibuit:
1131 4957 1357 5049 Dasilii,
1381 4960 1654 5049 scilicet,
1680 4961 2064 5024 Czesariensis
2147 4973 2285 5026 sunt
2309 4964 2410 5046 qui
2441 4966 2758 5046 Prologum
2789 4966 2990 5032 facere
3014 4965 3228 5041 noluit,
3255 4973 3373 5032 etc.
3408 4968 3566 5049 Lege
3589 4971 3793 5033 Hono-

423 5046 807 5128 Cappadociaa
822 5046 1392 5128 episcopi,Gregorii
1415 5047 1764 5111 Nazianzeni
1781 5050 2062 5128 eloquen-
2146 5058 2310 5116 rium
2347 5054 2773 5133 Augustodun.

2072 5223 2152 5286 Χ.

1515 5353 1856 5418 Concilium
1881 5354 2246 5434 Romanum,
2281 5357 2395 5420 sub
2426 5356 2687 5423 Gelasio.

426 5490 794 5552 ltinerarium
835 5494 1077 5554 nomine
1111 5494 1264 5554 Petri
1295 5494 1572 5574 apostoli,
1607 5496 1762 5576 quod
1821 5497 2154 5577 appellatur
2209 5498 2395 5561 sancti
2439 5501 2768 5564 Clementis
2798 5500 2938 5564 libri
2970 5501 3179 5566 decem
3211 5503 3330 5586 (5),
3359 5505 3790 5588 apocrypbum.

508 5662 595 5737 t5)
629 5660 858 5723 Decem.
893 5662 986 5724 Al.
1020 5669 1172 5743 octo,
1206 5663 1291 5724 vel
1325 5680 1562 5725 novem.
1602 5663 1770 5729 Male.
