4054 6214
455 278 607 354 1175

1279 279 1339 342 8.
1385 279 1820 356 CLEMENTIS
1859 282 1882 341 Ι
1925 283 2114 346 ROM.
2159 280 2384 348 PON'P.
2430 279 2688 346 OPERA
2731 278 2987 343 DUBIA.

3672 284 3823 350 ητα

450 411 706 477 adventu
757 412 890 494 ejus
937 411 1255 486 certiorem
1291 411 1538 486 factum,
1588 411 1651 474 in
1685 411 1913 494 Syriam
1959 409 2337 476 ten-abere.
2374 409 2518 472 Illos
2560 416 2762 474 autem
2793 407 2901 490 qui
2948 407 3060 470 hoc
3109 411 3581 490 regenerationis
3625 429 3829 474 sacra-

451 503 692 582 dentem
719 505 1018 585 aufugisse
1043 526 1066 578 ;
1096 511 1156 565 et
1186 501 1469 583 populum
1498 500 1868 584 frequentem
1899 505 1971 566 ad
1998 505 2088 584 ja-

450 613 652 673 nuam,
688 603 751 670 ut
772 611 1085 674 sermones
1112 593 1244 680 ejus
1268 591 1521 671 audiret.
1597 591 1712 676 ipsi
1753 593 2094 657 avidissime

449 683 797 768 praestolari.

525 773 926 853 Quamobrem
960 783 1360 857 opportunum
1390 772 1494 838 ille
1526 784 1730 838 nactus
1755 774 1970 844 locum.
2003 783 2096 837 at-

449 883 565 948 que
601 883 681 941 es
710 863 784 942 iis
811 883 960 947 quos
1005 862 1078 928 ab
1110 863 1382 944 corporis
1433 862 1888 944 egritudinibus
1944 865 2035 928 vel
2069 885 2104 928 a

452 955 740 1032 damonis
751 955 1136 1036 possessione
1158 954 1538 1036 liberaverat,
1557 965 1971 1036 argumentum
1999 958 2108 1019 du-

451 1064 616 1127 cens,
652 1043 892 1127 planum
923 1043 1201 1127 omnibus
1231 1045 1372 1127 fecit
1393 1045 1810 1126 egrotatioues
1831 1048 2102 1110 morbos-

452 1145 567 1211 que
589 1123 921 1204 hominnm,
955 1123 1168 1188 iisdem
1199 1125 1415 1207 quibus
1440 1123 1473 1188 ἑ
1502 1145 1642 1191 vero
1667 1127 1774 1191 Dei
1801 1130 1964 1191 cultu
1996 1148 2094 1190 re-

451 1222 778 1300 cesserant,
804 1214 877 1277 ad
914 1232 1017 1277 eos
1040 1217 1367 1279 accessisse
1396 1217 1678 1296 gradibus
1706 1240 1722 1293 ;
1755 1235 1825 1280 ac
1855 1219 2095 1281 tandem

453 1326 524 1370 eo
552 1305 714 1376 cultu
745 1305 981 1386 penitus
1002 1303 1314 1382 derelicto,
1341 1314 1523 1384 atque
1545 1305 1902 1384 idololatria,
1925 1309 2098 1388 cujus

452 1394 705 1475 sicutiet
730 1393 938 1477 magiae
959 1393 1249 1478 originem
1273 1396 1503 1476 pandit,
1526 1396 1882 1468 introducta,
1900 1397 2093 1459 datam

452 1483 823 1564 daemonibus
851 1484 1080 1546 animas
1109 1502 1318 1548 eorum
1359 1485 1706 1566 possidendi
1729 1485 2092 1553 facultatem.

450 1574 718 1641 Subinde
748 1592 812 1636 se
842 1592 1101 1656 suosque
1141 1574 1215 1636 ad
1239 1593 1442 1651 verum
1473 1576 1689 1637 summi
1717 1575 1820 1638 Dei
1870 1575 2092 1641 cultum

450 1662 881 1740 restituendum
906 1663 1120 1726 missos
1146 1681 1278 1726 esse
1310 1663 1433 1726 suis
1464 1664 1836 1727 annuntiavit
1866 1665 2097 1728 audito-

2174 507 2374 563 mento
2404 499 2616 561 initiati
2643 508 2835 574 erant,
2867 499 3350 581 commonefecit,
3388 501 3536 582 ipsis
3572 521 3696 564 non
3731 522 3823 563 so-

2175 588 2301 652 lum
2335 607 2434 650 om
2451 590 2554 651 nia
2583 605 2768 667 opera
2792 586 2948 650 bona
2977 606 3110 669 qua
3125 588 3415 654 hactenus
3435 602 3834 670 egerantcon-

2177 679 2346 742 tinuo
2370 696 2438 742 es
2455 696 2520 740 se
2547 677 2961 754 facienda,sed
2972 677 3045 740 ad
3059 677 3439 742 sublimiores
3459 682 3837 761 perfectioris

2185 768 2416 834 virtutis
2445 767 2671 850 gradus
2692 785 2933 849 semper
2953 786 3090 832 esse
3117 769 3561 833 ascendendum
3575 822 3589 836 .
3613 773 3761 837 Hoc
3778 783 3837 840 et

2186 860 2282 924 his
2300 858 2564 936 similia,
2589 857 2783 939 inquit
2806 857 3110 937 Clemens,
3135 877 3276 923 cum
3307 860 3567 924 dixisset
3592 865 3834 942 Petrus,

2187 950 2422 1014 dimisit
2452 948 2689 1012 turbas.
2725 950 2843 1012 Per
2891 956 3012 1012 tres
3047 957 3246 1014 autem
3288 951 3550 1030 integros
3602 972 3836 1019 menses

2186 1037 2343 1119 apud
2369 1035 2796 1119 Tripolitanos,
2829 1056 3082 1120 quorum
3136 1039 3426 1120 plurimos
3459 1041 3713 1106 adduxit
3768 1047 3833 1109 ad

2187 1128 2390 1203 fidem,
2425 1126 2638 1190 eodem
2673 1125 2848 1189 modo
2904 1127 3296 1192 conciouatus
3358 1138 3469 1194 est.
3509 1134 3659 1196 Post
3691 1133 3831 1212 hec,

2181 1220 2488 1284 Clemente
2511 1215 2762 1298 aliisque
2789 1217 3064 1299 pluribus
3082 1237 3256 1282 sacro
3281 1219 3654 1302 baptismate
3675 1224 3835 1290 ablu-

2182 1306 2527 1388 tis,'l‘ripoli
2539 1308 2842 1371 Maronem
2854 1307 3226 1390 episcopum,
3249 1317 3308 1374 et
3325 1309 3654 1375 duodecim
3681 1333 3835 1396 pres-

2181 1397 2440 1480 byteros,
2464 1415 2532 1460 ac
2553 1396 2844 1479 quosdam
2879 1397 3166 1462 diaconos
3187 1403 3428 1483 creavit,
3447 1410 3667 1484 atque,
3693 1404 3830 1468 inde

2181 1487 2420 1552 tandem
2453 1505 2754 1567 egressus,
2802 1488 2966 1550 venit
2991 1487 3395 1552 Antiochiam.

2261 1579 2499 1646 Ssp'rm
2523 1592 2674 1640 LIBRI
2703 1573 2873 1638 initio
2911 1587 3188 1642 narratur
3212 1577 3474 1661 Petrum,
3521 1600 3669 1644 cum
3701 1581 3833 1647 Tri-

2182 1666 2302 1748 poli
2332 1665 2702 1730 Antaradum
2744 1666 3118 1743 accessisset,
3146 1669 3344 1733 socios
3377 1690 3541 1752 suos,
3579 1692 3832 1752 quorum

450 1753 640 1847 ribus,
667 1752 935 1847 ipsisque
963 1752 1101 1847 quid
1137 1752 1292 1815 inter
1321 1751 1496 1847 falsas
1522 1771 1810 1834 verasque
1835 1755 2094 1847 prophe-
2121 1797 2158 1847 Β
2182 1757 2374 1847 major
2401 1764 2669 1847 creverat
2689 1774 3009 1847 numerus,
3061 1759 3233 1832 duas,
3282 1778 3415 1839 quae
3447 1751 3650 1840 ipsum
3687 1783 3834 1843 pre-

454 1844 564 1910 tias
592 1851 652 1906 et
678 1842 957 1916 visiones,
1005 1841 1163 1904 inter
1208 1843 1580 1906 sanationem
1618 1862 1754 1907 vero
1795 1852 1892 1906 aut
1948 1844 2093 1907 falso
2121 1841 2154 1847 ”
2177 1845 2491 1927 cederent,
2527 1844 2803 1908 divisisse
2828 1847 2886 1908 in
2921 1855 3147 1910 turmas
3175 1869 3190 1930 ;
3217 1856 3393 1929 atque
3416 1851 3520 1912 uni
3540 1841 3828 1926 Nicetam,

453 1931 738 2006 miraculo
769 1930 1068 1994 redditam
1092 1930 1327 1995 intersit
1365 1931 1751 2009 discriminis,
1787 1933 2088 2014 patefecit.

453 2023 726 2104 Denique
757 2022 892 2083 illos
921 2021 992 2084 ad
1019 2039 1215 2085 veram
1236 2020 1587 2101 religionem
1611 2023 2090 2104 amplexandam;

446 2114 731 2202 apostolis
759 2111 979 2178 Christi
991 2110 1318 2202 gerendum
1344 2131 1595 2189 morem,
1618 2113 1917 2193 vitamque
1941 2132 2089 2194 pure

447 2220 508 2277 et
534 2207 814 2288 religiose
839 2201 1286 2276 instituendam,
1316 2203 1685 2284 adhortatus,
1723 2212 1786 2265 ut
1831 2205 1931 2266 die
1989 2223 2090 2267 se-

450 2297 658 2384 queuti
688 2294 762 2360 ad
791 2291 1068 2357 eumdem
1095 2291 1290 2354 locum
1314 2293 1600 2356 maturius
1630 2311 1697 2356 se
1725 2293 2090 2378 conferrent,

445 2385 778 2466 admonuit.

529 2477 746 2554 Exorta
766 2473 944 2556 igitur
968 2471 1090 2553 die,
1125 2471 1280 2534 idem
1327 2471 1455 2554 ipse
1509 2471 1743 2554 Petrus,
1780 2475 2086 2555 praemissa

446 2566 696 2646 κονιωιὶ
723 2562 1203 2638 oratione,aliam
1249 2581 1380 2644 quae
1399 2579 1575 2628 LIBRO
1602 2579 1814 2635 oumo
1839 2565 2088 2631 exhibe-

445 2672 564 2735 tur,
595 2656 669 2719 ad
700 2653 982 2738 populum
1006 2651 1210 2716 habuit
1238 2652 1613 2718 concionem.
1644 2653 1709 2715 ln
1751 2672 1821 2715 ea
1851 2654 1927 2716 ob
1949 2676 2086 2718 οτη-

447 2752 615 2816 nium
645 2745 849 2812 oculos
897 2740 1064 2824 ponit
1121 2741 1452 2825 hominem,
1504 2743 1577 2805 ad
1627 2744 1944 2824 imaginem
1980 2747 2092 2810 Dei

447 2841 692 2918 factum,
722 2831 928 2898 taudiu
951 2831 1010 2894 in
1042 2848 1141 2894 res
1173 2839 1445 2896 terrenas
1481 2833 1759 2898 habuisse
1807 2835 2087 2899 domina-

448 2939 598 3001 tum,
630 2921 896 3011 quandiu
929 2921 1056 3011 ipse
1079 2921 1328 3003 justitize
1353 2922 1582 3004 legibus
1613 2923 2090 3004 obtemperavit;

452 3017 556 3082 ubi
585 3009 724 3078 vero
745 3011 820 3086 ab
853 3010 926 3073 iis
942 3009 1528 3087 discessit,contiuuo
1553 3012 1879 3092 fragilitati,
1906 3015 2091 3076 animi

449 3100 1018 3187 Peliurbatiouibus,
1055 3100 1500 3177 mutationibus,
1535 3102 1946 3165 vexationibus
1971 3104 2091 3166 da:-

431 3212 702 3274 monum,
762 3189 1142 3270 miseriisque
1192 3189 1471 3252 omnibus
1503 3189 1838 3254 obnoxium
1871 3192 2092 3255 factum

444 3286 812 3360 esse.Monet
833 3288 1029 3342 tamen
1051 3296 1231 3361 parvo
1253 3278 1392 3341 fidei
1411 3297 1596 3360 grano
1619 3280 1860 3344 morbos
1884 3299 2097 3345 omnes

450 3368 858 3456 possesauari.
892 3367 1057 3431 Hanc
1082 3366 1262 3456 igitur
1292 3367 1468 3431 fidem
1490 3369 1564 3432 ab
1599 3369 1882 3434 omnibus
1907 3374 2103 3434 susci-

448 3455 728 3548 piendam
759 3475 894 3524 esse
923 3455 1247 3548 concludit,
1278 3465 1336 3521 et
1356 3475 1494 3548 vero
1527 3459 1865 3548 Propheta,
1891 3481 2098 3544 quem,

450 3543 622 3617 iicuti
655 3543 1118 3631 praenuntiatum
1149 3545 1366 3626 fuerat,
1393 3545 1521 3626 jam
1543 3545 1797 3609 adventa
1808 3565 1905 3611 sse
1929 3543 2107 3612 nove-

449 3647 607 3720 rant,
637 3635 816 3712 unice
848 3633 1259 3700 serviendum.
1316 3634 1544 3699 Deinde
1609 3635 1784 3700 docet
1843 3656 1964 3700 non
1993 3657 2103 3701 au-

450 3727 707 3804 diendas
735 3743 894 3801 esse,
923 3741 1071 3810 quas
1120 3723 1221 3786 ille
1251 3723 1596 3805 singulatim
1622 3735 1919 3802 recenset,
1953 3747 2100 3804 sug-

447 3826 646 3900 gestas
675 3833 711 3886 a
735 3814 1007 3876 daemone
1039 3812 1420 3878 tentationes.
1456 3814 1729 3878 Dimissis
1763 3835 1937 3896 porro
1968 3836 2105 3878 om-

449 3905 651 3982 nibus,
671 3903 745 3966 ad
770 3920 878 3966 sua
905 3901 1035 3983 ipse
1063 3901 1400 3984 revertitur,
1436 3903 1538 3966 ubi
1581 3905 1760 3966 sociis
1789 3905 1912 3967 suis
1953 3924 2104 3968 con-

451 3994 611 4061 cedit
637 3990 1040 4076 quodcunque
1060 3989 1355 4068 libuisset,
1375 3991 1718 4056 sciscitandi
1734 3994 2104 4074 facultatem,

453 4081 808 4151 etcontiuuo
838 4079 912 4143 ad
939 4079 1174 4160 singula
1222 4099 1472 4165 quaeque
1528 4086 1838 4166 respondit
1885 4104 2096 4148 eorum

448 4178 830 4254 interrogata.
863 4168 1141 4233 Clemens
1171 4188 1310 4233 vero
1341 4180 1557 4236 cuncta
1590 4193 1722 4256 qua
1738 4175 1811 4238 ab
1845 4194 1916 4238 eo
1949 4195 2096 4254 pro-

453 4268 720 4336 nuntiata
749 4260 1009 4342 fuerant,
1041 4261 1104 4324 in
1136 4260 1384 4340 librum,
1416 4281 1592 4346 quem
1627 4265 1786 4328 misit
1813 4265 1885 4329 ad
1917 4267 2096 4328 Jaco-

452 4357 619 4431 bum,
645 4351 1089 4418 accuratissime
1112 4351 1369 4435 redegit.

2175 1934 2451 2018 Aquilam
2493 1935 2668 1998 alteri
2694 1936 3063 2016 prefecisse.
3089 1937 3369 2001 Clemens
3400 1957 3568 2013 vero,
3637 1942 3835 2020 gratiis

2174 2025 2374 2107 Petro,
2400 2024 2542 2106 quia
2566 2043 2702 2086 eum
2745 2024 2902 2106 apud
2957 2044 3024 2090 se
3081 2027 3440 2101 retinuerat,
3490 2029 3672 2103 actis,
3731 2032 3819 2111 ips

2176 2115 2438 2196 poscenti
2470 2115 2769 2196 quomodo
2800 2124 3053 2193 patrem,
3089 2122 3152 2179 et
3182 2125 3457 2199 matrem,
3494 2138 3566 2180 ac
3619 2120 3829 2183 fratres

2175 2205 2496 2285 amisisset,
2531 2204 2841 2267 confestim
2874 2205 3219 2271 declaravit.
3257 2207 3364 2271 Die
3393 2206 3819 2291 subsequenti,

2172 2293 2382 2358 Petrus
2410 2294 2474 2356 in
2504 2294 2758 2355 insulam
2793 2294 3088 2369 Aradum,
3121 2296 3305 2358 viteas
3344 2297 3668 2362 immensae
3701 2319 3824 2363 ma-

2171 2383 2498 2468 gnitudinis
2525 2383 2836 2446 columuaa
2865 2383 3106 2448 videndi
3159 2387 3368 2467 gratia,
3427 2407 3493 2450 se
3549 2391 3836 2464 contulit,

2170 2474 2376 2553 ibique
2407 2473 2684 2536 Clemens
2700 2473 2936 2552 agnovit
2964 2481 3213 2538 matrem
3246 2494 3412 2538 suam
3465 2478 3819 2540 Mathidiam

2174 2566 2316 2630 illuc
2359 2561 2665 2642 naufragio
2695 2564 3023 2642 expulsam,
3074 2573 3256 2645 atque
3302 2566 3711 2648 eleemosyuis
3741 2571 3827 2631 vi-

2176 2665 2334 2720 ctum
2357 2659 2746 2736 querentem.
2773 2651 2879 2716 Illa
2909 2672 3047 2717 vero
3070 2673 3206 2718 cum
3243 2674 3428 2719 uxore
3485 2659 3658 2720 Petri
3718 2677 3828 2722 οων

2178 2745 2442 2826 terisque
2471 2741 2751 2805 omnibus
2772 2743 3124 2808 Laodiceam
3152 2745 3413 2819 ducitur,
3441 2765 3562 2826 qua
3582 2748 3644 2808 in
3681 2750 3820 2811 urbe

2173 2832 2461 2898 aduobus
2490 2831 2626 2896 aliis
2683 2832 2823 2895 filiis
2872 2835 3017 2909 suis,
3069 2835 3429 2915 quibuscum
3460 2838 3828 2916 naufragium

2172 2926 2414 3000 fecerat,
2447 2922 2644 3003 agnita
2674 2941 2912 3004 quoque
2936 2933 3048 2986 est.
3083 2923 3156 2986 Hi
3184 2933 3381 2986 autem
3430 2937 3824 2990 uarraverunt

2173 3034 2239 3079 se
2269 3021 2400 3096 post
2433 3011 2800 3091 naufragium
2828 3011 3154 3076 Caesaream
3195 3013 3445 3090 delatos,
3491 3025 3552 3079 et
3600 3019 3827 3079 cuidam

2176 3103 2394 3178 vidum,
2426 3100 2523 3164 cui
2557 3119 2776 3166 nomen
2794 3100 2980 3166 Iusta
3009 3110 3158 3183 erat,
3197 3103 3492 3180 venditus,
3561 3108 3698 3186 ejus
3731 3127 3826 3187 po-

2183 3201 2310 3256 stea
2336 3208 2478 3254 cura
2499 3191 2707 3252 litteris
2731 3199 2788 3253 et
2809 3191 3204 3270 philosophia;
3224 3211 3362 3256 cum
3387 3192 3644 3257 Simone
3669 3200 3830 3275 Mago

2182 3299 2423 3361 operam
2446 3279 2711 3362 dedisse,
2743 3279 3021 3361 illiusque
3044 3279 3357 3344 imbibisse
3388 3301 3633 3349 errores
3663 3286 3829 3360 ;sed,

2179 3369 2408 3434 Zachsei
2429 3389 2565 3450 ope,
2593 3369 2710 3433 fide
2731 3369 2948 3435 Christi
2982 3379 3282 3452 suscepta,
3307 3390 3371 3435 se
3393 3374 3575 3437 Petro
3598 3375 3829 3438 tandem

2182 3459 2366 3523 fuisse
2389 3457 2638 3524 oblatos.
2663 3457 2899 3534 Quibus
2933 3458 3178 3536 auditis,
3203 3459 3415 3527 Petrus
3462 3465 3826 3540 Mathidiam,

2188 3547 2470 3631 baptismi
2524 3549 2713 3626 gratia
2760 3546 2974 3610 donari
3023 3548 3444 3631 postulantem,
3499 3565 3642 3633 post
3671 3555 3834 3616 unius

2189 3637 2307 3701 diei
2331 3637 2629 3720 jejunium
2702 3656 2774 3702 eo
2825 3637 3302 3720 regenerationis
3353 3651 3735 3706 sacramento
3776 3642 3830 3704 in

2189 3727 2340 3790 mari
2373 3727 2643 3792 initiavit.

2270 3818 2378 3883 Die
2403 3815 2819 3899 subsequenti,
2852 3823 2919 3878 ut
2943 3817 3002 3879 iu
3034 3831 3210 3881 uano
3230 3833 3448 3882 ocravo
3477 3828 3693 3882 auctor
3714 3838 3832 3883 nar-

2187 3913 2302 3988 rat,
2335 3908 2575 3982 Petrus,
2608 3904 2916 3970 Clemente
2965 3903 3320 3988 duobusque
3377 3907 3510 3970 aliis
3560 3908 3832 3972 fratribus

2189 3996 2315 4060 suis
2340 3993 2684 4076 comitibus,
2715 3994 2868 4058 lavat
2895 3993 2959 4057 in
2979 4000 3149 4072 mari,
3193 4003 3370 4077 atque
3421 3997 3483 4059 in
3534 4008 3828 4061 secretum

2190 4085 2388 4148 locum
2419 4084 2492 4148 ad
2524 4084 2850 4147 orationem
2882 4085 3134 4149 secedit.
3168 4083 3312 4148 Inde
3342 4085 3428 4146 illi
3493 4089 3824 4167 egredienti

2180 4173 2634 4238 occurritsenex
2652 4173 2893 4252 quidam
2908 4192 3240 4256 pauperes
3259 4173 3475 4238 habitu
3488 4180 3825 4255 operari-zu,

2180 4263 2284 4346 qui
2318 4281 2526 4343 preces
2557 4263 2631 4325 ad
2657 4263 2842 4327 Deum
2877 4281 3197 4344 perperam
3227 4263 3419 4333 fundi,
3445 4273 3505 4327 et
3525 4267 3827 4330 mundum

2180 4371 2304 4416 non
2315 4353 2650 4417 secundum
2671 4352 2786 4417 Dei
2799 4354 3252 4435 providentiam
3265 4354 3631 4434 gubernari.
3643 4406 3660 4419 .
3673 4405 3688 4420 .
3700 4398 3721 4419 .
3733 4357 3828 4420 sed

533 4445 971 4543 SIEXTU8_LIBIB
1014 4441 1196 4543 aliam
1239 4461 1480 4543 quoque
1510 4444 1692 4543 _Petri
1721 4446 2094 4543 concionem
2123 4491 2164 4543 η
2180 4443 2432 4543 genesin
2449 4461 2577 4543 esse
2598 4461 2733 4543 quae
2753 4445 2957 4543 omnia
2975 4445 3111 4525 agit
3141 4451 3198 4506 et
3229 4445 3512 4543 continet,
3546 4445 3828 4509 audacter

455 4533 742 4600 continet.
773 4533 830 4595 Is
850 4549 986 4594 cum
1013 4529 1238 4594 tardius
1269 4533 1440 4597 solito
1470 4534 1546 4597 ob
1577 4536 1840 4600 noctium
1894 4535 2096 4600 brevi—

454 4633 636 4688 tatem
667 4620 1043 4692 surrexisset.
1077 4620 1150 4684 ad
1180 4632 1526 4688 consuetum
1550 4625 1856 4689 concionis
1903 4627 2096 4691 locum

456 4711 743 4797 perrexit.
775 4710 969 4794 Atque
1007 4711 1090 4774 ibi
1120 4713 1627 4796 primojexplicuit
1649 4716 1949 4798 quomodo
1982 4718 2097 4780 ho-

456 4807 652 4867 mines
683 4801 906 4882 possint
934 4801 1111 4864 falsas
1132 4803 1447 4883 opiniunes
1467 4805 1793 4888 deponere,
1813 4815 1872 4869 et
1899 4807 1959 4869 in
1993 4827 2096 4869 ve-

453 4891 654 4958 ritatis
672 4889 918 4971 verique
949 4889 1056 4953 Dei
1075 4895 1385 4972 pervenire
1403 4893 1696 4956 notitiam.
1722 4895 2094 4960 Manifestum

455 4978 851 5068 deindefecit
897 4979 1032 5042 illos
1067 4979 1223 5043 haud
1269 4981 1596 5046 difﬁculter
1624 4985 1780 5048 scire
1838 4989 2100 5068 potuisse

453 5088 572 5134 non
602 5067 843 5151 quidem
877 5070 1030 5151 quid
1055 5070 1138 5133 sit
1172 5070 1354 5153 Deus,
1387 5073 1493 5136 sed
1515 5075 1681 5154 quod
1729 5067 1852 5137 non
1893 5077 1992 5151 sit,
2030 5095 2098 5140 ac

455 5157 710 5242 proinde
741 5157 913 5247 illum
942 5158 1005 5220 in
1055 5158 1254 5232 idolis.
1289 5162 1550 5227 humana
1595 5172 1723 5227 arte
1771 5163 2098 5247 fabricatis,

453 5266 575 5312 non
607 5246 860 5310 includi.
886 5251 965 5312 At
991 5265 1133 5312 vero
1165 5251 1303 5332 quia
1351 5255 1560 5316 omnia
1615 5255 1970 5336 gignuntur
2024 5246 2102 5318 ea:

454 5354 645 5420 aqua,
679 5347 1027 5420 quaereata
1042 5347 1127 5404 est
1141 5340 1404 5406 abinttio
1420 5360 1532 5424 per
1552 5341 1967 5423 Unigenitum,
1987 5361 2104 5424 per

455 5445 634 5516 quens
651 5435 1009 5508 pervenitur
1023 5433 1105 5496 ad
1126 5433 1390 5516 Patrem,
1415 5433 1633 5496 exinde
1654 5433 1851 5495 intulit
1871 5434 2095 5513 genita-

453 5515 610 5608 libus
633 5517 934 5608 baptismi,
967 5522 1144 5605 cujus
1197 5515 1612 5588 necessitatem
1664 5522 2096 5605 utilitatemque

453 5607 864 5677 demonstrare
907 5622 1153 5680 conatus
1200 5625 1310 5692 est,
1346 5632 1456 5679 nos
1502 5614 1672 5700 aquis
1717 5613 1955 5677 renasci
1981 5613 2090 5677 de-

2180 4533 2460 4596 asseruit.
2499 4532 2590 4595 Fit
2617 4532 2857 4594 interim
2883 4549 3133 4611 manus
3156 4531 3361 4614 populi
3385 4551 3741 4610 concursus,
3773 4542 3824 4596 et

2180 4623 2446 4705 Nicetes,
2479 4623 2661 4687 dataa
2691 4621 3002 4701 Petro,qui
3021 4622 3155 4684 seni
3185 4622 3554 4703 respondere
3581 4623 3823 4704 volebat,

2182 4712 2420 4776 dicendi
2447 4712 2748 4794 facultate,
2780 4708 2984 4772 docuit
3038 4710 3324 4772 mundum
3358 4730 3392 4772 a
3423 4713 3546 4775 Deo
3582 4713 3822 4788 factum,

2183 4802 2344 4866 etab
2373 4803 2502 4883 ipso
2563 4799 2915 4883 quandoque
2946 4799 3323 4874 solvendum,
3359 4820 3469 4863 nec
3503 4821 3575 4864 ex
3614 4804 3822 4864 indivi-

2181 4892 2316 4956 duis
2345 4892 2713 4973 corpusculis
2762 4909 2870 4953 seu
2919 4891 3160 4966 atomis,
3194 4899 3254 4952 ut
3301 4891 3533 4954 ferebat
3592 4891 3822 4973 Epicuri

2182 4979 2786 5063 sententia,quazlibet
2800 4981 3824 5062 corpora,meutesqueintelligentia

2184 5072 2480 5155 praeditas,
2527 5071 2680 5136 fieri.
2707 5071 2900 5134 Variis
2925 5070 3145 5132 deinde
3166 5070 3534 5150 argumentis
3566 5070 3822 5151 probavit

2185 5162 2471 5225 mundum
2488 5161 2563 5224 ab
2588 5163 2724 5244 ipsa
2749 5162 3060 5241 sapientia
3091 5167 3148 5223 et
3170 5163 3436 5237 ratione,
3457 5163 3696 5240 quando
3717 5157 3818 5241 ipsi

2184 5251 2427 5334 placuit,
2461 5251 2642 5314 fuisse
2672 5249 3004 5314 conditum.

2268 5340 2584 5417 Postridie,
2619 5349 2773 5404 cmtu
2809 5341 2870 5403 iu
2902 5338 3175 5423 primarii
3200 5338 3508 5420 cujusdam
3539 5339 3685 5400 civis
3715 5337 3816 5397 do-

2188 5449 2349 5492 mum
2373 5440 2604 5506 coacto,
2630 5449 2813 5494 senex
2845 5449 2916 5494 ea
2948 5447 3080 5512 quae
3124 5428 3359 5492 Nicetas
3399 5428 3630 5490 dixerat
3661 5445 3816 5489 sum-

2183 5519 2386 5583 matim
2411 5520 2651 5603 repetit,
2683 5530 2886 5600 atque,
2910 5519 3199 5583 adversus
3219 5516 3322 5579 illa
3341 5516 3816 5597 disputana,cou-

2174 5609 2362 5677 tendit
2382 5608 2650 5692 quaedam
2674 5612 2904 5693 injuste
2933 5616 2994 5676 et
3026 5607 3380 5675 inordinate
3409 5609 3563 5672 facta
3590 5622 3814 5673 essezex
