4054 6214
298 264 456 335 M77

1385 266 2020 364 RECOGNITIONES.
2067 300 2143 313 —-
2188 266 2586 335 PROfEMIA.

3517 263 3676 333 M78

292 397 367 462 iis
396 406 596 463 autem
617 416 755 479 qua
782 399 953 480 juxta
1010 399 1287 464 ordinem
1335 402 1510 478 ﬁunt,
1557 401 1826 484 quaedam
1860 402 1937 465 ab
1958 410 1996 461 Α
2018 418 2151 464 rum
2184 402 2485 485 sepulcra.
2513 401 2600 466 Ad
2623 402 2748 466 haec
2769 401 2993 482 Aquila
3012 400 3325 482 respondit
3365 399 3494 462 illas
3521 399 3674 464 deo-

296 487 415 553 alio
446 508 624 571 quam
653 488 728 554 ab
760 489 882 551 ulla
901 499 1101 553 mente
1118 490 1304 555 fuisse
1322 501 1538 556 creata.
1564 494 1783 554 Contra
1798 510 1934 555 vero

290 577 509 660 Aquila
539 598 610 642 es
643 577 717 641 iis
748 597 879 660 qum
908 579 1239 642 secundum
1273 580 1542 643 ordinem
1575 580 1707 643 ﬁeri
1750 600 1933 643 senex

293 674 696 742 concesserat,
730 666 1168 748 agnoscendam
1204 688 1338 733 esse
1361 669 1472 733 Dei
1503 670 1931 751 providentiam

298 755 747 821 demonstravit.
788 756 973 820 Porro
998 776 1069 821 ex
1100 758 1174 821 iis
1205 779 1337 841 quae
1365 760 1707 823 inordinate
1752 761 1929 843 ﬁunt,

292 844 634 909 luculenter
660 847 1030 929 ostendit,ab
1044 850 1514 935 originemsmdi
1543 850 1704 915 nihil
1724 869 1931 913 eorum

291 934 500 1011 fuisse,
527 934 635 999 sed
649 954 719 999 ex
741 937 1046 1017 impietate
1068 939 1378 1003 hominum
1402 959 1578 1002 suum
1604 940 1757 1003 mala
1775 958 1935 1002 sum-

291 1024 486 1105 psisse
518 1025 1055 1109 initium.Denique
1085 1047 1220 1091 cum
1241 1028 1521 1093 omnibus
1542 1048 1674 1111 quas
1693 1028 1810 1093 sibi
1832 1028 1935 1091 ob-

283 1113 670 1197 jiciebantur,
704 1115 836 1180 fuse
866 1116 1299 1198 respondisset,
1333 1118 1604 1181 ultimam
1630 1118 1793 1183 senis
1818 1117 1933 1181 ob—

282 1204 613 1283 jectionem
626 1223 743 1287 qua
763 1208 967 1269 omnia
979 1224 1054 1271 ex
1071 1209 1425 1272 necessitate
1444 1212 1683 1290 genesis
1702 1210 1824 1273 sibi
1839 1227 1934 1271 ac-

286 1294 505 1357 cidisse
526 1292 786 1372 dicebat,
808 1294 981 1358 fratri
1001 1295 1677 1380 suoClementi,postero
1698 1297 1797 1361 die
1818 1298 1935 1360 sol-

287 1382 543 1447 vendam
564 1383 831 1467 reliquit.
856 1383 961 1448 His
977 1385 1400 1462 dictis,Petrus
1425 1387 1570 1450 nulli
1595 1388 1928 1467 hominum,

288 1472 409 1535 nisi
436 1472 549 1535 soli
572 1489 714 1536 vero
752 1479 1075 1554 prapheto,
1100 1494 1231 1558 qua;
1252 1480 1413 1541 aDeo
1436 1475 1526 1539 vel
1556 1477 1685 1542 ﬁeri
1706 1478 1795 1540 vel
1816 1498 1931 1541 non

288 1561 425 1625 ﬁeri
455 1581 574 1625 non
612 1564 861 1643 possint,
887 1573 1192 1643 comperta
1214 1584 1345 1629 esse
1376 1566 1523 1629 dixit
1554 1585 1571 1645 ;
1595 1586 1705 1632 nec
1726 1586 1929 1649 quem-

288 1670 469 1732 quam
491 1650 694 1715 abillo
730 1651 1016 1733 propheta
1045 1654 1157 1719 hac
1189 1655 1265 1718 de
1293 1674 1385 1739 re,
1420 1656 1558 1737 nisi,
1585 1657 1762 1719 variis
1791 1657 1928 1738 phi-

2018 508 2150 554 rum
2177 492 2458 555 fabulasa
2514 491 2882 573 philosophis
2922 491 3173 571 aliisque
3223 490 3364 552 viris
3417 490 3664 571 sapien-

2016 579 2172 643 tibus
2201 582 2522 662 allegorice
2556 582 2738 645 fnisse
2752 580 3325 661 explicatas.Contra
3346 588 3545 642 autem
3570 576 3667 641 Ni-

2017 680 2177 734 cetas
2209 670 2296 733 illi
2326 672 2613 735 continuo
2642 670 2901 734 ostendit
2924 670 3050 732 haec
3077 669 3329 731 deorum
3363 668 3614 730 crimina
3633 687 3668 730 a

2016 759 2366 840 pictoribus,
2390 760 2796 843 sculptorihus
2834 768 2894 823 et
2923 759 3113 841 poetis
3161 776 3280 820 non
3323 757 3664 837 allegorice,

2016 849 2122 911 sed
2152 868 2365 932 reapse
2394 850 2539 914 etad
2560 850 2816 913 litteram
2837 849 2976 929 poni
2999 848 3409 912 anteomnium
3435 846 3663 910 oculos.

2016 936 2255 1002 Nicetes
2288 948 2485 1003 tamen
2516 941 2622 1003 has
2653 940 3003 1020 allegoricas
3056 937 3385 1000 fabularum
3420 934 3661 1016 exposi-

2025 1027 2241 1104 tiones,
2275 1038 2521 1110 rogante
2539 1029 2971 1106 Clemente,est
2995 1035 3368 1110 prosecutus.
3396 1025 3666 1088 TumPe—

2018 1123 2143 1180 lrus
2168 1115 2538 1201 Scripturam
2569 1138 2797 1182 sacram
2839 1138 2957 1181 non
2989 1138 3059 1180 eo
3104 1135 3285 1179 sensu
3316 1115 3662 1195 allegorice,

2015 1206 2120 1268 sed
2144 1208 2284 1285 alia,
2320 1228 2495 1290 quam
2526 1209 2655 1289 ipse
2688 1209 2912 1289 docuit,
2940 1207 3226 1271 methodo
3252 1204 3666 1285 explicandam

2016 1312 2150 1358 esse
2180 1296 2627 1361 demonstravit.
2658 1297 2887 1361 Deinde
2916 1296 2989 1359 ad
3035 1294 3481 1359 Faustinianum
3512 1311 3662 1353 con-

2016 1401 2245 1458 versus,
2280 1386 2473 1467 ipsum
2508 1386 2583 1451 ad
2612 1387 3007 1469 proﬁtendam
3032 1382 3672 1463 religionemChristia-

2016 1490 2175 1549 nam,
2210 1494 2341 1557 quae
2364 1477 2512 1539 nihil
2543 1475 2657 1539 nisi
2675 1487 2946 1539 sanctum
2963 1476 3347 1557 ethonestum
3370 1470 3664 1553 praecipit,

2015 1580 2397 1645 summopere
2426 1567 2773 1630 adhortatus
2803 1562 3451 1647 est.Denique,redtlita
3480 1580 3667 1641 aegro-

2016 1651 2089 1711 tis
2138 1660 2314 1733 atque
2343 1673 2377 1717 a
2432 1655 2702 1719 daemone
2758 1656 3019 1719 obsessis
3068 1654 3340 1725 sanitate,
3380 1651 3661 1734 populum

285 1739 670 1822 losophorum
695 1740 1122 1806 subtilitatibus
1154 1738 1375 1822 missis,
1397 1745 1635 1809 sincero
1662 1746 1932 1809 veritatis
1956 1738 1992 1788 Β
2013 1742 2367 1819 gaudentem
2401 1742 2719 1827 laetumque
2750 1746 2997 1809 dimisit.

284 1846 497 1892 amore
526 1828 801 1905 ducatur,
833 1830 1245 1910 foreunqnam
1264 1833 1929 1900 docendum.Caeterum

282 1920 359 1982 ad
390 1919 856 1999 investigandam
878 1920 1186 1985 veritatem
1202 1923 1260 1985 id
1286 1925 1700 1988 tantummodo
1723 1926 1931 2006 requi-

283 2008 358 2088 ri,
388 2016 452 2071 ut
499 2010 774 2073 homines
805 2029 948 2073 num
1003 2012 1293 2093 propheta
1344 2013 1448 2077 ille
1503 2033 1637 2079 vera
1691 2034 1931 2097 semper

285 2098 652 2179 praedixerit,
684 2098 1012 2179 diligenter
1035 2101 1365 2183 inquirant.

368 2187 533 2251 LlBRl
563 2204 702 2253 nom
725 2188 893 2250 initio
927 2190 1178 2253 traditur
1196 2193 1471 2274 sequenti
1500 2192 1599 2257 die
1634 2213 1799 2259 more
1821 2217 1927 2259 so-

283 2275 392 2339 lito
415 2277 774 2358 disputatum
800 2277 1006 2359 fuisse,
1030 2287 1229 2343 utrum
1253 2281 1413 2345 nihil
1442 2290 1618 2345 extra
1656 2289 1929 2364 genesim

280 2366 481 2445 ﬁeret.
534 2365 930 2440 Quamobrem
963 2367 1242 2433 Clemens
1264 2370 1441 2434 variis
1476 2373 1769 2437 rationem
1794 2395 1926 2438 mo-

281 2457 505 2518 mentis
562 2456 989 2519 demonstravit
1035 2459 1339 2523 hominem
1391 2460 1580 2525 libero
1612 2466 1929 2529 voluntatis

278 2546 554 2621 arbitrio,
575 2567 693 2639 quo
724 2548 1018 2629 quidlibet
1038 2568 1220 2630 agere
1246 2562 1441 2632 potest
1464 2555 1553 2617 vel
1578 2575 1697 2618 non
1722 2575 1926 2639 agere,

282 2655 419 2701 esse
441 2637 780 2717 praeditum.
806 2639 1000 2701 Senes
1036 2658 1175 2702 vero
1198 2643 1391 2721 arguit
1424 2662 1494 2706 ex
1516 2637 1925 2710 constellatioé

278 2726 459 2789 nibus
471 2726 774 2805 variisque
792 2737 1089 2791 astrorum
1104 2747 1281 2811 aspec
1292 2730 1633 2813 tibus,quos
1649 2745 1927 2801 accurate

278 2816 613 2892 recensuit,
647 2816 925 2881 homines
954 2820 1046 2882 vel
1107 2818 1295 2882 honos
1349 2823 1502 2898 ﬁeri,
1562 2824 1651 2887 vel
1711 2828 1922 2890 malos.

279 2907 504 2971 Contra
522 2907 798 2969 Clemens
820 2907 995 2988 longa
1025 2908 1392 2983 inductione,
1429 2932 1544 2993 qua
1596 2916 1773 2979 variae
1814 2936 1924 2979 na-

276 2996 479 3062 tiones
535 2996 777 3059 easdem
845 3016 1086 3079 semper
1131 2998 1296 3079 leges
1353 3008 1413 3063 et
1459 3006 1925 3071 consuetudines

2096 1829 2230 1893 Post
2248 1831 2370 1895 hac
2398 1843 2595 1896 autem
2638 1835 2795 1897 inter
2828 1834 3063 1916 prandii
3083 1839 3398 1915 apparatus
3423 1827 3663 1893 Fausti-

2014 1918 2251 1997 nianus,
2307 1933 2612 1987 annuente
2666 1927 2862 1999 Petro,
2916 1925 3244 2006 Appionem
3295 1932 3352 1983 et
3386 1918 3661 1981 Anubio-

2016 2010 2286 2092 nem,qui
2318 2013 2634 2075 Antiochia
2668 2014 3022 2078 Laodiceam
3046 2032 3176 2075 cum
3211 2011 3456 2075 Simone
3476 2026 3661 2071 vene-

2012 2108 2166 2181 rant,
2202 2101 2579 2165 invisit.Tum
2613 2102 2843 2180 Simon,
2877 2113 2940 2165 ut
2965 2102 3221 2165 ministri
3251 2103 3524 2172 Caesaris,
3559 2097 3662 2179 qui

2012 2205 2147 2250 eum
2173 2191 2246 2251 ad
2271 2210 2481 2254 necem
2505 2193 3333 2274 qurerebant,Faustinianum
3370 2190 3428 2251 in
3458 2189 3656 2249 locum

2012 2296 2189 2340 suum
2220 2281 2390 2341 morti
2417 2283 2742 2363 traderent,
2777 2282 2895 2363 ipsi
2920 2282 3166 2360 magicis
3194 2279 3421 2344 artibus
3445 2276 3655 2339 faciem

2010 2369 2355 2449 vultumque
2387 2389 2557 2431 suum
2609 2371 2919 2452 imposuit.
2965 2370 3113 2432 Tam
3178 2367 3471 2449 stupenda
3522 2384 3660 2427 vero

2012 2456 2378 2520 Faustiniani
2412 2460 2939 2523 transformatione
2989 2479 3174 2522 uxore
3216 2459 3475 2539 ﬁliisque
3528 2456 3661 2535 ejus

2010 2544 2454 2629 obstupefactis,
2508 2548 2781 2629 promisit
2856 2549 3065 2612 Petrus
3124 2568 3190 2611 se
3246 2546 3657 2624 Faustiniano,

2011 2622 2326 2717 postquam
2357 2622 2619 2700 Simonis
2653 2638 2816 2701 vultu
2842 2638 2913 2699 ad
2946 2656 3184 2701 errores
3202 2638 3330 2718 ejus
3348 2622 3665 2698 destruen3

2010 2723 2118 2786 dos
2174 2745 2317 2788 usus
2376 2733 2562 2808 esset,
2616 2727 2927 2807 pristinam
2988 2727 3201 2789 faciem
3252 2723 3647 2789 redditurum.

2008 2812 2410 2886 Quamobrem
2444 2816 2723 2878 eumdem
2771 2817 3220 2879 Faustinianum
3270 2813 3652 2879 Antiochiam

2011 2903 2196 2978 misit,
2230 2923 2350 2983 quo
2381 2905 2581 2967 turbas
2604 2924 2813 2968 omnes
2858 2924 2891 2966 a
2923 2909 3091 2986 Mago
3120 2906 3433 2968 adversum
3466 2922 3531 2965 se
3561 2922 3654 2965 ca-

2009 2991 2252 3054 lumniis
2282 2994 2692 3057 acerbissimis
2723 2995 3355 3078 concitatas,simulata
3377 2994 3649 3076 ejusdem

270 3095 802 3178 quantumcunque
846 3065 1122 3167 aspectus
1173 3065 1439 3152 siderum
1475 3065 1921 3178 variit'uerin‘t:

2009 3081 2129 3178 veri
2173 3083 2435 3178 Simonis
2487 3084 2832 3178 paenitentia
2879 3065 3149 3178 sedaret.
3204 3065 3647 3178 Quod‘quidem

266 3175 550 3240 inviolate
583 3184 1002 3245 servaverunt,
1065 3177 1125 3239 id
1186 3179 1398 3241 falsum
1460 3199 1595 3245 esse
1641 3175 1917 3250 convicit.

266 3268 579 3331 Summam
612 3265 947 3344 argumenti
980 3265 1144 3330 illius
1165 3268 1282 3331 vim
1314 3277 1373 3331 et
1407 3272 1639 3349 pondus
1689 3275 1923 3353 agnovit

267 3373 453 3431 senex
467 3403 485 3421 .
500 3354 872 3437 Quapropter
884 3363 946 3418 ut
970 3355 1029 3418 id
1054 3359 1422 3438 experientia
1433 3380 1538 3423 sua
1552 3361 1761 3426 falsum
1788 3384 1919 3429 esse

272 3444 465 3525 magis
511 3444 823 3526 magisque
877 3446 1289 3527 persuaderet,
1348 3449 1461 3513 sibi
1517 3471 1737 3515 nomen
1787 3474 1922 3518 esse

274 3532 664 3623 Faustiniano
695 3535 1007 3599 confessus
1038 3545 1150 3616 est,
1183 3547 1243 3602 et
1290 3556 1658 3623 quacunque
1682 3543 1796 3605 sibi
1825 3564 1920 3607 ac-

274 3622 570 3698 ciderant,
594 3623 856 3686 breviter
890 3626 1181 3688 narravit.
1209 3626 1300 3691 Ab
1330 3647 1522 3691 uxore
1562 3622 1766 3712 itaque
1812 3652 1921 3697 sua

270 3713 557 3779 Matbidia
583 3712 843 3793 ﬁliisque
871 3714 996 3777 suis
1035 3715 1272 3795 agnitus
1294 3726 1402 3792 est,
1452 3718 1635 3800 iique,
1668 3720 1914 3786 dimisso

267 3806 650 3886 populo.una
666 3823 804 3867 cum
830 3807 1028 3881 Petro,
1060 3806 1121 3867 in
1151 3805 1495 3889 eadem,ubi
1520 3809 1913 3891 disceptatum

266 3895 491 3969 fuerat,
519 3893 696 3956 domo
725 3904 1172 3957 remanserunt.

344 3982 612 4047 Dncntus
655 3999 839 4046 LIBER
879 3984 1052 4046 docet
1096 3986 1395 4066 quomodo
1448 3990 1677 4071 Petrus,
1712 4000 1914 4055 exorto

261 4073 416 4155 sole,
437 4072 945 4154 Faustinianoque
962 4074 1156 4136 adhuc
1174 4074 1913 4158 dormiente,Clementem

263 4164 600 4244 fratresque
653 4162 784 4243 ejus
808 4163 883 4225 de
921 4163 1183 4226 ineunda
1214 4184 1347 4226 cum
1380 4165 1483 4229 illo
1514 4167 1917 4249 disputatione

265 4251 582 4328 erudierit,
607 4252 1004 4333 statueritqne
1060 4252 1257 4314 eidem
1289 4253 1696 4334 Faustiniano,
1732 4268 1796 4321 ut
1837 4260 1911 4323 ad

2008 3170 2429 3234 Faustinianus
2455 3174 2636 3234 variis
2668 3173 3010 3236 ﬁctionibus
3044 3184 3101 3236 et
3136 3174 3461 3237 mendaciis
3493 3190 3648 3254 pra:-

2004 3261 2177 3338 stitit,
2209 3280 2279 3324 ac
2313 3271 2515 3342 postea
2547 3263 2737 3324 vultus
2788 3262 3073 3344 pristinus
3126 3283 3160 3327 a
3190 3263 3367 3327 Petro
3400 3262 3484 3324 illi
3516 3281 3651 3323 om-

2004 3348 2143 3411 nino
2168 3352 2474 3413 restitutus
2499 3351 2850 3415 est.Dehinc
2866 3356 3081 3417 Petrus
3100 3353 3319 3416 creatis
3337 3351 3650 3416 Laodiceae

2002 3437 2283 3521 episcopo
2306 3440 2763 3523 etpreshyteris,
2797 3460 2866 3504 ac
2898 3442 3132 3506 reddita
3160 3444 3333 3525 agris
3363 3441 3650 3504 obsessis-

2001 3546 2120 3607 que
2147 3530 2425 3613 sanitate,
2458 3531 2861 3614 Antiochiam,
2898 3553 3013 3615 qua
3042 3535 3246 3597 Simon
3275 3534 3479 3614 pulsus
3508 3531 3642 3593 fue-

1998 3630 2110 3691 rat,
2146 3622 2476 3698 contendit,
2510 3632 2686 3703 atque
2712 3622 2798 3683 illi
2824 3622 3031 3686 urbem
3058 3623 3417 3703 ingredienti
3448 3622 3646 3684 omnis

2000 3708 2340 3790 populus,et
2369 3729 2578 3773 omnes
2612 3713 2867 3792 majores
2899 3721 3064 3787 natu,
3098 3733 3167 3777 ac
3195 3713 3428 3776 nobiles
3462 3711 3647 3794 paeni-

2002 3798 2245 3859 tentiam
2272 3808 2539 3881 agentes,
2577 3802 2808 3864 iverunt
2832 3801 3087 3866 obviam.
3120 3806 3254 3885 Ipse
3286 3820 3425 3866 vero
3456 3801 3531 3863 de
3563 3810 3646 3863 tot

2000 3888 2308 3951 hominum
2341 3890 2734 3953 conversione
2766 3892 2983 3970 gratias
3013 3890 3136 3956 Deo
3168 3893 3397 3974 retulit,
3432 3909 3644 3956 omnes

1999 3986 2250 4055 aegrotos
2275 3979 2706 4062 sanavit,atque
2728 3981 2883 4044 intra
2907 3994 3138 4062 septem
3161 3983 3293 4046 dies
3321 3980 3642 4045 duodecim

2001 4066 2188 4131 millia
2210 4068 2519 4132 hominum
2543 4088 2713 4133 sacro
2743 4070 2928 4133 abluit
2957 4070 3464 4153 baptismate.Hos
3483 4071 3645 4134 inter

1996 4154 2389 4237 Theophilus,
2414 4160 2508 4222 vir
2534 4160 2738 4242 populi
2763 4161 3108 4242 primarius,
3141 4162 3356 4227 domus
3380 4180 3508 4225 sure
3538 4160 3642 4224 in—

1992 4255 2223 4325 gentem
2251 4249 2573 4313 busilicam
2595 4250 2861 4313 ecclesiae
2880 4254 3131 4314 nomine
3158 4252 3639 4331 consecravit,in

264 4341 719 4425 amplexandam
745 4341 1095 4422 religionem
1113 4342 1510 4407 Christianam
1529 4364 1665 4409 sese
1676 4366 1912 4430 compa.

2009 4353 2117 4430 μιᾳ
2138 4340 2317 4430 Petro
2340 4339 2612 4430 gpostolo
2638 4344 2966 4405 constituta
2996 4350 3080 4405 est
3127 4344 3207 4405 ab
3221 4344 3388 4405 omni
3412 4339 3641 4430 populo

262 4439 446 4508 raret,
473 4430 734 4492 dandum
762 4450 895 4493 esse
940 4430 1117 4492 unius
1142 4432 1281 4493 anni
1326 4434 1607 4513 spatium.
1630 4433 1772 4498 Cum
1797 4457 1909 4501 au-

262 4530 383 4584 tem
408 4519 827 4583 Faustinianus
849 4540 883 4584 e
905 4520 1060 4582 lecto
1112 4523 1491 4596 surrexisset,
1546 4524 1620 4586 ab
1655 4526 1725 4587 iis
1756 4547 1912 4607 quae-

258 4611 398 4676 sivit
424 4629 498 4673 an
530 4610 607 4672 sit
633 4610 692 4671 in
717 4608 1043 4672 substantia
1063 4620 1122 4671 et
1163 4609 1395 4674 actibus
1417 4611 1637 4674 bonum
1690 4624 1748 4677 et
1778 4636 1907 4679 ma-

254 4703 407 4764 lum.
435 4700 583 4764 Huic
608 4699 919 4781 quaestioni
942 4700 1254 4780 respondit
1281 4700 1574 4771 Clemens.
1612 4713 1790 4785 atque
1812 4725 1909 4768 ex-

254 4790 464 4873 positis
491 4790 567 4851 de
589 4789 746 4851 bono
780 4797 837 4850 et
868 4788 1022 4851 malo
1054 4789 1362 4851 stellarum
1395 4800 1643 4873 aspectu
1676 4796 1903 4874 princi-

253 4879 394 4961 piis,
420 4878 689 4960 probavit
721 4877 1103 4941 nullaminde
1119 4878 1464 4941 hominibus
1486 4880 1903 4962 imponiposse

253 4967 697 5032 necessitatem.
726 4970 911 5031 Porro
935 4976 1134 5030 autem
1164 4987 1297 5029 cum
1322 4970 1447 5031 haec
1482 4971 1763 5053 utrinque
1780 4974 1901 5035 dis-

255 5066 663 5139 ceptarentur,
719 5059 957 5137 Petrus,
1016 5066 1283 5122 coactum
1327 5059 1534 5122 videns
1592 5062 1899 5141 populum,

253 5148 539 5229 deinceps
558 5146 976 5211 deidololatria
996 5147 1281 5226 falsisque
1294 5148 1540 5211 deorum
1559 5152 1903 5216 numinibus

246 5237 429 5318 jussit
457 5238 767 5318 disputari.
794 5236 1085 5310 Quocirca
1106 5235 1383 5301 Clemens
1403 5238 1697 5319 originem
1724 5242 1904 5304 idolo.

251 5328 443 5389 latriaa
472 5328 707 5409 evolvit,
729 5327 996 5405 dixitque
1020 5346 1157 5390 vera
1180 5328 1462 5390 falsorum
1488 5328 1738 5391 deorum
1782 5332 1899 5392 cri-

1992 4426 2309 4490 cathedra.
2339 4428 2606 4510 Denique
2627 4432 3071 4493 Faustinianum
3095 4430 3391 4510 baptismo
3419 4429 3639 4491 initiari

1993 4516 2418 4599 postulantem,
2454 4518 2683 4595 Petrus,
2718 4522 2939 4583 indicto
2966 4520 3126 4602 plebi
3152 4522 3409 4600 jejunio,
3438 4519 3631 4600 bapti-

1990 4606 2244 4681 zavit,et
2270 4628 2637 4692 quaecunque
2669 4612 2955 4673 hactenus
2985 4612 3044 4674 ei
3075 4608 3638 4691 contigerant,omni

1993 4698 2211 4778 populo
2248 4700 2520 4780 exposuit

2543 4788 2963 4855 ARTICULUS
3008 4790 3081 4852 Il.

2187 4875 2349 4952 Quid
2378 4886 2609 4941 veteres
2657 4878 2731 4942 de
2762 4880 2854 4942 his
2896 4880 3072 4943 libris
3100 4881 3427 4944 senserint.

2064 4966 2305 5027 Auctori
2332 4966 2579 5047 hujusce
2611 4971 2811 5048 operis
2843 4970 2892 5031 si
2915 4970 3066 5033 ﬁdes
3092 4971 3631 5043 habeatur,Roma-

1988 5072 2097 5115 nus
2130 5055 2228 5117 ille
2274 5056 2405 5136 fuit,
2439 5077 2471 5119 e
2501 5059 2749 5122 Caesaris
2779 5058 3024 5142 familia,
3057 5064 3300 5123 nomine
3330 5060 3632 5139 Clemens,

1986 5143 2082 5205 cui
2116 5153 2283 5225 pater
2330 5145 2774 5232 Faustinianus,
2830 5158 3019 5212 mater
3050 5150 3358 5225 Mathidia,
3421 5150 3633 5212 fratres

1987 5234 2227 5297 Nicetas
2249 5244 2308 5298 et
2332 5238 2567 5319 Aquila,
2596 5239 2726 5319 ipse
2757 5243 3093 5321 praecipuus
3125 5240 3633 5321 charissimusque

1986 5323 2145 5386 Petri
2177 5324 2545 5407 discipulus;
2581 5328 2678 5409 qui
2736 5332 2939 5409 plures
2989 5330 3259 5411 ejusdem
3320 5329 3633 5411 apostolici

247 5416 438 5493 mina,
466 5416 530 5479 in
562 5417 891 5498 primisque
913 5418 1076 5480 Jovis
1118 5426 1326 5499 stupra
1351 5426 1409 5481 et
1446 5419 1738 5481 adulteria
1763 5438 1898 5481 om-
1983 5413 2310 5475 conciones
2353 5416 2909 5501 disputationesque
2939 5421 3181 5501 scriptis
3210 5420 3472 5500 tradidit,
3521 5437 3627 5480 va-

245 5504 429 5570 nibus
450 5524 584 5570 esse
626 5507 963 5587 notissima,
997 5526 1069 5570 ac
1114 5507 1353 5571 tandem
1384 5510 1707 5571 etiamnum
1738 5518 1898 5573 stare
1980 5502 2231 5582 ﬂosque
2261 5506 2493 5586 redegit
2553 5507 2614 5570 in
2660 5508 2871 5573 libros.
2925 5509 3063 5573 Haec
3088 5510 3191 5573 ille
3223 5518 3382 5573 tanta
3413 5509 3632 5573 ﬁducia

239 5596 413 5680 plura
452 5596 713 5662 ﬁliorum
743 5598 900 5679 ejus,
928 5596 1238 5661 hominum
1270 5597 1478 5682 utique
1500 5598 1894 5680 nequissimo-
1978 5600 2259 5675 tantaque
2283 5597 2726 5661 asseveratione
2746 5599 3095 5676 atlirmat,ut
3118 5598 3291 5664 multi
3307 5598 3631 5681 scriptores
