4054 6214
462 233 614 300 1183

1276 233 1338 295 3.
1384 231 1820 333 CLEMENTLS
1864 232 1891 295 Ι
1936 232 2119 294 ROM.
2166 230 2393 299 PONT.
2438 231 2687 303 OPERA
2728 232 2987 297 DUBIA.

3674 238 3831 307 1184

456 366 1431 455 tisse,aclertlodemumrTrajani
1458 386 1623 431 anno
1644 370 1831 431 vitam
1854 366 2083 447 ﬁnisse.
2111 362 2385 455 Alietrus
2433 364 2809 429 dialecticum
2867 367 3323 450 sophistamque
3378 370 3463 443 ibi
3520 372 3673 449 agit,
3702 371 3832 455 ipso

460 458 613 522 Hinc
635 457 877 536 colligas
901 458 958 519 in
986 454 1265 517 omnibus
1288 455 1480 517 Photii
1515 456 1826 519 codicibus
1849 457 2004 517 idem
2032 474 2101 517 ac

462 550 518 609 in
552 545 726 609 editis
756 547 974 608 nostris
999 545 1182 608 fuisse
1205 545 1403 626 operis
1429 544 1605 626 hujus
1628 546 1887 609 initium.
1916 549 2099 608 Porro

457 647 657 699 autem
683 637 899 705 nullus.
923 637 1004 698 uti
1033 635 1495 716 opinamur,sibi
1515 637 1685 698 facile
1718 633 2102 717 persuadebit

466 727 576 789 hoc
596 726 753 788 idem
780 742 929 804 opus
950 725 1022 786 ab
1042 725 1449 788 eruditissimo
1474 727 1572 787 illo
1608 732 1728 787 viro
1750 727 1935 788 fuisse
1966 724 2100 787 Cle-

466 814 653 879 menti
676 813 1077 895 adjudicatum
1104 834 1121 891 ;
1149 825 1211 875 ut
1236 825 1370 895 pote
1393 816 1491 896 qui
1522 817 1661 878 illud
1684 816 1877 895 ipsum
1899 813 2101 875 absur-

463 905 555 966 dis
578 904 748 984 nugis
770 913 828 967 et
846 903 1201 966 Arianorum
1227 904 1611 986 blasphemiis
1631 907 1933 987 oppletum
1966 920 2100 966 esse

458 1002 726 1059 testatur.

1005 1081 1427 1148 ABTICULUS
1471 1082 1542 1146 V.

457 1216 781 1280 Sententia:
808 1222 1210 1279 recentiorum
1243 1224 1565 1279 auctorum
1596 1217 1671 1279 de
1700 1216 1796 1280 his
1821 1216 2020 1291 libris,
2044 1224 2104 1279 et

734 1298 885 1375 quid
928 1297 1005 1359 de
1056 1297 1267 1360 iisdem
1296 1298 1376 1361 sit
1404 1298 1812 1361 sentiendum.

540 1430 745 1508 Neque
776 1445 914 1490 vero
955 1430 1308 1510 scriptorum
1352 1426 1752 1490 recentiorum
1787 1430 2094 1493 sententia:

459 1520 656 1579 minus
683 1536 858 1594 quam
911 1519 1309 1599 antiquiorum
1341 1536 1373 1579 a
1406 1535 1469 1580 se
1500 1518 1753 1580 invicem
1801 1518 2095 1582 dissident

2186 451 2429 517 Simone
2454 457 2621 536 Mago
2655 456 2830 536 longe
2848 454 3405 532 subtiliorem?Quid
3436 480 3580 523 vero
3604 462 3685 523 de
3702 451 3833 543 eius

2184 546 2409 606 ratione
2445 544 2696 621 vivendi,
2722 566 2899 609 mane
2931 544 3240 625 surgendi,
3265 549 3703 629 disputationes
3741 554 3831 615 in-

2187 634 2467 696 stituendi
2500 646 2559 698 et
2586 635 2924 712 ordinandi,
2953 636 3013 698 in
3045 636 3223 699 urbes
3246 637 3831 722 ingrediendi,atque

2185 722 2352 786 abiis
2381 725 2478 805 qui
2511 723 2789 807 baptizati
2813 746 2926 788 non
2960 737 3150 808 erant,
3176 747 3311 791 sese
3341 729 3694 810 separandi,
3717 732 3832 795 dici

2186 814 2416 895 potest?
2438 817 2650 878 Nonne
2663 816 2787 877 haec
2814 816 3012 879 omnia
3040 818 3239 897 operis
3262 818 3435 899 hujus
3454 821 3794 900 suppositio
3810 855 3830 869 ς

2183 923 2318 966 nem
2341 904 2646 968 evidenter
2673 910 2961 985 arguunt?
2983 905 3131 981 Quid
3157 907 3350 972 adhuc
3372 910 3561 989 magis
3591 909 3830 972 fabulo-

2179 1013 2308 1055 sum
2343 1014 2518 1074 quam
2555 1015 2625 1075 ea
2656 995 2973 1077 disputatio
3013 1017 3127 1078 qua
3156 997 3375 1077 singuli
3405 999 3692 1079 apostoli.
3726 1021 3829 1063 suo

2178 1085 2395 1165 quique
2453 1084 2695 1160 ordine,
2760 1094 2966 1147 contra
3024 1086 3332 1169 Caipham,
3391 1089 3823 1164 Samaritanos,

2184 1174 2444 1248 Scribas,
2485 1174 2751 1256 aliosque
2797 1176 3033 1237 Judaaos
3082 1175 3418 1239 decertasse
3465 1178 3831 1257 ﬁnguntur?

2182 1261 2449 1344 Denique
2479 1264 2537 1325 in
2570 1272 2688 1325 toto
2720 1264 2825 1327 illo
2856 1283 3037 1345 opere
3065 1266 3255 1329 nullas
3286 1267 3823 1349 deprehendimus,

2183 1355 2314 1433 ejus
2344 1354 2439 1415 cui
2481 1353 2822 1435 ascribitur,
2854 1355 3133 1417 nimirum
3191 1355 3518 1419 Clementis
3576 1360 3827 1421 Romani

2178 1442 2495 1523 pontificis,
2529 1442 2930 1523 apostolorum
2963 1444 3265 1526 discipuli,
3303 1454 3471 1508 notas
3506 1446 3828 1528 nullosque

2177 1533 2575 1595 characteres.
2609 1532 2777 1605 Quod
2809 1534 3051 1614 quidem
3079 1554 3149 1596 ex
3179 1533 3306 1596 sola
3336 1554 3513 1616 quam
3549 1536 3827 1600 dedimus

452 1626 773 1706 secumque
797 1608 1159 1706 discordant.
1193 1608 1441 1681 Quidam
1475 1609 1633 1706 enim
1662 1628 1694 1669 a
1724 1609 1924 1706 Rugini
1958 1610 2080 1691 opi-

2177 1622 2351 1701 hujus
2383 1622 2579 1702 operis
2597 1608 3096 1703 analysi'cuilibet
3125 1644 3294 1706 aequo
3321 1608 3527 1688 rerum
3561 1627 3824 1689 aestima-

453 1696 631 1793 nione
664 1717 778 1793 non
807 1698 1271 1793 longeabeunt,
1307 1706 1369 1793 ut
1403 1698 1751 1793 L-ambrrtus
1792 1697 2089 1793 Crtiterus
2117 1696 2145 1700 ”
2176 1696 2290 1774 toﬁ
2329 1696 2501 1774 [δεῖτε
2535 1696 2905 1793 probamur,

451 1788 807 1857 Venradius,
846 1790 946 1867 qui
977 1787 1051 1847 de
1083 1788 1172 1849 his
1204 1787 1375 1849 libris
1405 1789 1491 1851 sic
1520 1789 1700 1850 sentit
1727 1812 1739 1847 :
1776 1788 2087 1864 Quantum

450 1877 529 1939 ad
550 1876 1039 1957 Recognitionum
1079 1880 1593 1940 Clementinarum
1624 1878 1819 1940 libros
1841 1879 2080 1958 attinet,

448 1986 547 2029 eos
568 1985 713 2029 vere
742 1968 1032 2030 Clementi
1040 1977 1239 2030 nostro
1258 1968 2087 2048 ascribo,tametsirorruptos

445 2076 571 2121 esse
592 2075 942 2138 agnoscam,
965 2064 1031 2120 ut
1050 2059 1277 2120 dicetur
1298 2058 1489 2137 infra.
1516 2058 1591 2122 Et
1612 2067 1773 2120 certe
1795 2057 2081 2133 quasdam

450 2146 551 2208 ille
573 2157 731 2209 notat
755 2149 1190 2227 corruptiones,
1218 2147 1435 2226 quibus
1453 2166 1522 2208 ea
1554 2146 1753 2207 omnia
1783 2148 2086 2227 subjungit

450 2255 584 2316 rpite
613 2237 688 2298 de
709 2238 1080 2301 Faustiniaui
1102 2238 1296 2299 vultus
1322 2238 1839 2299 transformatione
1863 2237 2082 2297 ibidem

449 2327 744 2404 leguntur.
781 2327 1028 2399 Quidam
1062 2338 1255 2390 autem
1288 2347 1418 2388 cum
1453 2325 1817 2387 Bellarmino
1849 2329 1919 2387 ad
1952 2326 2083 2405 Epi-

450 2415 650 2495 phanii
676 2416 1029 2478 sententiam
1047 2418 1231 2503 magis
1260 2416 1754 2495 inrlinant;atque
1779 2416 2087 2476 hoslibros

446 2504 518 2566 ab
552 2505 844 2567 haereticis
886 2508 1038 2570 Γαβὰθ
1089 2514 1402 2586 corruptos
1454 2524 1583 2567 esse
1637 2513 1933 2568 asserunt.
1968 2506 2084 2567 Sed

446 2596 822 2657 communior
851 2590 1097 2660 aliorum
1132 2597 1392 2676 hujusce
1433 2593 1714 2675 temporis
1740 2593 2081 2656 criticorum

440 2684 645 2761 opinio
665 2684 1031 2749 Clementem
1058 2686 1342 2747 librorum
1369 2684 1604 2746 illorum
1621 2694 1925 2746 auctorem
1952 2703 2084 2747 esse

448 2784 642 2852 negat,
670 2775 1040 2858 affirmatque
1070 2776 1206 2837 illos
1252 2775 1324 2836 ab
1372 2774 1567 2854 aliquo
1599 2773 1848 2835 secundi
1881 2774 2082 2853 saeculi

444 2865 735 2945 scriptore
767 2867 951 2928 fuisse
1001 2867 1372 2946 depravatos,
1405 2881 1629 2943 eosque
1660 2864 1920 2944 repletos
1952 2881 2083 2924 esse

2716 1803 3140 1868 ARTICULUS
3186 1804 3286 1881 Vl,

2170 1893 2332 1956 Num
2363 1893 2599 1973 aliquid
2629 1912 2665 1954 a
2706 1892 3011 1956 Clemente
3037 1895 3384 1975 profectum
3416 1896 3517 1957 his
3552 1896 3624 1957 in
3659 1895 3828 1959 libris

2251 1980 2513 2054 supersit
2542 1995 2553 2035 :
2582 1982 2635 2057 et
2662 1975 2796 2054 quis
2816 1992 3028 2036 eorum
3056 1982 3292 2057 auctor,
3314 1994 3386 2037 ac
3416 1994 3537 2056 quo
3565 1985 3826 2057 tempore

2252 2058 2375 2116 sint
2404 2056 2643 2134 scripti.

2250 2145 2497 2226 Verum,
2526 2144 2780 2224 inquies,
2808 2143 3035 2205 nihilne
3061 2144 3216 2224 quod
3251 2145 3322 2207 ab
3358 2145 3486 2225 ipso
3516 2145 3824 2208 Clemente

2171 2234 2497 2315 profectum
2529 2236 2756 2307 sit,toto
2785 2234 2843 2294 in
2876 2253 3055 2313 opere
3078 2234 3377 2315 reliquum
3413 2244 3500 2293 est
3528 2235 3824 2314 amplius?

2168 2323 2244 2386 Ut
2274 2325 2405 2389 huic
2434 2320 2749 2401 Quzestioui
2812 2325 2913 2385 fiat
2965 2323 3128 2403 satis,
3163 2324 3604 2385 animadvertas
3648 2323 3820 2387 velim

2170 2431 2238 2474 ex
2272 2414 2345 2474 iis
2377 2432 2507 2495 qum
2540 2414 2884 2497 protulimus
2910 2413 3204 2475 talionum
3242 2414 3565 2475 momentis
3599 2414 3819 2492 colligi,

2170 2522 2335 2566 eosa
2369 2522 2507 2564 vero
2540 2503 2710 2583 longe
2763 2504 3048 2566 aberrare
3108 2504 3207 2585 qui
3267 2503 3586 2564 maximam
3649 2503 3822 2585 hujus

2170 2594 2368 2673 operis
2400 2602 2653 2677 partem,
2692 2593 2886 2674 iisque
2931 2602 3154 2655 tantum
3214 2612 3344 2674 qum
3396 2591 3817 2655 haereticorum

2172 2674 2453 2765 pravitate
2484 2674 2718 2765 adjecta
2759 2693 2918 2760 sunt,
2954 2682 3246 2763 exceptis,
3284 2682 3582 2746 Clementi
3618 2690 3820 2744 nostro

2167 2774 2625 2854 adjudicandam
2660 2791 2790 2838 esse
2821 2774 3215 2837 arbitrantur.

2247 2864 2329 2926 De
2361 2864 2670 2945 Epiphanii
2703 2872 2899 2927 autem
2963 2862 3285 2936 sententia,
3320 2882 3451 2945 qua:
3500 2864 3819 2927 haereticos

442 2938 886 3036 fabulis,nugis,
914 2938 1180 3030 somniis,
1209 2938 1564 3027 mendaciis,
1588 2938 1764 3033 atque
1794 2938 2142 3014 sermoni-c
2170 2973 2349 3033 pauca
2376 2938 2551 3013 his'in
2583 2952 2773 3027 libris,
2796 2972 2829 3014 a
2852 2952 3161 3015 Clemente
3184 2938 3443 3032 .criptis,
3471 2953 3701 3016 intacta
3721 2972 3817 3015 re-

443 3043 555 3105 bus
578 3045 1194 3126 disputationibusque
1223 3044 1461 3125 ineptis,
1488 3043 1762 3104 absurdis
1785 3052 1840 3104 et
1862 3043 2083 3103 ridicu-

446 3133 519 3193 lis
549 3154 564 3209 ;
589 3152 656 3196 ac
681 3135 941 3213 denique
966 3136 1024 3195 in
1051 3135 1121 3195 iis
1141 3134 1397 3214 reperiri
1428 3134 1820 3211 fragmentum
1841 3150 1907 3193 ex
1930 3132 2081 3194 libro

439 3224 799 3288 Bardesanis
834 3226 986 3305 Syri.
1024 3225 1305 3286 adversus
1353 3222 1614 3303 Abydam
1675 3230 2079 3284 astronomum

438 3313 620 3395 edito,
657 3314 899 3377 totidem
939 3314 1129 3377 verbis
1163 3314 1526 3391 transeriptu
1549 3333 1623 3374 m.
1657 3313 2078 3392 Fragmentum

437 3413 634 3466 autem
663 3404 809 3466 illud
833 3407 905 3467 ab
929 3406 1021 3467 his
1047 3403 1250 3466 verbis
1268 3402 1577 3483 incipit“:
1608 3402 1875 3482 Denique
1895 3402 2085 3483 primi

434 3492 633 3574 Seres,
668 3499 777 3574 qui
802 3496 985 3557 initio
1016 3495 1179 3557 orbis
1210 3503 1411 3573 terrae,
1446 3502 1560 3555 etc.

516 3579 646 3645 Jam
680 3602 817 3645 vero
852 3586 927 3646 de
950 3585 1044 3647 his
1065 3583 1235 3645 libris
1257 3583 1399 3664 quid
1430 3580 1836 3649 sentiendum,
1865 3581 1956 3642 vel
1980 3585 2073 3642 cui

434 3673 705 3752 opinioni
726 3673 1150 3736 adhaerendum
1177 3673 1275 3746 sit,
1300 3672 1348 3734 si
1364 3680 1632 3750 rogetur,
1652 3670 1921 3731 dicemus
1943 3669 2074 3731 illos

435 3780 507 3825 eo
526 3761 725 3839 modo,
757 3781 870 3842 quo
894 3782 1073 3834 nunc,
1111 3771 1166 3824 et
1197 3781 1231 3823 a
1261 3769 1346 3823 tot
1374 3761 1608 3822 saeculis
1638 3767 2071 3840 repraesentan-

433 3860 550 3925 tur,
586 3849 662 3912 ab
691 3852 998 3914 Clemente
1058 3856 1332 3915 Romano
1391 3850 1688 3931 profectos
1746 3867 1864 3909 non
1915 3866 2067 3909 esse.

427 3939 670 4003 Constat
686 3940 846 4000 enim
867 3959 1236 4021 quaecunque
1259 3941 1333 4001 de
1363 3939 1691 4002 mutatione
1704 3939 1895 4000 vultus
1917 3937 2035 3999 Fau
2052 3973 2067 3985 -

436 4028 705 4105 stiniani,
741 4035 800 4089 et
831 4038 1031 4110 postea
1062 4029 1142 4091 ibi
1198 4038 1540 4102 narrantur,
1570 4028 1815 4089 omnino
1869 4027 2073 4089 fictitia

436 4137 588 4189 esse,
624 4128 682 4180 et
711 4128 920 4198 aperte
949 4119 1114 4181 falsa.
1152 4121 1221 4181 Et
1266 4136 1405 4180 vero
1457 4119 1546 4180 vel
1599 4119 1724 4180 sola
1764 4117 2071 4179 mendacia

2170 3043 2411 3124 liquisse
2444 3042 2807 3123 pronuntiat,
2843 3042 2987 3104 certi
3018 3041 3243 3122 aliquid
3288 3042 3542 3104 delinire
3576 3043 3817 3105 difﬁcile

2167 3141 2281 3194 est.
2314 3130 2457 3194 Cum
2491 3132 2648 3192 enim
2712 3130 2978 3212 epistolae
3034 3130 3250 3211 quibus
3306 3131 3590 3195 Clemens
3623 3132 3697 3194 de
3729 3133 3815 3193 sui

2166 3221 2366 3301 operis
2394 3220 2541 3281 facta
2571 3219 2643 3282 ab
2680 3219 2979 3282 hmreticis
3027 3218 3412 3301 corruptione
3470 3239 3813 3299 conquere-

2166 3312 2358 3390 hatur,
2390 3308 2603 3370 ad‘nos
2662 3309 3070 3391 pervenerint,
3108 3309 3372 3373 divinare
3426 3309 3645 3389 utique
3700 3329 3813 3372 non

2166 3418 2476 3481 possumus
2498 3417 2627 3480 qum
2648 3398 2767 3461 sint
2791 3398 2892 3459 illa
2915 3417 3099 3479 pauca
3124 3418 3259 3477 quae
3284 3398 3557 3463 haeretici
3582 3399 3814 3478 integra

2154 3490 2543 3570 reliquerunt.
2578 3489 2950 3569 Quapropter
2978 3488 3088 3550 nisi
3116 3507 3183 3549 ea
3220 3507 3409 3568 pauca
3444 3486 3611 3553 clare
3640 3488 3807 3569 sigil-

2156 3578 2439 3660 latimque
2462 3578 2972 3651 demonstrentur,
2998 3577 3168 3639 nobis
3202 3577 3434 3640 facilius
3468 3579 3809 3658 persuade-

2158 3670 2316 3732 bitur
2345 3668 2488 3729 nihil
2522 3668 2580 3728 in
2614 3676 2733 3729 toto
2780 3685 2963 3747 opere
3005 3686 3240 3743 sanum,
3271 3666 3374 3729 sed
3408 3668 3610 3729 omnia
3667 3687 3805 3731 cor-

2154 3767 2327 3839 rupta
2355 3776 2488 3820 esse
2518 3768 2578 3820 et
2608 3756 2948 3837 depravata.
2981 3755 3270 3819 Caeterum
3337 3758 3385 3819 si
3429 3754 3806 3837 Epiphanius

2159 3867 2342 3931 pauca
2372 3848 2638 3929 quaadam
2698 3865 2807 3909 suo
2866 3855 3136 3928 tempore
3185 3847 3419 3910 sincera
3450 3852 3506 3908 et
3537 3849 3800 3927 genuina

2155 3936 2648 4020 compererit,ille
2671 3937 2730 3997 in
2755 3935 3007 4013 alios,ab
3034 3934 3239 4019 iis,qui
3259 3954 3420 3998 nunc
3441 3944 3801 4015 supersunt,

2156 4028 2392 4091 codices
2414 4026 2848 4107 manuscriptos
2871 4026 3154 4089 incidisse
3179 4024 3333 4088 haud
3366 4024 3680 4088 immerito
3722 4027 3801 4087 vi-

2158 4120 2354 4181 detur.

434 4228 564 4292 qua)
583 4209 755 4272 Petro
777 4211 1175 4291 apostolorum
1194 4209 1447 4289 principi
1468 4208 1685 4269 ibidem
1703 4206 2063 4286 tribuuntur,
2093 4220 2133 4273 ο
2235 4212 2414 4271 Porro
2445 4214 2641 4268 autem
2670 4208 2935 4285 quamvis
2968 4206 3250 4287 auctoris,
3278 4224 3311 4267 a
3334 4224 3450 4286 quo
3477 4223 3633 4282 Opus
3659 4205 3799 4267 illud

435 4300 494 4361 id
524 4299 923 4361 invictissime
952 4299 1383 4362 demonstrant.
1420 4298 1625 4379 Neque
1655 4298 1827 4359 etiam
1861 4306 2075 4359 caetera

435 4391 656 4462 omnia,
693 4409 823 4469 quae
845 4389 903 4449 in
936 4389 1167 4466 reliquo
1199 4407 1379 4469 opere
1410 4389 1685 4467 legimus,
1721 4387 1904 4463 magis
1935 4386 2071 4448 Cle-

436 4480 617 4540 menti
650 4479 1045 4560 adjudicanda
1080 4480 1247 4540 nobis
1295 4479 1589 4540 videntur.
1623 4479 1771 4540 Nam
1808 4478 1920 4537 iter
1948 4476 2074 4539 Ma-

434 4568 659 4647 thidiae,
695 4569 970 4650 illiusque
1001 4588 1132 4631 cum
1160 4568 1297 4630 filiis
1346 4569 1469 4630 suis
1498 4568 1707 4631 Niceta
1761 4575 1818 4627 et
1860 4566 2074 4647 Aquila

434 4658 823 4737 naufragium,
854 4659 937 4719 illi
967 4659 1205 4720 tandem
1247 4658 1468 4721 fortuiti
1516 4674 1827 4737 occursus,
1860 4655 2073 4737 quibus

431 4746 828 4809 seseinvicem
845 4766 911 4808 ac
927 4756 1150 4825 patrem
1168 4768 1339 4809 suum
1369 4747 1819 4812 Faustinianum
1837 4746 2068 4825 ipsum-

430 4857 544 4918 que
570 4836 932 4901 Clementem
967 4838 1274 4917 agnovisse
1300 4838 1783 4919 feruntur,plane
1806 4834 2071 4896 fabulosa

430 4935 489 4988 et
520 4926 700 5005 gratis
731 4926 868 4989 ficta
901 4935 1057 4989 sunt.
1089 4927 1203 4989 Fac
1234 4935 1429 4989 tamen
1461 4946 1528 4989 ea
1559 4944 1692 4989 esse
1719 4924 2024 4986 verissima
2054 4943 2069 4999 ;

431 5016 569 5096 quid
601 5024 797 5078 autem
850 5019 1035 5095 magis
1092 5034 1124 5079 a
1184 5015 1702 5078 verisimilitudine
1762 5012 2064 5087 abhorret,

430 5123 605 5186 quam
639 5103 815 5166 verba
850 5113 905 5166 ct
936 5124 1242 5167 sermones
1290 5124 1439 5185 quos
1468 5109 1675 5170 Petrus
1718 5102 1790 5164 ad
1840 5121 1979 5163 suos
2010 5112 2065 5163 et

424 5194 497 5256 ad
537 5194 815 5274 populum
869 5193 1148 5257 habuisse
1208 5196 1602 5277 perhibetur?
1634 5193 1819 5266 Quam
1872 5191 2066 5253 multae

425 5283 613 5358 enim,
638 5285 794 5346 Deus
817 5282 992 5359 bone,
1025 5284 1106 5345 ibi
1130 5294 1449 5349 occurrunt
1474 5303 1658 5364 nugae,
1690 5283 1951 5363 ineptia),
1977 5281 2063 5340 fa-

428 5371 583 5435 bulas
607 5373 620 5433 !
647 5392 822 5451 quam
854 5374 1036 5436 multa
1064 5374 1705 5454 puerilia.perridicula
1728 5382 1787 5435 et
1816 5370 2060 5432 insulsa!

424 5481 605 5543 quam
640 5460 810 5524 mulli
840 5480 1075 5525 errores
1103 5470 1280 5545 atque
1308 5462 1666 5526 mendacia?
1696 5480 1870 5545 quam
1908 5459 2065 5521 belle

499 5665 555 5711 ⁸³
581 5667 754 5750 Apud
783 5667 1005 5737 Eused.
1026 5669 1133 5737 lib.
1158 5686 1217 5734 Vt
1246 5670 1454 5753 Prasp.
1488 5673 1766 5753 evangel.

2158 4306 2499 4376 corruptum
2533 4297 2773 4378 prodiit,
2812 4315 3028 4359 nomen
3086 4296 3373 4358 hactenus
3422 4294 3797 4374 incognitum

2158 4400 2334 4471 atque
2358 4389 2793 4468 incompertum
2822 4386 3167 4467 fuerit,quia
3198 4394 3395 4447 tamen
3424 4384 3569 4445 illud
3596 4386 3799 4447 Graece

2160 4480 2413 4561 primurn
2445 4476 2945 4557 composuit,eum
2973 4478 3241 4537 Graecum
3269 4473 3588 4554 quemdam
3613 4474 3798 4535 homi-

2160 4586 2294 4629 nem
2323 4566 2504 4628 fuisse
2529 4583 2667 4625 vero
2691 4574 2850 4625 certe
2877 4573 2967 4626 est
3011 4581 3287 4645 perquam
3316 4561 3711 4623 simillimum.
3748 4564 3797 4645 Is

2160 4676 2333 4738 porro
2364 4654 2717 4717 dialecticus
2766 4652 2873 4714 fuit
2925 4653 3379 4734 disputatorque
3442 4651 3792 4727 acerrimus,

2153 4747 2253 4827 qui
2284 4745 2476 4805 varias
2501 4742 2997 4824 philosophorum
3028 4740 3366 4821 opiniones,
3388 4738 3792 4822 astrologiam,

2154 4833 2593 4917 mythologiam,
2620 4850 2830 4894 omnes
2855 4848 3218 4919 paganorum
3246 4827 3476 4919 fabulas
3505 4827 3791 4908 allegori-

2154 4916 2372 5005 casque
2404 4940 2603 4985 earum
2654 4916 3203 5002 interpretationes,
3235 4936 3304 4979 ac
3335 4916 3525 5007 varias
3556 4918 3787 4980 tandem

2152 5015 2449 5077 variorum
2483 5011 2833 5093 populorum
2862 5007 3786 5085 leges,mores,consuetudines-

2150 5124 2265 5187 que
2297 5102 2565 5185 apprime
2619 5101 2895 5164 callebat.
2930 5099 3046 5162 Sed
3107 5098 3209 5160 ille
3259 5096 3675 5187 hatreticorum
3723 5115 3789 5158 ac

2150 5186 2447 5277 praecipue
2477 5190 2887 5253 Ebionitarum
2920 5187 3224 5251 erroribus
3246 5186 3490 5277 omnino
3523 5186 3787 5277 addictus

2149 5274 2295 5358 erat,
2321 5290 2496 5362 atque
2535 5299 2638 5342 eos
2672 5280 2729 5340 in
2773 5274 3434 5341 suislucubrationibus
3467 5274 3697 5337 facilius
3729 5282 3786 5335 ut

2150 5373 2516 5455 propinaret,
2544 5370 2783 5432 easdem
2822 5367 3086 5432 ementio
3113 5364 3457 5455 Clementis,
3486 5365 3780 5455 apostolo-

2149 5453 2276 5525 rum
2311 5457 2610 5539 discipuli,
2648 5477 2858 5541 magno
2905 5457 3146 5519 nomine
3179 5454 3426 5521 inscribi
3460 5453 3664 5516 voluit.
