4042 6218
252 297 406 362 1185

1344 294 1979 361 RECOGNITIONES.
2033 330 2100 340 -
2148 293 2542 359 PROCEMIA.

3468 295 3623 358 1186

334 432 603 513 Denique
632 450 752 512 quo
786 439 1057 513 tempore
1081 431 1325 494 eosdem
1358 430 1495 492 illos
1517 431 1702 494 libros
1722 430 1889 494 inlu-
1910 440 1947 490 Α
1973 427 2045 488 iis
2070 427 2169 507 qui
2199 427 2332 489 illos
2364 427 2642 501 citarunt,
2667 427 2812 486 varii
2862 427 3017 487 tituli
3050 429 3455 506 praeﬁguntur.
3486 428 3619 491 Ali-

239 539 372 583 cem
405 522 536 601 ipse
569 520 860 594 emiserit,
896 521 1069 601 paulo
1114 520 1436 602 proclivius
1482 530 1571 583 est
1621 521 1873 583 deﬁnire

236 609 465 673 Verum
500 613 806 673 enimvero
834 629 968 672 cum
996 611 1295 688 Origenes
1349 626 1469 673 non
1518 610 1710 672 solum
1763 610 1899 673 illos

242 700 543 775 citaverit,
577 698 681 761 sed
715 699 955 780 longum
998 701 1173 763 etiam
1203 720 1272 763 ex
1334 700 1408 762 iis
1459 700 1899 781 transeripserit

242 790 669 869 fragmentum,
704 798 935 852 constat
960 790 1206 852 eosdem
1268 791 1527 871 Origene
1580 792 1731 871 ipso,
1766 804 1899 854 esse

242 880 643 961 antiquiores.
674 878 804 941 Non
838 890 1064 942 temere
1088 881 1267 959 igitur
1294 879 1378 941 illi
1405 880 1669 943 secundo
1700 880 1902 942 Eccle-

248 967 357 1029 sia;
385 969 602 1030 saeculo
633 968 695 1030 in
742 969 954 1048 vulgus
1012 969 1311 1050 prodiisse'
1364 968 1667 1032 dicuntur.
1720 968 1897 1041 Quod

250 1057 494 1138 quidem
528 1058 669 1121 inde
697 1076 905 1120 rursus
934 1058 1284 1122 conﬁrmari
1315 1066 1531 1140 potest,
1557 1058 1711 1139 quod
1748 1061 1895 1120 Bar-

252 1147 511 1209 desanes
551 1146 731 1228 Syrus
782 1148 941 1210 aliud
991 1167 1251 1231 quoque,
1285 1148 1377 1211 uti
1425 1148 1703 1225 diximus,
1738 1149 1897 1228 fragé

250 1247 520 1298 mentum
553 1257 671 1299 non
717 1239 911 1300 minus
960 1238 1361 1320 prolixum,in
1413 1257 1584 1300 suum
1615 1238 1897 1300 adversus

246 1327 616 1389 Marcionem
661 1328 883 1391 librum
938 1328 1258 1391 transtulit.
1322 1326 1466 1390 Nam
1525 1328 1895 1389 Bardesanes

240 1416 349 1477 ille
381 1416 541 1480 hunc
568 1418 846 1480 eumdem
880 1418 1098 1480 librum
1132 1415 1241 1479 sub
1273 1416 1501 1480 Soteris
1523 1417 1889 1499 pontificatu,

239 1505 421 1585 paulo
452 1514 583 1586 post
606 1507 938 1569 secundum
984 1506 1266 1569 saeculum
1319 1507 1584 1568 medium
1634 1506 1894 1568 Antonio

236 1596 593 1675 imperatori
624 1599 1007 1677 nuncupavit.
1039 1596 1170 1660 Jam
1197 1615 1341 1676 ergo
1366 1595 1696 1677 pervulgati
1725 1604 1897 1657 erant

235 1683 335 1746 illi
361 1686 860 1766 Recognititmum
883 1686 1391 1750 Clementinarum
1424 1685 1586 1748 libri.

776 1774 1204 1841 ARTICULUS
1248 1774 1373 1839 VII.

242 1863 414 1929 Nam
437 1865 504 1928 hi
528 1865 680 1929 tibri
696 1864 777 1928 ad
798 1866 1149 1947 nos,quales
1166 1868 1242 1929 ab
1260 1875 1504 1929 auctore
1525 1864 1895 1946 prodierunt

330 1954 718 2030 pervenerint
744 1965 764 2021 ;
788 1964 873 2011 iac
897 1949 972 2011 de
1016 1964 1230 2011 eorum
1282 1948 1576 2021 utilitate,
1610 1947 1814 2011 titulis
1841 1954 1896 2009 et

329 2027 720 2092 editionibus.

330 2119 627 2182 Ceterum
650 2119 709 2181 hi
733 2116 1210 2199 libri,qnamtum
1220 2116 1309 2179 vis
1325 2116 1649 2179 adulterinl
1669 2117 1896 2180 fuerint

241 2216 304 2270 et
339 2207 635 2289 corrupti,
661 2207 736 2269 ad
785 2225 899 2269 nos
941 2214 1139 2270 tamen
1172 2207 1376 2289 quales
1404 2206 1477 2269 ab
1508 2215 1753 2269 auctore
1781 2224 1891 2269 suo

1982 518 2217 597 quando
2246 517 2404 580 enim
2442 516 2765 579 Clementis
2792 515 3168 595 Recognitio,
3205 518 3290 578 vel
3322 516 3624 599 Recogni-

1988 610 2201 678 tiones,
2242 607 2559 667 Clementis
2604 606 3033 673 ltinerarium.
3074 606 3229 665 liber
3262 606 3626 669 ltinerarius

1986 694 2365 757 Prwdz'catio.
2380 744 2387 751 .
2403 697 2452 754 is
2472 696 2640 756 Petri
2649 695 2996 774 ,Ctementis
3016 694 3303 772 gesta,vel
3324 696 3618 774 Historia,

1984 793 2086 845 aut
2118 785 2439 852 Chronica,
2471 783 2558 845 vel
2596 784 2910 854 Narratio,
2932 781 3249 858 aliquando
3281 800 3420 842 vero
3460 785 3621 844 Petri

1989 873 2348 947 Parim/ch!
2388 872 2817 945 (.‘irmitus,vel
2850 873 3280 945 Itinerurium,
3308 871 3398 932 vel
3432 874 3618 935 Actus

1980 962 2379 1042 appellantur.
2415 961 2460 1022 Ii
2494 980 2670 1041 porro
2714 978 2781 1023 ex
2833 961 3068 1021 duobus
3101 979 3244 1024 mss.
3277 979 3413 1022 cum
3448 963 3625 1023 variis

1980 1069 2342 1111 summorum
2378 1051 2768 1131 quorumdam
2805 1052 3147 1130 pontificum
3183 1051 3476 1130 epistolis.
3513 1072 3620 1112 cu-

1978 1148 2145 1200 rante
2163 1139 2393 1203 Joanne
2417 1141 2725 1211 Sichartlo,
2752 1157 2907 1201 anno
2931 1140 3085 1201 1526
3113 1140 3265 1220 typis
3288 1141 3431 1203 editi
3456 1155 3615 1203 snnt.

1979 1228 2185 1289 Postea
2228 1229 2574 1289 Lambertus
2630 1228 2925 1291 Gruterus
2982 1226 3314 1290 Venradius
3374 1232 3616 1291 eosdem

1940 1336 2188 1378 rursus
2232 1317 2379 1397 typis
2437 1318 2694 1389 excudit,
2728 1326 2907 1396 atque
2966 1317 3025 1377 in
3085 1318 3172 1377 eis
3225 1318 3493 1398 quaedam
3558 1337 3623 1380 se

1981 1408 2329 1467 emendasse
2360 1406 2634 1466 afﬁrmat.
2672 1407 2889 1466 Verum
2915 1424 3048 1466 cum
3075 1406 3175 1468 ille
3195 1407 3301 1468 has
3332 1410 3621 1469 emenda-

1980 1496 2171 1556 tiones
2208 1514 2323 1556 non
2359 1513 2425 1556 ex
2462 1495 2885 1574 manuscriptis
2934 1513 2997 1556 se
3056 1495 3329 1557 hausisse
3378 1497 3619 1567 dixerit,
3711 1510 3721 1519 '

1979 1603 2081 1645 eas
2117 1592 2245 1645 suis
2276 1587 2557 1645 duntaxat
2584 1584 2946 1665 conjecturis
2980 1585 3217 1646 videtur
3244 1585 3427 1648 fuisse
3456 1604 3622 1648 asse-

1979 1684 2171 1735 cutus.
2211 1672 2289 1734 Ex
2324 1676 2432 1735 hac
2467 1684 2659 1735 tamen
2693 1674 2955 1736 editione
2980 1674 3041 1735 in
3071 1674 3443 1738 Bibliotheca
3462 1676 3623 1757 Lug-

1979 1766 2234 1827 dunensi
2259 1765 2317 1824 hi
2347 1764 2482 1823 libri
2514 1782 2722 1825 rursus
2752 1764 2957 1825 emissi
2989 1773 3126 1824 sunt
3151 1765 3207 1825 in
3252 1767 3467 1829 lucem.
3503 1768 3619 1829 Co-

1981 1854 2221 1915 telerius
2240 1863 2435 1914 autem
2462 1852 2594 1914 illos
2619 1871 2757 1914 cum
2777 1853 3064 1933 Operibus
3085 1852 3458 1934 Patrum,qui
3475 1863 3625 1919 tem-

1981 1942 2224 2023 poribus
2282 1941 2626 2021 apostolicis
2676 1942 3031 2011 ﬂoruerunt,
3074 1942 3365 2023 publicari
3416 1947 3619 2023 voluit,

1979 2034 2250 2113 hancque
2282 2030 2606 2094 editionem
2636 2048 2752 2111 ope
2796 2050 2895 2093 sex
2954 2050 3094 2092 mss.
3145 2032 3444 2110 codicum,
3474 2036 3620 2098 Sor-

1978 2120 2149 2183 bona:
2174 2120 2482 2198 nimirum,
2508 2117 2816 2197 Thuaneo,
2845 2119 3009 2184 Petri
3039 2120 3394 2200 Candelerii,
3416 2122 3617 2207 Regis,
3696 2176 3697 2181 η

1975 2213 2137 2276 Petri
2172 2211 2369 2286 Petiti,
2406 2219 2466 2272 et
2517 2210 2967 2274 Carmelitarum
3008 2212 3508 2276 Discalceatorum
3554 2234 3621 2281 se

236 2297 450 2379 scripti
468 2296 700 2360 fuerant
721 2315 842 2359 non
866 2296 1386 2378 pervenere.Nulli
1406 2296 1705 2377 siquidem
1730 2314 1891 2359 nunc
1970 2302 2295 2363 adornasse
2328 2300 2696 2362 testiﬁcatur.
2733 2301 2934 2363 Alium
2980 2310 3268 2381 prmterea
3316 2302 3612 2380 codicem,

238 2396 567 2450 occurrunt
588 2406 797 2450 eorum
814 2386 1006 2451 Graci
1033 2387 1275 2450 codices
1304 2387 1714 2469 manuscripti,
1739 2405 1889 2468 quos
1970 2400 2108 2454 ante
2138 2409 2330 2452 annos
2359 2390 2809 2471 quadringintos
2829 2400 3235 2468 exaratum,ex
3262 2390 3620 2456 bibliotheca

241 2496 358 2571 suo
381 2485 655 2571 tempore
675 2480 1025 2571 frequentes
1042 2476 1230 2571 fuisse
1253 2476 1501 2571 Ruﬁnus
1524 2477 1892 2571 Ifhotiusque
1971 2479 2311 2543 Colbertina
2344 2478 3032 2571 penes_nos_habuimus_.

243 2558 617 2622 testantur“
640 2580 655 2623 :
677 2557 862 2621 solam
889 2557 1182 2620 habemus
1200 2558 1383 2637 hujus
1401 2558 1601 2638 operis
1619 2557 1891 2621 Latinam
1930 2640 1933 2643 ν
2347 2557 2358 2560 ”
2485 2566 2905 2632 ARTICULUS
2950 2568 3100 2632 Vlll.

251 2648 596 2739 versionem
630 2648 862 2723 Ruﬁni,
889 2648 988 2739 qui
1015 2647 1709 2739 pluresutmonuimm.
1730 2648 1897 2711 10008
1984 2659 2066 2721 De
2093 2662 2287 2721 variis
2316 2664 2381 2719 in
2413 2658 2521 2720 hos
2550 2658 2736 2719 libros
2768 2660 2932 2721 notis
2960 2669 3016 2720 et
3067 2659 3610 2739 observationibus,

244 2755 312 2799 se
361 2738 666 2814 omisisse,
687 2756 801 2801 nec
851 2738 1051 2798 Latine
1080 2736 1335 2800 reddere
1356 2736 1606 2799 voluisse
1636 2738 1898 2818 ingenue
2099 2748 2155 2801 et
2184 2741 2257 2802 de
2278 2741 2427 2802 aliis
2458 2740 2636 2801 libris
2670 2740 2743 2800 ab
2769 2740 2969 2801 eodem
3008 2748 3257 2802 auctore
3282 2742 3487 2806 editis.

248 2828 567 2891 confessus
596 2837 706 2909 est.
732 2827 804 2890 Et
818 2845 884 2890 re
905 2827 1147 2907 quidem
1176 2844 1315 2890 vera
1341 2827 1671 2891 Cotelerius
1704 2830 1762 2889 in
1790 2847 1898 2891 sua
2059 2831 2349 2892 Gruterus
2372 2829 2639 2909 quaedam
2674 2829 2730 2889 in
2765 2829 2871 2890 hos
2901 2829 3087 2890 libros
3140 2830 3329 2891 edidit
3360 2832 3614 2909 scholia,

242 2917 463 2980 horum
488 2916 775 2980 librorum
797 2916 1058 2979 editione
1079 2916 1358 2979 extribus
1382 2916 1890 2999 mss.Sorbonico,
1977 2937 2108 2999 qum
2130 2937 2243 2980 nec
2268 2918 2462 2997 magni
2486 2924 2629 2981 sunt
2651 2918 3080 2999 momenti,nec
3105 2920 3302 2981 multa;
3327 2922 3607 2985 utilitatis.

242 3006 559 3083 Thuaneo,
591 3017 651 3069 et
676 3006 1110 3073 Candeleriano
1156 3006 1421 3070 restituit
1470 3007 1891 3087 fragmentum,
1912 3029 1953 3078 c
1977 3010 2050 3070 At
2073 3008 2405 3072 Cotelerius
2431 3008 2734 3069 doctiores
2761 3007 3146 3089 utilioresque
3185 3012 3244 3069 in
3292 3010 3401 3073 hos
3430 3012 3617 3073 libros

237 3098 398 3179 quod
426 3096 574 3160 illud
602 3096 797 3178 ipsum
856 3115 995 3160 esse
1037 3104 1225 3178 putat,
1252 3116 1369 3178 quo
1415 3106 1626 3159 auctor
1656 3106 1882 3174 noster,
1976 3099 2215 3179 scripsit
2244 3105 2415 3159 notas
2469 3104 2528 3159 et
2588 3096 3059 3178 observationes,
3093 3097 3307 3179 quibus
3356 3102 3617 3164 auctoris

234 3196 388 3250 teste
420 3187 664 3263 Ruﬁno,
686 3187 761 3250 de
777 3188 1052 3268 ingenito
1075 3187 1197 3249 Deo
1217 3188 1538 3268 genimque
1559 3187 1841 3249 disseruit
1867 3209 1883 3263 ;
1971 3196 2164 3250 textus
2176 3188 2491 3266 corrigitur
2503 3195 2561 3249 et
2578 3187 3102 3251 enodatur.Monet
3115 3200 3311 3251 tamen
3324 3192 3612 3271 majorem

233 3288 425 3355 atque
455 3277 595 3340 ideo
616 3277 775 3359 quod
797 3277 1038 3340 Arianis
1068 3277 1312 3354 faveret,
1336 3280 1413 3339 sb
1436 3277 1649 3339 eodem
1668 3276 1883 3340 Ruﬁno
1967 3276 2458 3355 Recognitionum
2489 3286 2752 3355 partem,
2780 3278 2937 3356 quod
2966 3280 3043 3338 ad
3070 3278 3368 3341 humanas
3413 3284 3617 3361 potius

237 3368 314 3430 de
336 3367 639 3429 industria
668 3366 862 3430 fuerat
885 3370 1370 3448 praetermissum.
1395 3368 1692 3430 Praeterea
1712 3366 1764 3428 si
1793 3368 1899 3429 ei-m
1969 3365 2324 3446 disciplinas
2346 3375 2627 3446 spectent,
2654 3384 2837 3445 quam
2864 3367 2942 3427 ad
2964 3366 3520 3447 theologiam,notis
3542 3373 3613 3432 il-

242 3458 384 3520 dem
412 3456 629 3520 Ruﬁno
667 3457 1002 3537 Photioque
1031 3457 1184 3520 ﬁdes
1226 3456 1532 3533 habeatur,
1558 3456 1620 3518 hi
1649 3456 1786 3519 libri
1813 3456 1887 3518 ab
1974 3455 2295 3518 lustratum
2312 3473 2376 3517 se
2404 3474 2527 3518 non
2551 3459 2754 3519 ivisse.
2791 3457 2921 3518 Non
2961 3474 3173 3536 paucas
3205 3459 3483 3520 tamenin
3517 3479 3615 3522 res

244 3547 645 3611 Eunomiauis
665 3555 725 3610 et
742 3547 1365 3630 Arianis,primigenio
1382 3547 1620 3609 illorum
1644 3556 1903 3609 auctore.
1976 3545 2422 3627 philosophicas
2463 3546 2650 3606 edidit
2673 3546 3240 3611 animadversiones.
3262 3549 3473 3629 Neque
3501 3550 3610 3611 for-

245 3638 432 3717 longe
469 3636 923 3718 posterioribus,
955 3637 1259 3719 depravati
1297 3645 1437 3699 sunt
1466 3646 1525 3700 et
1552 3637 1889 3699 adulterati.
1977 3651 2080 3693 san
2113 3634 2230 3694 alia
2260 3633 2428 3714 plura
2476 3633 2552 3694 ab
2583 3651 2654 3694 eo
2688 3632 3000 3695 observata
3043 3634 3369 3696 lectoribus
3420 3637 3617 3698 minus

324 3726 704 3809 Quapropter
730 3727 1000 3806 quamvis
1029 3727 1215 3790 iidem
1256 3726 1399 3789 libri
1446 3730 1721 3790 maximae
1774 3728 1895 3789 sint
1975 3732 2177 3785 essent
2200 3723 2470 3802 jucunda
2500 3732 2559 3783 et
2604 3722 2794 3803 utilia,
2827 3721 2875 3783 si
2920 3740 2952 3783 a
2996 3725 3299 3805 proposito
3359 3727 3615 3789 auctoris

242 3818 641 3899 antiquitatis,
674 3817 867 3880 cuntis
897 3825 1093 3880 tamen
1135 3817 1657 3899 prudentibnsque
1702 3816 1893 3880 oculis
1975 3821 2133 3874 textu
2164 3813 2357 3874 rarius
2393 3811 2830 3891 digrederetur.

239 3898 485 3989 legendi
517 3916 675 3989 sunt,
710 3907 933 3989 quippe
961 3908 1064 3989 qui
1095 3907 1169 3969 ab
1202 3906 1296 3989 iis
1327 3907 1429 3988 qui
1479 3898 1718 3989 errores
1745 3924 1888 3989 suos
1932 3960 1933 3963 η
2054 3898 2245 3965 Unum
2270 3902 2365 3964 his
2386 3903 2664 3965 omnibus
2686 3901 3052 3977 addendum,
3076 3914 3613 3984 nempeauctorem

239 3926 485 3989 tegendi
517 3926 675 3981 sunt,
710 3926 933 3989 qmppe
1002 3927 1064 3970 ω
1095 3926 1169 3969 an
1219 3926 1296 3968 ns
1327 3926 1429 3988 qm
1479 3926 1718 3970 errores
1745 3926 1888 3969 suos
1932 3960 1933 3963 η
2054 3926 2245 3965 unum
2270 3926 2365 3964 Ius
2386 3926 2664 3965 omnibus
2686 3926 3052 3977 aduenuutn,
3076 3926 3613 3984 nempeaucwrem

232 4008 485 4071 quoquo
506 3987 744 4051 tandem
770 3987 946 4050 modo
961 3926 1883 4064 disseminaretentabantﬁariis
1965 4000 2260 4065 nostrum,
2299 3992 2347 4053 si
2381 3991 2558 4055 ﬁdem
2590 3993 2846 4072 aliquam
2880 4000 3201 4067 mereatur,
3236 3993 3437 4073 plures
3466 3994 3616 4058 alios

233 4078 617 4160 temporibus
691 4078 963 4159 nequiter
1023 4080 1284 4159 corrupti
1338 4076 1580 4140 fuerint.
1634 4079 1884 4139 Possunt
1967 4081 2127 4143 exiis
2151 4099 2284 4162 quae
2316 4099 2349 4143 a
2379 4079 2553 4146 Petro
2586 4082 2862 4143 audierat
2894 4082 3079 4143 libros
3109 4081 3460 4145 confecisse.
3496 4084 3616 4147 Hos

233 4178 440 4233 tamen
460 4164 915 4245 aliquibusmon
944 4166 1191 4235 omnino
1214 4168 1293 4229 im
1303 4166 1880 4248 prodentibus,non-
1913 4238 1950 4253 ﬁ
1969 4179 2168 4232 autem
2196 4169 2298 4231 ille
2319 4185 2599 4233 accurate
2618 4179 2930 4232 enumerat
2954 4170 3085 4251 (lib,
3115 4191 3153 4241 I,
3179 4189 3263 4247 ut,
3290 4172 3369 4253 ν),
3400 4172 3613 4236 librum

237 4258 398 4322 nihil
449 4238 717 4321 utilitatis
769 4238 996 4321 idcirco
1043 4238 1319 4338 adferre,
1338 4257 1497 4338 quod
1537 4238 1890 4321 Christianas
1912 4238 1953 4288 ο
1976 4258 2067 4321 De
2084 4277 2234 4322 vero
2259 4259 2589 4341 Propheta,
2618 4259 2831 4323 librum
2865 4238 3385 4341 ne‘preﬁmzim'zé
3417 4264 3616 4338 net-,9:

236 4349 554 4429 religionis
568 4348 845 4430 apologis
866 4347 987 4411 sint
1014 4355 1078 4410 et
1104 4346 1395 4421 defensio,
1421 4345 1774 4427 quafabula
1789 4364 1895 4426 ps-

240 4435 1535 4519 ganorum,idololatria,cultusquefalsorum
1550 4435 1889 4516 numinum,

240 4537 430 4608 atque
455 4545 665 4591 eorum
682 4527 787 4606 qui
806 4527 982 4591 astris
1000 4525 1391 4589 influentibus
1409 4524 1648 4589 fatalem
1663 4524 1890 4587 homini

244 4618 671 4682 necessitatem
699 4617 925 4698 imponi
948 4616 1184 4700 dicunt,
1206 4633 1444 4679 errores
1464 4614 1891 4696 impugnantur

243 4719 306 4772 et
336 4708 751 4772 destruantur.
777 4708 917 4771 Nec.
932 4698 1111 4773 etiam
1133 4698 1377 4779 inutiles
1398 4702 1643 4779 omnino
1664 4703 1736 4766 iis
1755 4720 1891 4766 esse

237 4804 530 4879 poterunt
559 4796 663 4878 qui
690 4797 882 4859 varias
909 4774 1398 4880 philosoplioriim
1426 4774 1762 4876 opiniones,
1796 4811 1890 4855 va-

235 4888 366 4950 rios
395 4887 771 4949 diversorum
801 4886 1152 4969 populorum
1176 4902 1374 4948 mores
1397 4882 1891 4947 consuetudines-

240 4995 360 5058 que
421 4985 604 5058 atque
664 4976 1016 5057 allegoricas
1071 4972 1431 5049 fabularum
1465 4972 1889 5053 explicationes

236 5066 541 5130 voluerint
565 5064 899 5131 addiscere.

322 5155 733 5235 Hislibrispt
778 5155 869 5234 in,
893 5152 1315 5239 manuscript:
1357 5150 1690 5231 codicibus,
1725 5159 1786 5215 et
1812 5151 1888 5217 ab

327 5380 383 5429 θ
412 5384 481 5448 In
510 5382 806 5450 Biblioth.
838 5382 971 5447 cod.
1008 5388 1123 5447 112
1142 5392 1204 5449 et
1230 5384 1371 5451 113.

1974 4349 2183 4412 decem
2204 4351 2354 4413 alios
2373 4351 2450 4413 ab
2473 4350 2676 4431 editis,
2699 4350 3198 4429 Recoynitt'onum
3226 4350 3436 4428 fibras,
3471 4372 3619 4434 quo-7

1976 4456 2107 4500 rum
2132 4440 2362 4520 singula
2376 4441 2594 4519 promit
2613 4440 3140 4521 argumentazalios
3160 4451 3356 4504 autem
3380 4442 3615 4507 libellos

1975 4546 2046 4590 ex
2078 4528 2240 4592 Petri
2260 4530 2343 4592 ad
2376 4530 2812 4612 discipulorum
2852 4548 3093 4593 suorum
3125 4530 3482 4612 interrogata
3509 4552 3613 4597 re-

1974 4622 2209 4698 sponsis
2228 4619 2590 4701 compositas
2635 4619 2843 4684 Utrum
2868 4628 3065 4684 tamen
3092 4621 3153 4683 hi
3175 4620 3315 4684 libri
3336 4622 3398 4686 in
3415 4623 3612 4686 lucem

1972 4706 2292 4789 aliquando
2319 4709 2525 4771 emissi
2580 4709 2801 4772 fuerint
2855 4711 2947 4773 vel
3009 4729 3156 4772 vana
3206 4714 3612 4777 tantummodo

1974 4797 2279 4859 mendacis
2293 4797 2599 4879 scriptoris
2630 4800 3023 4863 ostentatione
3047 4800 3179 4862 ﬁcte
3201 4800 3612 4885 fallaciterque

1971 4885 2373 4963 venditentur,
2398 4888 2460 4948 in
2485 4888 2727 4950 dubium
2756 4890 2968 4950 merito
3000 4891 3267 4953 revovari
3291 4898 3508 4971 potest.
3536 4894 3612 4955 At

1971 4975 2023 5037 si
2045 4974 2364 5057 aliquando
2387 4977 2735 5057 prodierunt
2754 4977 2817 5039 in
2836 4978 3166 5059 publicum,
3191 4980 3250 5041 hi
3276 4999 3393 5043 non
3418 4982 3614 5046 minus

1970 5083 2147 5155 quam
2178 5066 2265 5126 illi
2297 5066 2372 5128 de
2399 5066 2616 5147 quibus
2671 5068 2959 5130 hactenus
2987 5069 3433 5150 disputavimus,
3466 5092 3609 5155 sup-

1972 5154 2154 5235 positi
2184 5163 2323 5219 sunt
2351 5161 2411 5218 et
2435 5156 2782 5222 adulterini.
2912 5216 2919 5225 ,
3112 5176 3143 5216 -·
3216 5164 3217 5169 ‘
