4054 6214
228 307 387 374 1%09
1450 312 1898 379 RECOGNITIC

1987 310 2085 377 UH
2132 316 2278 378 LIB.
2330 317 2379 377 Ι.
3452 316 3609 385 1210

226 449 518 523 vixero,et
532 447 865 519 secundum
883 448 1307 516 nonnullorum
1329 452 1661 517 sententias
1685 449 1870 533 philo-
1893 451 1935 505 A
1957 447 2067 511 sim
2105 447 2167 511 in
2198 449 2452 530 imperio
2482 448 2709 514 Tiberii
2739 450 3006 529 Caesaris,
3042 454 3213 516 initio
3240 473 3310 518 ex
3340 454 3610 520 Orientis

226 539 578 621 sophorum,
612 536 1157 621 Pyriphlegethonti
1187 540 1364 604 ﬂuvio
1395 540 1485 603 vel
1513 541 1783 622 Tartaro,
1817 546 1882 602 ut
1966 537 2231 617 partibus
2260 548 2520 620 sumpto,
2550 542 2816 621 pervenit
2846 541 2919 604 ad
2952 561 3083 624 nos,
3118 552 3177 605 et
3219 562 3326 625 per
3377 545 3611 624 singula

229 628 522 710 Sisyphus
544 636 602 691 et
629 628 849 709 Tityus,
883 636 942 690 et
964 638 1027 691 ut
1053 628 1219 691 Ixion
1252 648 1321 692 ac
1373 629 1656 695 Tantalus
1713 640 1883 694 aiter-
1966 628 2415 709 convalescens,
2447 630 2661 692 veluta
2694 630 2816 694 Deo
2849 631 3041 694 bonus
3096 633 3336 715 quidam
3369 635 3611 697 nuntius

232 720 325 781 nis
351 718 410 780 in
443 717 679 782 inferno
699 717 1008 800 suppliciis
1027 719 1245 782 tradar.
1270 718 1343 782 Et
1364 737 1576 783 rursus
1599 722 1744 784 mihi
1767 722 1883 801 ipsi
1969 715 2212 798 missus,
2230 718 2569 782 universum
2591 720 2863 801 replebat
2890 720 3122 802 orbem,
3149 739 3260 784 nec
3279 721 3612 802 patiebatur

229 807 667 889 respondebam
702 826 716 872 :
752 810 866 872 Sed
890 808 1016 875 hac
1060 809 1274 873 fabula;
1320 818 1481 886 sunt,
1531 823 1635 875 nni
1692 812 1743 874 si
1800 812 1882 875 ita
1966 804 2226 869 divinam
2247 809 2607 872 voluntatem
2631 809 2870 872 silentio
2887 810 3000 889 tegi
3021 809 3615 890 (7).Difl’undebatur

233 906 346 974 est,
371 896 432 958 in
460 896 639 959 rebus
661 896 859 960 dubiis
890 904 1128 981 praestat
1154 898 1251 980 pie
1266 899 1487 964 vivere.
1522 900 1640 965 Sed
1661 901 1879 964 iterum
1962 911 2104 984 ergo
2137 914 2244 976 per
2271 897 2507 976 singula
2535 898 2688 979 loca,
2714 900 3094 976 annuntians,
3122 901 3280 982 quod
3303 909 3461 964 esset
3481 901 3617 984 qui-

232 985 585 1068 repntabam
619 1006 879 1064 mecum,
913 988 1212 1070 quomodo
1237 1007 1471 1069 possem
1505 989 1618 1054 sub
1650 991 1879 1055 incerto
1963 983 2100 1046 dam
2128 986 2187 1046 in
2218 985 2444 1060 Iudaea,
2479 988 2584 1064 qui
2615 998 2853 1069 sumpto
2887 1008 2922 1051 a
2955 997 3228 1071 tempore
3250 991 3414 1054 veris
3432 983 3612 1054 exer-

227 1077 477 1157 jnstitiae
498 1076 767 1159 praemio,
796 1095 831 1139 a
858 1077 1083 1160 peccati
1117 1097 1211 1140 me
1243 1078 1490 1142 libidine
1519 1082 1827 1145 continere
1850 1081 1881 1142 ?
1965 1073 2065 1136 dio
2082 1075 2183 1155 (8),
2204 1092 2450 1156 regnum
2466 1076 2570 1141 Dei
2595 1078 3461 1159 evangelizaretJndaeis.idque
3479 1100 3617 1163 per-

233 1167 491 1229 Maxime
519 1185 657 1228 cum
685 1167 884 1240 etiam,
908 1186 1044 1245 quae
1074 1168 1153 1231 sit
1181 1168 1314 1249 ipsa
1336 1168 1744 1252 justitia,qum
1763 1174 1888 1236 Deo

234 1257 489 1337 placeat,
521 1256 677 1335 apud
709 1274 804 1319 me
831 1256 1123 1318 habeatur
1152 1258 1474 1335 incertum,
1516 1266 1578 1322 et
1611 1278 1810 1342 neque
1839 1260 1890 1323 si

233 1343 589 1409 immortalis
616 1345 694 1408 sit
721 1344 944 1421 anima,
975 1365 1043 1409 ac
1074 1346 1173 1428 sit,
1205 1367 1338 1429 quae
1383 1349 1611 1428 aliquid
1644 1368 1890 1432 sperare

234 1440 445 1518 possit,
479 1453 820 1514 agnoscam,
873 1454 1069 1517 neque
1098 1437 1241 1515 quid
1295 1438 1447 1503 certi
1494 1438 1759 1503 futurum
1814 1440 1891 1503 sit

234 1526 529 1590 noverim.
560 1523 685 1589 Nec
718 1533 913 1589 tamen
971 1528 1286 1607 quiescere
1343 1529 1417 1592 ab
1476 1530 1890 1611 hujuscemodi

236 1614 700 1695 cogitationibus
723 1632 989 1696 possum.

317 1706 392 1770 V.
426 1703 576 1779 Quid
618 1705 794 1786 Igitur
822 1706 1032 1770 faciam
1055 1707 1087 1769 ?
1112 1708 1433 1791 Egyptum
1458 1718 1680 1790 petam,
1711 1719 1893 1791 atque

1972 1172 2250 1244 cepturos
2294 1165 2519 1229 diceret
2552 1184 2679 1249 eos,
2710 1168 2816 1245 qui
2838 1169 3260 1234 mandatorum
3291 1188 3532 1233 suorum
3556 1179 3615 1234 et

1972 1251 2258 1315 doctrinae
2276 1253 2547 1318 instituta
2574 1267 2930 1321 servassent.
2952 1257 3239 1322 Utautem
3262 1278 3464 1323 sermo
3484 1260 3616 1340 ejus

1972 1341 2090 1430 ﬁde
2118 1341 2353 1422 dignus,
2388 1362 2456 1407 ac
2488 1346 2818 1410 divinitatis
2848 1348 3060 1427 plenus
3085 1368 3219 1412 esse
3240 1350 3612 1430 crederetur,

1972 1429 2219 1520 virtutes
2263 1432 2500 1516 multas,
2537 1444 2598 1498 et
2620 1435 2788 1513 signa
2816 1455 2885 1500 ac
2911 1438 3176 1520 prodigia
3196 1440 3348 1502 mira
3377 1429 3620 1502 efﬁcere

1963 1519 2241 1600 jnssioue
2270 1522 2398 1585 sola
2419 1522 2753 1602 dicebatur,
2782 1526 2864 1589 ita
2885 1536 2969 1602 ut,
2998 1536 3277 1611 tanquam
3301 1547 3335 1591 a
3357 1528 3480 1592 Deo
3513 1546 3621 1610 po-

1975 1618 2243 1673 testatem
2264 1612 2511 1687 habens,
2528 1614 2745 1677 surdos
2765 1614 2988 1679 faceret
3005 1618 3217 1681 audire
3237 1626 3297 1680 et
3316 1637 3503 1681 caseos
3522 1617 3617 1679 vi-

1976 1699 2145 1776 dere,
2177 1701 2422 1765 claudos
2451 1703 2733 1786 erigeret,
2757 1713 2936 1784 atque
2954 1726 3191 1770 omnem
3212 1707 3617 1770 infirmitatem

236 1794 322 1857 ibi
354 1793 766 1876 bierophantis
788 1797 878 1860 vel
915 1798 1223 1880 prophetis
1254 1797 1360 1876 qni
1392 1797 1582 1881 adytis
1606 1806 1888 1880 prmsunt,
1914 1816 1953 1866 Β
1974 1800 2339 1881 cunctosque
2362 1793 2666 1881 (immanes
2692 1813 2761 1857 ex
2793 1795 3138 1860 hominibus
3168 1798 3475 1878 eﬂ‘ugaret,
3508 1796 3617 1859 sed
3658 1800 3661 1805 ‘

235 1886 462 1949 amicus
480 1884 726 1963 efﬁciar,
752 1887 1079 1968 etpecunia
1100 1888 1173 1951 ab
1192 1889 1281 1951 eis
1307 1887 1619 1951 invitatum
1646 1907 1892 1971 magum

237 1974 549 2057 precabor,
588 1984 652 2037 ut
682 1976 893 2040 educat
924 1977 1071 2041 mihi
1096 1978 1356 2041 animam
1383 1976 1460 2042 de
1488 1978 1770 2060 infernis,
1791 1997 1897 2060 per

239 2083 371 2128 eam
405 2082 579 2147 quam
613 2069 1080 2130 necromantiam
1111 2076 1343 2145 vocant,
1382 2074 1661 2150 tanquam
1691 2069 1768 2132 de
1788 2069 1897 2132 ali-

239 2174 357 2237 quo
388 2158 624 2235 negotio
639 2157 958 2220 consulere
980 2158 1271 2240 cupienti.
1299 2158 1446 2222 Mihi
1468 2177 1607 2220 vero
1630 2158 1761 2222 haec
1782 2158 1897 2222 erit

236 2246 592 2308 consultatio
628 2264 641 2310 :
678 2246 727 2307 si
748 2246 1104 2310 immortalis
1125 2254 1215 2311 est
1244 2247 1466 2310 anima.
1490 2245 1769 2311 Probatio
1791 2266 1895 2311 au-

236 2343 357 2396 tem
386 2335 622 2411 animai,
656 2337 811 2419 quod
834 2338 1190 2401 immortalis
1214 2337 1313 2410 sit,
1348 2356 1467 2400 non
1498 2355 1569 2401 ex
1619 2356 1689 2401 eo
1737 2337 1894 2419 quod

238 2427 526 2509 loquitur,
557 2424 671 2488 erit
693 2425 840 2488 mihi
869 2434 1055 2499 certa,
1087 2428 1173 2489 vel
1202 2446 1272 2490 ex
1296 2444 1368 2490 eo
1385 2426 1543 2509 quod
1561 2427 1768 2499 audio,
1790 2426 1894 2489 sed

240 2537 311 2581 ex
343 2536 415 2579 eo
448 2515 602 2597 quod
619 2514 791 2577 video
819 2537 837 2592 ;
869 2517 1131 2579 utoculis
1154 2517 1304 2579 meis
1326 2535 1583 2580 cernens
1604 2533 1899 2588 eam,cer-

240 2606 530 2669 tissimam
562 2604 637 2667 de
666 2604 895 2686 reliquo
912 2604 1376 2668 immortalitatis
1391 2606 1523 2685 ejus
1539 2604 1894 2668 sententiam

242 2706 507 2759 teneam.
540 2696 752 2773 Neque
782 2694 943 2755 enim
969 2695 1122 2756 ultra
1150 2694 1367 2775 poterit
1385 2694 1692 2757 veritatem
1713 2694 1893 2775 visus,

242 2784 565 2848 verborum
597 2780 827 2845 fallacia
852 2790 910 2845 et
939 2783 1164 2845 auditio
1200 2783 1428 2845 incerta
1468 2781 1736 2844 turbare.
1770 2784 1897 2843 Ve-

242 2884 579 2938 rumtamen
596 2872 746 2935 hanc
766 2873 954 2953 ipsam
990 2872 1480 2935 deliberationem
1508 2889 1698 2933 meam
1722 2872 1897 2953 retuli

243 2964 319 3026 ad
353 2960 670 3045 quemdam
694 2952 1044 3023 familiarem
1081 2979 1279 3023 meum
1316 2960 1760 3041 philosOphum,
1796 2952 1899 3039 qui

247 3052 394 3114 mihi
426 3049 739 3113 consilium
766 3050 951 3123 dedit,
990 3067 1065 3112 ne
1092 3049 1204 3112 hoc
1224 3048 1421 3111 facere
1446 3047 1898 3112 auderem.Sive

1976 1890 2036 1945 et
2067 1880 2297 1944 oblatos
2326 1880 2440 1943 sibi
2456 1886 3069 1961 mortuosauscitaret,
3092 1888 3360 1970 leprosos
3380 1903 3620 1969 quoque

1975 1971 2215 2034 eminus
2235 1971 2449 2035 videns
2480 1983 2739 2051 curaret,
2764 1985 2823 2038 et
2839 1976 2987 2038 nihil
3010 1977 3253 2039 omnino
3277 1974 3620 2058 esset,qnod

1976 2062 2030 2124 ei
2056 2060 2427 2143 impossibile
2443 2061 2912 2129 videreturJiaec
2931 2076 2992 2128 et
3011 2066 3218 2129 horum
3238 2066 3457 2128 similia
3479 2083 3621 2147 pro-

1977 2169 2148 2214 cessu
2183 2152 2492 2233 temporis,
2545 2154 2775 2217 crebris
2795 2155 2923 2234 jam
2955 2175 3074 2219 non
3124 2155 3486 2237 rumoribus,
3516 2156 3623 2218 sed

1979 2239 2316 2303 manifestis
2328 2242 2771 2323 quodammodo
2785 2246 3228 2309 adventantium
3248 2265 3325 2317 ex,
3342 2246 3461 2307 illis
3480 2263 3621 2327 par-

1980 2329 2137 2392 tibus
2181 2332 2402 2394 nuntiis
2435 2332 2846 2412 ﬁrmabantur,
2883 2343 2941 2397 et
2986 2335 3115 2417 ipsa
3162 2336 3285 2415 jam
3338 2352 3445 2415 per
3498 2334 3624 2396 dies

1979 2419 2249 2497 singulos
2278 2421 2364 2482 rei
2394 2421 2613 2484 veritas
2646 2424 3006 2503 patescebat.

2063 2508 2184 2572 VII.
2213 2510 2484 2592 Denique
2517 2512 2575 2573 in
2610 2514 2757 2575 urbe
2781 2532 2888 2595 per
2909 2515 3038 2577 loca
3056 2523 3385 2577 conventus
3414 2513 3543 2575 ﬁeri
3566 2522 3629 2575 et

1984 2602 2055 2663 de
2078 2602 2191 2663 hoc
2218 2618 2500 2663 sermone
2528 2604 2790 2679 tractari,
2824 2606 3086 2684 atquein
3118 2603 3510 2666 admiratione
3529 2621 3629 2665 res

1980 2689 2189 2753 haberi
2222 2690 2420 2771 coepit,
2458 2691 2731 2757 quisnam
2764 2695 2813 2755 is
2835 2697 3120 2776 esset,qni
3148 2693 3629 2774 apparuerit,vel

1980 2780 2119 2863 quid
2154 2779 2346 2842 nuntii
2367 2799 2403 2842 a
2431 2779 2553 2843 Deo
2576 2782 2918 2846 hominibus
2942 2784 3283 2856 detulisset;
3310 2783 3503 2846 donec
3518 2782 3627 2844 sub

1982 2869 2193 2931 eodem
2224 2887 2379 2931 anno
2398 2870 2489 2932 vir
2522 2870 2761 2952 quidam
2791 2882 2986 2935 astans
3015 2875 3075 2935 in
3108 2874 3273 2936 urbis
3305 2874 3435 2935 loco
3467 2872 3631 2935 cele-

1982 2957 2269 3033 berrimo,
2307 2959 2701 3039 proclamaret
2728 2963 2803 3024 ad
2837 2963 3143 3043 populum,
3179 2962 3634 3026 dicens:Audite

1984 3067 2102 3123 me,
2135 3068 2170 3108 ο
2201 3047 2362 3110 cives
2385 3052 2641 3112 Romani
2667 3070 2683 3127 ;
2714 3051 2897 3114 Filius
2923 3052 3031 3115 Dei
3056 3053 3225 3115 adest
3276 3053 3335 3114 in
3370 3051 3634 3131 partibus

244 3142 432 3221 enim,
465 3140 679 3220 inquit,
705 3137 977 3201 evocanti
1001 3157 1169 3218 mago
1196 3156 1314 3199 non
1339 3136 1583 3200 obediat
1604 3137 1897 3213 anima,tu
1917 3144 1959 3195 C
1979 3137 2222 3211 Judaaas,
2256 3143 2615 3219 promittens
2659 3142 2937 3204 omnibus
2960 3142 3293 3205 volentibus
3313 3141 3520 3204 audire
3541 3160 3631 3214 se,

246 3240 378 3311 post
407 3230 533 3291 haec
558 3237 835 3308 tanquam
885 3226 1029 3289 nihil
1062 3245 1193 3289 esse
1226 3236 1440 3306 putans
1468 3234 1598 3307 post
1621 3235 1895 3306 mortem,

245 3318 684 3400 desperabilius
729 3317 909 3393 vives,
940 3316 1160 3398 quippe
1181 3316 1367 3398 quiet
1396 3315 1603 3378 illicita
1630 3325 1898 3379 tentave-

244 3410 351 3472 ris.
388 3405 450 3471 Si
479 3425 618 3469 vero
650 3414 710 3469 et
737 3405 963 3483 aliquid
996 3407 1075 3468 ibi
1098 3406 1308 3468 videre
1338 3404 1447 3466 tibi
1480 3405 1635 3466 visus
1688 3405 1898 3479 fueris,

245 3514 380 3578 qua
405 3496 511 3558 tibi
536 3495 880 3575 religio,aut
900 3514 1035 3574 quae
1057 3496 1243 3576 pietas
1273 3511 1347 3556 ex
1384 3494 1606 3557 illicitis
1635 3495 1903 3557 tradetur

248 3595 307 3648 et
337 3585 535 3665 impiis
565 3591 593 3646 ?
624 3582 879 3646 Exosum
914 3602 1169 3664 namque
1192 3583 1493 3647 Divinitati
1520 3583 1901 3663 hujuscemo-

248 3676 307 3739 di
342 3674 645 3753 negotium
676 3673 898 3747 ferunt,
953 3683 1010 3736 et
1039 3673 1343 3735 adversari
1400 3673 1585 3735 Deum
1654 3674 1744 3735 his
1795 3672 1898 3752 qui

245 3765 478 3828 animas
509 3770 640 3843 post
667 3762 1101 3825 absolutionem
1133 3781 1451 3842 c0rporum
1484 3772 1714 3823 vexant.
1777 3760 1899 3840 Ego

250 3873 409 3929 vero,
448 3852 542 3914 his
572 3852 813 3927 auditis,
849 3853 1067 3933 pigrior
1092 3851 1332 3933 quidem
1360 3869 1491 3914 sum
1533 3850 1802 3913 redditus
1823 3852 1895 3911 ad

248 3945 361 4008 hoc
393 3942 549 4023 quod
586 3941 894 4024 parabam,
932 3961 1043 4003 nec
1068 3952 1264 4003 tamen
1326 3958 1753 4021 usquequaque
1805 3958 1908 4011 aut

247 4030 615 4095 desiderium
642 4049 868 4111 ponere
899 4040 1190 4112 poteram,
1223 4038 1323 4092 aut
1355 4029 1681 4091 molestiam
1734 4031 1901 4107 cogi-

250 4119 493 4183 tationis
522 4118 808 4200 abjicere.

329 4208 433 4274 Vl.
462 4208 532 4271 Et
558 4227 634 4271 ne
666 4209 841 4287 longa
870 4217 1000 4271 utar
1024 4209 1527 4284 uarratione,cum
1553 4206 1647 4269 his
1670 4226 1779 4287 ego
1798 4227 1905 4269 co-

250 4299 557 4379 gitationis
578 4315 728 4359 meae
746 4297 988 4360 aestibus
1006 4298 1451 4379 agitarer,l‘ama
1471 4296 1739 4380 quaedam
1762 4315 1906 4359 sen-

1982 3228 2156 3289 vitam
2190 3238 2499 3311 aeternam,
2532 3230 2579 3290 si
2602 3234 2735 3311 quis
2757 3238 2953 3295 tamen
2981 3232 3410 3313 (9)secundum
3437 3231 3635 3292 volun-

1982 3322 2165 3377 tatem
2187 3318 2337 3396 ejus,
2364 3334 2397 3381 a
2430 3336 2549 3398 quo
2583 3319 2802 3380 missus
2831 3329 2923 3383 est
2950 3320 3057 3384 Dei
3081 3320 3470 3394 Patris,actus
3493 3334 3633 3384 suos

1984 3402 2285 3466 direxerit.
2301 3404 2718 3487 Propterquod
2742 3408 3157 3471 convertimini
3183 3427 3219 3470 a
3240 3408 3412 3472 malis
3432 3407 3504 3470 ad
3533 3407 3635 3469 bo-

1985 3512 2119 3567 na,a
2138 3495 2565 3574 temporalibus
2581 3498 2651 3558 ad
2685 3500 3262 3577 teterna.Agnoscite
3293 3517 3478 3560 unum
3503 3514 3638 3559 esse

1983 3585 2170 3667 Deum
2204 3584 2656 3667 cceliterraeqne
2675 3588 3058 3661 rectorem,in
3081 3589 3253 3667 cujus
3268 3588 3445 3667 justis
3463 3603 3640 3665 aspe-

1981 3662 2177 3725 ctibus
2208 3682 2309 3725 vos
2342 3662 2871 3744 injusti'mundum
2904 3669 3036 3748 ejus
3066 3662 3375 3730 habitatis.
3411 3662 3551 3730 Sed
3586 3669 3641 3732 si

1979 3754 2392 3817 convertimini
2406 3757 2804 3818 etsecundum
2824 3758 3187 3820 voluntatem
3207 3759 3340 3836 ejus
3358 3754 3635 3836 agitis,ad

1981 3842 2244 3904 futurum
2278 3844 2561 3905 saeculum
2588 3846 2895 3909 venientes
2927 3856 2984 3908 et
3010 3847 3215 3910 aeterni
3241 3844 3639 3926 etlecti,inel'—

1987 3931 2266 3995 fabilibus
2297 3932 2428 4012 ejus
2464 3932 2636 3996 bonis
2665 3954 2734 3997 ac
2766 3937 3029 4016 prtemiis
3054 3936 3466 4017 perfruamini.
3498 3934 3642 3997 Erat

1988 4030 2183 4083 autem
2215 4021 2304 4083 vir
2334 4022 2469 4097 iste,
2501 4024 2604 4104 qui
2628 4025 2751 4087 haec
2774 4026 3127 4107 loquebatur
3155 4026 3228 4088 ad
3252 4026 3643 4106 populum,ex

1988 4110 2252 4176 Orientis
2274 4111 2566 4193 partibus,
2621 4116 2860 4177 natione
2892 4115 3177 4179 Hebraeus
3209 4116 3362 4197 (l0),
3402 4114 3645 4175 nomine

1992 4200 2293 4267 Barnabas
2326 4205 2425 4284 qui
2450 4221 2516 4263 se
2534 4203 2712 4267 etiam
2742 4224 2926 4267 unum
2942 4224 3009 4267 ex
3034 4223 3165 4285 ejus
3187 4203 3495 4281 discipulis
3514 4204 3570 4279 (‘l
3588 4204 3643 4277 t)

1992 4310 2126 4357 esse
2145 4292 2405 4368 dicebat,
2429 4291 2801 4375 missumque
2823 4294 2898 4355 ob
2921 4297 3053 4368 hoc,
3074 4302 3131 4355 ut
3160 4294 3285 4356 haec
3309 4290 3645 4353 volentibus

1573 4429 1981 4498 COTELERII
2026 4428 2279 4497 NOTAE.

337 4569 428 4651 (Ἰ)
464 4567 626 4649 Tagi.
660 4569 726 4631 In
756 4565 1048 4643 Frecnlt‘o,
1117 4577 1346 4650 tegere,
1379 4565 1536 4649 quod
1592 4566 1919 4647 respondet
1941 4573 1981 4624 D
2003 4572 2119 4625 tem
2151 4561 2647 4651 Alesandrinum,
2678 4563 3081 4651 Eusebiumet
3105 4561 3523 4651 Epiphanium.
3551 4560 3648 4624 Sic

248 4654 461 4718 Graeco
492 4653 728 4727 στέγειν,

333 4726 674 4809 (8)8umpto
695 4747 732 4791 α
760 4736 1021 4809 tempore
1044 4733 1204 4809 ueris
1216 4726 1492 4809 etpordig.
1511 4728 1915 4809 Martyrologi-

248 4806 703 4889 umHieronymi
718 4806 1917 4889 dictu'uuzKalendMaii.Initiuniprazdi-

250 4892 521 4958 cationis
532 4888 775 4951 Domini
788 4888 1124 4951 nostrilesu
1151 4889 1381 4951 Christi
1388 4888 1906 4951 .Wandalbertus:

296 4974 503 5065 Maias
518 4968 741 5065 prima!
754 4978 955 5033 sacrat
985 4970 1212 5065 Citristi
1232 4968 1870 5065 ἀορίνὲηρβοζεριάαε.

333 5053 425 5132 (9)
454 5049 689 5131 Siquis
723 5058 946 5130 tamen,
979 5058 1097 5132 etc.
1118 5049 1442 5132 lj‘recull'us:
1465 5050 1534 5113 Si
1553 5052 1659 5128 qui
1682 5057 1908 5132 tamen,

255 5141 317 5196 et
341 5128 720 5195 diremirint.
750 5128 1251 5210 quemadmodum
1313 5131 1373 5190 in
1428 5132 1656 5194 Graeco.
1719 5128 1914 5193 Simili

256 5213 438 5275 modo
473 5218 674 5291 postea
706 5209 782 5291 ac
825 5212 1102 5291 praemiis
1143 5210 1315 5291 abest
1369 5209 1722 5291 arFrecult‘o
1774 5216 1833 5271 et
1881 5228 1914 5270 a

255 5290 506 5358 Graecis.
557 5290 1097 5371 Notandaquoque
1120 5292 1276 5371 varia
1305 5290 1480 5352 lectio
1510 5291 1776 5371 docendi
1804 5308 1910 5371 pro

255 5372 546 5437 dicendi:
626 5380 684 5431 et
742 5369 997 5447 utraque
1048 5370 1410 5432 conferenda
1493 5390 1628 5432 cum
1689 5369 1912 5434 Graecis

257 5455 577 5535 Epitomes
597 5468 667 5535 ac
700 5448 1229 5535 Clementinoruln.

347 5533 467 5614 (10)
504 5532 762 5594 Natione
794 5532 1101 5614 fleamus.
1138 5529 1468 5614 Barnabam
1523 5529 1915 5614 Cyptjumfa-

257 5610 807 5691 ciuntlnterpretes
828 5611 906 5671 ad
940 5612 1081 5691 Act.
1112 5627 1192 5683 1v,
1231 5610 1328 5689 36,
1363 5629 1595 5671 necnon
1656 5610 1910 5691 Epipha-

261 5695 403 5758 nius
427 5689 634 5755 heeresi
671 5692 772 5767 30,
801 5710 831 5752 c
888 5691 987 5766 25,
1012 5689 1411 5771 Hieronymus
1438 5691 1499 5771 in
1520 5689 1822 5769 Cataltigo,
1858 5698 1918 5751 et

260 5773 602 5838 Alexander
654 5773 974 5834 monachus
1005 5770 1064 5832 in
1112 5769 1397 5835 Encomio
1428 5769 1492 5835 S.
1522 5772 1829 5835 Barnabas.

343 5856 400 5935 (l
419 5855 470 5928 l)
505 5850 700 5917 Unum
728 5868 812 5916 ea:
835 5853 966 5934 ejus
988 5852 1320 5935 discipulis.
1350 5853 1433 5917 [ta
1455 5852 1611 5935 apud
1635 5852 1913 5918 Clemen-

1999 4661 2238 4725 quoqne
2267 4642 2325 4703 in
2354 4643 2654 4725 Chronico
2684 4654 2890 4725 vocato
2938 4643 3394 4725 Aieacandriuo,
3453 4643 3648 4725 Doro-

2002 4720 2443 4803 t'hei'Sguopsi,
2479 4731 2536 4785 et
2555 4722 2931 4786 Dautlatione
2954 4723 3315 4787 Alexandri.
3353 4720 3468 4803 Sed
3493 4723 3653 4803 Beda

2002 4801 2476 4883 negat,'inﬁrmo
2511 4804 2682 4864 nixus
2715 4804 3121 4865 fundamento.
3156 4804 3409 4874 Mirum,
3431 4801 3648 4882 inquit,

2003 4882 2450 4966 Retractatione
2495 4885 2551 4966 in
2604 4888 2755 4947 Acta
2804 4884 3231 4966 apostolorum,
3294 4882 3364 4959 ad
3398 4900 3526 4966 cap.
3590 4884 3648 4966 4_.

1998 4964 2293 5045 quomodo
2318 4964 2479 5025 hunc
2505 4963 2873 5045 Barnabani,
2907 4966 3015 5045 qui
3033 4972 3238 5045 postea
3280 4980 3423 5045 cum,
3464 4963 3654 5023 Paulo

1994 5041 2267 5126 pontium
2298 5051 2379 5126 est
2405 5043 2721 5107 ordinatus
2742 5041 3071 5125 apestbtus,
3108 5062 3179 5107 ac
3238 5050 3373 5123 post
3403 5041 3654 5126 longum

1995 5123 2125 5204 ejus
2176 5124 2633 5186 contubernium
2684 5123 2944 5204 Cyprum
3000 5127 3188 5204 unde
3220 5131 3388 5204 ortus
3424 5123 3647 5204 fuerat.

1993 5202 2436 5284 praedicaturus
2468 5208 2676 5281 rediit,
2709 5202 3006 5268 Eusebius
3038 5206 3100 5267 in
3144 5202 3651 5284 Historia_eccle-

1996 5282 2258 5366 aiastica,
2279 5284 2349 5366 de
2368 5302 2620 5349 numero
2647 5304 2774 5348 esse
2795 5304 2903 5348 Lxx
2929 5286 3373 5366 discipulorum
3406 5282 3659 5366 Domini
3722 5356 3725 5359 _

1996 5364 2347 5428 Saluatoris
2377 5366 2750 5447 arbitratur,
2784 5385 2921 5428 cum
2954 5363 3271 5447 manifeste
3304 5363 3528 5447 scribat
3580 5364 3650 5428 Β.

1999 5447 2194 5507 Lucas
2221 5461 2353 5505 eunt
2382 5453 2512 5523 post
2542 5450 2954 5509 ascensionem
2987 5446 3233 5508 Domini
3264 5446 3343 5506 ad
3379 5447 3653 5520 discipu-

2000 5526 2189 5587 latum
2218 5527 2621 5605 apostolorum
2653 5528 2887 5589 uenisse
2920 5545 2933 5589 :
2969 5527 3092 5588 nisi
3126 5528 3289 5603 forte
3316 5526 3654 5604 putandum

1997 5613 2111 5680 est,
2136 5624 2270 5688 eum
2289 5607 2464 5685 prius
2485 5607 2575 5668 ita
2606 5607 3033 5688 discipulatum
3065 5606 3302 5667 Christi
3330 5612 3651 5688 secutum,

1996 5693 2062 5747 ut
2080 5686 2335 5766 necdum
2359 5685 2807 5751 renuntiaverit
2831 5688 3106 5749 omnibus
3126 5703 3264 5766 quae
3284 5685 3649 5765 possidebat,

2000 5765 2161 5849 quod
2190 5772 2396 5849 utrum
2413 5770 2778 5849 evangelica
2797 5768 3091 5833 doctrina
3108 5765 3485 5849 conuenerit,
3514 5768 3612 5829 cui
3624 5801 3654 5814 ο

1999 5845 2092 5910 eis
2108 5845 2412 5927 facillim
2435 5845 2630 5930 patet.
