4054 6214
445 326 592 388 1211

1244 329 1305 393 S.
1352 331 1788 394 CLEMENTIS
1828 328 1850 391 I
1900 333 2076 394 ROM.
2124 325 2348 395 PONT.
2395 334 2641 395 OPERA
2686 326 2941 393 DUBIA.

3674 330 3830 396 1212

440 459 757 524 iudicaret.
780 461 1007 534 Quibus
1028 481 1137 542 ego
1159 462 1402 538 auditis,
1424 481 1559 525 cum
1575 462 1803 545 reliqua
1821 464 2085 528 multitu-
2106 472 2144 519 Α
2169 463 2548 543 omnipotens
2586 459 2899 523 abscondit
2937 478 2971 521 a
3001 459 3168 521 vobis
3216 460 3569 524 voluntatem
3629 481 3830 537 suam,

445 548 586 611 dine
614 551 785 632 sequi
813 570 951 614 eum
973 556 1124 635 ccepi
1159 563 1221 614 et
1249 551 1480 633 audire,
1504 571 1633 634 qum
1652 553 2087 617 diceret.lntel-

440 638 692 716 ligebam
724 658 870 702 sane
898 641 1056 723 quod
1089 641 1237 704 nihil
1270 641 1598 704 dialecticae
1638 644 1779 704 artis
1836 655 1995 707 esset
2023 645 2083 707 in

442 728 707 803 homine,
741 730 846 793 sed
868 730 1223 811 simpliciter
1235 739 1295 794 et
1317 732 1539 812 absque
1563 732 1686 793 ullo
1717 732 1955 796 dicendi
1986 736 2084 796 fu~

440 837 534 894 co,
568 838 700 900 quas
729 820 995 883 audisset
1021 840 1055 883 a
1087 820 1237 884 Filio
1296 820 1399 883 Dei
1444 822 1534 883 vel
1565 822 1829 897 vidisset,
1888 842 2077 904 expo-

442 916 635 975 neret.
670 911 1048 973 Assertiones
1074 911 1235 973 enim
1263 929 1399 973 suas
1448 931 1565 974 non
1597 921 2077 992 argumentorum

440 998 654 1061 virtute
685 1000 1009 1076 muniebat,
1042 1001 1147 1064 sed
1194 1001 1511 1063 verborum
1576 1009 1633 1063 et
1692 1002 2078 1078 mirabilium,

440 1105 572 1167 quae
600 1089 1006 1163 annuntiabat,
1042 1098 1223 1153 testes
1256 1092 1473 1152 multos
1503 1108 1574 1152 ex
1605 1092 1731 1172 ipso
1749 1093 1924 1154 etiam
1959 1092 2079 1154 cir-

440 1184 774 1238 cumstante
805 1178 1045 1258 populo,
1083 1179 1466 1258 producebat.

521 1264 668 1328 VIII.
704 1266 923 1329 Verum
955 1268 1234 1349 quoniam
1266 1268 1338 1329 ad
1363 1286 1457 1341 ea,
1492 1286 1627 1345 quas
1656 1272 1891 1331 sincere
1912 1271 2083 1332 dice-

440 1353 679 1435 bantur,
710 1356 1247 1420 libenteraunuere
1269 1360 1525 1439 populus
1555 1366 1614 1420 et
1648 1360 1926 1440 amplecti
1953 1378 2082 1421 ser-

442 1461 677 1506 monem
697 1446 1027 1525 simplicem
1074 1446 1275 1527 cmpit,
1312 1447 1370 1507 hi
1393 1447 1493 1528 qui
1513 1446 1628 1508 sibi
1660 1448 1885 1510 eruditi
1914 1449 2083 1511 vide-

439 1529 658 1595 bantur
674 1534 770 1595 vel
787 1535 1147 1617 philosophi,
1164 1536 1364 1598 ridere
1386 1537 1688 1598 hominem
1712 1556 1780 1599 ac
1794 1555 2085 1618 spernere

437 1638 698 1702 capere,
732 1634 791 1686 et
821 1624 1297 1706 syllogismorum
1324 1626 1383 1687 in
1415 1644 1550 1687 eum
1576 1626 1906 1689 tendiculas
1927 1628 2080 1690 velut

436 1711 798 1775 validissima
830 1732 995 1777 arma
1029 1716 1317 1795 proferre.
1344 1717 1417 1777 At
1434 1716 1855 1779 illeinterritus
1876 1727 1933 1779 et
1955 1720 2080 1780 vel-

2170 570 2319 633 quos
2348 552 2650 631 agnitione
2669 550 2762 612 sui
2801 548 3077 631 praevidit
3106 548 3405 630 indignos,
3436 553 3595 613 sicut
3632 570 3705 615 ex
3740 552 3837 615 his

2168 659 2302 719 quae
2320 659 2481 703 nunc
2500 640 2910 721 agitis,sanum
2937 639 3307 720 sapientibus
3321 640 3509 719 palam
3528 650 3654 704 est.
3679 644 3834 706 Nam

2167 749 2301 793 cum
2325 730 2577 793 videatis
2596 729 3009 811 praedicatores
3030 728 3351 790 voluntatis
3368 729 3832 805 Deiadvenisse,

2166 820 2303 901 quia
2332 820 2556 882 nullam
2582 837 2781 882 sermo
2816 836 3022 880 eorum
3037 820 3441 898 grammaticae
3456 820 3603 881 artis
3622 822 3833 884 scien-

2165 909 2305 971 tiam
2338 910 2668 990 profitetur,
2690 908 2793 969 sed
2830 908 3269 988 simplicicibus
3290 918 3347 971 et
3371 908 3667 990 impolitis
3698 928 3832 971 ser-

2167 998 2442 1061 monibus
2486 999 2792 1080 perferunt
2825 998 2898 1060 ad
2921 1016 3022 1059 vos
3060 997 3259 1059 divina
3314 999 3614 1080 mandata,
3657 999 3740 1061 ita
3773 1002 3835 1061 ut

2168 1106 2377 1149 omnes
2394 1088 2497 1167 qui
2529 1086 2977 1167 audiunt,sequi
3006 1087 3234 1167 possint
3256 1093 3318 1149 et
3339 1087 3685 1167 intelligere
3702 1106 3836 1169 qua

2167 1176 3130 1252 dicuntur;ridetissalutisvestraa
3148 1177 3452 1239 ministros
3473 1186 3529 1239 et
3554 1178 3832 1253 nuntios,

2167 1265 2511 1346 ignorantes
2535 1266 2676 1348 quia
2696 1273 2909 1340 vestra,
2939 1264 3041 1347 qui
3072 1265 3239 1328 vobis
3258 1267 3431 1347 periti
3452 1278 3515 1330 et
3534 1268 3835 1348 eloquen-

2170 1365 2259 1417 tes
2285 1356 2593 1431 videmini,
2625 1356 3048 1419 condemnatio
3074 1357 3347 1436 est,quod
3370 1357 3527 1437 apud
3554 1366 3832 1436 agrestes

2168 1454 2227 1507 et
2259 1444 2542 1508 barbaros
2571 1445 2824 1508 habetur
2854 1444 3117 1507 veritatis
3137 1446 3380 1525 agnitio.
3412 1448 3557 1520 Quae
3580 1466 3727 1509 cum
3760 1450 3831 1510 ad

2165 1552 2269 1596 vos
2298 1535 2629 1617 advenerit,
2661 1554 2773 1597 nec
2805 1535 2973 1617 quasi
3008 1536 3238 1615 hospita
3289 1536 3643 1617 suscipitur,
3701 1556 3833 1619 quae

2168 1624 2277 1685 nisi
2311 1624 2765 1704 intemperantia
2786 1635 2978 1688 vestra
3004 1633 3062 1686 et
3091 1623 3280 1688 libido
3306 1625 3659 1708 obsisteret,
3684 1628 3829 1689 civis

2169 1734 2302 1780 esse
2332 1726 2389 1779 et
2419 1718 2737 1779 vernacula
2760 1717 3070 1779 debuisset
3105 1738 3120 1792 ;
3148 1726 3209 1779 ut
3240 1737 3309 1779 ex
3341 1719 3431 1781 his
3457 1719 3826 1799 arguamini,

435 1807 503 1860 ut
539 1801 934 1865 deliramenta
962 1806 1224 1883 argutias
1253 1824 1461 1867 eorum
1484 1806 1814 1887 ducens,ne
1836 1826 2081 1886 respon-
2106 1830 2141 1880 Β
2165 1806 2319 1888 quod
2350 1825 2467 1868 non
2500 1806 2764 1868 veritatis
2795 1807 2971 1868 amici
2993 1814 3051 1869 et
3076 1807 3440 1887 philosophi,
3466 1811 3577 1869 sed
3598 1810 3832 1889 jactan-

435 1888 606 1953 sione
635 1892 878 1968 quidem
911 1895 1124 1972 dignos
1147 1894 1592 1973 judicabat,sed
1615 1914 1684 1957 ea
1703 1915 1834 1977 quae
1857 1916 2077 1977 propo-
2167 1897 2261 1957 tia:
2283 1905 2629 1971 sectatores,
2650 1906 2709 1958 et
2737 1896 3027 1978 vaniloqui
3051 1897 3216 1970 estis,
3239 1898 3340 1977 qui
3364 1888 3683 1959 veritatem
3713 1919 3827 1959 non

432 1988 653 2051 suerat,
683 1984 1128 2063 exsequebatur
1158 1985 1511 2066 intrepidus.
1549 1984 1818 2065 Denique
1844 1987 2082 2047 cumlo-
2165 1984 2224 2045 in
2287 1986 2663 2067 simplicibus
2708 1987 2923 2065 verbis,
2959 1987 3063 2047 sed
3116 1988 3173 2048 in
3212 1988 3458 2048 versutis
3490 1997 3550 2049 et
3588 1989 3830 2049 callidis

435 2072 639 2147 quenti
673 2072 728 2133 ei
758 2072 995 2152 quidam
1032 2076 1465 2154 proposuisset,
1486 2095 1594 2136 cur
1620 2076 1696 2137 ita
1722 2077 1908 2137 factus
1925 2086 2081 2138 esset

436 2158 603 2220 culex
640 2161 784 2234 (12),
823 2171 882 2223 ιιι
914 2182 1047 2225 cum
1081 2165 1395 2226 sitanimal
1422 2168 1719 2243 exiguum,
1747 2174 1804 2226 et
1833 2182 1933 2227 sex
1968 2166 2078 2226 ba-

436 2247 569 2309 beat
602 2252 805 2327 pedes,
839 2252 1087 2332 insuper
1115 2255 1333 2317 additas
1354 2255 1472 2314 sint
1503 2256 1556 2313 ei
1582 2254 2079 2333 etalae,e|ephan-

436 2348 531 2399 tus
562 2356 699 2400 vero
726 2359 858 2401 cum
873 2342 949 2402 sit
966 2342 1224 2404 immane
1240 2344 1458 2405 animal
1486 2362 1680 2420 neque
1700 2344 1820 2404 alas
1842 2345 2075 2418 habeat,

432 2435 684 2506 quatuor
716 2438 940 2491 tantum
966 2432 1146 2511 pedes
1175 2433 1493 2495 liabeat°ad
1520 2434 1641 2494 hmo
1666 2434 1766 2494 ille
1793 2453 1865 2494 ne
1887 2435 2066 2515 respi-

426 2517 592 2577 ciens
619 2520 885 2600 quidem,
920 2539 1265 2582 sermonem
1296 2541 1488 2583 suum.
1519 2541 1697 2602 quem
1733 2523 2077 2602 importuna

427 2608 752 2685 propositio
775 2612 1199 2693 interruperat,
1225 2616 1565 2674 continuata
1588 2613 1921 2674 intentione
1946 2633 2079 2691 per-

422 2696 653 2772 agebat,
690 2697 799 2761 bac
817 2700 942 2762 sola
973 2702 1379 2763 admonitione
1400 2720 1504 2781 per
1526 2704 1787 2781 singulas
1811 2722 2076 2783 quasque

422 2787 889 2868 interruptiones
917 2791 1120 2852 addita
1158 2814 1169 2854 :
1217 2794 1337 2854 Nos
1359 2794 1487 2873 ejus
1509 2794 1609 2871 qui
1640 2793 1798 2853 misit
1824 2812 1929 2854 nos
1950 2812 2078 2855 ver-

426 2873 498 2936 ba
525 2876 793 2957 factaque
815 2880 1111 2942 mirabilia
1142 2882 1500 2943 annuntiare
1532 2883 1701 2943 vobis
1728 2884 1783 2943 in
1834 2884 2076 2943 mandav-

426 2966 499 3030 tis
526 2966 1143 3051 habemusJidemque
1164 2991 1368 3034 eorum
1397 2992 1526 3052 quae
1550 2973 1823 3052 dicimus,
1857 2992 1972 3033 non
2003 2992 2075 3035 ex

425 3058 789 3134 argumentis
816 3069 945 3121 arte
976 3062 1264 3142 quaesitis,
1300 3063 1402 3123 sed
1435 3082 1503 3124 ex
1558 3063 1719 3124 vobis
1751 3063 1896 3143 ipsis
1932 3082 2074 3143 pro-

424 3145 618 3206 ductis
632 3148 883 3211 testibus
906 3133 1289 3213 conﬁrmare.
1310 3154 1581 3231 Agnosco
1600 3152 1758 3214 enim
1776 3133 2075 3232 plurimos
2094 3133 2135 3183 ε

422 3244 613 3297 astare
642 3237 703 3299 in
737 3239 933 3301 medio
954 3250 1211 3303 vestrum
1228 3260 1299 3303 ex
1325 3243 1594 3323 bis,quos
1622 3261 1737 3302 una
1763 3242 2074 3304 nobiscum

427 3327 673 3387 memini
698 3330 938 3391 audisse
957 3349 1092 3407 qua:
1112 3332 1475 3411 audivimus,
1500 3343 1555 3391 et
1587 3331 1807 3392 vidisse
1832 3350 1962 3410 quas
1984 3331 2072 3393 vi-

426 3413 644 3477 dimus.
670 3414 758 3480 Sit
786 3428 984 3481 autem
1015 3420 1072 3480 in
1110 3432 1303 3483 vestra
1334 3430 1641 3501 potestate,
1678 3422 1768 3481 vel
1805 3421 2077 3501 recipere

424 3520 555 3583 quas
582 3510 1027 3581 annuntiamus,
1046 3511 1133 3572 vel
1155 3529 1459 3591 spernere.
1474 3513 1592 3573 Nos
1609 3512 1769 3572 enim
1795 3513 1957 3591 quod
1983 3530 2073 3573 ex.

425 3595 630 3672 pedire
653 3596 820 3658 vobis
850 3600 1142 3680 novimus,
1177 3610 1378 3663 tacere
1408 3619 1526 3661 non
1560 3618 1902 3681 pos<umus,
1938 3600 2076 3681 quia

425 3683 621 3759 nobis,
657 3686 704 3746 si
739 3696 1065 3766 taceamus,
1092 3691 1374 3750 damnum
1405 3701 1518 3768 est,
1551 3689 1714 3749 vobis
1745 3709 1906 3763 vero,
1943 3710 2075 3766 qua:

421 3773 699 3854 dicimus,
729 3776 776 3835 si
812 3796 928 3838 non
959 3780 1283 3858 recipiatis,
1310 3780 1629 3859 pernicies.
1656 3780 1769 3842 Sed
1797 3789 1851 3840 ut
1877 3781 2075 3843 stultis

422 3866 922 3943 propositionibus
953 3870 1162 3930 vestris
1194 3872 1558 3951 respondere
1605 3870 1884 3949 perfacile
1930 3888 2071 3948 pos-

420 3957 555 4028 sim,
577 3956 628 4016 si
652 3959 919 4019 veritatis
940 3961 1243 4023 discendae
1268 3982 1445 4023 causa
1464 3962 1910 4043 quaereretis,de
1927 3963 2043 4023 culi

422 4045 510 4105 cis
531 4045 665 4108 dico
687 4059 861 4128 atque
896 4050 1230 4130 elephantis
1262 4053 1601 4113 differentia
1634 4073 1649 4123 ;
1681 4053 1785 4113 sed
1826 4071 1983 4113 nunc
2005 4056 2081 4114 de

422 4138 709 4199 creaturis
729 4139 930 4200 dicere
952 4142 1122 4201 vobis
1143 4142 1370 4221 aliquid
1395 4142 1718 4202 absurdum
1747 4151 1857 4221 est,
1891 4161 2025 4202 rum
2046 4161 2078 4202 a

421 4226 584 4289 vobis
617 4228 747 4302 ipse
778 4230 1043 4291 omnium
1068 4229 1316 4291 Creator
1346 4242 1402 4293 et
1429 4232 1714 4294 Conditor
1748 4232 2073 4309 ignoretur.

503 4314 599 4380 IX.
633 4316 768 4379 Hinc
793 4327 989 4380 autem
1022 4338 1155 4381 cum
1182 4320 1454 4394 dixisset,
1488 4322 1648 4382 velut
1675 4340 1742 4382 ex
1777 4338 1892 4380 uno
1925 4339 2075 4381 con-

2164 2075 2407 2136 creditis
2433 2075 2727 2156 habitare,
2755 2086 2811 2137 et
2838 2076 3299 2137 innumerabilia
3330 2077 3657 2138 verborum
3687 2098 3827 2159 pro-

2164 2164 2353 2238 fertis,
2388 2165 2562 2224 unius
2592 2165 2759 2226 verbi
2798 2183 3169 2244 nequaquam
3209 2165 3397 2245 pretio
3436 2166 3824 2245 pensitanda.

2164 2253 2314 2327 Quid
2348 2272 2489 2331 ergo
2518 2256 2733 2331 putatis
2762 2257 3026 2315 futurum
3052 2256 3126 2316 de
3176 2255 3365 2327 vobis,
3399 2274 3501 2316 vos
3532 2276 3567 2315 ο
3624 2258 3832 2319 omnis

2168 2343 2337 2404 turba
2374 2342 2735 2417 Grmcorum,
2759 2344 2807 2404 si
2833 2344 3243 2423 eritjudicium
3274 2345 3566 2419 Dei,sicut
3593 2347 3715 2408 iste
3732 2348 3827 2408 di-

2161 2430 2298 2493 cit‘?
2349 2431 2465 2494 Sed
2518 2452 2699 2512 nunc,
2747 2434 3092 2496 amittentes
3128 2434 3327 2495 ridere
3374 2435 3432 2496 in
3489 2436 3826 2513 perniciem

2160 2520 2342 2581 vestri
2376 2523 2565 2581 virum
2600 2523 2782 2600 hunc,
2836 2523 3193 2601 respondeat
3245 2524 3389 2584 mihi
3436 2527 3537 2599 qui
3595 2525 3725 2587 vult
3760 2546 3829 2588 ex

2159 2609 2344 2679 vobis,
2376 2611 2654 2690 quoniam
2678 2613 2918 2687 quidem
2939 2613 3069 2672 solo
3099 2611 3305 2672 latratu
3325 2623 3517 2673 vestro
3540 2613 3823 2676 obtuer-

2165 2701 2236 2759 tis
2265 2702 2440 2760 ctiam
2468 2717 2674 2761 eorum
2710 2719 2911 2774 aures,
2956 2702 3053 2781 qui
3113 2702 3255 2762 salvi
3287 2721 3424 2764 esse
3472 2704 3703 2785 volunt,
3769 2719 3827 2766 et

2165 2796 2392 2849 mentes
2427 2808 2557 2869 quas
2588 2790 2660 2850 ad
2698 2790 2875 2850 ﬁdem
2913 2800 3129 2868 parata:
3149 2798 3310 2865 sunt,
3344 2791 3417 2852 ad
3446 2793 3828 2856 inﬁdelitatis

2162 2879 2393 2956 lapsum
2430 2878 2635 2939 vestris
2656 2877 3174 2940 obturbationibus
3201 2880 3539 2941 declinatis:
3566 2902 3701 2963 quae.
3730 2904 3825 2945 vo-

2163 2967 2253 3027 bis
2285 2968 2398 3028 erit
2430 2986 2690 3047 unquam
2746 2970 2948 3049 venia,
2976 2969 3077 3049 qui
3137 2970 3471 3031 Divinitatis
3516 2984 3820 3049 nuntium,

2164 3056 2603 3136 promittentem
2642 3058 2812 3119 uobis
2846 3059 3209 3135 agnitionem
3239 3059 3367 3139 Dei,
3403 3061 3613 3122 ridetis
3645 3073 3706 3123 et
3740 3065 3823 3124 in.

2154 3146 2333 3226 joriis
2352 3147 2587 3208 allicitis
2612 3148 2636 3207 Υ
2662 3166 2841 3224 quem
2871 3148 3074 3228 utique
3100 3148 3329 3209 etiamsi
3359 3149 3503 3211 nihil
3553 3152 3827 3215 veritatis

2160 3236 2420 3309 atl'erret,
2459 3255 2563 3316 pro
2602 3239 2728 3317 ipso
2767 3246 2964 3298 tamen
3002 3238 3381 3315 benignitatis
3403 3256 3545 3319 erga
3563 3260 3665 3301 vos
3689 3262 3822 3322 pro-

2164 3326 2375 3406 posito,
2411 3337 2640 3404 gratum
2670 3336 3100 3407 acceptumque
3133 3327 3351 3389 habere
3400 3330 3733 3392 deberetis.

2241 3417 2317 3478 Χ.
2351 3415 2487 3477 Haec
2511 3425 2569 3477 et
2596 3417 2688 3476 his
2706 3415 2923 3477 similia
2941 3435 3074 3478 cum
3092 3420 3819 3500 pros<-querer,plurimus

2158 3506 2401 3565 astantis
2433 3506 2629 3586 populi
2651 3507 2922 3567 fremitus
2945 3508 3523 3588 concitabatur,dum
3550 3511 3651 3573 alii
3687 3513 3805 3573 vel-

2161 3605 2220 3655 ut
2251 3613 2388 3674 erga
2416 3596 2711 3673 hospitem
2752 3597 3134 3658 miseratione
3167 3609 3820 3673 moverentur,meum-

2157 3704 2272 3765 que
2288 3703 2627 3747 sermonem
2650 3696 2709 3746 ut
2731 3698 3167 3766 consequenter
3182 3686 3443 3748 habitum
3468 3690 3817 3768 probarent,

2155 3776 2256 3837 alii
2284 3776 2616 3854 petulantes
2639 3784 2697 3835 et
2722 3776 2946 3851 stolidi,
2976 3778 3032 3836 in
3071 3795 3164 3836 me
3188 3796 3423 3857 quoque
3467 3780 3714 3859 pariter,
3752 3792 3813 3842 ut

2157 3866 2216 3924 in
2250 3864 2598 3931 Barnabam,
2635 3865 2911 3926 θαι-επιειιὶ
2934 3867 3116 3926 animi
3143 3867 3514 3928 iracundiam
3542 3872 3814 3930 concita-

2156 3963 2309 4015 rent.
2339 3956 2455 4017 δρα
2480 3973 2612 4015 cum
2640 3956 2709 4016 ad
2731 3973 3037 4034 vesperam
3055 3956 3177 4036 jam
3195 3956 3527 4017 declinaret
3547 3957 3807 4038 dies,ap-

2159 4046 2456 4124 prehensa
2474 4044 2757 4105 Barnabas
2781 4046 3048 4126 dextera,
3067 4044 3468 4107 obluctantem
3494 4048 3809 4127 liceteum,

2157 4135 2227 4194 ad
2260 4153 2448 4194 meam
2486 4142 2681 4194 tamen
2713 4134 2931 4194 adduxi
2959 4136 3231 4215 domum,
3260 4145 3436 4214 atque
3461 4135 3539 4196 ibi
3568 4155 3812 4198 manere

2158 4224 2291 4293 feci,
2331 4243 2404 4284 ne
2436 4224 2575 4299 quis
2618 4224 2768 4284 forte
2814 4244 2882 4284 ex
2931 4224 3176 4285 indocili
3213 4225 3384 4302 vulgo
3432 4224 3712 4303 injiceret
3761 4230 3814 4289 ei

2163 4331 2393 4376 manus.
2428 4313 2826 4392 Aliquantulis
2861 4314 3039 4392 igitur
3067 4314 3281 4375 diebus
3314 4332 3427 4375 una
3456 4315 3656 4393 positi,
3690 4316 3806 4376 dis-

421 4424 624 4476 sensu,
646 4408 748 4468 ind
760 4408 1092 4489 isciplinato
1116 4429 1218 4473 ore
1240 4430 1448 4473 omnes
1475 4410 1655 4472 simul
1685 4410 1871 4473 risum
1896 4410 2076 4472 dede—
2101 4431 2141 4480 ι)
2160 4414 2398 4466 serente
2429 4421 2499 4463 eo
2548 4400 2816 4486 [paucis].
2845 4422 3189 4465 sermonem
3234 4404 3498 4465 veritatis
3554 4404 3814 4467 libenter

418 4514 505 4569 re,
540 4497 811 4560 incutere
834 4499 888 4560 ei
906 4500 1322 4562 verecundiam
1337 4521 1403 4562 ac
1425 4501 1725 4561 silentium
1760 4500 2066 4578 imponere

417 4586 1009 4668 cupientes,barbaru
1022 4609 1197 4671 mque
1218 4600 1274 4651 et
1297 4591 1491 4651 minus
1508 4608 1667 4650 same
1692 4592 1906 4651 mentis
1930 4609 2063 4650 eum

419 4676 844 4740 acclainautes.
872 4678 991 4758 Ego
1013 4698 1148 4741 vero
1173 4699 1305 4740 cum
1328 4680 1450 4741 haec
1478 4679 1557 4740 ila
1580 4679 1705 4739 ﬁeri
1728 4697 2063 4756 cernerem,

414 4768 543 4828 zelo
575 4768 827 4845 quodam
874 4772 1076 4831 nescio
1098 4770 1254 4830 unde
1279 4771 1639 4850 repletus,ac
1664 4768 1941 4847 religioso
1978 4769 2065 4828 fus

417 4874 554 4919 rore
585 4874 932 4931 succensus,
957 4860 1135 4922 silere
1167 4880 1281 4921 non
1314 4861 1499 4940 potui.
1522 4860 1624 4920 sed
1653 4878 1791 4920 cum
1811 4859 1971 4919 omni
1994 4860 2067 4919 li-

415 4946 645 5009 bertate
666 4948 1086 5027 proclamans:
1146 4950 1497 5013 Rectissime
1558 4951 1735 5023 Deus,
1802 4949 2067 5029 inquam,

2158 4493 2469 4557 audiebam
2503 4516 2516 4569 ;
2550 4493 2797 4571 urgebat
2821 4501 3016 4555 tamen
3042 4494 3495 4575 profectionem,
3520 4492 3733 4555 dicens
3748 4514 3810 4557 se

2154 4586 2314 4645 diem
2348 4584 2560 4645 festum
2585 4583 2894 4659 religionis
2919 4602 3064 4663 suae,
3092 4583 3194 4660 qui
3220 4583 3585 4663 immineret,
3611 4584 3809 4645 omni-

2156 4674 2348 4735 modis
2369 4672 2522 4751 apud
2556 4673 2820 4732 Iudaeam
2854 4672 3323 4745 celebraturum,
3360 4671 3567 4751 ibique
3599 4672 3677 4733 de
3710 4692 3807 4734 re-

2154 4765 2319 4844 liquo
2353 4780 2488 4823 cum
2525 4765 2646 4822 suis
2674 4761 2904 4822 civibus
2934 4779 3002 4823 ac
3021 4760 3301 4822 fratribus
3328 4778 3807 4841 permansurum,

2154 4852 2461 4914 evidenter
2494 4851 2765 4913 indicans
2794 4851 3029 4932 injuriae
3058 4869 3123 4912 se
3154 4851 3404 4911 horrore
3438 4853 3805 4928 perculsum.

2236 4945 2342 5007 XI.
2375 4941 2649 5018 Denique
2680 4960 2815 5002 cum
2850 4959 2953 5019 ego
2981 4941 3266 5002 dicerem:
3302 4940 3387 5003 Tu
3414 4939 3563 5002 mibi
3584 4950 3804 5003 tantum

1749 5105 2157 5173 COTELERII
2204 5103 2461 5169 NOTAE.

492 5268 622 5349 (19)
656 5269 782 5331 Cur
812 5271 901 5350 ita
927 5269 1920 5350 factus'essetculexliieronymus
1945 5269 1984 5333 ι.
2012 5287 2056 5333 ι.
2139 5272 2508 5350 scateautmt
2526 5264 3013 5350 _innu_merabiles
3028 5262 3214 5350 simu}
3238 5261 3633 5350 metusmetus
3650 5266 3808 5350 {cies

411 5341 713 5435 aduersus
744 5341 1207 5431 Pelag'imzosﬂ:
1239 5350 1569 5431 Elephanti
1599 5341 1785 5412 (ante:
1805 5350 2060 5435 molis-,et
2142 5344 2629 5435 comprehendat.
2670 5345 2738 5407 Et
2769 5362 2832 5408 ιιι
2858 5352 3088 5435 eorum
3148 5341 3464 5435 Ruﬁnum,
3595 5364 3609 5405 :
3647 5345 3808 5422 Ergo

410 5429 668 5511 gryphas
692 5432 754 5490 in
777 5422 1215 5509 sua'grevil'ate
1232 5422 1584 5503 caueantur,
1621 5447 1736 5492 cur
1755 5433 2064 5511 quaternis
2146 5422 2283 5492 nisi
2300 5428 2407 5491 tibi
2436 5427 2731 5511 rationem
2760 5426 3096 5497 reddidero,
3120 5440 3308 5511 quare
3334 5422 3630 5498 formica,
3650 5440 3807 5511 por-

409 5509 663 5591 pedibus
689 5510 968 5573 inrcdaul
982 5530 1147 5583 ,cum
1171 5532 1386 5575 muscae
1406 5509 1834 5591 σαιὶσεεᾳυθέρι
1852 5518 2063 5572 caetera

412 5589 763 5673 bujusmodi
793 5594 1135 5673 oviimantio
1160 5595 1264 5654 sub
1283 5592 1549 5673 penullis
1572 5589 1743 5653 senos
1755 5592 1934 5673 pedes
1954 5593 2060 5651 Ιια-

414 5668 591 5729 beant
617 5690 633 5743 ;
668 5678 725 5732 et
756 5670 947 5749 aliqui
974 5668 1301 5737 vermiculi’
1321 5676 1471 5751 sint,
1495 5674 1601 5751 qui
1619 5668 1805 5733 tantis
1820 5672 2070 5752 pedibus

2151 5529 2287 5571 cum
2316 5509 2551 5569 animal
2580 5515 2637 5586 et
2665 5514 2981 5586 punctum,
3004 5514 3077 5586 Aut
3099 5502 3198 5586 ita
3238 5502 3466 5575 dicam,
3499 5502 3801 5584 corporis,

2152 5608 2255 5652 sea:
2284 5589 2457 5668 pedes
2490 5582 2704 5668 habeat
2735 5610 2757 5658 ;
2789 5605 2921 5648 cum
2954 5582 3327 5663 elephantus,
3392 5590 3563 5645 tanta
3595 5582 3802 5655 inata,

2154 5666 2416 5752 quatuor
2447 5666 2696 5746 pedibus
2738 5668 2999 5732 incedat.
