4054 6214
502 325 652 390 1216

1321 334 1381 395 s.
1428 335 1865 399 CLEMENTIS
1909 338 1932 397 Ι
1979 336 2157 399 non.
2206 336 2432 399 PONT.
2476 338 2722 400 orauit
2770 303 3028 402 DUBIA‘.

3715 340 3855 406 1216

496 464 553 526 ei
590 472 795 555 essent
824 466 1039 547 placita
1075 466 1445 549 pervidendi.
1498 469 1653 544 Quid
1696 470 1876 551 igitur
1923 472 2018 534 his
2046 471 2145 554 qui
2166 475 2207 525 Δ
2228 488 2359 551 quae
2387 469 2459 532 ad
2491 470 2832 534 melocutus
2854 472 3033 553 est,in
3057 472 3330 537 ordinem
3344 474 3860 555 redigens,librutn

496 564 637 617 sunt
663 554 1028 619 intrinsecus
1055 557 1334 621 convenit
1360 558 1388 620 ἵ
1417 559 1531 620 nisi
1566 567 1628 621 ut
1647 579 1716 622 ex
1739 559 1965 623 intimis
1988 581 2145 642 prae-

495 645 719 707 cordiis
741 646 1000 708 clamore
1039 648 1291 728 prolato,
1321 648 1608 711 auxilium
1665 651 1941 714 invocent
1992 656 2138 731 ejus,

497 751 675 815 quem
721 735 914 797 solum
948 737 1160 799 domus
1192 737 1351 799 fumo
1385 739 1612 820 repleta
1647 759 1763 802 non
1806 742 2050 819 claudit,
2084 750 2150 806 ut

495 824 787 886 accedens
842 825 1070 905 aperiat
1094 826 1341 904 januam
1375 827 1611 896 domus,
1646 848 1763 911 quo
1810 833 1989 911 possit
2050 832 2147 892 fn-

498 931 630 974 mus
654 912 891 995 quidem
926 916 1025 995 qui
1056 916 1417 979 intrinsecus
1445 917 1718 992 habetur,
1752 921 2007 992 excludi,
2042 921 2147 983 lux

496 1020 637 1064 vero
662 1003 809 1065 solis
837 1024 973 1083 qua:
1003 1005 1377 1072 extrinsecus
1408 1008 1778 1088 resplendet,
1813 1009 2037 1074 induci.

579 1091 730 1157 XVI.
758 1092 925 1156 Hunc
944 1113 1085 1175 ergo
1103 1097 1200 1176 qui
1225 1096 1297 1159 ad
1319 1097 1611 1159 auxilium
1630 1097 1869 1180 domus,
1892 1100 2147 1178 caligine

502 1180 934 1264 ignorantiar,et
966 1184 1245 1247 vitiorum
1277 1186 1434 1248 fumo
1460 1187 1725 1265 repletae,
1763 1191 2149 1270 perquiritur,

499 1271 665 1334 illum
700 1291 836 1334 esse
855 1273 1131 1345 dicimus,
1175 1276 1273 1357 qui
1300 1277 1635 1357 appellatur
1691 1296 1863 1340 verus
1888 1280 2150 1360 prophe-

500 1370 556 1424 ta
588 1363 738 1444 (15),
766 1365 875 1442 qui
904 1365 1069 1427 solus
1098 1366 1438 1430 illuminare
1460 1367 1694 1431 animas
1720 1369 2025 1431 hominum
2047 1388 2151 1452 po-

499 1460 638 1527 test,
660 1455 817 1516 itaut
846 1455 1034 1517 oculis
1066 1457 1190 1519 suis
1220 1458 1368 1519 viam
1397 1458 1606 1520 salutis
1640 1458 1949 1521 evidenter
1972 1459 2153 1540 inspi-

499 1543 677 1606 ciant.
713 1544 906 1608 Aliter
923 1546 1472 1628 enimimpossibile
1498 1556 1609 1629 est,
1636 1547 1711 1611 de
1735 1549 1914 1612 rebus
1937 1548 2152 1611 divinis

499 1633 857 1716 aeternisque
888 1654 1274 1715 cognoscere,
1309 1638 1425 1700 nisi
1448 1640 1547 1720 qui
1584 1638 1654 1700 ab
1689 1638 1799 1700 isto
1829 1655 1972 1700 vero
2023 1657 2152 1718 pro.

2230 559 2306 621 de
2334 577 2471 621 vero
2497 560 2783 641 propheta
2804 561 3162 643 conscripsi,
3197 582 3447 645 eumque
3476 564 3554 627 de
3576 561 3860 640 Caesarea,

2229 647 2301 709 ad
2325 656 2405 725 te,
2441 652 2568 729 ipso
2583 650 2859 729 jubente,
2888 650 3211 716 transmisi.
3251 653 3488 716 Dicebat
3522 655 3686 716 enim
3707 673 3866 717 man-

2232 737 2433 799 datum
2469 756 2533 799 se
2565 738 2869 820 accepisse
2898 739 3006 803 abs
3042 750 3119 822 te,
3153 749 3215 803 ut
3246 760 3352 823 per
3371 743 3643 822 singulos
3665 762 3863 819 annos,

2231 826 2281 888 si
2311 845 2429 909 qua
2458 835 2655 890 essent
2688 847 2724 890 a
2754 848 2816 890 se
2850 830 3004 891 dicta
3033 839 3341 913 gestaque,
3374 833 3443 893 ad
3483 841 3541 894 te
3583 832 3871 914 descripta

2235 919 2664 980 transmitteret
2686 916 2761 980 ⁸⁷.
2794 920 3031 981 Interea
3062 920 3230 983 initio
3247 922 3543 983 sermonis
3562 922 3679 1002 sui,
3703 941 3866 1000 quem

2233 1004 2422 1085 prima
2453 1005 2549 1067 die
2570 1006 2770 1068 habuit
2800 1007 2871 1068 ad
2898 1026 2993 1069 me
3010 1008 3086 1069 de
3108 1027 3245 1071 vero
3268 1010 3567 1091 propheta
3583 1009 3734 1073 etde
3749 1012 3869 1076 aliis

2234 1093 2530 1175 plurimis,
2568 1114 2704 1158 cum
2742 1114 2835 1158 me
2864 1098 3235 1160 instruxisset
3267 1098 3870 1179 plenissime,addidit

2236 1182 2411 1246 etiam
2441 1185 2567 1247 haec
2594 1204 2608 1248 :
2634 1185 2807 1258 Vide,
2834 1186 3046 1266 inquit,
3083 1187 3158 1249 de
3188 1188 3441 1267 reliquo,
3484 1197 3548 1251 et
3608 1190 3867 1253 interesto

2235 1273 2582 1335 tractatibus
2606 1274 2756 1336 meis
2790 1297 2806 1348 ;
2838 1294 3004 1355 quos,
3037 1276 3085 1337 si
3118 1277 3350 1357 quando
3371 1278 3702 1340 necessitas
3729 1287 3867 1340 attn-

2235 1361 2396 1437 lerit,
2426 1362 2658 1426 habebo
2682 1383 2814 1426 cum
2854 1365 2948 1426 his
2978 1365 3081 1443 qui
3108 1366 3527 1431 contradicunt
3557 1389 3574 1443 ;
3610 1368 3867 1430 adversus

2234 1471 2382 1535 quos
2410 1452 2745 1535 disputans,
2769 1456 2944 1518 etiam
2977 1456 3024 1517 si
3050 1456 3203 1517 forte
3233 1456 3485 1518 inferior
3508 1456 3672 1520 visus
3693 1458 3867 1529 fuero,

2239 1561 2355 1604 non
2388 1542 2664 1607 verebor.
2692 1563 2765 1606 ne
2788 1543 2940 1607 torte
2972 1554 3032 1606 tu
3065 1546 3140 1607 de
3163 1546 3277 1617 his,
3305 1565 3437 1623 quae
3457 1546 3573 1609 tibi
3594 1566 3736 1609 ame
3756 1556 3872 1609 sunt

2238 1631 2471 1706 tradita,
2502 1634 2561 1696 in
2604 1633 2851 1695 dubium
2886 1634 3109 1711 venias,
3155 1635 3297 1716 quia
3329 1636 3567 1698 etiamsi
3598 1656 3707 1717 ego
3737 1636 3873 1698 visus

503 1724 678 1803 pheta
694 1724 993 1807 didicerit;
1018 1724 1074 1769 00
1101 1726 1244 1805 quia
1264 1728 1420 1791 sicut
1438 1730 1564 1809 ipse
1588 1728 1765 1810 paulo
1784 1737 1921 1789 ante
1936 1747 2156 1791 memo-
2240 1723 2404 1784 fuero
2429 1724 2725 1803 superari,
2760 1744 2877 1785 non
2903 1733 3099 1788 tamen
3124 1725 3349 1786 idcirco
3375 1735 3433 1786 et
3456 1745 3553 1797 ea,
3574 1745 3710 1808 qua
3727 1726 3873 1788 nobis

499 1812 695 1884 rabas,
721 1813 871 1876 tides
891 1834 1092 1878 rerum
1126 1836 1563 1901 causarumque
1583 1820 2035 1898 sententim,pro
2060 1819 2155 1880 in-
2183 1841 2218 1890 Β
2240 1830 2417 1874 verus
2443 1814 2733 1895 propheta
2758 1813 3022 1888 tradidit,
3052 1814 3288 1877 infirma
3316 1814 3873 1896 videbunturSpero

498 1903 694 1982 geniis
725 1907 911 1985 magis
938 1905 1384 1970 defendentium
1424 1910 1857 1990 ponderantur.
1896 1908 2063 1970 Unde
2094 1916 2154 1969 et
2240 1909 2435 1964 tamen
2467 1904 2623 1984 quod
2652 1922 2761 1965 nec
2784 1903 2845 1965 in
2899 1904 3405 1984 disputationibus
3434 1923 3813 1985 superamur,
3834 1903 3874 1965 si

500 1992 709 2054 eadem
747 2011 926 2056 causa
950 2015 1105 2058 nunc
1129 1998 1314 2077 justa,
1351 2018 1507 2060 nunc
1542 2006 1778 2080 putatur
1803 1999 2044 2078 injusta,
2094 2005 2153 2061 et

502 2082 657 2162 quod
688 2084 863 2144 modo
900 2103 1103 2148 verum
1137 2087 1475 2165 videbatur,
1529 2088 1774 2152 alterius
1822 2087 2152 2150 assertione

499 2171 714 2233 falsum
748 2171 1002 2236 videtur.
1039 2175 1154 2238 Ista
1185 2176 1259 2239 de
1290 2197 1469 2240 causa
1502 2178 1809 2258 religionis
1841 2198 1910 2240 ac
1956 2178 2149 2258 pieta-

500 2260 575 2321 tis
606 2261 754 2323 tides
784 2263 907 2324 veri
931 2267 1241 2346 praphetae
1264 2268 1642 2347 praesentiam
1702 2268 2031 2349 postulavit,
2087 2276 2151 2329 ut

501 2349 629 2438 ipse
663 2349 838 2412 nobis
858 2351 1084 2415 diceret
1106 2355 1180 2417 de
1211 2356 1483 2435 singulis,
1510 2366 1679 2438 prout
1703 2376 1767 2418 se
1789 2357 1913 2437 ipsa
1936 2356 2151 2418 veritas

505 2437 703 2519 habet,
740 2450 799 2503 et
829 2441 1073 2505 doceret
1122 2446 1420 2525 quomodo
1452 2437 1723 2527 oporteat
1768 2448 1842 2508 de
1901 2446 2150 2525 singulis

501 2527 694 2588 credi.
731 2530 802 2591 Et
832 2529 967 2591 ideo
997 2539 1135 2594 ante
1166 2535 1368 2596 omnia
1400 2535 1577 2598 ﬁdem
1625 2537 1951 2617 prophetae,
1987 2537 2149 2598 omni

505 2636 640 2678 cum
666 2620 1098 2684 examinatione
1114 2631 1345 2704 Oportet
1375 2625 1644 2704 probari;
1681 2644 1854 2706 quem
1884 2645 2016 2687 cum
2042 2646 2147 2687 co-

502 2710 776 2788 gnoveris
796 2727 934 2771 vere
955 2730 1085 2774 esse
1107 2714 1562 2793 prophetam,de
1589 2714 1819 2796 reliquo
1854 2725 2066 2777 cuncta
2097 2718 2147 2776 ei

501 2796 710 2860 credas
739 2808 1112 2881 Oportet,nec
1147 2802 1296 2863 ultra
1317 2803 1620 2866 discutere
1640 2823 1775 2866 eum
1800 2823 1904 2884 per
1920 2805 2153 2885 singula

505 2887 935 2966 quaedocuerit,
961 2892 1065 2952 sed
1090 2892 1312 2955 habere
1334 2893 1500 2953 firma
1518 2902 1575 2954 et
1594 2901 1802 2955 sancta
1830 2911 1960 2972 quae
1983 2894 2149 2963 dicit,

507 2994 755 3056 qumque
771 2981 1034 3059 quamvis
1061 2980 1176 3044 fide
1201 2981 1423 3063 suscipi
1453 2982 1785 3056 videantur,
1814 2982 2153 3044 antehabita

504 3075 700 3127 tamen
733 3068 1084 3149 probatione
1114 3071 1465 3134 creduntur.
1502 3073 1649 3136 Cum
1683 3072 1841 3134 enim
1863 3074 2049 3134 semel
2083 3092 2150 3135 ex

500 3154 672 3217 initio
708 3159 1011 3239 prophetae
1042 3163 1254 3222 veritas
1274 3163 1607 3226 examinata
1632 3162 2152 3234 constiterit,reli-

2235 1994 2411 2054 modo
2443 1993 2829 2055 rationabiles
2861 1993 2981 2056 sint
3009 1993 3313 2055 auditores
3336 1994 3592 2057 etamici
3615 1994 3871 2072 veritatis,

2233 2083 2335 2161 qui
2369 2082 2713 2145 discernere
2744 2083 2978 2146 valeant
3006 2084 3115 2145 vim
3142 2085 3532 2166 speciemque
3554 2083 3872 2162 verborum,

2235 2180 2291 2233 et
2320 2190 2645 2252 agnoscere
2679 2174 2776 2252 qui
2808 2192 3008 2235 sermo
3040 2192 3109 2236 ex
3140 2184 3268 2235 arte
3299 2174 3632 2253 sophistica
3672 2174 3866 2246 veniat,

2235 2279 2351 2322 non
2383 2261 2688 2324 veritatem
2722 2264 3063 2345 continens,
3088 2262 3192 2325 sed
3222 2263 3548 2343 imaginem
3593 2262 3863 2338 veritatis,

2234 2358 2292 2413 et
2321 2352 2422 2430 qui
2453 2352 2526 2413 sit
2558 2352 2656 2432 qui
2707 2353 3065 2433 simpliciter
3096 2373 3168 2414 ac
3216 2353 3349 2414 sine
3407 2353 3544 2415 fuco
3595 2353 3862 2433 prolatus,

2235 2459 2471 2503 omnem
2499 2442 2612 2503 vim
2647 2444 2849 2504 nonin
2880 2443 3082 2523 specie
3111 2451 3170 2504 et
3197 2452 3433 2516 ornatu,
3466 2443 3580 2505 sed
3614 2443 3675 2505 in
3725 2446 3867 2503 veri-

2236 2541 2351 2593 tate
2395 2540 2452 2594 et
2478 2532 2708 2594 ratione
2745 2533 3063 2612 possideat.

2312 2621 2515 2686 XVlll.
2542 2624 2629 2686 Ad
2666 2624 2789 2685 haec
2814 2644 2963 2700 ego:
2999 2621 3427 2703 Omnipotenti,
3453 2622 3729 2699 inquam,
3769 2623 3870 2682 Deo

2233 2712 2449 2791 gratias
2467 2732 2597 2793 ago,
2624 2713 2763 2791 quia
2788 2721 2849 2773 ut
2872 2712 3229 2794 desideraci,
3258 2713 3592 2774 instructus
3614 2730 3763 2774 sum.
3781 2712 3873 2773 Ve.

2234 2812 2571 2865 rumtamen
2594 2802 2665 2863 de
2694 2820 2785 2863 me
2813 2803 2870 2863 in
2898 2810 3119 2863 tantum
3172 2820 3304 2863 esse
3356 2800 3550 2864 debes
3611 2816 3865 2874 securus,

2236 2894 2388 2974 quod
2405 2893 2479 2954 de
2510 2894 2601 2954 his
2624 2912 2754 2973 quas
2768 2893 2947 2954 didici
2967 2891 3231 2963 abste,in
3258 2892 3509 2953 dubium
3538 2892 3742 2953 venire
3762 2908 3862 2950 non

2238 2984 2482 3062 possim,
2516 2991 2578 3043 ut
2599 2983 2648 3045 si
2681 2990 2741 3043 tu
2772 2983 2896 3062 ipse
2923 2981 3067 3043 velis
3098 2980 3416 3061 aliquando
3439 2979 3623 3042 ﬁdem
3644 2994 3821 3040 meam
3847 2996 3875 3037 a

2237 3090 2372 3133 vero
2410 3073 2698 3152 propheta
2732 3071 3076 3143 transferre,
3103 3070 3348 3131 omnino
3382 3089 3502 3131 non
3543 3068 3734 3148 possis
3760 3089 3774 3139 ;
3805 3068 3875 3128 ita

2239 3163 2414 3243 pleno
2446 3163 2655 3243 spiritu
2692 3162 2880 3230 hausi,
2906 3180 3037 3242 qua:
3065 3159 3379 3222 tradidisti.
3413 3158 3485 3221 Et
3518 3177 3597 3220 ne
3656 3154 3873 3238 putes“

503 3263 616 3324 qua
637 3246 876 3308 demum
903 3249 1016 3310 fide
1035 3251 1331 3313 audienda
1350 3261 1486 3313 sunt
1512 3262 1567 3312 et
1591 3254 1989 3333 tenenda,qua
2014 3272 2148 3314 eum
2170 3281 2210 3329 (ς
2239 3272 2514 3331 magnum
2546 3252 2647 3313 tibi
2676 3271 2768 3312 me
2790 3251 3011 3332 aliquid
3042 3250 3333 3330 polliceri,
3365 3248 3527 3330 quod
3546 3248 3621 3309 ab
3646 3247 3749 3308 hac
3769 3246 3867 3306 fide

503 3335 810 3397 doctorem
837 3339 1099 3402 veritatis
1118 3342 1381 3422 essejam
1399 3352 1641 3404 constat.
1658 3343 1721 3404 Et
1747 3343 1901 3404 sicut
1923 3353 2147 3405 certum

503 3433 611 3499 est,
663 3436 874 3489 cuncta
925 3432 1255 3492 secundum
1320 3432 1580 3494 veritatis
1636 3433 1903 3514 regulam
1962 3426 2151 3495 teneri

504 3524 801 3592 oportere,
838 3537 972 3594 qua:
994 3519 1065 3581 ad
1090 3521 1345 3583 divinam
1374 3523 1687 3584 scientiam
1748 3532 2036 3603 spectant,
2074 3523 2153 3585 ita

507 3604 902 3668 indubitatum
961 3620 1071 3689 est,
1127 3630 1159 3671 a
1193 3611 1354 3673 nullo
1398 3612 1513 3673 alio
1550 3612 1660 3673 nisi
1717 3613 1789 3673 ab
1841 3612 1969 3693 ipso
2027 3614 2152 3674 solo

503 3693 643 3754 sciri
680 3714 875 3775 posse,
912 3699 1065 3778 quod
1114 3719 1315 3762 verum
1355 3711 1462 3763 est.

584 3782 768 3847 XVII.
807 3788 874 3847 Et
898 3787 990 3847 his
1014 3789 1206 3869 dictis,
1239 3800 1361 3851 tam
1391 3792 1532 3851 mihi
1555 3801 1758 3869 aperte
1783 3799 1839 3851 et
1865 3799 1978 3851 tam
2004 3792 2154 3852 diluo

503 3871 660 3951 cide,
692 3876 824 3953 quis
854 3876 965 3937 iste
990 3888 1147 3940 esset
1181 3882 1492 3959 propheta,
1520 3889 1576 3939 et
1600 3880 1896 3959 quomodo
1923 3880 2153 3942 inveni-

505 3968 690 4042 retur,
724 3964 1012 4042 exposuit,
1050 3976 1111 4027 ut
1141 3986 1249 4045 ego
1281 3968 1422 4029 mihi
1446 3978 1584 4029 ante
1615 3968 1817 4028 oculos
1845 3968 2156 4051 habere,et

510 4067 681 4110 manu
736 4062 1109 4117 contrectare
1147 4057 1380 4116 viderer
1424 4056 1823 4137 probationes,
1888 4076 2032 4137 quas
2079 4060 2153 4120 de

507 4140 852 4217 prophetica
882 4143 1125 4205 veritate
1160 4147 1509 4227 protulerat,
1536 4147 1876 4227 ingentique
1908 4157 2152 4227 stupore

504 4228 820 4307 defigerer,
845 4234 1141 4311 quomodo
1175 4253 1244 4295 ea
1274 4254 1405 4314 quae
1428 4255 1635 4297 omnes
1667 4247 1963 4317 qtizerunt,
2016 4248 2153 4300 ante

504 4320 709 4379 oculos
741 4321 928 4400 posita
959 4325 1155 4385 nullus
1211 4324 1387 4385 videt.
1447 4323 1612 4386 Unde
1636 4326 1892 4405 jubente
1939 4345 2033 4403 eo,
2084 4348 2154 4391 ea

2239 3360 2448 3418 negem
2485 3359 2577 3402 me
2609 3360 2781 3421 posse
2816 3339 3149 3414 transferri,
3179 3347 3407 3400 certum
3438 3345 3529 3398 est
3580 3336 3732 3416 apud
3764 3353 3863 3407 me,

2236 3432 2372 3511 quia
2405 3432 2740 3512 quicunque
2768 3430 3076 3490 hominum
3113 3430 3263 3490 hanc
3304 3428 3378 3488 de
3426 3444 3571 3489 vero
3607 3424 3870 3507 propheta

2236 3523 2532 3602 acceperit
2549 3519 3147 3593 rationem,dubitare
3172 3518 3323 3580 ultra
3342 3518 3415 3578 de
3439 3517 3690 3579 veritate
3705 3513 3863 3574 nulla-

2241 3621 2410 3673 tenus
2426 3612 2638 3692 poterit
2654 3611 2742 3673 .Et
2764 3610 2897 3670 ideo
2912 3607 3147 3670 conﬁdo
3169 3610 3243 3668 tle
3261 3609 3370 3669 hoc
3390 3605 3599 3666 divino
3612 3606 3867 3682 dogmate

2238 3704 2467 3766 ccelitus
2500 3701 2769 3782 definito,
2800 3702 2854 3762 in
2884 3718 2998 3779 quo
3026 3698 3218 3759 omnis
3240 3717 3339 3756 ars
3367 3696 3613 3758 malitiae
3637 3711 3865 3773 supera-

2239 3803 2352 3854 tur.
2387 3793 2686 3854 Adversus
2710 3790 3077 3871 prophetiam
3110 3787 3328 3848 etenim
3394 3805 3593 3867 neque
3619 3802 3711 3845 ars
3766 3781 3865 3841 ulla

2238 3894 2391 3944 stare
2416 3883 2691 3962 sufﬁciet,
2712 3899 2903 3961 neque
2917 3879 3348 3958 sophismatum
3374 3875 3864 3956 syllogismorum-

2238 3994 2352 4053 que
2386 3972 2684 4034 versutia}.
2718 3971 2831 4030 Sed
2858 3968 3053 4030 omnis
3077 3968 3178 4048 qui
3212 3966 3467 4059 audierit
3488 3965 3568 4026 de
3595 3982 3728 4059 vero
3747 3978 3868 4059 pro-

2240 4052 2691 4143 pheta,necesse
2717 4068 2879 4121 estut
2900 4058 3097 4119 statim
3116 4056 3477 4119 desiderium
3500 4054 3692 4145 capiat
3708 4052 3869 4145 ipsius

2234 4139 2520 4225 veritatis,
2555 4170 2663 4210 nec
2689 4150 2839 4210 ultra
2887 4147 2992 4208 sub
3026 4146 3340 4207 occasione
3392 4143 3513 4204 veri
3547 4139 3871 4236 quaerendi,

2236 4243 2503 4303 diversos
2527 4239 2783 4320 patietur
2798 4254 3029 4299 errores
3046 4284 3056 4294 .
3071 4239 3319 4316 Propter
3336 4230 3764 4320 quod,domiue
3783 4230 3869 4299 Ini,

2237 4353 2269 4394 ο
2319 4318 2685 4405 Ρθῐτθξηυιο
2716 4329 2797 4389 sis
2823 4327 2973 4388 ultra
3004 4325 3319 4398 sollicitus,
3360 4334 3639 4404 tanquam
3688 4318 3758 4378 de
3805 4333 3867 4375 eo

589 4479 654 4529 66
683 4480 825 4572 Quae
852 4494 1182 4564 sequuntur
1210 4502 1399 4572 usque
1422 4485 1493 4545 ad
1522 4485 1697 4572 tinem
1732 4487 1910 4572 hujus
1932 4504 2038 4567 cap
2077 4536 2090 4558 ,
2124 4493 2337 4555 desunt
2361 4493 2420 4552 in
2453 4502 2700 4570 utroque
2733 4489 2907 4549 codd.
2944 4488 3134 4566 Lipss.
3219 4483 3272 4572 σῖ
3304 4482 3658 4572 Vocabula:
3710 4476 3858 4572 Unde

494 4560 743 4642 jubeute
769 4581 836 4655 eo
861 4560 1397 4655 7'transmittei'et
1430 4584 1548 4626 non
1583 4560 1857 4643 leguntur
1888 4568 1944 4626 in
1974 4560 2109 4632 cod.
2148 4575 2336 4655 Lipss,
2420 4573 2484 4623 68
2514 4560 2684 4632 Etim
2713 4577 2880 4650 putes
2916 4602 2985 4614 —-
3015 4560 3335 4645 perveniat
3358 4565 3573 4625 desunt
3606 4563 3663 4622 in
3718 4567 3858 4619 utro-

1880 4724 2274 4796 COTELERH
2318 4732 2569 4797 NOTIE.

507 4660 625 4719 quo
675 4643 848 4703 codd.
881 4644 1076 4725 Lipss.

589 4887 709 4963 (15.
724 4887 843 4968 Qui
856 4885 1204 4968 appellatur
1219 4906 1394 4949 verus
1408 4886 1981 4968 proiithaJmCutio
2002 4909 2163 4953 usur-

512 4976 642 5045 pata
664 4966 906 5045 quidem
936 4966 1014 5028 ab
1042 4968 1361 5030 Ambrosio
1386 4966 1447 5028 in
1477 4967 1695 5046 psalm.
1744 4984 1937 5045 cxvm,
1975 4969 2071 5035 63.
2110 4983 2168 5034 et

510 5046 585 5106 ab
610 5054 847 5108 auctore
879 5047 1472 5111 Commentariorum
1502 5046 2163 5114 inLa‘mentionrsJet-e-

512 5132 649 5188 miw
669 5126 1266 5209 apudHAierouymum
1294 5129 1365 5189 ad
1389 5130 1520 5209 11,9,
1551 5127 1789 5209 merito,
1814 5127 2030 5190 Vel-nni
2058 5152 2155 5192 su-

514 5217 713 5286 specta
751 5207 806 5267 in
832 5207 923 5266 his
951 5206 1146 5287 libris,
1178 5214 1233 5269 in
1267 5208 1520 5285 epistola
1541 5208 1609 5267 ad
1633 5206 2011 5287 Jacobutn,in
2038 5213 2166 5273 Cle-

515 5288 891 5369 mentinis,ut
914 5298 970 5347 et
997 5286 1313 5368 Propheta,
1344 5299 1521 5369 atque
1544 5286 2165 5369 Prophetatjerilatis;

511 5367 648 5447 quia
681 5376 828 5429 teste
853 5367 1207 5448 Epiphanio,
1234 5367 1443 5431 haeresi
1470 5369 1570 5440 30,
1596 5367 1860 5427 Etiionaei
1884 5367 2162 5432 l’eriodoé

512 5446 641 5509 rum
663 5447 822 5509 Petri
851 5446 1355 5510 Clementinarutn
1382 5447 2168 5526 interpolatores.Christum

517 5528 888 5612 prophetam,
923 5539 981 5587 et
1016 5530 1363 5608 prophetam
1392 5529 1650 5612 veritatis
1674 5526 1977 5605 appellare
2008 5533 2169 5592 sole-

516 5608 866 5687 bantgrquasi
903 5627 1131 5669 merum
1153 5612 1479 5673 hominem;
1500 5610 1671 5687 juxta
1701 5614 2169 5687 argumentatio-

516 5628 678 5683 hant;
745 5628 866 5669 uasn
903 5628 1131 5669 merum
1153 5628 1671 5687 notmnemuuma
1701 5628 2167 5682 argumentatio-

514 5706 650 5755 nem
685 5628 995 5769 'i'lteotloti,
1032 5689 1088 5748 in
1150 5693 1361 5750 eodem
1402 5687 1731 5769 Epiphanio
1797 5686 2010 5769 haeresi
2066 5692 2167 5767 54,

514 5772 750 5852 num,3,
769 5767 1125 5852 llebrmique
1143 5771 1201 5831 in
1230 5770 1398 5852 Nilo,
1425 5767 1526 5852 lib.
1551 5786 1588 5841 I,
1607 5767 1829 5852 epist,_l
1848 5768 2011 5852 2_7,et
2034 5772 2155 5852 opi-

515 5846 759 5927 nionem
791 5846 1150 5911 Essenorum
1174 5849 1331 5931 apud
1354 5846 1941 5912 Philastrium.Unde
1957 5846 2171 5916 auctor

2253 4897 2469 4959 Graeca)
2493 4892 2793 4972 Epitomes
2816 4890 2924 4972 ista
2946 4889 3166 4972 omisit,
3191 4887 3485 4951 Catholica
3515 4902 3652 4944 vero
3676 4878 3863 4972 subslit

2252 4976 2379 5038 tuit.
2418 4966 2610 5052 Atque
2641 4991 2709 5032 ex
2738 4970 2863 5052 istis
2885 4970 3200 5049 castigabis
3226 4985 3516 5052 errorem,
3552 4966 3863 5052 seunpollﬁf

2253 5042 2648 5134 ignorantiam
2676 5042 3104 5134 hacin_part'e,
3163 5047 3406 5134 Davidis
3432 5042 3862 5134 Blondelt'i,_vlirt

2249 5115 2763 5202 aiiasdoctissimi,
2794 5115 3318 5213 inP'rolt-gomenis
3338 5128 3409 5213 ad
3434 5115 3861 5213 pseudo-Alsitl'oe

2255 5195 2408 5282 rum.
2433 5234 2561 5294 cap.
2588 5214 2680 5287 11,
2719 5195 2773 5294 [ί.
2792 5212 2898 5294 7576.
2925 5195 3196 5294 Denique
3214 5212 3327 5294 huc
3346 5195 3542 5294 facere
3558 5195 3861 5294 videturl'of

2253 5316 2357 5356 rus
2387 5277 2942 5373 corruptus-[sideri
2973 5291 3052 5352 lib
3100 5277 3205 5352 .vltt
3240 5288 3595 5373 Originum,
3640 5299 3759 5358 cap.
3789 5277 3853 5373 5Αέ

2253 5377 2304 5438 Ii
2314 5378 2554 5439 biouitae
2570 5368 2665 5435 '(J/i
2677 5374 2891 5454 ris-tum
2916 5389 3025 5451 per
3039 5372 3391 5454 prophetam
3407 5368 3626 5454 solum,
3640 5371 3859 5454 verum,

2254 5435 2716 5535 iustumputant
2734 5435 3026 5532 effectum,
3039 5435 3163 5535 ἰιἰεῖ
3174 5444 3691 5535 doceretli‘istoria
3709 5435 3860 5535 erat:

2254 5525 2557 5599 Siustica'a
2591 5525 2803 5595 Rutilio
2832 5525 3022 5602 versa,
3046 5531 3156 5609 legi
3190 5529 3432 5604 debere,
3456 5525 3743 5609 Christum
3764 5526 3860 5595 per

2252 5617 2579 5696 profectum
2610 5620 2827 5696 solum,
2862 5618 3058 5696 uc'rum
3080 5602 3540 5696 justumputunt
3594 5602 3853 5696 eﬂ'ectttttl.

2256 5686 2567 5775 quomodo
2598 5694 2770 5775 etiam
2796 5686 3038 5775 quidam
3064 5700 3286 5775 veteres
3311 5686 3446 5775 libri
3470 5689 3855 5775 mss.'a‘poct¥:

2256 5763 2369 5857 pha
2400 5774 2665 5856 Epistula
2692 5763 2927 5857 Lentuli
2963 5792 2979 5845 ς
3026 5772 3084 5857 in
3126 5763 3705 5857 Orthodosogtaphis
3727 5778 3737 5819 :
3762 5767 3850 5833 qui

2252 5849 2478 5921 dicitur
2501 5874 2537 5916 a
2566 5854 2848 5934 gentibus
2863 5851 3159 5934 propheta
3190 5849 3492 5914 veritatis.
