4054 6214
202 194 302 259 121
317 195 349 254 7
978 238 979 243 η
1427 187 1855 252 RECOGNITIt

1944 190 2062 251 ‘UM
2116 191 2254 250 LIB.
2306 189 2358 253 Ι.
3416 183 3568 247 1218

198 328 301 410 qui
332 326 561 391 nesciat
589 325 729 407 quid
762 326 1079 407 acceperit,
1108 334 1167 387 et
1197 333 1484 403 quantum
1534 325 1645 387 sibi
1676 342 1844 387 com-
1866 333 1906 381 Α
1930 333 1986 383 et
2016 343 2045 383 a
2074 342 2211 403 quo,
2249 333 2307 384 et
2331 340 2437 403 per
2467 340 2642 402 quem
2669 322 2756 382 vel
2779 330 3023 401 propter
3044 338 3245 402 quem;
3274 330 3470 383 utrum
3497 323 3569 384 ab

200 417 457 479 missum
493 416 567 476 sit
598 414 861 476 muneris
895 436 911 487 ;
947 424 1142 476 certus
1183 422 1334 491 esto,
1366 414 1521 494 quod
1553 414 1765 476 scienti
1797 421 1854 474 et
1934 432 2074 484 uno,
2109 432 2179 473 an
2213 432 2244 473 a
2278 412 2536 483 duobus,
2571 429 2644 470 an
2678 428 2712 470 a
2737 411 2935 471 multis
2965 428 3249 490 accepere
3290 413 3573 474 substanu

204 505 561 584 intelligenti
593 505 836 583 gratiam
889 502 1218 584 contulisti,
1270 523 1379 566 nec
1413 503 1581 565 facile
1613 521 1849 583 possum
1935 502 2113 573 tiam;
2147 511 2418 564 etutrum
2452 520 2519 562 ex
2557 500 2734 561 nullis
2756 500 3182 578 substantibus,
3217 521 3289 561 an
3349 521 3419 562 ex
3468 501 3571 561 ali-

198 596 426 676 decipi,
461 613 567 676 pro
596 612 665 658 eo
686 594 868 674 quod,
895 612 1027 675 quae
1075 592 1179 654 diu
1240 592 1677 673 desiderabam,
1737 594 1853 654 cito

198 685 408 746 videor
436 684 704 764 adeptus.
748 681 945 745 Potest
974 682 1133 744 enim
1182 682 1311 743 ﬁeri
1353 691 1414 743 ut
1443 682 1594 744 alius
1624 681 1857 742 deside-

194 793 341 836 rans
367 773 486 834 cito
507 772 892 853 adipiscatur,
913 772 1065 835 alius
1092 790 1203 834 nec
1231 773 1395 834 tarde
1419 771 1491 833 ad
1516 771 1855 833 desiderata

198 864 533 945 perveniat.
840 951 850 953 _
1244 951 1324 953 Α
1461 950 1488 953 _
1601 951 1608 953 _
1734 916 1771 953 ο

281 953 439 1017 XIX.
476 953 545 1015 Et
574 956 809 1028 Petrus,
837 951 927 1013 his
960 971 993 1013 a
1021 971 1114 1013 me
1144 951 1364 1013 auditis
1400 970 1412 1013 :
1450 950 1683 1014 Gratias
1712 950 1849 1029 a‘go,

200 1045 422 1125 inquit,
456 1046 577 1107 Deo
610 1061 767 1117 meo,
796 1051 855 1104 et
887 1060 991 1120 pro
1020 1041 1209 1102 salute
1254 1050 1370 1120 tua,
1420 1048 1478 1102 et
1509 1058 1615 1120 pro
1646 1039 1855 1117 requie

201 1153 339 1195 mea
370 1155 384 1207 ;
418 1133 585 1194 valde
618 1131 778 1193 enim
814 1130 1101 1204 delector,
1137 1130 1278 1210 quia
1300 1131 1667 1192 intellexisse
1693 1139 1747 1191 te
1775 1128 1857 1189 vio-

203 1224 344 1298 deo,
372 1231 589 1305 quanta
616 1221 691 1281 sit
723 1221 952 1281 virtutis
984 1220 1351 1301 propheticae
1398 1220 1761 1297 magnitudo,
1797 1227 1854 1281 et

202 1313 370 1392 quia,
409 1322 472 1373 ut
502 1312 612 1391 ais,
645 1328 753 1372 nec
780 1312 830 1372 si
862 1328 969 1392 ego
996 1309 1125 1392 ipse
1157 1310 1417 1392 cupiam,
1452 1311 1611 1392 quod
1643 1309 1800 1392 absit
1837 1314 1848 1367 l

206 1389 416 1472 potero
453 1402 509 1453 te
541 1389 933 1452 transvertere
957 1390 1018 1450 in
1047 1389 1463 1451 aliam'ﬁdem.
1498 1389 1581 1452 Ex
1600 1390 1713 1451 hoc
1728 1391 1850 1469 jam

204 1482 411 1561 incipe
432 1500 564 1543 esse
596 1480 934 1559 nobiscum,
988 1489 1046 1539 et
1107 1480 1364 1541 crastina
1419 1480 1515 1543 die
1567 1482 1854 1541 interesto

207 1569 716 1651 disputationibus
750 1570 967 1630 nostris
999 1589 1015 1648 ;
1043 1569 1155 1630 erit
1186 1569 1345 1630 enim
1376 1569 1521 1631 mihi
1552 1578 1855 1631 certamen

1933 592 2151 671 quibus
2180 602 2415 670 sumpta
2448 594 2586 669 sint,
2639 600 2697 650 et
2722 589 3005 650 adornata
3038 607 3053 662 ;
3118 600 3237 650 tum
3275 592 3324 651 si
3376 592 3572 671 aliqua

1930 681 2118 741 virtUs
2150 695 2237 741 est
2270 681 2326 741 in
2360 680 2686 753 altissimis,
2717 689 2816 741 aut
2848 679 2905 739 in
2939 678 3187 741 infernis
3222 698 3237 755 ;
3268 681 3317 740 si
3341 690 3427 741 est
3457 682 3570 742 ali-
3622 680 3629 689 ’

1933 770 2073 849 quid
2111 771 2321 831 melius
2344 769 2643 837 omnibus,
2676 776 3022 829 autcunctis
3046 768 3333 848 inferius;
3367 770 3415 829 si
3440 780 3575 831 sunt.

1935 860 2112 939 aliqui
2148 866 2363 933 zuotus,
2395 869 2495 919 aut
2532 858 2676 917 nulli
2706 878 2721 933 ;
2746 857 2794 917 si
2816 861 2936 918 haec
2953 877 3081 938 quae
3106 858 3578 932 videntur,erant

1937 967 2195 1027 semper,
2231 957 2283 1008 et
2319 958 2494 1009 erunt
2523 968 2539 1022 ;
2569 946 2617 1007 si
2642 947 2919 1007 exstitere
2945 947 3106 1006 nullo
3154 958 3459 1027 operante,
3523 959 3580 1009 et

1938 1038 2097 1098 nullo
2126 1037 2391 1099 solvente
2423 1036 2786 1099 dilabentur.
2815 1036 2899 1101 Si.
2935 1036 3201 1117 inquam,
3238 1056 3304 1099 ex
3341 1038 3430 1099 his
3459 1042 3578 1101 ini-

1938 1129 2081 1187 tium
2112 1128 2405 1206 accepvrit
2436 1126 2779 1204 disputatio,
2818 1135 2952 1204 puto
2987 1126 3142 1205 quod
3173 1145 3242 1187 ea
3267 1145 3401 1203 quae
3427 1147 3583 1209 quae-

1937 1228 2168 1295 rentur,
2203 1216 2474 1293 diligenti
2507 1215 2945 1275 exanimatione
2977 1215 3244 1276 discussa
3266 1216 3434 1277 facile
3464 1220 3580 1279 cla-

1936 1316 2194 1367 rescant.
2230 1304 2372 1366 Cum
2406 1312 2600 1363 autem
2666 1305 2790 1364 haec
2820 1304 3161 1365 claruerint.
3198 1323 3401 1365 eorum
3456 1326 3585 1386 quae

1938 1394 2352 1473 sequi-ntur,in
2383 1402 2656 1473 promptu
2680 1394 3016 1473 reperietur
3036 1394 3272 1471 agnitio.
3303 1397 3421 1471 Ego
3445 1396 3587 1475 quid

1938 1486 2229 1546 senserim
2269 1484 2478 1561 protuli
2510 1505 2524 1558 ;
2559 1483 2702 1562 quid
2734 1482 2909 1543 etiam
2943 1481 3046 1544 tibi
3078 1483 3364 1563 videatur,
3418 1485 3581 1547 indi—

1941 1593 2077 1636 care
2109 1594 2183 1634 ne
2217 1574 2431 1652 pigeat.

207 1646 347 1724 cum
381 1661 625 1724 Simone
657 1661 844 1736 Mago.
871 1646 1141 1735 Cumque
1164 1658 1287 1719 haec
1310 1656 1855 1739 dixisset,secessit,
1883 1646 1919 1698 Β
2024 1661 2183 1725 XXI.
2212 1646 2305 1725 Ᾱᾶ
2333 1663 2458 1723 haec
2485 1664 2717 1724 Petrus:
2780 1662 2904 1737 Dic,
2940 1661 3147 1742 inquit,
3220 1663 3454 1725 interim
3507 1665 3594 1727 Si-

206 1761 271 1810 ut
302 1749 500 1811 cibum
535 1758 773 1829 caperet
798 1766 933 1809 cum
952 1747 1074 1808 suis
1093 1746 1340 1827 (16),me
1360 1758 1561 1807 autem
1587 1764 1857 1809 seorsum

205 1842 363 1904 vesci
387 1840 588 1920 jussit.
628 1840 702 1901 Et
735 1850 866 1919 post
896 1838 1095 1900 cibum
1146 1856 1283 1899 cum
1335 1838 1568 1900 laudem
1603 1839 1865 1900 dedisset

208 1934 337 1995 Deo
375 1941 431 1993 et
446 1931 665 2009 gratias
684 1929 925 2008 egisset,
956 1929 1130 1991 etiam
1146 1928 1325 2009 hujus
1346 1928 1535 2009 ipsius
1557 1927 1692 1989 facti
1718 1928 1863 1989 mihi

210 2021 476 2083 reddidit
497 2021 819 2102 rationem,
849 2028 908 2081 et
935 2018 1183 2090 addidit,
1213 2018 1443 2081 dicens:
1479 2020 1587 2081 Det
1617 2018 1723 2080 tibi
1742 2021 1861 2081 Do-

214 2112 414 2172 minus
445 2109 749 2191 exaequari
778 2108 952 2170 nobis
984 2109 1044 2170 in
1106 2107 1409 2181 omnibus,
1463 2118 1526 2170 ut
1581 2117 1863 2189 percepto

213 2200 573 2281 baptismate
605 2199 806 2280 possis
846 2197 918 2261 ad
977 2198 1253 2259 eamdem
1301 2197 1609 2260 nobiscum
1643 2216 1863 2259 conve-

214 2290 349 2352 nire
373 2308 670 2351 mensam.
706 2291 781 2352 Et
810 2288 905 2350 his
937 2287 1132 2363 dictis,
1169 2287 1484 2368 quiescere
1517 2307 1612 2350 me
1638 2287 1815 2367 jussit
1851 2307 1867 2359 ;

209 2379 337 2458 jam
371 2379 526 2440 enim
555 2378 627 2439 ad
659 2396 935 2440 somnum
969 2384 1025 2439 et
1055 2384 1262 2439 natura
1305 2378 1598 2459 corporis,
1632 2388 1690 2440 et
1718 2378 1871 2439 ratio

221 2468 508 2548 temporis
533 2467 840 2530 invitabat.

303 2556 436 2623 XX.
472 2559 720 2620 Postera
738 2575 880 2618 vero
901 2556 998 2618 die
1014 2557 1331 2618 matutinus
1353 2556 1423 2618 ad
1446 2574 1554 2618 nos
1579 2556 1873 2635 ingredie-

222 2650 400 2711 batur
418 2648 757 2727 Zacchaaus,
782 2655 840 2708 et
870 2664 1003 2708 cum
1024 2646 1352 2728 salutassei,
1391 2646 1472 2707 ait
1488 2647 1560 2708 ad
1582 2650 1825 2710 Petrum
1855 2667 1871 2707 :

1947 1754 2131 1828 moni,
2167 1752 2341 1815 faciat
2375 1761 2435 1811 ut
2465 1752 2630 1831 libet,
2656 1758 2857 1812 certus
2900 1751 3081 1831 quod,
3141 1752 3338 1814 divina
3381 1752 3588 1816 Provi-

1947 1846 2141 1904 dentia
2166 1842 2476 1922 largiente,
2503 1858 2745 1920 semper
2780 1859 2889 1901 nos
2935 1840 3197 1902 inveniet
3230 1852 3483 1921 paratos.
3525 1845 3593 1907 Et

1948 1933 2266 1994 Zacchzeus
2296 1931 2535 2007 quidem
2571 1948 2702 2011 quae
2746 1930 3044 2009 audierat,
3077 1948 3350 2008 egressus
3372 1942 3458 1994 est
3492 1933 3588 1997 Si-

1951 2022 2110 2083 moni
2156 2021 2451 2082 nuntiare.
2488 2018 2700 2081 Petrus
2730 2036 2868 2080 vero
2901 2022 3232 2097 respiciens
3259 2022 3331 2082 ad
3368 2041 3499 2102 nos,
3535 2032 3595 2085 et

1949 2112 2288 2189 intelligens
2318 2109 2721 2173 contristatum
2742 2126 2837 2169 me
2867 2127 3000 2170 esse
3032 2128 3137 2188 pro
3158 2110 3444 2173 dilatione
3464 2131 3589 2175 cer-

1951 2201 2211 2273 taminis,
2246 2201 2329 2261 ait
2364 2222 2376 2263 :
2413 2199 2521 2272 Qui
2574 2197 2764 2260 credit
2818 2198 3033 2259 summi
3078 2196 3187 2260 Dei
3236 2202 3598 2281 providentia

1954 2291 2288 2370 dispensari
2317 2288 2629 2367 mundum,
2654 2306 2769 2348 non
2794 2286 2995 2361 debet,
3021 2306 3055 2349 o
3077 2289 3274 2352 amice
3295 2291 3595 2365 Clemens,

1954 2380 2029 2441 de
2058 2379 2311 2458 singulis
2338 2396 2470 2459 quae
2496 2395 2732 2458 quoquo
2770 2376 2946 2438 modo
2967 2378 3601 2460 accidunt,aspernan-

1955 2478 2045 2530 ter
2060 2470 2357 2549 accipere,
2383 2476 2582 2530 certus
2598 2466 2755 2547 quod
2770 2466 3001 2546 justitia
3020 2468 3152 2542 Dei,
3168 2469 3343 2531 etiam
3362 2488 3452 2545 ea,
3470 2491 3602 2553 quae

1958 2560 2261 2634 superﬂua
2290 2557 2563 2621 videntur
2590 2564 2695 2618 aut
2717 2557 3112 2618 contraris.in
3129 2576 3488 2640 unoquoque
3505 2581 3606 2624 nc-

1957 2650 2114 2725 gotio
2148 2657 2480 2728 opportuno
2531 2646 2689 2707 exitu
2742 2646 3221 2727 competentique
3275 2649 3600 2727 dispensat,

221 2738 435 2802 Differt
451 2736 656 2801 Simon
670 2735 1014 2799 certaminis
1036 2736 1194 2797 diem
1214 2736 1274 2797 in
1299 2735 1675 2799 undecimam
1701 2755 1874 2798 men-
1961 2737 2261 2819 praecipue
2290 2746 2488 2799 tamen
2522 2754 2662 2815 erga
2692 2753 2796 2797 eos
2821 2735 2927 2816 qui
2956 2753 3090 2797 eum
3121 2736 3470 2801 familiarius
3493 2759 3599 2801 co-

224 2829 311 2891 sis
370 2828 703 2909 praesentis,
736 2845 867 2908 quae
900 2834 990 2886 est
1046 2834 1176 2906 post
1226 2835 1456 2907 septem
1505 2826 1656 2890 dies.
1712 2828 1877 2890 Tunc
1961 2832 2086 2888 lunt
2118 2848 2134 2901 ;
2170 2836 2227 2888 et
2248 2827 2383 2889 ideo
2413 2825 2467 2869 7°
2486 2826 2586 2906 qui
2642 2825 2718 2887 de
2749 2824 2865 2901 his,
2898 2835 2960 2885 nt
2991 2824 3133 2899 dixi,
3167 2836 3365 2890 certus
3406 2840 3520 2902 est,
3550 2830 3599 2891 si

226 2916 389 2980 enim
415 2917 596 2996 magis
628 2934 877 2977 vacuum
904 2914 1021 2975 sibi
1053 2914 1420 2995 disceptandi
1454 2926 1692 2996 tempus
1723 2916 1937 3003 affir-C
1961 2916 2102 2998 quid
2126 2917 2361 2979 eveniat
2396 2924 2601 2976 contra
2638 2914 3017 2992 sententiam,
3039 2914 3199 2975 novit
3222 2933 3328 2996 pro
3347 2935 3420 2979 eo
3453 2937 3602 2981 mte-

227 3006 494 3069 mat.Sed
511 3014 568 3067 et
588 3005 729 3066 mihi
745 3004 983 3066 videtur
997 3004 1544 3085 comperendinatio
1559 3004 1690 3087 ejus
1701 3008 1877 3069 etiam
1961 3026 2159 3069 rorem
2178 3008 2252 3068 de
2268 3005 2486 3067 animis
2501 3004 2827 3084 expellere,
2846 3005 3077 3067 meliori
3092 3006 3388 3069 sententia
3409 3009 3604 3071 mani-

230 3095 406 3158 nobis
462 3113 594 3157 esse
646 3093 1006 3170 necessaria,
1041 3102 1104 3154 ut
1132 3094 1329 3173 plures
1360 3097 1743 3177 conveniant,
1778 3097 1876 3179 qui
1960 3098 2175 3159 festum
2216 3097 2466 3175 habens,
2492 3095 2651 3174 quod
2671 3094 3114 3173 dispensatione
3138 3095 3604 3173 bouiDei,etiam

228 3184 651 3264 disputationis
675 3193 892 3245 nostra;
914 3183 1004 3245 vel
1025 3183 1331 3247 auditores
1346 3186 1439 3248 vel
1450 3186 1691 3265 judices
1712 3189 1875 3252 ﬁant.
1964 3187 2120 3267 quod
2156 3188 2520 3247 contrarium
2548 3191 2811 3262 putatur,
2839 3184 3168 3245 vertaturin
3195 3185 3430 3249 melius.
3456 3187 3606 3249 Pro—

233 3279 658 3339 Verumtamen
689 3277 736 3337 si
759 3272 1065 3354 probabile
1092 3274 1196 3336 tibi
1217 3274 1473 3352 videtur,
1500 3274 1660 3339 inter
1678 3296 1876 3339 moras
1961 3286 2093 3357 pter
2124 3276 2308 3356 quod,
2340 3295 2374 3335 o
2408 3272 3060 3353 Clemens,etiamnunc
3083 3294 3200 3336 non
3226 3285 3282 3337 te
3306 3277 3615 3339 contristet

232 3386 327 3443 ea,
352 3384 484 3446 quae
512 3366 574 3426 in
605 3365 1064 3426 controversiam
1097 3364 1301 3426 venire
1336 3383 1510 3445 posse
1538 3366 1871 3448 opinamur,
1959 3364 2109 3442 Magi
2141 3364 2404 3427 Simonis
2420 3363 2530 3425 ista
2550 3362 2780 3424 dilatio.
2809 3361 2999 3424 Credo
3025 3364 3179 3425 enim
3209 3365 3367 3444 quod
3393 3367 3612 3447 perDei

234 3458 396 3519 inter
418 3454 815 3534 nosmetipsos
834 3456 1002 3532 prius
1032 3452 1439 3536 discutiamus,
1476 3456 1875 3538 etunusquis-
1960 3453 2389 3537 providentiam
2423 3462 2653 3531 gestum
2702 3451 2776 3512 sit
2807 3452 2880 3513 ad
2934 3452 3248 3514 utilitatem
3313 3462 3496 3538 tuam,
3552 3470 3614 3520 ut

235 3567 353 3628 que
377 3552 811 3624 nostrum,cum
828 3559 961 3623 qua!
984 3544 1373 3624 proponenda
1390 3544 1511 3606 sint
1531 3553 1590 3607 et
1609 3564 1742 3627 quae
1761 3564 1889 3609 res-
1969 3544 2188 3627 possim
2218 3544 2325 3607 tibi
2358 3542 2651 3605 rationem
2678 3541 2817 3602 fidei
2852 3550 3090 3622 nostrae,
3120 3543 3176 3603 in
3212 3543 3319 3608 hac
3380 3557 3609 3628 septem

238 3633 1122 3718 pondenda,cognoverit,apud
1136 3635 1521 3715 semetipsum
1538 3644 1881 3716 pertractet,
1968 3638 2196 3700 dierum
2211 3632 2870 3714 comperendinatione.
2892 3632 3116 3714 absque
3140 3635 3340 3716 aliquo
3362 3640 3613 3721 strepitu

239 3728 291 3789 si
315 3735 482 3788 recte
503 3743 568 3786 se
590 3723 869 3805 habeant,
903 3732 1006 3785 aut
1034 3723 1084 3785 si
1106 3724 1375 3787 invenire
1400 3727 1613 3805 poterit
1658 3727 1885 3807 aliquid
1971 3724 2360 3807 perordinem
2385 3732 2823 3802 consequenter
2843 3741 3142 3803 exponere
3157 3727 3617 3791 secundumtra-

238 3815 616 3879 adversarius
637 3814 799 3893 quod
818 3811 1084 3893 objiciet,
1116 3822 1219 3875 aut
1238 3833 1356 3893 quo
1373 3814 1605 3897 objecta
1631 3818 1886 3881 frustre-
1972 3814 2258 3877 ditionem
2288 3812 2338 3856 τί
2362 3813 2484 3874 veri
2503 3812 2827 3893 prophetae,
2853 3811 2955 3891 qui
2979 3812 3143 3875 solus
3174 3815 3449 3894 scit,quae
3469 3816 3621 3881 facta

242 3915 359 3968 tur.
393 3907 459 3968 Si
486 3922 625 3965 vero
655 3922 723 3965 ex
746 3904 910 3965 omni
950 3904 1156 3985 latere,
1210 3923 1343 3984 quae
1371 3922 1405 3966 a
1436 3903 1611 3967 nobis
1639 3906 1894 3971 dicenda
1977 3913 2136 3975 sunt.
2184 3913 2248 3965 ut
2278 3903 2431 3966 facta
2451 3903 2595 3975 sint,
2620 3911 2681 3962 et
2709 3920 2843 3982 qute
2871 3902 3032 3977 ﬁant,
3061 3912 3124 3964 ut
3154 3904 3317 3982 ﬁant,
3368 3925 3621 3988 quaeque

248 3994 698 4072 sunt,claruerit
716 4010 847 4055 esse
870 3993 1119 4074 munita,
1144 3994 1224 4055 ita
1261 3995 1505 4056 demum
1527 3997 1896 4061 confidenter
1978 4003 2173 4073 erunt,
2234 4001 2296 4055 ut
2352 4002 2526 4055 erunt
2563 4012 2579 4067 ;
2638 4009 2770 4071 qua:
2811 3999 3008 4053 tamen
3041 3996 3351 4058 manifeste
3376 3998 3619 4074 quidem

248 4082 847 4164 qumstionisineatur
862 4082 1593 4164 exordium.thuidem°9
1615 4104 1745 4147 mea
1767 4087 1894 4150 haec
1975 4085 2284 4148 dicta.ncn
2307 4092 2503 4143 tamen
2527 4082 2836 4142 manileste
2854 4082 3077 4162 scripta
3108 4085 3333 4161 sunt,in
3370 4095 3619 4162 tantum,

248 4185 340 4238 est
368 4172 685 4243 sententia,
719 4172 877 4253 quod
910 4180 1050 4234 ante
1082 4173 1284 4234 omnia
1320 4174 1547 4255 requiri
1596 4184 1886 4256 Oporteat,
1914 4166 2039 4236 Dut
2068 4192 2202 4236 cum
2232 4173 2530 4252 leguntur,
2562 4169 2959 4249 intelligisine
2981 4174 3318 4251 expositore
3340 4195 3457 4237 non
3475 4195 3617 4255 pos-

248 4264 392 4347 quid
424 4263 501 4325 sit
530 4261 794 4323 omnium
848 4262 1128 4340 primum,
1190 4262 1405 4344 quidve
1453 4264 1887 4341 immediatum,
1974 4265 2095 4326 sint
2131 4273 2372 4343 propter
2401 4268 2708 4340 peccatum
2734 4261 3616 4341 quodcoadolevithominibus,

248 4351 411 4435 quod
442 4349 621 4412 etiam
651 4367 887 4411 causam
906 4368 1037 4412 esse
1056 4352 1325 4413 omnium
1347 4370 1481 4433 quae
1504 4352 1890 4429 sunt,docenv
1975 4353 2131 4416 sicut
2152 4351 2430 4432 superius
2451 4349 2733 4412 diximus.
2768 4348 2999 4413 Idcirco
3023 4350 3201 4431 igitur
3220 4352 3623 4431 explanabnn.

250 4444 397 4505 dum
429 4448 520 4503 est
551 4455 567 4515 ;
600 4437 817 4502 deinde
838 4449 1052 4503 cuncta
1081 4459 1210 4522 quae
1235 4451 1396 4523 sunt,
1445 4447 1493 4504 si
1523 4442 1675 4506 facta
1729 4452 1890 4519 sunt,
1978 4451 2073 4505 tur
2106 4442 2208 4504 tibi
2242 4460 2345 4522 per
2375 4458 2473 4503 me
2502 4440 2725 4515 omnia,
2753 4448 2818 4502 nt
2839 4439 2904 4501 in
2931 4439 3027 4502 his
3053 4460 3184 4522 quae
3211 4447 3432 4523 scripta
3459 4452 3619 4520 sunt,

333 4600 401 4652 09
430 4598 519 4685 Et
542 4600 782 4685 quidem
808 4636 888 4685 —_-
918 4603 1253 4685 reperietur
1283 4603 1518 4685 agnitio
1548 4622 1667 4665 non
1700 4603 1975 4685 leguntur
2018 4607 2077 4667 in
2106 4612 2371 4685 utroque,
2390 4600 2567 4671 codd.
2588 4600 2822 4685 ALipp‘s.‘
2870 4599 2955 4685 _7_°
2984 4602 3065 4667 Et
3093 4604 3380 4668 idco-in
3409 4606 3629 4670 melius

255 4681 476 4745 desunt
503 4680 572 4745 in
596 4682 771 4744 codd.
806 4680 999 4765 Lipssl
1083 4681 1131 4726 '"
1160 4680 1503 4747 Secundum
1537 4680 2311 4766 traditionem-agnationis
2340 4682 2558 4745 desunt
2585 4681 2651 4747 in
2670 4680 2850 4745 codd.
2869 4680 3059 4763 Lipss.

1582 4822 1985 4889 COTELERII
2029 4821 2283 4888 ΝΟΤιλΕ.

346 4980 780 5075 μωξςοιεξίι,
812 4981 1110 5075 utng
1132 4991 1379 5075 caperet
1435 4985 1906 5075 c_um_su_is_.ietc.
1992 5003 2127 5075 cum
2161 4984 2547 5075 Constantino
2604 4983 2969 5075 imperatore
3016 4984 3281 5075 nopdum
3322 4983 3632 5075 Paptisato

258 5062 635 5147 Passim‘hic.
669 5062 843 5147 Apud
861 5062 1253 5147 Athanasium
1282 5063 1405 5132 Lib.
1433 5065 1909 5147 devirginitate,
1995 5065 2260 5146 epulatos
2286 5062 2725 5147 fuissetestis:
2743 5072 2835 5126 est
2884 5064 2999 5147 fide
3048 5064 3265 5147 dignus
3318 5062 3638 5147 Eusebius,

258 5161 321 5227 p.
374 5143 531 5207 1052
562 5160 581 5206 .’
614 5142 741 5227 fee;
783 5142 840 5201 δὲ
870 5146 1054 5227 ὠνθτῂ
1098 5146 1488 5227 κατηχουμένη
1547 5146 1601 5202 ἑν
1623 5142 1855 5227 ντραπέζτ

1996 5142 2263 5227 quamvis
2323 5146 2379 5209 ei
2411 5145 2561 5209 nolit
2590 5144 2839 5227 credere
2894 5142 3269 5227 Nicephorus
3338 5145 3642 5227 Callistus.

256 5224 339 5300 μὴ
408 5225 775 5307 συνιυχέσθωλ
818 5225 952 5301 μετὰ
1010 5231 1117 5307 στῶ-ν
1146 5224 1371 5305 πιστῶν,
1408 5225 1521 5307 οὐδὲ
1554 5228 1632 5303 μὴ
1660 5224 1855 5307 familiae

1996 5224 2113 5290 Sed
2143 5235 2201 5289 et
2227 5226 2551 5307 Christiani
2586 5224 2758 5288 multi
2788 5243 2907 5286 non
2935 5224 3084 5288 adeo
3113 5246 3147 5288 a
3180 5226 3427 5307 paganis
3477 5227 3642 5307 refu-

257 5318 461 5385 φαγετν
478 5303 807 5387 τδνίψωμ-όν
841 5328 935 5387 sou
978 5303 1098 5387 per:
1134 5307 1322 5374 αὐτῆς.
1346 5303 1776 5387 Capitularium
1804 5307 1855 5369 lii

1994 5307 2255 5387 giebant.
2288 5306 2461 5372 Unde
2489 5307 2765 5370 Nonnam
2797 5315 3048 5387 matrem
3074 5303 3240 5369 suam
3259 5303 3466 5387 laudat
3490 5304 3640 5370 Gre-

256 5400 346 5468 vn,
382 5402 519 5467 cap.
566 5385 831 5469 92:7Non
865 5385 1048 5448 liccat
1077 5384 1580 5469 baptizatts'cum
1629 5388 1913 5452 catechu-
1995 5384 2197 5468 ﬁorius
2241 5390 2671 5469 Nazianzenus,
2704 5387 2862 5469 quod
2905 5385 3104 5449 cibum
3163 5407 3293 5469 cum
3348 5386 3641 5451 idolorum

257 5467 896 5549 uacuismanducare,
918 5483 1025 5529 nec
1056 5467 1325 5531 osculum
1366 5470 1455 5531 eis
1480 5468 1659 5547 dare,
1690 5469 1784 5533 vel
1810 5487 1921 5532 ave
2003 5467 2333 5532 eultoribus
2376 5467 2755 5549 communem
2818 5486 3124 5544 nunquam
3184 5468 3484 5549 habuerit,
3531 5486 3642 5531 nec

259 5544 395 5631 illis
439 5547 641 5631 dicere
667 5568 683 5613 :
714 5554 940 5629 quanto
970 5544 1922 5631 magispcttmugmcommum’catts
2003 5549 2240 5631 gentilis
2258 5549 2507 5631 feminae
2550 5547 2823 5631 manibus
2884 5549 3151 5611 dextram
3206 5544 3502 5631 injecerit,
3541 5559 3642 5613 aut

258 5624 342 5690 ab
372 5624 803 5711 optempo,dut
832 5644 969 5691 cum
997 5624 1328 5709 gentilibus
1346 5628 1707 5712 lEpiscopos
1721 5639 1920 5695 tamen
2006 5624 2170 5693 fabra
2192 5630 2373 5693 labris
2397 5629 2730 5695 miscuerit.
