4054 6214
445 329 595 395 1235

1268 339 1329 400 Β.
1373 334 1814 404 CLEMENTIS
1855 345 1877 403 Ι
1923 341 2107 403 BOM.
2155 338 2378 400 PONT.
2427 339 2675 402 OPERA
2718 339 2972 402 DUBIA.

3642 282 3778 398 es

436 484 574 528 eum
605 467 871 550 dixisset,
905 487 1022 531 non
1053 470 1424 532 dubitaretur
1453 480 1511 532 et
1542 474 1891 552 prophetam
1928 487 2064 535 eum
2092 478 2127 522 Α
2154 466 2212 527 hi
2245 485 2383 529 vero
2410 469 2516 546 qui
2541 469 2686 531 nihil
2721 468 2796 530 de
2825 469 2958 549 ipso
2981 469 3221 550 penitus
3251 467 3579 542 audierant,
3599 475 3772 529 etve-

436 555 643 629 fuisse,
677 557 906 619 etiamsi
965 560 1246 640 scriptum
1301 579 1416 620 non
1468 570 1629 622 esset
1686 563 1745 622 in
1797 568 1923 641 lege
1953 584 1966 624 :
1999 563 2073 622 ita

438 665 570 708 cum
602 659 829 709 certum
870 647 946 709 sit
988 667 1124 709 eum
1160 651 1509 729 prophetam
1559 649 1767 731 fuisse,
1800 651 2076 712 similiter

441 746 670 798 certum
701 745 791 798 est
824 746 882 797 et
911 737 1066 817 quod
1101 747 1312 799 unctus
1336 739 1432 808 sit.
1459 739 1595 820 quia
1614 740 1745 802 sine
1776 751 2074 819 unguento

444 827 797 906 prophetare
829 845 946 888 non
980 835 1231 907 poterat.
1259 826 1478 890 Verum
1512 829 1624 889 hoc
1660 831 1843 908 magis
1875 830 2078 892 dicere

444 920 499 974 te
528 915 812 995 oportuit,
836 917 882 976 si
913 918 1175 978 chrisma
1205 925 1333 976 arte
1382 918 1741 998 myropolica
1790 921 2076 1000 Composi-

442 1013 562 1063 tum
591 1011 680 1066 est
707 1007 780 1066 ab
840 1009 1063 1077 Aaron,
1094 1005 1390 1084 quomodo
1452 1006 1676 1083 primus
1727 1010 1902 1069 homo
1951 1027 2077 1087 per-

443 1093 581 1172 ungi
615 1095 799 1172 potuit
828 1108 1130 1174 unguento
1178 1104 1339 1165 ante,
1371 1098 1820 1175 compositionis
1852 1098 2076 1159 artibus

441 1183 704 1244 nondum
740 1183 1043 1262 repertis?
1071 1184 1138 1245 Et
1169 1203 1276 1263 ego
1311 1187 1629 1264 respondi:
1665 1185 1794 1248 Non
1830 1209 1922 1249 me
1957 1198 2043 1249 tra

442 1271 644 1345 ducas,
683 1274 895 1353 Petre;
933 1293 1051 1334 non
1078 1273 1236 1334 enim
1271 1274 1345 1335 de
1392 1284 1695 1353 unguento
1749 1279 2077 1357 compositu

446 1371 502 1423 et
535 1365 845 1444 temporali
877 1365 1008 1424 oleo
1055 1364 1287 1443 loquor,
1320 1365 1421 1425 sed
1475 1367 1551 1425 de
1594 1365 1690 1428 illo
1738 1369 1989 1446 simplici
2023 1379 2079 1429 et

443 1462 694 1524 aeterno,
729 1452 885 1532 quod
949 1471 982 1513 a
1043 1451 1161 1514 Deo
1214 1455 1427 1514 factum
1487 1472 1620 1515 esse
1681 1456 1954 1520 docuisti.
2006 1458 2074 1516 ad

439 1542 610 1619 Cujus
670 1541 1124 1602 similitudinem
1185 1544 1336 1604 istud
1401 1546 1795 1623 compositum
1851 1565 1981 1608 esse
2008 1547 2079 1606 ab

443 1628 783 1691 hominibus
808 1630 979 1694 dicis.

521 1717 774 1783 XLVIII.
803 1719 873 1780 Et
907 1722 1109 1781 Petrus
1147 1723 1216 1782 ad
1273 1724 1418 1801 haec,
1455 1731 1518 1782 ut
1550 1724 1879 1796 videi-atur,
1919 1726 2077 1786 indi-

2161 557 2320 618 uisse
2345 558 2621 637 credunt,
2649 568 2707 620 et
2730 569 3044 622 venturum
3079 565 3345 638 sperant.
3377 555 3445 617 Et
3472 557 3546 616 ita
3578 557 3632 615 in
3662 575 3784 616 om-

2162 647 2336 708 nibus
2363 649 2672 728 pr0phetia
2710 648 2900 710 lidelis
2932 647 3234 728 apparuit,
3264 663 3397 726 quae
3430 644 3570 706 dixit
3604 645 3780 723 ipsum

2162 754 2295 797 esse
2317 740 2818 816 exspectationem
2851 738 3140 816 gentium.
3169 735 3526 797 Erraverunt
3545 752 3681 811 ergo
3699 733 3788 796 Ju-

2163 825 2275 886 daei
2298 826 2373 888 de
2406 828 2600 905 primo
2626 826 2860 887 Domini
2892 826 3146 888 adventu
3177 848 3191 898 ς
3218 833 3278 886 et
3301 823 3457 884 inter
3488 843 3594 883 nos
3623 831 3786 902 atque

2161 914 2322 994 ipsos
2355 914 2430 976 de
2459 916 2571 978 hoc
2601 925 2691 976 est
2712 916 2839 977 solo
2864 915 3176 977 dissidium
3236 917 3384 977 Nam
3421 912 3572 992 quod
3605 921 3793 973 ventu-

2161 1021 2263 1065 rus
2292 1005 2367 1065 sit
2396 1003 2688 1072 Christus.
2722 1014 2942 1067 norunt
2967 1005 3142 1066 etiam
3190 1003 3303 1083 ipsi
3333 1015 3394 1061 et
3423 1009 3788 1082 exspectant;

2161 1093 2315 1172 quod
2348 1102 2543 1154 autem
2581 1094 2706 1173 jam
2741 1094 2968 1154 venerit
3001 1094 3058 1154 in
3091 1091 3426 1153 humilitate
3459 1091 3552 1153 hic
3579 1090 3676 1169 qui
3704 1089 3793 1150 di-

2162 1181 2315 1242 citur
2337 1183 2531 1256 Iesus,
2561 1183 2853 1260 ignorant.
2876 1185 2947 1246 Et
2968 1183 3030 1242 in
3062 1182 3176 1243 hoc
3207 1180 3461 1241 maxime
3488 1179 3615 1257 ejus
3645 1196 3790 1237 con-

2163 1271 2429 1331 firmatur
2458 1272 2769 1351 adventus,
2803 1271 2958 1353 quod
2992 1271 3048 1333 ei
3095 1289 3210 1330 non
3263 1285 3473 1330 omnes
3521 1265 3797 1328 credunt.

2243 1360 2336 1422 LI.
2370 1359 2537 1422 Hunc
2574 1380 2712 1440 ergo
2749 1365 2903 1424 Deus
2943 1358 3261 1422 destinavit
3303 1359 3359 1417 in
3409 1357 3528 1419 line
3581 1354 3799 1433 mundi,

2167 1450 2305 1529 quia
2331 1450 2706 1530 impossibile
2737 1461 2862 1513 erat
2887 1448 3224 1510 mortalium
3263 1448 3416 1508 mala
3444 1447 3681 1526 purgari
3705 1462 3799 1524 per

2166 1540 2610 1619 alium,integra
2635 1542 2920 1602 duntaxat
2950 1548 3343 1620 permanente
3368 1533 3615 1597 humani
3639 1552 3799 1620 gene-

2168 1629 2248 1688 ris
2279 1617 2571 1709 creatura,
2607 1630 2719 1690 ltoc
2771 1639 2862 1690 est
2903 1617 3059 1688 salva
3087 1625 3322 1688 arbitrii
3358 1617 3800 1709 libertate.Hoc

2165 1717 2342 1794 igitur
2377 1727 2524 1778 statu
2561 1708 2844 1779 incolumi
2899 1726 3227 1782 reservato,
3265 1715 3516 1774 invitare
3549 1708 3709 1770 venit
3735 1708 3796 1767 ad

437 1825 669 1887 gnans:
702 1807 853 1881 Quid
904 1820 1094 1890 putas,
1131 1796 1426 1881 Clemens,
1460 1811 1597 1891 quia
1629 1831 1836 1874 omnes
1882 1815 2076 1874 omnia
2107 1831 2139 1876 Β
2165 1825 2411 1899 regnum
2434 1808 2627 1899 justus
2655 1825 2926 1899 quosque
2956 1816 3014 1899 e_t
3040 1825 3145 1899 eos
3174 1804 3280 1880 qui
3315 1796 3804 1899 placerestud'ue-

439 1885 576 1958 ante
609 1907 845 1978 tempus
875 1885 1031 1961 scire
1060 1885 1374 1980 possumus
1405 1900 1436 1961 ?
1471 1885 1584 1962 Sed
1635 1921 1791 1962 nunc
1842 1904 1918 1963 uti
1953 1925 2026 1963 m-
2056 1923 2088 1965 ει
2172 1896 2409 1968 runtei,
2437 1885 2652 1976 quibus
2679 1885 3185 1957 bonaiineflabilia
3221 1889 3576 1980 praeparavit
3601 1885 3802 1980 etIIie-

452 1977 757 2066 proposito
787 1977 1075 2049 sermone
1093 1991 1466 2065 recedamus,
1493 1990 1637 2052 alias
1661 1992 1762 2051 tibi
1785 2009 1918 2054 cum
1955 2012 2088 2072 pro-
2170 1985 2426 2046 rusalt-m
2446 1987 2736 2078 civitatem
2754 1987 3221 2078 crelestem,qua)
3235 1977 3801 2078 superspIe-ndorem

441 2077 637 2138 fectus
669 2085 803 2137 tuus
835 2079 1182 2139 manifestus
1236 2080 1436 2161 fuerit,
1469 2081 1542 2141 de
1577 2082 1668 2141 his
1696 2069 1966 2160 apertius
1989 2103 2085 2144 ex-
2173 2075 2314 2136 Solis
2347 2075 2598 2154 fulgebit
2642 2082 2698 2136 in
2751 2075 3115 2137 habitatione
3156 2082 3525 2135 sanctorum.
3559 2069 3804 2161 Injustos

445 2165 935 2244 ponemus.Tunc
954 2179 1150 2229 autem
1175 2155 1472 2236 unguento
1490 2155 1818 2249 composito
1839 2191 2088 2250 perum:-
2172 2182 2312 2225 vero
2343 2173 2400 2225 et
2428 2167 2667 2246 impios,
2692 2175 2752 2228 et
2774 2166 2868 2242 qui
2901 2184 3005 2244 pro
3032 2164 3216 2225 nihilo
3241 2163 3553 2250 habuerun
3601 2155 3800 2226 Deum,

440 2266 534 2316 tus
565 2256 822 2335 pontifex
847 2257 935 2318 vel
958 2258 1269 2336 propheta,
1293 2257 1399 2321 Dei
1423 2259 1606 2319 altare
1625 2246 1998 2322 succendens
2024 2266 2081 2324 in
2168 2254 2666 2336 commissamque
2701 2255 2815 2316 sibi
2847 2258 3022 2315 vitam
3057 2254 3294 2315 diversa
3318 2251 3390 2310 ad
3416 2246 3582 2325 flagit
3609 2263 3641 2336 a
3674 2263 3803 2304 con-

445 2344 606 2404 omni
632 2345 851 2406 mundo
874 2335 1449 2410 clarushabebatur.
1477 2345 1591 2409 Sed
1615 2359 1744 2429 post
1765 2352 1958 2413 Aaron
1984 2354 2082 2433 qui
2169 2346 2451 2434 lttltlt‘ttttl,
2478 2363 2544 2406 ac
2569 2335 2801 2425 tempus
2832 2345 3032 2426 operis
3057 2344 3218 2422 iusti,
3237 2339 3593 2434 esereitium
3620 2335 3806 2434 fec-ere

447 2435 704 2524 pontifex
725 2433 854 2524 fuit,
879 2436 1030 2497 alius
1052 2455 1118 2496 ex
1143 2437 1308 2516 aquis
1329 2423 1674 2511 assumitur,
1703 2460 1818 2500 non
1847 2423 2079 2524 Moysen
2167 2433 2423 2524 malitiae,
2463 2423 2945 2514 competentibus
2970 2434 3233 2514 ipsisque
3265 2429 3463 2509 dignis
3489 2423 3804 2524 ultionibus

445 2522 603 2592 dico,
639 2523 745 2585 sed
784 2523 949 2584 illum
983 2526 1081 2604 qui
1110 2526 1168 2586 in
1199 2514 1373 2602 aquis
1407 2526 1683 2607 baptismi
1713 2529 1896 2592 Filius
1912 2514 2088 2597 a'l)eo
2176 2522 2391 2584 tradet.
2426 2527 2648 2586 CtBlera
2676 2543 2815 2585 vero
2851 2543 2980 2604 qua:
3011 2524 3091 2585 ibi
3133 2530 3424 2601 gerentur
3474 2514 3724 2601 proferri
3753 2523 3802 2607 el

445 2612 784 2691 ,ρρεηειυε
823 2621 914 2674 εει
938 2612 1014 2674 99,
1045 2616 1218 2675 ,ιεευε
1275 2606 1532 2695 namque
1592 2625 1702 2690 est,
1737 2622 1836 2699 qui
1892 2622 2086 2701 ignem
2174 2612 2599 2701 eloqui,neque
2619 2614 2846 2692 angelis
2864 2633 3059 2694 neque
3081 2611 3424 2701 hominibus
3444 2610 3536 2701 fas
3558 2622 3680 2686 est;
3705 2606 3800 2668 sed

438 2701 605 2762 illum
638 2720 812 2792 quem
837 2703 1202 2765 accendebat
1234 2704 1495 2785 pontifex
1532 2725 1636 2786 pro
1666 2699 1947 2792 peccatis,
1983 2733 2082 2775 re-
2171 2700 2284 2792 hoc
2308 2710 2531 2763 tantum
2554 2702 2710 2764 scire
2733 2722 2840 2764 nos
2873 2702 3110 2774 sufficit,
3134 2704 3291 2782 quod
3319 2699 3498 2760 bonis
3531 2710 3801 2765 zeternam

438 2791 644 2881 sttnxit
672 2810 776 2871 per
796 2791 1076 2872 baptismi
1100 2794 1449 2871 gratiam;ex
1472 2814 1588 2871 quo
1613 2797 1771 2858 enim
1795 2799 1889 2860 hic
1909 2790 2083 2881 appa-
2169 2790 2462 2852 bonorum
2497 2793 2936 2872 possessionem
2969 2792 3235 2854 conferet
3263 2792 3440 2881 Deus.

435 2880 578 2972 ruit,
600 2882 849 2972 cessavit
882 2881 1168 2955 chrisma,
1199 2902 1305 2962 per
1347 2885 1503 2963 quod
1540 2886 1914 2962 pontiﬁcatus
1939 2879 2058 2972 pra;
2250 2884 2370 2945 LII.
2405 2881 2508 2943 His
2538 2882 2612 2944 ab
2643 2902 2716 2946 eo
2769 2884 2942 2946 dictis
2991 2903 3098 2963 ego
3139 2879 3426 2959 respOttdi
3453 2900 3467 2941 :
3503 2879 3564 2942 Si
3597 2883 3804 2972 Christi

441 2967 711 3042 bebatur,
747 2970 834 3031 vel
886 2972 1219 3052 pr0phetia,
1250 2973 1336 3033 vel
1366 2991 1637 3052 regnum.
1939 2967 1952 2972 ⁷
2166 2989 2348 3050 regno
2375 2972 2652 3035 fruentur
2683 2973 2769 3054 bi,
2805 2993 2961 3053 quos
2995 2974 3189 3053 justos
3216 2971 3517 3031 invenerit
3551 2971 3680 3050 ejus
3703 2975 3804 3033 ad-

515 3054 710 3149 XLIX.
737 3057 906 3122 Hunc
939 3061 1121 3139 igitur
1152 3061 1491 3123 adfuturum
1529 3064 1797 3144 praedixit
1827 3069 2075 3149 Moyses,
2166 3070 2394 3134 ventus,
2422 3080 2562 3141 ergo
2588 3065 2687 3143 qui
2707 3073 2843 3125 ante
2865 3064 3181 3125 adventum
3207 3062 3336 3141 ejus
3357 3059 3632 3122 defuncti
3654 3075 3803 3134 sunt,

437 3147 538 3229 qui
563 3151 754 3227 legem
785 3149 889 3212 Dei
915 3150 1260 3211 hominibus
1281 3151 1556 3232 tradidit;
1579 3153 1680 3214 sed
1698 3164 1752 3215 et
1772 3147 2080 3222 alius‘ante
2106 3232 2135 3236 _
2164 3169 2348 3229 regno
2380 3154 2617 3231 penitus
2653 3153 2990 3216 carebunt?
3019 3151 3166 3214 Tum
3205 3155 3449 3218 Petrus:
3484 3158 3662 3236 Cogis
3695 3164 3802 3225 me.

436 3238 658 3326 ipsum,
691 3237 840 3300 sicut
872 3237 976 3299 tibi
1009 3248 1066 3300 et
1115 3249 1251 3300 ante
1300 3241 1422 3320 jam
1480 3240 1720 3306 tradidi.
1760 3244 1891 3324 Ipse
1937 3232 2136 3326 ergoC
2163 3241 2374 3320 inquit.
2415 3260 2449 3302 ο
2485 3241 2783 3322 Clemens,
2819 3243 3019 3323 aliqua
3058 3244 3132 3303 de
3181 3232 3600 3307 inetl‘abilibus'
3621 3244 3808 3326 publi-

436 3325 714 3389 indicavit
750 3345 884 3389 eum
943 3338 1252 3389 venturum
1289 3330 1477 3407 primo
1531 3332 1770 3412 quidem
1825 3325 2078 3399 adventu
2164 3346 2324 3392 care.
2364 3334 2796 3394 Verumtamen
2828 3334 3219 3414 quoadusque
3249 3335 3509 3412 proferri
3543 3325 3703 3414 licet,
3736 3333 3810 3394 fa-

438 3414 757 3506 humilem,
773 3417 1038 3480 secundo
1069 3436 1207 3480 vero
1229 3419 1576 3497 gloriosum.
1610 3420 1674 3482 Et
1702 3427 1927 3502 primus
1951 3429 2078 3506 qui-
2164 3438 2302 3481 cere
2328 3438 2445 3479 non
2472 3420 2719 3500 pigebit.
2746 3422 3042 3496 Christus,
3068 3422 3168 3500 qui
3200 3421 3273 3483 ab
3295 3423 3464 3485 initio
3497 3435 3557 3485 et
3579 3442 3809 3504 semper

437 3504 572 3596 dem
592 3504 1027 3596 jamimpletus
1057 3516 1170 3589 est,
1200 3527 1332 3569 cum
1373 3511 1535 3570 venit
1569 3521 1626 3571 et
1657 3512 1880 3595 docuit,
1906 3504 2074 3596 et'ju.
2166 3519 2314 3578 erat,
2345 3527 2451 3588 per
2472 3509 2735 3588 singulas
2755 3529 3022 3592 quasque
3041 3511 3460 3590 generationes
3487 3513 3811 3594 piis,laten-

437 3593 548 3654 dex
572 3595 838 3682 omnium
856 3595 1162 3674 judicatus
1191 3606 1303 3669 est,
1329 3616 1396 3658 ac
1423 3611 1782 3679 peremptus.
1804 3593 2080 3668 secundo
2168 3606 2258 3658 ter
2279 3599 2685 3680 licet,semper
2708 3610 2906 3663 tamen
2931 3601 3259 3680 aderat,ltis
3282 3593 3611 3680 prtecipue,
3635 3621 3668 3663 a
3691 3602 3811 3682 qui-

437 3699 578 3773 vero
600 3681 853 3745 adventu
880 3685 1257 3761 judicaturus
1289 3687 1584 3766 adveniet,
1612 3698 1670 3749 et
1700 3690 1911 3768 impios
1942 3697 2080 3769 qui-
2170 3687 2276 3746 bus
2302 3688 3127 3772 exspectabatur,quibusque
3152 3681 3806 3773 frequenterapparuit.

443 3769 578 3863 dem
620 3773 1071 3853 condemnabit,
1107 3776 1235 3854 pios
1267 3794 1404 3836 vero
1430 3779 1486 3835 in
1524 3779 1885 3840 consortium
1918 3787 2082 3862 regni
2170 3776 2287 3838 Sed
2322 3796 2438 3836 non
2469 3786 2594 3838 erat
2619 3787 2874 3860 tempus,
2901 3790 2961 3841 ut
2986 3769 3126 3841 tunc
3149 3769 3427 3842 resolutis
3455 3769 3808 3863 corporibus

440 3858 909 3942 societatemque
933 3864 1424 3944 suscipiet.Fides
1448 3883 1586 3927 vero
1611 3858 2075 3932 secundiadven-
2171 3867 2339 3927 ﬁeret
2373 3858 2777 3951 resurrectio;
2806 3858 2906 3933 sed
2933 3871 3056 3932 haec
3088 3870 3271 3948 magis
3293 3858 3704 3934 remuneratio
3728 3872 3809 3931 vi-

445 3956 795 4040 tusconstat
821 3969 889 4012 ex
924 3956 1143 4030 primo.
1171 3952 1481 4034 Propheta;
1506 3956 1663 4015 enim
1687 3957 1760 4017 de
1789 3961 1979 4037 primo
2005 3964 2084 4022 lo-
2169 3954 2423 4017 debatur
2451 3975 2483 4016 a
2516 3956 2662 4037 Deo,
2693 3972 2759 4022 ut
2789 3962 2889 4039 qui
2923 3960 3289 4021 inveniretur
3320 3959 3552 4040 justus,
3592 3961 3809 4023 diutius

439 4039 557 4097 εἶιῑὶ
585 4046 746 4129 sunt,
777 4048 834 4099 et
870 4041 1170 4120 praecipue
1199 4041 1384 4104 Jaeob
1436 4051 1493 4104 et
1541 4046 1792 4125 Moyses,
1816 4051 2084 4111 nonnulli
2168 4056 2549 4122 permaneret
2573 4048 2630 4108 in
2654 4067 2926 4129 corpore,
2954 4058 3255 4128 autcerte,
3283 4048 3436 4108 sicut
3457 4039 3542 4111 de
3559 4050 3806 4128 quodam

439 4133 636 4218 tamen
663 4126 837 4218 etiam
896 4129 973 4190 de
1009 4130 1295 4190 secundo.
1332 4129 1446 4193 Sed
1482 4133 1917 4210 magnificentia
1943 4158 2061 4217 pro-
2160 4135 2322 4213 justo
2357 4134 2665 4198 evidenter
2714 4126 2967 4199 refertur
3014 4138 3072 4198 in
3128 4126 3342 4201 litteris
3392 4137 3544 4216 legis
3577 4126 3623 4213 ί,
3655 4141 3804 4218 quod

443 4213 660 4308 phetite
689 4214 749 4276 in
781 4216 891 4277 hoc
935 4219 1190 4280 maxime
1241 4221 1687 4300 comprobatur,
1725 4226 1880 4304 quod
1937 4213 2080 4288 nihil
2170 4224 2541 4285 transtulerit
2570 4244 2702 4287 eum
2738 4226 2918 4290 Deus.
2946 4227 3140 4290 Simili
3174 4213 3654 4308 exemplo'etiam
3674 4213 3805 4289 eum

435 4303 764 4366 secundum
797 4310 1284 4388 consequentiam
1328 4328 1527 4371 rerum
1562 4312 1637 4371 de
1668 4303 1877 4376 futuris
1907 4317 2078 4377 dixe-
2165 4312 2396 4375 cmteris
2424 4325 2651 4392 gestum
2679 4325 2769 4377 est
2800 4317 2900 4398 qui
2936 4320 3062 4394 ejus
3091 4303 3376 4379 voluntati
3431 4317 3803 4394 placuerunt,

435 4402 623 4487 runt;
677 4395 898 4473 alioqui
956 4397 1282 4460 aestimasse
1342 4400 1539 4478 potius
1597 4402 1900 4482 sapientes
1947 4407 2078 4482 viri,
2165 4412 2227 4464 ut
2252 4405 2322 4464 ad
2360 4404 2696 4482 paradisum
2754 4395 3016 4469 translati
3067 4417 3378 4468 serventur
3407 4407 3478 4467 ad
3536 4424 3804 4487 regnum,

438 4483 593 4577 quod
627 4500 827 4577 rerum
861 4488 1287 4577 consequentia
1329 4488 1668 4562 dictaverat,
1705 4493 2072 4558 viderentur.
2106 4510 2366 4559 Deorum
2403 4511 2539 4555 vero
2559 4496 2659 4575 qui
2684 4516 2798 4558 non
2832 4497 2904 4558 ad
2938 4498 3236 4576 integrum
3281 4505 3537 4577 potuere
3567 4483 3806 4575 eXpIere

520 4570 781 4668 L._Q_uod
803 4583 1007 4668 autem
1042 4576 1198 4651 dico,
1229 4577 1342 4638 tale
1371 4587 1496 4641 est:
1526 4577 1820 4668 Christum
1855 4585 2075 4664 suscipi
2162 4599 2427 4642 normam
2443 4570 2713 4662 justitize,
2737 4587 2842 4648 sed
2876 4570 3104 4668 aliquas
3128 4586 3187 4647 in
3220 4570 3326 4647 sua
3361 4601 3544 4646 carne
3578 4570 3807 4648 malitia

437 4675 471 4717 a
494 4659 713 4756 :ludzeis
743 4663 815 4756 ad
848 4681 1000 4756 quos
1022 4673 1284 4756 venerat,
1319 4674 1377 4726 et
1407 4667 1568 4727 credi
1604 4669 1676 4741 ei,
1713 4673 1810 4751 qui
1838 4659 2070 4752 exSpec-
2161 4659 2772 4748 reliquias—habuere,
2799 4659 3048 4756 corpora
3067 4676 3305 4756 quidem
3339 4672 3800 4749 resolverentur,

433 4745 666 4809 tabatur
694 4748 765 4810 ad
801 4751 1049 4814 salutem
1087 4754 1285 4834 populi
1345 4758 1678 4818 secundum
1731 4745 2078 4825 traditiones
2158 4745 2371 4829 animae
2391 4785 2530 4827 vero
2554 4745 2935 4828 Servarentui'
2959 4765 3018 4827 in
3047 4745 3220 4827 bouis
3244 4766 3510 4847 laetisque-
3533 4745 3798 4842 regioni.

436 4843 1075 4921 patrum,consequens
1097 4851 1458 4923 erat,gentes
1489 4860 1632 4906 vero
1657 4847 1882 4911 alienas
1906 4855 1979 4911 ab
2006 4872 2075 4914 eo

433 4924 586 5002 fore,
617 4926 832 5007 quibus
881 4949 1076 5011 neque
1137 4932 1491 5012 promissum
1541 4936 1865 5015 quidquam
1900 4941 1974 5001 de
2006 4962 2075 5002 eo

434 5031 628 5095 neque
657 5025 1076 5082 annuntiatum
1109 5022 1325 5096 fuerat,
1353 5025 1470 5084 imo
1492 5024 1712 5101 quibus
1732 5047 1806 5089 ne
1838 5033 2077 5092 nomine

433 5102 675 5201 qnidem
708 5106 833 5186 ipso
864 5109 1188 5201 aliquando
1220 5111 1581 5176 innotuerat.
1619 5118 1687 5177 Et
1719 5126 1911 5180 tamen
1935 5140 2071 5201 pro-

435 5191 868 5272 phetaa,contra
884 5198 1158 5260 ordinem
1174 5207 1231 5261 et
1243 5209 1731 5279 consequentiam
1757 5224 1894 5268 reru
1906 5191 1958 5269 n'i
1983 5211 2072 5270 di~

2162 4856 2293 4931 bus,
2323 4863 2387 4920 nt
2418 4859 2476 4916 in
2511 4855 2949 4917 resurrectione
2983 4865 3376 4934 mortuorum,
3399 4878 3537 4920 curn
3567 4876 3676 4921 sua
3707 4877 3794 4917 re-

2161 4947 2457 5025 ceperint,
2493 4944 2620 5023 ipsa
2673 4946 2794 5023 jam
2857 4944 3226 5008 resolutione
3278 4951 3530 5024 purgati,
3565 4969 3672 5028 pro
3721 4947 3803 5007 his

2163 5055 2292 5115 quae
2328 5035 2478 5096 bene
2510 5042 2842 5114 gesserant,
2868 5043 3088 5096 aeterna
3112 5034 3455 5099 haereditate
3480 5039 3798 5117 potiantur.

2163 5124 2234 5186 Et.
2254 5125 2390 5187 ideo
2418 5123 2573 5185 beati
2603 5132 2741 5184 sunt
2770 5141 2981 5184 omnes
3016 5122 3115 5203 qui
3140 5142 3388 5201 regnum
3421 5127 3646 5189 Christi
3675 5127 3798 5187 fue-

2164 5214 2284 5274 rint
2310 5213 2533 5294 adepti,
2570 5213 2707 5292 quia
2737 5231 2853 5273 non
2905 5212 3098 5274 solum
3159 5211 3378 5276 inferni
3424 5233 3630 5294 ptenas
3660 5215 3799 5277 ellu-

434 5296 582 5383 xere
613 5287 1568 5383 eum‘exspectationemgentium
1596 5291 1694 5372 '00,
1731 5304 1787 5355 ct
1822 5316 1934 5357 non
1963 5297 2074 5361 Ju-
2158 5287 2453 5383 gient,sed
2475 5311 2530 5363 et
2554 5287 3035 5381 incorruptibiles
3069 5287 3524 5382 permanebunt,
3549 5314 3608 5365 et
3629 5303 3797 5382 primi

434 5370 696 5472 datorum
738 5372 1147 5474 futurumnlta
1172 5377 1432 5474 denique
1455 5389 1511 5440 et
1531 5370 1764 5460 gestum
1793 5395 1900 5474 est.
1929 5387 2070 5448 Cum
2159 5370 2346 5456 Deum
2383 5395 2609 5452 Patrem
2653 5370 2962 5470 videbunt,
2995 5370 3168 5472 atque
3209 5392 3366 5453 inter
3394 5370 3792 5474 primos'apud

435 5459 594 5561 enim
624 5461 1094 5561 venisset,abhis
1111 5467 1211 5549 qui
1244 5485 1380 5530 eum
1416 5479 1761 5561 exspectare
1789 5473 2071 5538 videban-
2159 5481 2280 5543 Deu
2311 5501 2342 5541 τι
2375 5481 2617 5542 honoris
2647 5479 2919 5541 ordinem
2949 5459 3429 5561 consequentur.

436 5556 534 5612 tur
549 5568 618 5614 ex
649 5553 963 5618 traditione
978 5556 1547 5637 majorum,omnino
1566 5562 1805 5640 agnitus
1819 5583 1936 5626 non
1959 5573 2068 5639 est;
2240 5569 2385 5635 LIII.
2419 5571 2668 5650 Propter
2689 5569 2844 5651 quod
2875 5587 2993 5630 non
3022 5553 3268 5632 mini-ma
3291 5571 3366 5632 de
3388 5570 3620 5634 Christo
3647 5588 3795 5652 quai-

515 5717 580 5767 ⁸ο
606 5723 812 5787 Matth.
848 5741 933 5797 ut,
964 5724 1058 5791 l7.
1147 5732 1225 5782 ιοο
1253 5724 1404 5790 Gen.
1427 5743 1587 5812 XLIX,
1631 5731 1722 5796 lO.

1819 5735 2014 5799 ‘Gen.
2045 5754 2111 5818 v,
2143 5740 2249 5806 24.
