4054 6214
1439 22 1514 34 εει-’-

1389 40 1404 49 Α

1241 66 1312 85 ’,ι-

1177 95 1218 108 ,β-

458 264 612 332 4213

1283 280 1345 343 s.
1387 279 1825 347 CLEMENTIS
1868 285 1888 346 I
1935 257 2369 351 Romam
2440 285 2682 351 orum
2733 291 2990 354 ouem.

3695 293 3832 359 1244

454 421 562 465 nos
583 403 825 506 publice
861 410 1196 506 arguendtis
1218 425 1549 496 sperarent.
1585 421 1654 482 Et
1677 419 1760 482 sic
1792 439 1926 483 cum
1959 439 2105 499 pace
2127 426 2168 477 Α
2188 417 2394 484 dicere
2418 421 2573 504 quod
2594 423 2830 485 sentitis
2860 424 3154 504 apertius,
3173 414 3290 506 ego
3320 435 3380 487 ut
3405 442 3507 488 vos
3535 425 3710 490 etiam
3734 428 3831 490 hu-

455 495 742 572 populum
768 498 1024 564 (iimisit.

536 582 737 650 LXVI.
772 587 890 651 Nos
918 611 1054 654 vero
1087 612 1217 656 cum
1265 597 1634 660 venissemus
1681 598 1753 659 ad
1813 597 2106 663 Iacobum

453 687 745 752 nostrum,
782 681 1132 771 omniaquae
1151 684 1310 746 dicta
1340 695 1623 766 gestaque
1665 688 1897 750 fuerant
1921 709 2107 771 expo-

455 772 689 859 nentes,
715 770 869 849 apud
893 789 1026 832 eum
1053 773 1187 835 cibo
1212 785 1448 856 sumpto
1472 777 1818 847 mansimus,
1839 780 2104 859 omnipo-

455 857 619 948 lenti,
638 859 754 919 Deo
780 877 887 937 per
917 867 1098 924 totam
1126 873 1361 925 noctem
1392 866 1825 948 supplicantes,
1848 877 1908 929 ut
1939 857 2104 930 futu-

454 963 536 1007 ra:
564 945 978 1024 disputationis
1011 969 1212 1015 sermo
1245 952 1635 1016 indubitatam
1699 945 1838 1018 fidei
1890 969 2107 1022 nostra

456 1036 797 1098 ostenderet
829 1039 1155 1104 veritatem.
1190 1043 1374 1121 Igitur
1399 1054 1637 1123 postera
1695 1044 1792 1109 die
1847 1047 2106 1111 Jacobus

461 1124 773 1203 episcopus
806 1128 1113 1191 nobiscum
1155 1133 1330 1194 simul
1364 1142 1586 1196 etcum
1639 1136 1804 1196 omni
1857 1138 2108 1198 ecclesia

461 1214 732 1305 ascendit
773 1217 845 1277 ad
900 1220 1208 1298 templum,
1263 1221 1363 1282 ubi
1420 1222 1723 1300 ingentem
1771 1226 2108 1305 reperimus

464 1303 929 1391 multitudinem,
956 1327 988 1369 a
1014 1310 1211 1370 medio
1245 1314 1440 1373 noctis
1489 1303 1936 1391 exspectantem
1975 1334 2103 1379 nos.

463 1388 749 1454 Stetimus
780 1413 921 1473 ergo
949 1397 1006 1458 in
1041 1398 1432 1481 locis,quibns
1448 1410 1508 1465 et
1542 1388 1726 1482 prius,
1751 1406 2102 1468 uteminen-

462 1482 577 1545 tius
608 1494 828 1549 stantes
844 1490 918 1550 ab
943 1493 1221 1553 universo
1259 1495 1478 1574 pepqu
1508 1499 2108 1561 cerneremanum-

461 1591 577 1669 que
607 1587 763 1638 esset
794 1598 1092 1642 summum
1146 1583 1447 1645 silentium
1501 1586 1743 1658 factum,
1797 1588 2108 1669 Camaliel,

461 1664 581 1755 qui,
609 1673 670 1726 ut
698 1685 876 1745 supra
910 1670 1190 1744 diximus.
1225 1683 1444 1736 nostrae
1476 1676 1614 1738 fidei
1661 1686 1808 1749 erat,
1862 1664 2110 1755 dispen;

2185 511 2285 590 jus
2322 513 2634 573 occasione
2659 514 2891 574 timoris
2903 513 3229 586 absolvam,
3244 517 3379 595 juro
3403 515 3566 576 vobis
3589 535 3695 597 per
3715 536 3834 583 om-

2194 600 2563 679 nipotentem
2598 599 2780 662 Deum
2799 608 2858 662 et
2885 601 3178 664 viventem
3200 603 3257 665 in
3279 604 3520 676 saecula,
3541 605 3683 681 quia
3710 606 3833 669 nul.

2193 687 2311 749 lum
2333 688 2666 767 permittam
2687 691 2937 772 injicere
2953 692 3120 753 vobis
3143 692 3687 756 manus.llabentes
3701 713 3832 774 ergo

2191 778 2368 858 hujus
2391 778 2713 856 jnramenti
2749 779 2867 841 mei
2899 798 3137 841 omnem
3173 783 3328 842 hunc
3379 782 3666 862 populum
3721 794 3832 847 tes-

2187 875 2330 946 tem,
2364 878 2421 929 et
2455 868 2736 929 idoneum
2766 871 2978 948 pignus
2999 871 3352 931 sacramenti
3413 873 3601 933 nostri
3646 873 3833 936 fmdus

2191 964 2484 1035 tenentes,
2514 959 2736 1035 absque
2762 959 2878 1019 nlla
2899 959 3278 1021 cunctatione
3309 961 3721 1042 unusquisque
3738 981 3830 1027 ve-

2189 1057 2376 1108 strum
2412 1049 2566 1128 quod
2605 1047 2814 1109 didicit
2839 1050 3124 1127 proferat,
3158 1059 3215 1112 et
3246 1069 3355 1111 nos
3381 1050 3600 1112 fratres
3625 1052 3834 1116 intente

2192 1144 2250 1197 et
2293 1155 2426 1198 cum
2456 1137 2693 1198 silentio
2717 1138 3051 1200 audiamus.

2274 1229 2532 1291 LXVIII.
2573 1228 2708 1290 Haec
2740 1231 2952 1291 dicens
2982 1229 3270 1294 Gamaliel
3299 1250 3416 1294 non
3450 1232 3619 1294 valde
3651 1233 3833 1311 place-

2196 1316 2292 1377 bat
2323 1318 2579 1398 Caiphze,
2614 1327 2694 1389 et,
2729 1329 2794 1380 ut
2843 1319 3175 1391 videbatur,
3232 1330 3583 1400 suspectum
3630 1322 3835 1385 habens

2196 1424 2356 1481 enm,
2393 1407 2517 1486 ipse
2550 1408 2733 1486 magis
2759 1410 3027 1470 inserere
3069 1427 3132 1470 se
3163 1410 3464 1472 subtiliter
3501 1412 3833 1491 disputatio-

2197 1494 2375 1556 nibus
2404 1499 2578 1574 crepit
2613 1518 2627 1566 ς
2663 1496 2980 1558 subridens
3003 1502 3161 1559 enim
3194 1501 3267 1561 ad
3301 1520 3372 1561 ca
3400 1520 3542 1581 qua!
3571 1503 3833 1565 Gamaliel

2195 1585 2445 1658 dixerat,
2476 1582 2765 1646 Jacobum
2799 1592 3216 1667 episcoporum
3247 1590 3586 1670 principem
3609 1592 3730 1666 (51)
3754 1610 3833 1652 sa-

2195 1674 2795 1755 cerdotumpriuceps
2814 1675 3040 1748 orabat,
3068 1687 3131 1738 ut
3155 1678 3233 1740 de
3269 1679 3508 1740 Christo
3534 1698 3648 1740 non
3672 1681 3834 1741 aliun-

460 1752 857 1846 sationevero
885 1761 1161 1824 manebat
1188 1763 1346 1825 inter
1367 1764 1545 1844 ipsos,
1578 1775 1638 1829 ut
1662 1770 1707 1825 si
1735 1752 1973 1846 quando
1999 1766 2110 1827 ini-
2136 1789 2172 1838 Β
2201 1764 2269 1825 :le
2291 1781 2488 1824 sermo
2519 1752 2692 1843 qnam
2729 1752 2804 1826 ile
2825 1765 3136 1844 scripturis
3165 1767 3352 1840 fieret,
3382 1776 3445 1828 ut
3471 1769 3828 1832 sciamus.in-

459 1859 637 1921 quum
663 1844 884 1935 aliquid
916 1851 1231 1914 adversum
1263 1871 1370 1915 nos
1395 1865 1492 1915 aut
1515 1844 1767 1935 impium
1820 1855 2105 1916 moliren-

461 1936 574 2011 tur,
603 1933 689 2025 vel
715 1934 876 2015 ipsos
909 1941 1160 2002 consilio
1191 1943 1548 2024 reprimeret
1582 1933 1908 2024 prudenter
1942 1956 2110 2025 apta-

462 2027 538 2093 to,
567 2021 656 2083 vel
691 2043 797 2086 nos
826 2021 1326 2094 commoneretut
1355 2042 1456 2094 aut
1504 2021 1721 2095 curare
1771 2044 1870 2094 aut
1919 2021 2112 2096 decli-

466 2127 604 2172 nare
630 2118 1056 2199 posseinus;is
1113 2140 1254 2200 ergo
1309 2131 1586 2199 tanquam
1634 2123 1948 2184 adversum
2006 2142 2113 2185 nos

462 2216 667 2292 agens.
701 2204 863 2283 prior
879 2210 1147 2271 omnium
1180 2211 1528 2292 episcopum
1561 2212 1845 2275 Jacobuzn
1873 2215 2112 2276 intuens

465 2287 575 2350 hoc
603 2293 776 2354 modo
798 2296 1090 2358 allocutus
1124 2287 1266 2363 esti:

545 2375 766 2446 LXVII.
794 2381 856 2445 Si
888 2403 997 2464 ego
1029 2385 1317 2450 Gamaliel
1346 2408 1538 2470 neque
1555 2390 1915 2452 eruditionis
1939 2409 2111 2464 mea),

466 2483 660 2548 neque
690 2475 1017 2537 senecmtis
1037 2481 1424 2559 opprobrium
1446 2479 1865 2551 duconliscere
1885 2481 2113 2559 aliquid

462 2572 502 2651 a
528 2559 786 2635 parvulis
817 2572 876 2624 et
904 2566 977 2626 ab
1010 2567 1326 2647 imperitis,
1361 2571 1407 2629 si
1439 2571 1578 2651 quid
1598 2570 1750 2631 forte
1772 2578 1860 2631 est
1893 2571 2114 2631 utilita-

466 2647 538 2741 tis
561 2660 666 2741 aut
693 2653 908 2718 salutis
933 2660 1254 2740 acquirere
1286 2663 1414 2741 (qui
1458 2647 1625 2724 enim
1675 2662 2118 2723 rationabiliter

463 2737 738 2815 vivit,scit
760 2745 899 2822 quia
920 2737 1064 2812 nihil
1087 2760 1176 2812 est
1200 2737 1398 2813 anima
1422 2751 1788 2833 pretiosius),
1816 2752 2115 2832 quomodo

467 2846 582 2890 non
614 2833 893 2923 omnibus
919 2839 1179 2903 amabile
1207 2851 1316 2922 est,
1365 2841 1716 2923 cunctisque
1747 2850 2111 2920 exeptatum,

466 2927 527 3018 ut
547 2937 678 3018 qua:
701 2921 932 3000 ignorat
961 2927 1171 3003 discat,
1200 2921 1332 3013 quae
1361 2921 1646 2994 didicerit
1669 2931 1881 2992 doceat
1904 2937 1931 2992 ?
1966 2930 2115 2992 Cer-

466 3007 756 3102 tissimum
770 3030 1039 3102 namque
1057 3007 1411 3102 est,quoque
1426 3039 1616 3101 neque
1629 3019 2118 3096 amicitia,neque

2195 1852 2343 1930 quit,
2382 1865 2573 1913 utrum
2608 1855 2778 1916 .Iesus
2803 1855 2930 1934 ipse
2955 1856 3031 1917 sit
3064 1856 3360 1931 Christus,
3397 1874 3474 1918 an
3525 1876 3670 1921 non.
3698 1856 3830 1919 Tum

2193 1941 2472 2013 Jacobus,
2505 1944 2719 2023 primo,
2741 1944 3360 2025 inquit,requiramns.
3383 1965 3456 2008 ex
3479 1947 3832 2026 quibusscri-

2197 2033 2383 2113 pturis
2418 2033 2791 2113 potissimum
2827 2035 3290 2116 disputationem
3323 2036 3533 2098 haberi
3558 2047 3829 2115 oporteat.

2196 2123 2269 2183 At
2314 2122 2411 2183 ille
2443 2123 2530 2182 vix
2559 2122 2878 2203 aliquando
2928 2125 3156 2185 ratione
3186 2125 3314 2205 ipsa
3359 2135 3676 2205 superatus
3725 2143 3832 2188 res-

2198 2211 2428 2291 pondit,
2454 2228 2522 2273 ex
2559 2211 2688 2289 lege
2719 2212 3077 2293 habendam,
3109 2223 3168 2274 et
3204 2221 3338 2294 post
3367 2215 3484 2276 hoc
3507 2215 3682 2276 etiam
3716 2233 3829 2295 pre

2199 2301 2509 2380 pbetarnm
2544 2300 2773 2362 addidit
2808 2301 3197 2370 mentionem,

2279 2387 2486 2452 LXIX.
2521 2389 2626 2451 Cui
2654 2387 2912 2451 Jacobus
2945 2400 3149 2452 noster
3163 2390 3343 2473 coepit
3363 2391 3708 2464 ostendere,
3729 2393 3836 2473 luia

2198 2489 2257 2543 et
2291 2480 2592 2560 propheta
2617 2498 2746 2560 quae
2769 2479 2997 2552 dicunt,
3021 2497 3096 2542 ex
3119 2480 3249 2560 lege
3276 2481 3644 2562 sumpserint
3665 2492 3718 2542 et
3737 2481 3835 2561 legi

2200 2587 2462 2629 consona
2475 2570 2592 2630 sint
2615 2569 2818 2633 locuti.
2837 2570 2951 2631 Sed
2981 2579 3038 2631 et
3060 2570 3134 2630 de
3157 2571 3326 2633 libris
3348 2569 3692 2651 Regnorum
3722 2571 3831 2631 dis-

2199 2658 2386 2722 seruit
2413 2659 2633 2736 aliqua,
2671 2658 2991 2740 quomodo,
3026 2669 3088 2721 et
3115 2660 3377 2740 quando,
3403 2669 3466 2721 et
3496 2679 3531 2721 a
3561 2679 3673 2742 quo
3699 2661 3830 2720 scri-

2201 2748 2439 2829 ptisint,
2465 2758 2524 2810 et
2547 2749 2845 2829 quomodo
2869 2749 2957 2811 eis
2980 2749 3062 2810 uti
3091 2757 3380 2829 oporteat.
3415 2748 3679 2829 Cumque
3698 2758 3749 2809 et
3769 2749 3832 2810 de

2200 2837 2331 2917 lege
2345 2837 2691 2917 plenissime
2716 2839 3102 2918 disputasset,
3124 2855 3195 2902 ac
3208 2837 3448 2917 singula
3467 2857 3600 2920 quae
3620 2838 3832 2900 deChri-

2201 2939 2292 2989 sto
2307 2937 2460 2988 sunt.
2475 2927 2788 3008 purissima
2803 2927 3173 3006 expositione
3196 2927 3541 3008 protulisset
3557 2927 3612 2987 in
3632 2927 3826 3005 lucem,

2201 3016 2456 3079 ostendit
2489 3016 3018 3078 abundautissimis
3043 3015 3659 3098 probationibus,quia
3681 3014 3832 3078 Jesus

468 3096 877 3193 Ρηορίςπιυίιειε
897 3096 1157 3191 generis,
1194 3096 1388 3193 neque
1418 3096 1587 3190 regni
1638 3109 1976 3170 sublimitas
2004 3109 2178 3171 ho-C
2203 3117 2287 3170 est
2318 3105 2606 3182 Christus,
2635 3115 2693 3168 et
2727 3107 2786 3168 in
2828 3107 2956 3187 ipso
3016 3096 3289 3169 universa
3345 3124 3481 3187 quae
3525 3096 3598 3167 de
3648 3103 3831 3168 humili

467 3184 610 3246 mini
631 3187 808 3254 debet
840 3212 972 3258 esse
1006 3184 1323 3279 pretiosior
1352 3184 1702 3261 veritateEt
1720 3218 1822 3260 vos
1845 3215 1986 3277 ergo
2009 3197 2119 3260 fra-

469 3285 614 3370 tres,
649 3279 697 3339 si
721 3283 863 3358 quid
895 3289 1149 3368 amplius
1173 3290 1380 3364 nostis,
1415 3290 1633 3370 popqu
1661 3288 1762 3350 Dei
1785 3290 1891 3369 qui
1922 3288 2114 3361 adest,

469 3365 1026 3461 itemquefratribns
1047 3380 1260 3442 vestris
1285 3365 1555 3461 proferre
1579 3398 1696 3442 non
1723 3365 2117 3461 pigeat,omni

469 3459 686 3550 populo
719 3459 978 3550 libenter
1014 3477 1073 3529 et
1095 3477 1216 3531 tota
1243 3459 1560 3546 conquiete
1589 3459 1738 3550 qua!
1780 3468 1982 3529 dicitis
2012 3485 2116 3528 au-

470 3542 691 3637 diente.
719 3548 1028 3622 Quomodo
1053 3559 1210 3620 enim
1229 3578 1346 3620 non
1371 3542 1482 3620 hoc
1503 3542 1677 3620 faciat
1702 3558 2120 3637 populus,cum

471 3634 764 3733 meipsum
797 3641 1202 3710 videatsrcum
1228 3649 1446 3729 pariter
1461 3647 1655 3707 vellea
1677 3634 1841 3706 vobis
1863 3646 2119 3720 discere,

470 3725 518 3782 si
550 3725 689 3814 quid
724 3729 875 3794 forte
904 3737 1158 3814 amplius
1179 3725 1349 3799 vobis
1380 3736 1665 3798 revelavit
1698 3735 1955 3799 Deus?Si
1981 3754 2120 3797 vero

471 3828 573 3872 vos
597 3813 658 3874 in
680 3817 878 3894 aliquo
909 3813 1212 3904 indigetis,
1244 3827 1523 3888 similiter
1552 3826 1731 3888 etiam
1763 3843 1863 3885 vos
1888 3842 1923 3884 a
1955 3824 2126 3886 nobis

474 3905 813 3994 nonpigeat
841 3911 1068 3993 doceri,
1120 3925 1182 3976 ut
1213 3934 1351 3994 erga
1401 3925 1718 3994 utramque
1765 3923 2020 3994 partem,
2077 3916 2126 3977 si

472 3989 613 4067 quid
635 3995 827 4074 deest,
876 3989 1201 4086 adimpleat
1244 3989 1681 4076 D'eus.Quod'si
1729 3989 1947 4082 aliquis
1977 4004 2128 4072 forte

472 4098 575 4143 vos
604 4105 761 4155 nunc
791 4095 1072 4158 sollicitat
1101 4104 1318 4176 metus,
1349 4103 1591 4176 propter
1639 4092 1962 4154 nonnullos
2015 4112 2127 4154 no-

473 4182 728 4245 strorum
783 4187 885 4267 qui
944 4185 1342 4268 pratjudicatis
1392 4183 1704 4245 adversum
1754 4199 1857 4242 vos
1907 4181 2130 4245 animi!

471 4281 736 4350 utuntur,
773 4285 831 4338 et
861 4275 1106 4339 insidias
1136 4291 1344 4338 eorum
1368 4281 1668 4345 verentes,
1722 4290 1841 4334 non
1898 4271 2132 4336 audetis

2205 3197 2335 3276 ejus
2363 3196 2623 3258 adventu
2644 3196 2877 3258 fuerant
2909 3197 3212 3276 praedicta,
3251 3197 3654 3274 complentur.
3699 3193 3832 3254 Duos

2205 3286 2362 3348 enim
2397 3286 2531 3364 ejus
2563 3286 2883 3366 praedictos
2911 3304 3044 3347 esse
3073 3286 3276 3348 docuit
3319 3285 3638 3364 adventus,
3671 3299 3829 3343 unum

2205 3375 2563 3438 humilitatis
2611 3394 2788 3453 quem
2846 3376 3214 3456 adimplevit,
3266 3374 3454 3436 alium
3512 3373 3705 3452 gloria:
3746 3378 3830 3452 qui

2203 3474 2474 3547 speratur
2503 3465 2866 3547 implendus,
2900 3483 3033 3526 cum
3069 3464 3265 3527 veniet
3287 3464 3432 3526 dare
3458 3481 3696 3543 regnum
3713 3478 3829 3522 cre-

2205 3555 2485 3617 dentibus
2507 3554 2565 3616 in
2598 3573 2664 3617 se
2691 3564 2747 3616 et
2775 3554 3148 3615 servantibus
3174 3556 3373 3616 omnia
3393 3571 3532 3633 qua:
3557 3550 3826 3633 pracepit.

2205 3646 2471 3724 Cumque
2507 3645 2580 3706 de
2605 3646 2695 3706 his
2749 3645 3055 3705 evidenter
3086 3643 3365 3724 populum
3397 3643 3716 3710 docuisset,
3745 3637 3832 3699 ad-

2207 3733 2580 3796 debatetiam
2616 3734 2726 3794 hoc
2759 3733 2937 3814 ;quia
2968 3733 3079 3793 nisi
3105 3732 3238 3812 quis
3288 3732 3609 3812 baptizatus
3652 3728 3831 3790 fuisset

2207 3826 2268 3885 in
2300 3843 2447 3904 aqua
2481 3824 2590 3884 sub
2616 3822 3012 3903 appellatione
3045 3823 3211 3883 trinae
3264 3819 3666 3898 beatitudinis,
3695 3816 3828 3877 sicut

2209 3914 2408 3975 docuit
2433 3931 2611 3975 verus
2637 3915 2944 3994 propheta,
2974 3930 3168 3992 neque
3191 3910 3606 3973 remissionem
3631 3905 3828 3986 accipe-

2211 4011 2302 4064 ret
2334 4013 2946 4083 peccatornm,neque
2965 3999 3238 4061 introiret
3262 4000 3319 4060 in
3345 4017 3531 4078 regna
3553 3996 3824 4059 calorum:

2213 4095 2437 4155 ethanc
2457 4110 2593 4155 esse
2617 4094 2719 4154 Dei
2748 4090 3047 4172 [ingenili]
3066 4089 3522 4169 prastinitionem
3547 4105 3652 4148 con
3664 4085 3827 4146 firma-

2212 4182 2316 4246 vit.
2364 4182 2593 4256 Quibus
2613 4182 2791 4244 etiam
2820 4182 2872 4225 ¹¹
2906 4182 3030 4242 haec
3072 4177 3346 4241 addidit:
3400 4176 3598 4241 Nolite
3654 4181 3829 4251 putare

2215 4291 2323 4335 nos
2367 4273 2518 4335 duos
2540 4272 2836 4351 ingenitus
2859 4270 3062 4332 dicere
3081 4267 3250 4341 deos,
3281 4275 3380 4329 aut
3399 4283 3582 4328 unum
3609 4261 3825 4324 divisum

550 4435 600 4482 ⁸¹
637 4434 940 4500 Vocabula
967 4434 1204 4512 Quibus
1234 4434 1425 4496 etiam
1449 4465 1518 4478 —
1546 4432 1621 4495 de
1653 4431 1977 4496 Puracleto
2005 4432 2264 4497 dicimus
2298 4451 2415 4496 non
2450 4432 2735 4511 leguntur
2761 4432 2822 4494 in
2854 4430 3030 4495 codd.
3064 4430 3250 4511 Lips.,
3280 4425 3381 4510 qui
3411 4424 3584 4488 etiam
3612 4439 3725 4483 voc.
3753 4421 3829 4480 in-

471 4519 610 4593 niti,
646 4518 799 4599 quod
837 4517 1005 4578 uncis
1033 4514 1402 4594 includinus,
1428 4531 1546 4576 non
1579 4522 1934 4592 agnoscunt.

1825 4647 2219 4714 COTELEBII
2265 4647 2516 4715 NOTIE.

560 4813 648 4883 (51
665 4814 682 4890 )
699 4810 988 4874 Iacobum
1008 4814 1429 4892 episcoporum
1456 4811 2122 4892 principempandele-

475 4889 676 4954 rianus
706 4891 886 4954 etiam
919 4889 1424 4972 codex,Joc0bum
1448 4889 1982 4972 episcopumPctri
2008 4889 2121 4951 Pe-

476 4971 1176 5053 titi,.lucobuminottrum
1199 4971 1720 5053 principemginfr)
1754 4973 2121 5053 cap.penult,

475 5050 736 5133 lumbus
769 5050 1349 5133 archiepiscomisdn
1379 5050 1630 5133 consilio
1664 5050 1970 5129 pre'sino
1996 5069 2125 5133 pars

482 5143 534 5193 le
556 5130 1026 5206 l,C-30:'Iaxn')3ou
1060 5130 1356 5190 ἆπόπόλου
1389 5134 1464 5188 «αἱ
1493 5132 1921 5211 ᾁρχιεπισιὸπω
1955 5130 2124 5209 Apud

481 5214 753 5276 Pbotium
789 5212 1081 5284 Bibliolh,
1115 5213 1247 5273 cod.
1283 5212 1423 5274 975.
1460 5210 1792 5288 Hesychius
1825 5211 2130 5291 presbyter

480 5293 1169 5373 Hierosolymitanus,zbv
1200 5293 1304 5350 τῶν
1333 5291 1517 5369 ἱερέων
1553 5295 1818 5368 ἡγεμόνι,
1852 5314 1877 5347 τ
1899 5317 1954 5346 ιιν
1986 5293 2130 5373 ang-

477 5370 857 5454 στόλοων-ἒὸγ
906 5374 1152 5454 ἔξαρχον,
1210 5376 1308 5441 τὴν
1358 5373 1410 5427 ἐν
1435 5370 1716 5454 maculet:
1744 5375 2029 5454 Vicos-1'91?“
2069 5370 2129 5430 In

479 5453 704 5534 scholio
720 5452 883 5532 Regii
910 5450 1450 5534 -:odicis705,qund
1477 5450 1651 5534 posui
1671 5451 2128 5534 ﬁnitionutarum

482 5537 536 5595 in
561 5528 911 5601 Barnabam.
948 5537 1152 5609 πρῶτος
1187 5528 1497 5592 tnta-Ianos.
1523 5528 1696 5592 Unde
1727 5549 1758 5590 a
1794 5529 2130 5609 Nicephoro

481 5612 584 5676 PP.
615 5616 913 5690 catalogus
957 5613 1429 5675 Patriarcharum
1487 5610 2129 5688 Hiersnlymitanornm

481 5697 692 5774 texitur
716 5704 850 5756 ante
876 5696 1171 5774 catalogos
1221 5695 1592 5774 reliquorum
1629 5690 2128 5774 patriarcharum.

2208 4812 2339 4893 laus
2371 4809 2800 4893 Methonensis,
2838 4807 2912 4893 de
2943 4804 3319 4893 Eucharistia
3348 4825 3360 4865 :
3397 4805 3456 4893 :0
3483 4809 3626 4893 θεφρε
3662 4795 3823 4892 ’μάκωζ

2205 4889 2295 4955 ϐυς
2320 4893 2346 4946 ὁ
2390 4898 2483 4947 ιοῦ
2533 4889 2746 4955 πρώτου
2775 4891 2863 4944 xxi
2898 4886 3135 4965 μεγάλου
3192 4885 3484 4965 ἀρχιερέως
3524 4881 3824 4965 ἀδελῗδξλαί

2207 4970 2482 5051 διάδοχοςε
2519 4968 2748 5051 Haaciu
2785 4955 3017 5029 laudem
3054 4955 3300 5051 Jacobi?
3339 4955 3512 5028 Sedis
3553 4976 3681 5051 vero
3704 4955 3826 5051 ﬂig-

2212 5033 2630 5127 rosol'gimiticaa
2663 5048 2918 5109 illlustre
2952 5046 3318 5127 praeconium
3353 5040 3680 5127 suppeditat
3704 5033 3824 5110 Ερὶο

2213 5114 2625 5193 δίαιθ’]υειίιιί
2688 5114 3066 5205 imperatoris
3097 5125 3168 5187 ad
3204 5114 3572 5186 Hormis'dicm
3625 5127 3824 5206 papam.

2213 5229 2344 5286 quae
2361 5209 2744 5289 subsequitur
2767 5207 3040 5288 ejusdem
3059 5206 3350 5289 pontificis
3373 5205 3824 5289 sepl0389§""3_‘_“

2255 5300 2515 5369 uartam,
2545 5279 2706 5350 liisce
2733 5279 2929 5369 verbis
2955 5310 2966 5346 :
2999 5279 3087 5369 Ait
3114 5279 3552 5369 celligenddsct
3583 5279 3828 5369 diiungu-

2258 5389 2320 5432 (ιε
2350 5357 2567 5448 ubique
2600 5368 2982 5430 venerabiles
3019 5357 3412 5437 Ecclesiés,et
3443 5357 3823 5448 llicsolymilf

2216 5429 2730 5530 iia'mﬁpriaecipne:
2757 5429 2859 5509 cui
2879 5456 3082 5530 tamen
3113 5448 3174 5524 ΙΙ.
3213 5429 3443 5506 tantum
3465 5429 3667 5530 (ιχ-γεῖς
3699 5429 3820 5530 ﬁdi};

2217 5504 2702 5606 73.39%».
2725 5504 3302 5608 impendunt.'quasi
3324 5528 3505 5585 mam‘
3524 5504 3826 5608 Qhr'istiuttl

2217 5600 2502 5684 nominis,
2529 5618 2597 5671 ut
2649 5600 2826 5670 nemo
2871 5607 3094 5669 audeat
3127 5600 3202 5667 ab
3232 5622 3297 5667 eo
3339 5621 3478 5684 sese
3505 5600 3804 5684 ἀίερενῖιενθ

2224 5688 2455 5771 Yidesis
2488 5675 2844 5771 principium
2883 5686 3164 5766 Epistolas
3194 5683 3514 5746 Clementis
3564 5675 3628 5736 ad
3672 5675 3818 5730 Jaco-

480 5773 727 5837 Ruﬁnus
754 5776 1043 5837 Historiae
1072 5769 1486 5838 Ecclesiasticw
1525 5769 1768 5850 Eusebii
1799 5790 1833 5832 a
1864 5789 1929 5832 se
1950 5787 2142 5850 versae
2227 5769 2390 5850 bum,
2429 5769 2839 5847 et'Epito'mes.

481 5854 524 5916 ι.
544 5869 610 5933 tt,
630 5871 685 5915 c.
719 5862 742 5912 4
780 5873 794 5917 :
821 5858 1242 5934 Apostolorum
1270 5849 1937 5934 episcopum.Denique
1958 5849 2137 5912 Nico-
