  <div class='ocr_page' id='page_1' title='image "/cluster/home/n/w/nwhite01/storage/ocr_20150623/1/hvd.32044054121090/648.png"; bbox 0 0 2027 3107; ppageno 0'>
   <div class='ocr_carea' id='block_1_1' title="bbox 85 93 914 137">
    <p class='ocr_par' dir='ltr' id='par_1_1' title="bbox 85 93 914 125">
     <span class='ocr_line' id='line_1_1' title="bbox 85 93 914 125; baseline -0.001 -1"><span class='ocrx_word' id='word_1_1' title='bbox 85 93 164 124; x_wconf 61' lang='grc'><strong>1⁸25⁸7</strong></span> <span class='ocrx_word' id='word_1_2' title='bbox 698 94 861 125; x_wconf 80' lang='lat' dir='ltr'><strong>RECOGNI</strong></span> <span class='ocrx_word' id='word_1_3' title='bbox 866 94 914 124; x_wconf 86' lang='lat' dir='ltr'><strong>TIl</strong></span> 
     </span>
    </p>
   </div>
   <div class='ocr_carea' id='block_1_2' title="bbox 959 93 1770 137">
    <p class='ocr_par' dir='ltr' id='par_1_2' title="bbox 963 93 1770 137">
     <span class='ocr_line' id='line_1_2' title="bbox 963 93 1770 137; baseline 0.001 -13"><span class='ocrx_word' id='word_1_4' title='bbox 963 94 1006 124; x_wconf 77' lang='lat' dir='ltr'><strong>es</strong></span> <span class='ocrx_word' id='word_1_5' title='bbox 1030 94 1102 124; x_wconf 88' lang='lat' dir='ltr'><strong>LIB.</strong></span> <span class='ocrx_word' id='word_1_6' title='bbox 1128 93 1168 124; x_wconf 81' lang='lat'><strong>11.</strong></span> <span class='ocrx_word' id='word_1_7' title='bbox 1569 133 1570 137; x_wconf 23' lang='grc' dir='ltr'><strong>η</strong></span> <span class='ocrx_word' id='word_1_8' title='bbox 1694 94 1770 125; x_wconf 74' lang='grc'><strong>1258</strong></span> 
     </span>
    </p>
   </div>
   <div class='ocr_carea' id='block_1_3' title="bbox 83 159 936 199">
    <p class='ocr_par' dir='ltr' id='par_1_3' title="bbox 83 159 936 199">
     <span class='ocr_line' id='line_1_3' title="bbox 83 159 936 199; baseline -0.001 -10"><span class='ocrx_word' id='word_1_9' title='bbox 83 164 131 190; x_wconf 91' lang='lat' dir='ltr'><strong>tus</strong></span> <span class='ocrx_word' id='word_1_10' title='bbox 146 159 277 199; x_wconf 71' lang='lat' dir='ltr'><strong>sit,qu-.ul</strong></span> <span class='ocrx_word' id='word_1_11' title='bbox 292 159 473 190; x_wconf 73' lang='lat' dir='ltr'><strong>immortales</strong></span> <span class='ocrx_word' id='word_1_12' title='bbox 495 164 562 190; x_wconf 90' lang='lat' dir='ltr'><strong>sunt</strong></span> <span class='ocrx_word' id='word_1_13' title='bbox 581 160 687 190; x_wconf 80' lang='lat' dir='ltr'><strong>animae</strong></span> <span class='ocrx_word' id='word_1_14' title='bbox 700 159 907 199; x_wconf 76' lang='lat' dir='ltr'><strong>etjuditantur</strong></span> <span class='ocrx_word' id='word_1_15' title='bbox 918 165 936 188; x_wconf 74' lang='grc' dir='ltr'><strong>Α</strong></span> 
     </span>
    </p>
   </div>
   <div class='ocr_carea' id='block_1_4' title="bbox 82 204 908 244">
    <p class='ocr_par' dir='ltr' id='par_1_4' title="bbox 82 204 908 244">
     <span class='ocr_line' id='line_1_4' title="bbox 82 204 908 244; baseline 0 -10"><span class='ocrx_word' id='word_1_16' title='bbox 82 212 137 243; x_wconf 86' lang='lat' dir='ltr'><strong>pro</strong></span> <span class='ocrx_word' id='word_1_17' title='bbox 150 204 196 234; x_wconf 86' lang='lat' dir='ltr'><strong>his</strong></span> <span class='ocrx_word' id='word_1_18' title='bbox 205 213 270 244; x_wconf 61' lang='lat' dir='ltr'><strong>quae</strong></span> <span class='ocrx_word' id='word_1_19' title='bbox 281 204 436 243; x_wconf 79' lang='lat' dir='ltr'><strong>gesserint,</strong></span> <span class='ocrx_word' id='word_1_20' title='bbox 455 208 482 234; x_wconf 84' lang='lat' dir='ltr'><strong>et</strong></span> <span class='ocrx_word' id='word_1_21' title='bbox 494 204 584 243; x_wconf 86' lang='lat' dir='ltr'><strong>quise</strong></span> <span class='ocrx_word' id='word_1_22' title='bbox 599 208 681 243; x_wconf 88' lang='lat' dir='ltr'><strong>putet</strong></span> <span class='ocrx_word' id='word_1_23' title='bbox 693 214 724 234; x_wconf 85' lang='lat' dir='ltr'><strong>re</strong></span> <span class='ocrx_word' id='word_1_24' title='bbox 736 204 799 243; x_wconf 87' lang='lat' dir='ltr'><strong>ipsa</strong></span> <span class='ocrx_word' id='word_1_25' title='bbox 809 204 908 234; x_wconf 86' lang='lat' dir='ltr'><strong>videre</strong></span> 
     </span>
    </p>
   </div>
   <div class='ocr_carea' id='block_1_5' title="bbox 79 248 907 289">
    <p class='ocr_par' dir='ltr' id='par_1_5' title="bbox 79 248 907 289">
     <span class='ocr_line' id='line_1_5' title="bbox 79 248 907 289; baseline 0.001 -11"><span class='ocrx_word' id='word_1_26' title='bbox 79 257 116 278; x_wconf 83' lang='lat' dir='ltr'><strong>ea</strong></span> <span class='ocrx_word' id='word_1_27' title='bbox 132 256 262 289; x_wconf 75' lang='lat' dir='ltr'><strong>quaenos</strong></span> <span class='ocrx_word' id='word_1_28' title='bbox 277 249 335 279; x_wconf 87' lang='lat' dir='ltr'><strong>fide</strong></span> <span class='ocrx_word' id='word_1_29' title='bbox 352 248 784 288; x_wconf 72' lang='lat' dir='ltr'><strong>credimus,qu:unvis,uldixi,</strong></span> <span class='ocrx_word' id='word_1_30' title='bbox 796 249 907 279; x_wconf 70' lang='lat' dir='ltr'><strong>illudu-</strong></span> 
     </span>
    </p>
   </div>
   <div class='ocr_carea' id='block_1_6' title="bbox 80 293 910 332">
    <p class='ocr_par' dir='ltr' id='par_1_6' title="bbox 80 293 910 332">
     <span class='ocr_line' id='line_1_6' title="bbox 80 293 910 332; baseline 0.001 -10"><span class='ocrx_word' id='word_1_31' title='bbox 80 299 128 323; x_wconf 69' lang='lat' dir='ltr'><strong>tnr</strong></span> <span class='ocrx_word' id='word_1_32' title='bbox 140 293 465 332; x_wconf 73' lang='lat' dir='ltr'><strong>admumnibus,tamen</strong></span> <span class='ocrx_word' id='word_1_33' title='bbox 477 293 639 323; x_wconf 73' lang='lat' dir='ltr'><strong>arbitratur</strong></span> <span class='ocrx_word' id='word_1_34' title='bbox 652 302 683 323; x_wconf 89' lang='lat' dir='ltr'><strong>se</strong></span> <span class='ocrx_word' id='word_1_35' title='bbox 697 294 790 332; x_wconf 79' lang='lat' dir='ltr'><strong>ipsam</strong></span> <span class='ocrx_word' id='word_1_36' title='bbox 802 294 910 323; x_wconf 67' lang='lat' dir='ltr'><strong>animae</strong></span> 
     </span>
    </p>
   </div>
   <div class='ocr_carea' id='block_1_7' title="bbox 81 337 910 377">
    <p class='ocr_par' dir='ltr' id='par_1_7' title="bbox 81 337 910 377">
     <span class='ocr_line' id='line_1_7' title="bbox 81 337 910 377; baseline 0 -10"><span class='ocrx_word' id='word_1_37' title='bbox 81 338 183 369; x_wconf 89' lang='lat' dir='ltr'><strong>videre</strong></span> <span class='ocrx_word' id='word_1_38' title='bbox 201 337 539 373; x_wconf 80' lang='lat' dir='ltr'><strong>subslantiam.Quando</strong></span> <span class='ocrx_word' id='word_1_39' title='bbox 555 338 754 377; x_wconf 72' lang='lat' dir='ltr'><strong>hic,iuquam,</strong></span> <span class='ocrx_word' id='word_1_40' title='bbox 771 338 910 368; x_wconf 84' lang='lat' dir='ltr'><strong>fatebitur</strong></span> 
     </span>
    </p>
   </div>
   <div class='ocr_carea' id='block_1_8' title="bbox 83 382 908 422">
    <p class='ocr_par' dir='ltr' id='par_1_8' title="bbox 83 382 908 422">
     <span class='ocr_line' id='line_1_8' title="bbox 83 382 908 422; baseline -0.001 -11"><span class='ocrx_word' id='word_1_41' title='bbox 83 383 127 412; x_wconf 97' lang='lat' dir='ltr'><strong>vel</strong></span> <span class='ocrx_word' id='word_1_42' title='bbox 142 383 219 414; x_wconf 88' lang='lat' dir='ltr'><strong>male</strong></span> <span class='ocrx_word' id='word_1_43' title='bbox 240 391 272 412; x_wconf 88' lang='lat' dir='ltr'><strong>se</strong></span> <span class='ocrx_word' id='word_1_44' title='bbox 294 391 381 420; x_wconf 72' lang='lat' dir='ltr'><strong>agere</strong></span> <span class='ocrx_word' id='word_1_45' title='bbox 398 382 427 412; x_wconf 87' lang='lat' dir='ltr'><strong>in</strong></span> <span class='ocrx_word' id='word_1_46' title='bbox 446 388 524 413; x_wconf 68' lang='lat' dir='ltr'><strong>tanto</strong></span> <span class='ocrx_word' id='word_1_47' title='bbox 543 382 618 412; x_wconf 86' lang='lat' dir='ltr'><strong>malo</strong></span> <span class='ocrx_word' id='word_1_48' title='bbox 633 382 809 422; x_wconf 78' lang='lat' dir='ltr'><strong>positus,vel</strong></span> <span class='ocrx_word' id='word_1_49' title='bbox 824 383 889 421; x_wconf 87' lang='lat' dir='ltr'><strong>judi</strong></span> <span class='ocrx_word' id='word_1_50' title='bbox 901 399 908 405; x_wconf 73' lang='grc' dir='ltr'><strong>ι</strong></span> 
     </span>
    </p>
   </div>
   <div class='ocr_carea' id='block_1_9' title="bbox 85 426 910 467">
    <p class='ocr_par' dir='ltr' id='par_1_9' title="bbox 85 426 910 467">
     <span class='ocr_line' id='line_1_9' title="bbox 85 426 910 467; baseline -0.002 -10"><span class='ocrx_word' id='word_1_51' title='bbox 85 427 214 458; x_wconf 83' lang='lat' dir='ltr'><strong>candum</strong></span> <span class='ocrx_word' id='word_1_52' title='bbox 231 436 264 457; x_wconf 82' lang='lat' dir='ltr'><strong>se</strong></span> <span class='ocrx_word' id='word_1_53' title='bbox 277 427 387 466; x_wconf 81' lang='lat' dir='ltr'><strong>probis</strong></span> <span class='ocrx_word' id='word_1_54' title='bbox 399 436 464 467; x_wconf 66' lang='lat' dir='ltr'><strong>quae</strong></span> <span class='ocrx_word' id='word_1_55' title='bbox 480 427 640 466; x_wconf 57' lang='grc' dir='ltr'><strong>ἥξει-ὴ,ᾳυί</strong></span> <span class='ocrx_word' id='word_1_56' title='bbox 653 427 751 456; x_wconf 87' lang='lat' dir='ltr'><strong>sciens</strong></span> <span class='ocrx_word' id='word_1_57' title='bbox 769 427 819 456; x_wconf 85' lang='lat' dir='ltr'><strong>Dei</strong></span> <span class='ocrx_word' id='word_1_58' title='bbox 833 426 910 465; x_wconf 87' lang='lat' dir='ltr'><strong>judi-</strong></span> 
     </span>
    </p>
   </div>
   <div class='ocr_carea' id='block_1_10' title="bbox 86 471 912 510">
    <p class='ocr_par' dir='ltr' id='par_1_10' title="bbox 86 471 912 510">
     <span class='ocr_line' id='line_1_10' title="bbox 86 471 912 510; baseline -0.002 -8"><span class='ocrx_word' id='word_1_59' title='bbox 86 472 165 502; x_wconf 84' lang='lat' dir='ltr'><strong>cium</strong></span> <span class='ocrx_word' id='word_1_60' title='bbox 189 471 353 502; x_wconf 88' lang='lat' dir='ltr'><strong>contemnit</strong></span> <span class='ocrx_word' id='word_1_61' title='bbox 376 476 405 501; x_wconf 88' lang='lat' dir='ltr'><strong>et</strong></span> <span class='ocrx_word' id='word_1_62' title='bbox 435 471 589 501; x_wconf 75' lang='lat' dir='ltr'><strong>inimicum</strong></span> <span class='ocrx_word' id='word_1_63' title='bbox 608 482 638 501; x_wconf 78' lang='lat' dir='ltr'><strong>se</strong></span> <span class='ocrx_word' id='word_1_64' title='bbox 656 471 777 501; x_wconf 87' lang='lat' dir='ltr'><strong>exhibet</strong></span> <span class='ocrx_word' id='word_1_65' title='bbox 794 472 867 510; x_wconf 74' lang='lat' dir='ltr'><strong>Deo,</strong></span> <span class='ocrx_word' id='word_1_66' title='bbox 884 476 912 500; x_wconf 85' lang='lat' dir='ltr'><strong>et</strong></span> 
     </span>
    </p>
   </div>
   <div class='ocr_carea' id='block_1_11' title="bbox 88 514 908 553">
    <p class='ocr_par' dir='ltr' id='par_1_11' title="bbox 88 514 908 553">
     <span class='ocr_line' id='line_1_11' title="bbox 88 514 908 553; baseline -0.002 -8"><span class='ocrx_word' id='word_1_67' title='bbox 88 516 178 546; x_wconf 83' lang='lat' dir='ltr'><strong>audet</strong></span> <span class='ocrx_word' id='word_1_68' title='bbox 195 521 251 545; x_wconf 88' lang='lat' dir='ltr'><strong>tam</strong></span> <span class='ocrx_word' id='word_1_69' title='bbox 270 515 395 546; x_wconf 85' lang='lat' dir='ltr'><strong>nefanda</strong></span> <span class='ocrx_word' id='word_1_70' title='bbox 410 515 613 546; x_wconf 78' lang='lat' dir='ltr'><strong>committere?</strong></span> <span class='ocrx_word' id='word_1_71' title='bbox 625 514 708 547; x_wconf 90' lang='lat' dir='ltr'><strong>Unde</strong></span> <span class='ocrx_word' id='word_1_72' title='bbox 723 520 836 545; x_wconf 83' lang='lat' dir='ltr'><strong>certum</strong></span> <span class='ocrx_word' id='word_1_73' title='bbox 854 521 908 553; x_wconf 83' lang='lat' dir='ltr'><strong>est,</strong></span> 
     </span>
    </p>
   </div>
   <div class='ocr_carea' id='block_1_12' title="bbox 87 558 909 599">
    <p class='ocr_par' dir='ltr' id='par_1_12' title="bbox 87 558 909 599">
     <span class='ocr_line' id='line_1_12' title="bbox 87 558 909 599; baseline -0.001 -9"><span class='ocrx_word' id='word_1_74' title='bbox 87 561 193 591; x_wconf 89' lang='lat' dir='ltr'><strong>fratres</strong></span> <span class='ocrx_word' id='word_1_75' title='bbox 207 561 440 591; x_wconf 81' lang='lat' dir='ltr'><strong>mei.nounullos</strong></span> <span class='ocrx_word' id='word_1_76' title='bbox 457 558 571 590; x_wconf 60' lang='lat' dir='ltr'><strong>veritati</strong></span> <span class='ocrx_word' id='word_1_77' title='bbox 587 569 620 591; x_wconf 87' lang='lat' dir='ltr'><strong>ac</strong></span> <span class='ocrx_word' id='word_1_78' title='bbox 637 560 771 599; x_wconf 78' lang='lat' dir='ltr'><strong>religioni</strong></span> <span class='ocrx_word' id='word_1_79' title='bbox 787 559 837 590; x_wconf 86' lang='lat' dir='ltr'><strong>Dei</strong></span> <span class='ocrx_word' id='word_1_80' title='bbox 852 569 909 589; x_wconf 86' lang='lat' dir='ltr'><strong>non</strong></span> 
     </span>
    </p>
   </div>
   <div class='ocr_carea' id='block_1_13' title="bbox 85 605 909 645">
    <p class='ocr_par' dir='ltr' id='par_1_13' title="bbox 85 605 909 645">
     <span class='ocr_line' id='line_1_13' title="bbox 85 605 909 645; baseline -0.001 -10"><span class='ocrx_word' id='word_1_81' title='bbox 85 605 155 635; x_wconf 90' lang='lat' dir='ltr'><strong>ideo</strong></span> <span class='ocrx_word' id='word_1_82' title='bbox 168 606 330 641; x_wconf 80' lang='lat' dir='ltr'><strong>adversari,</strong></span> <span class='ocrx_word' id='word_1_83' title='bbox 347 605 424 645; x_wconf 87' lang='lat' dir='ltr'><strong>quod</strong></span> <span class='ocrx_word' id='word_1_84' title='bbox 457 605 500 635; x_wconf 86' lang='lat' dir='ltr'><strong>eis</strong></span> <span class='ocrx_word' id='word_1_85' title='bbox 527 605 595 635; x_wconf 85' lang='lat' dir='ltr'><strong>li-lei</strong></span> <span class='ocrx_word' id='word_1_86' title='bbox 626 605 701 635; x_wconf 82' lang='lat' dir='ltr'><strong>ratio</strong></span> <span class='ocrx_word' id='word_1_87' title='bbox 725 614 909 645; x_wconf 82' lang='lat' dir='ltr'><strong>nequaquam</strong></span> 
     </span>
    </p>
   </div>
   <div class='ocr_carea' id='block_1_14' title="bbox 84 650 906 690">
    <p class='ocr_par' dir='ltr' id='par_1_14' title="bbox 84 650 906 690">
     <span class='ocr_line' id='line_1_14' title="bbox 84 650 906 690; baseline -0.004 -9"><span class='ocrx_word' id='word_1_88' title='bbox 84 655 221 681; x_wconf 79' lang='lat' dir='ltr'><strong>constare</strong></span> <span class='ocrx_word' id='word_1_89' title='bbox 236 651 396 684; x_wconf 72' lang='lat' dir='ltr'><strong>videatur.s</strong></span> <span class='ocrx_word' id='word_1_90' title='bbox 411 650 435 679; x_wconf 90' lang='lat' dir='ltr'><strong>d</strong></span> <span class='ocrx_word' id='word_1_91' title='bbox 451 654 519 690; x_wconf 80' lang='lat' dir='ltr'><strong>quia</strong></span> <span class='ocrx_word' id='word_1_92' title='bbox 532 655 581 680; x_wconf 64' lang='lat' dir='ltr'><strong>aut</strong></span> <span class='ocrx_word' id='word_1_93' title='bbox 598 650 747 680; x_wconf 75' lang='lat' dir='ltr'><strong>nimietate</strong></span> <span class='ocrx_word' id='word_1_94' title='bbox 767 654 906 689; x_wconf 48' lang='lat' dir='ltr'><strong>peccatu-</strong></span> 
     </span>
    </p>
   </div>
   <div class='ocr_carea' id='block_1_15' title="bbox 84 695 908 734">
    <p class='ocr_par' dir='ltr' id='par_1_15' title="bbox 84 695 908 734">
     <span class='ocr_line' id='line_1_15' title="bbox 84 695 908 734; baseline 0 -10"><span class='ocrx_word' id='word_1_95' title='bbox 84 704 148 725; x_wconf 92' lang='lat' dir='ltr'><strong>rum</strong></span> <span class='ocrx_word' id='word_1_96' title='bbox 166 696 368 732; x_wconf 84' lang='lat' dir='ltr'><strong>involuti,&#39;aut</strong></span> <span class='ocrx_word' id='word_1_97' title='bbox 389 695 473 724; x_wconf 80' lang='lat' dir='ltr'><strong>malis</strong></span> <span class='ocrx_word' id='word_1_98' title='bbox 499 696 561 725; x_wconf 83' lang='lat' dir='ltr'><strong>suis</strong></span> <span class='ocrx_word' id='word_1_99' title='bbox 579 695 716 734; x_wconf 73' lang='lat' dir='ltr'><strong>przeventi</strong></span> <span class='ocrx_word' id='word_1_100' title='bbox 735 700 763 725; x_wconf 86' lang='lat' dir='ltr'><strong>et</strong></span> <span class='ocrx_word' id='word_1_101' title='bbox 791 699 908 724; x_wconf 67' lang='lat' dir='ltr'><strong>lunon-</strong></span> 
     </span>
    </p>
   </div>
   <div class='ocr_carea' id='block_1_16' title="bbox 84 739 906 779">
    <p class='ocr_par' dir='ltr' id='par_1_16' title="bbox 84 739 906 779">
     <span class='ocr_line' id='line_1_16' title="bbox 84 739 906 779; baseline -0.001 -10"><span class='ocrx_word' id='word_1_102' title='bbox 84 741 183 770; x_wconf 86' lang='lat' dir='ltr'><strong>cordis</strong></span> <span class='ocrx_word' id='word_1_103' title='bbox 201 741 267 772; x_wconf 82' lang='lat' dir='ltr'><strong>elati</strong></span> <span class='ocrx_word' id='word_1_104' title='bbox 288 745 368 775; x_wconf 83' lang='lat' dir='ltr'><strong>sunt,</strong></span> <span class='ocrx_word' id='word_1_105' title='bbox 396 740 434 769; x_wconf 89' lang='lat' dir='ltr'><strong>ita</strong></span> <span class='ocrx_word' id='word_1_106' title='bbox 451 746 480 769; x_wconf 86' lang='lat' dir='ltr'><strong>ut</strong></span> <span class='ocrx_word' id='word_1_107' title='bbox 508 749 562 770; x_wconf 85' lang='lat' dir='ltr'><strong>nec</strong></span> <span class='ocrx_word' id='word_1_108' title='bbox 579 749 613 770; x_wconf 85' lang='lat' dir='ltr'><strong>ea</strong></span> <span class='ocrx_word' id='word_1_109' title='bbox 634 739 753 779; x_wconf 90' lang='lat' dir='ltr'><strong>quidem</strong></span> <span class='ocrx_word' id='word_1_110' title='bbox 772 739 906 775; x_wconf 76' lang='lat' dir='ltr'><strong>credant,</strong></span> 
     </span>
    </p>
   </div>
   <div class='ocr_carea' id='block_1_17' title="bbox 84 784 939 829">
    <p class='ocr_par' dir='ltr' id='par_1_17' title="bbox 84 784 939 829">
     <span class='ocr_line' id='line_1_17' title="bbox 84 784 939 829; baseline -0.001 -14"><span class='ocrx_word' id='word_1_111' title='bbox 84 794 152 824; x_wconf 72' lang='lat' dir='ltr'><strong>quas</strong></span> <span class='ocrx_word' id='word_1_112' title='bbox 173 785 267 815; x_wconf 87' lang='lat' dir='ltr'><strong>oculis</strong></span> <span class='ocrx_word' id='word_1_113' title='bbox 283 785 345 815; x_wconf 88' lang='lat' dir='ltr'><strong>suis</strong></span> <span class='ocrx_word' id='word_1_114' title='bbox 359 794 391 815; x_wconf 87' lang='lat' dir='ltr'><strong>se</strong></span> <span class='ocrx_word' id='word_1_115' title='bbox 406 784 507 814; x_wconf 86' lang='lat' dir='ltr'><strong>videre</strong></span> <span class='ocrx_word' id='word_1_116' title='bbox 519 784 712 815; x_wconf 78' lang='lat' dir='ltr'><strong>arbitrantur.</strong></span> <span class='ocrx_word' id='word_1_117' title='bbox 923 806 939 829; x_wconf 61' lang='grc' dir='ltr'>η</span> 
     </span>
    </p>
   </div>
   <div class='ocr_carea' id='block_1_18' title="bbox 129 854 909 894">
    <p class='ocr_par' dir='ltr' id='par_1_18' title="bbox 129 854 909 894">
     <span class='ocr_line' id='line_1_18' title="bbox 129 854 909 894; baseline -0.004 -7"><span class='ocrx_word' id='word_1_118' title='bbox 129 854 338 887; x_wconf 79' lang='lat' dir='ltr'><strong>XVll.Verum</strong></span> <span class='ocrx_word' id='word_1_119' title='bbox 356 856 495 894; x_wconf 82' lang='lat' dir='ltr'><strong>quoniam</strong></span> <span class='ocrx_word' id='word_1_120' title='bbox 509 855 639 894; x_wconf 72' lang='lat' dir='ltr'><strong>ingenita</strong></span> <span class='ocrx_word' id='word_1_121' title='bbox 654 864 724 894; x_wconf 75' lang='lat' dir='ltr'><strong>erga</strong></span> <span class='ocrx_word' id='word_1_122' title='bbox 737 856 828 886; x_wconf 85' lang='lat' dir='ltr'><strong>Deum</strong></span> <span class='ocrx_word' id='word_1_123' title='bbox 842 865 909 884; x_wconf 79' lang='lat' dir='ltr'><strong>con-</strong></span> 
     </span>
    </p>
   </div>
   <div class='ocr_carea' id='block_1_19' title="bbox 88 899 907 938">
    <p class='ocr_par' dir='ltr' id='par_1_19' title="bbox 88 899 907 938">
     <span class='ocr_line' id='line_1_19' title="bbox 88 899 907 938; baseline -0.002 -8"><span class='ocrx_word' id='word_1_124' title='bbox 88 900 218 930; x_wconf 82' lang='lat' dir='ltr'><strong>ditorem</strong></span> <span class='ocrx_word' id='word_1_125' title='bbox 226 899 362 931; x_wconf 79' lang='lat' dir='ltr'><strong>sufﬁcere</strong></span> <span class='ocrx_word' id='word_1_126' title='bbox 376 900 410 930; x_wconf 86' lang='lat' dir='ltr'><strong>ad</strong></span> <span class='ocrx_word' id='word_1_127' title='bbox 430 901 554 931; x_wconf 71' lang='lat' dir='ltr'><strong>:alutem</strong></span> <span class='ocrx_word' id='word_1_128' title='bbox 564 900 716 930; x_wconf 85' lang='lat' dir='ltr'><strong>videbatur</strong></span> <span class='ocrx_word' id='word_1_129' title='bbox 724 900 839 930; x_wconf 75' lang='lat' dir='ltr'><strong>affectio</strong></span> <span class='ocrx_word' id='word_1_130' title='bbox 852 900 907 938; x_wconf 74' lang='lat' dir='ltr'><strong>his,</strong></span> 
     </span>
    </p>
   </div>
   <div class='ocr_carea' id='block_1_20' title="bbox 88 944 909 984">
    <p class='ocr_par' dir='ltr' id='par_1_20' title="bbox 88 944 909 984">
     <span class='ocr_line' id='line_1_20' title="bbox 88 944 909 984; baseline -0.002 -10"><span class='ocrx_word' id='word_1_131' title='bbox 88 944 141 984; x_wconf 86' lang='lat' dir='ltr'><strong>qui</strong></span> <span class='ocrx_word' id='word_1_132' title='bbox 154 944 312 983; x_wconf 75' lang='lat' dir='ltr'><strong>diligerent</strong></span> <span class='ocrx_word' id='word_1_133' title='bbox 326 954 404 978; x_wconf 78' lang='lat' dir='ltr'><strong>eum,</strong></span> <span class='ocrx_word' id='word_1_134' title='bbox 423 945 521 974; x_wconf 77' lang='lat' dir='ltr'><strong>studet</strong></span> <span class='ocrx_word' id='word_1_135' title='bbox 536 944 631 974; x_wconf 76' lang='lat' dir='ltr'><strong>inimir</strong></span> <span class='ocrx_word' id='word_1_136' title='bbox 643 954 675 974; x_wconf 80' lang='lat' dir='ltr'><strong>us</strong></span> <span class='ocrx_word' id='word_1_137' title='bbox 689 946 762 974; x_wconf 82' lang='lat' dir='ltr'><strong>hanc</strong></span> <span class='ocrx_word' id='word_1_138' title='bbox 774 944 891 974; x_wconf 71' lang='lat' dir='ltr'><strong>atl‘vclio</strong></span> <span class='ocrx_word' id='word_1_139' title='bbox 902 961 909 965; x_wconf 92' lang='lat'><em>-</em></span> 
     </span>
    </p>
   </div>
   <div class='ocr_carea' id='block_1_21' title="bbox 91 988 910 1029">
    <p class='ocr_par' dir='ltr' id='par_1_21' title="bbox 91 988 910 1029">
     <span class='ocr_line' id='line_1_21' title="bbox 91 988 910 1029; baseline 0 -11"><span class='ocrx_word' id='word_1_140' title='bbox 91 998 159 1019; x_wconf 86' lang='lat' dir='ltr'><strong>nem</strong></span> <span class='ocrx_word' id='word_1_141' title='bbox 173 992 201 1018; x_wconf 84' lang='lat' dir='ltr'><strong>in</strong></span> <span class='ocrx_word' id='word_1_142' title='bbox 216 989 386 1019; x_wconf 88' lang='lat' dir='ltr'><strong>hominibus</strong></span> <span class='ocrx_word' id='word_1_143' title='bbox 403 995 616 1029; x_wconf 66' lang='lat' dir='ltr'><strong>pervertere,ct</strong></span> <span class='ocrx_word' id='word_1_144' title='bbox 631 989 767 1019; x_wconf 84' lang='lat' dir='ltr'><strong>inimicos</strong></span> <span class='ocrx_word' id='word_1_145' title='bbox 777 998 828 1019; x_wconf 88' lang='lat' dir='ltr'><strong>eos</strong></span> <span class='ocrx_word' id='word_1_146' title='bbox 845 988 910 1018; x_wconf 82' lang='lat' dir='ltr'><strong>efﬁ-</strong></span> 
     </span>
    </p>
   </div>
   <div class='ocr_carea' id='block_1_22' title="bbox 88 1032 910 1073">
    <p class='ocr_par' dir='ltr' id='par_1_22' title="bbox 88 1032 910 1073">
     <span class='ocr_line' id='line_1_22' title="bbox 88 1032 910 1073; baseline -0.004 -9"><span class='ocrx_word' id='word_1_147' title='bbox 88 1043 158 1064; x_wconf 82' lang='lat' dir='ltr'><strong>cere</strong></span> <span class='ocrx_word' id='word_1_148' title='bbox 173 1039 261 1073; x_wconf 81' lang='lat' dir='ltr'><strong>atque</strong></span> <span class='ocrx_word' id='word_1_149' title='bbox 277 1034 405 1073; x_wconf 74' lang='lat' dir='ltr'><strong>ingratos</strong></span> <span class='ocrx_word' id='word_1_150' title='bbox 424 1034 577 1064; x_wconf 76' lang='lat' dir='ltr'><strong>Conditori</strong></span> <span class='ocrx_word' id='word_1_151' title='bbox 603 1043 668 1064; x_wconf 90' lang='lat' dir='ltr'><strong>suo.</strong></span> <span class='ocrx_word' id='word_1_152' title='bbox 695 1032 799 1063; x_wconf 83' lang='lat' dir='ltr'><strong>Testor</strong></span> <span class='ocrx_word' id='word_1_153' title='bbox 814 1037 910 1064; x_wconf 84' lang='lat' dir='ltr'><strong>autem</strong></span> 
     </span>
    </p>
   </div>
   <div class='ocr_carea' id='block_1_23' title="bbox 88 1077 913 1118">
    <p class='ocr_par' dir='ltr' id='par_1_23' title="bbox 88 1077 913 1118">
     <span class='ocr_line' id='line_1_23' title="bbox 88 1077 913 1118; baseline -0.002 -9"><span class='ocrx_word' id='word_1_154' title='bbox 88 1078 197 1109; x_wconf 74' lang='lat' dir='ltr'><strong>etelum</strong></span> <span class='ocrx_word' id='word_1_155' title='bbox 212 1088 245 1108; x_wconf 87' lang='lat' dir='ltr'><strong>ac</strong></span> <span class='ocrx_word' id='word_1_156' title='bbox 257 1083 378 1113; x_wconf 76' lang='lat' dir='ltr'><strong>terram,</strong></span> <span class='ocrx_word' id='word_1_157' title='bbox 396 1078 474 1118; x_wconf 91' lang='lat' dir='ltr'><strong>quod</strong></span> <span class='ocrx_word' id='word_1_158' title='bbox 486 1078 664 1117; x_wconf 89' lang='lat' dir='ltr'><strong>siquantum</strong></span> <span class='ocrx_word' id='word_1_159' title='bbox 680 1078 762 1116; x_wconf 90' lang='lat' dir='ltr'><strong>cupit</strong></span> <span class='ocrx_word' id='word_1_160' title='bbox 774 1077 913 1108; x_wconf 87' lang='lat' dir='ltr'><strong>inimicus</strong></span> 
     </span>
    </p>
   </div>
   <div class='ocr_carea' id='block_1_24' title="bbox 88 1122 914 1163">
    <p class='ocr_par' dir='ltr' id='par_1_24' title="bbox 88 1122 914 1163">
     <span class='ocr_line' id='line_1_24' title="bbox 88 1122 914 1163; baseline -0.002 -10"><span class='ocrx_word' id='word_1_161' title='bbox 88 1123 244 1158; x_wconf 64' lang='lat' dir='ltr'><strong>desmvire.</strong></span> <span class='ocrx_word' id='word_1_162' title='bbox 263 1125 489 1163; x_wconf 84' lang='lat' dir='ltr'><strong>permitteretur</strong></span> <span class='ocrx_word' id='word_1_163' title='bbox 500 1123 587 1153; x_wconf 89' lang='lat' dir='ltr'><strong>etiam</strong></span> <span class='ocrx_word' id='word_1_164' title='bbox 605 1132 621 1152; x_wconf 90' lang='lat' dir='ltr'><strong>a</strong></span> <span class='ocrx_word' id='word_1_165' title='bbox 637 1124 707 1161; x_wconf 86' lang='lat' dir='ltr'><strong>Deo,</strong></span> <span class='ocrx_word' id='word_1_166' title='bbox 725 1122 795 1152; x_wconf 85' lang='lat' dir='ltr'><strong>olim</strong></span> <span class='ocrx_word' id='word_1_167' title='bbox 808 1130 914 1152; x_wconf 87' lang='lat' dir='ltr'><strong>omnes</strong></span> 
     </span>
    </p>
   </div>
   <div class='ocr_carea' id='block_1_25' title="bbox 90 1167 913 1207">
    <p class='ocr_par' dir='ltr' id='par_1_25' title="bbox 90 1167 913 1207">
     <span class='ocr_line' id='line_1_25' title="bbox 90 1167 913 1207; baseline -0.004 -8"><span class='ocrx_word' id='word_1_168' title='bbox 90 1167 229 1199; x_wconf 85' lang='lat' dir='ltr'><strong>homines</strong></span> <span class='ocrx_word' id='word_1_169' title='bbox 242 1167 443 1207; x_wconf 84' lang='lat' dir='ltr'><strong>deperissent;</strong></span> <span class='ocrx_word' id='word_1_170' title='bbox 457 1168 507 1197; x_wconf 85' lang='lat' dir='ltr'><strong>sed</strong></span> <span class='ocrx_word' id='word_1_171' title='bbox 528 1167 739 1197; x_wconf 70' lang='lat' dir='ltr'><strong>misericordiae</strong></span> <span class='ocrx_word' id='word_1_172' title='bbox 755 1175 843 1197; x_wconf 76' lang='lat' dir='ltr'><strong>causa</strong></span> <span class='ocrx_word' id='word_1_173' title='bbox 855 1176 913 1196; x_wconf 92' lang='lat' dir='ltr'><strong>non</strong></span> 
     </span>
    </p>
   </div>
   <div class='ocr_carea' id='block_1_26' title="bbox 91 1211 913 1248">
    <p class='ocr_par' dir='ltr' id='par_1_26' title="bbox 91 1211 913 1248">
     <span class='ocr_line' id='line_1_26' title="bbox 91 1211 913 1248; baseline -0.002 -6"><span class='ocrx_word' id='word_1_174' title='bbox 91 1212 162 1242; x_wconf 87' lang='lat' dir='ltr'><strong>sinit</strong></span> <span class='ocrx_word' id='word_1_175' title='bbox 177 1212 351 1248; x_wconf 82' lang='lat' dir='ltr'><strong>Deus.Quod</strong></span> <span class='ocrx_word' id='word_1_176' title='bbox 364 1212 387 1242; x_wconf 90' lang='lat' dir='ltr'><strong>si</strong></span> <span class='ocrx_word' id='word_1_177' title='bbox 400 1211 426 1233; x_wconf 80' lang='grc'><strong>¹⁸</strong></span> <span class='ocrx_word' id='word_1_178' title='bbox 437 1213 575 1242; x_wconf 72' lang='lat' dir='ltr'><strong>allectum</strong></span> <span class='ocrx_word' id='word_1_179' title='bbox 588 1222 673 1242; x_wconf 71' lang='lat' dir='ltr'><strong>suum</strong></span> <span class='ocrx_word' id='word_1_180' title='bbox 687 1211 824 1241; x_wconf 84' lang='lat' dir='ltr'><strong>homines</strong></span> <span class='ocrx_word' id='word_1_181' title='bbox 839 1221 913 1241; x_wconf 89' lang='lat' dir='ltr'><strong>con-</strong></span> 
     </span>
    </p>
   </div>
   <div class='ocr_carea' id='block_1_27' title="bbox 93 1256 913 1294">
    <p class='ocr_par' dir='ltr' id='par_1_27' title="bbox 93 1256 913 1294">
     <span class='ocr_line' id='line_1_27' title="bbox 93 1256 913 1294; baseline -0.004 -7"><span class='ocrx_word' id='word_1_182' title='bbox 93 1262 245 1287; x_wconf 68' lang='lat' dir='ltr'><strong>verterunt</strong></span> <span class='ocrx_word' id='word_1_183' title='bbox 261 1257 297 1287; x_wconf 89' lang='lat' dir='ltr'><strong>ad</strong></span> <span class='ocrx_word' id='word_1_184' title='bbox 315 1256 530 1294; x_wconf 83' lang='lat' dir='ltr'><strong>Deum,omues</strong></span> <span class='ocrx_word' id='word_1_185' title='bbox 541 1257 604 1287; x_wconf 89' lang='lat' dir='ltr'><strong>sine</strong></span> <span class='ocrx_word' id='word_1_186' title='bbox 617 1256 706 1287; x_wconf 91' lang='lat' dir='ltr'><strong>dubio</strong></span> <span class='ocrx_word' id='word_1_187' title='bbox 717 1256 913 1291; x_wconf 77' lang='lat' dir='ltr'><strong>salvarentur,</strong></span> 
     </span>
    </p>
   </div>
   <div class='ocr_carea' id='block_1_28' title="bbox 95 1301 913 1342">
    <p class='ocr_par' dir='ltr' id='par_1_28' title="bbox 95 1301 913 1342">
     <span class='ocr_line' id='line_1_28' title="bbox 95 1301 913 1342; baseline -0.004 -10"><span class='ocrx_word' id='word_1_188' title='bbox 95 1303 183 1332; x_wconf 81' lang='lat' dir='ltr'><strong>etiam</strong></span> <span class='ocrx_word' id='word_1_189' title='bbox 200 1302 226 1332; x_wconf 90' lang='lat' dir='ltr'><strong>si</strong></span> <span class='ocrx_word' id='word_1_190' title='bbox 238 1312 291 1342; x_wconf 90' lang='lat' dir='ltr'><strong>pro</strong></span> <span class='ocrx_word' id='word_1_191' title='bbox 302 1301 452 1342; x_wconf 86' lang='lat' dir='ltr'><strong>aliquibus</strong></span> <span class='ocrx_word' id='word_1_192' title='bbox 463 1302 582 1331; x_wconf 82' lang='lat' dir='ltr'><strong>delictis</strong></span> <span class='ocrx_word' id='word_1_193' title='bbox 599 1301 635 1331; x_wconf 86' lang='lat' dir='ltr'><strong>ob</strong></span> <span class='ocrx_word' id='word_1_194' title='bbox 646 1301 788 1338; x_wconf 82' lang='lat' dir='ltr'><strong>justitiam</strong></span> <span class='ocrx_word' id='word_1_195' title='bbox 805 1301 913 1339; x_wconf 84' lang='lat' dir='ltr'><strong>corripi</strong></span> 
     </span>
    </p>
   </div>
   <div class='ocr_carea' id='block_1_29' title="bbox 95 1345 915 1387">
    <p class='ocr_par' dir='ltr' id='par_1_29' title="bbox 95 1345 915 1387">
     <span class='ocr_line' id='line_1_29' title="bbox 95 1345 915 1387; baseline -0.004 -10"><span class='ocrx_word' id='word_1_196' title='bbox 95 1347 340 1378; x_wconf 49' lang='lat' dir='ltr'><strong>viderenturﬁed</strong></span> <span class='ocrx_word' id='word_1_197' title='bbox 360 1357 437 1377; x_wconf 87' lang='lat' dir='ltr'><strong>nuur,</strong></span> <span class='ocrx_word' id='word_1_198' title='bbox 451 1347 568 1387; x_wconf 76' lang='lat' dir='ltr'><strong>plurimi</strong></span> <span class='ocrx_word' id='word_1_199' title='bbox 580 1347 734 1377; x_wconf 85' lang='lat' dir='ltr'><strong>hominum</strong></span> <span class='ocrx_word' id='word_1_200' title='bbox 750 1345 862 1375; x_wconf 81' lang='lat' dir='ltr'><strong>inimici</strong></span> <span class='ocrx_word' id='word_1_201' title='bbox 877 1345 915 1374; x_wconf 84' lang='lat' dir='ltr'><strong>ef-</strong></span> 
     </span>
    </p>
   </div>
   <div class='ocr_carea' id='block_1_30' title="bbox 94 1391 913 1431">
    <p class='ocr_par' dir='ltr' id='par_1_30' title="bbox 94 1391 913 1431">
     <span class='ocr_line' id='line_1_30' title="bbox 94 1391 913 1431; baseline -0.004 -10"><span class='ocrx_word' id='word_1_202' title='bbox 94 1392 162 1423; x_wconf 72' lang='lat' dir='ltr'><strong>fecti</strong></span> <span class='ocrx_word' id='word_1_203' title='bbox 179 1396 247 1422; x_wconf 90' lang='lat' dir='ltr'><strong>sunt</strong></span> <span class='ocrx_word' id='word_1_204' title='bbox 261 1391 453 1431; x_wconf 89' lang='lat' dir='ltr'><strong>Dei,quorum</strong></span> <span class='ocrx_word' id='word_1_205' title='bbox 471 1391 617 1429; x_wconf 78' lang='lat' dir='ltr'><strong>malignus</strong></span> <span class='ocrx_word' id='word_1_206' title='bbox 631 1391 719 1421; x_wconf 83' lang='lat' dir='ltr'><strong>rorda</strong></span> <span class='ocrx_word' id='word_1_207' title='bbox 736 1395 913 1430; x_wconf 66' lang='lat' dir='ltr'><strong>penetravit,</strong></span> 
     </span>
    </p>
   </div>
   <div class='ocr_carea' id='block_1_31' title="bbox 92 1435 913 1477">
    <p class='ocr_par' dir='ltr' id='par_1_31' title="bbox 92 1435 913 1477">
     <span class='ocr_line' id='line_1_31' title="bbox 92 1435 913 1477; baseline -0.005 -10"><span class='ocrx_word' id='word_1_208' title='bbox 92 1443 118 1467; x_wconf 88' lang='lat' dir='ltr'><strong>et</strong></span> <span class='ocrx_word' id='word_1_209' title='bbox 133 1436 274 1467; x_wconf 70' lang='lat' dir='ltr'><strong>aﬂecturu</strong></span> <span class='ocrx_word' id='word_1_210' title='bbox 301 1446 390 1477; x_wconf 88' lang='lat' dir='ltr'><strong>quem</strong></span> <span class='ocrx_word' id='word_1_211' title='bbox 420 1437 463 1466; x_wconf 90' lang='lat' dir='ltr'><strong>eis</strong></span> <span class='ocrx_word' id='word_1_212' title='bbox 484 1436 620 1467; x_wconf 89' lang='lat' dir='ltr'><strong>conditor</strong></span> <span class='ocrx_word' id='word_1_213' title='bbox 633 1436 710 1466; x_wconf 79' lang='lat' dir='ltr'><strong>Deus</strong></span> <span class='ocrx_word' id='word_1_214' title='bbox 733 1435 913 1469; x_wconf 71' lang='lat' dir='ltr'><strong>inseruerat,</strong></span> 
     </span>
    </p>
   </div>
   <div class='ocr_carea' id='block_1_32' title="bbox 92 1479 902 1520">
    <p class='ocr_par' dir='ltr' id='par_1_32' title="bbox 92 1479 902 1520">
     <span class='ocr_line' id='line_1_32' title="bbox 92 1479 902 1520; baseline -0.005 -8"><span class='ocrx_word' id='word_1_215' title='bbox 92 1488 121 1512; x_wconf 92' lang='lat' dir='ltr'><strong>ut</strong></span> <span class='ocrx_word' id='word_1_216' title='bbox 138 1491 209 1520; x_wconf 79' lang='lat' dir='ltr'><strong>erga</strong></span> <span class='ocrx_word' id='word_1_217' title='bbox 224 1491 255 1512; x_wconf 91' lang='lat' dir='ltr'><strong>se</strong></span> <span class='ocrx_word' id='word_1_218' title='bbox 273 1482 430 1518; x_wconf 86' lang='lat' dir='ltr'><strong>haberent,</strong></span> <span class='ocrx_word' id='word_1_219' title='bbox 444 1482 472 1511; x_wconf 92' lang='lat' dir='ltr'><strong>in</strong></span> <span class='ocrx_word' id='word_1_220' title='bbox 486 1481 680 1520; x_wconf 76' lang='lat' dir='ltr'><strong>semetipsum</strong></span> <span class='ocrx_word' id='word_1_221' title='bbox 698 1481 821 1510; x_wconf 67' lang='lat' dir='ltr'><strong>deﬂexit</strong></span> <span class='ocrx_word' id='word_1_222' title='bbox 837 1479 902 1509; x_wconf 85' lang='lat' dir='ltr'><strong>Alio</strong></span> 
     </span>
    </p>
   </div>
   <div class='ocr_carea' id='block_1_33' title="bbox 89 1525 914 1566">
    <p class='ocr_par' dir='ltr' id='par_1_33' title="bbox 89 1525 914 1566">
     <span class='ocr_line' id='line_1_33' title="bbox 89 1525 914 1566; baseline -0.005 -9"><span class='ocrx_word' id='word_1_223' title='bbox 89 1536 155 1558; x_wconf 90' lang='lat' dir='ltr'><strong>rum</strong></span> <span class='ocrx_word' id='word_1_224' title='bbox 170 1535 255 1566; x_wconf 89' lang='lat' dir='ltr'><strong>vero,</strong></span> <span class='ocrx_word' id='word_1_225' title='bbox 276 1527 327 1566; x_wconf 88' lang='lat' dir='ltr'><strong>qui</strong></span> <span class='ocrx_word' id='word_1_226' title='bbox 343 1527 559 1564; x_wconf 82' lang='lat' dir='ltr'><strong>aliquantulum</strong></span> <span class='ocrx_word' id='word_1_227' title='bbox 583 1526 704 1564; x_wconf 74' lang='lat' dir='ltr'><strong>vigilare</strong></span> <span class='ocrx_word' id='word_1_228' title='bbox 730 1525 914 1560; x_wconf 75' lang='lat' dir='ltr'><strong>videbuntur,</strong></span> 
     </span>
    </p>
   </div>
   <div class='ocr_carea' id='block_1_34' title="bbox 90 1570 917 1611">
    <p class='ocr_par' dir='ltr' id='par_1_34' title="bbox 90 1570 917 1611">
     <span class='ocr_line' id='line_1_34' title="bbox 90 1570 917 1611; baseline -0.006 -9"><span class='ocrx_word' id='word_1_229' title='bbox 90 1572 119 1602; x_wconf 78' lang='grc' dir='ltr'><strong>ὶι.</strong></span> <span class='ocrx_word' id='word_1_230' title='bbox 138 1571 292 1611; x_wconf 80' lang='lat' dir='ltr'><strong>phantasia</strong></span> <span class='ocrx_word' id='word_1_231' title='bbox 323 1571 425 1610; x_wconf 65' lang='lat' dir='ltr'><strong>gloriae</strong></span> <span class='ocrx_word' id='word_1_232' title='bbox 453 1577 481 1600; x_wconf 82' lang='lat' dir='ltr'><strong>et</strong></span> <span class='ocrx_word' id='word_1_233' title='bbox 506 1570 674 1610; x_wconf 78' lang='lat' dir='ltr'><strong>splendoris</strong></span> <span class='ocrx_word' id='word_1_234' title='bbox 696 1578 856 1609; x_wconf 82' lang='lat' dir='ltr'><strong>apparens.</strong></span> <span class='ocrx_word' id='word_1_235' title='bbox 889 1573 917 1598; x_wconf 81' lang='lat' dir='ltr'><strong>ct</strong></span> 
     </span>
    </p>
   </div>
   <div class='ocr_carea' id='block_1_35' title="bbox 92 1614 914 1655">
    <p class='ocr_par' dir='ltr' id='par_1_35' title="bbox 92 1614 914 1655">
     <span class='ocr_line' id='line_1_35' title="bbox 92 1614 914 1655; baseline -0.004 -9"><span class='ocrx_word' id='word_1_236' title='bbox 92 1625 200 1654; x_wconf 77' lang='lat' dir='ltr'><strong>magna</strong></span> <span class='ocrx_word' id='word_1_237' title='bbox 216 1617 350 1655; x_wconf 65' lang='lat' dir='ltr'><strong>quaedam</strong></span> <span class='ocrx_word' id='word_1_238' title='bbox 367 1621 455 1654; x_wconf 86' lang='lat' dir='ltr'><strong>atque</strong></span> <span class='ocrx_word' id='word_1_239' title='bbox 470 1614 601 1654; x_wconf 78' lang='lat' dir='ltr'><strong>ingentia</strong></span> <span class='ocrx_word' id='word_1_240' title='bbox 616 1614 914 1654; x_wconf 85' lang='lat' dir='ltr'><strong>repromittens.eva-</strong></span> 
     </span>
    </p>
   </div>
   <div class='ocr_carea' id='block_1_36' title="bbox 92 1660 916 1700">
    <p class='ocr_par' dir='ltr' id='par_1_36' title="bbox 92 1660 916 1700">
     <span class='ocr_line' id='line_1_36' title="bbox 92 1660 916 1700; baseline -0.006 -9"><span class='ocrx_word' id='word_1_241' title='bbox 92 1661 155 1700; x_wconf 77' lang='lat' dir='ltr'><strong>gari</strong></span> <span class='ocrx_word' id='word_1_242' title='bbox 183 1661 379 1690; x_wconf 79' lang='lat' dir='ltr'><strong>nihilominus</strong></span> <span class='ocrx_word' id='word_1_243' title='bbox 394 1669 410 1690; x_wconf 91' lang='lat' dir='ltr'><strong>a</strong></span> <span class='ocrx_word' id='word_1_244' title='bbox 426 1660 485 1690; x_wconf 89' lang='lat' dir='ltr'><strong>Deo</strong></span> <span class='ocrx_word' id='word_1_245' title='bbox 502 1669 569 1689; x_wconf 84' lang='lat' dir='ltr'><strong>vero</strong></span> <span class='ocrx_word' id='word_1_246' title='bbox 597 1664 726 1688; x_wconf 87' lang='lat' dir='ltr'><strong>mentem</strong></span> <span class='ocrx_word' id='word_1_247' title='bbox 744 1662 832 1698; x_wconf 80' lang='lat' dir='ltr'><strong>atque</strong></span> <span class='ocrx_word' id='word_1_248' title='bbox 849 1660 916 1687; x_wconf 87' lang='lat' dir='ltr'><strong>ani—</strong></span> 
     </span>
    </p>
   </div>
   <div class='ocr_carea' id='block_1_37' title="bbox 97 1703 917 1745">
    <p class='ocr_par' dir='ltr' id='par_1_37' title="bbox 97 1703 917 1745">
     <span class='ocr_line' id='line_1_37' title="bbox 97 1703 917 1745; baseline -0.004 -10"><span class='ocrx_word' id='word_1_249' title='bbox 97 1715 179 1736; x_wconf 87' lang='lat' dir='ltr'><strong>mum</strong></span> <span class='ocrx_word' id='word_1_250' title='bbox 206 1706 293 1740; x_wconf 81' lang='lat' dir='ltr'><strong>fecit;</strong></span> <span class='ocrx_word' id='word_1_251' title='bbox 313 1714 379 1745; x_wconf 68' lang='lat' dir='ltr'><strong>quae</strong></span> <span class='ocrx_word' id='word_1_252' title='bbox 408 1709 505 1734; x_wconf 86' lang='lat' dir='ltr'><strong>tamen</strong></span> <span class='ocrx_word' id='word_1_253' title='bbox 521 1709 693 1744; x_wconf 83' lang='lat' dir='ltr'><strong>perpetrare</strong></span> <span class='ocrx_word' id='word_1_254' title='bbox 710 1703 737 1733; x_wconf 90' lang='lat' dir='ltr'><strong>ei</strong></span> <span class='ocrx_word' id='word_1_255' title='bbox 749 1703 828 1742; x_wconf 85' lang='lat' dir='ltr'><strong>jnst.-</strong></span> <span class='ocrx_word' id='word_1_256' title='bbox 841 1711 917 1743; x_wconf 81' lang='lat' dir='ltr'><strong>qua-</strong></span> 
     </span>
    </p>
   </div>
   <div class='ocr_carea' id='block_1_38' title="bbox 97 1749 505 1790">
    <p class='ocr_par' dir='ltr' id='par_1_38' title="bbox 97 1749 505 1790">
     <span class='ocr_line' id='line_1_38' title="bbox 97 1749 505 1790; baseline -0.002 -9"><span class='ocrx_word' id='word_1_257' title='bbox 97 1751 166 1782; x_wconf 80' lang='lat' dir='ltr'><strong>dam</strong></span> <span class='ocrx_word' id='word_1_258' title='bbox 184 1749 364 1790; x_wconf 89' lang='lat' dir='ltr'><strong>permittitur</strong></span> <span class='ocrx_word' id='word_1_259' title='bbox 380 1750 505 1780; x_wconf 86' lang='lat' dir='ltr'><strong>ratione.</strong></span> 
     </span>
    </p>
   </div>
   <div class='ocr_carea' id='block_1_39' title="bbox 137 1812 919 1855">
    <p class='ocr_par' dir='ltr' id='par_1_39' title="bbox 137 1812 919 1855">
     <span class='ocr_line' id='line_1_39' title="bbox 137 1812 919 1855; baseline -0.004 -9"><span class='ocrx_word' id='word_1_260' title='bbox 137 1814 290 1846; x_wconf 81' lang='lat' dir='ltr'><strong>XVlll.Ad</strong></span> <span class='ocrx_word' id='word_1_261' title='bbox 305 1815 367 1845; x_wconf 65' lang='lat' dir='ltr'><strong>haec</strong></span> <span class='ocrx_word' id='word_1_262' title='bbox 385 1814 490 1855; x_wconf 84' lang='lat' dir='ltr'><strong>Aquila</strong></span> <span class='ocrx_word' id='word_1_263' title='bbox 502 1814 656 1854; x_wconf 84' lang='lat' dir='ltr'><strong>respondit</strong></span> <span class='ocrx_word' id='word_1_264' title='bbox 671 1823 677 1843; x_wconf 92' lang='lat'>:</span> <span class='ocrx_word' id='word_1_265' title='bbox 690 1813 763 1849; x_wconf 85' lang='lat' dir='ltr'><strong>Quid</strong></span> <span class='ocrx_word' id='word_1_266' title='bbox 781 1822 850 1852; x_wconf 77' lang='lat' dir='ltr'><strong>ergo</strong></span> <span class='ocrx_word' id='word_1_267' title='bbox 867 1812 919 1843; x_wconf 89' lang='lat' dir='ltr'><strong>de-</strong></span> 
     </span>
    </p>
   </div>
   <div class='ocr_carea' id='block_1_40' title="bbox 96 1857 916 1901">
    <p class='ocr_par' dir='ltr' id='par_1_40' title="bbox 96 1857 916 1901">
     <span class='ocr_line' id='line_1_40' title="bbox 96 1857 916 1901; baseline -0.004 -10"><span class='ocrx_word' id='word_1_268' title='bbox 96 1862 234 1901; x_wconf 89' lang='lat' dir='ltr'><strong>linquunt</strong></span> <span class='ocrx_word' id='word_1_269' title='bbox 249 1859 396 1896; x_wconf 75' lang='lat' dir='ltr'><strong>homines,</strong></span> <span class='ocrx_word' id='word_1_270' title='bbox 410 1859 435 1889; x_wconf 92' lang='lat' dir='ltr'><strong>si</strong></span> <span class='ocrx_word' id='word_1_271' title='bbox 450 1857 597 1898; x_wconf 71' lang='lat' dir='ltr'><strong>malignus</strong></span> <span class='ocrx_word' id='word_1_272' title='bbox 610 1858 822 1889; x_wconf 77' lang='lat' dir='ltr'><strong>transformans</strong></span> <span class='ocrx_word' id='word_1_273' title='bbox 837 1867 869 1888; x_wconf 90' lang='lat' dir='ltr'><strong>se</strong></span> <span class='ocrx_word' id='word_1_274' title='bbox 886 1857 916 1888; x_wconf 89' lang='lat' dir='ltr'><strong>in</strong></span> 
     </span>
    </p>
   </div>
   <div class='ocr_carea' id='block_1_41' title="bbox 93 1901 915 1946">
    <p class='ocr_par' dir='ltr' id='par_1_41' title="bbox 93 1901 915 1946">
     <span class='ocr_line' id='line_1_41' title="bbox 93 1901 915 1946; baseline -0.005 -10"><span class='ocrx_word' id='word_1_275' title='bbox 93 1905 286 1946; x_wconf 81' lang='lat' dir='ltr'><strong>splendorem</strong></span> <span class='ocrx_word' id='word_1_276' title='bbox 299 1904 373 1935; x_wconf 89' lang='lat' dir='ltr'><strong>lucis</strong></span> <span class='ocrx_word' id='word_1_277' title='bbox 380 1903 408 1926; x_wconf 67' lang='lat'><strong>‘9</strong></span> <span class='ocrx_word' id='word_1_278' title='bbox 417 1904 528 1943; x_wconf 79' lang='lat' dir='ltr'><strong>inajora</strong></span> <span class='ocrx_word' id='word_1_279' title='bbox 539 1903 720 1943; x_wconf 88' lang='lat' dir='ltr'><strong>repromittit</strong></span> <span class='ocrx_word' id='word_1_280' title='bbox 732 1901 915 1939; x_wconf 89' lang='lat' dir='ltr'><strong>hominibus,</strong></span> 
     </span>
    </p>
   </div>
   <div class='ocr_carea' id='block_1_42' title="bbox 92 1947 915 1990">
    <p class='ocr_par' dir='ltr' id='par_1_42' title="bbox 92 1947 915 1990">
     <span class='ocr_line' id='line_1_42' title="bbox 92 1947 915 1990; baseline -0.004 -10"><span class='ocrx_word' id='word_1_281' title='bbox 92 1959 184 1990; x_wconf 84' lang='lat' dir='ltr'><strong>quam</strong></span> <span class='ocrx_word' id='word_1_282' title='bbox 194 1949 258 1990; x_wconf 85' lang='lat' dir='ltr'><strong>ipse</strong></span> <span class='ocrx_word' id='word_1_283' title='bbox 268 1948 404 1979; x_wconf 84' lang='lat' dir='ltr'><strong>conditor</strong></span> <span class='ocrx_word' id='word_1_284' title='bbox 416 1949 508 1980; x_wconf 85' lang='lat' dir='ltr'><strong>Deus?</strong></span> <span class='ocrx_word' id='word_1_285' title='bbox 519 1947 555 1979; x_wconf 85' lang='lat' dir='ltr'><strong>Et</strong></span> <span class='ocrx_word' id='word_1_286' title='bbox 573 1949 674 1979; x_wconf 83' lang='lat' dir='ltr'><strong>l’etrus</strong></span> <span class='ocrx_word' id='word_1_287' title='bbox 688 1957 695 1979; x_wconf 91' lang='lat'>:</span> <span class='ocrx_word' id='word_1_288' title='bbox 708 1947 793 1984; x_wconf 85' lang='lat' dir='ltr'><strong>Puto,</strong></span> <span class='ocrx_word' id='word_1_289' title='bbox 809 1947 915 1987; x_wconf 85' lang='lat' dir='ltr'><strong>inquit,</strong></span> 
     </span>
    </p>
   </div>
   <div class='ocr_carea' id='block_1_43' title="bbox 94 1991 918 2034">
    <p class='ocr_par' dir='ltr' id='par_1_43' title="bbox 94 1991 918 2034">
     <span class='ocr_line' id='line_1_43' title="bbox 94 1991 918 2034; baseline -0.006 -8"><span class='ocrx_word' id='word_1_290' title='bbox 94 1996 153 2026; x_wconf 88' lang='lat' dir='ltr'><strong>hoc</strong></span> <span class='ocrx_word' id='word_1_291' title='bbox 168 1994 308 2034; x_wconf 84' lang='lat' dir='ltr'><strong>injustius</strong></span> <span class='ocrx_word' id='word_1_292' title='bbox 323 1993 396 2024; x_wconf 88' lang='lat' dir='ltr'><strong>nihil</strong></span> <span class='ocrx_word' id='word_1_293' title='bbox 412 2002 487 2028; x_wconf 85' lang='lat' dir='ltr'><strong>esse,</strong></span> <span class='ocrx_word' id='word_1_294' title='bbox 507 1999 538 2024; x_wconf 89' lang='lat' dir='ltr'><strong>et</strong></span> <span class='ocrx_word' id='word_1_295' title='bbox 561 1997 706 2033; x_wconf 83' lang='lat' dir='ltr'><strong>quatenus</strong></span> <span class='ocrx_word' id='word_1_296' title='bbox 722 1992 864 2032; x_wconf 91' lang='lat' dir='ltr'><strong>injustum</strong></span> <span class='ocrx_word' id='word_1_297' title='bbox 880 1991 918 2022; x_wconf 93' lang='lat' dir='ltr'><strong>sit</strong></span> 
     </span>
    </p>
   </div>
   <div class='ocr_carea' id='block_1_44' title="bbox 91 2035 917 2078">
    <p class='ocr_par' dir='ltr' id='par_1_44' title="bbox 91 2035 917 2078">
     <span class='ocr_line' id='line_1_44' title="bbox 91 2035 917 2078; baseline -0.006 -7"><span class='ocrx_word' id='word_1_298' title='bbox 91 2037 212 2071; x_wconf 81' lang='lat' dir='ltr'><strong>audi.Si</strong></span> <span class='ocrx_word' id='word_1_299' title='bbox 223 2038 303 2069; x_wconf 82' lang='lat' dir='ltr'><strong>filius</strong></span> <span class='ocrx_word' id='word_1_300' title='bbox 319 2043 398 2073; x_wconf 83' lang='lat' dir='ltr'><strong>tuus.</strong></span> <span class='ocrx_word' id='word_1_301' title='bbox 409 2037 487 2078; x_wconf 89' lang='lat' dir='ltr'><strong>quia</strong></span> <span class='ocrx_word' id='word_1_302' title='bbox 503 2042 530 2068; x_wconf 91' lang='lat' dir='ltr'><strong>te</strong></span> <span class='ocrx_word' id='word_1_303' title='bbox 546 2037 627 2068; x_wconf 91' lang='lat' dir='ltr'><strong>omni</strong></span> <span class='ocrx_word' id='word_1_304' title='bbox 644 2036 798 2076; x_wconf 72' lang='lat' dir='ltr'><strong>diligentia</strong></span> <span class='ocrx_word' id='word_1_305' title='bbox 814 2035 917 2066; x_wconf 86' lang='lat' dir='ltr'><strong>erudi-</strong></span> 
     </span>
    </p>
   </div>
   <div class='ocr_carea' id='block_1_45' title="bbox 94 2081 920 2123">
    <p class='ocr_par' dir='ltr' id='par_1_45' title="bbox 94 2081 920 2123">
     <span class='ocr_line' id='line_1_45' title="bbox 94 2081 920 2123; baseline -0.005 -8"><span class='ocrx_word' id='word_1_306' title='bbox 94 2090 143 2115; x_wconf 86' lang='lat' dir='ltr'><strong>tus</strong></span> <span class='ocrx_word' id='word_1_307' title='bbox 168 2087 212 2114; x_wconf 90' lang='lat' dir='ltr'><strong>est</strong></span> <span class='ocrx_word' id='word_1_308' title='bbox 238 2087 267 2113; x_wconf 89' lang='lat' dir='ltr'><strong>et</strong></span> <span class='ocrx_word' id='word_1_309' title='bbox 282 2083 425 2123; x_wconf 85' lang='lat' dir='ltr'><strong>nutritus,</strong></span> <span class='ocrx_word' id='word_1_310' title='bbox 441 2087 530 2123; x_wconf 85' lang='lat' dir='ltr'><strong>atque</strong></span> <span class='ocrx_word' id='word_1_311' title='bbox 554 2081 591 2112; x_wconf 91' lang='lat' dir='ltr'><strong>ad</strong></span> <span class='ocrx_word' id='word_1_312' title='bbox 614 2081 730 2113; x_wconf 85' lang='lat' dir='ltr'><strong>virilem</strong></span> <span class='ocrx_word' id='word_1_313' title='bbox 759 2081 920 2122; x_wconf 87' lang='lat' dir='ltr'><strong>perductus</strong></span> 
     </span>
    </p>
   </div>
   <div class='ocr_carea' id='block_1_46' title="bbox 97 2125 918 2167">
    <p class='ocr_par' dir='ltr' id='par_1_46' title="bbox 97 2125 918 2167">
     <span class='ocr_line' id='line_1_46' title="bbox 97 2125 918 2167; baseline -0.004 -8"><span class='ocrx_word' id='word_1_314' title='bbox 97 2128 364 2167; x_wconf 67' lang='lat' dir='ltr'><strong>aetatem,ingratus</strong></span> <span class='ocrx_word' id='word_1_315' title='bbox 374 2126 427 2157; x_wconf 88' lang='lat' dir='ltr'><strong>tibi</strong></span> <span class='ocrx_word' id='word_1_316' title='bbox 439 2126 488 2164; x_wconf 90' lang='lat' dir='ltr'><strong>sit,</strong></span> <span class='ocrx_word' id='word_1_317' title='bbox 502 2131 531 2158; x_wconf 90' lang='lat' dir='ltr'><strong>et</strong></span> <span class='ocrx_word' id='word_1_318' title='bbox 540 2126 715 2167; x_wconf 85' lang='lat' dir='ltr'><strong>relinquens</strong></span> <span class='ocrx_word' id='word_1_319' title='bbox 725 2130 752 2156; x_wconf 90' lang='lat' dir='ltr'><strong>te</strong></span> <span class='ocrx_word' id='word_1_320' title='bbox 763 2126 799 2156; x_wconf 88' lang='lat' dir='ltr'><strong>ad</strong></span> <span class='ocrx_word' id='word_1_321' title='bbox 813 2125 918 2165; x_wconf 87' lang='lat' dir='ltr'><strong>alium,</strong></span> 
     </span>
    </p>
   </div>
   <div class='ocr_carea' id='block_1_47' title="bbox 96 2171 919 2214">
    <p class='ocr_par' dir='ltr' id='par_1_47' title="bbox 96 2171 919 2214">
     <span class='ocr_line' id='line_1_47' title="bbox 96 2171 919 2214; baseline -0.005 -10"><span class='ocrx_word' id='word_1_322' title='bbox 96 2182 187 2214; x_wconf 84' lang='lat' dir='ltr'><strong>quem</strong></span> <span class='ocrx_word' id='word_1_323' title='bbox 199 2172 275 2203; x_wconf 87' lang='lat' dir='ltr'><strong>forte</strong></span> <span class='ocrx_word' id='word_1_324' title='bbox 287 2172 424 2203; x_wconf 84' lang='lat' dir='ltr'><strong>ditiorem</strong></span> <span class='ocrx_word' id='word_1_325' title='bbox 438 2171 652 2208; x_wconf 83' lang='lat' dir='ltr'><strong>viderit,eat,et</strong></span> <span class='ocrx_word' id='word_1_326' title='bbox 669 2172 814 2202; x_wconf 80' lang='lat' dir='ltr'><strong>honorem</strong></span> <span class='ocrx_word' id='word_1_327' title='bbox 831 2178 919 2210; x_wconf 85' lang='lat' dir='ltr'><strong>quem</strong></span> 
     </span>
    </p>
   </div>
   <div class='ocr_carea' id='block_1_48' title="bbox 99 2215 919 2256">
    <p class='ocr_par' dir='ltr' id='par_1_48' title="bbox 99 2215 919 2256">
     <span class='ocr_line' id='line_1_48' title="bbox 99 2215 919 2256; baseline -0.004 -8"><span class='ocrx_word' id='word_1_328' title='bbox 99 2218 155 2248; x_wconf 87' lang='lat' dir='ltr'><strong>tibi</strong></span> <span class='ocrx_word' id='word_1_329' title='bbox 173 2217 301 2248; x_wconf 84' lang='lat' dir='ltr'><strong>debebat</strong></span> <span class='ocrx_word' id='word_1_330' title='bbox 312 2217 355 2248; x_wconf 85' lang='lat' dir='ltr'><strong>illi</strong></span> <span class='ocrx_word' id='word_1_331' title='bbox 371 2216 560 2247; x_wconf 66' lang='lat' dir='ltr'><strong>exhibeatac</strong></span> <span class='ocrx_word' id='word_1_332' title='bbox 575 2225 631 2256; x_wconf 82' lang='lat' dir='ltr'><strong>spe</strong></span> <span class='ocrx_word' id='word_1_333' title='bbox 645 2216 767 2256; x_wconf 79' lang='lat' dir='ltr'><strong>majoris</strong></span> <span class='ocrx_word' id='word_1_334' title='bbox 781 2215 855 2246; x_wconf 85' lang='lat' dir='ltr'><strong>lucri</strong></span> <span class='ocrx_word' id='word_1_335' title='bbox 865 2224 919 2245; x_wconf 82' lang='lat' dir='ltr'><strong>na-</strong></span> 
     </span>
    </p>
   </div>
   <div class='ocr_carea' id='block_1_49' title="bbox 100 2259 921 2302">
    <p class='ocr_par' dir='ltr' id='par_1_49' title="bbox 100 2259 921 2302">
     <span class='ocr_line' id='line_1_49' title="bbox 100 2259 921 2302; baseline -0.004 -9"><span class='ocrx_word' id='word_1_336' title='bbox 100 2268 201 2294; x_wconf 76' lang='lat' dir='ltr'><strong>turam</strong></span> <span class='ocrx_word' id='word_1_337' title='bbox 217 2267 305 2302; x_wconf 75' lang='lat' dir='ltr'><strong>neget</strong></span> <span class='ocrx_word' id='word_1_338' title='bbox 319 2266 348 2293; x_wconf 86' lang='lat' dir='ltr'><strong>et</strong></span> <span class='ocrx_word' id='word_1_339' title='bbox 359 2262 428 2301; x_wconf 80' lang='lat' dir='ltr'><strong>jura</strong></span> <span class='ocrx_word' id='word_1_340' title='bbox 443 2265 567 2300; x_wconf 82' lang='lat' dir='ltr'><strong>paterna</strong></span> <span class='ocrx_word' id='word_1_341' title='bbox 577 2260 717 2300; x_wconf 72' lang='lat' dir='ltr'><strong>defugiat,</strong></span> <span class='ocrx_word' id='word_1_342' title='bbox 734 2266 849 2291; x_wconf 88' lang='lat' dir='ltr'><strong>rectum</strong></span> <span class='ocrx_word' id='word_1_343' title='bbox 869 2259 921 2290; x_wconf 86' lang='lat' dir='ltr'><strong>tibi</strong></span> 
     </span>
    </p>
   </div>
   <div class='ocr_carea' id='block_1_50' title="bbox 98 2304 919 2346">
    <p class='ocr_par' dir='ltr' id='par_1_50' title="bbox 98 2304 919 2346">
     <span class='ocr_line' id='line_1_50' title="bbox 98 2304 919 2346; baseline -0.005 -9"><span class='ocrx_word' id='word_1_344' title='bbox 98 2306 268 2344; x_wconf 84' lang='lat' dir='ltr'><strong>videtur,an</strong></span> <span class='ocrx_word' id='word_1_345' title='bbox 283 2306 423 2346; x_wconf 86' lang='lat' dir='ltr'><strong>impium?</strong></span> <span class='ocrx_word' id='word_1_346' title='bbox 444 2305 480 2336; x_wconf 87' lang='lat' dir='ltr'><strong>Et</strong></span> <span class='ocrx_word' id='word_1_347' title='bbox 495 2304 599 2345; x_wconf 67' lang='lat' dir='ltr'><strong>Aquila</strong></span> <span class='ocrx_word' id='word_1_348' title='bbox 618 2304 794 2345; x_wconf 80' lang='lat' dir='ltr'><strong>respondit:</strong></span> <span class='ocrx_word' id='word_1_349' title='bbox 816 2304 919 2336; x_wconf 86' lang='lat' dir='ltr'><strong>Omni-</strong></span> 
     </span>
    </p>
   </div>
   <div class='ocr_carea' id='block_1_51' title="bbox 100 2347 923 2392">
    <p class='ocr_par' dir='ltr' id='par_1_51' title="bbox 100 2347 923 2392">
     <span class='ocr_line' id='line_1_51' title="bbox 100 2347 923 2392; baseline -0.005 -9"><span class='ocrx_word' id='word_1_350' title='bbox 100 2353 157 2383; x_wconf 87' lang='lat' dir='ltr'><strong>bus</strong></span> <span class='ocrx_word' id='word_1_351' title='bbox 171 2351 266 2392; x_wconf 87' lang='lat' dir='ltr'><strong>palam</strong></span> <span class='ocrx_word' id='word_1_352' title='bbox 283 2355 337 2391; x_wconf 86' lang='lat' dir='ltr'><strong>est,</strong></span> <span class='ocrx_word' id='word_1_353' title='bbox 369 2350 446 2391; x_wconf 88' lang='lat' dir='ltr'><strong>quod</strong></span> <span class='ocrx_word' id='word_1_354' title='bbox 472 2350 595 2390; x_wconf 88' lang='lat' dir='ltr'><strong>impium</strong></span> <span class='ocrx_word' id='word_1_355' title='bbox 623 2350 671 2380; x_wconf 87' lang='lat' dir='ltr'><strong>sit.</strong></span> <span class='ocrx_word' id='word_1_356' title='bbox 700 2349 734 2379; x_wconf 86' lang='lat' dir='ltr'><strong>Et</strong></span> <span class='ocrx_word' id='word_1_357' title='bbox 748 2349 873 2380; x_wconf 83' lang='lat' dir='ltr'><strong>Petrus:</strong></span> <span class='ocrx_word' id='word_1_358' title='bbox 891 2347 923 2379; x_wconf 88' lang='lat' dir='ltr'><strong>Si</strong></span> 
     </span>
    </p>
   </div>
   <div class='ocr_carea' id='block_1_52' title="bbox 99 2392 923 2435">
    <p class='ocr_par' dir='ltr' id='par_1_52' title="bbox 99 2392 923 2435">
     <span class='ocr_line' id='line_1_52' title="bbox 99 2392 923 2435; baseline -0.004 -8"><span class='ocrx_word' id='word_1_359' title='bbox 99 2406 173 2435; x_wconf 77' lang='lat' dir='ltr'><strong>ergo</strong></span> <span class='ocrx_word' id='word_1_360' title='bbox 185 2397 214 2427; x_wconf 92' lang='lat' dir='ltr'><strong>in</strong></span> <span class='ocrx_word' id='word_1_361' title='bbox 228 2395 400 2427; x_wconf 87' lang='lat' dir='ltr'><strong>hominibus</strong></span> <span class='ocrx_word' id='word_1_362' title='bbox 415 2396 470 2425; x_wconf 90' lang='lat' dir='ltr'><strong>hoc</strong></span> <span class='ocrx_word' id='word_1_363' title='bbox 481 2394 603 2435; x_wconf 90' lang='lat' dir='ltr'><strong>impium</strong></span> <span class='ocrx_word' id='word_1_364' title='bbox 616 2393 819 2435; x_wconf 86' lang='lat' dir='ltr'><strong>dicis,quanto</strong></span> <span class='ocrx_word' id='word_1_365' title='bbox 833 2392 923 2433; x_wconf 75' lang='lat' dir='ltr'><strong>magis</strong></span> 
     </span>
    </p>
   </div>
   <div class='ocr_carea' id='block_1_53' title="bbox 98 2438 922 2481">
    <p class='ocr_par' dir='ltr' id='par_1_53' title="bbox 98 2438 922 2481">
     <span class='ocr_line' id='line_1_53' title="bbox 98 2438 922 2481; baseline -0.005 -9"><span class='ocrx_word' id='word_1_366' title='bbox 98 2443 130 2472; x_wconf 91' lang='lat' dir='ltr'><strong>in</strong></span> <span class='ocrx_word' id='word_1_367' title='bbox 145 2441 216 2472; x_wconf 87' lang='lat' dir='ltr'><strong>Deo.</strong></span> <span class='ocrx_word' id='word_1_368' title='bbox 240 2441 288 2481; x_wconf 88' lang='lat' dir='ltr'><strong>qui</strong></span> <span class='ocrx_word' id='word_1_369' title='bbox 305 2448 394 2480; x_wconf 80' lang='lat' dir='ltr'><strong>supra</strong></span> <span class='ocrx_word' id='word_1_370' title='bbox 411 2448 516 2470; x_wconf 85' lang='lat' dir='ltr'><strong>omnes</strong></span> <span class='ocrx_word' id='word_1_371' title='bbox 532 2439 669 2470; x_wconf 85' lang='lat' dir='ltr'><strong>homines</strong></span> <span class='ocrx_word' id='word_1_372' title='bbox 686 2438 798 2470; x_wconf 90' lang='lat' dir='ltr'><strong>honore</strong></span> <span class='ocrx_word' id='word_1_373' title='bbox 813 2438 850 2468; x_wconf 88' lang='lat' dir='ltr'><strong>ab</strong></span> <span class='ocrx_word' id='word_1_374' title='bbox 867 2439 922 2468; x_wconf 83' lang='lat' dir='ltr'><strong>ho-</strong></span> 
     </span>
    </p>
   </div>
   <div class='ocr_carea' id='block_1_54' title="bbox 102 2482 923 2525">
    <p class='ocr_par' dir='ltr' id='par_1_54' title="bbox 102 2482 923 2525">
     <span class='ocr_line' id='line_1_54' title="bbox 102 2482 923 2525; baseline -0.007 -7"><span class='ocrx_word' id='word_1_375' title='bbox 102 2486 235 2518; x_wconf 88' lang='lat' dir='ltr'><strong>minibus</strong></span> <span class='ocrx_word' id='word_1_376' title='bbox 256 2485 363 2525; x_wconf 76' lang='lat' dir='ltr'><strong>dignus</strong></span> <span class='ocrx_word' id='word_1_377' title='bbox 387 2486 457 2516; x_wconf 87' lang='lat' dir='ltr'><strong>est?</strong></span> <span class='ocrx_word' id='word_1_378' title='bbox 471 2484 556 2524; x_wconf 85' lang='lat' dir='ltr'><strong>cujus</strong></span> <span class='ocrx_word' id='word_1_379' title='bbox 571 2493 630 2514; x_wconf 92' lang='lat' dir='ltr'><strong>non</strong></span> <span class='ocrx_word' id='word_1_380' title='bbox 656 2483 752 2514; x_wconf 88' lang='lat' dir='ltr'><strong>solum</strong></span> <span class='ocrx_word' id='word_1_381' title='bbox 769 2482 923 2515; x_wconf 80' lang='lat' dir='ltr'><strong>beneﬁciis</strong></span> 
     </span>
    </p>
   </div>
   <div class='ocr_carea' id='block_1_55' title="bbox 102 2527 924 2569">
    <p class='ocr_par' dir='ltr' id='par_1_55' title="bbox 102 2527 924 2569">
     <span class='ocr_line' id='line_1_55' title="bbox 102 2527 924 2569; baseline -0.006 -7"><span class='ocrx_word' id='word_1_382' title='bbox 102 2529 243 2568; x_wconf 85' lang='lat' dir='ltr'><strong>fruimur,</strong></span> <span class='ocrx_word' id='word_1_383' title='bbox 269 2538 371 2562; x_wconf 84' lang='lat' dir='ltr'><strong>verum</strong></span> <span class='ocrx_word' id='word_1_384' title='bbox 397 2533 428 2560; x_wconf 90' lang='lat' dir='ltr'><strong>et</strong></span> <span class='ocrx_word' id='word_1_385' title='bbox 453 2538 510 2569; x_wconf 89' lang='lat' dir='ltr'><strong>ope</strong></span> <span class='ocrx_word' id='word_1_386' title='bbox 525 2538 559 2559; x_wconf 88' lang='lat' dir='ltr'><strong>ac</strong></span> <span class='ocrx_word' id='word_1_387' title='bbox 576 2527 681 2559; x_wconf 87' lang='lat' dir='ltr'><strong>virtute</strong></span> <span class='ocrx_word' id='word_1_388' title='bbox 698 2536 764 2559; x_wconf 86' lang='lat' dir='ltr'><strong>esse</strong></span> <span class='ocrx_word' id='word_1_389' title='bbox 780 2527 924 2567; x_wconf 78' lang='lat' dir='ltr'><strong>cmpimus</strong></span> 
     </span>
    </p>
   </div>
   <div class='ocr_carea' id='block_1_56' title="bbox 105 2571 926 2613">
    <p class='ocr_par' dir='ltr' id='par_1_56' title="bbox 105 2571 926 2613">
     <span class='ocr_line' id='line_1_56' title="bbox 105 2571 926 2613; baseline -0.006 -7"><span class='ocrx_word' id='word_1_390' title='bbox 105 2585 174 2607; x_wconf 86' lang='lat' dir='ltr'><strong>cum</strong></span> <span class='ocrx_word' id='word_1_391' title='bbox 183 2584 242 2605; x_wconf 91' lang='lat' dir='ltr'><strong>non</strong></span> <span class='ocrx_word' id='word_1_392' title='bbox 255 2573 515 2613; x_wconf 85' lang='lat' dir='ltr'><strong>essemus,cuique</strong></span> <span class='ocrx_word' id='word_1_393' title='bbox 525 2572 550 2603; x_wconf 87' lang='lat' dir='ltr'><strong>si</strong></span> <span class='ocrx_word' id='word_1_394' title='bbox 563 2573 732 2612; x_wconf 84' lang='lat' dir='ltr'><strong>placeamus</strong></span> <span class='ocrx_word' id='word_1_395' title='bbox 743 2571 926 2602; x_wconf 88' lang='lat' dir='ltr'><strong>merebimur</strong></span> 
     </span>
    </p>
   </div>
   <div class='ocr_carea' id='block_1_57' title="bbox 104 2616 924 2658">
    <p class='ocr_par' dir='ltr' id='par_1_57' title="bbox 104 2616 924 2658">
     <span class='ocr_line' id='line_1_57' title="bbox 104 2616 924 2658; baseline -0.006 -7"><span class='ocrx_word' id='word_1_396' title='bbox 104 2620 143 2651; x_wconf 80' lang='lat' dir='ltr'><strong>ab</strong></span> <span class='ocrx_word' id='word_1_397' title='bbox 151 2623 236 2658; x_wconf 86' lang='lat' dir='ltr'><strong>eo,ut</strong></span> <span class='ocrx_word' id='word_1_398' title='bbox 247 2619 334 2650; x_wconf 82' lang='lat' dir='ltr'><strong>etiam</strong></span> <span class='ocrx_word' id='word_1_399' title='bbox 350 2618 452 2649; x_wconf 68' lang='lat' dir='ltr'><strong>aeterni</strong></span> <span class='ocrx_word' id='word_1_400' title='bbox 464 2619 496 2648; x_wconf 86' lang='lat' dir='ltr'><strong>in</strong></span> <span class='ocrx_word' id='word_1_401' title='bbox 512 2616 597 2648; x_wconf 88' lang='lat' dir='ltr'><strong>bonis</strong></span> <span class='ocrx_word' id='word_1_402' title='bbox 613 2617 719 2648; x_wconf 84' lang='lat' dir='ltr'><strong>simus.</strong></span> <span class='ocrx_word' id='word_1_403' title='bbox 738 2618 774 2648; x_wconf 89' lang='lat' dir='ltr'><strong>Ut</strong></span> <span class='ocrx_word' id='word_1_404' title='bbox 789 2625 861 2656; x_wconf 75' lang='lat' dir='ltr'><strong>ergo</strong></span> <span class='ocrx_word' id='word_1_405' title='bbox 877 2617 924 2646; x_wconf 89' lang='lat' dir='ltr'><strong>in-</strong></span> 
     </span>
    </p>
   </div>
   <div class='ocr_carea' id='block_1_58' title="bbox 949 160 1769 203">
    <p class='ocr_par' dir='ltr' id='par_1_58' title="bbox 949 160 1769 203">
     <span class='ocr_line' id='line_1_58' title="bbox 949 160 1769 203; baseline 0.006 -14"><span class='ocrx_word' id='word_1_406' title='bbox 949 160 1051 190; x_wconf 79' lang='lat' dir='ltr'><strong>ﬁdeles</strong></span> <span class='ocrx_word' id='word_1_407' title='bbox 1062 160 1222 191; x_wconf 80' lang='lat' dir='ltr'><strong>alidelibns</strong></span> <span class='ocrx_word' id='word_1_408' title='bbox 1234 164 1264 190; x_wconf 87' lang='lat' dir='ltr'><strong>et</strong></span> <span class='ocrx_word' id='word_1_409' title='bbox 1276 160 1316 200; x_wconf 87' lang='lat' dir='ltr'><strong>pii</strong></span> <span class='ocrx_word' id='word_1_410' title='bbox 1329 160 1533 191; x_wconf 85' lang='lat' dir='ltr'><strong>discernantur</strong></span> <span class='ocrx_word' id='word_1_411' title='bbox 1541 161 1576 192; x_wconf 83' lang='lat' dir='ltr'><strong>ab</strong></span> <span class='ocrx_word' id='word_1_412' title='bbox 1587 162 1769 203; x_wconf 82' lang='lat' dir='ltr'><strong>impiis,per&#39;</strong></span> 
     </span>
    </p>
   </div>
   <div class='ocr_carea' id='block_1_59' title="bbox 952 204 1764 247">
    <p class='ocr_par' dir='ltr' id='par_1_59' title="bbox 952 204 1764 247">
     <span class='ocr_line' id='line_1_59' title="bbox 952 204 1764 247; baseline 0.007 -14"><span class='ocrx_word' id='word_1_413' title='bbox 952 204 1072 234; x_wconf 90' lang='lat' dir='ltr'><strong>missum</strong></span> <span class='ocrx_word' id='word_1_414' title='bbox 1081 209 1126 235; x_wconf 90' lang='lat' dir='ltr'><strong>est</strong></span> <span class='ocrx_word' id='word_1_415' title='bbox 1139 204 1267 243; x_wconf 74' lang='lat' dir='ltr'><strong>maligno</strong></span> <span class='ocrx_word' id='word_1_416' title='bbox 1279 205 1318 235; x_wconf 89' lang='lat' dir='ltr'><strong>uti</strong></span> <span class='ocrx_word' id='word_1_417' title='bbox 1332 205 1379 235; x_wconf 86' lang='lat' dir='ltr'><strong>his</strong></span> <span class='ocrx_word' id='word_1_418' title='bbox 1386 205 1624 245; x_wconf 77' lang='lat' dir='ltr'><strong>artibus.quibus</strong></span> <span class='ocrx_word' id='word_1_419' title='bbox 1632 208 1764 247; x_wconf 72' lang='lat' dir='ltr'><strong>singulo—</strong></span> 
     </span>
    </p>
   </div>
   <div class='ocr_carea' id='block_1_60' title="bbox 951 248 1767 289">
    <p class='ocr_par' dir='ltr' id='par_1_60' title="bbox 951 248 1767 289">
     <span class='ocr_line' id='line_1_60' title="bbox 951 248 1767 289; baseline 0.007 -12"><span class='ocrx_word' id='word_1_420' title='bbox 951 257 1016 278; x_wconf 90' lang='lat' dir='ltr'><strong>rum</strong></span> <span class='ocrx_word' id='word_1_421' title='bbox 1029 258 1098 287; x_wconf 82' lang='lat' dir='ltr'><strong>erga</strong></span> <span class='ocrx_word' id='word_1_422' title='bbox 1106 258 1205 279; x_wconf 88' lang='lat' dir='ltr'><strong>verum</strong></span> <span class='ocrx_word' id='word_1_423' title='bbox 1218 254 1368 287; x_wconf 87' lang='lat' dir='ltr'><strong>parentem</strong></span> <span class='ocrx_word' id='word_1_424' title='bbox 1377 248 1540 288; x_wconf 84' lang='lat' dir='ltr'><strong>probentur</strong></span> <span class='ocrx_word' id='word_1_425' title='bbox 1549 251 1767 289; x_wconf 73' lang='lat' dir='ltr'><strong>aﬂ&#39;ectusQuod</strong></span> 
     </span>
    </p>
   </div>
   <div class='ocr_carea' id='block_1_61' title="bbox 951 291 1767 334">
    <p class='ocr_par' dir='ltr' id='par_1_61' title="bbox 951 291 1767 334">
     <span class='ocr_line' id='line_1_61' title="bbox 951 291 1767 334; baseline 0.009 -13"><span class='ocrx_word' id='word_1_426' title='bbox 951 293 975 322; x_wconf 89' lang='lat' dir='ltr'><strong>si</strong></span> <span class='ocrx_word' id='word_1_427' title='bbox 989 291 1015 313; x_wconf 61' lang='lat'><strong>2°</strong></span> <span class='ocrx_word' id='word_1_428' title='bbox 1026 302 1092 323; x_wconf 63' lang='lat' dir='ltr'><strong>veru</strong></span> <span class='ocrx_word' id='word_1_429' title='bbox 1105 298 1183 325; x_wconf 83' lang='lat' dir='ltr'><strong>esset</strong></span> <span class='ocrx_word' id='word_1_430' title='bbox 1195 293 1303 333; x_wconf 82' lang='lat' dir='ltr'><strong>aliquis</strong></span> <span class='ocrx_word' id='word_1_431' title='bbox 1317 294 1392 324; x_wconf 88' lang='lat' dir='ltr'><strong>deus</strong></span> <span class='ocrx_word' id='word_1_432' title='bbox 1408 294 1532 331; x_wconf 75' lang='lat' dir='ltr'><strong>alienus,</strong></span> <span class='ocrx_word' id='word_1_433' title='bbox 1557 299 1652 326; x_wconf 85' lang='lat' dir='ltr'><strong>tamen</strong></span> <span class='ocrx_word' id='word_1_434' title='bbox 1667 297 1704 327; x_wconf 87' lang='lat' dir='ltr'><strong>ab</strong></span> <span class='ocrx_word' id='word_1_435' title='bbox 1720 307 1767 334; x_wconf 88' lang='lat' dir='ltr'><strong>eo,</strong></span> 
     </span>
    </p>
   </div>
   <div class='ocr_carea' id='block_1_62' title="bbox 951 337 1770 378">
    <p class='ocr_par' dir='ltr' id='par_1_62' title="bbox 951 337 1770 378">
     <span class='ocr_line' id='line_1_62' title="bbox 951 337 1770 378; baseline 0.006 -11"><span class='ocrx_word' id='word_1_436' title='bbox 951 338 1001 377; x_wconf 86' lang='lat' dir='ltr'><strong>qui</strong></span> <span class='ocrx_word' id='word_1_437' title='bbox 1018 347 1071 368; x_wconf 89' lang='lat' dir='ltr'><strong>nos</strong></span> <span class='ocrx_word' id='word_1_438' title='bbox 1083 343 1238 368; x_wconf 82' lang='lat' dir='ltr'><strong>creaverat</strong></span> <span class='ocrx_word' id='word_1_439' title='bbox 1254 338 1363 378; x_wconf 89' lang='lat' dir='ltr'><strong>quique</strong></span> <span class='ocrx_word' id='word_1_440' title='bbox 1394 337 1478 368; x_wconf 89' lang='lat' dir='ltr'><strong>nobis</strong></span> <span class='ocrx_word' id='word_1_441' title='bbox 1494 344 1576 378; x_wconf 85' lang='lat' dir='ltr'><strong>pater</strong></span> <span class='ocrx_word' id='word_1_442' title='bbox 1591 346 1617 371; x_wconf 89' lang='lat' dir='ltr'><strong>et</strong></span> <span class='ocrx_word' id='word_1_443' title='bbox 1635 342 1770 372; x_wconf 86' lang='lat' dir='ltr'><strong>conditor</strong></span> 
     </span>
    </p>
   </div>
   <div class='ocr_carea' id='block_1_63' title="bbox 951 382 1768 423">
    <p class='ocr_par' dir='ltr' id='par_1_63' title="bbox 951 382 1768 423">
     <span class='ocr_line' id='line_1_63' title="bbox 951 382 1768 423; baseline 0.007 -12"><span class='ocrx_word' id='word_1_444' title='bbox 951 383 1057 420; x_wconf 86' lang='lat' dir='ltr'><strong>fuerat,</strong></span> <span class='ocrx_word' id='word_1_445' title='bbox 1077 388 1235 413; x_wconf 87' lang='lat' dir='ltr'><strong>rectumne</strong></span> <span class='ocrx_word' id='word_1_446' title='bbox 1250 388 1323 422; x_wconf 90' lang='lat' dir='ltr'><strong>erat,</strong></span> <span class='ocrx_word' id='word_1_447' title='bbox 1337 382 1441 413; x_wconf 72' lang='lat' dir='ltr'><strong>relicto</strong></span> <span class='ocrx_word' id='word_1_448' title='bbox 1458 384 1575 423; x_wconf 90' lang='lat' dir='ltr'><strong>proprio</strong></span> <span class='ocrx_word' id='word_1_449' title='bbox 1592 385 1718 417; x_wconf 86' lang='lat' dir='ltr'><strong>transire</strong></span> <span class='ocrx_word' id='word_1_450' title='bbox 1733 386 1768 417; x_wconf 89' lang='lat' dir='ltr'><strong>ad</strong></span> 
     </span>
    </p>
   </div>
   <div class='ocr_carea' id='block_1_64' title="bbox 952 426 1768 467">
    <p class='ocr_par' dir='ltr' id='par_1_64' title="bbox 952 426 1768 467">
     <span class='ocr_line' id='line_1_64' title="bbox 952 426 1768 467; baseline 0.007 -12"><span class='ocrx_word' id='word_1_451' title='bbox 952 426 1097 457; x_wconf 79' lang='lat' dir='ltr'><strong>alienum?</strong></span> <span class='ocrx_word' id='word_1_452' title='bbox 1113 426 1148 458; x_wconf 81' lang='lat' dir='ltr'><strong>Et</strong></span> <span class='ocrx_word' id='word_1_453' title='bbox 1164 427 1271 467; x_wconf 73' lang='lat' dir='ltr'><strong>Aquila</strong></span> <span class='ocrx_word' id='word_1_454' title='bbox 1288 426 1411 458; x_wconf 82' lang='lat' dir='ltr'><strong>:Absit!</strong></span> <span class='ocrx_word' id='word_1_455' title='bbox 1426 427 1530 467; x_wconf 89' lang='lat' dir='ltr'><strong>inquit.</strong></span> <span class='ocrx_word' id='word_1_456' title='bbox 1548 427 1622 459; x_wconf 89' lang='lat' dir='ltr'><strong>Tum</strong></span> <span class='ocrx_word' id='word_1_457' title='bbox 1643 429 1768 461; x_wconf 87' lang='lat' dir='ltr'><strong>Petrus:</strong></span> 
     </span>
    </p>
   </div>
   <div class='ocr_carea' id='block_1_65' title="bbox 953 470 1769 511">
    <p class='ocr_par' dir='ltr' id='par_1_65' title="bbox 953 470 1769 511">
     <span class='ocr_line' id='line_1_65' title="bbox 953 470 1769 511; baseline 0.007 -11"><span class='ocrx_word' id='word_1_458' title='bbox 953 470 1107 507; x_wconf 84' lang='lat' dir='ltr'><strong>Quomodo</strong></span> <span class='ocrx_word' id='word_1_459' title='bbox 1123 481 1193 511; x_wconf 74' lang='lat' dir='ltr'><strong>ergo</strong></span> <span class='ocrx_word' id='word_1_460' title='bbox 1224 473 1360 502; x_wconf 86' lang='lat' dir='ltr'><strong>dicemus</strong></span> <span class='ocrx_word' id='word_1_461' title='bbox 1386 472 1544 511; x_wconf 77' lang='lat' dir='ltr'><strong>malignum</strong></span> <span class='ocrx_word' id='word_1_462' title='bbox 1569 483 1635 504; x_wconf 89' lang='lat' dir='ltr'><strong>esse</strong></span> <span class='ocrx_word' id='word_1_463' title='bbox 1650 484 1769 506; x_wconf 82' lang='lat' dir='ltr'><strong>causam</strong></span> 
     </span>
    </p>
   </div>
   <div class='ocr_carea' id='block_1_66' title="bbox 954 516 1772 559">
    <p class='ocr_par' dir='ltr' id='par_1_66' title="bbox 954 516 1772 559">
     <span class='ocr_line' id='line_1_66' title="bbox 954 516 1772 559; baseline 0.007 -14"><span class='ocrx_word' id='word_1_464' title='bbox 954 516 1065 554; x_wconf 77' lang='lat' dir='ltr'><strong>peccati</strong></span> <span class='ocrx_word' id='word_1_465' title='bbox 1084 517 1188 556; x_wconf 83' lang='lat' dir='ltr'><strong>nostri,</strong></span> <span class='ocrx_word' id='word_1_466' title='bbox 1205 527 1271 547; x_wconf 79' lang='lat' dir='ltr'><strong>cum</strong></span> <span class='ocrx_word' id='word_1_467' title='bbox 1290 517 1344 547; x_wconf 89' lang='lat' dir='ltr'><strong>hoc</strong></span> <span class='ocrx_word' id='word_1_468' title='bbox 1363 517 1505 556; x_wconf 87' lang='lat' dir='ltr'><strong>permissu</strong></span> <span class='ocrx_word' id='word_1_469' title='bbox 1522 516 1573 548; x_wconf 89' lang='lat' dir='ltr'><strong>Dei</strong></span> <span class='ocrx_word' id='word_1_470' title='bbox 1591 518 1649 554; x_wconf 84' lang='lat' dir='ltr'><strong>ﬁat,</strong></span> <span class='ocrx_word' id='word_1_471' title='bbox 1676 525 1707 550; x_wconf 88' lang='lat' dir='ltr'><strong>nt</strong></span> <span class='ocrx_word' id='word_1_472' title='bbox 1720 530 1772 559; x_wconf 86' lang='lat' dir='ltr'><strong>per</strong></span> 
     </span>
    </p>
   </div>
   <div class='ocr_carea' id='block_1_67' title="bbox 951 561 1771 605">
    <p class='ocr_par' dir='ltr' id='par_1_67' title="bbox 951 561 1771 605">
     <span class='ocr_line' id='line_1_67' title="bbox 951 561 1771 605; baseline 0.006 -15"><span class='ocrx_word' id='word_1_473' title='bbox 951 561 1047 600; x_wconf 87' lang='lat' dir='ltr'><strong>ipsum</strong></span> <span class='ocrx_word' id='word_1_474' title='bbox 1063 561 1227 599; x_wconf 86' lang='lat' dir='ltr'><strong>probentur</strong></span> <span class='ocrx_word' id='word_1_475' title='bbox 1238 570 1263 591; x_wconf 72' lang='lat' dir='ltr'><strong>et</strong></span> <span class='ocrx_word' id='word_1_476' title='bbox 1284 561 1312 591; x_wconf 92' lang='lat' dir='ltr'><strong>in</strong></span> <span class='ocrx_word' id='word_1_477' title='bbox 1330 561 1378 591; x_wconf 87' lang='lat' dir='ltr'><strong>die</strong></span> <span class='ocrx_word' id='word_1_478' title='bbox 1390 561 1498 600; x_wconf 86' lang='lat' dir='ltr'><strong>judicii</strong></span> <span class='ocrx_word' id='word_1_479' title='bbox 1509 569 1669 602; x_wconf 81' lang='lat' dir='ltr'><strong>arguantur</strong></span> <span class='ocrx_word' id='word_1_480' title='bbox 1681 564 1709 595; x_wconf 83' lang='lat' dir='ltr'><strong>hl</strong></span> <span class='ocrx_word' id='word_1_481' title='bbox 1720 565 1771 605; x_wconf 86' lang='lat' dir='ltr'><strong>qui</strong></span> 
     </span>
    </p>
   </div>
   <div class='ocr_carea' id='block_1_68' title="bbox 952 605 1772 648">
    <p class='ocr_par' dir='ltr' id='par_1_68' title="bbox 952 605 1772 648">
     <span class='ocr_line' id='line_1_68' title="bbox 952 605 1772 648; baseline 0.007 -14"><span class='ocrx_word' id='word_1_482' title='bbox 952 605 1114 644; x_wconf 83' lang='lat' dir='ltr'><strong>majoribus</strong></span> <span class='ocrx_word' id='word_1_483' title='bbox 1130 605 1398 643; x_wconf 83' lang='lat' dir='ltr'><strong>pollicitationibus</strong></span> <span class='ocrx_word' id='word_1_484' title='bbox 1421 606 1543 642; x_wconf 80' lang='lat' dir='ltr'><strong>invitati,</strong></span> <span class='ocrx_word' id='word_1_485' title='bbox 1561 607 1621 637; x_wconf 83' lang='lat' dir='ltr'><strong>veri</strong></span> <span class='ocrx_word' id='word_1_486' title='bbox 1639 610 1729 648; x_wconf 83' lang='lat' dir='ltr'><strong>patris</strong></span> <span class='ocrx_word' id='word_1_487' title='bbox 1742 614 1772 640; x_wconf 87' lang='lat' dir='ltr'><strong>et</strong></span> 
     </span>
    </p>
   </div>
   <div class='ocr_carea' id='block_1_69' title="bbox 950 649 1770 693">
    <p class='ocr_par' dir='ltr' id='par_1_69' title="bbox 950 649 1770 693">
     <span class='ocr_line' id='line_1_69' title="bbox 950 649 1770 693; baseline 0.006 -14"><span class='ocrx_word' id='word_1_488' title='bbox 950 649 1113 680; x_wconf 81' lang='lat' dir='ltr'><strong>Conditoris</strong></span> <span class='ocrx_word' id='word_1_489' title='bbox 1124 650 1169 680; x_wconf 91' lang='lat' dir='ltr'><strong>sui</strong></span> <span class='ocrx_word' id='word_1_490' title='bbox 1182 650 1359 690; x_wconf 88' lang='lat' dir='ltr'><strong>reliquerint</strong></span> <span class='ocrx_word' id='word_1_491' title='bbox 1371 650 1521 690; x_wconf 85' lang='lat' dir='ltr'><strong>pietatem,</strong></span> <span class='ocrx_word' id='word_1_492' title='bbox 1536 651 1566 681; x_wconf 88' lang='lat' dir='ltr'><strong>hi</strong></span> <span class='ocrx_word' id='word_1_493' title='bbox 1584 661 1653 682; x_wconf 79' lang='lat' dir='ltr'><strong>vero</strong></span> <span class='ocrx_word' id='word_1_494' title='bbox 1669 653 1718 693; x_wconf 87' lang='lat' dir='ltr'><strong>qui</strong></span> <span class='ocrx_word' id='word_1_495' title='bbox 1733 654 1770 684; x_wconf 83' lang='lat' dir='ltr'><strong>fi-</strong></span> 
     </span>
    </p>
   </div>
   <div class='ocr_carea' id='block_1_70' title="bbox 951 695 1773 738">
    <p class='ocr_par' dir='ltr' id='par_1_70' title="bbox 951 695 1773 738">
     <span class='ocr_line' id='line_1_70' title="bbox 951 695 1773 738; baseline 0.006 -14"><span class='ocrx_word' id='word_1_496' title='bbox 951 696 1017 724; x_wconf 86' lang='lat' dir='ltr'><strong>dem</strong></span> <span class='ocrx_word' id='word_1_497' title='bbox 1035 700 1063 724; x_wconf 86' lang='lat' dir='ltr'><strong>et</strong></span> <span class='ocrx_word' id='word_1_498' title='bbox 1078 695 1253 725; x_wconf 81' lang='lat' dir='ltr'><strong>charitatem</strong></span> <span class='ocrx_word' id='word_1_499' title='bbox 1268 695 1379 734; x_wconf 86' lang='lat' dir='ltr'><strong>proprii</strong></span> <span class='ocrx_word' id='word_1_500' title='bbox 1397 695 1497 735; x_wconf 87' lang='lat' dir='ltr'><strong>patris,</strong></span> <span class='ocrx_word' id='word_1_501' title='bbox 1516 699 1603 726; x_wconf 82' lang='lat' dir='ltr'><strong>etiam</strong></span> <span class='ocrx_word' id='word_1_502' title='bbox 1619 706 1686 728; x_wconf 89' lang='lat' dir='ltr'><strong>cum</strong></span> <span class='ocrx_word' id='word_1_503' title='bbox 1704 707 1773 738; x_wconf 89' lang='lat' dir='ltr'><strong>pau-</strong></span> 
     </span>
    </p>
   </div>
   <div class='ocr_carea' id='block_1_71' title="bbox 952 739 1772 777">
    <p class='ocr_par' dir='ltr' id='par_1_71' title="bbox 952 739 1772 777">
     <span class='ocr_line' id='line_1_71' title="bbox 952 739 1772 777; baseline 0.006 -9"><span class='ocrx_word' id='word_1_504' title='bbox 952 744 1074 777; x_wconf 87' lang='lat' dir='ltr'><strong>pertate,</strong></span> <span class='ocrx_word' id='word_1_505' title='bbox 1094 739 1118 769; x_wconf 80' lang='lat' dir='ltr'><strong>si</strong></span> <span class='ocrx_word' id='word_1_506' title='bbox 1132 739 1289 777; x_wconf 84' lang='lat' dir='ltr'><strong>acciderit,</strong></span> <span class='ocrx_word' id='word_1_507' title='bbox 1302 744 1332 770; x_wconf 89' lang='lat' dir='ltr'><strong>et</strong></span> <span class='ocrx_word' id='word_1_508' title='bbox 1347 749 1413 770; x_wconf 83' lang='lat' dir='ltr'><strong>cum</strong></span> <span class='ocrx_word' id='word_1_509' title='bbox 1428 739 1619 772; x_wconf 86' lang='lat' dir='ltr'><strong>tribulatione</strong></span> <span class='ocrx_word' id='word_1_510' title='bbox 1633 750 1772 773; x_wconf 85' lang='lat' dir='ltr'><strong>servave-</strong></span> 
     </span>
    </p>
   </div>
   <div class='ocr_carea' id='block_1_72' title="bbox 952 784 1771 825">
    <p class='ocr_par' dir='ltr' id='par_1_72' title="bbox 952 784 1771 825">
     <span class='ocr_line' id='line_1_72' title="bbox 952 784 1771 825; baseline 0.006 -12"><span class='ocrx_word' id='word_1_511' title='bbox 952 785 1021 820; x_wconf 87' lang='lat' dir='ltr'><strong>rint,</strong></span> <span class='ocrx_word' id='word_1_512' title='bbox 1035 784 1120 814; x_wconf 85' lang='lat' dir='ltr'><strong>donis</strong></span> <span class='ocrx_word' id='word_1_513' title='bbox 1135 784 1306 815; x_wconf 73' lang='lat' dir='ltr'><strong>ctelestibus</strong></span> <span class='ocrx_word' id='word_1_514' title='bbox 1322 785 1349 815; x_wconf 93' lang='lat' dir='ltr'><strong>in</strong></span> <span class='ocrx_word' id='word_1_515' title='bbox 1366 794 1456 824; x_wconf 81' lang='lat' dir='ltr'><strong>regno</strong></span> <span class='ocrx_word' id='word_1_516' title='bbox 1471 785 1536 825; x_wconf 83' lang='lat' dir='ltr'><strong>ejus</strong></span> <span class='ocrx_word' id='word_1_517' title='bbox 1550 791 1578 815; x_wconf 89' lang='lat' dir='ltr'><strong>et</strong></span> <span class='ocrx_word' id='word_1_518' title='bbox 1594 786 1771 818; x_wconf 88' lang='lat' dir='ltr'><strong>immortali-</strong></span> 
     </span>
    </p>
   </div>
   <div class='ocr_carea' id='block_1_73' title="bbox 954 828 1771 868">
    <p class='ocr_par' dir='ltr' id='par_1_73' title="bbox 954 828 1771 868">
     <span class='ocr_line' id='line_1_73' title="bbox 954 828 1771 868; baseline 0.007 -11"><span class='ocrx_word' id='word_1_519' title='bbox 954 830 1008 858; x_wconf 90' lang='lat' dir='ltr'><strong>bus</strong></span> <span class='ocrx_word' id='word_1_520' title='bbox 1033 829 1207 860; x_wconf 84' lang='lat' dir='ltr'><strong>muneribus</strong></span> <span class='ocrx_word' id='word_1_521' title='bbox 1232 828 1445 868; x_wconf 81' lang='lat' dir='ltr'><strong>perfruantur?</strong></span> <span class='ocrx_word' id='word_1_522' title='bbox 1460 830 1519 860; x_wconf 81' lang='lat' dir='ltr'><strong>Sed</strong></span> <span class='ocrx_word' id='word_1_523' title='bbox 1536 830 1598 861; x_wconf 66' lang='lat' dir='ltr'><strong>haec</strong></span> <span class='ocrx_word' id='word_1_524' title='bbox 1618 832 1690 862; x_wconf 85' lang='lat' dir='ltr'><strong>alias</strong></span> <span class='ocrx_word' id='word_1_525' title='bbox 1701 832 1771 863; x_wconf 83' lang='lat' dir='ltr'><strong>dili-</strong></span> 
     </span>
    </p>
   </div>
   <div class='ocr_carea' id='block_1_74' title="bbox 952 873 1773 916">
    <p class='ocr_par' dir='ltr' id='par_1_74' title="bbox 952 873 1773 916">
     <span class='ocr_line' id='line_1_74' title="bbox 952 873 1773 916; baseline 0.006 -14"><span class='ocrx_word' id='word_1_526' title='bbox 952 874 1070 910; x_wconf 69' lang='lat' dir='ltr'><strong>gentius</strong></span> <span class='ocrx_word' id='word_1_527' title='bbox 1096 883 1291 912; x_wconf 81' lang='lat' dir='ltr'><strong>exponemus.</strong></span> <span class='ocrx_word' id='word_1_528' title='bbox 1323 873 1398 909; x_wconf 87' lang='lat' dir='ltr'><strong>Quid</strong></span> <span class='ocrx_word' id='word_1_529' title='bbox 1429 879 1527 904; x_wconf 88' lang='lat' dir='ltr'><strong>autem</strong></span> <span class='ocrx_word' id='word_1_530' title='bbox 1558 874 1660 906; x_wconf 84' lang='lat' dir='ltr'><strong>Simon</strong></span> <span class='ocrx_word' id='word_1_531' title='bbox 1678 877 1773 916; x_wconf 82' lang='lat' dir='ltr'><strong>egerit</strong></span> 
     </span>
    </p>
   </div>
   <div class='ocr_carea' id='block_1_75' title="bbox 954 917 1314 958">
    <p class='ocr_par' dir='ltr' id='par_1_75' title="bbox 954 917 1314 958">
     <span class='ocr_line' id='line_1_75' title="bbox 954 917 1314 958; baseline 0 -11"><span class='ocrx_word' id='word_1_532' title='bbox 954 922 1018 956; x_wconf 85' lang='lat' dir='ltr'><strong>post</strong></span> <span class='ocrx_word' id='word_1_533' title='bbox 1033 917 1104 948; x_wconf 72' lang='lat' dir='ltr'><strong>haec.</strong></span> <span class='ocrx_word' id='word_1_534' title='bbox 1123 919 1201 949; x_wconf 88' lang='lat' dir='ltr'><strong>scire</strong></span> <span class='ocrx_word' id='word_1_535' title='bbox 1216 918 1314 958; x_wconf 87' lang='lat' dir='ltr'><strong>cupio.</strong></span> 
     </span>
    </p>
   </div>
   <div class='ocr_carea' id='block_1_76' title="bbox 994 961 1771 1001">
    <p class='ocr_par' dir='ltr' id='par_1_76' title="bbox 994 961 1771 1001">
     <span class='ocr_line' id='line_1_76' title="bbox 994 961 1771 1001; baseline 0.005 -8"><span class='ocrx_word' id='word_1_536' title='bbox 994 961 1110 993; x_wconf 75' lang='lat' dir='ltr'><strong>XlX.Et</strong></span> <span class='ocrx_word' id='word_1_537' title='bbox 1127 962 1230 994; x_wconf 87' lang='lat' dir='ltr'><strong>Niceta</strong></span> <span class='ocrx_word' id='word_1_538' title='bbox 1245 963 1398 1001; x_wconf 84' lang='lat' dir='ltr'><strong>respondit</strong></span> <span class='ocrx_word' id='word_1_539' title='bbox 1416 974 1422 992; x_wconf 89' lang='lat'><strong>:</strong></span> <span class='ocrx_word' id='word_1_540' title='bbox 1442 962 1495 994; x_wconf 90' lang='lat' dir='ltr'><strong>Ubi</strong></span> <span class='ocrx_word' id='word_1_541' title='bbox 1512 964 1692 996; x_wconf 85' lang='lat' dir='ltr'><strong>intellexisse</strong></span> <span class='ocrx_word' id='word_1_542' title='bbox 1705 976 1771 997; x_wconf 90' lang='lat' dir='ltr'><strong>eum</strong></span> 
     </span>
    </p>
   </div>
   <div class='ocr_carea' id='block_1_77' title="bbox 955 1007 1772 1047">
    <p class='ocr_par' dir='ltr' id='par_1_77' title="bbox 955 1007 1772 1047">
     <span class='ocr_line' id='line_1_77' title="bbox 955 1007 1772 1047; baseline 0.007 -11"><span class='ocrx_word' id='word_1_543' title='bbox 955 1008 1115 1043; x_wconf 89' lang='lat' dir='ltr'><strong>sensimus,</strong></span> <span class='ocrx_word' id='word_1_544' title='bbox 1133 1007 1210 1047; x_wconf 90' lang='lat' dir='ltr'><strong>quod</strong></span> <span class='ocrx_word' id='word_1_545' title='bbox 1221 1007 1428 1047; x_wconf 83' lang='lat' dir='ltr'><strong>deprehensus</strong></span> <span class='ocrx_word' id='word_1_546' title='bbox 1445 1013 1551 1038; x_wconf 83' lang='lat' dir='ltr'><strong>esseta</strong></span> <span class='ocrx_word' id='word_1_547' title='bbox 1563 1010 1660 1046; x_wconf 87' lang='lat' dir='ltr'><strong>nobis,</strong></span> <span class='ocrx_word' id='word_1_548' title='bbox 1678 1012 1772 1042; x_wconf 85' lang='lat' dir='ltr'><strong>collo-</strong></span> 
     </span>
    </p>
   </div>
   <div class='ocr_carea' id='block_1_78' title="bbox 954 1052 1775 1094">
    <p class='ocr_par' dir='ltr' id='par_1_78' title="bbox 954 1052 1775 1094">
     <span class='ocr_line' id='line_1_78' title="bbox 954 1052 1775 1094; baseline 0.009 -14"><span class='ocrx_word' id='word_1_549' title='bbox 954 1054 1012 1081; x_wconf 80' lang='lat' dir='ltr'><strong>cuti</strong></span> <span class='ocrx_word' id='word_1_550' title='bbox 1025 1052 1102 1082; x_wconf 80' lang='lat' dir='ltr'><strong>inter</strong></span> <span class='ocrx_word' id='word_1_551' title='bbox 1119 1061 1171 1082; x_wconf 83' lang='lat' dir='ltr'><strong>nos</strong></span> <span class='ocrx_word' id='word_1_552' title='bbox 1182 1052 1219 1082; x_wconf 91' lang='lat' dir='ltr'><strong>de</strong></span> <span class='ocrx_word' id='word_1_553' title='bbox 1232 1052 1397 1082; x_wconf 85' lang='lat' dir='ltr'><strong>sceleribus</strong></span> <span class='ocrx_word' id='word_1_554' title='bbox 1407 1052 1471 1092; x_wconf 87' lang='lat' dir='ltr'><strong>ejus</strong></span> <span class='ocrx_word' id='word_1_555' title='bbox 1480 1053 1654 1094; x_wconf 76' lang='lat' dir='ltr'><strong>reliquimus</strong></span> <span class='ocrx_word' id='word_1_556' title='bbox 1666 1064 1732 1086; x_wconf 89' lang='lat' dir='ltr'><strong>eum</strong></span> <span class='ocrx_word' id='word_1_557' title='bbox 1745 1061 1775 1087; x_wconf 88' lang='lat' dir='ltr'><strong>et</strong></span> 
     </span>
    </p>
   </div>
   <div class='ocr_carea' id='block_1_79' title="bbox 955 1095 1774 1139">
    <p class='ocr_par' dir='ltr' id='par_1_79' title="bbox 955 1095 1774 1139">
     <span class='ocr_line' id='line_1_79' title="bbox 955 1095 1774 1139; baseline 0.005 -12"><span class='ocrx_word' id='word_1_558' title='bbox 955 1099 992 1127; x_wconf 75' lang='lat' dir='ltr'><strong>ad</strong></span> <span class='ocrx_word' id='word_1_559' title='bbox 1007 1095 1180 1128; x_wconf 73' lang='lat' dir='ltr'><strong>Zaccbaeum</strong></span> <span class='ocrx_word' id='word_1_560' title='bbox 1211 1097 1354 1134; x_wconf 85' lang='lat' dir='ltr'><strong>venimus,</strong></span> <span class='ocrx_word' id='word_1_561' title='bbox 1373 1096 1436 1127; x_wconf 69' lang='lat' dir='ltr'><strong>haec</strong></span> <span class='ocrx_word' id='word_1_562' title='bbox 1461 1097 1526 1138; x_wconf 86' lang='lat' dir='ltr'><strong>ipsa</strong></span> <span class='ocrx_word' id='word_1_563' title='bbox 1541 1099 1578 1135; x_wconf 89' lang='lat' dir='ltr'><strong>ei,</strong></span> <span class='ocrx_word' id='word_1_564' title='bbox 1596 1109 1662 1139; x_wconf 69' lang='lat' dir='ltr'><strong>quae</strong></span> <span class='ocrx_word' id='word_1_565' title='bbox 1676 1106 1705 1131; x_wconf 89' lang='lat' dir='ltr'><strong>et</strong></span> <span class='ocrx_word' id='word_1_566' title='bbox 1722 1100 1774 1131; x_wconf 90' lang='lat' dir='ltr'><strong>tibi</strong></span> 
     </span>
    </p>
   </div>
   <div class='ocr_carea' id='block_1_80' title="bbox 956 1142 1775 1184">
    <p class='ocr_par' dir='ltr' id='par_1_80' title="bbox 956 1142 1775 1184">
     <span class='ocr_line' id='line_1_80' title="bbox 956 1142 1775 1184; baseline 0.006 -13"><span class='ocrx_word' id='word_1_567' title='bbox 956 1150 1034 1171; x_wconf 86' lang='lat' dir='ltr'><strong>nunc</strong></span> <span class='ocrx_word' id='word_1_568' title='bbox 1050 1142 1236 1181; x_wconf 87' lang='lat' dir='ltr'><strong>protulimus,</strong></span> <span class='ocrx_word' id='word_1_569' title='bbox 1251 1142 1429 1172; x_wconf 83' lang='lat' dir='ltr'><strong>indicantes.</strong></span> <span class='ocrx_word' id='word_1_570' title='bbox 1448 1144 1485 1173; x_wconf 83' lang='lat' dir='ltr'><strong>At</strong></span> <span class='ocrx_word' id='word_1_571' title='bbox 1497 1143 1545 1173; x_wconf 89' lang='lat' dir='ltr'><strong>ille</strong></span> <span class='ocrx_word' id='word_1_572' title='bbox 1562 1144 1775 1184; x_wconf 75' lang='lat' dir='ltr'><strong>benignissime</strong></span> 
     </span>
    </p>
   </div>
   <div class='ocr_carea' id='block_1_81' title="bbox 956 1186 1775 1226">
    <p class='ocr_par' dir='ltr' id='par_1_81' title="bbox 956 1186 1775 1226">
     <span class='ocr_line' id='line_1_81' title="bbox 956 1186 1775 1226; baseline 0.005 -10"><span class='ocrx_word' id='word_1_573' title='bbox 956 1195 1010 1216; x_wconf 91' lang='lat' dir='ltr'><strong>nos</strong></span> <span class='ocrx_word' id='word_1_574' title='bbox 1038 1186 1214 1226; x_wconf 87' lang='lat' dir='ltr'><strong>suscipiens,</strong></span> <span class='ocrx_word' id='word_1_575' title='bbox 1245 1190 1274 1216; x_wconf 88' lang='lat' dir='ltr'><strong>et</strong></span> <span class='ocrx_word' id='word_1_576' title='bbox 1304 1186 1340 1217; x_wconf 89' lang='lat' dir='ltr'><strong>de</strong></span> <span class='ocrx_word' id='word_1_577' title='bbox 1370 1187 1428 1217; x_wconf 85' lang='lat' dir='ltr'><strong>tide</strong></span> <span class='ocrx_word' id='word_1_578' title='bbox 1455 1187 1572 1218; x_wconf 85' lang='lat' dir='ltr'><strong>Domini</strong></span> <span class='ocrx_word' id='word_1_579' title='bbox 1589 1191 1680 1220; x_wconf 87' lang='lat' dir='ltr'><strong>nostri</strong></span> <span class='ocrx_word' id='word_1_580' title='bbox 1704 1190 1775 1220; x_wconf 86' lang='lat' dir='ltr'><strong>.lesu</strong></span> 
     </span>
    </p>
   </div>
   <div class='ocr_carea' id='block_1_82' title="bbox 955 1229 1774 1271">
    <p class='ocr_par' dir='ltr' id='par_1_82' title="bbox 955 1229 1774 1271">
     <span class='ocr_line' id='line_1_82' title="bbox 955 1229 1774 1271; baseline 0.005 -10"><span class='ocrx_word' id='word_1_581' title='bbox 955 1229 1063 1261; x_wconf 87' lang='lat' dir='ltr'><strong>Christi</strong></span> <span class='ocrx_word' id='word_1_582' title='bbox 1076 1231 1217 1271; x_wconf 87' lang='lat' dir='ltr'><strong>edocens,</strong></span> <span class='ocrx_word' id='word_1_583' title='bbox 1235 1230 1366 1261; x_wconf 85' lang='lat' dir='ltr'><strong>fidelium</strong></span> <span class='ocrx_word' id='word_1_584' title='bbox 1396 1241 1518 1262; x_wconf 85' lang='lat' dir='ltr'><strong>numero</strong></span> <span class='ocrx_word' id='word_1_585' title='bbox 1532 1233 1664 1265; x_wconf 85' lang='lat' dir='ltr'><strong>sociavit.</strong></span> <span class='ocrx_word' id='word_1_586' title='bbox 1682 1234 1774 1265; x_wconf 89' lang='lat' dir='ltr'><strong>Cum-</strong></span> 
     </span>
    </p>
   </div>
   <div class='ocr_carea' id='block_1_83' title="bbox 956 1275 1776 1318">
    <p class='ocr_par' dir='ltr' id='par_1_83' title="bbox 956 1275 1776 1318">
     <span class='ocr_line' id='line_1_83' title="bbox 956 1275 1776 1318; baseline 0.006 -13"><span class='ocrx_word' id='word_1_587' title='bbox 956 1284 1015 1315; x_wconf 89' lang='lat' dir='ltr'><strong>que</strong></span> <span class='ocrx_word' id='word_1_588' title='bbox 1024 1276 1087 1305; x_wconf 67' lang='lat' dir='ltr'><strong>haec</strong></span> <span class='ocrx_word' id='word_1_589' title='bbox 1098 1275 1200 1306; x_wconf 73' lang='lat' dir='ltr'><strong>Niceta</strong></span> <span class='ocrx_word' id='word_1_590' title='bbox 1219 1275 1355 1315; x_wconf 80' lang='lat' dir='ltr'><strong>dixisset,</strong></span> <span class='ocrx_word' id='word_1_591' title='bbox 1374 1275 1529 1307; x_wconf 71' lang='lat' dir='ltr'><strong>Zacchaaus</strong></span> <span class='ocrx_word' id='word_1_592' title='bbox 1539 1277 1589 1317; x_wconf 88' lang='lat' dir='ltr'><strong>qui</strong></span> <span class='ocrx_word' id='word_1_593' title='bbox 1606 1280 1694 1318; x_wconf 85' lang='lat' dir='ltr'><strong>paulo</strong></span> <span class='ocrx_word' id='word_1_594' title='bbox 1707 1284 1776 1310; x_wconf 84' lang='lat' dir='ltr'><strong>ante</strong></span> 
     </span>
    </p>
   </div>
   <div class='ocr_carea' id='block_1_84' title="bbox 957 1319 1774 1362">
    <p class='ocr_par' dir='ltr' id='par_1_84' title="bbox 957 1319 1774 1362">
     <span class='ocr_line' id='line_1_84' title="bbox 957 1319 1774 1362; baseline 0.006 -13"><span class='ocrx_word' id='word_1_595' title='bbox 957 1328 1095 1358; x_wconf 81' lang='lat' dir='ltr'><strong>egressus</strong></span> <span class='ocrx_word' id='word_1_596' title='bbox 1104 1319 1315 1359; x_wconf 74' lang='lat' dir='ltr'><strong>fuerat,ingred</strong></span> <span class='ocrx_word' id='word_1_597' title='bbox 1322 1321 1435 1350; x_wconf 85' lang='lat' dir='ltr'><strong>iebatur</strong></span> <span class='ocrx_word' id='word_1_598' title='bbox 1444 1321 1558 1353; x_wconf 85' lang='lat' dir='ltr'><strong>dicens:</strong></span> <span class='ocrx_word' id='word_1_599' title='bbox 1572 1322 1702 1362; x_wconf 88' lang='lat' dir='ltr'><strong>Tempus</strong></span> <span class='ocrx_word' id='word_1_600' title='bbox 1718 1328 1774 1360; x_wconf 88' lang='lat' dir='ltr'><strong>est,</strong></span> 
     </span>
    </p>
   </div>
   <div class='ocr_carea' id='block_1_85' title="bbox 957 1364 1775 1405">
    <p class='ocr_par' dir='ltr' id='par_1_85' title="bbox 957 1364 1775 1405">
     <span class='ocr_line' id='line_1_85' title="bbox 957 1364 1775 1405; baseline 0.006 -12"><span class='ocrx_word' id='word_1_601' title='bbox 957 1370 988 1394; x_wconf 92' lang='lat' dir='ltr'><strong>ut</strong></span> <span class='ocrx_word' id='word_1_602' title='bbox 1004 1364 1148 1403; x_wconf 84' lang='lat' dir='ltr'><strong>procedas</strong></span> <span class='ocrx_word' id='word_1_603' title='bbox 1163 1365 1199 1395; x_wconf 86' lang='lat' dir='ltr'><strong>ad</strong></span> <span class='ocrx_word' id='word_1_604' title='bbox 1227 1365 1449 1404; x_wconf 68' lang='lat' dir='ltr'><strong>disputandum,</strong></span> <span class='ocrx_word' id='word_1_605' title='bbox 1467 1364 1574 1405; x_wconf 77' lang='lat' dir='ltr'><strong>Pelle;</strong></span> <span class='ocrx_word' id='word_1_606' title='bbox 1595 1367 1680 1397; x_wconf 85' lang='lat' dir='ltr'><strong>turba</strong></span> <span class='ocrx_word' id='word_1_607' title='bbox 1694 1368 1775 1398; x_wconf 87' lang='lat' dir='ltr'><strong>enim</strong></span> 
     </span>
    </p>
   </div>
   <div class='ocr_carea' id='block_1_86' title="bbox 959 1408 1776 1453">
    <p class='ocr_par' dir='ltr' id='par_1_86' title="bbox 959 1408 1776 1453">
     <span class='ocr_line' id='line_1_86' title="bbox 959 1408 1776 1453; baseline 0.006 -15"><span class='ocrx_word' id='word_1_608' title='bbox 959 1410 1050 1439; x_wconf 84' lang='lat' dir='ltr'><strong>multa</strong></span> <span class='ocrx_word' id='word_1_609' title='bbox 1059 1408 1088 1439; x_wconf 90' lang='lat' dir='ltr'><strong>in</strong></span> <span class='ocrx_word' id='word_1_610' title='bbox 1099 1409 1176 1440; x_wconf 81' lang='lat' dir='ltr'><strong>atrio</strong></span> <span class='ocrx_word' id='word_1_611' title='bbox 1188 1410 1296 1440; x_wconf 88' lang='lat' dir='ltr'><strong>domus</strong></span> <span class='ocrx_word' id='word_1_612' title='bbox 1304 1415 1480 1449; x_wconf 76' lang='lat' dir='ltr'><strong>congregata</strong></span> <span class='ocrx_word' id='word_1_613' title='bbox 1490 1415 1517 1440; x_wconf 92' lang='lat' dir='ltr'><strong>te</strong></span> <span class='ocrx_word' id='word_1_614' title='bbox 1530 1412 1693 1451; x_wconf 89' lang='lat' dir='ltr'><strong>opperitur,</strong></span> <span class='ocrx_word' id='word_1_615' title='bbox 1704 1422 1776 1453; x_wconf 86' lang='lat' dir='ltr'><strong>quo-</strong></span> 
     </span>
    </p>
   </div>
   <div class='ocr_carea' id='block_1_87' title="bbox 925 1454 1778 1491">
    <p class='ocr_par' dir='ltr' id='par_1_87' title="bbox 925 1454 1778 1491">
     <span class='ocr_line' id='line_1_87' title="bbox 925 1454 1778 1491; baseline 0.005 -8"><span class='ocrx_word' id='word_1_616' title='bbox 925 1467 944 1491; x_wconf 80' lang='lat' dir='ltr'>c</span> <span class='ocrx_word' id='word_1_617' title='bbox 958 1462 1023 1483; x_wconf 79' lang='lat' dir='ltr'><strong>ruzn</strong></span> <span class='ocrx_word' id='word_1_618' title='bbox 1037 1456 1065 1483; x_wconf 88' lang='lat' dir='ltr'><strong>in</strong></span> <span class='ocrx_word' id='word_1_619' title='bbox 1083 1454 1181 1485; x_wconf 87' lang='lat' dir='ltr'><strong>medio</strong></span> <span class='ocrx_word' id='word_1_620' title='bbox 1198 1454 1297 1484; x_wconf 91' lang='lat' dir='ltr'><strong>multis</strong></span> <span class='ocrx_word' id='word_1_621' title='bbox 1322 1455 1410 1484; x_wconf 86' lang='lat' dir='ltr'><strong>fultus</strong></span> <span class='ocrx_word' id='word_1_622' title='bbox 1432 1456 1553 1485; x_wconf 85' lang='lat' dir='ltr'><strong>asseclis</strong></span> <span class='ocrx_word' id='word_1_623' title='bbox 1576 1456 1710 1487; x_wconf 87' lang='lat' dir='ltr'><strong>consistit</strong></span> <span class='ocrx_word' id='word_1_624' title='bbox 1728 1457 1778 1487; x_wconf 89' lang='lat' dir='ltr'><strong>Si-</strong></span> 
     </span>
    </p>
   </div>
   <div class='ocr_carea' id='block_1_88' title="bbox 960 1499 1779 1540">
    <p class='ocr_par' dir='ltr' id='par_1_88' title="bbox 960 1499 1779 1540">
     <span class='ocr_line' id='line_1_88' title="bbox 960 1499 1779 1540; baseline 0.006 -13"><span class='ocrx_word' id='word_1_625' title='bbox 960 1508 1039 1529; x_wconf 90' lang='lat' dir='ltr'><strong>mon.</strong></span> <span class='ocrx_word' id='word_1_626' title='bbox 1053 1499 1126 1529; x_wconf 87' lang='lat' dir='ltr'><strong>Tum</strong></span> <span class='ocrx_word' id='word_1_627' title='bbox 1141 1499 1244 1529; x_wconf 82' lang='lat' dir='ltr'><strong>Petrus</strong></span> <span class='ocrx_word' id='word_1_628' title='bbox 1268 1504 1298 1529; x_wconf 90' lang='lat' dir='ltr'><strong>ut</strong></span> <span class='ocrx_word' id='word_1_629' title='bbox 1314 1499 1376 1530; x_wconf 68' lang='lat' dir='ltr'><strong>haec</strong></span> <span class='ocrx_word' id='word_1_630' title='bbox 1392 1500 1512 1535; x_wconf 82' lang='lat' dir='ltr'><strong>audivit,</strong></span> <span class='ocrx_word' id='word_1_631' title='bbox 1528 1502 1671 1531; x_wconf 86' lang='lat' dir='ltr'><strong>orationis</strong></span> <span class='ocrx_word' id='word_1_632' title='bbox 1686 1502 1779 1540; x_wconf 78' lang='lat' dir='ltr'><strong>gratia</strong></span> 
     </span>
    </p>
   </div>
   <div class='ocr_carea' id='block_1_89' title="bbox 958 1543 1781 1583">
    <p class='ocr_par' dir='ltr' id='par_1_89' title="bbox 958 1543 1781 1583">
     <span class='ocr_line' id='line_1_89' title="bbox 958 1543 1781 1583; baseline 0.005 -10"><span class='ocrx_word' id='word_1_633' title='bbox 958 1543 1102 1573; x_wconf 86' lang='lat' dir='ltr'><strong>secedere</strong></span> <span class='ocrx_word' id='word_1_634' title='bbox 1115 1552 1162 1573; x_wconf 91' lang='lat' dir='ltr'><strong>me</strong></span> <span class='ocrx_word' id='word_1_635' title='bbox 1172 1544 1281 1582; x_wconf 87' lang='lat' dir='ltr'><strong>jubens</strong></span> <span class='ocrx_word' id='word_1_636' title='bbox 1294 1544 1438 1583; x_wconf 18' lang='lat' dir='ltr'><strong>(nuntium</strong></span> <span class='ocrx_word' id='word_1_637' title='bbox 1453 1545 1532 1575; x_wconf 90' lang='lat' dir='ltr'><strong>enim</strong></span> <span class='ocrx_word' id='word_1_638' title='bbox 1544 1554 1625 1575; x_wconf 82' lang='lat' dir='ltr'><strong>eram</strong></span> <span class='ocrx_word' id='word_1_639' title='bbox 1641 1546 1751 1576; x_wconf 91' lang='lat' dir='ltr'><strong>dilutus</strong></span> <span class='ocrx_word' id='word_1_640' title='bbox 1763 1555 1781 1577; x_wconf 89' lang='lat' dir='ltr'><strong>a</strong></span> 
     </span>
    </p>
   </div>
   <div class='ocr_carea' id='block_1_90' title="bbox 959 1588 1782 1630">
    <p class='ocr_par' dir='ltr' id='par_1_90' title="bbox 959 1588 1782 1630">
     <span class='ocr_line' id='line_1_90' title="bbox 959 1588 1782 1630; baseline 0.002 -12"><span class='ocrx_word' id='word_1_641' title='bbox 959 1588 1209 1628; x_wconf 63' lang='lat' dir='ltr'><strong>pensatisquzein</strong></span> <span class='ocrx_word' id='word_1_642' title='bbox 1224 1589 1389 1628; x_wconf 78' lang='lat' dir='ltr'><strong>ignorantia</strong></span> <span class='ocrx_word' id='word_1_643' title='bbox 1397 1590 1674 1630; x_wconf 83' lang='lat' dir='ltr'><strong>commiseram),ait</strong></span> <span class='ocrx_word' id='word_1_644' title='bbox 1686 1591 1721 1620; x_wconf 84' lang='lat' dir='ltr'><strong>ad</strong></span> <span class='ocrx_word' id='word_1_645' title='bbox 1735 1600 1782 1621; x_wconf 82' lang='lat' dir='ltr'><strong>re-</strong></span> 
     </span>
    </p>
   </div>
   <div class='ocr_carea' id='block_1_91' title="bbox 959 1632 1779 1674">
    <p class='ocr_par' dir='ltr' id='par_1_91' title="bbox 959 1632 1779 1674">
     <span class='ocr_line' id='line_1_91' title="bbox 959 1632 1779 1674; baseline 0.005 -12"><span class='ocrx_word' id='word_1_646' title='bbox 959 1632 1078 1672; x_wconf 85' lang='lat' dir='ltr'><strong>liquos:</strong></span> <span class='ocrx_word' id='word_1_647' title='bbox 1107 1634 1234 1664; x_wconf 86' lang='lat' dir='ltr'><strong>Oremus</strong></span> <span class='ocrx_word' id='word_1_648' title='bbox 1249 1633 1368 1673; x_wconf 79' lang='lat' dir='ltr'><strong>fratres,</strong></span> <span class='ocrx_word' id='word_1_649' title='bbox 1397 1639 1427 1663; x_wconf 93' lang='lat' dir='ltr'><strong>ut</strong></span> <span class='ocrx_word' id='word_1_650' title='bbox 1456 1633 1535 1664; x_wconf 87' lang='lat' dir='ltr'><strong>Deus</strong></span> <span class='ocrx_word' id='word_1_651' title='bbox 1552 1643 1604 1674; x_wconf 90' lang='lat' dir='ltr'><strong>per</strong></span> <span class='ocrx_word' id='word_1_652' title='bbox 1627 1636 1779 1666; x_wconf 87' lang='lat' dir='ltr'><strong>Christum</strong></span> 
     </span>
    </p>
   </div>
   <div class='ocr_carea' id='block_1_92' title="bbox 959 1677 1780 1719">
    <p class='ocr_par' dir='ltr' id='par_1_92' title="bbox 959 1677 1780 1719">
     <span class='ocr_line' id='line_1_92' title="bbox 959 1677 1780 1719; baseline 0.004 -12"><span class='ocrx_word' id='word_1_653' title='bbox 959 1686 1045 1708; x_wconf 85' lang='lat' dir='ltr'><strong>suum</strong></span> <span class='ocrx_word' id='word_1_654' title='bbox 1064 1687 1115 1717; x_wconf 90' lang='lat' dir='ltr'><strong>pro</strong></span> <span class='ocrx_word' id='word_1_655' title='bbox 1129 1677 1273 1708; x_wconf 80' lang='lat' dir='ltr'><strong>ineffabili</strong></span> <span class='ocrx_word' id='word_1_656' title='bbox 1300 1678 1504 1709; x_wconf 79' lang='lat' dir='ltr'><strong>misericordia</strong></span> <span class='ocrx_word' id='word_1_657' title='bbox 1521 1688 1573 1709; x_wconf 88' lang='lat' dir='ltr'><strong>sua</strong></span> <span class='ocrx_word' id='word_1_658' title='bbox 1598 1679 1717 1719; x_wconf 88' lang='lat' dir='ltr'><strong>adjuvet</strong></span> <span class='ocrx_word' id='word_1_659' title='bbox 1733 1688 1780 1710; x_wconf 90' lang='lat' dir='ltr'><strong>me</strong></span> 
     </span>
    </p>
   </div>
   <div class='ocr_carea' id='block_1_93' title="bbox 961 1722 1780 1764">
    <p class='ocr_par' dir='ltr' id='par_1_93' title="bbox 961 1722 1780 1764">
     <span class='ocr_line' id='line_1_93' title="bbox 961 1722 1780 1764; baseline 0.004 -12"><span class='ocrx_word' id='word_1_660' title='bbox 961 1727 1117 1752; x_wconf 78' lang='lat' dir='ltr'><strong>exeuntem</strong></span> <span class='ocrx_word' id='word_1_661' title='bbox 1131 1731 1183 1762; x_wconf 92' lang='lat' dir='ltr'><strong>pro</strong></span> <span class='ocrx_word' id='word_1_662' title='bbox 1201 1722 1295 1752; x_wconf 90' lang='lat' dir='ltr'><strong>salute</strong></span> <span class='ocrx_word' id='word_1_663' title='bbox 1308 1723 1474 1760; x_wconf 83' lang='lat' dir='ltr'><strong>hominum,</strong></span> <span class='ocrx_word' id='word_1_664' title='bbox 1492 1724 1540 1763; x_wconf 85' lang='lat' dir='ltr'><strong>qui</strong></span> <span class='ocrx_word' id='word_1_665' title='bbox 1557 1725 1593 1754; x_wconf 86' lang='lat' dir='ltr'><strong>ab</strong></span> <span class='ocrx_word' id='word_1_666' title='bbox 1609 1724 1673 1764; x_wconf 89' lang='lat' dir='ltr'><strong>ipso</strong></span> <span class='ocrx_word' id='word_1_667' title='bbox 1689 1725 1780 1755; x_wconf 82' lang='lat' dir='ltr'><strong>creati</strong></span> 
     </span>
    </p>
   </div>
   <div class='ocr_carea' id='block_1_94' title="bbox 960 1767 1783 1809">
    <p class='ocr_par' dir='ltr' id='par_1_94' title="bbox 960 1767 1783 1809">
     <span class='ocr_line' id='line_1_94' title="bbox 960 1767 1783 1809; baseline 0.002 -12"><span class='ocrx_word' id='word_1_668' title='bbox 960 1776 1026 1797; x_wconf 73' lang='lat' dir='ltr'><strong>sunt</strong></span> <span class='ocrx_word' id='word_1_669' title='bbox 1036 1767 1085 1797; x_wconf 87' lang='lat' dir='ltr'><strong>.Et</strong></span> <span class='ocrx_word' id='word_1_670' title='bbox 1100 1767 1164 1798; x_wconf 71' lang='lat' dir='ltr'><strong>haec</strong></span> <span class='ocrx_word' id='word_1_671' title='bbox 1175 1777 1242 1798; x_wconf 80' lang='lat' dir='ltr'><strong>eum</strong></span> <span class='ocrx_word' id='word_1_672' title='bbox 1257 1768 1390 1798; x_wconf 74' lang='lat' dir='ltr'><strong>dixisse..</strong></span> <span class='ocrx_word' id='word_1_673' title='bbox 1406 1768 1539 1799; x_wconf 89' lang='lat' dir='ltr'><strong>oratione</strong></span> <span class='ocrx_word' id='word_1_674' title='bbox 1554 1768 1627 1799; x_wconf 84' lang='lat' dir='ltr'><strong>facta</strong></span> <span class='ocrx_word' id='word_1_675' title='bbox 1640 1769 1783 1809; x_wconf 88' lang='lat' dir='ltr'><strong>processit</strong></span> 
     </span>
    </p>
   </div>
   <div class='ocr_carea' id='block_1_95' title="bbox 959 1811 1782 1854">
    <p class='ocr_par' dir='ltr' id='par_1_95' title="bbox 959 1811 1782 1854">
     <span class='ocr_line' id='line_1_95' title="bbox 959 1811 1782 1854; baseline 0.004 -13"><span class='ocrx_word' id='word_1_676' title='bbox 959 1811 995 1842; x_wconf 82' lang='lat' dir='ltr'><strong>ad</strong></span> <span class='ocrx_word' id='word_1_677' title='bbox 1007 1811 1113 1842; x_wconf 88' lang='lat' dir='ltr'><strong>atrium</strong></span> <span class='ocrx_word' id='word_1_678' title='bbox 1132 1812 1248 1849; x_wconf 89' lang='lat' dir='ltr'><strong>domus,</strong></span> <span class='ocrx_word' id='word_1_679' title='bbox 1274 1812 1303 1841; x_wconf 94' lang='lat' dir='ltr'><strong>in</strong></span> <span class='ocrx_word' id='word_1_680' title='bbox 1333 1821 1391 1852; x_wconf 91' lang='lat' dir='ltr'><strong>quo</strong></span> <span class='ocrx_word' id='word_1_681' title='bbox 1414 1816 1478 1843; x_wconf 89' lang='lat' dir='ltr'><strong>erat</strong></span> <span class='ocrx_word' id='word_1_682' title='bbox 1506 1813 1663 1844; x_wconf 85' lang='lat' dir='ltr'><strong>multitudo</strong></span> <span class='ocrx_word' id='word_1_683' title='bbox 1681 1814 1782 1854; x_wconf 87' lang='lat' dir='ltr'><strong>populi</strong></span> 
     </span>
    </p>
   </div>
   <div class='ocr_carea' id='block_1_96' title="bbox 962 1856 1781 1896">
    <p class='ocr_par' dir='ltr' id='par_1_96' title="bbox 962 1856 1781 1896">
     <span class='ocr_line' id='line_1_96' title="bbox 962 1856 1781 1896; baseline 0.004 -10"><span class='ocrx_word' id='word_1_684' title='bbox 962 1856 1089 1896; x_wconf 86' lang='lat' dir='ltr'><strong>plurima</strong></span> <span class='ocrx_word' id='word_1_685' title='bbox 1103 1862 1303 1896; x_wconf 70' lang='lat' dir='ltr'><strong>congregata;</strong></span> <span class='ocrx_word' id='word_1_686' title='bbox 1321 1865 1396 1896; x_wconf 93' lang='lat' dir='ltr'><strong>quos</strong></span> <span class='ocrx_word' id='word_1_687' title='bbox 1424 1856 1473 1887; x_wconf 91' lang='lat' dir='ltr'><strong>ubi</strong></span> <span class='ocrx_word' id='word_1_688' title='bbox 1488 1866 1592 1888; x_wconf 89' lang='lat' dir='ltr'><strong>omnes</strong></span> <span class='ocrx_word' id='word_1_689' title='bbox 1607 1868 1723 1889; x_wconf 92' lang='lat' dir='ltr'><strong>summo</strong></span> <span class='ocrx_word' id='word_1_690' title='bbox 1739 1859 1781 1889; x_wconf 91' lang='lat' dir='ltr'><strong>si-</strong></span> 
     </span>
    </p>
   </div>
   <div class='ocr_carea' id='block_1_97' title="bbox 960 1901 1782 1941">
    <p class='ocr_par' dir='ltr' id='par_1_97' title="bbox 960 1901 1782 1941">
     <span class='ocr_line' id='line_1_97' title="bbox 960 1901 1782 1941; baseline 0.004 -10"><span class='ocrx_word' id='word_1_691' title='bbox 960 1901 1048 1935; x_wconf 72' lang='lat' dir='ltr'><strong>lentio</strong></span> <span class='ocrx_word' id='word_1_692' title='bbox 1066 1902 1101 1931; x_wconf 70' lang='grc' dir='ltr'><strong>εκ]</strong></span> <span class='ocrx_word' id='word_1_693' title='bbox 1114 1910 1146 1931; x_wconf 89' lang='lat' dir='ltr'><strong>se</strong></span> <span class='ocrx_word' id='word_1_694' title='bbox 1157 1901 1287 1932; x_wconf 90' lang='lat' dir='ltr'><strong>intentos</strong></span> <span class='ocrx_word' id='word_1_695' title='bbox 1298 1901 1381 1941; x_wconf 86' lang='lat' dir='ltr'><strong>vidit,</strong></span> <span class='ocrx_word' id='word_1_696' title='bbox 1399 1908 1428 1932; x_wconf 92' lang='lat' dir='ltr'><strong>et</strong></span> <span class='ocrx_word' id='word_1_697' title='bbox 1450 1911 1568 1940; x_wconf 72' lang='lat' dir='ltr'><strong>magum</strong></span> <span class='ocrx_word' id='word_1_698' title='bbox 1583 1903 1735 1934; x_wconf 87' lang='lat' dir='ltr'><strong>Simonem</strong></span> <span class='ocrx_word' id='word_1_699' title='bbox 1752 1903 1782 1934; x_wconf 93' lang='lat' dir='ltr'><strong>in</strong></span> 
     </span>
    </p>
   </div>
   <div class='ocr_carea' id='block_1_98' title="bbox 959 1946 1782 1987">
    <p class='ocr_par' dir='ltr' id='par_1_98' title="bbox 959 1946 1782 1987">
     <span class='ocr_line' id='line_1_98' title="bbox 959 1946 1782 1987; baseline 0.004 -11"><span class='ocrx_word' id='word_1_700' title='bbox 959 1946 1058 1977; x_wconf 91' lang='lat' dir='ltr'><strong>medio</strong></span> <span class='ocrx_word' id='word_1_701' title='bbox 1070 1955 1174 1976; x_wconf 90' lang='lat' dir='ltr'><strong>eorum</strong></span> <span class='ocrx_word' id='word_1_702' title='bbox 1189 1946 1267 1977; x_wconf 86' lang='lat' dir='ltr'><strong>velut</strong></span> <span class='ocrx_word' id='word_1_703' title='bbox 1286 1946 1464 1987; x_wconf 85' lang='lat' dir='ltr'><strong>signiferum</strong></span> <span class='ocrx_word' id='word_1_704' title='bbox 1480 1948 1678 1983; x_wconf 78' lang='lat' dir='ltr'><strong>stantem,hoc</strong></span> <span class='ocrx_word' id='word_1_705' title='bbox 1695 1949 1782 1979; x_wconf 80' lang='lat' dir='ltr'><strong>modo</strong></span> 
     </span>
    </p>
   </div>
   <div class='ocr_carea' id='block_1_99' title="bbox 959 1990 1068 2030">
    <p class='ocr_par' dir='ltr' id='par_1_99' title="bbox 959 1990 1068 2030">
     <span class='ocr_line' id='line_1_99' title="bbox 959 1990 1068 2030; baseline -0.009 -9"><span class='ocrx_word' id='word_1_706' title='bbox 959 1990 1049 2030; x_wconf 65' lang='lat' dir='ltr'><strong>cepit</strong></span> <span class='ocrx_word' id='word_1_707' title='bbox 1062 2001 1068 2021; x_wconf 94' lang='lat'><strong>:</strong></span> 
     </span>
    </p>
   </div>
   <div class='ocr_carea' id='block_1_100' title="bbox 1002 2034 1783 2076">
    <p class='ocr_par' dir='ltr' id='par_1_100' title="bbox 1002 2034 1783 2076">
     <span class='ocr_line' id='line_1_100' title="bbox 1002 2034 1783 2076; baseline 0.003 -9"><span class='ocrx_word' id='word_1_708' title='bbox 1002 2034 1127 2067; x_wconf 71' lang='lat' dir='ltr'><strong>XXJ’ax</strong></span> <span class='ocrx_word' id='word_1_709' title='bbox 1138 2035 1223 2066; x_wconf 85' lang='lat' dir='ltr'><strong>vobis</strong></span> <span class='ocrx_word' id='word_1_710' title='bbox 1232 2036 1430 2073; x_wconf 88' lang='lat' dir='ltr'><strong>sitomnibus,</strong></span> <span class='ocrx_word' id='word_1_711' title='bbox 1448 2036 1497 2076; x_wconf 89' lang='lat' dir='ltr'><strong>qui</strong></span> <span class='ocrx_word' id='word_1_712' title='bbox 1514 2037 1607 2075; x_wconf 87' lang='lat' dir='ltr'><strong>parati</strong></span> <span class='ocrx_word' id='word_1_713' title='bbox 1621 2037 1694 2070; x_wconf 87' lang='lat' dir='ltr'><strong>estis</strong></span> <span class='ocrx_word' id='word_1_714' title='bbox 1709 2039 1783 2069; x_wconf 81' lang='lat' dir='ltr'><strong>dex-</strong></span> 
     </span>
    </p>
   </div>
   <div class='ocr_carea' id='block_1_101' title="bbox 961 2080 1781 2122">
    <p class='ocr_par' dir='ltr' id='par_1_101' title="bbox 961 2080 1781 2122">
     <span class='ocr_line' id='line_1_101' title="bbox 961 2080 1781 2122; baseline 0.002 -11"><span class='ocrx_word' id='word_1_715' title='bbox 961 2084 1041 2111; x_wconf 87' lang='lat' dir='ltr'><strong>teras</strong></span> <span class='ocrx_word' id='word_1_716' title='bbox 1054 2080 1125 2111; x_wconf 88' lang='lat' dir='ltr'><strong>dare</strong></span> <span class='ocrx_word' id='word_1_717' title='bbox 1141 2081 1267 2118; x_wconf 77' lang='lat' dir='ltr'><strong>veritati;</strong></span> <span class='ocrx_word' id='word_1_718' title='bbox 1286 2081 1454 2122; x_wconf 83' lang='lat' dir='ltr'><strong>quicunque</strong></span> <span class='ocrx_word' id='word_1_719' title='bbox 1482 2082 1562 2112; x_wconf 89' lang='lat' dir='ltr'><strong>enim</strong></span> <span class='ocrx_word' id='word_1_720' title='bbox 1579 2082 1723 2113; x_wconf 82' lang='lat' dir='ltr'><strong>obediunt</strong></span> <span class='ocrx_word' id='word_1_721' title='bbox 1742 2084 1781 2122; x_wconf 88' lang='lat' dir='ltr'><strong>ei,</strong></span> 
     </span>
    </p>
   </div>
   <div class='ocr_carea' id='block_1_102' title="bbox 962 2124 1784 2167">
    <p class='ocr_par' dir='ltr' id='par_1_102' title="bbox 962 2124 1784 2167">
     <span class='ocr_line' id='line_1_102' title="bbox 962 2124 1784 2167; baseline 0.002 -12"><span class='ocrx_word' id='word_1_722' title='bbox 962 2124 1099 2155; x_wconf 89' lang='lat' dir='ltr'><strong>videntur</strong></span> <span class='ocrx_word' id='word_1_723' title='bbox 1111 2124 1234 2163; x_wconf 90' lang='lat' dir='ltr'><strong>quidem</strong></span> <span class='ocrx_word' id='word_1_724' title='bbox 1246 2125 1301 2156; x_wconf 82' lang='lat' dir='ltr'><strong>sibi</strong></span> <span class='ocrx_word' id='word_1_725' title='bbox 1313 2125 1425 2166; x_wconf 77' lang='lat' dir='ltr'><strong>aliquid</strong></span> <span class='ocrx_word' id='word_1_726' title='bbox 1435 2126 1538 2166; x_wconf 79' lang='lat' dir='ltr'><strong>gratiae</strong></span> <span class='ocrx_word' id='word_1_727' title='bbox 1550 2126 1688 2157; x_wconf 86' lang='lat' dir='ltr'><strong>conferre</strong></span> <span class='ocrx_word' id='word_1_728' title='bbox 1709 2126 1784 2167; x_wconf 88' lang='lat' dir='ltr'><strong>Deo,</strong></span> 
     </span>
    </p>
   </div>
   <div class='ocr_carea' id='block_1_103' title="bbox 962 2169 1784 2210">
    <p class='ocr_par' dir='ltr' id='par_1_103' title="bbox 962 2169 1784 2210">
     <span class='ocr_line' id='line_1_103' title="bbox 962 2169 1784 2210; baseline 0.004 -11"><span class='ocrx_word' id='word_1_729' title='bbox 962 2178 1049 2209; x_wconf 91' lang='lat' dir='ltr'><strong>porro</strong></span> <span class='ocrx_word' id='word_1_730' title='bbox 1056 2174 1153 2200; x_wconf 87' lang='lat' dir='ltr'><strong>autem</strong></span> <span class='ocrx_word' id='word_1_731' title='bbox 1162 2169 1262 2210; x_wconf 82' lang='lat' dir='ltr'><strong>ipsiab</strong></span> <span class='ocrx_word' id='word_1_732' title='bbox 1270 2179 1305 2200; x_wconf 91' lang='lat' dir='ltr'><strong>eo</strong></span> <span class='ocrx_word' id='word_1_733' title='bbox 1318 2169 1429 2201; x_wconf 92' lang='lat' dir='ltr'><strong>donum</strong></span> <span class='ocrx_word' id='word_1_734' title='bbox 1443 2171 1551 2201; x_wconf 88' lang='lat' dir='ltr'><strong>summi</strong></span> <span class='ocrx_word' id='word_1_735' title='bbox 1565 2174 1697 2202; x_wconf 89' lang='lat' dir='ltr'><strong>muneris</strong></span> <span class='ocrx_word' id='word_1_736' title='bbox 1709 2181 1784 2202; x_wconf 89' lang='lat' dir='ltr'><strong>con-</strong></span> 
     </span>
    </p>
   </div>
   <div class='ocr_carea' id='block_1_104' title="bbox 962 2214 1785 2257">
    <p class='ocr_par' dir='ltr' id='par_1_104' title="bbox 962 2214 1785 2257">
     <span class='ocr_line' id='line_1_104' title="bbox 962 2214 1785 2257; baseline 0.002 -12"><span class='ocrx_word' id='word_1_737' title='bbox 962 2219 1126 2254; x_wconf 82' lang='lat' dir='ltr'><strong>sequuntur</strong></span> <span class='ocrx_word' id='word_1_738' title='bbox 1132 2214 1256 2254; x_wconf 68' lang='lat' dir='ltr'><strong>justitiaa</strong></span> <span class='ocrx_word' id='word_1_739' title='bbox 1267 2215 1332 2255; x_wconf 77' lang='lat' dir='ltr'><strong>ejus</strong></span> <span class='ocrx_word' id='word_1_740' title='bbox 1344 2216 1459 2246; x_wconf 87' lang='lat' dir='ltr'><strong>semitis</strong></span> <span class='ocrx_word' id='word_1_741' title='bbox 1471 2216 1785 2257; x_wconf 71' lang='lat' dir='ltr'><strong>incedentesJ‘ropter</strong></span> 
     </span>
    </p>
   </div>
   <div class='ocr_carea' id='block_1_105' title="bbox 963 2259 1786 2301">
    <p class='ocr_par' dir='ltr' id='par_1_105' title="bbox 963 2259 1786 2301">
     <span class='ocr_line' id='line_1_105' title="bbox 963 2259 1786 2301; baseline 0.004 -12"><span class='ocrx_word' id='word_1_742' title='bbox 963 2259 1041 2299; x_wconf 91' lang='lat' dir='ltr'><strong>quod</strong></span> <span class='ocrx_word' id='word_1_743' title='bbox 1056 2259 1183 2299; x_wconf 89' lang='lat' dir='ltr'><strong>primum</strong></span> <span class='ocrx_word' id='word_1_744' title='bbox 1197 2264 1242 2291; x_wconf 87' lang='lat' dir='ltr'><strong>est</strong></span> <span class='ocrx_word' id='word_1_745' title='bbox 1253 2260 1399 2297; x_wconf 91' lang='lat' dir='ltr'><strong>omnium,</strong></span> <span class='ocrx_word' id='word_1_746' title='bbox 1410 2260 1556 2300; x_wconf 85' lang='lat' dir='ltr'><strong>justitiam</strong></span> <span class='ocrx_word' id='word_1_747' title='bbox 1578 2260 1629 2291; x_wconf 91' lang='lat' dir='ltr'><strong>Dei</strong></span> <span class='ocrx_word' id='word_1_748' title='bbox 1643 2270 1786 2301; x_wconf 80' lang='lat' dir='ltr'><strong>regnum-</strong></span> 
     </span>
    </p>
   </div>
   <div class='ocr_carea' id='block_1_106' title="bbox 964 2303 1788 2346">
    <p class='ocr_par' dir='ltr' id='par_1_106' title="bbox 964 2303 1788 2346">
     <span class='ocr_line' id='line_1_106' title="bbox 964 2303 1788 2346; baseline 0.002 -11"><span class='ocrx_word' id='word_1_749' title='bbox 964 2313 1021 2344; x_wconf 89' lang='lat' dir='ltr'><strong>que</strong></span> <span class='ocrx_word' id='word_1_750' title='bbox 1036 2304 1101 2345; x_wconf 87' lang='lat' dir='ltr'><strong>ejus</strong></span> <span class='ocrx_word' id='word_1_751' title='bbox 1117 2304 1268 2343; x_wconf 87' lang='lat' dir='ltr'><strong>inquirere</strong></span> <span class='ocrx_word' id='word_1_752' title='bbox 1282 2303 1308 2326; x_wconf 79' lang='grc'>¹¹</span> <span class='ocrx_word' id='word_1_753' title='bbox 1322 2317 1330 2342; x_wconf 90' lang='lat'><strong>;</strong></span> <span class='ocrx_word' id='word_1_754' title='bbox 1354 2305 1501 2345; x_wconf 90' lang='lat' dir='ltr'><strong>justitiam</strong></span> <span class='ocrx_word' id='word_1_755' title='bbox 1528 2305 1647 2346; x_wconf 88' lang='lat' dir='ltr'><strong>quidem</strong></span> <span class='ocrx_word' id='word_1_756' title='bbox 1661 2311 1694 2337; x_wconf 87' lang='lat' dir='ltr'><strong>ut</strong></span> <span class='ocrx_word' id='word_1_757' title='bbox 1708 2311 1788 2337; x_wconf 88' lang='lat' dir='ltr'><strong>recte</strong></span> 
     </span>
    </p>
   </div>
   <div class='ocr_carea' id='block_1_107' title="bbox 964 2349 1788 2390">
    <p class='ocr_par' dir='ltr' id='par_1_107' title="bbox 964 2349 1788 2390">
     <span class='ocr_line' id='line_1_107' title="bbox 964 2349 1788 2390; baseline 0.002 -10"><span class='ocrx_word' id='word_1_758' title='bbox 964 2358 1052 2389; x_wconf 77' lang='lat' dir='ltr'><strong>agere</strong></span> <span class='ocrx_word' id='word_1_759' title='bbox 1067 2349 1241 2385; x_wconf 85' lang='lat' dir='ltr'><strong>doceamur.</strong></span> <span class='ocrx_word' id='word_1_760' title='bbox 1259 2359 1383 2390; x_wconf 75' lang='lat' dir='ltr'><strong>regnum</strong></span> <span class='ocrx_word' id='word_1_761' title='bbox 1401 2359 1480 2385; x_wconf 80' lang='lat' dir='ltr'><strong>vero,</strong></span> <span class='ocrx_word' id='word_1_762' title='bbox 1496 2355 1527 2380; x_wconf 96' lang='lat' dir='ltr'><strong>ut</strong></span> <span class='ocrx_word' id='word_1_763' title='bbox 1541 2359 1608 2390; x_wconf 71' lang='lat' dir='ltr'><strong>quae</strong></span> <span class='ocrx_word' id='word_1_764' title='bbox 1619 2351 1657 2381; x_wconf 89' lang='lat' dir='ltr'><strong>sit</strong></span> <span class='ocrx_word' id='word_1_765' title='bbox 1672 2360 1788 2382; x_wconf 86' lang='lat' dir='ltr'><strong>merces</strong></span> 
     </span>
    </p>
   </div>
   <div class='ocr_carea' id='block_1_108' title="bbox 965 2394 1789 2436">
    <p class='ocr_par' dir='ltr' id='par_1_108' title="bbox 965 2394 1789 2436">
     <span class='ocr_line' id='line_1_108' title="bbox 965 2394 1789 2436; baseline 0.005 -13"><span class='ocrx_word' id='word_1_766' title='bbox 965 2394 1061 2434; x_wconf 87' lang='lat' dir='ltr'><strong>posita</strong></span> <span class='ocrx_word' id='word_1_767' title='bbox 1072 2394 1182 2426; x_wconf 87' lang='lat' dir='ltr'><strong>laboris</strong></span> <span class='ocrx_word' id='word_1_768' title='bbox 1198 2399 1228 2426; x_wconf 90' lang='lat' dir='ltr'><strong>et</strong></span> <span class='ocrx_word' id='word_1_769' title='bbox 1257 2395 1409 2436; x_wconf 71' lang='lat' dir='ltr'><strong>patientiae</strong></span> <span class='ocrx_word' id='word_1_770' title='bbox 1425 2396 1608 2435; x_wconf 88' lang='lat' dir='ltr'><strong>noverimus,</strong></span> <span class='ocrx_word' id='word_1_771' title='bbox 1625 2395 1656 2426; x_wconf 89' lang='lat' dir='ltr'><strong>in</strong></span> <span class='ocrx_word' id='word_1_772' title='bbox 1672 2405 1731 2436; x_wconf 89' lang='lat' dir='ltr'><strong>quo</strong></span> <span class='ocrx_word' id='word_1_773' title='bbox 1744 2400 1789 2427; x_wconf 88' lang='lat' dir='ltr'><strong>est</strong></span> 
     </span>
    </p>
   </div>
   <div class='ocr_carea' id='block_1_109' title="bbox 966 2438 1787 2480">
    <p class='ocr_par' dir='ltr' id='par_1_109' title="bbox 966 2438 1787 2480">
     <span class='ocr_line' id='line_1_109' title="bbox 966 2438 1787 2480; baseline 0.006 -12"><span class='ocrx_word' id='word_1_774' title='bbox 966 2438 1052 2469; x_wconf 83' lang='lat' dir='ltr'><strong>bonis</strong></span> <span class='ocrx_word' id='word_1_775' title='bbox 1066 2439 1186 2480; x_wconf 88' lang='lat' dir='ltr'><strong>quidem</strong></span> <span class='ocrx_word' id='word_1_776' title='bbox 1208 2443 1387 2471; x_wconf 72' lang='lat' dir='ltr'><strong>aeternorum</strong></span> <span class='ocrx_word' id='word_1_777' title='bbox 1405 2439 1553 2471; x_wconf 87' lang='lat' dir='ltr'><strong>bonorum</strong></span> <span class='ocrx_word' id='word_1_778' title='bbox 1572 2442 1787 2478; x_wconf 85' lang='lat' dir='ltr'><strong>remuneratio,</strong></span> 
     </span>
    </p>
   </div>
   <div class='ocr_carea' id='block_1_110' title="bbox 966 2485 1789 2526">
    <p class='ocr_par' dir='ltr' id='par_1_110' title="bbox 966 2485 1789 2526">
     <span class='ocr_line' id='line_1_110' title="bbox 966 2485 1789 2526; baseline 0.001 -10"><span class='ocrx_word' id='word_1_779' title='bbox 966 2485 1012 2516; x_wconf 89' lang='lat' dir='ltr'><strong>his</strong></span> <span class='ocrx_word' id='word_1_780' title='bbox 1023 2489 1136 2526; x_wconf 85' lang='lat' dir='ltr'><strong>autem,</strong></span> <span class='ocrx_word' id='word_1_781' title='bbox 1153 2485 1203 2526; x_wconf 89' lang='lat' dir='ltr'><strong>qui</strong></span> <span class='ocrx_word' id='word_1_782' title='bbox 1215 2489 1318 2517; x_wconf 91' lang='lat' dir='ltr'><strong>contra</strong></span> <span class='ocrx_word' id='word_1_783' title='bbox 1329 2485 1511 2517; x_wconf 85' lang='lat' dir='ltr'><strong>voluntatem</strong></span> <span class='ocrx_word' id='word_1_784' title='bbox 1526 2485 1580 2517; x_wconf 88' lang='lat' dir='ltr'><strong>Dei</strong></span> <span class='ocrx_word' id='word_1_785' title='bbox 1592 2486 1719 2525; x_wconf 72' lang='lat' dir='ltr'><strong>egerint,</strong></span> <span class='ocrx_word' id='word_1_786' title='bbox 1736 2495 1789 2526; x_wconf 90' lang='lat' dir='ltr'><strong>pro</strong></span> 
     </span>
    </p>
   </div>
   <div class='ocr_carea' id='block_1_111' title="bbox 969 2530 1789 2571">
    <p class='ocr_par' dir='ltr' id='par_1_111' title="bbox 969 2530 1789 2571">
     <span class='ocr_line' id='line_1_111' title="bbox 969 2530 1789 2571; baseline 0 -9"><span class='ocrx_word' id='word_1_787' title='bbox 969 2530 1205 2571; x_wconf 83' lang='lat' dir='ltr'><strong>uniuscujusque</strong></span> <span class='ocrx_word' id='word_1_788' title='bbox 1211 2530 1305 2571; x_wconf 78' lang='lat' dir='ltr'><strong>gestis</strong></span> <span class='ocrx_word' id='word_1_789' title='bbox 1311 2530 1789 2571; x_wconf 75' lang='lat' dir='ltr'><strong>prenaromdignarestitotioJiic</strong></span> 
     </span>
    </p>
   </div>
   <div class='ocr_carea' id='block_1_112' title="bbox 969 2576 1791 2617">
    <p class='ocr_par' dir='ltr' id='par_1_112' title="bbox 969 2576 1791 2617">
     <span class='ocr_line' id='line_1_112' title="bbox 969 2576 1791 2617; baseline -0.002 -9"><span class='ocrx_word' id='word_1_790' title='bbox 969 2586 1051 2617; x_wconf 78' lang='lat' dir='ltr'><strong>ergo,</strong></span> <span class='ocrx_word' id='word_1_791' title='bbox 1065 2576 1122 2607; x_wconf 89' lang='lat' dir='ltr'><strong>hoc</strong></span> <span class='ocrx_word' id='word_1_792' title='bbox 1134 2579 1179 2607; x_wconf 92' lang='lat' dir='ltr'><strong>est</strong></span> <span class='ocrx_word' id='word_1_793' title='bbox 1197 2576 1226 2606; x_wconf 92' lang='lat' dir='ltr'><strong>in</strong></span> <span class='ocrx_word' id='word_1_794' title='bbox 1243 2576 1380 2616; x_wconf 80' lang='lat' dir='ltr'><strong>praesenti</strong></span> <span class='ocrx_word' id='word_1_795' title='bbox 1410 2576 1469 2606; x_wconf 71' lang='lat' dir='ltr'><strong>vita</strong></span> <span class='ocrx_word' id='word_1_796' title='bbox 1483 2578 1596 2616; x_wconf 85' lang='lat' dir='ltr'><strong>positos</strong></span> <span class='ocrx_word' id='word_1_797' title='bbox 1610 2580 1726 2616; x_wconf 79' lang='lat' dir='ltr'><strong>oportet</strong></span> <span class='ocrx_word' id='word_1_798' title='bbox 1739 2584 1791 2606; x_wconf 84' lang='lat' dir='ltr'><strong>vos</strong></span> 
     </span>
    </p>
   </div>
   <div class='ocr_carea' id='block_1_113' title="bbox 968 2620 1789 2662">
    <p class='ocr_par' dir='ltr' id='par_1_113' title="bbox 968 2620 1789 2662">
     <span class='ocr_line' id='line_1_113' title="bbox 968 2620 1789 2662; baseline -0.004 -9"><span class='ocrx_word' id='word_1_799' title='bbox 968 2621 1315 2662; x_wconf 69' lang='lat' dir='ltr'><strong>agnoscerevolontatem</strong></span> <span class='ocrx_word' id='word_1_800' title='bbox 1325 2620 1391 2658; x_wconf 87' lang='lat' dir='ltr'><strong>Dei,</strong></span> <span class='ocrx_word' id='word_1_801' title='bbox 1409 2621 1459 2652; x_wconf 92' lang='lat' dir='ltr'><strong>ubi</strong></span> <span class='ocrx_word' id='word_1_802' title='bbox 1475 2621 1616 2661; x_wconf 75' lang='lat' dir='ltr'><strong>etagendi</strong></span> <span class='ocrx_word' id='word_1_803' title='bbox 1633 2621 1716 2651; x_wconf 87' lang='lat' dir='ltr'><strong>locus</strong></span> <span class='ocrx_word' id='word_1_804' title='bbox 1732 2625 1789 2652; x_wconf 86' lang='lat' dir='ltr'><strong>est.</strong></span> 
     </span>
    </p>
   </div>
   <div class='ocr_carea' id='block_1_114' title="bbox 145 2701 1793 2745">
    <p class='ocr_par' dir='ltr' id='par_1_114' title="bbox 145 2701 1793 2745">
     <span class='ocr_line' id='line_1_114' title="bbox 145 2701 1793 2745; baseline -0.002 -9"><span class='ocrx_word' id='word_1_805' title='bbox 145 2705 174 2727; x_wconf 72' lang='lat'><strong>13</strong></span> <span class='ocrx_word' id='word_1_806' title='bbox 186 2705 254 2743; x_wconf 78' lang='lat' dir='ltr'><strong>Qua</strong></span> <span class='ocrx_word' id='word_1_807' title='bbox 270 2705 518 2745; x_wconf 61' lang='lat' dir='ltr'><strong>si—viderentur</strong></span> <span class='ocrx_word' id='word_1_808' title='bbox 544 2708 584 2745; x_wconf 74' lang='lat' dir='ltr'><strong>et</strong></span> <span class='ocrx_word' id='word_1_809' title='bbox 596 2713 662 2744; x_wconf 85' lang='lat' dir='ltr'><strong>quae</strong></span> <span class='ocrx_word' id='word_1_810' title='bbox 676 2708 841 2745; x_wconf 84' lang='lat' dir='ltr'><strong>sequuntur</strong></span> <span class='ocrx_word' id='word_1_811' title='bbox 853 2714 859 2732; x_wconf 93' lang='lat'>:</span> <span class='ocrx_word' id='word_1_812' title='bbox 870 2703 1013 2745; x_wconf 61' lang='lat' dir='ltr'><strong>Aliorum</strong></span> <span class='ocrx_word' id='word_1_813' title='bbox 1039 2710 1108 2733; x_wconf 72' lang='lat' dir='ltr'><strong>vero</strong></span> <span class='ocrx_word' id='word_1_814' title='bbox 1124 2717 1162 2745; x_wconf 60' lang='grc' dir='ltr'><em>τ</em></span> <span class='ocrx_word' id='word_1_815' title='bbox 1178 2701 1362 2745; x_wconf 63' lang='lat' dir='ltr'><strong>permittitur</strong></span> <span class='ocrx_word' id='word_1_816' title='bbox 1388 2704 1513 2745; x_wconf 65' lang='lat' dir='ltr'><strong>ratione</strong></span> <span class='ocrx_word' id='word_1_817' title='bbox 1532 2701 1793 2745; x_wconf 64' lang='lat' dir='ltr'><strong>desideranturjn</strong></span> 
     </span>
    </p>
   </div>
   <div class='ocr_carea' id='block_1_115' title="bbox 104 2740 1793 2787">
    <p class='ocr_par' dir='ltr' id='par_1_115' title="bbox 104 2740 1793 2787">
     <span class='ocr_line' id='line_1_115' title="bbox 104 2740 1793 2787; baseline -0.004 -9"><span class='ocrx_word' id='word_1_818' title='bbox 104 2740 233 2787; x_wconf 72' lang='lat' dir='ltr'><strong>utroque</strong></span> <span class='ocrx_word' id='word_1_819' title='bbox 247 2746 337 2787; x_wconf 69' lang='lat' dir='ltr'><strong>codd.</strong></span> <span class='ocrx_word' id='word_1_820' title='bbox 356 2745 452 2787; x_wconf 69' lang='lat' dir='ltr'><strong>Lipss.</strong></span> <span class='ocrx_word' id='word_1_821' title='bbox 465 2744 521 2787; x_wconf 43' lang='grc' dir='ltr'><strong>μιν</strong></span> <span class='ocrx_word' id='word_1_822' title='bbox 535 2745 559 2776; x_wconf 87' lang='grc' dir='ltr'><strong>ιι</strong></span> <span class='ocrx_word' id='word_1_823' title='bbox 570 2740 639 2777; x_wconf 56' lang='lat' dir='ltr'><strong>eo}.</strong></span> <span class='ocrx_word' id='word_1_824' title='bbox 657 2752 697 2781; x_wconf 80' lang='lat' dir='ltr'><strong>xl,</strong></span> <span class='ocrx_word' id='word_1_825' title='bbox 712 2740 728 2775; x_wconf 68' lang='grc' dir='ltr'><em>ἱ</em></span> <span class='ocrx_word' id='word_1_826' title='bbox 731 2745 761 2775; x_wconf 83' lang='grc'><strong>4.</strong></span> <span class='ocrx_word' id='word_1_827' title='bbox 807 2744 837 2768; x_wconf 66' lang='grc' dir='ltr'><strong>ιο</strong></span> <span class='ocrx_word' id='word_1_828' title='bbox 852 2744 945 2783; x_wconf 74' lang='lat' dir='ltr'><strong>Quod</strong></span> <span class='ocrx_word' id='word_1_829' title='bbox 960 2742 1203 2774; x_wconf 70' lang='lat' dir='ltr'><strong>si—manen’bus</strong></span> <span class='ocrx_word' id='word_1_830' title='bbox 1214 2741 1420 2781; x_wconf 74' lang='lat' dir='ltr'><strong>perfruantur</strong></span> <span class='ocrx_word' id='word_1_831' title='bbox 1431 2751 1490 2773; x_wconf 88' lang='lat' dir='ltr'><strong>non</strong></span> <span class='ocrx_word' id='word_1_832' title='bbox 1507 2742 1647 2781; x_wconf 70' lang='lat' dir='ltr'><strong>leguntur</strong></span> <span class='ocrx_word' id='word_1_833' title='bbox 1660 2741 1691 2773; x_wconf 90' lang='lat' dir='ltr'><strong>in</strong></span> <span class='ocrx_word' id='word_1_834' title='bbox 1703 2740 1793 2773; x_wconf 87' lang='lat' dir='ltr'><strong>codd.</strong></span> 
     </span>
    </p>
   </div>
   <div class='ocr_carea' id='block_1_116' title="bbox 102 2784 512 2827">
    <p class='ocr_par' dir='ltr' id='par_1_116' title="bbox 102 2784 512 2827">
     <span class='ocr_line' id='line_1_116' title="bbox 102 2784 512 2827; baseline -0.007 -9"><span class='ocrx_word' id='word_1_835' title='bbox 102 2784 203 2827; x_wconf 66' lang='lat' dir='ltr'><strong>Lipsi.</strong></span> <span class='ocrx_word' id='word_1_836' title='bbox 245 2785 270 2808; x_wconf 74' lang='grc' dir='ltr'><strong>ί·</strong></span> <span class='ocrx_word' id='word_1_837' title='bbox 284 2785 376 2817; x_wconf 70' lang='lat' dir='ltr'><strong>Matth</strong></span> <span class='ocrx_word' id='word_1_838' title='bbox 392 2784 445 2822; x_wconf 75' lang='grc' dir='ltr'><strong>“νι,</strong></span> <span class='ocrx_word' id='word_1_839' title='bbox 463 2784 512 2817; x_wconf 88' lang='lat'><strong>33.</strong></span> 
     </span>
    </p>
   </div>
   <div class='ocr_carea' id='block_1_117' title="bbox 271 2865 530 2897">
    <p class='ocr_par' dir='ltr' id='par_1_117' title="bbox 271 2865 530 2897">
     <span class='ocr_line' id='line_1_117' title="bbox 271 2865 530 2897; baseline -0.008 0"><span class='ocrx_word' id='word_1_840' title='bbox 271 2867 402 2897; x_wconf 68' lang='grc' dir='ltr'><strong>Ρλτιιοι..</strong></span> <span class='ocrx_word' id='word_1_841' title='bbox 426 2866 482 2897; x_wconf 73' lang='lat' dir='ltr'><strong>Gn.</strong></span> <span class='ocrx_word' id='word_1_842' title='bbox 507 2865 530 2896; x_wconf 94' lang='lat' dir='ltr'><strong>l.</strong></span> 
     </span>
    </p>
   </div>
   <div class='ocr_carea' id='block_1_118' title="bbox 1570 2862 1609 2892">
    <p class='ocr_par' dir='ltr' id='par_1_118' title="bbox 1570 2862 1609 2892">
     <span class='ocr_line' id='line_1_118' title="bbox 1570 2862 1609 2892; baseline 0 0"><span class='ocrx_word' id='word_1_843' title='bbox 1570 2862 1609 2892; x_wconf 75' lang='lat'><strong>40</strong></span> 
     </span>
    </p>
   </div>
   <div class='ocr_carea' id='block_1_119' title="bbox 1992 566 2014 901">
    <p class='ocr_par' dir='ltr' id='par_1_119' title="bbox 1993 566 2010 901">
     <span class='ocr_line' id='line_1_119' title="bbox 1993 566 2010 901; baseline 0 -295"><span class='ocrx_word' id='word_1_844' title='bbox 1996 570 2010 901; x_wconf 28' lang='grc' dir='ltr'><strong>ι</strong></span> 
     </span>
    </p>
   </div>
   <div class='ocr_carea' id='block_1_120' title="bbox 1981 83 2002 331">
    <p class='ocr_par' dir='ltr' id='par_1_120' title="bbox 1983 87 1999 331">
     <span class='ocr_line' id='line_1_120' title="bbox 1983 87 1999 331; baseline 0 -205"><span class='ocrx_word' id='word_1_845' title='bbox 1983 87 1999 331; x_wconf 56' lang='lat'><strong>,</strong></span> 
     </span>
    </p>
   </div>
  </div>
