4054 6214
469 312 619 387 defit

1334 323 1395 383 s.
1442 312 1874 402 CLEMENTIS
1895 322 1941 382 ει
1968 304 2191 384 aen.
2220 302 2461 385 pom.
2482 297 2739 389 orem
2786 318 3040 384 DUBIA.

3696 318 3845 384 127‘!

476 455 706 525 alienos
721 472 865 540 quos
883 455 1151 531 nescitis,
1184 472 1310 519 non
1340 454 1606 519 audietis
1633 453 1815 516 verba
1846 455 2106 535 prophe-
2135 475 2169 512 Α
2194 453 2397 517 dixisti
2422 454 2647 517 habere
2670 455 2886 524 Deum,
2917 456 3071 534 quod
3104 461 3198 519 est
3226 455 3461 535 injuriae
3492 476 3510 524 ;
3540 455 3843 532 quomodo

477 555 552 609 ιω
582 546 773 628 illius,
807 563 1005 626 neque
1030 547 1327 608 somnium
1347 545 1734 608 somniatoris
1754 543 1945 610 illius.
1973 545 2115 623 quia

476 645 719 698 lentam
751 637 1006 699 tentavit
1036 652 1165 709 vos,
1213 641 1279 696 ut
1305 633 1507 697 videat
1534 634 1590 693 si
1607 633 1875 711 diligitis
1912 631 2117 693 Domi-

476 741 627 811 num
646 724 830 787 Deum
854 731 1114 788 vestrum
1142 721 1218 783 6³.

558 811 752 875 XLVI.
788 813 1110 895 Propterea
1139 832 1276 893 ergo
1308 820 1367 875 et
1396 811 1683 875 Dominus
1717 819 1919 873 noster
1950 810 2115 888 signa

480 912 539 964 et
571 903 838 983 prodigia
866 902 1114 983 faciens,
1138 903 1325 965 Deum
1351 900 1710 982 praedicabat
1741 900 2114 979 Iudaeorum,

481 1000 540 1053 et
570 992 705 1053 ideo
726 1002 885 1054 recte
905 992 1310 1070 praedicationi
1335 992 1464 1071 ejus
1486 991 1768 1053 creditur.
1799 991 1884 1052 Tu
1914 1002 2110 1051 autem

482 1081 659 1147 etiam
689 1081 738 1142 si
769 1101 906 1144 vere
937 1082 1222 1162 prepheta
1255 1100 1443 1155 esses,
1474 1090 1530 1143 et
1560 1083 1726 1158 signa
1774 1079 2002 1142 faceres
2048 1097 2116 1139 ac

481 1171 771 1251 prodigia.
802 1173 952 1233 sicut
986 1171 1365 1252 promittis,et
1387 1171 1537 1234 alios
1556 1170 1948 1232 annuntiares
1974 1168 2118 1228 deos

474 1269 697 1341 praeter
719 1279 853 1322 eum
886 1262 985 1337 qui
1018 1279 1192 1325 verus
1218 1271 1330 1339 est,
1353 1260 1732 1322 manifestum
1759 1268 1915 1320 esset
1962 1266 2017 1318 te
2047 1257 2115 1317 ad

481 1350 863 1412 tentationem
896 1352 1111 1432 populo
1145 1350 1249 1412 Dei
1281 1352 1655 1422 suscitatum,
1682 1358 1742 1411 et
1772 1349 1906 1410 ideo
1954 1342 2118 1409 credi

482 1439 587 1501 tibi
613 1440 854 1501 omnino
882 1459 1000 1503 non
1034 1449 1247 1522 potest.
1282 1439 1444 1503 Unus
1474 1449 1564 1501 est
1592 1441 1751 1499 enim
1785 1455 1983 1510 verus,
2017 1436 2118 1517 qui

482 1529 938 1605 estJudteorum
970 1534 1150 1603 Deus,
1185 1539 1244 1593 et
1275 1529 1349 1591 ob
1410 1530 1522 1591 hoc
1579 1526 1861 1589 Dominus
1918 1538 2121 1587 noster

479 1617 510 1681 .l
517 1637 655 1687 esus
684 1620 951 1683 Christus
978 1618 1631 1699 docebatquterendum
1650 1635 1781 1679 esse
1803 1635 1919 1677 non
1934 1614 2116 1676 Deum

482 1708 658 1790 quem
687 1707 839 1769 bene
898 1720 1206 1788 noverant,
1262 1708 1367 1770 sed
1411 1725 1660 1784 regnum
1722 1717 1778 1767 et
1827 1705 2117 1784 justitiam

2200 544 2355 605 enim
2372 545 2598 606 habere
2615 544 2798 607 filium
2820 543 3740 625 potest.nisisimiliahominibus
3753 555 3851 607 aut

2198 634 2556 696 animalibus
2574 633 2974 712 patiatur?Sed
2998 634 3069 695 de
3090 635 3181 695 his
3198 654 3314 696 non
3341 646 3425 697 est
3444 656 3611 697 nunc
3627 646 3856 714 tempus

2199 742 2448 802 arguere
2480 724 2831 803 profundam
2866 723 3184 786 stultitiam
3222 736 3400 805 tuam,
3436 726 3664 787 festino
3695 726 3850 785 enim

2199 816 2277 878 de
2295 816 2695 879 immensitate
2716 838 2781 877 su
2796 836 2847 877 in
2861 837 2969 878 ma;
2986 818 3135 879 lucis
3147 827 3542 899 exponere,et
3550 820 3680 897 jam
3700 838 3851 879 nunc

2198 904 2513 967 audi.Pu=o
2531 924 2661 969 esse
2677 908 2931 986 aliquam
2954 908 3225 969 virtutem
3250 908 3567 969 immensae
3579 916 3639 968 et
3656 907 3846 968 ineffa-

2201 993 2339 1057 bilis
2354 995 2707 1076 lucis,cujus
2725 996 3069 1075 magnitudo
3087 996 3726 1078 incomprehensibilis
3748 1008 3847 1057 tra-

2200 1084 2428 1156 beatur,
2454 1103 2628 1165 quam
2650 1085 2927 1148 virtutem
2952 1086 3131 1147 etiam
3156 1088 3360 1147 mundi
3388 1087 3852 1165 conditorigno-

2204 1185 2313 1253 ret,
2347 1183 2407 1235 et
2436 1174 2740 1251 legislator
2766 1178 3018 1254 Moyses,
3048 1184 3105 1237 et
3129 1183 3413 1254 magister
3433 1185 3641 1237 vester
3662 1174 3847 1239 Iesus.

2289 1265 2350 1326 L.
2386 1263 2534 1326 Tum
2562 1266 2771 1326 Petrus
2803 1286 2816 1322 :
2846 1262 2973 1325 Non
3002 1263 3106 1326 tibi
3147 1264 3386 1328 videtur
3434 1264 3728 1327 amentiae
3766 1283 3853 1325 res

2207 1372 2360 1427 esse,
2395 1372 2665 1416 asserere
2697 1354 2847 1415 velle
2865 1354 3393 1435 quempiam,quod
3418 1357 3495 1415 sit
3518 1354 3684 1416 alius
3708 1355 3853 1417 Deus

2206 1463 2379 1525 quam
2412 1443 2567 1506 Deus
2598 1444 2967 1516 omnium,et
3000 1442 3224 1517 dicere,
3252 1451 3393 1524 puto
3417 1462 3557 1505 esse
3581 1442 3850 1503 virtutem

2202 1533 2545 1613 quamdam,
2582 1535 2996 1612 etpriusquam
3024 1532 3135 1612 ipsi
3177 1542 3405 1594 tertum
3461 1533 3541 1593 sit
3576 1532 3738 1611 quod
3769 1532 3849 1589 lo-

2204 1624 2426 1702 quitur,
2453 1622 2568 1683 hoc
2598 1623 2746 1684 velle
2778 1621 2908 1683 aliis
2927 1621 3312 1683 confirmare?
3332 1621 3513 1683 Estne
3530 1621 3759 1696 aliquis
3784 1622 3851 1680 ita

2206 1730 2489 1793 praeceps,
2521 1712 2618 1791 qui
2652 1711 2849 1773 verbis
2875 1715 2988 1772 tuis
3018 1712 3310 1777 credatjn
3326 1710 3555 1789 quibus
3577 1721 3638 1771 te
3663 1712 3845 1788 ipsum

480 1798 611 1878 ejus
638 1795 713 1873 α,
749 1817 923 1878 quam
951 1798 1176 1861 Scriba:
1199 1808 1256 1861 et
1287 1795 1595 1867 Pharisaei,
1628 1808 1904 1877 suscepta
1926 1794 2118 1855 scien-
2145 1826 2178 1873 Β
2203 1800 2395 1861 videat
2428 1800 2821 1874 dubitantem;
2847 1810 2903 1863 et
2922 1800 3191 1861 admittat
3216 1819 3349 1862 esse
3372 1800 3646 1879 aliquam
3672 1801 3846 1859 virtu-

481 1887 580 1959 tias
608 1886 791 1961 clave,
835 1906 950 1949 non
985 1888 1423 1963 concluserant,
1482 1886 1585 1947 sed
1639 1887 2011 1947 excluserant
2037 1882 2112 1945 6⁵.

482 1979 633 2040 Nam
667 1976 717 2037 si
750 1981 1124 2056 ignorassent
1162 1996 1363 2039 verum
1400 1976 1609 2044 Deum,
1662 1992 1962 2054 nunquam
1998 1975 2119 2036 uti—

481 2058 597 2145 que
642 2066 816 2146 hujus
873 2068 960 2128 rei
1012 2067 1324 2129 scientiam
1392 2066 1761 2145 relinquens,
1817 2082 1947 2143 qute
1997 2073 2123 2124 erat

482 2148 749 2217 omnium
783 2167 983 2237 caput,
1017 2157 1286 2237 culparet
1313 2174 1414 2217 eos
1434 2156 1510 2216 de
1535 2154 1725 2233 parvis
1760 2153 2115 2217 etmiuimis.

482 2242 541 2303 id
569 2246 842 2324 estquod
872 2245 1188 2307 dilatarent
1243 2244 1509 2305 ﬁmbrias
1565 2261 1724 2321 suas,
1783 2252 1840 2303 et
1899 2242 2120 2322 primos

483 2332 791 2413 accubitus
821 2334 881 2397 in
908 2334 1190 2396 conviviis
1220 2334 1611 2407 vindicarent,
1642 2341 1701 2393 et
1720 2332 1876 2413 quod
1897 2334 1954 2393 in
1981 2351 2121 2412 qua-

484 2420 691 2483 driviis
746 2431 971 2485 stantes
1000 2431 1261 2500 orarent,
1295 2431 1358 2487 et
1408 2423 1519 2483 alia
1583 2422 1675 2482 his
1714 2420 1954 2501 similia,
1995 2440 2124 2500 qua!

484 2511 691 2589 utique
716 2531 787 2575 ex
820 2514 1263 2593 comparatione
1289 2512 1482 2593 magni
1502 2512 1682 2591 hujus
1705 2509 1936 2592 capitis,
1966 2512 2125 2589 igno-

488 2600 695 2663 rantim
726 2600 852 2679 Dei,
879 2606 1093 2682 exigua
1123 2604 1400 2665 videntur
1431 2610 1489 2665 et
1514 2619 1711 2685 parva.

569 2690 804 2757 XLVII.
833 2692 905 2756 Et
927 2693 1131 2757 Simon
1151 2694 1222 2755 ad
1251 2694 1372 2755 haec
1403 2694 1512 2756 ait:
1546 2694 1629 2755 Ex
1649 2690 1842 2752 verbis
1867 2688 2129 2767 magistri

484 2778 566 2867 tui
581 2781 922 2865 convincam
956 2789 1032 2851 te.
1071 2782 1207 2860 quia
1221 2783 1538 2863 etiamipse
1563 2782 1891 2861 ignoratum
1921 2796 2129 2867 quem-

485 2865 620 2929 dam
640 2872 915 2934 omnibus
935 2871 1259 2934 introducit
1281 2870 1492 2933 Deum.
1510 2869 1654 2933 Cum
1676 2870 1833 2931 enim
1860 2876 1918 2929 et
1934 2866 2125 2930 Adam

488 2967 815 3022 creatorem
844 2979 1014 3023 suum
1043 2961 1245 3025 scierit
1266 2960 1475 3038 Deum,
1506 2959 1829 3040 mundique
1851 2956 2124 3019 condito-

484 3062 640 3123 rem,
673 3057 734 3111 et
764 3048 995 3126 Enoch,
1026 3050 1247 3133 quippe
1265 3050 1363 3131 qui
1400 3048 1473 3112 ab
1504 3067 1574 3110 eo
1601 3048 1917 3110 translatus
1935 3053 2046 3126 est,
2071 3051 2129 3106 et

2206 1897 2323 1951 tem
2357 1890 2710 1968 incognitam
2747 1890 2999 1953 creatori
3035 1889 3171 1961 Deo,
3202 1899 3255 1950 et
3292 1892 3567 1969 Moysi,et
3594 1890 3851 1967 prophe—

2206 1980 2379 2049 tis,et
2409 1979 2547 2058 legi,
2584 1989 2644 2041 et
2674 1981 2812 2041 Jesu
2875 1980 3050 2042 etiam
3100 1979 3381 2058 magistro
3442 1989 3682 2047 nostro,
3739 1998 3853 2057 qua:

2203 2069 2389 2132 virtus
2420 2070 2496 2129 ita
2529 2068 2684 2131 bona
2716 2070 2813 2142 sit,
2848 2078 2907 2129 ut
2943 2069 3088 2129 nulli
3135 2069 3274 2131 velit
3302 2069 3724 2145 innotescere;
3754 2065 3856 2128 nisi

2206 2159 2306 2219 uni
2339 2167 2669 2238 tantum,et
2696 2160 2801 2220 hoc
2832 2159 2935 2218 tibi
2962 2158 3090 2220 tali?
3110 2157 3258 2219 Tum
3283 2157 3506 2219 deinde
3532 2158 3584 2217 si
3604 2176 3753 2217 nova
3774 2166 3851 2219 est

2205 2249 2316 2309 ista
2341 2249 2546 2327 virtus,
2571 2248 2869 2328 quomodo
2890 2248 3062 2308 nobis
3090 2268 3204 2308 non
3229 2248 3328 2308 dat
3352 2267 3573 2309 novum
3596 2248 3848 2325 aliquem

2206 2356 2449 2399 sensum
2486 2348 2699 2417 praeter
2728 2339 2838 2400 hos
2866 2358 3017 2415 quos
3047 2339 3309 2415 gerimus
3347 2339 3645 2417 quinque.
3687 2348 3741 2397 ut
3789 2356 3848 2397 ex

2208 2427 2335 2508 ipso
2365 2426 2439 2487 ab
2472 2447 2541 2488 ea
2564 2427 2738 2488 nobis
2771 2428 2977 2503 largita
3016 2446 3163 2488 novo
3221 2446 3427 2500 sensu,
3494 2428 3694 2505 ipsam
3728 2443 3849 2507 quin

2208 2535 2355 2577 nova
2389 2527 2477 2578 est
2506 2536 2719 2596 capere
2752 2526 2809 2577 et
2832 2517 3173 2595 intelligere
3193 2516 3520 2595 possimus?
3544 2526 3649 2577 aut
3671 2516 3721 2579 si
3743 2534 3847 2577 non

2210 2615 2400 2687 potest
2428 2606 2650 2685 largiri,
2680 2606 2975 2687 quomodo
3009 2607 3110 2667 tibi
3136 2606 3345 2684 largita
3362 2617 3454 2666 est
3475 2609 3505 2665 ?
3531 2616 3636 2666 aut
3671 2605 3720 2665 si
3752 2605 3845 2664 tibi

2208 2695 2509 2765 revelavit.
2545 2715 2655 2757 cur
2686 2715 2800 2757 non
2826 2706 2884 2756 et
2910 2694 3176 2759 nobis‘ISi
3202 2714 3339 2755 vero
3366 2713 3401 2756 a
3425 2695 3750 2776 temetipso
3775 2694 3847 2754 in-

2212 2785 2509 2865 tellexisti,
2538 2804 2669 2864 quae
2694 2803 2770 2847 ne
2791 2785 3096 2865 propheta:
3126 2784 3366 2865 quidem
3391 2785 3624 2846 sentire
3654 2793 3751 2844 aut
3774 2784 3842 2844 in-

2211 2875 2476 2955 telligere
2505 2884 2839 2955 potuerunt,
2868 2874 2963 2935 dic
2983 2893 3090 2953 age
3114 2876 3286 2935 nobis
3311 2892 3469 2934 nunc
3491 2874 3641 2954 quid
3671 2891 3843 2934 unus-

2210 2965 2461 3046 quisque
2495 2973 2767 3025 nostt'um
2791 2963 3012 3043 cogitat
3046 2985 3060 3026 :
3098 2963 3159 3025 Si
3192 2963 3350 3023 enim
3378 2971 3580 3023 tantus
3605 2973 3694 3023 est
3720 2962 3773 3021 in
3797 2970 3845 3021 te

2209 3053 2474 3134 spiritus,
2512 3062 2573 3115 ut
2602 3072 2671 3115 ea
2688 3071 2818 3134 quae
2839 3071 3019 3133 super
3040 3055 3220 3114 oculos
3240 3051 3716 3131 sunt,incognita
3736 3070 3848 3110 om-

485 3134 635 3212 Νοθυ
670 3148 875 3222 ιιιροιθ
916 3139 987 3201 ab
1019 3159 1088 3202 eo
1113 3141 1317 3220 jussus
1348 3156 1544 3202 arcam
1563 3146 1938 3212 construere,
1968 3153 2119 3197 cum'
2145 3145 2185 3193 C
2211 3143 2385 3206 nibus
2409 3151 2466 3204 et
2509 3143 2786 3205 omnibus
2819 3140 3456 3221 incomprehensibilia
3503 3159 3843 3221 cognoscas.

486 3246 602 3311 que
632 3238 693 3291 et
716 3224 1045 3310 Abraham,
1091 3239 1148 3294 et
1176 3228 1366 3305 Isaac,
1402 3237 1459 3290 et
1493 3227 1766 3303 Jacob,et
1792 3226 2041 3308 Moyses,
2070 3233 2128 3285 et

488 3316 721 3399 omnes,
753 3320 1068 3400 omnisque
1100 3319 1353 3400 populus
1377 3328 1552 3398 atque
1566 3336 1775 3381 omnes
1792 3326 2002 3396 gentes
2024 3333 2128 3376 no-

487 3410 676 3469 verint
706 3410 1073 3472 conditorem
1100 3408 1335 3489 mundi,
1366 3407 1730 3475 eiateantur
1744 3405 2129 3485 Deum,lesus

485 3506 701 3585 vester,
726 3495 831 3575 qui
861 3499 1036 3579 longe
1066 3497 1361 3580 posterior
1384 3497 1657 3561 Patrihus
1706 3495 2001 3578 apparuit,
2035 3493 2129 3553 di-

488 3583 566 3648 cit
592 3605 605 3646 :
633 3583 823 3650 Nemo
835 3589 998 3651 novit
1021 3588 1269 3668 Filium,
1292 3587 1417 3665 nisi
1442 3584 1652 3661 Pater,
1677 3604 1867 3667 mque
1890 3584 2129 3646 Patrem

490 3682 651 3756 quis,
673 3674 864 3739 nisiF
864 3678 1032 3749 ilius,
1051 3685 1107 3739 et
1127 3679 1229 3738 cui
1248 3676 1513 3739 voluerit
1541 3675 1747 3738 Filius
1768 3675 2037 3739 revelare
2054 3670 2129 3734 σθ.

489 3764 576 3829 Ita
604 3783 744 3843 ergo
776 3776 833 3827 et
857 3767 1034 3829 Jesus
1065 3775 1262 3829 vester
1285 3765 1467 3827 alium
1496 3783 1630 3826 esse
1678 3767 1862 3827 Deum
1896 3766 2132 3828 incom-

491 3854 956 3933 prehensibilem
992 3856 1269 3917 omnibus
1288 3864 1347 3917 et
1378 3854 1743 3934 incognitum
1778 3855 2012 3918 fatetur.

492 4018 493 4021 η
566 3941 817 4006 XLVIII.
854 3944 1003 4006 Tum
1035 3943 1276 4007 Petrus:
1303 3945 1628 4019 Contraria,
1660 3945 1873 4025 inquit,
1902 3944 2132 4007 tibimet

489 4032 604 4117 ipsi
636 4043 691 4097 te
722 4034 989 4117 proferre
1006 4052 1124 4095 non
1148 4034 1354 4096 sentis.
1382 4033 1441 4095 Si
1473 4033 1628 4095 enim
1660 4033 1907 4097 etJesus
1933 4044 2131 4098 noster

490 4126 601 4195 scit
625 4123 832 4204 istum,
858 4142 1031 4206 quem
1057 4122 1204 4185 dicis
1234 4124 1600 4203 incognitum
1627 4123 1982 4205 Deum,érgo
1999 4127 2123 4202 jam

492 4235 610 4278 non
642 4233 676 4276 a
705 4223 763 4278 te
783 4214 911 4277 solo
933 4221 1023 4275 est
1051 4212 1340 4292 cognitus.
1366 4215 1487 4275 lmo
1513 4214 1745 4275 silesus
1769 4223 1968 4275 noster
1989 4233 2123 4275 eum

492 4306 675 4379 novit,
698 4309 929 4385 Moyses
949 4303 1321 4385 quoque,qui
1342 4308 1405 4365 et
1422 4304 1623 4364 Iesum
1650 4308 1964 4365 venturum
1993 4322 2123 4367 esse

2212 3233 2397 3296 mttlto
2430 3232 2658 3294 facilius
2690 3232 3078 3311 cogitationes
3112 3231 3399 3292 humanas
3428 3250 3569 3312 qua
3594 3231 3652 3293 in
3678 3228 3847 3292 terris

2213 3323 2506 3389 habentur
2535 3322 2829 3401 agnoscis.
2874 3321 3042 3394 Quod
3092 3322 3142 3381 si
3193 3320 3581 3398 cogitationes
3636 3328 3849 3381 nostra:

2215 3416 2313 3496 qui
2346 3416 2442 3477 hic
2468 3424 2693 3475 stamus
2727 3431 2841 3472 non
2876 3422 3045 3490 potes
3075 3411 3249 3481 scire,
3283 3411 3592 3487 quomodo
3613 3428 3683 3471 ea
3727 3426 3846 3491 qua

2216 3504 2394 3566 nullis
2424 3521 2557 3567 esse
2586 3502 2820 3581 cognita
2847 3502 3133 3581 affirmas,
3166 3500 3321 3562 scire
3352 3508 3405 3560 Ie
3438 3499 3594 3561 dicis
3619 3499 3645 3561 Ἰ

2301 3594 2388 3656 Ll.
2415 3593 2607 3656 Crede
2628 3601 2822 3652 autem
2845 3590 3010 3663 mihi,
3035 3591 3174 3670 quia
3196 3607 3492 3670 nunquam
3515 3590 3709 3649 scires
3725 3586 3849 3667 quid

2218 3696 2309 3747 est
2342 3684 2460 3753 lux,
2481 3681 2593 3743 nisi
2614 3682 2689 3743 ab
2717 3680 2844 3760 ipsa
2863 3680 3002 3741 luce
3024 3678 3361 3758 accepisses
3386 3688 3447 3741 et
3471 3680 3665 3739 visum
3692 3687 3747 3738 et
3768 3677 3843 3736 in-

2218 3773 2521 3835 tellectum
2557 3770 2790 3833 videndi
2825 3790 2842 3845 ;
2875 3769 2960 3830 sic
2982 3780 3040 3830 et
3073 3770 3128 3830 in
3162 3768 3417 3832 caeteris.
3446 3766 3602 3829 Hinc
3625 3772 3848 3846 accepta

2216 3861 2631 3942 intelligentia,
2659 3860 2851 3939 majus
2871 3858 3092 3935 aliquid
3119 3866 3176 3918 et
3194 3856 3509 3918 sublimius
3532 3856 3844 3917 somniiin-

2216 3961 2337 4013 star
2366 3951 2682 4028 excogitas,
2722 3947 3035 4010 occasione
3068 3955 3264 4007 tamen
3297 3963 3366 4006 ex
3428 3944 3556 4005 istis
3593 3944 3846 4024 quinque

2213 4040 2491 4103 sensibus
2504 4047 2760 4119 sumpta,
2777 4056 3029 4118 quorum
3056 4035 3612 4114 largitoriingratus
3633 4033 3846 4105 es.Cer-

2212 4141 2305 4192 tus
2332 4139 2527 4192 autem
2546 4139 2668 4191 esto
2684 4179 2697 4196 ,
2717 4128 2877 4205 qund
2898 4126 3088 4188 donec
3109 4144 3225 4185 non
3246 4125 3479 4186 invenis
3502 4142 3716 4185 novum
3745 4120 3843 4181 ali-

2210 4240 2386 4297 quem
2405 4238 2670 4291 sensum,
2692 4218 2793 4297 qui
2814 4225 2975 4278 extra
2992 4216 3099 4276 hos
3121 4215 3387 4294 quinque
3404 4218 3481 4275 sit
3502 4213 3722 4294 quibus
3739 4229 3845 4270 om-

2211 4329 2317 4372 nes
2346 4308 2589 4383 utimur,
2620 4326 2832 4368 novum
2866 4322 3136 4367 asserere
3168 4323 3282 4365 non
3312 4303 3743 4383 poterisDeum.
3785 4300 3843 4361 Et

493 4394 860 4479 prophetarit
884 4396 1014 4456 sine
1036 4392 1216 4455 dubio
1243 4410 1352 4455 nec
1374 4393 1505 4471 ipse
1527 4391 2133 4473 ignoraviteum;pro-
2159 4402 2199 4451 D
2216 4402 2443 4463 Simon:
2474 4399 2619 4459 Cum
2646 4396 2908 4477 quinque
2930 4394 3205 4455 sensibus
3222 4398 3497 4454 constent
3516 4392 3844 4470 omniaquae

492 4486 668 4567 pheta
697 4486 856 4547 enim
882 4491 1034 4558 erat,
1067 4492 1125 4544 et
1156 4482 1256 4562 qui
1280 4482 1354 4543 de
1374 4480 1524 4543 Filio
1579 4483 1972 4563 prophetavit,
2006 4485 2136 4544 sine

492 4574 672 4638 dubio
712 4582 1068 4653 cognoverat
1095 4575 1351 4635 Patrem.
1378 4570 1440 4633 Si
1463 4571 1621 4631 enim
1643 4571 1702 4631 in
1728 4571 2025 4633 voluntate
2047 4582 2136 4633 est

492 4664 625 4727 Filii
655 4664 923 4727 revelare
952 4662 1189 4724 Patrem
1221 4662 1314 4724 cui
1347 4660 1620 4733 voluerit,
1655 4660 1863 4732 Filius,
1897 4662 1998 4737 qui
2060 4661 2132 4723 ab

492 4750 661 4817 initio
691 4765 752 4816 et
781 4771 1022 4834 semper
1049 4770 1183 4814 cum
1209 4750 1381 4813 Patre
1411 4751 1643 4831 fuitper
1662 4750 1928 4829 singulas
1952 4772 2131 4833 quas-

492 4863 608 4928 que
638 4842 1077 4924 generationes,
1102 4841 1253 4903 sicut
1282 4839 1764 4920 revelavitMoysi
1786 4842 2135 4915 Patrem,ita

494 4943 553 4996 et
581 4932 715 5004 aliis
744 4931 1055 5014 prophetis
1082 4953 1098 5004 ;
1132 4930 1289 5010 quod
1313 4929 1364 4991 si
1388 4938 1498 5003 est,
1524 4928 1669 4991 nulli
1697 4931 1930 4991 Patrem
1955 4931 2137 4993 fuisse

488 5020 859 5102 incognitum
892 5028 1141 5084 constat.
1175 5019 1310 5082 Tibi
1342 5036 1476 5080 vero
1509 5017 1842 5098 quiFilium
1870 5038 1986 5082 non
2012 5039 2138 5083 cre-

491 5112 608 5191 dis,
640 5113 939 5195 quomodo
973 5111 1162 5194 potuit
1181 5107 1434 5172 revelari
1457 5107 1655 5190 Pater,
1680 5108 1942 5189 quinulli
1967 5119 2139 5173 notus

492 5212 606 5282 est,
632 5203 745 5265 nisi
768 5204 861 5266 cui
880 5202 1129 5264 voluerit
1148 5198 1331 5262 Filius
1355 5198 1651 5261 revelare?
1674 5196 1917 5260 Revelat
1937 5208 2134 5262 autem

490 5293 683 5360 Filius
714 5297 949 5358 Patrem
974 5292 1068 5355 his
1098 5292 1197 5373 qui
1227 5292 1306 5351 ita
1334 5287 1730 5350 honoriﬁcant
1770 5288 2011 5364 Filium,
2046 5292 2132 5352 si-

491 5393 591 5447 cut
620 5382 1016 5446 honoriﬁcam
1043 5380 1275 5444 Patrem
1304 5377 1384 5441 ⁸⁷.

572 5471 764 5537 XLIX.
799 5470 948 5535 Tum
972 5471 1202 5535 Simon:
1223 5466 1765 5547 Memento,inquit,
1786 5468 1925 5547 quia
1945 5468 2132 5530 ﬁlium

569 5746 634 5802 6³
658 5748 837 5816 Deut.
867 5765 992 5830 VIII,
1028 5752 1166 5816 1-3.
1251 5747 1316 5800 64
1341 5747 1550 5814 Matth.
1584 5763 1667 5827 vr,
1695 5746 1793 5814 33.
1881 5747 1947 5801 65
1976 5746 2122 5811 Luc.

2213 5765 2237 5828 :,
2270 5746 2374 5811 52.
2460 5746 2526 5798 66
2554 5746 2772 5812 Matth.
2806 5765 2890 5828 ιι,
2922 5744 3023 5807 Ἦ.

2223 4499 2383 4568 sunt,
2420 4488 2568 4549 nihil
2598 4505 2813 4548 nut'um
2838 4485 3058 4546 addere
3081 4485 3266 4544 virtus
3292 4482 3389 4544 illa
3416 4485 3649 4544 cunctis
3694 4480 3833 4568 emi-

2220 4579 2456 4639 nentior
2487 4585 2700 4657 potest.
2740 4579 2806 4639 Et
2833 4579 3039 4637 Petrus
3059 4574 3161 4634 ait:
3189 4573 3423 4633 Falsum
3460 4571 3675 4633 est.Est
3700 4567 3839 4657 enim

2218 4678 2275 4730 et
2308 4667 2460 4728 alius
2488 4656 2689 4727 sextus
2739 4683 2971 4738 sensus,
3006 4662 3065 4724 id
3124 4671 3215 4723 est
3275 4660 3681 4741 praenoscendi
3717 4683 3731 4731 ;
3765 4656 3838 4717 isti

2218 4757 2376 4818 enim
2406 4757 2675 4836 quinque
2697 4772 2910 4815 sensus
2927 4752 3191 4814 scientiae
3214 4768 3465 4830 capaces
3486 4756 3836 4819 sunt,sextus

2219 4855 2417 4907 autem
2458 4845 2839 4927 prtescientim
2872 4852 2984 4922 est,
3027 4860 3202 4923 quem
3238 4840 3503 4902 habuere
3530 4839 3833 4919 prophetat.

2219 4935 2305 4998 Tu
2322 4926 2774 5014 crgoqoomodo
2792 4942 2958 5011 potes
2976 4933 3162 4994 Deum
3188 4928 3466 4990 omnibus
3489 4926 3832 5006 incognitum

2222 5044 2421 5103 nosse,
2456 5025 2555 5104 qui
2584 5041 2689 5084 nec
2725 5022 3137 5101 propheticum
3162 5026 3423 5091 sensum,
3459 5017 3559 5096 qui
3594 5026 3679 5077 est
3706 5031 3834 5094 prae-

2221 5114 2508 5195 scientize,
2543 5110 2863 5191 cognovisti
2893 5109 2923 5171 ‘l
2954 5108 3104 5171 Tum
3139 5108 3344 5171 Simon
3380 5106 3557 5185 cmpit
3592 5105 3833 5195 dicere:

2224 5203 2386 5265 Hanc
2414 5221 2589 5284 quam
2616 5202 2748 5264 dico
2784 5199 3060 5261 virtutem
3097 5194 3764 5284 incomprehensibilem
3786 5197 3833 5248 et

2221 5280 2682 5355 eminentiorem
2737 5288 2994 5361 cunctis,
3030 5286 3207 5349 etiam
3243 5286 3371 5365 ipso
3404 5282 3505 5362 qui
3572 5280 3834 5343 mundum

2219 5381 2485 5444 condidit
2522 5380 2668 5454 Deo,
2696 5396 2895 5460 neque
2925 5376 3270 5455 angelorum
3306 5373 3620 5453 quisquam
3668 5382 3837 5460 neque

2217 5470 2553 5533 daemonum
2590 5468 2751 5530 novit
2775 5458 2966 5548 neque
2990 5465 3352 5543 Iudaeorum,
3380 5479 3573 5542 neque
3596 5458 3711 5522 ulla
3731 5474 3833 5515 om-

3114 5742 3177 5794 6⁷
3204 5743 3374 5807 Joan.
3407 5757 3467 5817 ν,
3498 5740 3598 5803 23.
