4054 6214
257 342 411 414 12⁵1⁸1

1476 343 2119 416 RECOGNITIONUM
2166 346 2306 415 LIB.
2351 352 2431 414 II.

3478 352 3629 417 l278

253 481 485 546 ducere
510 482 573 544 in
604 481 763 545 hunc
792 481 1079 545 mundum
1128 489 1362 546 creator
1385 482 1570 560 Deus,
1595 485 1897 566 quomodo
1917 492 1956 543 Δ
1981 485 2125 547 mihi
2159 486 2420 559 videbar,
2443 492 2507 552 et
2532 487 2861 570 cogitabam
2892 488 2970 551 de
2998 505 3068 550 ea
3096 505 3234 566 qure
3272 490 3625 552 conveniret

256 592 359 636 eas
377 591 632 654 corpore
646 572 898 635 emissas
927 581 985 634 et
1007 575 1359 653 captivitatis
1388 576 1644 639 vinculis
1667 577 1900 639 resolu-
1987 573 2064 636 de
2082 574 2315 637 civitate
2340 595 2553 658 magna
2578 578 2845 659 cogitari,
2869 587 3087 660 portas,
3116 596 3340 649 muros,
3364 580 3617 656 lavacra,

257 672 373 739 tas,
395 663 587 725 bonus
607 661 763 725 Deus
784 661 1015 725 vocabit
1034 662 1104 724 ad
1140 681 1372 743 poenam
1419 684 1553 745 quae
1588 685 1692 747 per
1714 666 1908 741 ipsius

254 754 351 817 vel
388 752 681 815 desidiam
713 753 804 815 vel
834 753 1269 828 inﬁrmitatem,
1303 755 1568 818 abstrahi
1620 756 1693 818 ad
1746 757 1906 818 hunc

256 845 457 908 locum
478 854 538 905 et
557 842 771 905 involvi
799 862 1054 924 corpore
1074 845 1244 921 quasi
1270 844 1534 907 tenebris
1562 846 1909 924 ignorantia

257 940 628 1016 potuerunt?
648 931 884 996 Videris
906 933 1052 995 mihi
1084 933 1360 1011 ignorare
1381 936 1525 1015 quid
1550 936 1629 997 sit
1647 940 1821 998 Pater
1847 945 1911 998 et

253 1027 654 1100 Deus,verum
679 1031 739 1085 et
758 1023 971 1085 animas
993 1026 1153 1085 unde
1178 1024 1403 1087 sintvel
1427 1024 1668 1102 quando
1692 1034 1751 1086 et
1767 1043 1910 1107 quo~

256 1114 435 1177 modo
470 1114 662 1194 factas,
697 1130 932 1193 possem
986 1113 1211 1188 dicere,
1245 1112 1352 1175 sed
1412 1112 1537 1176 haec
1595 1131 1753 1176 nunc
1800 1112 1908 1176 tibi

252 1205 497 1287 aperire
519 1203 607 1265 fas
629 1222 745 1264 non
767 1203 949 1276 est,in
978 1209 1138 1264 tanto
1166 1220 1374 1265 errore
1402 1205 1592 1283 posito
1615 1203 1690 1265 de
1715 1204 1911 1265 scien-

258 1295 341 1358 tia
365 1295 491 1358 Dei.
519 1294 666 1356 Tum
690 1292 897 1355 Simon
927 1314 939 1352 :
965 1292 1116 1365 Erit,
1144 1293 1359 1374 inquit,
1386 1302 1620 1373 tempus
1643 1312 1762 1375 quo
1786 1311 1909 1372 pce-

259 1384 471 1447 nitebit
502 1391 580 1454 te,
614 1382 772 1460 quod
808 1382 1109 1443 dicentem
1145 1402 1239 1444 me
1269 1384 1344 1445 de
1375 1382 1660 1444 inell'abili
1692 1382 1907 1447 virtute

256 1493 377 1536 non
398 1472 787 1536 intellexeris.
814 1475 883 1536 Et
906 1470 1135 1535 Petrus:
1168 1474 1249 1535 Da
1271 1491 1411 1552 ergo
1441 1472 1633 1547 nobis,
1661 1482 1724 1533 ut
1747 1490 1906 1552 saepe

1990 664 2234 745 plateas,
2257 668 2626 749 angiportus,
2652 669 2778 732 fora
2823 678 2881 731 et
2923 669 3134 731 horum
3167 670 3615 749 consequentia,

1989 755 2321 817 secundum
2349 774 2419 818 ea
2440 759 2666 821 scilicet
2687 777 2818 840 quze
2836 758 2896 820 in
2918 758 3054 821 aliis
3067 758 3315 820 urbibus
3334 758 3622 837 videram,

1990 851 2051 904 et
2078 843 2137 904 in
2171 852 2393 907 tantum
2427 846 2758 912 intentione
2794 847 3209 929 hujuscemodi
3240 848 3488 911 intuitus
3513 850 3626 910 de-

1992 930 2274 1006 lectabar,
2302 942 2366 997 ut
2393 953 2553 1012 vere,
2581 937 2736 998 sicut
2756 937 2882 1017 ipse
2905 938 3244 1013 dixisti,nec
3274 947 3626 1020 praesentem

1991 1031 2167 1102 atque
2196 1031 2489 1088 astantem
2522 1027 2807 1101 viderem,
2845 1046 2957 1090 nec
2998 1028 3126 1107 ipse
3176 1026 3275 1089 tibi
3325 1028 3625 1107 sederem,

1992 1129 2230 1174 nossem
2288 1112 2358 1175 Et
2387 1113 2629 1177 Simon:
2666 1117 2865 1195 Modo,
2900 1117 3112 1198 inquit,
3136 1122 3303 1181 recte
3332 1117 3503 1179 dicis.

2070 1201 2351 1267 LXIII.Et
2373 1203 2885 1288 PetruszDenique
2906 1226 3038 1269 cum
3060 1209 3279 1287 piscem
3307 1206 3622 1268 maximum

1990 1291 2092 1372 qui
2112 1295 2283 1355 hamo
2315 1294 2652 1368 inhaeserat,
2681 1307 2879 1360 mente
2913 1305 3234 1376 occupatus
3267 1296 3486 1358 habere
3509 1296 3626 1357 mi-

1991 1382 2152 1443 nime
2182 1382 2492 1459 sentirem,
2519 1391 2582 1448 et
2613 1386 2668 1447 id
2702 1387 2941 1467 quidem
2966 1406 3099 1449 cum
3125 1385 3283 1448 hami
3308 1385 3520 1447 lineam
3549 1385 3626 1447 de

1989 1472 2263 1533 manibus
2294 1474 2444 1534 meis
2474 1474 2765 1538 violenter
2815 1477 3128 1555 arriperet,
3162 1484 3503 1554 Stupentem
3531 1492 3627 1538 me

247 1568 371 1646 jam
406 1562 554 1637 dixi,
588 1574 865 1644 tanquam
896 1580 1085 1623 novus
1142 1564 1304 1625 Deus
1358 1570 1460 1625 aut
1515 1562 1620 1641 qui
1668 1563 1742 1624 ab
1800 1563 1903 1624 illo
1984 1559 2195 1622 videns
2217 1560 2400 1623 frater
2423 1581 2590 1625 meus
2609 1565 3251 1647 Andreasquimecum
3280 1564 3626 1637 sedebat,ac

254 1652 643 1717 descenderis
690 1670 931 1714 sensum
992 1652 1249 1733 aliquem
1305 1670 1542 1728 novum,
1575 1669 1682 1733 per
1724 1671 1902 1733 quem
1984 1668 2139 1729 pene
2160 1669 2455 1715 casurum.
2481 1653 2633 1716 latus
2654 1654 2890 1717 fodiens
2909 1655 3108 1716 cubito
3131 1654 3624 1716 velutdormien-

258 1760 473 1807 novum
504 1761 685 1820 quem
710 1741 860 1804 dicis
892 1740 1076 1804 Deum
1100 1741 1402 1822 possimus
1422 1758 1783 1824 agnoscere;
1808 1735 1900 1803 isti
1987 1744 2106 1800 tem
2146 1740 2362 1803 excitat
2386 1741 2747 1807 dicenszNon
2763 1745 3625 1827 vides,Petre,quammagnum

257 1839 418 1897 enim
452 1832 716 1914 quinque
763 1850 999 1905 sensus,
1031 1850 1179 1912 quos
1241 1830 1413 1893 nobis
1458 1831 1622 1894 dedit
1667 1842 1903 1894 creator
1925 1850 1961 1900 Β
1985 1829 2208 1908 piscem
2229 1832 2907 1911 ceperis?nunquidnam
2942 1843 3141 1897 mente
3165 1834 3626 1914 exciilisti,quod

259 1925 442 1994 Deus,
504 1922 771 1985 Creatori
830 1939 937 1983 suo
997 1922 1173 1983 ﬁdem
1231 1929 1491 2001 servant,
1554 1939 1666 1985 nec
1722 1922 1903 1983 alium
1989 1918 2077 1981 sic
2100 1921 2389 1984 attonitus
2412 1922 2807 2004 stupes?quid
2833 1925 3097 2005 estquod
3124 1922 3375 2003 pateris?
3398 1923 3492 1984 dic
3519 1921 3622 1983 mi-

260 2029 622 2095 quemquam
655 2029 788 2075 esse
838 2010 1109 2075 sentiunt
1139 2011 1352 2088 Deum,
1386 2013 1501 2075 hoc
1531 2015 1619 2075 eis
1652 2011 1782 2093 ipsa
1812 2012 1906 2074 sui
1988 2009 2069 2072 bi.
2098 2010 2298 2090 Atego
2325 2012 2661 2093 indignatus
2682 2015 2736 2077 ei
2760 2017 3089 2099 paululum,
3118 2015 3275 2096 quod
3310 2032 3404 2076 me
3434 2031 3469 2075 a
3496 2012 3627 2074 dul-

263 2111 585 2185 prtestante
616 2111 849 2165 natura.

349 2191 498 2257 LXI.
533 2192 620 2255 Ad
656 2194 781 2254 haec
808 2192 1059 2255 Simon:
1091 2190 1352 2272 Adhibe,
1377 2190 1594 2271 inquit,
1640 2192 1904 2253 animum

267 2284 344 2347 ad
377 2301 447 2346 ea
476 2301 608 2364 quae
637 2282 906 2345 dicturus
936 2300 1091 2357 sum,
1117 2295 1176 2344 et
1194 2282 1370 2344 facito
1422 2301 1558 2343 eum
1594 2282 1911 2345 invisibili-

270 2374 386 2437 bus
411 2372 639 2435 semitis
669 2373 1074 2453 incedentem,
1098 2372 1411 2453 pervenire
1439 2372 1510 2434 ad
1547 2390 1616 2434 ea
1645 2391 1777 2453 quae
1803 2371 1911 2433 tibi

266 2465 775 2526 demonstravero.
810 2462 1098 2523 Ausculta
1126 2479 1268 2538 ergo
1298 2480 1493 2525 nunc:
1530 2480 1912 2543 nunquamne

268 2556 330 2616 in
358 2554 714 2633 cogitatione
744 2553 967 2632 positus
997 2552 1315 2614 extendisti
1365 2560 1623 2614 mentem
1657 2569 1814 2613 tuam
1848 2551 1910 2614 in

271 2645 554 2723 regiones
578 2643 668 2705 vel
695 2642 920 2705 insulas
936 2660 1112 2723 porro
1138 2642 1445 2722 positas,et
1468 2647 1542 2703 ita
1567 2643 1625 2702 in
1647 2642 1736 2704 eis
1759 2642 1910 2703 ﬁxus

270 2735 471 2797 animo
507 2732 799 2808 mansisti,
834 2741 900 2793 ut
929 2751 1005 2793 ne
1042 2740 1367 2810 praesentes
1415 2733 1658 2813 quidem
1706 2732 1911 2794 videre

265 2836 367 2887 aut
393 2824 783 2908 temetipsum
815 2823 969 2884 scire
998 2821 1102 2884 ubi
1150 2822 1424 2895 sederes,
1457 2841 1581 2902 prae
1627 2823 1910 2884 suavitate

264 2933 471 2977 eorum
497 2932 629 2997 quas
661 2913 1036 2976 habebantur
1069 2912 1129 2972 in
1163 2912 1376 2983 oculis,
1400 2912 1655 2991 posses?
1689 2913 1760 2973 Et
1796 2911 1909 2972 Pe-

267 3013 397 3067 trus
425 3005 544 3066 ait:
579 3005 802 3065 Verum
832 3010 947 3074 est,
979 3000 1213 3082 Simon,
1248 3003 1361 3062 hoc
1394 3002 1537 3062 mihi
1569 3001 1913 3081 frequenter

263 3095 503 3159 accidit.
536 3093 605 3156 Et
635 3095 840 3156 Simon
868 3114 882 3151 :
917 3091 1005 3153 Ita
1034 3102 1094 3154 et
1134 3110 1292 3153 nunc
1326 3109 1567 3153 sensum
1603 3104 1767 3151 tuum
1800 3109 1909 3151 ex—

269 3185 449 3246 tende
485 3187 543 3244 in
573 3183 814 3255 caelum,
849 3191 909 3243 et
938 3181 1156 3243 iterum
1203 3199 1383 3261 super
1411 3181 1653 3251 ctelum,
1687 3190 1746 3241 et
1777 3181 1912 3242 vide

268 3274 411 3356 quia
429 3274 612 3335 debet
629 3290 762 3334 esse
784 3272 999 3352 aliquis
1022 3271 1188 3333 locus
1216 3271 1316 3350 qui
1339 3272 1412 3331 sit
1437 3272 1588 3330 ultra
1621 3270 1907 3331 mundum

266 3364 359 3425 vel
391 3370 559 3425 extra
589 3360 903 3435 mundum,
927 3362 987 3423 in
1006 3377 1123 3441 quo
1150 3378 1343 3441 neque
1365 3360 1579 3422 cmlum
1605 3358 1910 3440 sit,neque

270 3463 455 3531 terra,
488 3469 679 3533 neque
720 3449 933 3513 umbra
990 3451 1207 3513 horum
1261 3450 1435 3511 etiam
1495 3448 1576 3510 ibi
1632 3448 1911 3512 tenebras

269 3550 636 3624 operetur,et
656 3540 733 3602 ob
756 3541 867 3603 hoc
889 3559 1022 3601 cum
1046 3558 1242 3617 neque
1263 3558 1515 3621 corpora
1534 3539 1731 3621 aliqua
1756 3539 1814 3601 in
1838 3557 1909 3601 eo

266 3633 409 3706 sint,
436 3650 630 3713 neque
660 3651 729 3693 ex
762 3630 1115 3712 corporibus
1146 3631 1433 3703 tenebras,
1469 3630 1807 3694 necessario
1837 3629 1914 3692 sit

265 3725 468 3787 lumen
500 3723 857 3783 immensum
891 3741 908 3795 ;
932 3729 990 3782 et
1012 3722 1213 3782 lumen
1237 3720 1552 3783 considera
1574 3718 1911 3800 cujusmodi

266 3831 404 3877 esse
433 3811 645 3893 possit,
671 3812 767 3873 cui
797 3811 1062 3874 tenebre
1092 3812 1269 3873 nullae
1302 3810 1649 3873 succedunt.
1682 3812 1829 3874 Nam
1864 3800 1913 3873 si

264 3903 608 3966 universum
642 3903 800 3963 hunc
831 3902 1117 3962 mundum
1152 3900 1294 3962 solis
1338 3901 1519 3980 hujus
1568 3900 1761 3982 replet
1789 3901 1911 3982 lux,

262 4002 547 4075 quantum
584 3991 848 4054 aestimas
874 4006 1008 4054 esse
1041 3990 1186 4051 illud
1235 3990 1651 4071 incorporeum
1705 3990 1907 4051 lumen

263 4092 325 4146 et
354 4083 649 4144 inﬁnitum
678 4080 959 4143 ?tantum
999 4081 1128 4142 sine
1180 4079 1386 4154 dubio,
1423 4088 1488 4143 ut
1543 4080 1697 4141 istud
1761 4079 1908 4141 solis

263 4173 467 4236 lumen
499 4172 571 4232 ad
606 4170 750 4234 illud
786 4170 1053 4233 tenebrae
1082 4178 1141 4231 et
1172 4189 1287 4231 non
1321 4171 1419 4231 lux
1452 4188 1583 4232 esse
1616 4169 1902 4231 videatur.

345 4260 518 4325 LXII.
542 4260 677 4324 Haac
699 4279 835 4322 cum
860 4260 1091 4323 diceret
1111 4259 1559 4331 Simon,Petrus
1575 4259 1905 4339 respondit:

263 4353 349 4417 De
380 4361 632 4433 utroque
660 4369 801 4430 ergo
834 4352 1127 4430 patienter
1174 4349 1463 4424 ausculta,
1494 4349 1551 4411 id
1612 4358 1701 4410 est
1744 4359 1803 4411 et
1833 4351 1909 4413 de

266 4444 539 4522 exemplo
554 4441 912 4503 extendendi
930 4459 1143 4503 sensus
1161 4450 1215 4501 et
1231 4441 1307 4500 de
1321 4438 1718 4501 immensitate
1733 4439 1906 4503 lucis.

1989 2100 2203 2163 cecline
2229 2120 2434 2165 eorum
2467 2124 2598 2187 quas
2628 2106 2904 2168 intuebar
2930 2104 3309 2178 abstraxerit,
3343 2102 3628 2183 respondi

1996 2188 2140 2252 nihil
2175 2211 2271 2253 me
2302 2194 2438 2256 mali
2478 2196 2618 2275 pati,
2643 2197 2749 2258 sed
2769 2197 2966 2258 animo
2990 2192 3447 2257 desiderabilem
3485 2192 3629 2253 mihi

1996 2280 2212 2341 intueri
2233 2283 2594 2359 Jerusalem,
2618 2284 2914 2366 simulque
2943 2284 3360 2353 Cmsaream,et
3380 2297 3632 2361 corpore

1993 2368 2236 2449 quidem
2270 2389 2403 2433 cum
2439 2373 2569 2454 ipso
2612 2392 2768 2448 esse,
2803 2382 3005 2435 mente
3030 2391 3168 2435 vero
3218 2372 3362 2433 illuc
3397 2369 3632 2451 penitus

1992 2459 2238 2523 auferri.
2262 2464 2342 2524 At
2365 2463 2465 2524 ille
2487 2464 2688 2525 nescio
2704 2464 2861 2525 unde
2890 2464 3233 2544 inspiratus,
3256 2460 3629 2523 reconditum

1992 2556 2051 2610 et
2080 2558 2377 2612 secretum
2409 2552 2670 2614 veritatis
2703 2553 2945 2634 protulit
2974 2554 3240 2615 verbum.

2073 2640 2280 2703 LXIV.
2305 2639 2546 2723 Desine,
2568 2642 2992 2724 inquit,Petre;
3015 2642 3155 2723 quid
3180 2638 3447 2721 estquod
3469 2637 3632 2719 agis?

1995 2728 2054 2790 hi
2088 2730 2245 2790 enim
2276 2731 2378 2811 qui
2409 2731 2680 2795 daemone
2709 2732 3004 2813 incipiunt
3031 2730 3252 2812 repleri
3284 2728 3372 2790 vel
3405 2728 3629 2790 moveri

1996 2836 2220 2890 mente,
2249 2819 2663 2900 hujuscemodi
2697 2821 2865 2884 initia
2898 2821 3137 2891 habent,
3162 2837 3269 2901 per
3294 2818 3632 2899 phantasias

1996 2906 2187 2986 primo
2218 2908 2289 2970 ad
2322 2911 2585 2988 jucunda
2613 2930 2863 2993 quasque
2885 2921 2947 2975 et
2973 2909 3347 2973 delectabilia
3372 2910 3630 2970 transfe-

1996 3008 2209 3059 runtur
2231 3019 2247 3081 ;
2276 2998 2498 3061 deinde
2516 3000 2587 3062 ad
2613 3019 2684 3062 ea
2704 3021 2835 3083 qua;
2853 3019 2968 3063 non
2995 2999 3326 3081 sunt,vanis
3350 3007 3410 3059 et
3430 2997 3629 3059 inani-

1995 3087 2107 3149 bus
2140 3087 2395 3150 motibus
2424 3089 2837 3154 ell'unduntur.
2884 3090 3009 3153 Hoc
3053 3099 3252 3152 autem
3299 3086 3517 3150 accidit
3557 3103 3629 3148 ex

1996 3176 2281 3255 languore
2300 3179 2555 3260 quodam
2581 3180 2817 3256 animae,
2844 3198 2961 3262 quo
2983 3198 3054 3242 ea
3074 3179 3316 3261 quidem
3340 3195 3474 3259 quae
3491 3182 3631 3237 sunt

1996 3286 2114 3328 non
2134 3267 2701 3350 vident,desiderant
2721 3288 2861 3332 vero
2872 3270 3170 3332 adducere
3186 3268 3257 3329 ad
3277 3273 3631 3346 conspectus

1993 3374 2134 3418 suos
2154 3375 2224 3418 ea
2244 3376 2378 3435 quas
2403 3378 2520 3421 non
2551 3369 2711 3421 sunt.
2748 3358 2864 3423 Sed
2907 3369 2968 3423 et
3008 3359 3125 3421 illis
3156 3359 3235 3420 ita
3264 3356 3499 3421 accidit.
3525 3353 3627 3435 qui

1995 3447 2320 3528 phrenesin
2353 3449 2657 3528 patiuntur
2686 3463 2748 3512 et
2793 3449 3063 3511 videntur
3088 3447 3202 3510 sibi
3236 3445 3449 3507 multas
3475 3444 3632 3506 ima-

1993 3536 2162 3616 gines
2183 3538 2407 3619 videre,
2436 3558 2544 3619 pro
2566 3558 2639 3601 eo
2656 3539 2815 3619 quod
2843 3540 3152 3602 nimietate
3173 3537 3406 3616 frigoris
3426 3535 3516 3596 vel
3539 3551 3634 3596 ca-

1999 3627 2142 3688 loris
2156 3628 2355 3690 anima
2385 3629 2649 3708 ipsorum
2682 3630 2961 3692 convulsa
2989 3637 3049 3692 et
3079 3636 3273 3690 emota
3306 3624 3452 3687 locis
3478 3623 3627 3701 suis,

1998 3734 2269 3779 errorem
2299 3719 2518 3799 patitur
2540 3721 2852 3782 ministerii
2884 3718 3191 3782 naturalis.
3218 3716 3334 3781 Sed
3368 3722 3427 3776 et
3452 3713 3632 3794 hiqui

1998 3805 2410 3882 laborantsiti,
2436 3828 2573 3871 cum
2594 3808 2655 3871 in
2686 3826 2960 3889 soporem
2994 3806 3284 3880 venerint,
3311 3803 3557 3868 flumina
3577 3810 3637 3864 et

1998 3898 2192 3959 fontes
2223 3897 2420 3960 videre
2450 3899 2565 3960 sibi
2614 3899 2889 3962 videntur
2913 3917 2983 3961 ac
3013 3896 3261 3971 bibere;
3294 3895 3407 3957 hoc
3433 3900 3631 3956 autem

2000 3988 2301 4066 patiuntur
2317 3988 2589 4050 ariditate
2602 3989 2979 4071 intemperati
2995 3985 3263 4069 corporis
3274 3985 3632 4047 laborantes.

1998 4076 2247 4156 Propter
2275 4078 2430 4158 quod
2467 4086 2691 4140 certum
2744 4086 2856 4153 est,
2892 4078 3017 4141 haec
3060 4076 3204 4139 vitio
3254 4076 3513 4152 quodam
3543 4072 3635 4134 vel

1989 4168 2205 4229 animm
2236 4168 2324 4228 vel
2356 4168 2631 4247 corporis
2657 4168 2822 4242 ﬁeri.

2072 4256 2522 4339 LXV.Denique
2544 4270 2607 4320 ut
2627 4260 2881 4340 accipias
2898 4258 2986 4321 rei
3011 4258 3187 4321 ﬁdem
3209 4257 3282 4318 de
3300 4253 3631 4319 Jerusalem

1992 4365 2167 4429 quam
2193 4366 2353 4427 saepe
2380 4348 2676 4430 videram,
2701 4348 2969 4411 dicebam
2997 4347 3157 4409 fratri
3186 4362 3482 4423 memque
3506 4344 3634 4405 loca

1993 4456 2219 4519 quosve
2240 4447 2570 4503 conventus
2592 4440 2750 4501 visus
2774 4438 2916 4499 mihi
2938 4438 3179 4499 fuissem
3205 4432 3561 4497 videre.Sed
3576 4440 3633 4494 et

265 4530 404 4596 Scio
438 4530 751 4611 meipsum,
786 4551 820 4591 o
851 4531 1084 4600 Simon,
1117 4531 1431 4610 aliquando
1464 4529 1525 4590 in
1557 4529 1908 4609 cogitatione
1934 4531 1974 4582 D
1995 4531 2072 4590 de
2103 4527 2366 4611 Caesarea
2397 4548 2571 4610 quam
2605 4547 2906 4607 nunquam
2937 4527 3228 4597 videram,
3250 4522 3636 4587 nihilominus

268 4621 527 4703 positum
561 4619 900 4682 extendisse
929 4637 1169 4681 sensum
1207 4638 1401 4680 meum
1437 4621 1493 4680 in
1524 4618 1820 4697 regiones,
1848 4627 1910 4680 ut

268 4712 382 4790 ais,
415 4718 474 4770 et
499 4709 725 4771 insulas
757 4712 957 4789 procul
994 4710 1237 4789 positas,
1272 4727 1491 4789 easque
1542 4717 1741 4770 mente
1790 4727 1909 4770 non

270 4801 467 4861 minus
497 4818 671 4880 quam
704 4800 892 4861 oculis
924 4798 1324 4881 perspexisse.
1360 4798 1505 4860 Cum
1529 4815 1721 4858 essem
1753 4798 1907 4876 apud

267 4886 684 4970 Capliarnaum
716 4889 776 4949 iu
808 4897 1051 4968 captura
1087 4888 1338 4969 piscium
1367 4893 1616 4966 positus,
1643 4895 1702 4949 et
1730 4889 1911 4950 sede-

264 4996 397 5041 rem
430 4995 609 5058 supra
632 4996 860 5060 saxum,
885 4979 1122 5039 hamum
1168 4987 1310 5039 setas
1342 4975 1621 5039 innexum
1655 4985 1713 5037 et
1742 4978 1911 5039 deci-

267 5065 505 5147 piendis
537 5066 804 5147 piscibus
829 5076 1092 5148 aptatum
1124 5066 1354 5129 habens
1394 5066 1456 5128 in
1508 5085 1711 5140 manu,
1742 5067 1824 5128 ita
1852 5075 1915 5128 ut

267 5161 594 5219 haerentem
619 5157 673 5218 ei
699 5175 817 5218 non
841 5157 1134 5219 senserim
1158 5156 1552 5238 piscem,dum
1583 5175 1751 5219 mens
1784 5176 1914 5220 mea

268 5245 850 5328 perdesiderabilem
879 5247 1021 5308 mihi
1037 5246 1373 5309 Jerusalem
1390 5245 1649 5308 distenta
1671 5265 1911 5328 percur-

268 5344 456 5415 reret,
488 5335 559 5396 ad
593 5354 765 5417 quam
796 5355 941 5399 sane
973 5336 1340 5398 oblationum
1374 5336 1565 5414 gratia
1602 5346 1661 5398 et
1687 5339 1906 5399 oratio-

268 5443 410 5487 num
433 5426 678 5504 vigilans
700 5426 1046 5508 frequenter
1062 5427 1702 5489 ascenderam.Verum
1721 5436 1779 5488 et
1793 5428 1907 5491 Cte-

268 5532 500 5578 saream
527 5517 678 5579 hanc
705 5517 910 5579 mirari
930 5516 1005 5579 ab
1031 5516 1167 5579 aliis
1186 5515 1458 5591 audiens,
1485 5524 1542 5577 et
1563 5516 1910 5579 desiderare

268 5603 559 5688 solebam,
584 5613 643 5668 et
671 5624 802 5668 eam
835 5605 897 5667 in
941 5625 1057 5691 qua
1108 5605 1370 5674 nondum
1420 5603 1669 5681 fueram,
1706 5606 1909 5670 videre

1996 4609 2453 4692 contendebam,
2492 4619 2648 4699 quod
2682 4628 2842 4680 esset
2888 4616 3043 4697 talis,
3075 4616 3312 4693 qualem
3346 4621 3546 4675 mente
3576 4620 3635 4673 et

1998 4709 2353 4785 cogitatione
2374 4725 2791 4787 conceperam.
2814 4706 2958 4769 Cum
2981 4717 3179 4770 autem
3205 4705 3499 4767 venissem
3520 4703 3635 4764 huc

1998 4799 2147 4861 nihil
2178 4800 2423 4859 omnino
2455 4796 2650 4858 simile
2702 4796 3028 4875 respiciens
3078 4814 3283 4857 eorum
3340 4813 3473 4875 qua:
3528 4810 3635 4873 per

1997 4890 2333 4969 phantasias
2385 4886 2669 4959 videram,
2702 4885 3064 4965 reprehendi
3119 4884 3532 4965 memetipsum
3574 4893 3632 4946 et

1995 4979 2187 5041 notavi
2218 4978 2410 5049 valde,
2435 4977 2570 5057 quia
2601 4994 2672 5037 ex
2706 4976 2839 5037 aliis
2877 4994 3011 5052 quas
3040 4974 3324 5042 videram.
3355 4983 3552 5055 portas
3572 4970 3628 5034 ei

1996 5078 2053 5131 et
2081 5086 2284 5131 muros
2320 5067 2583 5144 aliasque
2625 5064 2807 5138 tedes,
2843 5081 3053 5127 revera
3081 5064 3529 5127 similitudinem
3556 5080 3625 5123 ex

1996 5159 2129 5220 aliis
2161 5160 2404 5238 capiens
2429 5154 2744 5217 dederam.
2780 5155 2986 5236 Ne1ue
3034 5154 3192 5215 enim
3247 5152 3381 5234 quis
3440 5160 3634 5233 potest

1996 5266 2213 5312 novum
2232 5245 2538 5327 aliquid,et
2563 5245 2734 5323 cujus
2758 5244 2944 5305 forma
2967 5244 3126 5305 nulla
3150 5261 3405 5325 unquam
3443 5242 3628 5302 exsti-

1997 5340 2156 5420 terit,
2189 5337 2474 5416 cogitare.
2507 5336 2657 5398 Nam
2693 5343 2749 5395 et
2780 5333 2831 5397 si
2860 5333 3001 5397 velit
3028 5333 3243 5415 aliquis
3267 5342 3467 5396 tauros
3497 5349 3631 5393 cum

1994 5428 2192 5511 quinis
2209 5425 2505 5507 capitibus
2524 5443 2593 5486 ex
2619 5442 2725 5485 sua
2749 5424 3105 5504 cogitatione
3126 5424 3486 5503 formare,ex
3507 5420 3634 5511 istis

1992 5510 2141 5602 quos
2165 5516 2307 5579 vidit
2330 5534 2461 5577 cum
2488 5513 2742 5593 singulis
2763 5514 3216 5595 capitibus,illos
3253 5512 3453 5591 quinis
3470 5510 3632 5602 capi-f

1992 5600 2148 5672 tibus
2175 5607 2358 5687 ﬁngit.
2389 5604 2458 5668 Et
2493 5613 2550 5665 tu
2580 5622 2720 5685 ergo
2768 5622 2949 5688 nunc,
2981 5605 3031 5666 si
3083 5621 3220 5666 vere
3269 5601 3493 5686 aliquid
3527 5600 3634 5663 tibi
