4042 6218
460 325 616 390 £279

1305 337 1366 398 s.
1412 330 1842 398 CLEMENTIS
1883 330 1905 392 1
1952 334 2132 396 non.
2179 308 2403 397 PONT.
2450 334 2695 399 orum
2741 334 2994 397 DUBIA.

3616 340 3748 404 tm

462 461 684 554 videris
723 474 820 529 tua
842 468 1196 547 cogitatione
1223 467 1586 548 perspicere,
1621 475 1679 527 et
1712 485 1890 544 supra
1920 471 2100 530 ccelos
2122 489 2157 536 Α
2183 465 2284 547 qui
2315 465 2388 527 ab
2420 486 2489 528 eo
2525 467 2660 531 facti
2699 475 2860 539 sunt,
2896 467 3049 529 sicut
3100 475 3160 529 et
3215 469 3302 530 lex
3359 471 3504 547 dicit,
3535 492 3748 554 quorum

464 551 711 636 intueri,
735 574 854 618 non
877 556 1126 619 dubium
1149 557 1290 639 quin
1306 575 1378 619 ex
1402 558 1494 620 his
1514 575 1584 619 ea
1604 557 1946 618 consideres
1969 577 2103 635 quae.
2187 574 2366 617 unum
2391 557 2605 619 cmlum
2630 558 2706 618 sit
2729 557 3153 638 superius,quo
3185 561 3498 623 continetur
3515 551 3668 625 etiam
3689 566 3755 626 vi-

463 641 524 704 in
552 645 728 708 terris
751 649 973 724 positus
994 649 1184 713 vides.
1211 648 1327 711 Aut
1358 648 1408 710 si
1443 657 1609 727 putas
1651 646 1878 709 facilem
1915 649 2102 710 menti
2184 644 2358 706 sibile
2388 647 2854 720 ﬁrmamentum,
2881 646 3026 708 illud
3051 665 3184 709 esse
3209 659 3535 729 perpetuum
3553 661 3752 715 etaater-

465 739 580 795 tuaa
607 751 914 798 accessum
948 753 1082 800 esse
1112 756 1292 818 super
1319 738 1530 811 caelos,
1557 745 1615 799 et
1639 737 2022 798 considerare
2045 747 2102 801 te
2185 754 2326 796 num
2347 755 2479 798 cum
2508 738 2594 798 his
2614 737 2715 819 qui
2747 737 3019 800 habitant
3041 737 3120 799 ibi
3145 759 3160 819 ;
3185 738 3335 800 istud
3365 749 3543 802 autem
3564 743 3756 805 visibile

466 841 646 903 posse
674 844 805 906 quze
835 827 959 888 illic
989 837 1147 902 sunt,
1183 837 1356 909 atque
1401 827 1707 890 immensa:
1740 827 1902 890 illius
1951 827 2101 889 lucis
2183 823 2242 885 in
2285 828 2806 889 consummatione
2851 827 3055 890 saeculi
3112 828 3511 890 resolvendum
3556 848 3670 892 esse
3712 843 3758 893 ct

466 911 777 976 scientiam
808 934 1050 996 capere,
1083 925 1222 998 puto
1256 918 1308 979 ei
1341 917 1438 998 qui
1463 916 1561 977 illa
1593 924 1786 995 potest
1814 934 2097 997 compre—

466 1002 755 1078 hendere,
778 1005 1007 1068 facilius
1038 1025 1170 1070 esse
1195 1016 1258 1069 ut
1289 1023 1530 1070 sensum
1587 1025 1756 1068 suum
1806 1008 1906 1088 qui
1958 1007 2098 1068 illuc

465 1093 623 1153 novit
642 1095 1061 1167 ascendere,in
1077 1097 1325 1176 alicujus
1339 1105 1603 1158 nostrum
1620 1096 1720 1173 qui
1736 1097 2094 1177 assistimus,

463 1199 566 1242 cor
581 1191 638 1245 et
662 1191 868 1262 pectus
890 1185 1114 1264 injiciat
1139 1195 1196 1248 et
1219 1187 1396 1268 dicat,
1424 1206 1571 1264 quas
1593 1186 1654 1248 in
1687 1206 1756 1250 eo
1779 1187 2094 1267 cogitatio-

460 1289 571 1332 nes
607 1281 793 1350 gerat.
859 1273 919 1337 Si
973 1294 1111 1355 ergo
1167 1286 1332 1357 potes
1390 1278 1642 1357 alicujus
1672 1285 1961 1356 nostrum,
1994 1276 2095 1356 qui

462 1368 658 1422 tamen
695 1381 811 1424 non
870 1365 945 1427 sit
1003 1384 1140 1445 erga
1192 1367 1455 1430 favorem
1519 1377 1682 1429 tuum
1744 1376 2090 1446 occupatus,

465 1451 776 1514 enuntiare
804 1455 1192 1533 cogitationes
1231 1457 1448 1532 cordis,
1483 1457 1809 1537 poterimus
1841 1456 1943 1518 tibi
1973 1457 2096 1517 for—

460 1547 614 1601 tasse
643 1542 914 1623 credere,
948 1546 1106 1623 quod
1142 1556 1199 1608 et
1230 1565 1300 1608 ea
1330 1565 1461 1628 qua;
1503 1565 1682 1626 super
1724 1547 1906 1608 ccelos
1936 1555 2094 1620 sunt,

461 1630 617 1692 scire
653 1634 938 1709 potueris,
977 1636 1111 1697 licet
1147 1637 1245 1698 illa
1279 1637 1461 1698 multo
1488 1637 1602 1697 sint
1633 1636 1906 1698 celsiora.

545 1721 742 1815 LXVI.
775 1724 863 1786 Ad
899 1725 1022 1787 haec
1046 1728 1285 1789 Simon:
1317 1727 1427 1800 Qui
1454 1745 1617 1800 vero,
1643 1727 1855 1807 inquit,
1885 1726 2098 1787 multas
2122 1765 2159 1815 Β

461 1811 684 1873 ηωηὶθδ
718 1815 977 1886 texuisti,
1009 1817 1147 1877 audi
1189 1818 1311 1897 jam
1364 1836 1542 1879 nunc.
1584 1816 1959 1897 Impossibile
2008 1824 2097 1876 est

460 1919 638 1962 omne
669 1904 822 1982 quod
852 1904 923 1965 ad
957 1907 1371 1982 cogitationem
1406 1906 1666 1967 hominis
1698 1908 1946 1986 venerit,
1977 1925 2093 1966 non

460 1990 637 2050 etiam
661 2011 726 2053 re
745 1995 872 2071 ipsa
894 2013 962 2055 ac
987 1997 1227 2057 veritate
1246 1999 1615 2076 subsistere;
1644 2013 1777 2074 quae
1795 1995 1950 2056 enim
1978 2014 2096 2056 non

455 2078 808 2164 subsistunt,
822 2103 930 2145 nec
946 2088 1201 2165 speciem
1225 2086 1605 2166 hahent,quaz
1627 2093 1820 2146 autem
1835 2086 2095 2164 Speciem

2183 916 2456 996 transire,
2491 925 2554 978 ut
2583 916 2731 978 illud
2786 917 3000 979 coelum
3056 917 3213 998 quod
3273 925 3360 979 est
3409 919 3672 999 antiquius
3710 931 3761 983 et

2181 1004 2473 1066 excelsius
2505 1014 2635 1085 post
2654 1005 2953 1086 judicium
2983 1006 3206 1067 sanctis
3223 1014 3281 1067 et
3300 1005 3485 1082 dignis
3503 1018 3754 1089 appareat.

2178 1091 2264 1153 Ad
2291 1094 2417 1156 haec
2438 1093 2643 1156 Simon
2662 1094 2970 1175 respondit
2994 1113 3007 1157 :
3037 1098 3178 1158 Hec
3200 1095 3283 1159 ita
3304 1113 3450 1170 esse,
3473 1106 3530 1157 ut
3548 1106 3600 1159 tu
3619 1097 3757 1172 dicis,

2180 1182 2574 1246 credentibus
2608 1185 2839 1264 possint
2897 1184 3114 1257 videri,
3151 1185 3203 1246 ei
3255 1193 3442 1248 autem
3471 1187 3563 1266 qui
3587 1187 3759 1248 borum

2181 1281 2483 1354 exspectat
2511 1275 3184 1354 rationes,impossibile
3213 1284 3302 1338 est
3323 1294 3388 1338 ex
3411 1276 3530 1355 lege
3553 1277 3761 1358 proferri

2182 1371 2240 1424 et
2266 1363 2565 1442 praecipue
2597 1364 2670 1426 de
2705 1364 3111 1426 immensitate
3141 1365 3314 1426 lucis.

2263 1454 2468 1518 LXIX.
2498 1455 2568 1517 Et
2599 1455 2844 1518 Petrus:
2869 1455 3026 1528 Noli,
3056 1457 3272 1535 inquit,
3303 1465 3499 1537 putare
3522 1475 3622 1519 nos
3641 1457 3766 1538 quod

2183 1545 2307 1606 haec
2341 1546 2454 1608 ﬁde
2489 1546 2615 1608 sola
2645 1547 2990 1624 recipienda
3020 1563 3152 1610 esse
3174 1547 3462 1628 dicamus,
3495 1547 3588 1608 sed
3619 1557 3670 1608 et
3691 1566 3768 1607 ra-

2183 1635 2346 1696 tione
2364 1636 2708 1699 asserenda.
2745 1638 2954 1715 Neque
2979 1642 3136 1698 enim
3163 1645 3351 1698 tutum
3375 1645 3458 1699 est
3480 1636 3638 1698 nuda:
3670 1637 3769 1698 haec

2183 1726 2318 1786 ﬁdei
2341 1725 2566 1801 absque
2591 1726 2822 1788 ratione
2848 1728 3245 1799 committere,
3271 1746 3403 1788 cum
3433 1726 3618 1807 utique
3643 1726 3771 1787 veri-

2182 1823 2269 1876 tas
2295 1815 2524 1879 ratione
2557 1835 2675 1876 non
2709 1825 2926 1878 careat.
2965 1817 3040 1878 Et
3071 1817 3202 1878 ideo
3226 1817 3283 1866 79
3307 1817 3407 1897 qui
3437 1815 3539 1878 hac
3582 1815 3773 1877 ratione

2183 1904 2409 1965 munita
2441 1906 2795 1986 susceperit,
2834 1905 3085 1985 perdere
3130 1926 3201 1968 ea
3245 1924 3538 1985 nunquam
3590 1914 3768 1985 potest,

2182 1996 2281 2074 qui
2305 2013 2442 2054 vero
2466 1995 2694 2072 absque
2715 1997 3152 2057 assertionibus
3169 2015 3237 2057 ea
3254 1996 3503 2075 suscipit
3533 1994 3774 2074 simplicis

2182 2084 2481 2144 sermonis
2504 2102 2978 2164 assensu,neque
2993 2103 3235 2146 servare
3256 2104 3327 2146 ea
3354 2092 3474 2145 tuto
3499 2093 3779 2162 potest,ne-

461 2186 577 2257 non
617 2170 857 2250 habent,
886 2193 992 2236 nec
1025 2177 1357 2254 cogitationi
1391 2185 1637 2257 possunt
1662 2193 2000 2236 occurrere.
2031 2175 2101 2236 Et
2183 2192 2298 2252 que
2324 2173 2372 2233 si
2397 2193 2534 2235 vera
2564 2176 2897 2235 sintcertus
2923 2176 3180 2254 est,quia
3205 2175 3307 2253 qui
3331 2174 3504 2235 facile
3526 2172 3778 2234 creditfa-

459 2255 705 2323 Petrus:
741 2264 802 2325 Si
861 2284 1059 2339 omne,
1097 2268 1304 2346 inquit,
1339 2255 1499 2342 quod
1550 2268 1620 2326 ad
1673 2265 2089 2342 cogitationem

455 2350 658 2412 venire
711 2363 927 2432 potest,
964 2355 1246 2428 subsistit,
1284 2357 1458 2417 istum
1513 2373 1687 2435 quem
1750 2355 1901 2415 dicis
1931 2363 2091 2415 extra

454 2439 738 2502 mundum
763 2461 898 2505 esse
920 2444 1343 2508 immensitatis
1371 2448 1588 2524 locum,
1611 2445 1658 2505 si
1693 2462 1828 2505 eum
1865 2444 1998 2525 quis
2029 2444 2086 2504 in

452 2527 634 2590 corde
651 2547 759 2592 suo
783 2531 986 2594 lumen
1025 2553 1155 2596 esse
1189 2536 1423 2614 cogitet.
1452 2534 1602 2596 alius
1627 2552 1760 2595 vero
1786 2533 2084 2609 tenebras,

452 2620 751 2690 quomodo
776 2623 1152 2701 poteritunus
1173 2631 1354 2701 atque
1378 2625 1534 2685 idem
1561 2625 1729 2685 locus
1756 2625 2084 2685 secundum

454 2721 577 2776 eos,
613 2709 712 2787 qui
745 2711 977 2774 diversa
1007 2711 1080 2775 de
1121 2733 1192 2775 eo
1242 2713 1598 2793 cogitarunt,
1630 2724 1685 2775 et
1720 2714 1920 2775 lumen
1954 2732 2086 2776 esse

452 2801 511 2852 et
543 2796 852 2860 tenebrae?
910 2801 979 2862 Et
1036 2801 1283 2865 Simon:
1327 2803 1549 2864 Omitte
1605 2821 1761 2864 nunc
1793 2803 1904 2864 ista
1956 2823 2086 2884 quae

455 2900 563 2961 ego
593 2887 734 2960 dixi,
772 2898 830 2950 tu
863 2891 1009 2970 quid
1040 2910 1170 2956 esse
1213 2900 1383 2972 putes
1438 2910 1618 2973 super
1647 2893 1830 2954 cozlos
1861 2892 2041 2954 dicito
2060 2902 2086 2956 ?

535 2975 757 3043 LXVII.
796 2981 870 3042 Et
925 2979 1176 3045 Petrus:
1231 2982 1292 3044 Si
1351 2982 1426 3044 dc
1483 2999 1645 3056 vero,
1683 2981 1894 3062 inquit,
1927 2983 2089 3044 fonte

2175 2262 2291 2323 cile
2313 2272 2371 2323 et
2393 2263 2643 2327 recedit:
2669 2264 2768 2344 qui
2794 2273 2990 2325 autem
3013 2264 3308 2324 rationem
3336 2264 3588 2344 quaesivit
3608 2280 3780 2322 eorum

2174 2370 2308 2428 quae
2331 2353 2610 2432 credidit,
2639 2363 2695 2414 et
2719 2353 2968 2433 accepit,
2998 2353 3165 2434 quasi
3194 2353 3449 2414 vinculis
3472 2351 3778 2431 quibusdam

2172 2442 2422 2504 rationis
2477 2443 2664 2523 ipsius
2713 2444 3046 2522 colligatus,
3079 2462 3387 2523 nunquam
3446 2443 3516 2503 ab
3570 2442 3652 2503 his
3679 2458 3786 2519 quas

2172 2533 2447 2614 credidit,
2477 2534 2677 2596 divelli
2703 2543 2801 2595 aut
2826 2534 3088 2612 separari
3117 2542 3333 2614 potest.
3361 2532 3434 2594 Et
3453 2532 3580 2593 ideo
3599 2537 3782 2611 quanto

2170 2622 2304 2701 quis
2324 2625 2667 2704 propiusior
2707 2625 2888 2686 fuerit
2916 2624 2974 2683 in
3007 2624 3346 2704 expetenda
3374 2622 3622 2695 ratione,
3644 2629 3780 2682 tanto

2171 2710 2282 2772 erit
2312 2712 2538 2774 ﬁrmior
2569 2712 2628 2772 in
2661 2714 3066 2774 conservanda
3096 2714 3236 2774 ﬁde.

2255 2801 2429 2866 LXX.
2449 2803 2534 2864 Ad
2555 2803 2678 2865 haec
2699 2803 2902 2865 Simon
2933 2826 2946 2866 :
2980 2808 3254 2882 Magnum
3282 2816 3400 2884 est,
3427 2803 3630 2884 inquit,
3652 2797 3786 2881 quod

2171 2895 2534 2973 repromittis
2567 2904 2627 2955 ut
2662 2895 2974 2956 immensae
3021 2895 3170 2956 lucis
3224 2894 3526 2956 aeternitas
3576 2912 3640 2954 ex
3679 2890 3788 2967 lege

2175 2982 2363 3062 possit
2392 2984 2649 3045 ostcndi.
2689 2985 2955 3064 Cumque
2986 2983 3199 3046 Petrus
3227 2984 3522 3046 dixisset:
3570 2979 3790 3056 Quando

456 3063 704 3130 lnmiuis
729 3069 1028 3143 crederes,
1052 3090 1284 3152 possem
1311 3081 1366 3134 te
1398 3071 1639 3142 docere,
1674 3072 1812 3153 quid
1847 3081 1903 3132 et
1934 3091 2086 3152 quo-
2111 3077 2150 3127 C
2176 3072 2459 3153 volueris,
2485 3075 2689 3135 Simon
2712 3076 2790 3135 ait
2816 3096 2828 3137 :
2855 3063 3143 3147 Quoniam
3180 3075 3330 3136 hora
3345 3076 3470 3154 jam
3507 3073 3679 3134 multa
3697 3077 3790 3145 est,

458 3155 633 3218 modo
669 3168 826 3220 esset
859 3160 1013 3241 quod
1062 3161 1418 3223 immensum
1454 3168 1565 3243 est,
1601 3170 1658 3223 et
1689 3179 1803 3222 non
1834 3162 2086 3240 phanta-

455 3243 602 3308 siam
635 3266 869 3329 vanam,
903 3250 1007 3311 sed
1065 3269 1281 3330 conseq
1313 3259 1525 3312 tentem
1586 3259 1644 3312 et
1691 3254 2088 3313 necessariam

452 3337 741 3398 rationem
770 3339 1082 3403 redderem
1109 3341 1512 3415 veritatis,nec
1539 3340 1976 3402 assertionibus
1999 3361 2091 3401 so-

455 3425 746 3505 pbisticis,
773 3429 876 3490 sed
897 3430 1044 3509 legis
1068 3439 1126 3492 et
1148 3438 1283 3492 natu
1297 3450 1375 3492 ΗΒ
1400 3431 1757 3492 testimoniis
1777 3439 1999 3504 uterer,
2027 3438 2092 3492 ut

450 3515 637 3577 scires
665 3518 805 3598 quia
836 3519 1252 3582 immensitatis
1286 3521 1459 3581 ﬁdem
1493 3521 1790 3600 przecipue
1822 3521 2092 3582 continet

454 3603 566 3666 lex.
601 3608 771 3681 Quod
804 3608 852 3670 si
887 3609 1304 3673 immensitatis
1353 3611 1504 3674 ratio
1545 3630 1663 3671 non
1696 3611 1838 3672 latet
1870 3610 2087 3690 legem,

453 3696 603 3758 nihil
634 3699 896 3777 profecto
929 3700 1085 3760 aliud
1115 3719 1243 3762 eam
1272 3701 1457 3763 latere
1489 3708 1704 3781 potest,
1727 3710 1784 3762 et
1817 3699 1954 3762 ideo
1989 3701 2092 3762 fal-

451 3804 581 3846 sum
609 3797 720 3861 est,
757 3789 912 3868 quod
946 3791 1161 3869 putasti
1201 3810 1333 3853 esse
1390 3790 1614 3871 aliquid
1667 3791 1823 3872 quod
1857 3792 2089 3870 ignoret

452 3875 568 3936 lex.
603 3878 786 3938 Multo
803 3889 999 3941 autem
1019 3881 1434 3960 ampliusnihil
1462 3881 1665 3942 latebit
1685 3899 1846 3954 eum,
1875 3881 1973 3961 qui
1999 3881 2084 3942 le-

450 3984 580 4044 gem
615 3967 802 4029 dedit.
825 3971 947 4031 Nec
978 3981 1171 4032 tamen
1208 3989 1443 4050 possum
1476 3970 1582 4032 tibi
1607 3969 1826 4051 aliquid
1861 3971 1934 4032 de
1968 3971 2084 4030 im-

453 4059 764 4119 mensitate
786 4068 843 4119 et
862 4059 951 4119 his
979 4080 1111 4140 quae
1130 4061 1259 4122 sine
1283 4062 1401 4124 ﬁne
1420 4071 1560 4123 sunt
1577 4062 1762 4143 loqui,
1789 4062 1900 4122 nisi
1921 4064 2087 4140 prius

450 4145 525 4207 de
553 4146 663 4220 his,
687 4150 783 4228 qui
809 4158 969 4210 certo
989 4150 1106 4210 ﬁne
1130 4153 1532 4213 terminantur
1564 4151 1753 4223 caelis,
1792 4151 2084 4212 rationem

448 4238 538 4297 vel
573 4239 878 4318 receperis
914 4250 1200 4312 nostram,
1238 4242 1324 4302 vel
1383 4243 1506 4320 ipse
1555 4241 1874 4321 protuleris
1907 4249 2086 4302 tuam.

449 4327 615 4400 Quod
638 4330 684 4389 si
704 4330 778 4391 de
799 4330 1032 4412 hisquze
1049 4332 1224 4392 certis
1245 4330 1460 4392 ﬁnibus
1473 4330 2092 4391 concludunturintel-

2175 3163 2439 3225 crastino
2461 3165 2675 3226 astanti
2703 3165 2846 3226 milii
2871 3174 2930 3226 et
2950 3163 3314 3244 renitenti,si
3345 3165 3596 3245 probare
3621 3169 3794 3242 potue-

2173 3253 2254 3314 ris
2284 3252 2499 3314 factum
2534 3271 2668 3314 esse
2701 3255 2858 3314 hunc
2894 3252 3181 3314 mundum
3211 3262 3271 3313 et
3301 3253 3532 3313 animas
3562 3249 3796 3311 esseim-

2179 3341 2736 3418 mortales,habebis
2759 3343 3200 3423 meadjutorem
3219 3341 3792 3422 praedicationistua.

2177 3431 2245 3493 Et
2269 3451 2400 3494 cum
2426 3433 2550 3494 haec
2571 3431 3128 3511 dixisset,egressus
3147 3438 3261 3510 est,
3285 3442 3495 3494 secuta
3514 3436 3699 3495 autem
3723 3436 3798 3490 est

2177 3540 2309 3583 eum
2345 3541 2412 3584 ex
2448 3522 2610 3583 omni
2635 3522 2851 3602 populo
2882 3522 2984 3603 qui
3033 3540 3168 3582 cum
3233 3522 3366 3601 ipso
3415 3527 3653 3582 venerat
3681 3533 3799 3597 pars

2179 3612 2369 3685 tertia,
2403 3613 2509 3692 qui
2531 3619 2700 3673 erant
2724 3612 2891 3692 quasi
2917 3611 3080 3672 mille
3113 3611 3241 3683 viri;
3263 3611 3470 3673 czeteri
3491 3627 3626 3670 vero
3648 3605 3802 3668 flexis

2174 3700 2427 3780 genibus
2452 3702 2830 3782 prostrabunt
2855 3720 2920 3763 se
2945 3703 3342 3780 Petro,super
3363 3719 3514 3781 quos
3537 3698 3633 3762 ille
3657 3697 3800 3756 invo-

2172 3801 2299 3852 cato
2323 3791 2428 3852 Dei
2457 3790 2722 3865 nomine,
2753 3791 2899 3852 alios
2927 3790 3222 3852 daemonia
3254 3790 3548 3852 habentes
3577 3786 3798 3858 curavit,

2170 3881 2317 3942 alios
2340 3881 2518 3942 etiam
2548 3881 2899 3960 languentes
2919 3881 3169 3953 sanavit,
3196 3889 3254 3942 et
3281 3881 3361 3940 ita
3391 3881 3681 3942 laetantem
3706 3893 3803 3954 po-

2174 3973 2373 4049 pulum
2400 3970 2651 4050 dimisit,
2683 3973 2970 4034 mandans
2993 3971 3105 4050 eis,
3135 3972 3276 4032 utin
3305 3970 3638 4032 crastinum
3665 3966 3805 4026 diem

2175 4062 2466 4122 maturius
2491 4061 2904 4125 convenirent.
2944 4065 3149 4124 Petrus
3181 4077 3320 4122 vero
3353 4079 3491 4122 cum
3526 4055 3799 4122 recessis-

2174 4160 2306 4212 sent
2337 4150 2544 4224 turbze,
2573 4155 2758 4213 sterni
2783 4153 2961 4232 jussit
2989 4150 3150 4212 humi
3185 4150 3298 4213 sub
3322 4168 3468 4211 aere
3498 4147 3632 4210 atrii
3660 4144 3802 4206 nudo

2172 4241 2271 4302 ubi
2303 4240 2498 4302 fuerat
2529 4242 2919 4322 disputatum,
2955 4251 3011 4302 et
3043 4240 3322 4303 recubuit
3372 4258 3494 4302 una
3538 4255 3668 4300 cum
3700 4233 3806 4295 illis

2176 4330 2477 4409 undecim,
2514 4351 2620 4409 ego
2653 4349 2789 4392 vero
2842 4351 2978 4392 cum
3034 4333 3163 4393 aliis
3211 4329 3598 4410 quibusdam,
3633 4326 3728 4402 qui
3759 4330 3810 4384 et

449 4416 637 4492 ligere
671 4438 787 4480 non
822 4431 1010 4500 potes,
1042 4423 1224 4483 multo
1255 4422 1439 4500 magis
1461 4421 1644 4482 dehis
1669 4439 1799 4500 quae
1821 4420 1948 4480 sine
1973 4419 2090 4481 ﬁne
2115 4444 2155 4492 ο
2177 4420 2287 4499 ipsi
2319 4420 2488 4481 initia
2527 4421 2809 4481 audiendi
2842 4421 3002 4482 verbi
3040 4421 3146 4482 Dei
3177 4428 3542 4501 acceperant
3573 4424 3630 4478 et
3657 4420 3810 4475 erant

449 4516 609 4580 sunt,
645 4526 840 4586 neque
871 4511 1025 4570 scire
1057 4512 1275 4591 aliquid
1317 4511 1536 4590 poteris
1588 4528 1781 4589 teque
1831 4509 2083 4570 discere.

531 4598 876 4662 LXVIIIAd
901 4601 1024 4663 haec
1055 4605 1280 4666 Simon:
1315 4602 1551 4682 Melius,
1578 4600 1835 4673 ail,mihi
1854 4599 2093 4661 videtur

449 4688 802 4768 simpliciter
830 4690 1098 4763 credere,
1135 4691 1270 4772 quia
1302 4695 1459 4755 Deus
1490 4701 1600 4764 est,
1633 4702 1690 4753 et
1732 4690 1869 4772 quia
1897 4690 2084 4750 solum

447 4779 599 4839 istud
623 4780 780 4859 quod
801 4780 1094 4854 videmus,
1119 4782 1198 4843 sit
1217 4782 1431 4842 caelum
1459 4781 1518 4842 in
1542 4782 1816 4841 universo
1839 4778 2084 4840 mundo.

446 4869 517 4931 Et
534 4871 903 4933 Petrus:Non
919 4871 1337 4951 ita,inquit,sed
1357 4891 1536 4932 unum
1557 4871 1799 4951 quidem
1821 4869 2089 4930 conﬁteri

447 4961 720 5022 convenit
746 4963 930 5024 Deum
955 4961 1207 5042 quivere
1231 4970 1324 5024 est
1348 4981 1364 5037 ;
1391 4962 1572 5024 caelos
1595 4969 1790 5022 autem
1813 4977 1948 5020 esse
1973 4958 2089 5037 (79)

2175 4511 2534 4589 cliarissimi,
2564 4510 2924 4572 recumbens
2957 4512 3266 4571 sumebam
3311 4511 3541 4571 cibum.

2253 4597 2451 4662 LXXI.
2470 4599 2585 4660 Sed
2609 4599 3073 4678 benignissimus
3097 4597 3303 4660 Petrus
3321 4596 3811 4670 considerans,ne

2172 4688 2324 4749 forte
2355 4689 2648 4749 tristitiam
2690 4689 2835 4750 mihi
2863 4688 3112 4750 inferret
3154 4690 3262 4750 ista
3293 4684 3716 4768 sequestratio,
3741 4679 3816 4740 ait

2173 4781 2244 4841 ad
2281 4799 2373 4840 me
2403 4798 2415 4841 :
2451 4780 2578 4843 Non
2613 4799 2717 4862 pro
2749 4784 3107 4861 snperbia,o
3136 4780 3436 4854 Clemens,
3479 4774 3806 4862 convivium

2175 4890 2291 4931 non
2326 4890 2434 4950 ago
2468 4861 2719 4934 cumbis
2746 4871 2846 4949 qui
2876 4871 3136 4932 nondum
3169 4870 3472 4951 puriﬁcati
3517 4872 3680 4935 sunt,
3713 4861 3811 4922 sed

2174 4979 2384 5022 vereor
2415 4981 2488 5023 ne
2519 4963 2672 5024 forte
2702 4961 2844 5021 mihi
2875 4961 3116 5041 quidem
3154 4979 3426 5036 noceam,
3454 4960 3604 5040 ipsis
3624 4962 3810 5016 autem

528 5201 577 5243 ⁵⁸
604 5201 687 5265 Et
716 5203 1218 5282 ideo—separari
1244 5211 1438 5283 potest
1467 5202 1891 5264 desiderantur
1925 5201 1980 5259 in
2028 5213 2282 5283 utroque
2314 5203 2450 5266 cod.
2487 5203 2645 5282 Lips.

1780 5421 2174 5486 COTELERII
2219 5421 2467 5486 NOT/E.

515 5643 624 5713 (79)
656 5644 825 5702 Caelo:
882 5653 1060 5701 autem
1106 5663 1232 5701 esse.
1291 5645 1366 5703 De
1414 5644 1558 5704 cmlo
1605 5654 1658 5703 et
1695 5641 1849 5700 cmlis
1909 5643 2084 5701 multa

445 5715 864 5789 sanctiPatres,
890 5728 1058 5789 atque
1086 5719 1371 5775 contraria
1417 5734 1430 5774 :
1473 5717 1694 5789 sedes,
1725 5725 1787 5773 ut
1819 5723 1874 5772 et
1907 5715 2086 5789 majo-

454 5795 566 5857 ‘qm
595 5782 1031 5855 Recoguitionu'm
1067 5797 1301 5859 partem,
1337 5788 1492 5861 quod
1538 5787 1607 5844 ad
1645 5782 1928 5845 humanas
1970 5782 2090 5844 dis-

2170 5643 2412 5727 ciplinas
2443 5641 2628 5713 potius
2655 5647 2929 5724 spectent,
2967 5657 3142 5714 quam
3182 5642 3253 5700 ad
3279 5641 3656 5714 theologiam,
3679 5638 3822 5700 notis

2171 5713 2519 5774 illustratum
2541 5727 2656 5771 non
2698 5715 2867 5770 imus.
