4054 6214
226 149 373 215 1281
1414 145 1870 216 ΒΕΟΟὓΝΙΤΙΟ

1960 152 2041 213 JM
2089 148 2255 212 LIB-
2283 150 2389 214 ΠΙ.
3430 156 3601 222 12Βὲ

228 285 374 347 nihil
400 282 972 364 prosim.llocenim
1000 302 1104 362 pro
1126 284 1463 345 certoscire
1488 296 1544 345 te
1570 285 1929 367 volo,quia.A
1953 292 2040 344 tra
2098 283 2455 346 voluntatem
2516 286 2649 364 ejus
2723 286 2944 350 habitat
2989 287 3048 348 in
3107 305 3178 349 eo
3241 287 3502 366 daemon,
3538 299 3599 354 et

227 372 424 435 omnis
454 371 553 450 qui
585 369 745 431 idola
768 369 951 432 coluit
976 370 1320 452 aliquando,
1350 382 1405 434 et
1452 385 1554 435 eos
1582 393 1731 452 quos
1761 391 1866 453 pa—
1951 371 2087 434 ideo
2111 372 2165 416 75
2191 373 2242 435 si
2272 393 2407 435 eum
2439 373 2572 454 quis
2616 375 2819 452 fugare
2874 376 3018 437 velit
3075 385 3133 437 et
3191 378 3493 455 expellere
3523 382 3595 441 ab

223 464 365 546 gani
390 461 703 524 nominant
733 462 903 536 deos,
935 463 1309 525 adoravitvel
1334 466 1407 526 de
1429 467 1749 528 immolatis
1766 485 1869 528 eo-
1953 481 2047 543 eo,
2083 483 2215 524 cum
2248 464 2322 524 sit
2357 464 2792 545 inseparabilis,
2828 475 2905 539 et,
2942 476 3004 526 ut
3038 467 3117 528 ita
3146 466 3363 548 dicam,
3396 470 3599 532 anima

220 573 356 616 rum
376 552 1277 633 degustavit,spirituimmundo
1298 575 1414 617 non
1439 558 1871 636 caret;conviva
1944 552 2071 632 jam
2105 556 2235 631 ejus
2267 554 2537 625 effectus,
2575 552 2872 616 videbitur
2902 554 3092 633 magis
3136 574 3350 619 necare
3380 579 3515 621 eum
3541 569 3598 622 et

225 644 389 708 enim
419 643 607 705 factus
635 651 727 704 est
750 643 1178 716 dmmonunnet
1214 646 1592 726 participium
1620 649 1877 726 sumpsit
1965 640 2271 704 homicidii
2303 642 2531 704 crimen
2574 643 2907 707 incurrere.
2933 642 3120 705 Nemo
3151 663 3292 724 ergo
3337 659 3597 712 vestrum

226 735 363 813 ejus
393 733 684 793 daemonis
715 733 889 812 cujus
916 737 974 794 in
1010 742 1207 794 mente
1236 754 1344 795 sua
1375 738 1665 814 speciem,
1691 738 1782 797 vel
1808 740 1876 795 ti-

228 841 398 884 more
434 821 522 883 vel
552 840 757 883 amore
790 824 1062 884 formavit
1091 821 1165 881 73.
1202 822 1272 885 Et
1298 842 1403 904 per
1446 824 1571 886 haec
1624 829 1878 886 mundus

229 931 349 973 non
377 921 467 973 est
495 930 530 971 a
560 910 773 990 spiritu
803 911 1137 993 immundo,
1173 923 1232 973 et
1282 913 1418 975 ideo
1469 915 1876 993 purificatione

224 1002 455 1079 indiget
479 1000 849 1079 baptismi,ut
867 1017 1032 1063 exeat
1056 1004 1129 1064 ab
1147 1022 1217 1065 eo
1234 1004 1486 1083 spiritus
1506 1002 1873 1076 immundus,

226 1090 332 1171 qui
366 1090 686 1152 interiores
716 1092 933 1153 animae
964 1092 1153 1170 ipsius
1199 1093 1419 1154 insedit
1442 1093 1689 1156 aﬂ‘ectus
1709 1093 1785 1169 τι,
1820 1104 1879 1155 et

226 1181 385 1261 quod
411 1189 498 1241 est
519 1179 926 1250 deterius,nec
950 1184 1107 1261 quod
1132 1182 1497 1244 intrinsecus
1517 1182 1693 1247 lateat
1712 1183 1874 1245 indi-

227 1279 418 1340 catur,
451 1270 531 1331 uti
567 1286 642 1329 ne
674 1270 1012 1349 publicatus
1044 1271 1302 1350 fugetur.

309 1357 531 1422 LXXII.
566 1358 784 1421 Amant
832 1360 989 1424 enim
1027 1361 1123 1422 isti
1155 1360 1401 1440 spiritus
1453 1362 1747 1424 immundi
1781 1364 1873 1425 in-

228 1450 459 1512 haerere
472 1449 824 1529 corporibus
844 1451 1147 1512 hominum
1162 1501 1173 1525 ,
1187 1459 1247 1511 ut
1264 1452 1527 1531 ipsorum
1555 1473 1583 1512 :t
1611 1453 1877 1514 inisterio

226 1537 583 1618 cupiditates
604 1556 742 1599 suas
766 1539 1133 1620 expleant,et
1152 1541 1224 1602 ad
1251 1559 1323 1602 ea
1345 1560 1475 1622 quae
1496 1541 1607 1622 ipsi
1632 1541 1877 1603 deside-

1961 731 2348 793 contristetur
2376 749 2408 791 a
2439 732 2707 793 convivio
2746 743 2950 795 nostro
2978 742 3309 815 separatus,
3334 743 3601 817 tempore

1961 822 2118 882 enim
2170 820 2369 900 aliquo
2401 820 2719 882 observare
2765 822 2946 883 debet
2999 824 3404 904 unusquisque
3459 844 3602 888 sane

1961 919 2180 989 quanto
2210 910 2337 989 ipse
2370 910 2641 972 voluerit.
2676 908 2859 971 Parvo
2890 910 3048 971 enim
3081 920 3355 992 tempore
3378 932 3600 995 seque-

1962 1008 2180 1061 stratur
2199 999 2300 1079 qui
2322 999 2441 1061 cito
2468 1001 2718 1062 voluerit
2738 1000 3042 1080 baptizari,
3073 1002 3257 1062 multo
3276 1011 3474 1064 autem
3499 1004 3599 1084 qui

1963 1089 2203 1150 tardius
2236 1087 2654 1170 Unusquisque
2684 1108 2824 1169 ergo
2858 1090 2917 1150 in
2948 1109 3054 1153 sua
3080 1090 3260 1152 habet
3286 1102 3597 1173 potestate,

1962 1178 2145 1240 breve
2172 1188 2268 1239 aut
2302 1178 2541 1257 longum
2585 1179 2947 1259 pmnitentite
2999 1196 3123 1241 suae
3180 1189 3413 1261 tempus
3470 1183 3601 1245 exi-

1961 1281 2192 1348 gere,et
2221 1269 2353 1331 ideo
2378 1270 2433 1331 in
2463 1269 2628 1330 vobis
2649 1269 3007 1349 est,quando
3033 1269 3223 1330 velitis
3239 1274 3312 1330 ad
3336 1283 3597 1334 nostram

1962 1359 2283 1420 convenire
2317 1377 2611 1438 mensam,
2646 1369 2704 1419 et
2736 1378 2854 1420 non
2891 1359 2954 1419 in
2985 1357 3182 1440 nobis,
3216 1359 3429 1440 quibus
3460 1380 3600 1441 per-

1964 1452 2208 1510 missum
2238 1468 2355 1510 non
2386 1455 2480 1512 est
2510 1467 2747 1511 sumere
2787 1467 2922 1510 cum
2975 1448 3173 1529 aliquo
3228 1449 3455 1531 cibum,
3489 1452 3602 1515 nisi

1961 1538 2141 1601 fuerit
2167 1539 2520 1618 baptizatus.
2556 1539 2676 1599 Vos
2707 1556 2849 1616 ergo
2881 1537 3067 1617 magis
3101 1556 3210 1601 nos
3271 1540 3604 1620 prohibetis

223 1636 357 1688 rant
379 1627 737 1689 inclinantes
766 1629 982 1691 animae
1014 1638 1232 1701 motus,
1264 1631 1384 1693 suis
1417 1649 1520 1692 eos
1553 1648 1763 1710 parere
1794 1631 1869 1694 li-
1896 1638 1931 1686 Β
1952 1648 1986 1690 a
2021 1638 2219 1690 vestro
2254 1628 2548 1707 convivio,
2582 1628 2633 1689 si
2667 1628 2739 1689 ad
2773 1628 3210 1710 purificandum
3266 1648 3463 1692 moras
3491 1631 3599 1693 ha-

222 1715 528 1779 bidinibus
550 1726 853 1795 cogant,ut
877 1718 1210 1781 efficiantur
1236 1739 1305 1781 ex
1335 1722 1562 1799 integro
1588 1740 1716 1781 ναεί
1746 1721 1870 1783 daa-

224 1826 496 1870 monum.
536 1805 616 1870 Ex
648 1809 866 1887 quibus
918 1827 1075 1871 unus
1103 1820 1195 1871 est
1231 1808 1435 1872 Simon
1469 1810 1588 1881 hic,
1621 1809 1723 1890 qui
1772 1811 1871 1872 tali

223 1898 482 1977 quodam
505 1897 716 1960 morbo
741 1898 1210 1978 comprehensus
1243 1918 1352 1961 nec
1381 1899 1576 1960 sanari
1601 1900 1725 1979 jam
1759 1919 1872 1981 po»

225 1996 369 2067 test,
388 1988 528 2067 quia
548 1990 849 2049 voluntate
875 1996 936 2049 et
958 1990 1267 2068 proposito
1299 1997 1563 2068 aegrotat.
1590 1992 1717 2053 Nec
1739 2008 1875 2051 con-

1956 1719 2149 1781 beatis
2176 1729 2231 1780 et
2255 1719 2482 1781 tardius
2506 1718 2909 1799 baptizemini.
2937 1716 3045 1781 His
3066 1718 3237 1781 dictis
3259 1739 3391 1782 cum
3414 1721 3600 1783 bene—

1955 1808 2225 1877 dixisset.
2254 1807 2451 1870 cibum
2488 1807 2768 1889 sumpsit.
2803 1807 2873 1870 Et
2902 1818 3034 1887 post
3060 1810 3186 1870 hinc
3216 1827 3351 1871 cum
3381 1810 3603 1888 gratias

1956 1898 2176 1977 egisset
2206 1899 2353 1980 Deo,
2388 1900 2694 1976 ingressus
2731 1896 2982 1978 quievit,
3007 1898 3291 1961 similiter
3319 1908 3517 1961 autem
3544 1908 3603 1962 et

1961 2007 2068 2049 nos
2100 2007 2333 2063 omnes,
2366 1998 2492 2050 erat
2525 1989 2681 2049 enim
2698 1988 2821 2067 jam
2857 2007 2995 2051 nox.

307 2145 361 2188 ’⁷³
392 2148 407 2206 l
433 2145 576 2230 got;
609 2148 799 2230 1,20.
885 2145 940 2189 ἠ
969 2148 1115 2221 Quae
1142 2161 1477 2229 sequuntur
1509 2149 1796 2212 vocabula
1824 2149 2117 2230 usquead
2148 2149 2328 2230 finem
2363 2150 2542 2229 hujus
2564 2168 2692 2230 cap.
2722 2148 2939 2211 desunt
2966 2149 3027 2211 in
3060 2148 3235 2212 codd.
3270 2148 3429 2230 Lips.
3463 2166 3597 2210 om-

224 2227 348 2290 nia.
431 2225 486 2270 ⁷⁵
517 2225 600 2289 Et
620 2225 1077 2290 ideo—crimen
1112 2225 1425 2294 incurrere
1455 2249 1570 2291 non
1603 2225 1993 2291 inveniuntur
2023 2229 2082 2290 in
2125 2228 2301 2291 codd.
2338 2225 2498 2312 Lips.

1410 2557 1779 2650 LIBER
1860 2555 2438 2652 TERTIUS.

310 2970 352 3031 Ι.
390 2968 632 3031 Interea
662 2972 868 3032 Petrus
908 2969 1202 3049 gallorum
1229 2966 1503 3030 cantibus
1532 2987 1784 3048 surgens
1818 2978 1875 3033 et
1893 2981 1933 3031 c
1958 2978 2313 3049 rumpantet
2334 2967 3010 3049 fatigentprmdicatores
3035 2969 3201 3032 verbi
3217 2973 3603 3055 Dei.Propter

219 3059 487 3121 excitare
521 3078 629 3120 nos
661 3059 865 3121 volens
896 3060 1120 3121 invenit
1164 3058 1499 3140 vigilantes,
1535 3060 1867 3139 vespertino

220 3148 419 3210 adhuc
447 3148 671 3210 lumine
690 3149 1078 3229 perdurante,
1099 3168 1352 3231 cumque
1374 3169 1444 3211 ex
1469 3167 1633 3211 more
1656 3150 1870 3212 saluta-

222 3236 403 3300 visset
423 3246 484 3298 et
506 3239 942 3303 resedissemus
969 3258 1202 3315 omnes,
1229 3239 1308 3301 ita
1329 3257 1572 3301 exorsus
1598 3247 1688 3300 est
1714 3260 1728 3303 :
1759 3238 1865 3301 Ni-

222 3328 301 3389 hil
337 3335 429 3389 est
458 3327 787 3405 difﬁcilius,
817 3328 1029 3391 fratres
1081 3330 1223 3404 mei,
1258 3347 1436 3405 quam
1489 3327 1565 3389 de
1623 3331 1868 3393 veritate

223 3417 383 3497 apud
400 3417 671 3497 permisti
689 3419 889 3498 populi
906 3418 1355 3481 multitudinem
1377 3417 1865 3499 disputare.Quod

224 3504 390 3567 enim
420 3512 535 3586 est,
569 3505 846 3569 omnibus
880 3516 947 3568 ut
976 3515 1068 3569 est
1096 3507 1216 3570 dici
1261 3525 1380 3568 non
1429 3506 1590 3579 licet,
1626 3513 1871 3588 propter

223 3613 331 3665 eos
352 3596 453 3675 qui
476 3595 735 3675 maligne
761 3605 821 3657 et
854 3597 1141 3661 insidiose
1175 3597 1464 3677 audiunt;
1496 3596 1702 3659 fallere
1734 3617 1870 3661 vero

225 3703 341 3745 non
357 3686 598 3765 expedit
623 3695 868 3767 propter
890 3705 995 3749 eos
1018 3688 1118 3769 qui
1143 3688 1377 3748 sincere
1402 3686 1608 3748 audire
1628 3689 1868 3750 deside—

219 3785 354 3836 rant
376 3772 712 3839 veritatem.
747 3776 857 3848 Qui
889 3794 1028 3856 ergo
1059 3778 1235 3840 faciet
1255 3777 1348 3839 cui
1374 3776 1452 3837 ad
1480 3776 1869 3841 indiscretum

220 3863 505 3944 populum
526 3883 729 3926 sermo
760 3873 885 3948 est;
912 3867 1171 3939 occultet
1199 3867 1359 3946 quod
1389 3884 1594 3926 verum
1634 3876 1722 3927 est
1742 3871 1771 3929 Υ
1802 3866 1871 3929 Et

222 3952 524 4033 quomodo
550 3954 804 4017 instruet
826 3974 929 4017 eos
946 3956 1046 4036 qui
1070 3955 1233 4035 digni
1249 3954 1543 4018 sunt?Sed
1568 3955 1616 4016 si
1644 3974 1864 4017 meram

222 4042 484 4123 proferat
511 4043 817 4106 veritatem
849 4044 945 4105 bis
994 4045 1094 4124 qui
1145 4045 1397 4107 salutem
1430 4044 1718 4124 consequi
1750 4064 1866 4106 non

225 4129 593 4212 desiderant,
618 4132 706 4193 illi
737 4151 771 4194 a
800 4152 919 4211 quo
955 4134 1173 4195 missus
1202 4144 1296 4195 est
1333 4132 1615 4211 injuriam
1646 4133 1805 4206 facit,
1837 4152 1871 4194 a

1954 3061 2113 3141 quod
2132 3068 2191 3122 et
2207 3079 2317 3139 ego
2343 3062 2400 3120 in
2417 3058 2687 3138 plurimis
2708 3057 2961 3120 circuitu
2976 3061 3231 3139 quodam
3254 3063 3601 3126 verbiutens

1957 3158 2183 3212 tentare
2214 3149 2468 3221 nitebar,
2488 3167 2565 3210 ne
2592 3146 2982 3229 principalem
3010 3149 3087 3210 de
3112 3169 3347 3215 summa
3374 3153 3603 3217 Divinin

1954 3248 2073 3301 tate
2104 3237 2559 3318 intelligentiam
2591 3238 2784 3299 minus
2816 3236 3009 3316 dignis
3039 3240 3285 3303 auribus
3318 3242 3597 3324 publica-

1952 3348 2106 3392 rem.
2130 3329 2201 3391 Et
2224 3329 2495 3411 posthaec
2523 3326 2816 3408 incipiens
2836 3327 2960 3406 (80)
2983 3327 3061 3389 de
3084 3330 3262 3394 Patre
3288 3340 3347 3394 et
3363 3331 3513 3395 Filio
3545 3342 3605 3394 et

1952 3420 2179 3501 Spiritu
2199 3417 2706 3494 sancto,breviter
2717 3415 2888 3478 nobis
2905 3427 2965 3481 et
2979 3418 3289 3483 evidenter
3300 3424 3596 3503 exposuit,

1955 3520 2018 3571 ut
2033 3529 2243 3574 omnes
2267 3508 2579 3572 audientes
2609 3507 2967 3570 miraremur
2986 3511 3284 3590 quomodo
3299 3513 3594 3588 homines,

1954 3600 2236 3662 derelicta
2273 3597 2541 3677 veritate,
2575 3597 2852 3659 conversi
2904 3606 3043 3659 sunt
3070 3599 3141 3659 ad
3177 3600 3516 3665 vanitatem.

2039 3688 2114 3753 ll.
2153 3687 2310 3767 |Haac
2345 3690 2519 3751 Petro
2543 3686 2783 3748 dicente
2803 3684 2858 3728 77
2884 3686 3008 3767 (81)
3034 3687 3250 3768 Aquila
3268 3690 3379 3751 ait:
3417 3693 3599 3755 Recte

1954 3780 2177 3853 dixisti,
2211 3787 2530 3860 propterea
2560 3776 2733 3838 nobis
2782 3777 2959 3839 dicito
2998 3795 3131 3857 quae
3159 3778 3421 3842 veritatis
3462 3789 3602 3842 sunt

1953 3868 2215 3951 propria.
2250 3867 2319 3929 Et
2350 3870 2562 3930 Petrus
2595 3882 2609 3929 :
2645 3864 2729 3926 De
2773 3866 2990 3946 quibus
3035 3866 3211 3928 vultis
3242 3869 3604 3950 interrogate

1955 3976 2071 4020 me.
2109 3956 2177 4019 Et
2206 3956 2425 4038 Aquila
2452 3955 2568 4018 ait:
2598 3956 2682 4018 De
2714 3955 3009 4037 principio
3041 3965 3099 4018 et
3128 3958 3438 4040 principiis
3471 3979 3601 4023 ver-

1953 4046 2093 4109 bum
2144 4046 2401 4127 disputa,
2430 4055 2490 4107 et
2535 4044 2612 4107 de
2642 4062 2712 4106 eo
2762 4046 2918 4126 quod
2968 4047 3361 4127 reprehendit
3387 4050 3597 4112 Simon

1952 4136 2117 4216 quasi
2149 4134 2605 4206 inconveniens,
2643 4133 2856 4197 Filium
2886 4134 2994 4198 Dei
3026 4136 3143 4199 dici
3172 4136 3498 4221 Christum,
3527 4158 3604 4202 ne

226 4238 346 4298 quo
378 4229 437 4281 et
475 4223 818 4284 mandatum
879 4223 1140 4303 accepit,
1178 4241 1253 4284 ne
1313 4221 1503 4310 mittat
1552 4222 1867 4284 verborum
1894 4226 2176 4294 Dsimilia
2205 4224 2673 4307 plantationibus
2722 4233 2782 4287 et
2828 4228 3061 4288 caeteris
3108 4226 3457 4290 inanimatis
3485 4229 3607 4310 pati

228 4310 361 4389 ejus
388 4310 741 4389 margaritas
770 4320 908 4373 ante
925 4330 1139 4392 porcos
1165 4320 1222 4372 et
1245 4328 1427 4373 canes
1441 4309 1521 4390 ⁷⁸,
1545 4310 1646 4391 qui
1670 4311 1871 4387 adver-

225 4416 356 4459 sum
385 4417 487 4461 eas
504 4401 867 4479 argumentis
890 4418 957 4461 ac
980 4399 1451 4481 sopliismatibus
1483 4399 1865 4478 reluctantes,

200 4487 383 4573 Vipsas
395 4490 633 4569 quidem
653 4507 823 4550 emno
848 4488 1255 4569 intelligentiae
1277 4490 1865 4574 carnalisinvolvant,

218 4575 533 4661 latratibus
563 4590 761 4641 autem
795 4577 916 4640 suis
966 4586 1024 4639 et
1076 4580 1572 4661 responsionibus
1614 4581 1870 4645 sordidis

1952 4314 2221 4377 videatur
2251 4314 2431 4378 Deus.
2486 4317 2692 4376 Petrus
2725 4322 2925 4376 autem
2976 4314 3183 4377 videns
3229 4335 3440 4379 omnes
3490 4317 3604 4380 hoc

1951 4403 2148 4486 ipsum
2179 4404 2446 4467 volentes
2464 4404 2696 4477 audire,
2720 4420 2958 4466 omnem
2986 4405 3278 4468 rationem
3307 4405 3388 4467 ita
3416 4425 3600 4488 expo-

1953 4504 2127 4649 smltll.
2158 4581 2443 4663 Principii
2476 4599 2695 4644 nomen
2730 4580 2851 4659 (82)
2881 4580 2943 4643 in
2994 4582 3195 4645 multis
3235 4593 3297 4646 et
3344 4584 3598 4649 diversis

303 4734 359 4780 ’⁷⁸
390 4738 739 4829 Matth._vu,
774 4739 833 4803 6.
910 4739 981 4829 A77
1005 4737 1126 4802 Ista
1150 4758 1282 4829 quae
1303 4751 1643 4829 sequuntur
1675 4761 1860 4829 usque
1891 4742 1962 4829 ad
1988 4744 2167 4829 finem
2193 4764 2324 4829 cap.
2366 4743 2461 4825 1%,
2488 4742 2548 4803 in
2575 4740 2709 4829 cod.
2748 4759 2894 4829 mss.
2921 4740 3228 4829 plerisque
3260 4743 3471 4829 iisdem
3501 4763 3605 4829 op-

210 4818 385 4908 timas
411 4829 570 4880 nota:
597 4820 838 4908 desunt,
866 4818 1189 4908 ettantum
1222 4822 1446 4908 habent
1468 4820 1556 4908 v_e_l
1590 4818 1981 4885 obscuritatis
2009 4824 2100 4886 vel
2125 4818 2346 4884 erroris
2376 4818 2677 4904 ut'spuria
2702 4839 2774 4885 ea
2797 4818 2937 4884 esse
2961 4832 3027 4883 et.
3051 4818 3432 4887 ab'haretico
3458 4818 3605 4908 quo-

219 4899 358 4963 dam
393 4900 755 4963 recentioris
786 4902 981 4963 aetatis
1002 4901 1235 4963 intrusa
1261 4921 1380 4964 non
1408 4900 1775 4964 dubitemus.

1550 5076 1949 5144 GOTELERII
1990 5078 2240 5145 NOTE.

294 5213 413 5289 (80)
465 5212 535 5269 Et
584 5221 704 5286 post
743 5215 856 5273 hac
882 5215 1237 5289 incipiam...
1284 5215 1356 5272 ad
1394 5216 1701 5273 vanitatem.
1743 5215 1868 5289 Haec

217 5288 498 5415 geriortus
530 5296 713 5344 exstat
742 5289 799 5343 in
838 5288 1202 5344 lihris’editis
1229 5297 1283 5344 et
1306 5290 1360 5343 in
1412 5303 1516 5345 ms.
1553 5291 1711 5368 Reg;
1735 5288 1865 5343 atin

259 5357 384 5415 orb.
410 5365 467 5415 et
494 5356 597 5415 Th.
631 5359 969 5415 transfertur
1007 5359 1077 5415 ad
1126 5359 1300 5415 tinem
1335 5375 1455 5415 can.
1500 5361 1581 5415 ll.
1614 5360 1713 5415 ubi
1746 5373 1865 5415 eam

218 5356 384 5485 $pgb.
410 5365 467 5415 et
494 5356 597 5415 Th.
631 5359 969 5416 transfertur
1007 5359 1077 5416 ad
1126 5359 1300 5415 tinem
1335 5375 1455 5429 cap.
1500 5361 1581 5425 ll,
1614 5356 1713 5417 ubi
1746 5373 1866 5415 eam

322 5445 372 5485 e.

290 5500 407 5570 (31)
437 5497 559 5556 Hac
589 5501 753 5557 Petro
788 5501 1009 5558 dicente.
1044 5501 1231 5561 Codex
1291 5500 1729 5558 Candelerianus
1764 5504 1870 5559 hoc
1914 5530 1921 5543 ς

221 5583 398 5643 caput
442 5582 496 5628 et
525 5573 818 5643 sequentia
851 5587 1055 5630 novem
1094 5573 1366 5637 continet,
1390 5574 1867 5643 quemadmodum
1902 5584 1903 5587 ‘

229 5641 581 5701 So'rbonicus
607 5641 680 5699 'et
711 5643 981 5700 Thuanus
1006 5667 1016 5699 :
1043 5641 1432 5701 Carmeliticus
1463 5652 1651 5699 autem
1697 5654 1751 5701 et
1779 5644 1919 5707 ille...

233 5716 388 5787 Petri
421 5714 579 5787 Petiti
613 5714 786 5787 liigio
809 5715 1029 5787 similes
1052 5724 1205 5779 sunt,
1237 5717 1509 5785 librisque
1558 5708 1919 5787 impressa.“

229 5783 354 5858 Nec
393 5784 654 5858 dubium,
685 5783 825 5857 quin
870 5785 942 5858 ad
971 5785 1070 5844 illa
1102 5783 1595 5858 pertineant—“quae
1635 5783 1875 5858 Ruﬁnus

220 5855 477 5929 abstulit,
513 5855 585 5913 de
610 5855 873 5929 ingenito
892 5856 1009 5914 Deo
1048 5879 1070 5909 α
1098 5855 1755 5929 genitoquedissertmde
1775 5856 1875 5913 Fi-

221 5926 301 5985 lio
346 5936 560 5994 creato,
593 5928 664 5986 de
684 5925 840 5989 “aliis
869 5925 1190 5995 nonnullis,
1213 5925 1556 5999 periculosa,
1600 5928 1870 5997 obscura,

1952 5215 2200 5288 intrusal,
2253 5216 2640 5287 Eunomiana;
2699 5230 2936 5287 quaeque
2994 5227 3214 5275 veteres
3286 5217 3599 5282 Ebionitica

1954 5299 2330 5364 censuerunt,
2382 5289 2612 5364 Artena,
2647 5296 2701 5345 et
2719 5289 3005 5364 addititia.
3037 5288 3403 5364 Nescioquis
3426 5293 3603 5364 igitur

1954 5358 2164 5435 quod‘a
2208 5356 2411 5415 Ruﬁno
2453 5356 2897 5435 praetermissum
2934 5362 3160 5435 fuerat,
3200 5356 3308 5418 sibi
3358 5356 3603 5435 sumpsit

1955 5440 2022 5510 ut
2048 5433 2536 5510 interpretaretur.
2571 5430 2709 5510 Vide
2760 5430 3113 5510 Clementiae,
3154 5434 3301 5510 hom.
3342 5434 3430 5491 16.
3472 5430 3601 5510 cap.

1942 5499 2043 5575 .16.
2078 5499 2350 5560 ista—vero
2380 5515 2565 5572 usque
2593 5502 2664 5558 ad
2700 5516 2825 5572 cap.
2850 5501 3160 5575 .t2qdesunt
3187 5505 3246 5575 in
3268 5499 3599 5575 impressis:

1956 5573 2252 5644 desumpza
2284 5570 2635 5629 autem'sunt
2661 5587 2730 5629 ex
2764 5570 2891 5644 cod.
2923 5572 3083 5629 Sorb.
3121 5583 3171 5626 et
3210 5574 3312 5629 Th.

2029 5642 2145 5714 (82)
2164 5641 2447 5717 Principii,
2483 5658 2697 5717 nomen,
2730 5653 2835 5717 etc.
2872 5641 2934 5717 In
2969 5657 3148 5716 marg.
3182 5659 3320 5717 mss.
3354 5645 3459 5717 Th.
3484 5652 3604 5711 hac

1959 5713 2271 5796 legantur:
2315 5713 2612 5796 Uitaliani
2649 5713 2853 5796 oporlef
2904 5716 3047 5772 hanc
3087 5713 3437 5796 scripturgm.
3477 5726 3603 5796 quia

1957 5786 2314 5864 nescientibus
2361 5785 2524 5864 facile
2561 5785 2743 5864 error,
2764 5787 3052 5864 subrepere
3093 5785 3284 5860 potest.
3320 5785 3502 5864 ΠΨιί
3534 5797 3604 5851 ad

1957 5856 2133 5913 simile
2169 5856 2380 5928 signum
2419 5857 2595 5929 tegere
2630 5857 2761 5914 noti.
2796 5856 3317 5917 Vld.‘lnfra'notam
3343 5856 3599 5934 ejusdem

1957 5928 2081 5986 cod.
2114 5928 2186 5986 ad
2212 5942 2338 5986 can.
2374 5929 2463 5985 12.

1957 5942 2081 5986 con.
2114 5942 2186 5987 au
2212 5942 2338 6001 cap.
2374 5942 2463 5985 xz.
