4054 6214
531 297 905 369 nuncupatur
926 287 1524 362 rebus,sensihitibus
1556 286 1786 353 scilicet
1809 294 1868 347 et
1889 285 2169 360 intelligi-
2194 289 2237 340 Α
2259 302 2440 361 gnum
2466 292 2494 349 ?
2528 284 2734 346 Audes
2761 292 2959 346 autem
2993 283 3210 345 factum
3241 282 3436 346 dicere
3487 302 3524 346 a
3570 285 3862 365 semetipso

531 379 764 441 bitibas.
792 379 907 439 Sed
938 398 1008 438 ne
1027 395 1165 439 ante
1188 378 1659 457 experimentum
1696 376 2071 438 sensibilium
2103 374 2177 438 ad
2261 371 2404 434 illud
2433 375 2585 455 quod
2615 374 2956 435 itiell'ectutn
2981 375 3667 436 est?Putaveruntautem
3689 375 3865 452 hujus-

526 468 882 547 intelligibia
911 467 1215 531 declinare
1239 469 1568 539 videamur,
1605 469 1776 528 decet
1809 467 2002 546 primo
2031 486 2062 527 a
2088 470 2177 525 vi-
2266 464 2423 524 modi
2455 483 2590 526 cum
2609 463 2926 543 disciplina
2951 481 3017 523 se
3043 464 3154 526 hoc
3182 462 3404 528 dicere.
3430 465 3580 524 sicut
3600 461 3868 544 ebrii,qui

528 559 800 621 sibilibus
827 558 1115 637 incipere,
1147 568 1208 618 ut
1239 559 1311 618 de
1338 558 1610 636 proximo
1645 563 1953 618 sumentes
1983 576 2180 618 exem.
2263 554 2508 616 umbras
2538 572 2642 634 pro
2675 553 2862 614 foveis
2893 553 3258 615 existimant.
3294 555 3545 632 Propter
3576 554 3726 633 quod
3751 562 3868 614 ante

527 649 686 728 plutn
723 650 936 708 iterum
964 648 1036 707 ad
1069 646 1525 724 intelligibilium
1559 646 1864 707 veniamus
1896 664 2176 725 compre-
2263 644 2463 705 omnia
2493 654 2725 724 oportet
2758 663 2866 705 nos
2899 643 3325 704 immortalium
3360 646 3767 706 scrutationem
3794 645 3869 705 fa-

529 737 901 800 hensionem.
941 736 1065 808 Quo
1101 737 1274 797 modo
1321 736 1404 796 sol
1451 736 1613 796 verbi
1647 737 1830 814 gratia
1863 737 1920 796 in
1954 735 2180 815 princi-
2261 732 3868 812 cientesincipereaDomiuicistraditionihus,ubimor-

529 828 687 908 pium
724 827 809 888 rel
866 826 1260 907 principatum
1317 826 1433 886 diei
1492 828 1845 887 constitutus
1895 835 2005 901 est,
2041 825 2180 886 luna
2261 824 2462 885 talium
2487 824 2983 884 conditionemab
3007 823 3443 885 immortalibus
3476 823 3870 903 separans,do-

526 935 667 979 vero
693 935 725 977 e
743 916 1038 978 contrario
1063 917 1253 977 noctis
1275 916 1338 965 78
1364 939 1380 990 ς
1409 917 1533 977 haec
1557 926 1752 976 autem
1779 924 1841 976 ut
1873 915 2176 995 principa-
2260 915 2503 975 cuitnos
2519 913 2780 993 pericula
2796 913 3426 992 ettentationesusque
3439 914 3512 974 ad
3537 913 3715 992 ipsam
3730 929 3869 972 mor-

527 1018 652 1070 tnm
694 1015 859 1086 gerat
907 1005 1230 1066 constituta
1278 1014 1496 1077 sunt,a
1525 1024 1641 1085 quo
1663 1006 1837 1066 etiam
1878 1015 1939 1064 ut
1969 1013 2168 1065 essent
2257 1011 2374 1066 tem
2394 1002 3452 1084 sustinerepropterspembonorum
3473 1002 3865 1084 regni,di0ens:

529 1097 590 1158 in
618 1097 905 1176 principio
925 1093 1636 1174 acceperunt.Quiautem
1663 1095 1786 1155 haec
1808 1094 2160 1174 composuit,
2249 1092 2458 1155 Nolite
2477 1095 2690 1155 limere
2703 1111 2800 1155 eos
2824 1093 2940 1173 qui
2960 1094 3252 1155 occidunt
3274 1095 3767 1173 corpus,mtimas
3783 1109 3866 1153 att-

533 1188 747 1249 cmlum
781 1196 837 1247 et
860 1196 1073 1246 terram
1105 1187 1264 1265 prius
1289 1185 1796 1264 condidit,prteter
1819 1187 1940 1246 haec
1963 1195 2161 1246 autem
2246 1191 2370 1246 tem
2393 1201 2514 1244 non
2543 1190 2796 1262 possunt
2851 1184 3145 1264 occidere,
3172 1190 3374 1245 timete
3413 1191 3614 1246 autem
3643 1200 3767 1244 cum
3788 1182 3869 1261 qui

533 1276 835 1338 terrestria
857 1285 916 1336 et
939 1275 1226 1354 inaquosa
1252 1285 1309 1336 et
1334 1275 1586 1336 volatilia
1617 1273 1896 1336 animalia
1926 1293 2162 1355 compo-
2261 1280 2522 1352 potestct
2539 1291 2762 1354 corpus
2778 1282 2838 1335 et
2861 1276 3136 1336 animum
3147 1274 3399 1354 perdere
3412 1275 3792 1351 ingelmtnan
3810 1269 3868 1334 ⁷⁸.

535 1366 678 1440 suit,
712 1364 956 1426 arbores
985 1383 1221 1444 quoque
1255 1372 1312 1424 et
1345 1365 1559 1424 herbas
1590 1373 1649 1424 et
1678 1372 1807 1443 post
1832 1364 1954 1424 haec
1990 1364 2181 1425 homi-
2261 1363 2337 1425 Et
2362 1381 2500 1425 vere
2529 1365 2718 1425 sinon
2741 1363 3132 1425 commoritur
3161 1361 3398 1444 corpori
3420 1365 3761 1435 anima,nen
3779 1363 3870 1425 uti-

535 1473 824 1528 nem,non
847 1455 1266 1515 utessenthaec
1286 1461 1512 1514 tantum
1533 1453 1886 1534 principium
1911 1473 2178 1528 sumens,
2262 1470 2380 1532 que
2397 1452 2680 1514 dividitur
2702 1471 2812 1514 nec
2836 1452 2996 1514 aliud
3040 1453 3265 1532 aliquid
3309 1453 3535 1533 patitur
3563 1452 3638 1514 de
3669 1454 3752 1513 his
3767 1470 3874 1529 qua

531 1545 637 1608 sed
665 1545 843 1606 etiam
879 1553 940 1604 ut
969 1543 1236 1604 viverent
1289 1544 1617 1605 secundum
1671 1543 2012 1604 mandatum
2048 1543 2176 1606 Dei.
2205 1572 2239 1621 Β
2267 1542 2482 1621 patitur
2513 1561 2756 1622 corpus,
2783 1541 2945 1603 verbi
2975 1544 3163 1621 gratia
3202 1541 3594 1604 inﬂexionem
3655 1542 3737 1603 vel
3786 1539 3871 1602 de-

532 1637 618 1698 lta
649 1652 794 1712 ergo
832 1633 1014 1694 multa
1038 1633 1280 1713 quidem
1316 1641 1562 1714 possunt
1613 1651 1744 1694 esse
1779 1633 2087 1713 principia,
2124 1635 2178 1696 ei
2263 1630 2962 1705 fluxionem,tennitatem
2983 1631 3871 1712 autcrassitudinem,sanitatem

532 1733 731 1786 autem
766 1724 1003 1804 quiest,
1030 1723 1321 1802 principia
1350 1741 1468 1783 non
1497 1733 1654 1782 sunt.
1685 1725 1877 1785 Unum
1909 1733 1997 1783 est
2018 1723 2176 1783 enim
2258 1721 2346 1781 vel
2377 1721 2807 1801 infirmitatem,
2835 1723 3239 1784 abscisionem
3273 1735 3373 1783 aut
3397 1721 3872 1801 conjunctionem.

530 1813 888 1895 principium
917 1821 1182 1872 etunum
1207 1812 1337 1872 sine
1365 1812 1616 1891 pricipio
1645 1811 2024 1892 principium,
2052 1831 2180 1891 quae
2261 1808 2377 1872 Sed
2405 1813 2543 1871 etin
2592 1812 2717 1891 ipsa
2759 1811 3065 1872 hominum
3114 1812 3532 1890 procreatione
3577 1811 3717 1872 nihil
3741 1828 3874 1872 com-

527 1915 724 1969 autem
761 1911 892 1983 post
921 1903 1048 1963 haec
1076 1911 1233 1976 sunt,
1261 1901 1506 1963 abusive
1535 1902 1817 1963 dicuntur
1843 1901 2176 1981 (siquidem
2262 1901 2440 1962 mittit
2470 1902 2670 1963 anima
2709 1901 3040 1963 secundum
3074 1900 3503 1974 defluxiouem,
3525 1901 3633 1963 sed
3655 1901 3712 1961 in
3741 1896 3874 1959 omni

533 1994 832 2065 dicuntur)
865 1991 1176 2071 principia.
1241 1989 1618 2054 Praeveniens
1675 1999 1871 2052 autem
1931 1991 2173 2070 exposui
2263 1989 2504 2069 quidem
2531 1999 2694 2052 motu
2721 2001 2831 2052 stat
2854 1991 3477 2052 videlicetsubstantia
3501 1989 3872 2067 immutabilis,

523 2101 760 2146 causam
784 2081 960 2159 hujus
978 2081 1302 2160 exempli,a
1322 2079 1704 2142 sensibilibus
1729 2081 1958 2141 scilicet
1975 2081 2044 2140 ad
2080 2079 2173 2140 in-

536 149 686 222 1283
1363 149 1426 217 Β.
1470 145 1908 216 CLEMENTIS
1948 144 1974 214 Ι
2019 150 2204 216 ROM.
2249 146 2480 214 PONT.
2519 143 2767 214 OPERA
2815 147 3064 214 DUBlA.

2260 2079 2494 2140 diverso
2523 2091 2719 2141 autem
2751 2092 2908 2141 motu
2928 2081 3001 2142 ad
3027 2079 3184 2141 aliud
3203 2081 3440 2141 etaliud
3467 2100 3685 2161 corpus
3708 2079 3875 2140 incitat

536 2171 960 2252 telligibilia,ut
975 2172 1084 2233 hac
1097 2178 1183 2232 via
1203 2171 1291 2232 usi
1308 2170 1538 2232 firmam
1555 2181 1612 2231 et
1626 2176 1848 2233 certam
1865 2171 1939 2231 de
1962 2171 2172 2232 intelli-

533 2261 798 2342 gibilium
851 2259 1168 2321 traditione
1216 2260 1624 2338 possideamus
1659 2259 1993 2320 tuitionem.
2032 2259 2172 2322 Sine

533 2350 826 2431 principio
851 2368 994 2428 ergo
1011 2349 1269 2409 dicimus
1285 2351 1470 2411 Deum
1497 2348 1784 2410 ineffabili
1803 2349 2171 2429 providentia

530 2442 1000 2512 demonstrante,
1023 2437 1123 2518 qui
1156 2457 1272 2498 non
1296 2456 1328 2498 a
1348 2456 1414 2498 se
1435 2438 1564 2517 ipso
1591 2439 1775 2500 factus
1801 2448 1892 2500 est
1915 2459 2023 2500 nec
2049 2458 2081 2500 a
2104 2459 2171 2502 se

529 2529 801 2609 genitus;
825 2536 913 2588 est
935 2533 1093 2588 enim
1112 2526 1242 2588 sine
1258 2526 1550 2607 principio
1574 2536 1631 2588 et
1650 2527 1970 2607 ingenitus.
1995 2531 2169 2608 lnge-

535 2619 644 2681 niti
666 2627 863 2678 autem
887 2617 1202 2696 appellatio
1229 2636 1346 2677 non
1371 2616 1510 2697 quid
1534 2617 1810 2691 sit,nobis
1843 2619 2173 2697 intelligere

534 2708 766 2785 dat,sed
791 2707 947 2787 quod
975 2724 1092 2766 non
1114 2715 1203 2767 est
1224 2706 1773 2786 factus;1-3107ritogz
1786 2726 1922 2768 vero
1935 2717 1994 2768 et
2011 2714 2167 2767 αὐτο·-

2259 2169 2376 2248 pati
2391 2220 2399 2227 .
2415 2170 2568 2232 Fluit
2589 2188 2729 2248 ergo
2750 2177 2806 2232 et
2834 2171 3050 2250 patitur
3070 2170 3538 2234 substantialiter
3559 2189 3787 2252 corpus,
3808 2170 3871 2228 si-

2258 2269 2376 2319 cut:
2411 2259 2823 2338 experimento
2854 2264 3257 2339 cognoscitur,
3285 2271 3419 2341 post
3446 2261 3606 2322 illam
3634 2275 3870 2321 natorum

2256 2350 2724 2428 coagulationeui
2754 2349 3156 2412 exiuanitione
3177 2353 3334 2413 uteri
3350 2351 3503 2413 facta
3518 2359 3755 2431 prepter
3773 2365 3869 2408 cre-

2257 2449 2523 2499 mentum
2551 2439 2789 2499 infantis
2825 2439 3185 2519 itupelletttis
3208 2448 3270 2503 et
3290 2441 3538 2521 impulsi
3563 2440 3714 2500 velut
3734 2439 3785 2498 in
3807 2437 3871 2496 lu-

2256 2531 2727 2609 ctamine,verbo
2749 2527 3086 2590 Conditoris
3111 2547 3125 2591 :
3153 2529 3322 2601 Quod
3346 2531 3512 2590 enim
3537 2527 3869 2608 coagulatum

2255 2629 2346 2676 est
2371 2617 2605 2678 festinat
2643 2618 2891 2697 egredi;
2927 2619 3083 2698 quod
3132 2630 3328 2680 autem
3381 2619 3711 2698 coagulavnt
3745 2617 3871 2694 cupit

2256 2710 2781 2787 exponere.Causa
2806 2726 2945 2770 vero
2970 2709 3095 2770 htec
3120 2711 3401 2772 transfert
3421 2711 3586 2787 ipsas
3607 2709 3869 2790 passiones

529 2799 773 2877 γένητον,
788 2797 897 2857 hoc
912 2804 1002 2857 est
1020 2795 1216 2872 ipsum
1239 2795 1352 2855 sibi
1370 2799 1595 2856 Patrem
1617 2797 1933 2877 ipsumque
1954 2796 2065 2858 sibi
2082 2798 2170 2860 Fi-
2254 2795 2326 2856 ad
2348 2797 2786 2860 successionem
2811 2798 3080 2878 ejusdem
3100 2799 3210 2873 rei,
3239 2801 3386 2860 facta
3404 2809 3609 2860 autem
3637 2799 3871 2879 passione

532 2887 675 2948 lium
710 2886 810 2966 qui
832 2897 1188 2945 vocaverunt
1215 2884 1359 2945 illud
1393 2887 1547 2961 quod
1579 2886 1931 2963 ingenitum,
1957 2896 2171 2948 contu-
2192 2898 2234 2948 c
2259 2886 3871 2969 commuuepericulumsaepiusquamspecialecontingit

536 2976 770 3037 meliam
803 2976 999 3036 facere
1020 2975 1214 3035 certati
1249 2984 1388 3036 sunt
1419 2974 1616 3036 dubiis
1646 2977 2053 3038 deservientes
2084 2995 2176 3039 ra.
2344 2973 2409 3038 V.
2433 2977 2549 3040 Sed
2573 2987 2633 3039 et
2652 2995 2831 3039 omne
2858 2981 3013 3057 quod
3036 2978 3214 3039 servit
3235 2979 3638 3040 muliebribus
3666 2978 3868 3039 deside.

537 3065 816 3130 tionibus.
848 3063 1120 3143 Indigere
1152 3065 1308 3125 enim
1345 3065 1648 3127 nativitate
1689 3065 1830 3127 illud
1863 3067 2018 3147 quod
2051 3078 2177 3131 erat
2256 3064 2385 3146 riis,
2414 3075 2792 3146 promovetur
2831 3077 2890 3127 et
2939 3067 3386 3147 praemeditatur
3425 3068 3770 3129 naturaliter
3792 3083 3870 3126 se-

537 3157 875 3236 prinsquam
911 3164 1278 3234 nasceretur,
1313 3155 1690 3234 parvulorum
1745 3175 1909 3217 more
1943 3157 2170 3218 intelli-
2257 3155 2518 3216 cundum
2549 3157 3020 3236 uniuscujusque
3053 3167 3307 3238 aetatem,
3334 3159 3498 3219 verbi
3535 3175 3710 3220 causa
3734 3155 3871 3217 aliter

533 3254 736 3326 gentes
770 3251 1071 3325 putarunt,
1104 3253 1161 3304 et
1184 3244 1325 3304 illud
1353 3244 1512 3321 quod
1546 3245 1758 3319 fuerat,
1783 3265 1886 3326 pro
1909 3266 1978 3308 eo
2011 3248 2170 3328 quod
2255 3264 2427 3324 puer,
2455 3246 2628 3307 aliter
2645 3264 2780 3307 vero
2810 3247 3181 3323 adolescens,
3205 3248 3379 3309 aliter
3396 3259 3602 3309 autem
3627 3249 3730 3310 vir.
3752 3246 3867 3308 Nam

533 3337 712 3396 fuerit
746 3343 1056 3414 ponentes,
1081 3334 1251 3410 quasi
1279 3352 1387 3414 per
1407 3353 1470 3395 se
1504 3335 1695 3414 ipsum
1725 3335 1940 3397 factum
1971 3337 2173 3400 dicere
2251 3335 2446 3397 infans
2464 3335 2702 3418 quidem
2727 3335 2787 3398 in
2808 3336 3024 3399 virtute
3045 3337 3222 3399 habet
3237 3339 3445 3399 horum
3465 3338 3866 3420 operationem,

535 3425 764 3486 insania
798 3424 1187 3494 insanierunt,
1224 3433 1284 3484 et
1335 3424 1794 3503 plantationibus
1828 3445 2173 3508 comparare
2255 3426 2520 3487 nondum
2550 3436 2745 3487 autent
2779 3428 2838 3487 in
2870 3427 3084 3488 virtute
3117 3429 3291 3490 habet
3322 3429 3500 3490 etiam
3532 3427 3742 3490 animae
3769 3441 3869 3484 mo-

532 3515 674 3575 illud
708 3514 862 3594 quod
899 3526 988 3575 est
1022 3514 1370 3592 ingenitum,
1398 3523 1459 3574 ut
1487 3514 1837 3577 daemoniosi
1857 3518 1985 3578 ausi
2007 3527 2173 3582 sunt.
2254 3523 2347 3576 tus
2375 3536 2392 3590 ;
2426 3517 2775 3578 adolescens
2816 3535 2955 3578 vero
2987 3530 3226 3599 paratus
3255 3519 3494 3599 quidem
3531 3518 3606 3578 ad
3639 3513 3867 3578 destina-

538 3607 677 3667 Htec
706 3615 901 3664 autem
937 3604 1136 3663 omnia
1169 3604 1229 3663 in
1284 3603 1585 3682 impietate
1617 3606 1934 3667 constituta
1964 3626 2174 3669 conse-
2261 3614 2408 3687 tum,
2436 3606 2696 3667 nondum
2757 3625 2899 3669 vero
2949 3607 3300 3686 digestionis
3356 3607 3540 3669 habet
3579 3624 3745 3670 usum
3770 3601 3870 3679 ;vil'

535 3702 816 3771 quentem
843 3692 1489 3771 habentignorantiam.
1514 3695 1643 3755 Non
1668 3694 1825 3755 enim
1857 3695 2175 3760 intellexe-
2258 3707 2456 3758 autem
2473 3697 2820 3778 conspirans
2835 3698 3866 3780 possidetperfectionispropositntn.

537 3795 675 3845 runt
697 3786 807 3845 hoc
833 3783 1025 3861 ipsum
1042 3783 1314 3844 dicentes
1331 3784 1586 3844 etfuisse
1607 3794 1797 3845 etnon
1815 3786 2182 3860 fuisseQua-
2261 3786 2331 3847 Et
2363 3805 2480 3847 non
2512 3804 2584 3848 ex
2614 3787 2735 3848 illis
2794 3788 2940 3851 solis
2987 3789 3305 3851 dicendum
3341 3799 3452 3864 est,
3483 3791 3742 3850 animam
3775 3787 3867 3844 im-

537 3883 710 3935 tenUs
743 3874 900 3933 enim
929 3873 1158 3950 genuit,
1184 3872 1314 3951 fuit,
1344 3881 1635 3953 quatenus
1667 3893 1806 3936 vero
1831 3886 2029 3938 natum
2061 3887 2175 3953 est,
2263 3880 2600 3954 mortalem,
2636 3897 2855 3960 corpus
2886 3897 3025 3942 vero
3051 3882 3267 3957 fluens,
3299 3881 3403 3943 sed
3453 3881 3639 3942 etiam
3685 3897 3749 3940 ex
3777 3874 3865 3949 his,

536 3961 813 4022 nonfuit.
849 3963 979 4052 Non
1011 3961 1195 4022 fuisse
1251 3980 1389 4040 ergo
1441 3981 1577 4023 eum
1627 3973 1856 4025 constat
1885 3976 2178 4046 quatenus
2261 3985 2396 4047 quae
2415 3969 2486 4029 ad
2504 3971 3385 4033 eamconstantincommunem
3403 3988 3724 4052 personam
3741 3982 3869 4028 man-

537 4064 711 4113 uatus
731 4063 850 4142 est,
884 4051 1066 4112 fuisse
1093 4065 1290 4111 autem
1317 4070 1451 4113 eum
1487 4063 1719 4114 constat
1747 4064 2041 4136 quatenus
2070 4077 2174 4136 ge-
2263 4058 2436 4134 datis,
2460 4060 2690 4140 quaeait
2711 4059 3038 4122 Dominus:
3070 4060 3306 4124 Dictum
3320 4051 3698 4142 estiartlr'qut's
3723 4079 3736 4122 :
3759 4054 3867 4120 Non

536 4143 690 4207 nuit.
726 4141 864 4204 Haec
893 4150 1090 4202 autem
1140 4151 1390 4222 utraque
1449 4142 1648 4205 dicere
1693 4143 1868 4206 simul
1900 4148 2177 4210 eumdem
2205 4150 3012 4230 omcechabert‘s;egoautem
3026 4153 3186 4213 dico:
3208 4141 3869 4232 Necinasprctumdesi-

537 4233 920 4313 sustinuisse,
947 4250 1062 4291 non
1097 4233 1384 4310 permittit
1414 4233 1649 4313 pietatis
1701 4235 2013 4314 profeSsio.
2264 4237 2438 4300 deria
2458 4243 2692 4302 servies
2715 4239 2791 4314 ⁸ο,
2816 4242 2992 4301 nimis
3014 4250 3184 4302 caute
3207 4240 3480 4321 loquens.
3501 4239 3563 4304 Si
3590 4240 3744 4302 enim
3765 4251 3871 4297 cor-

617 4321 953 4385 lV.Deinde
971 4321 1153 4382 etiam
1170 4339 1516 4383 communes
1529 4324 2184 4402 cogitationessollicite
2269 4345 2378 4408 pus
2400 4330 2751 4391 naturaliter
2766 4330 3090 4409 obligatum
3120 4341 3210 4392 est
3240 4330 3515 4392 femineis
3545 4327 3872 4392 commistio-

537 4432 571 4476 a
600 4431 666 4476 se
699 4413 1231 4493 repellunttantam
1262 4410 1968 4501 blasphemiam,dignutn
1988 4416 2182 4478 honoa
2268 4418 2465 4493 nibus,
2495 4420 2680 4498 magis
2711 4428 2904 4481 autem
2927 4419 3148 4482 s<rvire
3169 4436 3439 4482 coactum
3465 4421 3558 4482 his
3580 4437 3710 4501 quae
3728 4431 3874 4479 acce-
3981 4471 3985 4501 Ι

532 4523 660 4566 rem
687 4503 951 4583 ingenito
973 4500 1636 4592 deferentesﬂuiduam
1657 4504 1834 4582 igitur
1853 4505 2188 4586 quisinter-
2271 4507 2376 4588 pit,
2416 4517 2476 4570 ut
2506 4522 2664 4572 esset
2692 4521 2752 4572 et
2784 4515 2839 4573 in
2869 4511 3172 4572 schemate
3197 4511 3321 4592 (83)
3354 4500 3624 4592 haberet,
3659 4507 3803 4588 quod
3831 4511 3875 4565 el

533 4606 778 4683 rogatus
808 4592 967 4683 dicat
996 4609 1201 4652 eorum
1221 4591 1326 4667 qui
1348 4591 1530 4683 impie
1549 4595 2056 4672 appellaverunt?
2075 4600 2184 4661 nisi
2271 4597 2603 4680 principale
2634 4610 2725 4662 est
2783 4602 3036 4663 carnalis
3087 4602 3541 4683 procreationis,
3571 4591 3690 4681 quo
3728 4595 3873 4658 modo

535 4685 675 4773 quia
711 4682 816 4744 fuit
837 4681 1384 4773 priusquamesset,
1405 4681 1533 4762 ipse
1556 4682 1671 4742 sibi
1697 4686 1887 4766 Pater,
1923 4686 2026 4764 qui
2050 4707 2182 4751 esse
2266 4691 2400 4771 quis
2420 4693 2755 4772 suspicetur
2773 4691 3009 4773 corpori
3040 4681 3172 4755 esse
3193 4693 3418 4756 dictum
3443 4713 3458 4748 τ
3485 4693 3623 4755 Non
3640 4688 3870 4754 maxim-

534 4771 740 4834 habuit
769 4784 1087 4850 antequam
1134 4767 1248 4862 sibi
1277 4779 1338 4830 ut
1369 4781 1525 4862 esset
1583 4774 1970 4852 praestitisset.
2005 4778 2176 4836 Αὒτο-
2265 4767 2563 4862 beria,ego
2582 4791 2786 4845 autem
2810 4767 2944 4846 dico
2967 4801 3076 4846 nec
3102 4784 3408 4847 desiderio
3427 4784 3675 4857 servies,
3696 4791 3751 4843 et
3774 4791 3869 4840 non

536 4865 806 4959 πέῖωέξι
838 4863 1161 4959 αὖεογενήεχ
1187 4859 1299 4920 hoc
1325 4871 1438 4959 __est
1466 4861 1591 4941 ipse
1627 4864 1738 4924 sibi
1765 4862 1935 4959 Pater
1965 4877 2023 4927 et
2051 4867 2178 4948 ipse
2263 4871 2460 4952 potius
2481 4859 2558 4949 ei,
2594 4893 2726 4955 qua:
2747 4874 2936 4937 libera
2957 4885 3046 4938 est
3065 4877 3414 4952 substantia,
3445 4876 3644 4938 talium
3670 4869 3866 4953 passio-

535 4951 649 5043 sibi
670 4949 877 5020 Filios,
903 4968 1020 5043 qua
1050 4947 1280 5010 ratione
1304 4947 1623 5026 dicatur,et
1644 4971 1777 5043 cum
1795 4954 2034 5035 quidem
2057 4947 2174 5020 non
2262 4947 2402 5024 num
2431 4947 2781 5043 potestatem
2807 4965 3030 5028 hahens
3049 4947 3866 5030 laxarevelrefrenaresecun—

536 5041 740 5104 fuisset
767 5041 926 5120 quod
979 5049 1158 5115 esset,
1189 5045 1326 5099 ante
1376 5050 1614 5103 exstans
1650 5041 2057 5125 intelligentiae
2084 5048 2172 5110 si-
2261 5051 2405 5115 dum
2423 5041 2834 5134 operationem
2863 5073 3104 5138 corpus,
3126 5057 3225 5120 hic
3249 5056 3513 5120 melioris
3527 5054 3614 5116 rei
3648 5049 3866 5112 manda-

613 5298 677 5349 τε
703 5296 853 5363 Gen.
891 5317 932 5376 ι,
969 5299 1062 5362 16.
1148 5299 1211 5350 79
1238 5301 1452 5368 Matth.
1482 5321 1544 5385 χ,
1577 5304 1677 5369 28.
1762 5304 1818 5350 ⁸ο
1842 5306 2056 5374 Matth.
2087 5329 2142 5388 ν,
2168 5310 2268 5376 27.

1857 5485 2265 5556 COTELERII
2305 5488 2561 5556 NOTAE.

615 5659 728 5738 (83)
761 5655 834 5722 In
855 5662 1172 5724 schemate.
1207 5657 1270 5721 Id
1300 5671 1394 5723 est
1419 5661 1483 5723 in
1516 5681 1689 5731 sexu.
1712 5661 1862 5728 Vide
1897 5667 2156 5737 Constit.
2190 5685 2268 5748 vt,
2301 5672 2400 5738 11.
2433 5669 2593 5737 Infra
2613 5689 2743 5755 cap.
2773 5673 2837 5736 8.
