4054 6214
230 275 386 340 1297

1413 229 2045 341 RECOG‘NITIONUM
2099 228 2235 339 Lm.
2290 231 2397 337 IlI.

3437 234 3604 358 ~isse

224 411 389 492 miat,
418 391 524 490 per
543 411 701 474 diem
735 393 855 472 non
877 383 1068 491 replet
1089 410 1145 494 id
1177 411 1333 492 quod
1361 410 1560 473 omisit
1583 389 1860 473 in'nocte.
1889 416 1927 466 Α
1952 385 2180 482 siderat
2212 408 2420 484 urbem
2455 383 3072 494 perveniatverita‘tis.
3108 409 3218 481 Qui
3249 427 3391 484 vero
3420 391 3612 489 impe-

223 502 639 564 Necessarium
673 519 925 581 namque
957 508 1046 561 est
1075 498 1365 562 doctrina:
1393 501 1608 562 studiis
1641 499 1867 580 intente

222 599 282 652 et
313 591 722 652 indesinenter
750 606 992 670 operam
1034 590 1201 662 dare,
1236 595 1299 651 ut
1329 607 1496 672 mens
1529 596 1729 651 nostra
1761 587 1868 651 Dei

218 679 408 742 solius
441 680 726 750 memoria
755 678 1075 760 repleatur.
1111 678 1251 758 quia
1284 687 1539 740 mentem
1573 682 1746 760 quam
1768 698 1864 741 re-

221 770 466 848 pleverit
501 769 781 830 memoria
815 769 940 841 Dei,
980 767 1233 847 maligno
1267 766 1326 830 in
1361 787 1428 828 ea
1479 787 1598 830 non
1630 768 1866 830 dabitur

224 860 416 922 locus.
1357 921 1363 932 .

253 947 256 950 ’
299 945 530 1010 XXXII.
577 950 720 1010 Cum
755 948 878 1007 haec
909 945 1134 1006 diceret
1162 946 1233 1006 ad
1273 941 1382 1007 nos
1419 945 1642 1017 Petrus,
1673 966 1864 1010 unus-

218 1038 482 1119 quisque
501 1045 763 1116 nostrum
782 1035 1032 1098 sollicite
1044 1034 1440 1099 satisfaciebat
1459 1033 1705 1117 ei,quod
1723 1037 1862 1099 olim

219 1129 387 1191 brevi
434 1146 646 1189 somno
699 1125 890 1188 satiati
940 1125 1337 1205 vigilaremus,
1386 1124 1490 1187 sed
1525 1144 1870 1189 vereremur

221 1219 484 1280 excitare
511 1236 668 1292 eum,
697 1218 835 1298 quia
864 1234 971 1277 nec
989 1213 1232 1280 deceret
1253 1214 1576 1294 discipulos
1591 1216 1869 1296 magistro

224 1307 526 1388 imperare
550 1307 732 1386 ;quod
750 1315 946 1367 tamen
969 1324 1141 1384 pene,
1161 1325 1198 1368 ο
1219 1305 1545 1384 Petre,ausi
1565 1303 1870 1368 fueramus

227 1415 611 1477 prtesumere,
637 1397 776 1456 dum
801 1389 1180 1456 corno'strum
1206 1394 1389 1456 nimio
1409 1393 1721 1456 verborum
1746 1403 1874 1456 tuo-

225 1506 356 1548 rum
388 1485 688 1548 desiderio
715 1483 1062 1564 tripudians,
1098 1503 1372 1546 somnum
1397 1483 1630 1564 penitus
1652 1486 1878 1564 fugaret

222 1577 298 1638 ab
325 1576 528 1638 oculis.
568 1575 682 1638 Sed
716 1575 928 1636 iterum
961 1574 1203 1636 affectus
1229 1593 1375 1653 erga
1402 1582 1457 1636 te
1481 1583 1683 1636 noster
1699 1574 1876 1636 obsti-

1948 499 2097 559 ritus
2131 506 2222 560 est
2245 507 2302 559 et
2333 495 2639 579 quaii‘éndi
2663 493 2814 557 viain
2837 498 3050 571 nescit,
3075 499 3228 559 sicut
3259 499 3610 577 peregrinus

1952 586 2158 666 viator,
2187 587 2466 666 ignorans
2494 595 2555 649 et
2577 603 2809 664 errans,
2840 585 2892 645 si
2915 585 3042 647 cive
3074 594 3134 647 et
3157 587 3434 664 indigena
3460 588 3611 668 nolit

1953 677 2034 738 uti
2067 677 2244 751 duce,
2279 677 2410 737 sine
2447 675 2627 737 dubio
2659 693 2793 752 cum
2827 674 3196 736 aberraverit
3217 694 3251 735 a
3283 676 3374 736 via
3399 677 3614 739 ’verita-

1951 767 2047 833 tis.
2083 774 2251 827 extra
2280 765 2643 844 vitzejanuas
2666 763 3025 844 remanebit,
3054 772 3111 826 et
3146 765 3225 826 ita
3248 767 3436 826 noctis
3468 775 3609 830 atrae

1951 855 2214 916 tenebris
2245 854 2539 938 involutus
2561 871 2666 933 per
2687 855 2928 915 semitas
2951 848 3320 934 perditionis
3337 853 3604 916 incedet.

1951 943 2097 1016 Quia
2123 962 2265 1024 ergo
2300 945 2350 1006 si
2384 962 2492 1024 per
2523 944 2799 1004 ordinem
2834 962 2964 1025 quae
2997 943 3324 1022 quaerenda
3349 953 3487 1004 sunt
3514 944 3604 1005 in-

1949 1033 2548 1112 quirantur,inveniri
2571 1033 2856 1095 facillime
2893 1033 3442 1113 possunt,ordinem
3469 1053 3609 1095 vero

1952 1123 2296 1202 requirendi
2332 1117 2644 1202 imperitus
2672 1123 2906 1201 ignorat
2935 1129 3165 1184 rectum
3198 1131 3288 1184 est
3309 1127 3373 1186 ut
3395 1122 3606 1184 scienti

1953 1212 2123 1273 cedat
2161 1213 2398 1292 ignarus
2430 1221 2485 1272 et
2520 1211 2714 1292 primo
2747 1211 3053 1292 quarrendi
3085 1211 3357 1271 ordinem
3395 1211 3607 1291 discat,

1956 1311 2018 1362 ut
2049 1303 2127 1363 ita
2149 1301 2387 1363 demum
2416 1299 2821 1378 interrogandi
2842 1299 3325 1380 etrespondendi
3354 1299 3612 1362 inveniat

1962 1390 2371 1468 disciplinam.

2041 1479 2267 1543 XXXV.
2309 1482 2376 1542 Et
2437 1482 2641 1544 Simon
2671 1480 2741 1541 ad
2781 1481 2948 1541 hinc:
2993 1482 3116 1541 Non
3150 1498 3288 1557 ergo
3341 1479 3605 1540 omnium

1960 1580 2048 1633 est
2069 1572 2306 1650 veritas,
2331 1570 2434 1633 sed
2466 1589 2672 1632 eorum
2707 1569 3120 1631 tantummodo
3148 1569 3246 1649 qui
3281 1576 3470 1628 artem
3507 1587 3610 1628 no-

226 1667 317 1736 lit,
353 1675 414 1728 et
442 1667 727 1727 violenter
757 1673 864 1726 tea
887 1664 1058 1725 nobis
1091 1661 1206 1726 non
1242 1664 1373 1726 tulit
1398 1665 1666 1729 excitari.
1725 1664 1874 1727 Tum
1960 1661 2147 1723 verint
2179 1660 2545 1740 disputandi,
2573 1660 2742 1741 quod
2764 1659 2966 1739 utique
2984 1657 3307 1720 absurdum
3333 1667 3443 1738 est,
3471 1676 3606 1718 cum

225 1756 468 1818 Petrus:
496 1755 785 1827 Quoniam
820 1755 996 1832 igitur
1020 1753 1874 1835 audiendi,inquit,desiderio
1905 1785 1938 1833 Β
1963 1753 2267 1836 mqualiter
2288 1751 2364 1812 sit
2397 1752 2554 1813 Deus
2585 1749 2875 1823 omnium,
2913 1768 3030 1810 non
3063 1767 3274 1808 omnes
3305 1747 3612 1824 aequaliter

225 1847 462 1907 ibenter
496 1863 599 1905 vos
635 1843 901 1918 asseritis
919 1843 1182 1923 vigilare,
1205 1845 1334 1906 volo
1376 1844 1541 1905 vobis
1565 1851 1875 1905 eatantum
1967 1859 2138 1922 posse
2159 1842 2522 1902 voluntatem
2550 1839 2680 1920 ejus
2697 1837 3612 1919 agnoscere.EtPetrus:AEqua-

221 1954 357 2016 quae
391 1935 669 1995 hesterno
695 1934 951 2013 sparsim
977 1933 1135 1995 dicta
1162 1941 1608 2014 sunt,repetere
1638 1932 1883 2012 diligen-
1967 1931 2074 2011 les,
2108 1930 2322 2012 inquit,
2356 1947 2567 1991 omnes
2591 1927 2594 1930 ’
2618 1928 2691 1990 ab
2725 1948 2794 1991 eo
2845 1929 2980 1990 facti
3010 1935 3168 2000 sunt,
3205 1935 3264 1988 et
3309 1926 3615 2008 aequaliter,

227 2025 345 2085 tius
379 2033 590 2085 etcum
619 2043 724 2085 suo
754 2023 964 2086 ordine
989 2024 1311 2105 exlilicare.
1343 2022 1508 2096 Quod
1534 2032 1592 2084 et
1625 2041 1730 2104 per
1753 2023 1882 2084 sin-
1967 2021 2192 2082 cunctis
2225 2019 2390 2080 dedit
2420 2036 2675 2099 capaces
2707 2037 2840 2080 esse
2873 2017 3158 2080 veritatis.
3196 2017 3416 2105 Verum
3450 2017 3608 2105 quod

224 2115 397 2188 gulas
429 2133 694 2194 quasque
729 2103 1161 2193 disputationes
1191 2113 1440 2175 diurnas
1462 2103 1658 2177 facere
1681 2111 1882 2192 dispo-
1965 2110 2164 2171 nullus
2191 2127 2395 2170 eorum
2417 2108 2515 2190 qui
2541 2108 2659 2170 nati
2687 2117 2846 2188 sunt,
2877 2105 3144 2170 eruditus
3169 2113 3339 2167 natus
3371 2104 3469 2185 sit,
3504 2103 3607 2166 sed

223 2224 326 2278 no,
377 2213 442 2264 ut
475 2221 582 2282 per
631 2211 860 2262 noctem
898 2202 995 2263 ubi
1029 2210 1325 2264 secretum
1359 2202 1474 2264 loci
1508 2210 1565 2263 et
1593 2203 1882 2282 temporis

217 2296 422 2366 datur,
457 2293 506 2352 si
559 2291 699 2373 quid
754 2291 905 2352 forte
957 2300 1158 2370 utpote
1205 2292 1265 2353 in
1298 2291 1630 2354 certamine
1677 2290 1880 2353 minus

225 2385 401 2462 plene
421 2383 640 2445 dictum
664 2389 774 2445 est.
813 2381 868 2441 id
895 2381 1124 2461 integro
1156 2383 1366 2444 ordine
1388 2392 1445 2444 et
1466 2381 1630 2444 linea
1650 2380 1880 2443 directa

1968 2199 2266 2275 posterior
2295 2197 2371 2258 sit
2393 2198 2696 2259 nativitate
2718 2196 2995 2270 eruditio,
3035 2196 3179 2258 nulli
3213 2194 3461 2276 dubium
3495 2202 3603 2254 est.

1964 2289 2109 2350 Cum
2141 2290 2318 2367 igitur
2345 2288 2614 2349 nativitas
2646 2286 2956 2349 hominum
2993 2286 3052 2348 in
3085 2304 3154 2347 eo
3192 2290 3388 2344 teneat
3416 2281 3605 2368 tequi-

1961 2386 2162 2449 tatem,
2199 2388 2263 2439 ut
2293 2373 2503 2440 omnes
2535 2377 2813 2439 similiter
2845 2374 3245 2457 percipiendae
3282 2372 3611 2453 disciplima

226 2471 658 2554 explanationis
715 2473 1000 2550 aperiam.
1059 2472 1132 2533 Et
1168 2481 1300 2551 post
1332 2473 1458 2532 haec
1489 2469 1669 2550 cmpit
1701 2469 1876 2534 nobis
1960 2489 2208 2550 capaces
2241 2471 2381 2549 sint,
2416 2489 2532 2531 non
2559 2478 2649 2531 est
2684 2469 2742 2529 in
2777 2475 3009 2541 natura,
3041 2466 3146 2528 sed
3182 2464 3611 2526 in'eruditione

225 2561 545 2623 ostendere
575 2559 873 2640 quomodo
897 2560 1182 2622 hesterno
1217 2559 1428 2622 haberi
1454 2558 1875 2623 debueritdis-
1956 2559 2289 2621 diversitas.
2347 2563 2463 2622 Aut
2506 2559 2642 2634 quis
2678 2559 2893 2638 nescit,
2941 2555 3098 2638 quod
3143 2573 3211 2615 ea
3261 2572 3392 2633 qua)
3423 2571 3608 2640 unus-

227 2651 472 2732 putatio.
521 2639 608 2711 et,
632 2643 874 2729 propter
903 2649 1348 2711 contentionem
1381 2649 1470 2711 vel
1504 2647 1869 2732 imperitiam
1955 2649 2207 2728 quisque
2228 2648 2454 2720 didicit,
2487 2647 2824 2729 priusquam
2857 2647 3142 2717 disceret,
3165 2643 3474 2724 ignorabat
3498 2639 3612 2702 ?Et

226 2729 694 2802 contradicentis
719 2738 1056 2800 haberinon
1077 2729 1582 2820 potuerit,etideo
1598 2739 1724 2799 sola
1740 2757 1870 2817 pro.
1955 2735 2159 2799 Simon
2189 2760 2199 2789 τ
2230 2736 2408 2812 Vere,
2444 2737 2658 2818 inquit,
2693 2737 2866 2797 ilicis.
2903 2734 3050 2797 Tum
3086 2734 3297 2796 Petrus
3332 2754 3344 2794 :
3381 2731 3442 2793 Si
3465 2750 3608 2810 ergo

225 2832 487 2894 fessione
511 2848 648 2890 usus
670 2829 766 2899 sit,
793 2837 968 2908 atque
989 2847 1059 2890 ea
1083 2848 1212 2910 quae
1234 2829 1307 2891 ab
1341 2827 1689 2890 adversario
1714 2827 1873 2890 dice-
1953 2821 2014 2890 in
2048 2829 2140 2889 his
2170 2828 2398 2889 artibus
2428 2846 2576 2905 quas
2609 2846 2752 2888 usus
2793 2824 3129 2886 communis
3158 2822 3359 2892 habet,
3417 2821 3604 2902 primo

227 2925 462 3001 bantur,
490 2929 712 2981 tantum
741 2920 1127 2994 destruxerit,
1145 2938 1251 2982 sua
1277 2937 1412 2982 vero
1449 2938 1647 3000 neque
1669 2918 1871 2980 omnia
1953 2919 2227 2991 discitur,
2256 2917 2475 2980 deinde
2499 2918 2772 2992 docetur,
2792 2924 3010 2997 quanto
3045 2915 3230 2991 magis
3253 2919 3486 2993 oportet
3505 2927 3608 3001 eos

225 3031 422 3088 neque
441 2995 691 3070 manifes
720 3028 750 3069 e
773 3009 1117 3088 exposuerit
1142 3029 1158 3086 ;
1181 3018 1236 3070 et
1257 3008 1490 3087 singula
1513 2995 1684 3070 nobis
1699 3025 1866 3088 repe-
1953 3009 2049 3088 qui
2083 3009 2421 3069 eruditores
2443 3027 2508 3069 se
2533 2995 2890 3087 profitentur
2910 3008 3274 3082 animarum,
3303 3001 3492 3082 primo
3515 2995 3606 3060 di-

222 3112 356 3162 tens
387 3101 623 3174 integro
659 3098 872 3160 ordine
905 3091 965 3159 et
997 3099 1171 3179 plena
1201 3100 1434 3160 ratione
1460 3098 1766 3160 disseruit.
1888 3153 1928 3203 Ο
1953 3116 2142 3159 scere.
2183 3107 2240 3157 et
2270 3100 2348 3160 ita
2373 3096 2615 3171 docere,
2653 3115 2747 3174 ne,
2777 3114 2910 3156 cum
2934 3093 3051 3156 sint
3077 3091 3196 3173 ipsi
3221 3089 3508 3192 imperiti,
3535 3089 3609 3150 ri-

305 3186 562 3252 XXXlll.
593 3189 737 3250 Cum
753 3207 896 3248 vero
912 3188 1033 3266 jam
1060 3187 1388 3249 albesceret
1408 3187 1560 3249 dies.
1588 3205 1868 3268 egressus
1888 3180 1928 3203 υ
1954 3187 2215 3247 diculum
2255 3186 2544 3260 videatur,
2580 3187 2627 3246 si
2659 3185 2792 3246 aliis
2811 3203 2877 3245 se
2908 3184 3274 3262 praestituros
3295 3180 3600 3240 scientiam

217 3282 288 3342 ad
326 3279 533 3340 turbas
565 3289 696 3359 post
747 3278 1074 3339 orationem
1120 3279 1294 3338 solito
1332 3280 1400 3337 ad
1437 3277 1868 3357 disputandum
1953 3275 2390 3354 repromittant.
2429 3273 2577 3336 Tum
2606 3273 2855 3337 Simon:
2893 3272 2956 3335 In
2989 3272 3237 3346 artibus,
3271 3269 3485 3351 inquit,
3513 3268 3604 3330 his

218 3371 488 3431 constitit
519 3368 676 3439 loco,
708 3376 765 3428 et
795 3367 1000 3430 videns
1023 3367 1327 3429 Simonem
1360 3368 1416 3428 in
1444 3367 1657 3428 mediis
1682 3366 1872 3428 turbis
1951 3384 2084 3443 quas
2107 3384 2245 3427 usus
2275 3365 2614 3428 communis
2636 3365 2842 3446 habet,
2863 3383 3062 3424 verum
3094 3369 3204 3442 est,
3233 3360 3390 3442 quod
3419 3377 3606 3420 unus»

216 3471 474 3524 stantem
511 3479 580 3520 ex
609 3479 773 3520 more
803 3459 965 3539 prius
983 3461 1242 3521 salutato
1266 3458 1485 3540 populo
1510 3458 1632 3520 ait:
1668 3457 1867 3520 Dolori
1952 3456 2084 3540 quis
2109 3475 2202 3540 me
2263 3454 2374 3540 nisi
2433 3453 2732 3540 didicerit,
2784 3455 3095 3540 _nesc_iat,__
3208 3449 3408 3540 -verbo
3463 3467 3603 3511 vero

223 3551 366 3613 mihi
399 3569 532 3612 esse
557 3551 746 3612 fateor
770 3551 842 3611 de
870 3550 1177 3612 nonnullis
1211 3548 1582 3630 hominibus,
1608 3549 1706 3626 qui
1733 3567 1869 3610 cum

222 3643 302 3701 ita
331 3639 404 3700 ad
440 3659 546 3701 nos
571 3639 811 3700 veniant
844 3648 906 3700 ut
927 3640 1161 3702 discant
1181 3640 1426 3720 aliquid,
1456 3637 1554 3699 ubi
1579 3657 1680 3699 eos
1698 3637 1872 3700 doce-

226 3750 290 3792 re
320 3729 702 3810 coeperimus,
727 3730 835 3810 ipsi
863 3747 1076 3790 rursus
1101 3730 1412 3807 magistros
1442 3747 1506 3790 se
1539 3746 1673 3789 esse
1698 3727 1877 3808 profi-

228 3819 1155 3898 tentur,etinterrogantquidem
1180 3827 1241 3880 ut
1265 3819 1876 3896 ignorantes,contra-

227 3909 434 3971 dicunt
462 3916 662 3970 autem
698 3919 756 3970 ut
805 3909 1070 3971 scientes
1129 3909 1248 3970 Sed
1281 3910 1533 3970 fortasse
1571 3907 1730 3969 dicat
1761 3907 1875 3968 ali-

226 4002 380 4080 qu's.
409 3997 663 4078 quiaqui
695 3997 1047 4076 interrogat,
1082 3996 1157 4056 ob
1185 3998 1298 4058 hoc
1318 3997 1562 4078 quidem
1597 4005 1659 4056 ut
1686 3996 1877 4057 discat

227 4090 574 4167 interrogat,
625 4087 720 4148 ubi
752 4105 892 4148 vero
915 4087 970 4147 id
1001 4086 1160 4166 quod
1192 4087 1453 4148 audierit
1486 4105 1603 4146 non
1630 4083 1682 4146 ei
1714 4095 1876 4146 recte

227 4178 451 4238 dictum
485 4177 738 4257 videtur,
773 4195 1016 4238 necesse
1049 4184 1139 4239 est
1173 4187 1237 4236 ut
1263 4175 1649 4255 respondeat,
1671 4175 1874 4236 ethzec

225 4267 461 4330 videtur
476 4287 610 4332 esse
628 4267 1179 4348 contradictio,qua3
1201 4288 1320 4330 non
1344 4281 1433 4329 est
1457 4267 1869 4339 contradictio,

227 4357 330 4419 Sed
366 4361 844 4438 reinterrogatio.

311 4446 580 4510 XXXIV.
615 4449 829 4510 Audiat
861 4465 998 4527 ergo
1025 4448 1190 4514 haec:
1227 4445 1437 4507 Totius
1470 4446 1764 4508 doctrina;
1787 4445 1874 4505 di-

1954 3532 2218 3596 scientiae
2247 3535 2437 3595 statim
2471 3543 2534 3594 ut
2564 3534 2825 3596 audierit
2855 3535 3010 3615 quis,
3039 3532 3268 3594 didicit.

2036 3622 2290 3688 XXXVI.
2330 3626 2398 3683 Et
2429 3621 2680 3684 Petrus:
2717 3621 2781 3685 Si
2812 3623 3048 3704 quidem
3087 3640 3191 3703 per
3233 3620 3503 3682 ordinem
3541 3631 3600 3683 et

1957 3722 2403 3795 consequenter
2431 3713 2652 3793 audiat,
2689 3713 3045 3792 potestScire
3067 3712 3219 3791 quod
3257 3729 3460 3771 verum
3489 3719 3600 3779 est.

1961 3805 2063 3867 sed
2089 3804 2187 3884 qui
2212 3803 2638 3864 emendatioris
2656 3803 2785 3865 vita:
2805 3803 3071 3879 regulam
3101 3800 3604 3863 conversationis-

1961 3914 2078 3971 que
2098 3892 2368 3955 castioris
2385 3892 2695 3972 suscipere
2712 3901 3108 3968 recusat,qute
3131 3891 3335 3971 utique
3359 3891 3603 3972 sequ‘ela

1960 3994 2046 4045 est
2075 3983 2338 4044 scientiae
2376 3981 2657 4062 veritatis,
2691 3981 2846 4042 scire
2877 4000 2941 4042 se
2973 3981 3127 4062 quod
3160 3982 3295 4054 scit,
3327 4001 3444 4041 non
3484 3981 3605 4043 vult

1959 4075 2150 4136 fateri.
2187 4073 2349 4136 Sicut
2380 4073 2552 4134 etiam
2582 4072 2900 4132 nonnullos
2932 4072 3221 4143 vidcmus,
3248 4071 3348 4153 qui
3373 4070 3603 4132 artibus

1959 4183 2104 4245 quas
2126 4183 2158 4225 a
2184 4182 2365 4241 puero
2384 4163 2721 4224 didicerant
2743 4162 3068 4234 derelictis,
3091 4163 3161 4222 ad
3188 4162 3335 4222 alios
3349 4181 3413 4223 se
3436 4170 3602 4222 actus

1959 4254 2294 4326 conferunt,
2329 4262 2387 4314 et
2418 4259 2480 4312 ut
2510 4252 2812 4312 excusatio
2843 4251 2916 4310 sit
2947 4251 3034 4312 eis
3056 4251 3296 4312 desidia:
3318 4251 3600 4328 sum,cul-

1961 4340 2784 4422 pareincipiuntartem’velut
2810 4338 3256 4400 infructuosam.
3283 4337 3349 4398 Et
3374 4337 3600 4400 Simon:

1959 4434 2260 4494 Delierent
2314 4448 2523 4490 omnes
2576 4429 2886 4490 audientes
2921 4429 3169 4490 credere
3204 4447 3404 4489 verum
3442 4446 3600 4502 esse,

225 4537 483 4617 sciplina
511 4553 738 4598 οενςιιηι
773 4517 956 4600 habe?
987 4537 1288 4616 ordinem,
1321 4544 1378 4596 ει
1408 4543 1548 4596 sum
1599 4534 1868 4614 quantam
1897 4520 2108 4617 unod
2143 4517 2438 4580 audiunt?
2462 4517 2608 4579 Tum
2637 4518 2846 4617 Petrus
2875 4540 2886 4579 :
2913 4518 3021 4590 Qui
3055 4518 3358 4617 aud-ierint
3382 4535 3602 4617 percr-

225 4647 360 4707 quze
392 4629 578 4703 prima
612 4627 900 4688 tradenda
931 4635 1091 4700 sunt,
1125 4626 1238 4687 alia
1270 4642 1408 4686 vero
1441 4643 1571 4705 quae
1609 4623 1875 4686 secundo

227 4716 287 4775 in
327 4715 490 4790 loco,
524 4726 581 4776 et
613 4716 731 4778 alia
760 4716 961 4789 tertio,
1005 4725 1065 4778 et
1091 4715 1178 4776 sic
1208 4714 1440 4793 singula
1471 4731 1724 4794 quaeque
1769 4729 1879 4792 per

227 4805 666 4887 ordinem,qu:e
685 4806 890 4886 utique
917 4805 968 4865 si
993 4823 1098 4886 per
1127 4803 1612 4883 consequentiam
1647 4803 1879 4864 tradan-

232 4895 675 4965 tur,manifesta
698 4898 1052 4966 fiunt;extra
1064 4893 1332 4966 ordinem
1352 4910 1490 4953 vero
1508 4891 1556 4952 si
1579 4890 1881 4972 proferan-

236 4994 355 5053 tur,
412 4984 586 5044 etiam
621 4992 827 5052 contra
875 4984 1169 5046 rationem
1200 4982 1360 5043 dicta
1389 4979 1752 5042 videbuntur
1810 4983 1878 5041 Et

237 5072 373 5133 ideo
396 5073 457 5132 in
482 5073 688 5152 primis
707 5075 852 5135 ordo
869 5074 1202 5136 servandus
1218 5072 1386 5150 est,si
1404 5071 1730 5152 tamenhoc
1745 5089 1878 5152 pro-

238 5161 430 5241 posito
461 5181 818 5244 qumramus,
854 5174 913 5224 ut
939 5163 1234 5243 possimus
1263 5161 1420 5238 quod
1443 5161 1765 5240 quatrimus
1790 5160 1872 5220 in-

237 5251 462 5312 venire.
504 5253 730 5314 Etenim
763 5253 860 5327 qui
885 5260 1111 5314 rectum
1141 5250 1372 5311 initium
1398 5249 1505 5309 viae
1534 5246 1866 5327 acceperit,

231 5339 412 5401 etiam
437 5341 973 5414 secundumlocum
1019 5346 1451 5420 consequenter
1487 5337 1778 5414 advertet,
1821 5343 1880 5397 et

231 5447 300 5490 ex
343 5431 606 5491 secundo
647 5431 885 5493 tertium
933 5429 1160 5491 facilius
1211 5428 1469 5488 inveniet
1502 5447 1518 5507 ;
1554 5435 1614 5488 et
1652 5433 1870 5506 quanto

232 5519 387 5581 ultra
441 5522 825 5600 processerit,
885 5525 1044 5580 tanto
1079 5517 1264 5598 magis
1318 5517 1370 5580 ei
1429 5515 1521 5578 via
1550 5513 1871 5597 agnitionis

230 5609 498 5690 apertior
530 5610 652 5690 fiet,
685 5627 996 5690 usquequo
1017 5608 1087 5669 ad
1121 5607 1311 5687 ipsam
1343 5626 1456 5687 qno
1483 5605 1674 5667 tendit
1696 5604 1870 5667 etde-

1957 4610 2158 4671 dinem
2215 4627 2555 4670 sermonem
2590 4609 2874 4689 veritatis,
2911 4608 3325 4670 contradicere
3357 4607 3602 4668 omnino

1960 4721 2078 4762 non
2112 4708 2382 4779 possunt,
2418 4699 2522 4759 sed
2559 4699 2756 4760 sciunt
2779 4701 3147 4760 ve'rum'rsse
3181 4697 3334 4777 quod
3362 4697 3598 4773 dicitur,

1959 4792 2007 4852 si
2045 4799 2240 4852 tamen
2290 4789 2544 4851 libenter
2589 4789 2762 4849 etiam
2797 4789 2927 4849 vitae
2959 4787 3222 4849 instituta
3253 4787 3598 4867 suscipiant.

1962 4881 2082 4944 Hos
2112 4871 2250 4941 vero
2284 4897 2430 4960 quos
2460 4878 2767 4940 audientes
2795 4879 2868 4940 ad
2919 4877 3076 4940 bona
3107 4896 3286 4958 opera
3329 4878 3605 4941 conferre

1963 4990 2029 5033 se
2061 4969 2240 5049 piget,
2277 4968 2426 5030 male
2457 4968 2670 5046 agendi
2716 4968 2898 5030 libido
2930 4968 3310 5048 acquiescere
3341 4967 3435 5050 his
3475 4976 3604 5044 quin

1959 5069 2120 5122 recta
2145 5059 2427 5138 iudicant,
2465 5076 2580 5118 non
2609 5057 2772 5120 sinit.
2797 5057 2968 5122 Unde
2995 5055 3600 5138 ostenditurpositum

1961 5168 2092 5212 esse
2116 5150 2170 5209 in
2195 5147 2528 5209 auditorum
2555 5155 2869 5227 potestate,
2897 5146 3120 5226 eligere
3145 5149 3340 5223 utrum
3370 5146 3599 5222 malint,

1957 5238 2126 5311 Quod
2163 5238 2212 5298 si
2245 5237 2613 5316 omnesqui
2673 5237 2942 5313 audiunt,
2999 5235 3333 5320 obedirent,
3381 5237 3604 5299 naturae

1960 5329 2144 5409 magis
2167 5334 2324 5389 esset
2356 5325 2702 5406 necessitas,
2729 5344 2859 5407 quae
2893 5344 3011 5409 una
3033 5317 3244 5387 omnes
3268 5333 3468 5409 ageret
3485 5321 3596 5386 via.

1955 5405 2156 5480 Sicum
2180 5416 2339 5478 enim
2369 5405 2762 5495 suaderiquis
2782 5433 2899 5476 non
2926 5407 3138 5495 potest,
3165 5421 3227 5476 ut
3250 5415 3347 5475 fiat
3373 5405 3604 5476 brevior

1955 5516 2060 5592 aut,
2109 5505 2360 5588 longior,
2397 5503 2536 5587 quia
2582 5523 2700 5579 non
2723 5505 2894 5594 sinit
2913 5505 2999 5566 vis
3027 5512 3253 5594 mttunt?1
3271 5527 3300 5594 ,δ
3334 5503 3600 5590 ita,e,t,,ad

1957 5587 2286 5668 veritatem,
2315 5595 2364 5656 si
2387 5613 2594 5655 omnes
2622 5587 3316 5656 verbo'converterentur
3343 5587 3442 5654 aut
3466 5612 3604 5660 om-
