4042 6218
485 201 637 264 I299
1327 204 1387 263 S.
1437 200 1867 265 CLEMENTIS
1911 198 1933 262 Ι
1981 204 2126 266 ROM

2215 205 2434 266 PONT.
2487 206 2731 268 OPERA
2782 206 3033 268 DUBIA.
3674 210 3807 271 i300

479 353 604 397 mes
659 349 778 416 non
827 343 1337 415 converterentur,
1391 344 1616 397 natura;
1645 345 1806 398 esset
1836 335 1944 410 vis,
1980 355 2112 417 quae
2135 346 2171 394 Α
2196 357 2379 417 quum
2414 340 2734 412 videretur,
2771 347 2832 400 ut
2858 339 3005 418 justi
3037 349 3093 402 et
3143 340 3349 418 injusti
3375 360 3482 402 uno
3514 344 3658 421 apud
3689 363 3808 404 cum

479 424 726 502 cogebat
754 423 940 486 verbo
971 442 1180 485 omnes
1210 425 1472 485 converti
1493 433 1592 486 aut
1621 423 1850 486 nullum
1876 425 2121 486 omnino
2207 425 2573 489 haberentur
2602 429 2814 490 ordine
2848 429 3223 490 meritorum.

479 515 767 577 converti.
2285 516 2541 579 XXXIX.
2569 517 2635 578 Et
2665 516 2867 580 Simon
2900 516 3130 581 :Unum
3163 518 3342 580 estde
3363 538 3470 599 quo
3499 521 3634 581 mihi
3658 523 3812 583 velim

560 603 842 667 XXXVII.
879 603 949 665 Et
979 600 1183 663 Simon
1211 620 1226 664 :
1254 602 1412 664 Doce
1432 622 1571 681 ergo
1595 622 1724 679 nos,
1754 603 1897 680 quid
1928 604 2117 684 primo
2202 608 2501 677 satisfieri,
2534 609 2582 668 si
2625 608 2975 668 immortalis
2999 618 3086 668 est
3115 609 3344 688 anima;
3378 627 3486 669 non
3518 611 3665 671 enim
3692 630 3809 690 pos-

480 703 713 775 oportet
736 695 978 756 discere
1010 712 1141 755 eum
1163 694 1264 770 qui
1285 693 1590 756 veritatem
1613 695 1769 756 scire
1793 693 2120 756 desiderat?
2201 713 2331 776 sum
2374 715 2523 758 onus
2553 697 2754 757 subire
2776 697 3043 776 justitite,
3083 698 3194 756 nisi
3231 698 3389 776 prius
3421 698 3490 758 de
3538 700 3814 762 immorta-

481 785 558 848 Et
591 782 836 846 Petrus:
895 789 1042 844 Ante
1098 784 1322 857 omnia,
1357 783 1572 864 inquit,
1631 784 1813 864 quaeri
1863 792 2116 864 oportet,
2205 775 2366 846 litate
2396 786 2610 847 animm
2636 775 2844 860 sciam,
2878 805 3010 866 qum
3038 775 3243 866 utique
3277 787 3326 846 si
3357 787 3690 848 immortalis
3716 808 3816 850 non

483 874 625 954 quid
640 873 1534 954 sithominiquzerentiinvenire
1551 872 2124 953 possibile.Necesse
2206 883 2316 954 est,
2355 893 2464 935 nec
2496 875 2938 954 praedicationis
2973 885 3084 937 tute
3111 877 3329 953 poterit
3357 884 3506 936 stare
3531 877 3810 956 professio.

484 961 1066 1040 estenimjudicinm
1091 961 1196 1022 Dei
1229 961 1287 1022 in
1321 963 1436 1023 hoc
1459 969 1636 1028 stare.
1659 961 1710 1023 si
1734 963 1923 1041 potuit
1947 961 2124 1022 homo
2208 967 2360 1026 Tum
2399 967 2642 1027 Petrus:
2697 964 3068 1044 Quaeramus,
3107 965 3325 1044 inquit,
3376 966 3553 1044 prius,
3585 967 3628 1025 si
3653 967 3815 1046 justus

486 1051 706 1112 bonum
733 1051 1022 1117 facere.et
1044 1069 1163 1112 non
1192 1051 1329 1113 fecit
1354 1075 1370 1123 ;
1397 1059 1456 1113 et
1478 1051 1612 1112 ideo
1630 1051 2012 1132 quaerendum
2040 1059 2128 1110 est
2215 1061 2302 1114 est
2335 1055 2489 1114 Deus
2517 1074 2532 1124 ;
2556 1054 2710 1134 quod
2747 1054 2795 1113 si
2831 1053 3136 1133 claruerit,
3171 1054 3402 1133 integer
3433 1055 3679 1133 profecto
3705 1057 3816 1116 reti.

485 1139 850 1214 hominibus,
885 1141 931 1200 si
965 1139 1222 1201 habeant
1251 1140 1310 1201 in
1346 1148 1632 1221 potestate
1659 1158 1767 1201 sua
1796 1146 2129 1220 quaerentes

484 1229 752 1292 invenire
775 1229 912 1309 quid
936 1237 1023 1290 est
1041 1228 1287 1310 bonum,
1313 1238 1523 1290 etcum
1549 1229 1889 1290 invenerint
1906 1230 2125 1308 facere;

483 1319 596 1382 hoc
646 1319 803 1381 enim
862 1327 950 1380 est
1001 1337 1108 1398 pro
1143 1338 1257 1399 quo
1302 1319 1608 1398 judicandi
1663 1327 1820 1381 sunt.
1858 1317 2127 1398 Amplius

484 1415 680 1470 autem
716 1407 807 1468 his
850 1408 1042 1469 solum
1075 1409 1230 1469 scire
1259 1409 1345 1469 fas
1373 1418 1462 1469 est
1497 1410 1868 1489 prophetam,
1905 1416 1961 1468 et
1996 1426 2125 1467 me-

483 1499 625 1572 rito;
647 1498 787 1578 quid
813 1498 970 1559 enim
997 1517 1142 1579 opus
1171 1507 1258 1560 est
1283 1499 1624 1559 hominibus
1647 1496 2127 1578 scire,quomodo

482 1589 668 1650 factus
699 1587 776 1649 sit
798 1587 1054 1648 mundus
1080 1595 1107 1650 ?
1140 1587 1277 1650 Haec
1298 1589 1454 1649 enim
1483 1589 1766 1649 discenda
1793 1586 2128 1648 necessario

2211 1143 2406 1220 gionis
2436 1143 2584 1204 ordo
2615 1142 2914 1204 constabit
2972 1141 3041 1202 Et
3071 1142 3277 1205 Simon
3307 1165 3320 1201 :
3369 1141 3594 1203 Videris
3623 1144 3752 1204 mihi
3771 1155 3816 1204 tu

2213 1234 2313 1312 qui
2375 1241 2430 1295 te
2479 1234 2672 1313 jactas
2718 1232 3061 1312 disputandi
3116 1233 3393 1294 ordinem
3450 1251 3636 1305 nosse,
3692 1253 3820 1296 nunc

2213 1334 2416 1382 contra
2448 1323 2718 1384 ordinem
2753 1323 3181 1402 respondisse;
3216 1341 3312 1383 me
3344 1322 3502 1383 enim
3537 1332 3750 1401 rogante
3770 1334 3818 1383 ut

2211 1413 2510 1485 ostendas,
2548 1413 2597 1472 si
2647 1411 2998 1471 immortalis
3030 1420 3119 1472 est
3170 1413 3393 1484 anima,
3434 1421 3490 1470 tu
3522 1414 3628 1484 ais,
3660 1415 3819 1491 primo

2212 1519 2319 1560 nos
2350 1519 2617 1578 quaerere
2647 1509 2877 1580 oportet
2911 1501 3181 1580 sijustus
3216 1509 3305 1561 est
3337 1499 3492 1561 Deus
3551 1500 3613 1560 Et
3645 1503 3820 1562 Petrus

2210 1592 2292 1650 ait
2317 1610 2328 1648 :
2357 1590 2543 1652 Valde
2560 1599 2994 1669 consequenter
3019 1599 3081 1652 et
3101 1601 3264 1651 recte
3286 1609 3353 1650 se
3383 1589 3577 1650 habet.
3602 1589 3779 1652 Simon
3808 1613 3819 1653 :

482 1679 844 1751 viderentur,
871 1678 921 1738 si
952 1678 1148 1739 simile
1182 1679 1506 1740 ineundum
1541 1679 1713 1740 nobis
1745 1687 1902 1739 esset
1933 1677 2127 1738 artifi-
2154 1713 2189 1761 Β
2212 1678 2401 1740 Velim
2437 1680 2697 1742 discere.

483 1773 660 1831 cium.
692 1770 866 1831 Nunc
896 1779 1090 1829 autem
1117 1768 1330 1830 sufﬁcit
1361 1767 1533 1830 nobis
1564 1768 1634 1828 ad
1667 1767 1895 1830 cultum
1935 1767 2036 1826 Dei
2064 1774 2128 1827 ut

483 1857 760 1935 sciamus,
788 1854 1066 1937 quiaipse
1088 1855 1231 1918 fecit
1253 1856 1539 1917 mundum
1563 1878 1579 1928 ;
1606 1855 1907 1935 quomodo
1929 1863 2124 1915 autem

2289 1767 2407 1832 XL.
2445 1773 2648 1833 Petrus
2687 1787 2699 1832 :
2736 1769 2919 1842 Audi,
2951 1771 3168 1848 inquit,
3227 1770 3500 1830 nonnulli
3551 1771 3816 1829 hominum

2213 1858 2694 1938 blasphementes
2726 1859 2914 1919 Deum
2942 1869 2996 1920 et
3022 1877 3258 1921 omnem
3284 1860 3466 1922 vitam
3490 1876 3645 1919 suam
3677 1860 3818 1918 inin-

480 1945 1089 2020 feceritquaarendum
1110 1963 1227 2006 non
1249 1954 1357 2019 est,
1380 1946 1534 2025 quia,
1559 1954 1617 2006 ut
1643 1944 1787 2020 dixi,
1817 1963 1932 2004 non
1955 1943 2128 2004 nobis
2207 1949 2438 2026 justitia
2468 1957 2525 2007 et
2559 1949 2856 2027 voluptate
2891 1947 3201 2022 ducentes,
3237 1949 3296 2008 in
3331 1947 3568 2009 lectulis
3597 1948 3707 2007 suis
3734 1947 3818 2007 de-

482 2033 778 2113 imminet,
835 2041 1110 2113 tanquam
1162 2033 1361 2095 simile
1411 2033 1632 2114 aliquid
1684 2033 1951 2103 iacturis,
1985 2033 2128 2094 artis

480 2124 670 2204 ipsius
697 2123 1010 2185 scientiam
1038 2123 1274 2184 discere
1331 2121 1444 2185 Sed
1480 2141 1673 2203 neque
1703 2141 1806 2203 pro
1841 2123 1948 2182 hoc
1968 2122 2127 2202 judi-

484 2213 656 2275 candi
688 2231 914 2292 sumus,
935 2231 1041 2273 cur
1068 2232 1186 2273 non
1213 2212 1595 2274 didicerimus
1619 2211 1916 2292 quomodo
1945 2211 2129 2272 factus

484 2303 561 2364 sit
590 2302 874 2375 mundus,
908 2302 1011 2363 sed
1037 2321 1142 2382 pro
1160 2320 1229 2363 eo
1255 2310 1502 2377 tantum,
1536 2307 1582 2363 si
1603 2303 1950 2379 ignoremus
1973 2299 2127 2363 Con-

485 2392 739 2454 ditorem
774 2393 925 2472 ejus.
954 2391 1224 2456 Sciemus
1253 2407 1446 2454 autem
1497 2392 1870 2452 conditorem
1925 2389 2129 2452 mundi

477 2483 706 2561 justum
738 2490 795 2542 et
824 2481 1045 2544 bonum
1100 2484 1313 2562 Deum,
1367 2482 1419 2544 si
1468 2500 1602 2543 eum
1637 2482 1860 2542 semitis
1885 2479 2131 2560 justitite

485 2571 879 2647 requiramus.
930 2570 1075 2632 Nam
1123 2572 1174 2632 si
1225 2573 1337 2633 hoc
1390 2579 1612 2633 tantum
1663 2571 1920 2632 sciamus
1951 2570 2025 2629 de
2059 2588 2129 2629 eo

486 2659 645 2736 quod
698 2659 890 2720 bonus
936 2668 1044 2733 est,
1089 2661 1435 2740 hujusmodi
1467 2661 1722 2722 scientia
1752 2677 1870 2721 non
1919 2657 2131 2719 sufﬁcit

2212 2037 2394 2097 functi
2430 2045 2590 2110 suut,
2648 2040 2951 2098 consecuti
2995 2038 3173 2098 ﬁnem
3231 2039 3366 2099 vitae
3421 2040 3572 2098 inter
3622 2056 3743 2097 suos
3781 2051 3820 2095 et

2212 2125 2620 2187 honorabilem
2647 2128 3012 2207 sepulturam
3041 2128 3180 2199 ;alii
3215 2146 3349 2187 vero
3388 2127 3568 2187 Deum
3590 2127 3818 2186 colentes

2215 2223 2272 2276 et
2302 2234 2432 2275 cum
2466 2217 2625 2276 omni
2669 2217 2903 2295 justitia
2950 2226 3009 2277 et
3040 2217 3366 2279 sobrietate
3399 2217 3569 2277 vitam
3605 2234 3750 2275 suam
3778 2217 3822 2275 in

2215 2306 2578 2383 parcimonia
2613 2317 3061 2386 conservantes,
3101 2325 3204 2385 pro
3231 2305 3459 2384 justita:
3492 2305 3827 2366 observantia

2213 2394 2274 2453 in
2308 2393 2562 2455 desertis
2596 2396 2901 2473 interiere,
2937 2397 3018 2456 ita
3052 2404 3114 2457 ut
3146 2415 3220 2457 ne
3264 2395 3573 2475 sepultura
3624 2394 3822 2472 quidem

2214 2482 2582 2544 haberentur
2638 2483 2826 2563 digni.
2887 2483 2996 2547 Ubi
3055 2497 3146 2546 est
3194 2503 3332 2562 ergo
3380 2483 3607 2561 justitia
3649 2481 3824 2552 Dei,si

2213 2573 2414 2633 anima
2446 2574 2801 2634 immortalis
2834 2593 2949 2634 non
2985 2581 3100 2654 est,
3126 2593 3257 2649 qum
3279 2573 3371 2635 vel
3401 2575 3450 2634 si
3477 2573 3652 2651 intpie
3675 2573 3826 2649 egerit

2216 2680 2417 2741 ptenas
2448 2661 2508 2721 in
2542 2663 2874 2737 futuro,vel
2902 2664 2951 2724 si
2977 2665 3068 2742 pie
3105 2673 3160 2723 et
3186 2664 3354 2742 jnste
3398 2663 3635 2740 praemia
3661 2678 3827 2722 conse-

485 2751 558 2812 ad
589 2749 861 2813 salutem.
901 2751 962 2812 In
1000 2751 1279 2830 praesenti
1322 2751 1481 2812 enim
1521 2759 1813 2830 tempore,
1865 2748 2127 2809 bonitate
2213 2750 2470 2830 quatur?
2524 2749 2593 2812 Et
2623 2750 2826 2814 Simon
2863 2755 2981 2816 ait:
3020 2753 3142 2814 Hoc
3172 2753 3380 2833 utique
3415 2762 3501 2812 est
3549 2750 3690 2829 quod
3740 2768 3822 2807 nos

486 2840 616 2920 ejus
639 2848 697 2901 et
718 2839 1026 2902 beneficiis
1049 2840 1563 2920 perfruunturnon
1596 2840 1786 2901 solum
1809 2837 2124 2917 digni,sed
2212 2840 2553 2902 incredulos
2613 2843 2773 2921 facit,
2835 2844 2973 2923 quia
3019 2843 3185 2903 multi
3237 2843 3393 2902 bene
3447 2850 3678 2920 agentes
3706 2837 3828 2899 male

484 2930 661 2991 etiam
697 2929 942 3008 indigni.
981 2928 1042 2991 Si
1073 2948 1211 2991 vero
1266 2949 1385 2991 non
1443 2938 1670 2991 tantum
1723 2928 1968 3002 bonum,
2023 2927 2125 2988 sed
2215 2941 2489 3010 pereunt,
2551 2939 2608 2991 et
2665 2950 2901 2992 rursum
2965 2931 3136 2992 multi
3197 2932 3386 3011 impie
3439 2939 3670 3010 agentes
3697 2928 3826 3002 longi

483 3019 658 3080 etiam
668 3019 894 3098 justum
913 3037 1048 3080 eum
1073 3019 1479 3094 credamus,et
1500 3019 1827 3082 secundum
1845 3018 1955 3079 hoc
1969 3015 2128 3097 quod
2148 3075 2186 3099 η
2214 3021 2496 3099 temporis
2529 3022 2700 3081 vitam
2736 3041 2869 3082 cum
2902 3021 3272 3084 beatitudine
3302 3021 3543 3082 finiunt.

482 3108 558 3169 de
618 3107 741 3170 Deo
774 3108 1101 3188 credimus,
1155 3109 1214 3170 in
1270 3110 1431 3171 omni
1462 3110 1578 3171 vita
1610 3107 2188 3186 nostrajustitiam“
2293 3108 2439 3172 XLI.
2473 3109 2545 3171 Et
2576 3109 2831 3173 Petrus:
2883 3109 3004 3172 Hoc
3054 3113 3274 3192 ipsum,
3327 3111 3549 3191 inquit,
3603 3107 3745 3186 quod
3786 3115 3831 3166 te

481 3197 996 3277 teneamus,etiam
1012 3197 1274 3260 bonitate
1292 3200 1420 3278 ejus
1442 3199 1503 3259 in
1523 3209 1807 3260 teternum
1834 3197 2125 3258 fruemur.
2210 3198 2285 3259 ad
2318 3198 2796 3262 incredulitatem
2836 3202 3038 3269 trahit,
3066 3200 3240 3261 nobis
3264 3207 3492 3260 certam
3511 3198 3676 3260 fidem
3694 3196 3827 3263 facit,

486 3286 755 3368 Denique
824 3286 1093 3349 Ilebmis
1134 3288 1235 3368 qui
1282 3288 1357 3349 de
1404 3291 1526 3352 Deo
1576 3287 1658 3350 ita
1699 3287 2122 3366 opinabantur,
2210 3287 2349 3366 quia
2374 3287 2670 3367 judicium
2710 3289 2845 3352 erit.
2880 3288 3111 3350 Etenim
3146 3308 3279 3350 cum
3308 3295 3542 3350 certum
3577 3287 3648 3347 sit
3672 3285 3828 3346 Deum

485 3376 643 3457 quod
673 3376 863 3437 solum
897 3376 1088 3439 bonus
1117 3385 1296 3457 esset,
1330 3377 1559 3440 dicebat
1595 3377 1873 3455 Magister
1896 3383 2119 3448 noster,
2201 3377 2428 3456 justum
2464 3395 2616 3452 esse,
2654 3380 3053 3440 necessarium
3085 3387 3144 3440 et
3175 3395 3558 3457 consequens
3588 3373 3826 3437 estaliud

484 3476 550 3529 ut
579 3476 637 3528 et
659 3465 948 3546 justitiam
981 3467 1112 3547 ejus
1155 3477 1490 3548 quaererent
1508 3466 1585 3542 οδ,
1620 3467 1733 3529 hoc
1765 3475 1873 3537 est,
1912 3473 1974 3525 ut
2003 3465 2122 3526 sci-
2209 3480 2340 3526 esse
2372 3466 2682 3539 smculum,
2712 3470 2771 3529 in
2795 3487 2911 3549 quo
2936 3470 3347 3548 unusquisque
3382 3485 3488 3547 pro
3517 3463 3735 3525 meritis
3753 3480 3832 3522 re-

482 3564 616 3618 rent
647 3574 782 3617 eum
833 3556 1108 3636 praesenti
1140 3557 1380 3637 quidem
1414 3566 1681 3636 tempore
1713 3554 1933 3616 bonum
1967 3571 2121 3633 esse,
2209 3556 2439 3634 cipiens
2468 3556 2760 3636 justitiam
2798 3559 2904 3621 Dei
2939 3557 3173 3636 probet.
3198 3556 3369 3630 Quod
3403 3556 3452 3615 si
3481 3573 3631 3614 nunc
3657 3569 3832 3612 omnes

483 3655 548 3708 ut
573 3662 782 3707 omnes
810 3645 871 3706 in
892 3644 1150 3707 bonitate
1172 3646 1303 3727 ejus
1325 3645 1543 3724 vivant,
1569 3645 1791 3724 justum
1823 3661 1958 3704 vero
1993 3661 2126 3702 eum
2213 3645 2486 3704 homines
2519 3664 2626 3726 pro
2657 3648 2889 3708 meritis
2919 3647 3042 3708 suis
3069 3649 3442 3726 reciperent,
3462 3661 3597 3706 vere
3627 3661 3724 3704 nos
3742 3641 3832 3702 fal-

487 3735 743 3796 futurum
787 3738 848 3796 in
881 3734 978 3796 die
999 3733 1237 3814 judicii,
1274 3743 1339 3796 ut
1386 3734 1582 3814 dignis
1613 3734 1856 3814 praemia
1913 3741 2132 3792 aeterna
2214 3732 2339 3793 lere
2375 3733 2723 3795 videbamur
2757 3736 3026 3798 dicentes
3082 3737 3347 3797 futurum
3386 3752 3520 3795 esse
3542 3732 3828 3812 judicium,

485 3825 777 3903 restituat,
803 3841 838 3884 a
865 3823 1084 3904 quibus
1115 3824 1391 3886 excludet
1422 3823 1722 3903 indignos.
2215 3836 2271 3882 et
2296 3823 2435 3884 ideo
2470 3824 2580 3885 hoc
2611 3826 2805 3904 ipsum
2835 3825 2991 3906 quod
3026 3827 3085 3887 in
3121 3823 3398 3904 prmsenti
3424 3823 3538 3884 vita
3572 3840 3681 3882 non
3712 3818 3831 3880 red—

566 3911 881 3977 XXXVIII.
915 3914 988 3976 Et
1009 3912 1216 3976 Simon
1245 3931 1259 3976 :
1290 3913 1601 3987 Quomodo
1627 3919 1816 3994 potest
1844 3931 2024 3973 unum
2049 3921 2130 3972 at-
2214 3913 2373 3973 ditur
2392 3915 2717 3991 unicuique
2745 3934 2850 3994 pro
2871 3915 3104 3976 actibus
3124 3915 3271 3986 suis,
3301 3915 3483 3974 fidem
3508 3908 3835 3972 indubitabi-

485 4021 605 4080 que
633 4003 817 4077 idem,
855 4011 913 4064 et
944 4003 1164 4064 bonum
1199 4022 1330 4065 esse
1361 4013 1419 4066 et
1442 4005 1670 4083 justum
1705 4003 1729 4064 ?
1758 4001 1968 4064 Petrus
1999 4002 2078 4062 ait
2113 4021 2124 4059 :
2215 4000 2330 4061 lem
2361 4002 2500 4064 facit
2527 4005 2860 4067 scientibus
2891 4004 3075 4067 Deum
3099 4023 3229 4066 esse
3255 4003 3517 4083 justum,
3550 3998 3831 4082 quiajudi-

484 4092 632 4166 Quia
656 4095 786 4155 sine
828 4093 1079 4174 justitia,
1115 4095 1334 4155 bonum
1367 4094 1651 4174 injustum
1687 4091 2128 4171 quodammodo
2213 4091 2370 4153 cium
2410 4092 2544 4154 erit.
2583 4098 2650 4157 Et
2681 4093 2924 4157 Simon:
2957 4093 3073 4156 Cur
3102 4112 3240 4172 ergo
3286 4093 3436 4154 mihi
3467 4111 3586 4153 non
3617 4107 3830 4171 persua-

484 4184 818 4258 videbitur;
857 4183 997 4245 boni
1029 4191 1118 4246 est
1150 4184 1333 4258 enim,
1361 4185 1547 4247 solem
1579 4202 1749 4245 suum
1784 4191 1842 4245 et
1871 4181 2124 4263 pluviam
2211 4181 2430 4243 detur?
2454 4182 2659 4245 Petrus
2685 4205 2697 4246 :
2725 4183 2872 4256 Quia
2893 4204 3094 4246 verum
3119 4184 3472 4264 prophetam
3505 4199 3618 4241 non
3648 4175 3836 4240 audisti

484 4291 554 4335 ex
575 4292 742 4354 aequo
764 4272 941 4349 justis
971 4281 1028 4334 et
1052 4273 1284 4352 injustis
1310 4273 1575 4354 praebere
1596 4272 1673 4348 97,
1699 4273 1801 4333 sed
1827 4273 1935 4332 huc
1958 4271 2123 4331 vide-
2209 4272 2544 4333 dicentem:
2581 4275 2852 4348 Quaerite
2877 4275 3078 4354 primo
3101 4274 3410 4354 justitiam
3455 4272 3605 4349 ejus,
3646 4276 3697 4329 et
3726 4279 3836 4325 hac

481 4371 650 4425 retur
676 4363 986 4443 injustam,
1021 4361 1072 4423 si
1095 4361 1284 4425 bonos
1316 4363 1620 4443 malosque
1650 4361 1857 4442 aequali
1890 4377 2128 4439 semper
2152 4433 2184 4443 _
2209 4365 2415 4423 omnia
2438 4373 2814 4441 opponentur
2837 4365 3005 4426 vobis
3020 4362 3096 4428 99.
3122 4362 3191 4424 Et
3209 4363 3418 4423 Simon
3447 4379 3461 4423 :
3493 4358 3741 4435 Indulge,
3764 4356 3834 4414 in-

483 4459 640 4514 sorte
697 4433 990 4522 censeret,
1024 4459 1083 4513 et
1115 4453 1228 4514 nisi
1262 4453 1494 4532 frugum
1525 4433 1706 4514 causa
1721 4433 1847 4511 'hoc
1877 4433 2123 4528 faceret,
2150 4433 2191 4483 ο
2213 4450 2362 4530 quit,
2400 4433 2543 4512 mihi
2578 4452 2802 4514 nolenti
2834 4454 3027 4533 primo
3046 4452 3339 4532 justitiam
3370 4433 3834 4531 quaerere—ante-

484 4541 697 4623 quibus
727 4540 955 4621 perfrui
979 4541 1285 4622 aequaliter
1305 4560 1514 4603 omnes
1543 4541 1645 4622 qui
1670 4540 1731 4601 in
1763 4541 1874 4602 hoc
1908 4539 2130 4599 mundo
2213 4559 2392 4620 quam
2441 4542 2622 4602 sciam
2685 4541 2734 4602 si
2763 4542 3114 4604 immortalis
3148 4543 3224 4603 sit
3255 4540 3478 4602 anima.
3512 4537 3581 4599 Et
3609 4535 3831 4623 Petrus:

485 4621 604 4694 nati
637 4639 797 4711 sunt,
831 4621 1196 4705 conveniret,
1232 4629 1348 4694 Sed
1384 4633 1534 4693 sicut
1562 4621 1696 4692 data
1727 4649 1762 4691 a
1790 4628 1912 4690 Deo
1939 4629 2132 4709 pluvia
2212 4627 2282 4688 Et
2313 4639 2370 4689 tu
2397 4629 2539 4690 mihi
2567 4631 2680 4692 hoc
2710 4651 2892 4692 unum
2917 4630 3326 4712 indulge,quia
3351 4647 3474 4689 non
3509 4643 3733 4712 possum
3759 4621 3830 4712 fa-

486 4740 556 4784 ex
601 4709 859 4800 aequo-et
888 4721 1086 4800 fruges
1128 4723 1309 4784 nutrit
1338 4731 1395 4784 et
1425 4722 1656 4795 lolium,
1693 4720 1904 4781 messis
1931 4728 2128 4780 autem
2212 4736 2350 4780 cere
2380 4718 2554 4781 aliter
2578 4739 2751 4801 quam
2807 4740 2900 4783 me
2948 4709 3233 4803 propheta
3284 4717 3550 4781 veritatis
3607 4709 3831 4774 edocuit.

484 4820 757 4891 tempore
781 4811 1078 4873 frumenta
1107 4812 1347 4891 quidem
1382 4817 1816 4891 congregantur
1863 4809 1922 4869 in
1983 4809 2127 4898 hor-
2213 4808 2362 4869 Tum
2395 4809 2638 4873 Simon:
2674 4814 2916 4874 Certum
2939 4820 3048 4888 est,
3085 4811 3297 4891 inquit,
3334 4827 3455 4869 non
3488 4821 3658 4898 posse
3687 4812 3736 4862 te
3753 4818 3834 4898 as-

482 4889 678 4977 reum,
714 4900 898 4982 paleae
924 4919 1065 4963 vero
1103 4889 1186 4962 vel
1210 4901 1415 4964 lolium
1441 4889 1561 4981 igni
1584 4889 2121 4962 consumuntur”:
2211 4915 2410 4959 serere
2440 4901 2596 4979 quod
2629 4899 2981 4962 immortalis
3011 4901 3087 4962 sit
3117 4889 3336 4980 anima,
3367 4905 3425 4958 et
3448 4895 3523 4958 oh
3549 4895 3656 4956 hoc
3679 4889 3828 4982 cavil-

483 4992 564 5053 ita
610 4989 674 5050 in
723 4989 821 5052 die
847 4989 1060 5070 judicii
1090 5009 1225 5052 cum
1270 4993 1417 5072 justi
1451 4991 1901 5052 introducentur
1931 4988 1991 5048 in
2022 5007 2122 5048 re-

484 5097 670 5164 gnum
719 5078 850 5154 Dei,
901 5079 1110 5159 injusti
1155 5089 1352 5143 autem
1385 5081 1742 5162 abjicientnr
1771 5078 1953 5158 foras,
1988 5085 2126 5138 tunc

483 5169 664 5232 etiam
688 5166 1033 5250 justitiaDei
1061 5171 1433 5233 ostendetur.
1468 5170 1612 5233 Nam
1645 5169 1693 5229 si
1725 5166 1965 5247 aequalis
1997 5184 2126 5248 per-

484 5268 753 5322 maneret
776 5265 1067 5339 perpetuo
1091 5260 1263 5322 malis
1294 5269 1351 5324 et
1369 5260 1561 5336 bonis,
1590 5260 1716 5340 jam
1751 5257 1862 5319 hoc
1884 5275 2001 5317 non
2023 5275 2122 5316 so-

484 5349 606 5412 lum
639 5348 861 5412 bonum
893 5366 1012 5410 non
1041 5359 1225 5432 esset,
1259 5349 1366 5412 sed
1397 5359 1456 5414 et
1478 5349 1763 5431 injustum
1795 5358 1971 5428 atque
2001 5345 2124 5408 ini-

2211 4987 2374 5068 laris,
2427 4989 2622 5051 sciens
2669 4992 2808 5070 quia
2837 4991 2888 5052 si
2922 4991 3190 5054 mortalis
3242 4987 3552 5070 probetur,
3588 4980 3834 5044 radicitus

2209 5077 2570 5139 convellatur
2600 5081 2903 5159 religionis
2933 5080 3103 5141 istius
3128 5098 3304 5161 quam
3329 5075 3566 5139 conaris
3592 5082 3828 5161 asserere

2207 5174 2326 5228 tota
2357 5167 2650 5247 professio
2680 5192 2694 5245 ;
2730 5176 2790 5230 et
2832 5169 2967 5249 ideo
3003 5159 3175 5231 laudo
3208 5167 3449 5250 quidem
3487 5159 3822 5253 prudentile

2209 5263 2391 5333 tuam,
2445 5276 2564 5319 non
2620 5247 2846 5320 tamen
2879 5259 3064 5341 probo
3115 5247 3564 5340 persuasionem
3595 5247 3830 5345 {multis

2209 5347 2366 5406 enim
2403 5349 2726 5427 persuades
2773 5337 3078 5430 suscipere
3111 5337 3463 5427 religionem
3497 5351 3555 5404 et
3601 5337 3829 5402 libilinis

562 5514 620 5562 ⁸⁸
645 5517 851 5582 Matth.
875 5533 962 5598 vi,
994 5515 1092 5580 33.
1181 5515 1238 5562 9"
1261 5517 1462 5585 Matth.
1495 5540 1554 5596 v,
1591 5520 1687 5583 45.
1776 5514 1830 5560 ⁸⁸
1861 5516 2067 5580 Matth.
2101 5533 2126 5581 Ii

2222 5517 2320 5579 4'2.
2408 5514 2464 5559 9°
2497 5519 2702 5580 Matth.
2733 5536 2808 5600 vt,
2843 5519 2942 5584 33.
