4054 6214
305 322 459 384 1313

1474 312 1980 411 ΗΕΟΟΘΝΙΪΙἾΟΝ
1995 315 2101 375 UM
2153 315 2296 376 LIB.
2346 316 2447 380 111.

3515 330 3661 393 I314

377 456 553 521 LXX.
582 491 661 501 —
694 454 872 533 Igitur
900 460 1113 513 statuto
1144 451 1239 512 die
1284 468 1422 539 cum
1473 448 1938 539 stetissent‘ante
1960 457 1994 503 Α
2022 448 2364 539 relinquens
2387 470 2538 528 quos
2567 472 2680 513 non
2714 466 2971 533 oportet,
2999 459 3086 519 vel
3119 479 3359 524 uxorem
3395 466 3657 539 lidelem,

298 549 568 622 Petrum,
601 544 688 607 Ne
709 542 1039 617 arbitreris,
1063 543 1247 612 aiunt,
1272 536 1473 613 Petro,
1503 556 1740 618 parvum
1772 538 1943 599 nobis

298 634 483 696 indici
510 631 1017 712 mmrorem,quod
1042 629 1389 691 fraudamur
1413 647 1531 688 non
1553 629 1864 688 audientes
1887 636 1944 687 te

300 742 408 805 per
439 742 676 785 menses
704 733 822 783 trcs
849 739 863 796 ;
891 721 991 781 sed
1021 720 1304 796 quoniam
1335 720 1445 780 hoc
1476 718 1711 796 expedit
1743 734 1939 796 agere.

298 814 456 896 quod
486 823 546 873 tu
574 810 777 892 jubes,
812 809 1166 870 obediemus
1203 807 1675 888 promptissime;
1712 822 1949 885 semper

298 922 440 982 ergo
465 904 687 964 vultum
714 910 877 961 tuum
903 899 961 959 in
999 907 1181 958 nostri
1233 898 1416 957 corde
1448 896 1778 957 retinentes
1795 897 1947 957 sicut

290 994 522 1074 jussisti
555 995 783 1052 alacres
816 987 1275 1069 proliciScimur.
1310 988 1386 1048 At
1417 986 1519 1074 ille
1548 986 1816 1046 oratione
1840 1004 1947 1064 pro

298 1073 388 1144 eis
413 1082 484 1143 ad
516 1081 832 1144 Dominum
856 1078 983 1138 l‘usa
1015 1076 1214 1138 emisit
1251 1094 1371 1137 eos.
1405 1073 1476 1135 Et
1522 1092 1659 1137 cum
1699 1075 1946 1155 profecti

298 1172 554 1234 fuissent
583 1170 665 1232 illi
698 1168 1012 1229 duodecim
1075 1166 1177 1243 qui
1228 1165 1514 1247 praemissi
1546 1173 1708 1240 sunt,
1743 1163 1948 1226 Petrus

301 1263 607 1338 ingressus
639 1276 712 1319 ex
775 1274 938 1317 more
997 1256 1055 1315 in
1112 1257 1241 1316 loco
1299 1253 1720 1332 disputationis
1764 1256 1945 1315 stetit.

301 1350 674 1412 Convenerat
731 1357 925 1407 autem
992 1345 1189 1424 populi
1250 1343 1589 1423 multitudo,
1653 1344 1952 1423 copiosior

306 1456 597 1501 numerus
646 1455 819 1517 quam
874 1434 1126 1512 solebat,
1158 1443 1214 1495 et
1248 1450 1459 1494 omnes
1485 1450 1620 1493 cum
1679 1434 1951 1514 lacrymis

306 1530 683 1591 tntuebantur
713 1544 872 1599 eum,
902 1542 1006 1604 pro
1036 1542 1107 1584 eo
1138 1523 1293 1603 quod
1327 1522 1518 1603 pridie
1546 1522 1620 1583 ab
1652 1541 1723 1583 eo
1744 1524 1947 1585 audis-

303 1628 460 1699 sent,
496 1615 897 1698 profecturum
922 1634 985 1675 se
1015 1612 1271 1675 Simonis
1322 1620 1527 1691 gratia.
1578 1610 1690 1674 Sed
1735 1622 1793 1673 et
1825 1613 1950 1693 ipse

308 1713 705 1789 lacrymantes
733 1723 835 1766 eos
894 1704 1100 1764 videns
1156 1702 1377 1764 similia
1430 1701 1788 1784 patiebatur,
1815 1703 1953 1766 licet

306 1808 629 1859 conaretur
657 1795 957 1856 occultare
980 1803 1037 1854 et
1065 1791 1339 1853 inhibere
1370 1791 1658 1873 lacrymas
1685 1811 1702 1867 ;
1729 1793 1947 1872 prode-

306 1890 481 1949 batur
514 1896 707 1945 tamen
764 1903 835 1945 ex
895 1894 1157 1943 tremore
1216 1884 1375 1943 vocis
1425 1890 1483 1941 et
1516 1880 1952 1961 interruptione

301 1977 618 2047 sermonis,
655 1974 811 2051 quod
847 1972 1027 2032 simili
1058 1980 1379 2048 angeretur
1421 1970 1666 2031 allecto.

383 2062 578 2127 LXXI.
615 2061 1034 2124 Verumtamen
1070 2079 1249 2120 manu
1296 2059 1637 2120 confricans
1667 2059 1943 2128 frontem,

304 2159 495 2236 [Equo
517 2156 738 2232 animo,
766 2148 1512 2230 inquit,estote,fratres,et
1532 2148 1952 2211 misericordes

302 2244 530 2305 animas
551 2249 773 2302 vestras
796 2238 1030 2299 consilii
1054 2237 1287 2298 ratione
1311 2237 1954 2312 solamini,rel‘erentes

306 2333 506 2393 omnia
527 2330 597 2391 ad
631 2328 1025 2408 Deum,cujus
1044 2326 1230 2387 solius
1258 2325 1563 2405 implenda
1585 2336 1642 2387 et
1666 2327 1728 2388 in
1752 2327 1951 2388 omni-

308 2426 417 2483 bus
455 2419 819 2500 praeferenda
867 2419 1136 2477 voluntas
1167 2425 1281 2477 est.
1309 2413 1453 2476 Nam
1490 2415 1539 2477 si
1575 2417 1736 2477 verbi
1769 2418 1955 2496 gratia

309 2510 788 2591 ponamus,quod
816 2525 921 2588 pro
939 2505 1150 2567 aﬂectu
1174 2524 1350 2584 quem
1378 2523 1517 2581 erga
1541 2524 1645 2568 vos
1666 2506 1953 2585 gerimus,

309 2609 513 2661 contra
548 2598 913 2659 voluntatem
940 2596 1069 2675 ejus
1101 2605 1343 2672 agentes
1372 2596 1743 2656 resideamus
1765 2597 1955 2657 vobis-

310 2710 469 2770 cum,
499 2688 760 2766 nunquid
792 2706 907 2747 non
931 2697 1123 2765 potest
1146 2684 1327 2744 missa
1358 2686 1415 2745 in
1452 2703 1545 2745 me
1572 2694 1781 2757 morte,
1817 2702 1955 2764 pro-

312 2781 627 2841 fectionem
652 2777 795 2837 mihi
819 2796 851 2837 a
875 2775 1039 2836 vobis
1056 2776 1324 2836 indicere
1349 2773 1710 2854 longiorem?
1730 2776 1804 2835 Et
1822 2774 1957 2834 ideo

314 2870 523 2931 melius
555 2878 724 2928 estut
749 2868 899 2927 lianc
922 2864 1253 2925 breviorem
1286 2882 1420 2929 cum
1450 2864 1748 2925 voluntate
1775 2865 1959 2944 ipsius

311 2959 690 3038 impleamus,
724 2963 927 3034 utpote
958 2955 1177 3034 quibus
1207 2952 1515 3013 deﬁnitum
1552 2963 1643 3013 est
1676 2953 1733 3013 in
1767 2952 1959 3013 omni-

2026 537 2112 596 vel
2169 539 2217 596 si
2269 539 2481 634 quael0
2509 551 2646 601 sunt
2707 542 3039 620 liujusmodi
3105 567 3393 631 personze,
3446 537 3667 634 quibus

2029 637 2271 705 propter
2304 630 2487 689 lleum
2520 632 2738 691 delerri
2789 633 3061 693 solatium
3107 630 3386 699 convenit
3435 630 3666 710 Interea

2032 734 2137 793 per
2158 717 2283 776 dies
2302 718 2571 809 singulos
2599 721 2907 799 disputans
2941 732 2997 783 et
3036 723 3279 799 docens,
3302 737 3663 809 propositum

2034 816 2264 882 tempus
2297 806 2354 865 in
2388 808 2675 869 doctrinas
2704 810 2905 870 labore
2931 814 3268 892 complevit.
3308 815 3375 877 Et
3404 806 3537 882 cum
3561 826 3668 884 ad-

2031 896 2283 955 venisset
2316 897 2447 955 dies
2497 897 2704 973 festus,
2730 916 2911 978 super
2938 901 3148 963 decem
3185 905 3366 966 millia
3397 907 3668 987 baptizati

2027 992 2185 1043 Sunt.

2115 1070 2362 1135 LXXIII.
2390 1075 2454 1136 In
2478 1074 2597 1136 illis
2619 1085 2814 1137 autem
2840 1078 3052 1139 diebus
3082 1082 3331 1159 epistola
3360 1086 3605 1149 mittitur
3639 1109 3673 1151 a

2034 1161 2313 1222 fratribus
2337 1169 2431 1242 qui
2459 1173 2909 1244 praecesserant,
2939 1168 2997 1227 in
3025 1187 3139 1248 qua
3159 1168 3421 1234 Simonis
3441 1178 3669 1240 Scelera

2034 1252 2515 1346 continebantur,
2551 1256 2851 1334 quomodo
2896 1276 3000 1335 per
3044 1259 3311 1321 civitates
3368 1265 3674 1346 deciperet

2036 1340 2233 1400 turbas
2268 1345 2595 1404 ctl’etrum
2657 1363 2762 1424 per
2817 1346 3045 1425 singula
3100 1348 3411 1425 laceraret,
3448 1340 3520 1415 ut.
3538 1375 3670 1418 cum

2037 1431 2188 1489 forte
2213 1432 2568 1513 advenisset,
2596 1436 2792 1495 nullus
2816 1438 3362 1501 eiut-commodaret
3376 1445 3669 1506 auditum.

2036 1519 2351 1610 Asserebat
2395 1525 2554 1582 enim
2604 1542 2737 1601 eum
2796 1543 3027 1604 magum
3078 1547 3211 1589 esse
3259 1539 3314 1588 ct
3343 1517 3473 1593 sine
3525 1536 3669 1610 Deo,

2038 1608 2415 1701 injuriosum,
2450 1613 2753 1692 callidum,
2790 1615 3127 1695 imperitum
3178 1629 3239 1680 et
3284 1608 3674 1701 impossibilia

1978 1741 2011 1790 Β
2040 1698 2435 1777 pioﬁtentem.
2476 1702 2743 1764 Mortuos
2770 1708 2926 1765 enim
2962 1698 3401 1771 resurrecturus
3440 1715 3670 1789 asserit,

2036 1790 2191 1866 quod
2220 1801 2330 1868 est,
2361 1792 2571 1870 inquit,
2596 1791 3060 1871 impi-ssibile.Si
3083 1797 3182 1875 qui
3206 1815 3344 1859 vero
3366 1818 3500 1861 eum
3524 1822 3672 1864 con-

2037 1879 2221 1973 futare
2254 1879 2416 1973 velit,
2456 1881 2706 1943 occultis
2737 1883 2810 1944 ab
2854 1903 2923 1944 eo
2957 1885 3194 1946 insidiis
3236 1888 3546 1965 perimitur
3570 1911 3676 1973 per

2035 1968 2318 2029 satellites
2346 1964 2479 2047 ej'us
2507 1990 2522 2043 ;
2573 1983 2817 2051 propter
2863 1975 3044 2053 quod,
3073 1964 3284 2055 inquit,
3314 1988 3369 2037 et
3401 1998 3509 2057 ego
3540 1964 3673 2043 cum

2037 2074 2168 2150 eum
2200 2075 2579 2150 superassem
2632 2066 2693 2123 et
2747 2062 3234 2142 triumpl.assem,
3273 2066 3518 2130 insidias
3548 2070 3679 2150 ejus

2034 2146 2254 2207 veritus
2289 2148 2432 2223 l‘ugi,
2471 2168 2542 2208 ne
2574 2150 2725 2212 forte
2755 2152 3064 2213 maleliciis
3098 2172 3191 2215 me
3223 2158 3548 2234 perimeret
3575 2146 3677 2223 aut

2039 2246 2283 2297 mortem
2311 2256 2499 2299 meam
2524 2257 2629 2319 per
2650 2240 2895 2301 insidias
2923 2238 3558 2309 elocaretJndicabant
3579 2267 3680 2311 au-

2040 2335 2155 2385 tem
2193 2327 2451 2387 maxime
2482 2346 2615 2388 eum
2650 2329 2805 2409 apud
2841 2330 3126 2410 Tripolim
3157 2333 3477 2399 demorari.

2120 2413 2372 2479 LXXiV.
2411 2416 2592 2509 Igitur
2620 2417 2830 2479 Petrus
2863 2419 3170 2500 epistolam
3191 2424 3424 2486 recitari
3462 2428 3677 2509 populo

2034 2504 2225 2583 jubet,
2249 2516 2307 2566 et
2338 2516 2466 2586 post
2498 2507 2816 2569 lectionem
2850 2510 3139 2571 allocutus
3169 2530 3271 2572 eos
3299 2516 3374 2575 de
3404 2504 3679 2579 omnibus

2045 2595 2390 2670 plenissime
2416 2596 3026 2679 instruxit,prtecipue
3054 2612 3252 2662 tamen
3278 2611 3339 2662 ut
3361 2605 3677 2670 obedirent

2044 2684 2341 2753 Zaccltaao,
2378 2705 2557 2765 quem
2613 2689 2908 2748 ordinavit
2958 2690 3046 2750 eis
3079 2691 3445 2773 episcopum.
3477 2696 3591 2757 Sed
3624 2706 3682 2757 et

2043 2773 2425 2853 presbyteros
2448 2783 2506 2835 et
2530 2775 2819 2837 diaconos
2848 2778 3085 2857 populo,
3118 2788 3173 2839 et
3193 2779 3341 2860 ipsis
3371 2782 3678 2845 nihilomi-

2043 2880 2153 2921 nus
2187 2864 2467 2942 populum
2496 2866 3289 2949 commendavit.Simulque
3322 2870 3681 2937 denuntians

2044 2952 2198 3030 quod
2218 2951 2370 3032 apud
2397 2953 2679 3033 Tripolim
2716 2953 3082 3016 hiematurus
3104 2966 3282 3031 esset,
3310 2959 3678 3024 Commendo

313 3049 425 3109 bus
456 3049 701 3107 obedire
731 3047 853 3107 Deo
882 3066 896 3119 ;
924 3043 1082 3104 unde
1112 3051 1170 3103 et
1201 3060 1300 3101 vos
1330 3041 1563 3103 debetis
1593 3044 1772 3103 simili
1806 3042 1955 3102 obe-
1975 3055 2017 3107 c
2045 3057 2167 3121 vos,
2229 3042 2440 3122 inquit,
2475 3044 2675 3122 gratiae
2733 3044 2861 3119 Dei,
2891 3046 3150 3107 crastino
3202 3065 3336 3108 cum
3381 3050 3681 3115 voluntate

311 3136 532 3198 dientia
566 3154 774 3216 parere
797 3135 874 3215 ei,
899 3133 1119 3214 quippe
1150 3132 1249 3210 qui
1282 3131 1461 3193 etiam
1486 3150 1581 3193 me
1600 3151 1717 3193 non
1742 3131 1856 3192 alia
1887 3150 1957 3193 ex

312 3224 631 3306 causa,nisi
655 3243 758 3305 pro
786 3224 972 3304 ipsius
992 3239 1194 3283 amore
1215 3220 1497 3299 diligatis.
1528 3221 1600 3283 Ut
1623 3239 1763 3298 ergo
1781 3220 1955 3281 amici

312 3316 442 3389 Dei,
482 3316 759 3375 voluntati
811 3314 943 3392 ejus
988 3315 1438 3389 obtemperate;
1470 3310 1577 3372 sed
1619 3319 1678 3370 et
1706 3328 1813 3371 vos
1842 3311 1956 3390 ipsi

313 3404 560 3487 probate
580 3404 738 3481 quod
754 3403 983 3483 justum
1002 3398 1407 3481 est.t\unquid
1440 3418 1555 3460 non
1582 3399 1830 3480 impium
1868 3400 1955 3459 vi-

313 3495 585 3567 debatur,
619 3492 671 3555 si
722 3510 855 3553 cum
917 3509 1023 3552 vos
1083 3487 1289 3552 Simon
1338 3490 1667 3570 deciperet,
1698 3508 1806 3567 ego
1837 3507 1957 3549 non

316 3584 609 3645 venissem
641 3582 713 3643 ad
742 3598 843 3641 vos
868 3580 1143 3641 detentus
1183 3598 1217 3640 a
1246 3579 1533 3640 fratiibus
1563 3579 1662 3659 qui
1697 3590 1867 3640 erant
1897 3581 1955 3639 in

313 3670 719 3752 Hierusalem,
751 3679 809 3731 et
849 3669 1093 3749 quidem
1146 3687 1281 3730 cum
1334 3668 1634 3729 haberetis
1674 3669 1829 3748 apud
1859 3685 1958 3731 vos

314 3760 687 3840 Zaccbazum,
718 3760 904 3820 virum
951 3758 1172 3820 bonum
1219 3768 1278 3819 et
1310 3757 1367 3818 in
1402 3774 1681 3819 sermone
1710 3757 1957 3837 expedi-

316 3860 439 3912 tum
466 3850 491 3911 Υ
514 3853 595 3912 Ita
616 3868 756 3927 ergo
782 3856 840 3909 et
866 3867 1023 3909 nunc
1054 3848 1303 3928 impium
1321 3847 1610 3927 judicate,
1635 3848 1683 3907 si
1706 3865 1838 3907 cum
1860 3864 1960 3907 ea-

314 3941 451 4001 ierit
474 3941 675 4004 Simon
707 3939 781 4000 ad
809 3946 1020 4019 gentes
1041 3938 1495 4017 impugnandas,
1517 3935 1731 4017 quibus
1766 3936 1960 3997 nullus

316 4029 559 4091 omnino
589 4029 874 4092 defensor
902 4036 1012 4102 est,
1036 4046 1144 4102 ego
1178 4044 1297 4087 non
1331 4024 1662 4105 subsequar
1687 4028 1962 4086 detentus

316 4137 350 4179 a
371 4120 562 4180 vobis.
601 4121 846 4197 Propter
869 4116 1022 4196 quod
1044 4119 1456 4194 observemus,
1482 4133 1555 4174 ne
1577 4114 1725 4175 forte
1747 4116 1958 4176 allectu

320 4208 541 4289 injusto
568 4210 925 4268 voluntatem
961 4205 1201 4283 maligni
1229 4205 1530 4265 faciamus.

399 4297 631 4361 LXXII.
682 4298 923 4359 Interim
969 4294 1177 4363 tribus,
1214 4309 1277 4356 ut
1309 4294 1453 4369 dixi,
1484 4294 1788 4357 mensibus
1822 4310 1962 4373 per-

322 4390 572 4451 manebo
601 4390 754 4468 apud
789 4405 928 4461 vos;
979 4394 1166 4448 estote
1214 4385 1435 4445 assmui
1480 4386 1551 4445 ad
1597 4383 1961 4445 audiendum

2045 3130 2276 3191 Domini
2302 3132 2700 3212 profecturus.
2724 3134 2838 3196 Per
2861 3134 3061 3195 totos“
3081 3145 3277 3198 autem
3303 3146 3423 3201 tres
3445 3158 3683 3202 menses

2045 3238 2193 3299 quos
2222 3222 2374 3301 apud
2426 3225 2754 3285 Caesaream
2810 3224 3096 3286 doctrinae
3132 3243 3308 3290 causa
3352 3231 3681 3309 exegimus,

2043 3326 2411 3389 quaecunque
2422 3310 2573 3389 apud
2593 3311 2876 3390 populum
2893 3312 3224 3374 disserebat
3240 3333 3344 3393 per
3360 3318 3680 3398 diem,litec

2044 3399 2217 3459 nobis
2247 3411 2482 3462 secreto
2508 3401 2956 3461 luculirantibus
2977 3419 3178 3464 secum
3206 3404 3437 3484 plenius
3468 3416 3526 3467 et
3551 3426 3681 3487 per-

2042 3487 2255 3548 lectius
2286 3487 2661 3569 explanabat,
2690 3498 2968 3571 tanquam
2994 3490 3362 3553 ﬁdelioribus
3382 3513 3449 3554 ac
3480 3497 3594 3558 sibi
3617 3499 3682 3558 li-

2041 3578 2225 3657 quido
2256 3577 2541 3658 probatis.
2566 3576 2755 3641 Simul
2780 3590 2841 3642 et
2864 3580 3117 3660 imperat
3142 3580 3311 3656 mihi,
3329 3584 3470 3660 quia
3499 3587 3681 3648 intel-

2042 3668 2181 3728 lexit
2198 3684 2292 3729 me
2307 3668 2631 3729 studiosius
2645 3687 2776 3749 qua:
2792 3671 3061 3731 audirem
3080 3672 3369 3734 memoria
3382 3682 3682 3738 commen-
3784 3737 3789 3745 ,

2043 3754 2209 3828 dare,
2245 3758 2415 3817 libris
2445 3758 2676 3835 singula
2706 3774 2955 3838 quaeque
2989 3776 3120 3839 qua:
3153 3772 3481 3824 memoratu
3508 3764 3685 3845 digna

2043 3845 2399 3907 videbantur
2420 3850 2937 3926 comprehendere
2959 3859 3018 3909 et
3040 3849 3274 3910 mittere
3294 3850 3367 3911 ad
3394 3858 3559 3928 te,mi
3582 3856 3684 3915 do-

2046 3936 2206 3994 mine
2234 3933 2479 4024 Jacobe,
2511 3935 2669 3996 sicut
2698 3946 2754 3997 et
2784 3936 2896 3997 feci
2931 3956 3146 4019 parens
3176 3939 3309 4019 ejus
3348 3946 3683 4024 praeceptis.

2132 4022 2357 4087 LXXV.
2384 4023 2619 4085 Primus
2641 4043 2783 4105 ergo
2806 4026 2960 4089 liber
2979 4046 3046 4089 ex
3076 4029 3170 4091 bis
3196 4048 3345 4109 quos
3364 4032 3529 4111 prius
3552 4022 3685 4096 misi

2047 4123 2119 4174 ad
2156 4124 2212 4175 te
2231 4115 2361 4193 (98)
2388 4115 2650 4176 continet
2675 4118 2752 4177 de
2775 4133 2913 4179 vero
2938 4118 3223 4198 propheta
3246 4128 3303 4179 et
3323 4122 3398 4182 de
3423 4124 3685 4202 proprie-

2049 4214 2168 4266 tate
2222 4204 2635 4281 intelligentia:
2678 4205 2849 4283 legis,
2882 4210 3211 4269 secundum
3242 4208 3299 4267 id
3329 4212 3486 4289 quod
3510 4210 3687 4292 Moysi

2052 4293 2284 4354 traditio
2314 4293 2506 4354 docet.
2543 4294 2859 4355 Secundus
2916 4296 2992 4356 de
3053 4295 3341 4376 principio
3396 4304 3683 4378 continet,

1987 4356 2029 4408 θ
2050 4393 2245 4444 utrum
2271 4401 2455 4441 unum
2473 4382 2549 4442 sit
2565 4384 2946 4465 principium,
2970 4356 3280 4459 animulta',
3308 4394 3368 4447 et

316 4481 654 4560 verbum,et
674 4474 1279 4549 consummatishis,si
1299 4474 1397 4553 qui
1424 4484 1670 4554 possunt
1690 4483 1747 4534 et
1767 4473 1967 4535 volunt
2051 4473 2282 4551 ignoret
2302 4469 2688 4533 Hebraeorum
2714 4473 2980 4553 lex,quid
3003 4478 3079 4533 sit
3106 4474 3495 4538 immensitas.
3528 4476 3683 4542 Ter-

319 4568 493 4651 sequi
515 4585 644 4641 nos,
665 4565 1026 4648 permittitur
1044 4566 1130 4627 eis
1152 4566 1308 4626 salva
1327 4560 1741 4645 pietate.Quod
1764 4574 1960 4624 autem
2050 4562 2185 4642 tius,
2209 4561 2281 4621 de
2305 4561 2427 4623 Deo
2459 4571 2514 4622 et
2537 4562 2628 4623 bis
2650 4580 2783 4643 quas
2799 4566 2874 4623 ab
2896 4581 2968 4623 eo
2998 4562 3267 4623 instituta
3295 4578 3455 4628 sunt.
3489 4566 3685 4640 Quar-

319 4658 455 4722 dico
478 4658 635 4720 salva
665 4657 905 4737 pietate,
946 4657 1057 4717 hoc
1089 4664 1200 4735 est,
1234 4671 1512 4735 nequem
1561 4653 1824 4714 discessu
1856 4670 1961 4715 suo
2045 4662 2161 4730 tos,
2198 4652 2356 4727 quod
2390 4669 2525 4737 cum
2561 4654 2736 4712 multi
2779 4652 3050 4713 dicantur
3078 4652 3186 4724 dii;
3220 4669 3376 4715 unus
3406 4654 3483 4716 sit
3515 4675 3689 4721 verus

318 4754 632 4812 contristet
661 4745 763 4828 qui
795 4743 1130 4839 contristari
1165 4761 1281 4804 non
1319 4747 1523 4824 debet,
1554 4742 1646 4804 vel
1687 4744 1963 4823 parentes
2014 4741 2556 4841 ‘Deuqsecundum
2573 4740 3681 4826 testimoniaScripturarum.Quintus,

400 4908 457 4952 ¹⁰
491 4908 591 4971 νει
620 4910 674 4971 si
701 4910 1197 4988 qum—concerta
1226 4908 1445 4970 desunt
1462 4904 1523 4964 in
1547 4903 1685 4965 cod.
1711 4914 1964 4987 utroque
1983 4904 2142 4986 Lips.
2231 4901 2297 4944 ¹¹τ
2318 4900 2438 4963 Pet
2464 4907 2827 4977 ωερε-γεω
2851 4918 2972 4963 non
2985 4909 3233 4981 poterat
3436 4907 3544 4985 .75)
3567 4925 3687 4969 non

288 5000 571 5069 agantur
600 4988 667 5051 in
694 4987 873 5053 Codd.
908 4987 1129 5069 Lipss.‘

1639 5090 2042 5187 CO'l‘ELEBlI
2072 5086 2322 5154 κοτε.

405 5232 531 5313 (98)
540 5234 800 5319 ﬁgimus
811 5249 965 5319 ergo.
981 5231 1133 5319 [terr
1144 5252 1230 5319 ea;
1243 5232 1338 5295 his
1360 5246 1505 5312 quos
1525 5226 1706 5319 prius
1728 5226 1871 5319 misi
1882 5223 1962 5285 ad
2044 5219 2499 5319 Carmelitarum
2524 5219 2778 5319 legitur:
2814 5220 3244 5319 Pictinctiones
3264 5219 3563 5285 librorum
3584 5223 3683 5319 de-

323 5300 1016 5394 le,"etc."lgiturde'cem
1050 5314 1131 5374 illi
1172 5314 1305 5374 libri
1331 5300 1634 5394 aiitea'ad
1674 5306 1961 5394 Iacobum
2046 5300 3694 5394 cern‘prasentisoperia.Eumdemqueierroremsecutus

321 5382 599 5475 missilsi
623 5382 892 5475 unquam
929 5394 987 5475 in
1022 5412 1219 5475 rerum
1252 5403 1459 5475 natura
1492 5385 1962 5475 eastitereldiso
2042 5382 2282 5475 [videtur
2307 5392 2429 5475 tum
2459 5383 2731 5473 scriptor"
2754 5399 2868 5444 ms.
2902 5382 3246 5455 Santonici,
3277 5384 3691 5475 tptimamque

326 5466 519 5552 tingui
530 5461 762 5545 ‘deben't
783 5470 856 5535 ab
870 5473 995 5534 istis
1015 5461 1221 5535 decem
1246 5472 1743 5553 Recognt'tionum
1759 5461 1950 5538 libris,

2045 5461 2219 5543 Operi
2242 5480 2313 5524 ea
2332 5461 2610 5553 lemmata
2631 5466 2923 5553 pr'gponit
2948 5476 3112 5553 ;tum
3147 5479 3260 5526 ms.
3278 5463 3511 5527 ﬂ‘buani
3540 5461 3685 5527 eia-

294 5543 608 5635 ,qﬁui'nunc
627 5558 699 5617 ad
725 5555 1001 5619 eumdem
1020 5556 1302 5617 Iacobum
1327 5543 1571 5635 posteos
1583 5547 1949 5635 scribpnttir.
2039 5552 2221 5635 ratur,
2255 5544 2359 5635 qui
2388 5543 2837 5635 similitudini
2859 5544 3134 5635 praeﬁgit,
3164 5560 3237 5604 ac
3285 5550 3687 5623 pratereaex

292 5622 295 5715 ξ
324 5622 770 5717 Etumenboc
809 5634 941 5695 loco
987 5635 1050 5697 in
1088 5622 1356 5715 margine
1405 5629 1631 5693 codicis
1676 5624 1799 5688 RB.
1835 5623 1950 5687 PP.
2038 5623 2153 5717 isto
2184 5622 2489 5703 capite”
2509 5622 3159 5713 librirmtiiimtulita
3216 5662 3220 5669 ›
3554 5668 3557 5675 .
