4054 6214
475 363 625 427 1315
1301 368 1362 429 S.
1405 360 1842 429 CLEMENTIS
1886 367 1904 428 l
1951 367 2080 428 ROB

2181 367 2380 428 PONT
2455 365 2695 429 OPERA
2747 370 3000 431 DUBIA.
3685 374 3829 436 1316

473 502 634 583 quod
671 502 786 564 duo
820 504 939 564 sint
967 503 1126 570 caeli.
1163 521 1416 583 quorum
1454 522 1633 563 unum
1677 503 1754 564 sit
1785 502 1938 564 istud
1968 501 2112 562 visi-
2137 508 2176 559 Α
2200 501 2390 580 posita
2433 510 2544 570 est,
2575 500 2735 580 justa
2767 502 2844 562 sit
2874 511 2932 561 et
2983 502 3265 582 perfecta,
3297 523 3428 584 quae
3473 507 3598 568 sola
3657 510 3836 588 possit

471 589 592 653 bile
625 591 1066 653 firmamentum
1131 593 1286 673 quod
1334 601 1392 652 et
1439 590 1734 671 transibit,
1766 593 1924 653 aliud
1977 610 2116 652 vero
2201 589 2398 652 facere
2431 608 2662 670 pacem.
2728 590 3034 669 Decimus,
3073 591 3144 651 Je
3205 593 3505 656 nativitate
3537 595 3836 659 hominum

471 690 756 744 aeternum
793 691 849 744 et
881 681 1202 744 invisibile.
1240 679 1476 754 Sextus,
1504 680 1578 742 de
1603 680 1757 742 bono
1789 691 1850 743 et
1876 681 2028 743 malo
2059 690 2117 740 et
2201 679 2425 740 carnali
2449 688 2506 740 et
2533 680 2608 740 de
2637 680 3029 759 generatione
3052 698 3188 756 qua
3217 692 3305 742 est
3322 700 3432 762 per
3463 683 3839 765 baptismum,

469 770 626 851 quod
654 771 811 832 bono
832 781 1046 832 cuncta
1074 770 1470 850 subjiciantur
1489 789 1522 830 a
1544 769 1742 848 Patre,
1771 771 1991 832 malum
2013 790 2114 830 au-
2201 777 2258 829 et
2285 788 2420 849 quae
2441 769 2522 831 sit
2547 772 2602 831 in
2633 770 2877 832 homine
2899 770 3159 830 carnalis
3189 772 3441 834 seminis
3461 776 3843 852 successio,et

473 867 588 922 tem
621 879 807 940 quare
830 871 888 923 et
912 859 1234 941 quomodo,
1263 871 1320 920 et
1345 861 1500 921 unde
1519 860 1616 933 sit,
1643 860 1875 940 etquod
1900 881 2111 940 coope-
2199 876 2331 938 qua;
2361 859 2577 920 animm
2607 859 2739 939 ejus
2765 858 2934 929 ratio,
2973 867 3032 919 et
3061 861 3364 934 quomodo
3397 862 3454 922 in
3486 862 3614 944 ipsa
3645 875 3738 926 est
3765 865 3834 926 li-

466 962 638 1010 retur
667 949 908 1029 quidem
944 950 1122 1024 bono,
1158 950 1261 1011 sed
1319 968 1434 1009 non
1495 951 1796 1031 proposito
1825 949 1982 1010 bono
2002 1001 2015 1021 ,
2053 960 2111 1010 et
2193 945 2388 1009 bertas
2417 947 2642 1009 arbitrii
2672 966 2688 1024 ;
2718 966 2851 1028 quae
2880 946 3160 1027 quoniam
3189 968 3307 1011 non
3331 960 3420 1011 est
3441 951 3706 1031 ingenita
3734 957 3831 1016 sed

466 1057 599 1118 quae
620 1039 739 1100 sint
760 1041 928 1117 signa
962 1039 1126 1111 boni,
1155 1058 1290 1115 quae
1306 1056 1450 1100 vero
1479 1039 1639 1109 mali.
1666 1049 1876 1119 etquae
1895 1039 2106 1100 sitdif-
2191 1035 2342 1097 facta
2375 1044 2485 1112 est,
2520 1037 2843 1098 immobilis
2869 1054 2901 1097 a
2937 1035 3096 1098 bono
3125 1056 3260 1100 esse
3309 1059 3426 1102 non
3469 1051 3716 1121 poterat.
3753 1047 3829 1108 De

465 1128 716 1189 ferentia
747 1129 1051 1190 dualitatis
1073 1138 1133 1191 et
1155 1129 1610 1208 conjugationis.
1639 1130 2103 1209 Septimus,quze
2187 1125 2280 1186 his
2299 1143 2440 1203 ergo
2463 1126 2714 1201 singulis
2739 1143 2872 1206 qua;
2892 1125 3046 1204 apud
3069 1127 3401 1191 Caesaream
3426 1130 3680 1194 disserta
3699 1144 3832 1196 sunt

461 1218 599 1290 sint,
635 1237 765 1297 quae
804 1218 1100 1297 prosecuti
1142 1228 1282 1277 sunt
1308 1217 1626 1278 duodecim
1661 1218 1914 1297 apostoli
1945 1217 2100 1296 apud
2184 1213 2725 1294 aPelro,jubente,
2750 1214 2970 1293 utdixi,
2999 1213 3126 1293 ipso
3144 1215 3356 1279 decem
3379 1220 3724 1299 conscripta
3753 1222 3820 1283 ad

464 1307 749 1388 populum
775 1308 835 1367 in
857 1307 1099 1387 templo.
1120 1305 1476 1385 Octavus,de
1499 1306 1692 1368 verbis
1711 1307 1948 1369 Domini
1971 1325 2102 1387 qua)
2188 1313 2246 1365 te
2276 1305 2609 1366 transmissi
2634 1304 2956 1365 volumina.
2982 1300 3101 1364 Nos
3131 1315 3326 1368 autem
3363 1308 3462 1370 die
3485 1320 3745 1390 postera,
3775 1323 3830 1371 ut

461 1395 576 1455 sibi
607 1396 884 1457 videutur
908 1415 1040 1457 esse
1072 1397 1395 1468 contraria,
1424 1395 1525 1457 sed
1554 1415 1671 1457 non
1703 1407 1861 1471 sunt,
1888 1405 1946 1457 et
1975 1415 2105 1476 quae
2188 1401 2470 1454 statutum
2498 1393 2709 1468 fuerat,
2735 1412 2870 1455 cum
2904 1392 3219 1472 aliquantis
3256 1399 3356 1473 qui
3393 1400 3636 1462 Petrum
3669 1402 3833 1480 sequi

461 1484 538 1546 sit
569 1486 779 1546 horum
815 1485 1142 1549 absolutio.
1172 1487 1402 1567 Nonus,
1430 1486 1568 1567 quia
1609 1486 1701 1548 lex
1751 1504 1883 1566 quae
1913 1506 1947 1545 ει
1981 1487 2105 1548 Deo
2189 1482 2872 1546 decreverantﬁdelibus
2888 1481 3363 1548 viris.aCaasarea
3379 1488 3831 1568 proficiscimur.

472 1662 581 1670 .—

1525 1777 1529 1784 ’
1578 1805 1947 1902 LIBER
2027 1801 2648 1916 QUARTUS.

534 2183 582 2245 Ι.
619 2184 877 2247 Profecti
908 2202 942 2244 a
973 2185 1240 2248 Caesarea
1275 2197 1338 2247 ut
1367 2184 1652 2266 Tripolim
1687 2201 2092 2267 pergeremus,
2124 2190 2158 2238 Β
2185 2180 2374 2242 tribus
2399 2181 2499 2261 qui
2533 2179 2823 2261 praimissi
2851 2192 3014 2259 sunt,
3050 2180 3189 2260 quia
3211 2199 3244 2242 a
3284 2183 3514 2247 civibus
3543 2205 3654 2266 pro
3683 2187 3833 2248 desi-

452 2271 608 2353 apud
633 2272 847 2334 Doram
871 2271 1050 2335 breve
1074 2273 1355 2355 oppidum
1383 2275 1630 2355 primam
1653 2275 1904 2337 fecimus
1938 2292 2068 2334 man
2181 2269 2352 2332 derio
2386 2270 2539 2351 quod
2588 2288 2727 2347 erga
2757 2267 3005 2330 Petrum
3033 2284 3455 2351 conceperant,
3489 2295 3608 2336 non
3646 2275 3832 2336 solum

450 2360 712 2443 sionem,
738 2361 877 2441 quia
912 2381 1021 2424 nec
1041 2363 1216 2442 longe.
1246 2364 1472 2426 aberat.
1496 2363 1564 2426 Et
1587 2383 1796 2427 omnes
1818 2381 1971 2445 pene
1995 2368 2092 2442 qui
2181 2360 2452 2442 hospitiis
2484 2358 2588 2420 sed
2618 2368 2676 2422 et
2706 2358 2869 2420 omni
2901 2358 3271 2422 humanitate
3297 2366 3561 2443 suscepti
3588 2373 3753 2439 sunt,
3778 2365 3832 2425 in

451 2467 558 2528 per
579 2469 918 2513 sermonem
943 2454 1103 2514 Petri
1125 2453 1734 2535 crediderant,divel|i
1757 2453 1916 2515 abeo
1950 2452 2092 2514 satis
2181 2458 2410 2511 tantum
2440 2457 2502 2510 ut
2533 2457 2590 2510 et
2619 2447 3111 2510 contristarentur
3140 2448 3450 2531 aliquanti,
3480 2452 3704 2530 quibus
3735 2454 3831 2514 de-

449 2556 603 2616 agre
626 2538 1060 2618 habebant,sed
1081 2541 1302 2623 pariter
1329 2542 1849 2619 incedentes,dum
1874 2543 2087 2604 iterum
2174 2537 2342 2600 fuere
2373 2556 2522 2616 quos
2553 2539 2962 2616 susciperent;
2994 2537 3073 2598 ita
3120 2539 3276 2600 enim
3321 2559 3536 2602 omnes
3588 2553 3825 2622 paratos

447 2628 675 2709 videre,
707 2629 921 2691 iterum
971 2632 1289 2712 complecti
1343 2633 1526 2712 juvat.
1559 2634 1774 2696 iterum
1816 2631 2090 2695 conferre

448 2735 813 2794 sermonem,
839 2720 912 2781 ad
943 2719 1334 2783 diversorium
1369 2724 1770 2802 pervenimus.
1797 2724 2085 2798 Sequenti

447 2825 585 2868 vero
609 2809 707 2870 die
731 2811 1000 2870 venimus
1021 2811 1587 2892 Ptolomaidem,ubi
1605 2813 1810 2874 decem
1838 2810 1968 2872 dies
1991 2810 2091 2872 de-

447 2898 659 2958 morati
685 2916 820 2958 cum
845 2898 1126 2979 aliquanti
1150 2899 1394 2962 verbum
1423 2903 1523 2963 Dei
1545 2900 2082 2981 recepissent,non-

447 2985 628 3047 nullis
657 3004 884 3058 eorum,
908 2986 1010 3066 qui
1039 2989 1384 3052 attentiores
1408 2989 1760 3052 videbantur
1783 3001 1841 3052 et
1864 2989 2097 3058 diutius,

446 3073 720 3137 detinere
735 3094 842 3136 nos
861 3075 1149 3138 doctrinae,
1172 3078 1362 3155 gratia
1382 3077 2015 3158 cupiebant.Tripolim
2037 3075 2086 3137 si

447 3164 560 3226 hoc
593 3164 796 3236 velint,
832 3176 894 3226 ut
923 3177 1322 3245 sequerentur
1351 3168 1764 3231 indicavimus.
1800 3166 2090 3231 Similiter

444 3261 503 3314 et
525 3254 679 3334 apud
705 3253 920 3335 Tyrum
953 3274 1019 3317 ac
1045 3255 1329 3318 Sidonem
1351 3267 1411 3319 et
1430 3256 1707 3338 Berytum
1727 3257 2003 3330 fecimus,
2029 3265 2088 3318 et

443 3343 539 3404 bis
567 3343 666 3424 qui
721 3344 958 3424 plenius
1009 3345 1435 3410 desiderabant
1481 3347 1691 3409 audire
1719 3365 2082 3420 sermonem,

443 3432 597 3513 apud
633 3431 921 3515 Tripolim
956 3433 1129 3496 nobis
1159 3434 1546 3498 hiemandum
1580 3435 2078 3500 denuntiavimus.

2174 2627 2380 2707 fuisse,
2415 2635 2478 2688 ut
2513 2626 2563 2687 si
2599 2627 2781 2688 multo
2818 2625 3018 2706 plures
3051 2628 3369 2702 venissent,
3395 2630 3594 2692 adhuc
3621 2650 3820 2692 tamen

2173 2716 2597 2790 suscipiendos
2619 2713 2805 2794 magis
2827 2733 2999 2794 quam
3027 2717 3426 2793 suscipientes
3447 2718 3630 2781 fuisse
3657 2720 3824 2781 defu-

2174 2816 2365 2870 turos.

2251 2894 2352 2959 ΙΙΙ.
2385 2894 2578 2976 Super
2598 2894 2689 2955 his
2710 2891 2920 2955 Petrus
2942 2892 3107 2955 valde
3138 2894 3485 2970 delectatus,
3511 2897 3816 2959 collauda-

2174 2987 2250 3047 vit
2281 2996 2338 3047 et
2380 2984 2686 3047 benedixit
2717 3002 2818 3045 eos
2847 3001 2916 3043 ac
2949 3001 3151 3045 secum
3189 2987 3653 3066 manerejussit.
3693 2989 3824 3069 [pse

2173 3094 2312 3138 vero
2332 3094 2468 3136 cum
2489 3073 2726 3134 lavisset
2755 3073 2811 3133 in
2838 3071 2986 3133 mari
3014 3073 3307 3151 (99),cibo
3333 3086 3570 3157 sumpto
3594 3078 3828 3157 quievit

2172 3164 2234 3226 in
2256 3182 2525 3244 vespera.
2555 3167 2622 3225 Et
2644 3182 2711 3224 ex
2738 3181 2904 3224 more
2931 3160 3226 3241 pullorum
3245 3164 3515 3226 cantibus
3544 3185 3823 3246 surgens,

2172 3253 2511 3334 vespertino
2533 3253 2726 3314 adhuc
2749 3253 2975 3314 lumine
2997 3252 3634 3334 perdurante,cunctos
3659 3258 3828 3318 inve-

2170 3344 2256 3406 nit
2289 3344 2638 3423 vigilantes;
2668 3360 2909 3405 eramus
2925 3354 3120 3403 autem
3158 3362 3366 3406 omnes
3399 3365 3534 3406 cum
3561 3366 3632 3407 eo
3660 3346 3832 3409 sede-

2170 3434 2310 3503 cim,
2348 3436 2558 3496 Petrus
2608 3439 2666 3493 et
2697 3449 2806 3507 ego
2837 3429 3138 3506 Clemens,
3172 3430 3374 3494 Niceta
3403 3444 3461 3495 et
3491 3435 3738 3517 Aquila,
3772 3447 3828 3498 et

446 3519 631 3599 Igitur
658 3541 792 3585 cum
827 3543 895 3585 ex
929 3524 1178 3602 singulis
1210 3525 1542 3588 civitatibus
1585 3525 1836 3588 studiosi
1865 3525 2145 3606 quiquec
2171 3524 2259 3585 illi
2282 3523 2383 3603 qui
2408 3530 2834 3604 praecesserant
2864 3521 3204 3583 duodecim.
3231 3520 3504 3586 Salutans
3535 3525 3740 3604 itaque
3765 3536 3828 3586 ut

443 3612 1487 3690 comitarenturPetrum,electorum
1505 3616 1817 3679 multitudo
1831 3615 2086 3696 plurima
2169 3612 2400 3675 solebat
2431 3614 2646 3675 Petrus
2677 3610 2762 3672 ait
2788 3632 2801 3670 :
2837 3607 3029 3672 Hodie
3061 3611 3200 3693 quia
3228 3611 3361 3673 aliis
3391 3615 3666 3692 occupati
3701 3635 3821 3676 non

438 3700 1146 3783 ingredimurTripolim.
1173 3705 1683 3770 Continuoautem
1714 3714 1850 3766 ante
1885 3711 2085 3784 portas

443 3787 695 3852 civitatis
711 3791 922 3852 fratres
955 3793 1058 3869 qui
1082 3795 1369 3873 praemissi
1400 3795 1657 3875 fuerant,
1679 3801 1999 3857 accurrunt
2029 3802 2084 3855 et

442 3878 840 3959 suscipientes
871 3899 979 3941 nos
1016 3882 1322 3944 adducunt
1351 3903 1456 3965 per
1487 3883 1764 3966 hospitia,
1785 3901 1917 3964 quae
1941 3900 2082 3963 prte-

443 3977 817 4045 paraverant.
851 3969 1181 4031 Commotio
1214 3981 1410 4033 autem
1443 3981 1503 4034 et
1526 3989 1855 4033 concursus
1886 3968 2078 4050 pluri-

444 4074 576 4119 mus
606 4055 785 4118 fiebat
828 4057 890 4118 in
939 4055 1195 4135 civitate,
1224 4059 1694 4123 desiderantium
1728 4060 1935 4122 videre
1964 4059 2074 4120 Pe-

442 4154 621 4208 trum.

451 4232 457 4235 ’
517 4233 592 4297 lI.
627 4236 857 4298 Etcum
887 4236 1256 4300 venissemus
1305 4239 1377 4301 ad
1426 4241 1668 4302 domum
1701 4239 2076 4320 Maronisuin

442 4344 557 4406 qua
581 4329 755 4388 Petro
782 4325 1737 4409 fueratpraeparatum,conversus
1754 4329 1826 4391 ad
1851 4329 2075 4404 turbas,

438 4424 570 4493 post
593 4413 751 4475 diem
771 4414 1093 4476 crastinum
1115 4434 1453 4479 sermonem
1485 4436 1548 4480 se
1575 4418 1650 4480 ad
1681 4437 1785 4480 eos
1805 4416 2077 4498 promisit

435 4502 945 4584 facturum.,lgitur
961 4505 1060 4585 qui
1080 4507 1370 4586 praemissi
1394 4506 1629 4580 fuerant
1647 4508 2078 4584 fratres,omni-

439 4597 552 4656 bus
574 4592 678 4674 qui
701 4592 1009 4656 uobiscum
1034 4605 1321 4660 venerant
1349 4596 1609 4676 hospitia
1630 4596 1920 4660 dividunt.
1958 4599 2075 4660 Pe-

438 4693 563 4745 trus
585 4699 728 4746 vero
740 4682 1003 4745 Maronis
1022 4683 1264 4748 domum
1281 4686 1590 4766 ingressus
1611 4705 1747 4748 cum
1767 4695 2076 4768 rogaretur

2167 3721 2404 3777 sumus,
2437 3701 2610 3763 nobis
2647 3701 2857 3762 simus.
2891 3700 2964 3762 Et
3012 3721 3120 3780 ego
3152 3701 3395 3778 quidem
3451 3702 3644 3780 vobis,
3679 3724 3819 3785 quae

2166 3792 2322 3873 apud
2376 3796 2705 3853 Caesaream
2759 3798 2891 3871 post
2949 3788 3278 3869 digressum
3339 3807 3600 3855 vestrum
3653 3803 3826 3874 gesta

2165 3889 2325 3955 sunt,
2355 3879 2649 3942 enarrabo
2676 3901 2693 3961 ;
2720 3897 2825 3940 vos
2849 3889 3046 3941 autem
3073 3879 3217 3942 mihi
3236 3899 3370 3961 qua.-
3390 3881 3486 3944 bio
3504 3900 3538 3943 a
3571 3881 3826 3946 Simone

2166 3978 2509 4052 perpetrata
2538 3978 2699 4049 sunt,
2731 3969 3008 4032 indicate.
3044 3967 3114 4030 Et
3145 3988 3278 4030 cum
3311 3969 3386 4033 de
3415 3970 3508 4032 his
3537 3969 3611 4032 ab
3633 3972 3827 4034 altcr-

2165 4070 2296 4122 utro
2322 4078 2519 4121 sermo
2546 4059 2848 4138 ederetur,
2870 4058 3256 4121 illucescente
3275 4059 3373 4121 die
3395 4061 3651 4140 ingressi
3686 4064 3830 4144 qui-

2165 4149 2299 4211 dam
2334 4150 2409 4210 de
2442 4147 2831 4210 familiaribus
2881 4149 3149 4209 nuntiant
3192 4147 3390 4219 Petro.
3418 4151 3576 4230 quod
3608 4152 3826 4215 Simon

2164 4238 2264 4300 ubi
2287 4257 2421 4300 eum
2446 4237 2756 4299 didicisset
2773 4237 3247 4319 ingressum,per
3260 4248 3493 4301 noctem
3510 4240 3826 4320 profectus

2166 4337 2324 4391 esset
2355 4326 2581 4410 Syriam
2633 4327 2912 4390 tendens.
2947 4324 3166 4390 Turba:
3212 4337 3408 4390 autem
3440 4327 3600 4390 diem
3633 4330 3820 4403 hanc.

2163 4418 2462 4499 inquiunt,
2497 4435 2675 4495 quam
2736 4415 3141 4497 interposuisti
3195 4417 3305 4490 eis,
3358 4417 3663 4480 desiderio
3726 4420 3820 4482 tui

2161 4505 2578 4587 longissimum
2599 4505 2714 4569 sibi
2744 4524 2877 4568 esse
2911 4515 3143 4586 tempus
3179 4508 3518 4587 opinantur,
3548 4509 3818 4591 denique

2164 4617 2281 4677 non
2313 4596 2572 4658 ferentes
2604 4605 2762 4657 stant
2788 4603 2926 4657 ante
2953 4599 3227 4674 januam,
3257 4597 3414 4658 inter
3457 4615 3521 4658 se
3557 4598 3815 4661 invicem

2163 4687 2238 4749 de
2261 4686 2352 4748 his
2374 4704 2509 4765 quae
2531 4685 2740 4747 audire.
2770 4691 3018 4765 cupiunt
3048 4685 3454 4762 conferentes,
3485 4696 3540 4748 et
3587 4697 3642 4750 te
3677 4698 3818 4750 ante

437 4773 636 4833 cibum
660 4790 924 4848 sumere,
950 4791 1325 4856 nequaquam
1345 4794 1410 4838 se
1431 4776 1722 4838 facturum
1745 4776 2074 4858 respondit,
2103 4803 2146 4853 ι)
2165 4775 2522 4859 praefinitum
2551 4783 2788 4854 tempus
2809 4774 3172 4836 omnimodis
3188 4793 3254 4837 se
3284 4773 3514 4838 visuros
3540 4788 3817 4858 sperant,

397 4881 402 4885 ‘
436 4863 548 4923 uisi
570 4861 733 4942 prius
763 4861 997 4939 scisset,
1023 4863 1074 4925 si
1106 4882 1316 4928 omnes
1338 4865 1441 4948 qui
1463 4883 1599 4929 eum
1619 4864 1858 4928 fuerant
1885 4867 2078 4928 comi—

436 4952 535 5013 tati
568 4950 848 5032 hospitiis
868 4953 1335 5034 requiescerent.
1360 4956 1661 5037 Comperit
1682 4964 1880 5018 autem
1902 4974 1937 5017 a
1959 4955 2077 5018 fra-

2165 4873 2506 4944 quantoque
2530 4863 2721 4942 magis
2744 4865 2873 4927 dies
2892 4863 3172 4925 clarescit
3204 4863 3616 4928 multitudines
3639 4867 3818 4928 colli-

2164 4962 2406 5036 guntur,
2439 4961 2499 5016 et
2543 4952 2853 5016 audituros
2890 4971 2953 5015 se
3005 4970 3345 5016 sermonem
3381 4963 3571 5033 tuum,
3607 4956 3819 5018 nescio

1756 5113 2155 5182 COTELERII
2198 5114 2448 5182 NOTAE.

519 5248 1812 5333 (_99_)lpseperocumlavissetinmarlﬂide
1829 5251 2072 5314 omnino
2155 5260 2293 5314 ante
2324 5267 2560 5333 preces,
2584 5257 2721 5314 ante
2750 5249 3305 5333 reconciliationem
3330 5251 3390 5333 in
3423 5253 3803 5332 penitentia,

434 5335 497 5394 ὃ.
521 5329 1163 5413 Epiphaniummaeresi
1188 5331 1288 5410 50,
1312 5348 1478 5413 num.
1503 5332 1567 5413 2,
1591 5333 1690 5412 l5,
1712 5331 1781 5393 21
1800 5341 1883 5407 ,et
1905 5333 1979 5394 ab
2001 5352 2072 5395 eo
2153 5343 2292 5413 ante
2315 5329 3136 5413 sumptionemuEucharistize
3159 5350 3171 5390 :
3196 5333 3340 5412 haec,
3368 5329 3632 5413 inquam.
3673 5329 3810 5397 om;

373 5451 384 5456 -
438 5409 724 5485 monitus,
758 5409 1097 5492 Ebignitica
1123 5410 1250 5472 huic
1274 5409 1350 5492 et
1380 5411 1597 5492 similia
1628 5409 1762 5492 quas
1792 5432 1911 5474 non
1938 5431 2072 5475 raro

431 5499 760 5575 occurrunt
776 5491 838 5575 in_
859 5488 1707 5575 Recognitiouibm,Epitonie
1727 5501 1785 5575 et
1805 5492 2075 5575 Clem.

436 5573 608 5644 uuis,
633 5571 805 5634 caute
824 5571 1028 5650 legito.
1049 5570 1223 5635 Alias.
1241 5570 1438 5638 lavare
1461 5570 1693 5648 manus,
1716 5573 1952 5645 faciem,
1975 5593 2068 5645 os,

437 5653 641 5730 pedes,
676 5660 863 5734 totum
898 5669 1136 5734 corpus,
1173 5651 1377 5734 certis,
1405 5651 1643 5734 diebus,
1671 5657 1786 5734 aut:
1803 5655 2070 5734 singulis,

433 5739 534 5791 aut
563 5732 781 5809 saepius
813 5735 872 5793 in
923 5731 1042 5805 die,
1078 5731 1463 5816 ac‘detinitis
1505 5732 1692 5809 boris,
1729 5731 1917 5816 idque:
1944 5731 2076 5816 post

432 5825 733 5884 somnum,
762 5818 896 5889 post
928 5809 1340 5891 concubitum,
1370 5819 1509 5872 ante
1566 5821 1626 5874 et
1671 5809 2072 5892 post'cibiim,

2157 5412 2278 5492 nia,
2301 5412 2373 5474 ad
2398 5409 2867 5492 consuetudines
2899 5415 3165 5492 ritusque
3197 5409 3467 5492 gentium
3489 5423 3550 5474 et
3582 5416 3802 5478 Eccle-

2155 5490 2374 5554 siarum
2391 5490 3034 5572 pertinentia,quemad
3045 5490 3286 5553 modum
3309 5500 3510 5572 notum
3526 5496 3801 5568 estsatis,

2153 5635 2162 5648 ι
2202 5571 2438 5651 ietatem
2478 5591 2594 5632 non
2624 5571 2864 5643 laedunt,
2894 5576 3009 5632 imo
3041 5573 3319 5651 adjuvare
3355 5583 3622 5652 possunt,
3651 5577 3700 5636 si
3729 5578 3804 5638 ad

2162 5595 2384 5712 bonum
2413 5652 2591 5712 finem
2619 5651 2977 5712 diriguntur.
3001 5671 3110 5712 nec
3142 5653 3551 5712 superstitiose
3575 5673 3646 5712 ac
3673 5657 3803 5712 vel-

2201 5670 2384 5715 onum
2413 5652 2591 5713 finem
2619 5651 2977 5729 dirigantur,
3001 5671 3110 5713 nec
3142 5651 3551 5732 superstitiose
3575 5673 3646 5715 ac
3673 5657 3803 5717 vel—

2160 5736 2242 5794 uti
2277 5734 2346 5794 ad
2398 5733 2649 5792 salutem
2706 5733 3053 5793 necessaria
3092 5743 3473 5811 usurpentur.
