4054 6214
312 308 464 371 1317

1512 256 2149 376 RESOGNITIONUM
2194 302 2336 373 LIB.
2386 309 2487 374 IV.

3492 303 3687 375 ‘1318

312 443 475 505 unde
497 456 929 522 praesumentes
947 445 1281 508 certissime
1302 446 1806 520 contidunt.Nuuc
1828 468 1969 528 ergo
1991 462 2028 504 Α
2052 457 2107 508 et
2133 448 2616 526 prudentibus,“
2635 446 2920 510 revelasti
2941 467 3012 509 ea
3030 447 3509 527 parvulis".Per
3528 452 3688 524 quod

314 531 477 612 quod
508 531 615 593 tibi
644 532 1063 615 videtur,jube
1086 542 1148 595 ut
1174 534 1443 597 dicamus
1462 535 1548 597 eis
1585 555 1600 616 ;
1633 535 1960 598 absurdum

316 638 579 703 namque
624 631 717 685 est
773 630 991 685 tantam
1042 625 1484 687 multitudinem
1529 626 1878 688 convenisse
1907 636 1965 688 et

317 709 638 775 discedere
666 731 800 774 cum
833 714 1139 787 mmstitia,
1198 716 1421 796 quippe
1464 716 1511 775 si
1556 734 1844 797 responsa
1874 716 1963 778 eis

317 801 484 864 nulla
512 801 865 865 reddantur.
896 800 1025 865 Non
1059 802 1219 865 enim
1248 805 1595 883 cogitabunt
1625 806 1785 884 quod
1850 806 1962 887 ipsi

318 899 604 954 statutum
636 909 755 953 non
786 894 1266 972 exspectaverint
1295 894 1481 970 diem,
1514 895 1618 957 sed
1642 895 1800 976 quod
1838 916 1870 956 a
1906 904 1966 957 te

320 981 507 1058 magis
534 980 851 1043 videantur
882 1000 1014 1043 esse
1043 983 1393 1063 contempti.

403 1069 500 1134 ιγ.
535 1070 689 1133 Tum
722 1069 938 1134 Petrus
957 1073 1358 1135 admiransait
1392 1093 1406 1136 :
1434 1074 1686 1154 Videtis,
1726 1075 1959 1152 fratres,

319 1161 623 1237 quomodo
649 1161 1058 1243 unusquisque
1114 1181 1315 1225 sermo
1344 1164 1580 1226 Domini
1614 1166 1965 1247 prophetice

321 1251 516 1313 dictus
546 1252 851 1334 impletur.
887 1251 1135 1315 Memini
1159 1252 1318 1314 enim
1342 1254 1565 1317 dixisse
1585 1257 1965 1320 eumJlessis

321 1341 564 1421 quidem
585 1341 1079 1422 multa,operarii
1100 1350 1301 1404 autem
1334 1345 1541 1424 pauci.
1576 1348 1801 1424 Rogato
1818 1363 1966 1427 ergo

322 1430 634 1494 dominum
665 1438 895 1512 messis,
930 1439 997 1494 ut
1019 1432 1225 1510 ejiciat
1254 1436 1567 1513 operarios
1594 1436 1661 1496 in
1712 1454 1967 1499 messem

321 1537 498 1582 suam
530 1516 603 1581 η.
628 1518 782 1582 Ecce
809 1539 950 1600 ergo
974 1540 1132 1595 nunc
1153 1540 1285 1603 qua:
1307 1522 1367 1583 in
1384 1525 1664 1604 mysterio
1690 1527 1969 1606 praedicta

324 1609 1046 1691 sunt,adimplentur.Sed
1070 1618 1131 1671 et
1156 1610 1315 1691 quod
1335 1610 1507 1675 dixit:
1529 1612 1710 1679 Multi
1730 1621 1969 1680 venient

322 1700 401 1761 ab
429 1706 661 1763 oriente
688 1708 743 1761 et
772 1700 1106 1775 occidente,
1133 1719 1169 1763 ιι
1186 1705 1585 1781 septentrimte
1605 1713 1665 1765 et
1681 1706 1964 1783 meridie,

324 1795 380 1852 et
399 1789 746 1852 recumbent
773 1790 841 1852 in
863 1788 1095 1851 sinibus
1137 1788 1452 1853 Abraham
1476 1802 1533 1855 et
1556 1792 1731 1856 Isaac
1749 1803 1808 1857 et
1847 1798 1963 1858 Ja-

325 1879 428 1941 σοι
442 1878 702 1955 1';etiam
723 1879 836 1942 hoc
860 1877 1107 1959 pariter,
1134 1886 1200 1941 ut
1218 1878 1454 1962 videtis,
1481 1882 1964 1966 espletur.Prop-

329 1981 422 2030 ter
436 1970 593 2048 quod
607 1969 902 2050 deprecor
918 1984 1028 2031 vos
1043 1986 1365 2032 conservos
1378 1979 1437 2033 et
1451 1971 1755 2053 adjutores
1774 1992 1964 2050 meos,

323 2068 392 2120 nt
419 2060 664 2120 discetis
681 2059 960 2121 attentius
985 2058 1348 2139 praedicandi
1397 2062 1670 2124 ordinem
1700 2072 1758 2124 et
1787 2064 1965 2125 abso-

328 2150 617 2212 lutionum
642 2148 853 2224 vias,ut
869 2147 1113 2229 possitis
1130 2148 1359 2211 salvare
1376 2150 1606 2213 animas
1628 2152 1935 2217 hominum
1948 2202 1964 2235 ,

325 2256 460 2319 quze
489 2238 726 2300 occulta
766 2237 869 2301 Dei
900 2237 1121 2301 virtute
1152 2257 1327 2319 quem
1380 2240 1638 2304 debeant
1690 2241 1963 2326 diligere,

327 2329 493 2409 prius
538 2330 714 2390 etiam
745 2346 922 2408 quam
956 2328 1287 2391 doceantur
1335 2342 1684 2408 agnoscunt.
1740 2333 1969 2397 Videtis

323 2419 487 2480 enim
509 2437 613 2479 eos
632 2418 800 2497 quasi
823 2416 1013 2479 bonos
1033 2435 1238 2480 servos
1254 2419 1600 2483 desiderare
1621 2439 1966 2502 cumquem

326 2507 444 2570 sibi
470 2518 714 2588 sperant
731 2507 803 2569 ad
814 2516 1050 2571 ventum
1062 2508 1155 2571 sui
1177 2510 1416 2573 Domini
1439 2512 1812 2586 nuntiare,ut
1835 2532 1973 2592 pos-

325 2598 447 2660 sint
468 2599 831 2660 voluntatem
853 2598 984 2677 ejus
1004 2616 1140 2660 cum
1164 2598 1489 2661 didicerint
1511 2600 1784 2681 implere.
1798 2603 1967 2666 Desi—

323 2688 560 2752 derium
584 2706 727 2766 ergo
774 2684 832 2730 ¹⁴
858 2687 1141 2750 audiendi
1175 2688 1336 2749 verbi
1382 2688 1487 2751 Dei
1516 2700 1575 2753 et
1606 2691 1967 2754 voluntatem

324 2779 456 2859 ejus
478 2778 787 2860 quaerendi
816 2797 886 2841 ex
913 2777 1035 2840 Deo
1061 2778 1307 2851 habent,
1361 2788 1421 2840 et
1450 2780 1561 2841 hoc
1592 2790 1682 2841 est
1732 2781 1967 2843 initium

325 2866 466 2930 doni
494 2867 601 2930 Dei
624 2868 780 2949 quod
814 2866 1091 2948 gentibus
1122 2870 1317 2948 datur,
1351 2875 1414 2929 ut
1443 2869 1671 2948 possint
1700 2888 1810 2951 per
1856 2871 1968 2933 hoc

325 2956 657 3020 doctrinam
689 2957 962 3038 recipere
995 2957 1280 3019 veritatis.

2048 537 2249 617 utique
2269 536 2773 616 declaratur,quia
2794 534 3181 597 Hebraeorum
3208 538 3457 618 populus
3484 538 3586 621 qui
3618 557 3691 602 ex

2047 628 2175 705 lege
2221 624 2487 687 eruditus
2523 634 2634 705 est,
2671 624 2967 701 ignoravit
3016 642 3173 695 eum,
3205 629 3456 704 populus
3490 637 3686 691 autem

2045 718 2308 794 gentium
2335 714 2567 791 agnovit
2588 715 2787 775 lesum
2814 726 2869 775 et
2906 722 3238 793 veneratur,
3269 725 3512 796 propter
3530 717 3689 795 quod

2047 813 2106 866 et
2136 804 2487 882 salvabitur,
2524 822 2641 864 non
2694 804 2884 864 solum
2937 820 3266 882 agnoseens
3298 824 3458 886 eum,
3492 808 3594 868 sed
3633 818 3692 869 et

2050 894 2410 954 voluntatem
2448 893 2580 973 ejus
2624 893 2847 954 faciens
2904 891 3093 955 Debet
3136 903 3333 955 autem
3385 894 3434 955 is
3482 897 3585 974 qui
3620 916 3691 957 ex

2045 983 2327 1063 gentibus
2359 998 2472 1054 est,
2510 992 2567 1043 et
2614 1001 2682 1044 ex
2732 985 2850 1046 Deo
2883 981 3084 1062 habet,
3120 991 3181 1043 ut
3232 982 3439 1062 diligat
3465 985 3691 1058 .lesum,

2052 1070 2279 1154 proprii
2304 1073 2527 1134 habere
2550 1071 2927 1153 propositi,ut
2949 1072 3150 1134 credat
3170 1080 3229 1134 et
3247 1071 3531 1155 Moysi.Et
3550 1094 3691 1136 rur—

2053 1181 2156 1224 sus
2188 1162 2474 1225 Hebraeus
2506 1163 2606 1243 qui
2661 1182 2731 1224 ex
2775 1164 2895 1225 Deo
2926 1162 3124 1236 habet,
3163 1172 3226 1223 ut
3253 1164 3456 1225 credat
3487 1168 3691 1246 Moysi,

2054 1252 2284 1314 habere
2310 1253 2489 1316 debet
2524 1262 2581 1315 et
2610 1271 2679 1315 ex
2708 1251 3009 1332 proposito
3035 1271 3165 1325 suo,
3194 1261 3253 1313 ut
3274 1264 3474 1316 credat
3500 1254 3558 1315 in
3589 1254 3689 1317 Je-

2054 1361 2211 1417 sum,
2246 1353 2307 1403 ut
2361 1341 2767 1424 unusquisque
2815 1360 3022 1403 eorum
3077 1340 3305 1403 habens
3350 1344 3407 1404 in
3439 1363 3503 1406 se
3533 1344 3692 1407 aliud

2052 1432 2237 1493 divini
2301 1433 2587 1508 muneris,
2637 1432 2793 1493 aliud
2856 1432 3109 1513 propria:
3160 1432 3490 1513 industrius,
3523 1435 3595 1495 sit
3625 1454 3693 1496 ex

2054 1531 2313 1603 utroque
2347 1524 2667 1603 perlectus.
2705 1520 2789 1582 De
2823 1520 2922 1581 tali
2954 1522 3112 1582 enim
3146 1520 3378 1585 dicebat
3409 1524 3695 1585 Dominus

2055 1620 2256 1674 noster
2299 1614 2422 1673 viro
2455 1612 2665 1674 divite.
2693 1611 2807 1685 Qui
2850 1610 3089 1692 profert
3129 1610 3200 1674 de
3235 1612 3540 1675 thesauris
3568 1622 3695 1677 suis

1994 1743 2030 1792 Β
2053 1720 2207 1792 nouo
2231 1710 2289 1792 et,
2308 1710 2509 1765 uetera
2530 1698 2602 1760 *8.

2131 1789 2232 1855 Vl.
2256 1790 2373 1854 Sed
2398 1792 2470 1853 de
2498 1791 2592 1853 bis
2624 1791 2767 1853 satis
2798 1790 3019 1852 dictum
3041 1811 3058 1861 ;
3084 1799 3255 1870 urget
3276 1790 3433 1853 enim
3462 1802 3695 1874 tempus

2049 1890 2107 1944 et
2126 1882 2326 1962 populi
2346 1882 2624 1959 religiosa
2655 1879 2888 1941 devotio
2918 1879 3123 1941 invitat
3150 1899 3279 1952 nos.
3305 1880 3378 1942 ad
3412 1880 3576 1962 ipsos
3600 1884 3693 1946 fa-

2050 1989 2188 2033 cere
2209 1989 2574 2033 sermonem.
2587 1974 2803 2034 Etcum
2820 1968 3575 2051 hazcdixissetxequirebat
3592 1973 3693 2036 ubi

2050 2068 2422 2141 opportunus
2435 2059 2862 2123 essetlocusad
2877 2058 3577 2139 disputandum.EtMaro
3589 2063 3692 2128 ait:

2048 2150 2147 2213 Est
2170 2151 2491 2214 mihimdes
2510 2150 3044 2232 amplissima,quae
3055 2150 3189 2230 plus
3202 2168 3375 2230 quam
3392 2152 3691 2231 quingen—

2052 2250 2143 2303 tos
2163 2241 2416 2321 recipiat
2447 2241 2627 2322 viros,
2648 2249 2742 2303 est
2775 2248 2833 2301 et
2866 2238 3071 2300 hortus
3097 2239 3249 2300 intra
3276 2240 3521 2303 domum
3550 2265 3565 2317 ;
3594 2252 3696 2304 aut

2052 2332 2103 2392 si
2130 2333 2190 2392 in
2224 2330 2464 2412 publico
2493 2330 2695 2411 aliquo
2730 2328 2922 2409 placet
2957 2330 3112 2401 loco,
3137 2327 3249 2390 hoc
3278 2332 3465 2409 magis
3487 2350 3696 2394 omnes

2053 2421 2420 2491 desiderant,
2455 2439 2633 2482 nemo
2664 2418 2825 2483 enim
2851 2427 2965 2498 est,
2994 2417 3095 2499 qui
3126 2437 3244 2480 non
3276 2421 3475 2501 cupiat
3506 2422 3595 2483 vel
3613 2422 3697 2485 fa-

2054 2511 2206 2572 ciem
2233 2520 2392 2572 tuam
2412 2510 2620 2572 videre
2639 2506 2965 2571 tantum.Et
2987 2505 3217 2569 Petrus:
3241 2505 3502 2572 Ostende
3521 2511 3692 2593 mihi,

2055 2598 2264 2680 inquit.
2300 2599 2488 2661 aedem
2520 2598 2609 2660 vel
2644 2600 2907 2662 hortum.
2941 2596 3008 2658 Et
3039 2615 3173 2658 cum
3204 2598 3446 2660 vidisset
3475 2601 3689 2673 aedem,

2055 2688 2504 2768 ingrediebatur
2533 2697 2597 2749 ut
2628 2693 2689 2750 et
2720 2687 2958 2749 hortum
2985 2686 3378 2767 perspiceret,
3409 2697 3466 2749 et
3496 2688 3693 2753 subito

2050 2778 2248 2840 omnis
2271 2776 2581 2839 multitudo
2602 2776 2770 2857 quasi
2806 2776 2883 2838 ab
2912 2776 3112 2856 aliquo
3141 2788 3407 2858 evocata,
3433 2796 3566 2839 cum
3599 2778 3690 2840 fe-

2052 2867 2369 2930 stinatione
2392 2866 2659 2945 ingressa
2691 2866 3064 2944 estdomum,
3087 2872 3267 2942 atque
3288 2865 3427 2927 inde
3448 2867 3520 2928 ad
3546 2868 3690 2931 bor-

2053 2966 2175 3017 tum
2210 2956 2502 3038 prorupit,
2540 2954 2643 3017 ubi
2666 2956 2790 3035 jam
2821 2954 3015 3016 stabat
3042 2952 3276 3029 Petrus,
3306 2957 3692 3020 considerans

406 3045 479 3111 V.
513 3045 611 3110 Sic
632 3047 792 3110 enim
819 3056 878 3110 et
897 3045 1286 3109 Hebraeorum
1313 3048 1531 3129 populo
1556 3068 1627 3111 es
1659 3048 1829 3112 initio
1859 3050 1970 3112 da-
1988 3056 2030 3109 C
2054 3046 2191 3125 quis
2220 3055 2378 3107 esset
2407 3056 2578 3126 aptus
2609 3044 2682 3106 ad
2713 3043 3135 3124 disputandum
3168 3043 3363 3107 locus.

326 3145 448 3199 tum
482 3145 594 3207 est,
622 3147 683 3199 ut
706 3137 1025 3216 diligerent
1068 3138 1306 3217 Moysen
1336 3144 1395 3198 et
1419 3138 1738 3201 crederent
1788 3139 1968 3202 verbo

327 3229 474 3308 ejus.
488 3226 686 3308 [Unde
702 3236 765 3291 et
781 3226 1072 3307 scriptum
1098 3227 1495 3290 est:Credidit
1511 3228 1896 3309 populusDeo
1910 3238 1969 3292 et

328 3318 523 3398 Moysi
539 3318 779 3395 [amulo
797 3319 930 3396 ejus
957 3316 1063 3398 15.]
1084 3314 1251 3390 Quod
1276 3334 1416 3395 ergo
1441 3316 1550 3379 fuit
1572 3319 1801 3400 proprii
1832 3338 1966 3381 mu-

332 3407 491 3469 neris
518 3426 552 3469 a
584 3406 707 3469 Deo
737 3424 878 3484 erga
934 3406 1326 3470 Hebraeorum
1349 3414 1614 3488 gentem,
1651 3409 1763 3470 hoc
1812 3427 1968 3470 nunc

330 3496 599 3559 videmus
630 3496 759 3558 dari
782 3502 961 3559 etiam
988 3496 1078 3558 his
1107 3496 1209 3576 qui
1234 3513 1305 3557 ex
1326 3494 1604 3574 gentibus
1634 3516 1971 3560 convocan-

333 3594 428 3647 tur
456 3587 527 3647 ad
562 3586 764 3648 tidem.
797 3584 1060 3667 Operum
1090 3602 1230 3647 vero
1255 3585 1402 3645 ratio
1433 3587 1700 3666 potestati
1724 3597 1783 3650 et
1804 3587 1969 3649 arbi-

331 3679 443 3739 trio
476 3674 945 3756 uniuscujusque
969 3674 1353 3757 permittitur,
1373 3684 1434 3737 et
1456 3676 1570 3737 hoc
1596 3675 1860 3756 ipsorum
1885 3686 1975 3739 est

332 3765 665 3847 proprium,
698 3764 1095 3846 [desiderium
1126 3781 1265 3826 vero
1296 3764 1518 3827 habere
1566 3783 1708 3846 erga
1755 3768 1965 3831 docto-

331 3874 459 3918 rem
491 3855 802 3934 veritatis.]
835 3854 947 3917 hoc
973 3872 1009 3916 a
1035 3852 1212 3917 Patre
1242 3854 1470 3917 cmlesti
1527 3854 1807 3919 donatum
1857 3865 1967 3922 est.

329 3946 451 4010 Sed
483 3945 645 4008 salus
665 3945 817 4013 ineo
839 3953 929 4007 est
947 3953 1011 4006 ut
1040 3944 1399 4006 voluntatem
1421 3944 1574 4025 ejus,
1609 3945 1780 4026 cujus
1796 3964 1969 4010 amo-

331 4054 456 4098 rem
486 4045 546 4100 et
576 4034 939 4099 desiderium
976 4033 1100 4097 Deo
1134 4033 1431 4115 largiente
1476 4034 1847 4115 conceperis,
1879 4036 1966 4097 fa-

258 4170 265 4173 ν
331 4127 478 4199 cias;
502 4144 581 4189 ne
596 4125 831 4189 dicatur
878 4124 954 4186 ad
980 4132 1038 4186 te
1066 4122 1171 4185 ille
1199 4142 1400 4186 sermo
1423 4123 1554 4205 ejus
1575 4142 1751 4204 quem
1776 4124 1923 4187 dixit
1954 4143 1966 4187 :

333 4216 496 4293 Quid
513 4222 716 4280 autem
735 4216 943 4279 dicitis
960 4214 1117 4276 mihi
1125 4215 1430 4295 :Domine,
1466 4212 1741 4290 Domine,
1760 4223 1818 4276 et
1847 4232 1972 4277 non

326 4306 536 4387 facitis
564 4322 701 4387 quae
711 4303 852 4369 dico
879 4302 929 4348 ιο
951 4308 1145 4381 (100;?
1158 4302 1265 4367 Est
1287 4321 1428 4382 ergo
1454 4303 1681 4385 proprii
1707 4305 1973 4367 muneris

2137 3130 2263 3197 VII.
2302 3131 2376 3198 Ut
2403 3144 2604 3196 autem
2636 3133 2781 3195 vidit
2817 3134 3026 3196 turbas
3057 3135 3216 3196 velut
3245 3133 3505 3214 ingentis
3532 3138 3692 3200 ﬂuvii

2052 3224 2376 3287 inundasse
2398 3223 2595 3286 lenem
2628 3241 2917 3304 meatum,
2938 3224 3270 3285 ascendens
3300 3242 3480 3307 supra
3504 3225 3691 3289 basim

2052 3312 2394 3397 quamdam,
2417 3332 2549 3396 qua:
2596 3312 2750 3376 forte
2768 3313 2940 3394 juxta
2976 3315 3128 3375 horti
3169 3314 3452 3394 parietem
3474 3316 3688 3395 stabat,

2056 3403 2246 3486 primo
2268 3404 2572 3481 religionis
2605 3421 2772 3467 more
2796 3402 3080 3485 populum
3112 3402 3406 3467 salutavit.
3436 3404 3687 3477 Quidam

2054 3504 2249 3556 autem
2265 3512 2335 3558 ex
2354 3494 2557 3575 bisqui
2575 3494 2912 3567 aderant,et
2926 3495 3110 3555 multo
3130 3502 3399 3576 tempore
3416 3514 3450 3560 a
3472 3496 3689 3560 daemo-

2056 3582 2234 3647 nibus
2254 3583 2487 3647 fuerant
2502 3583 2822 3662 fatigati,iu
2845 3593 3007 3645 terra
3018 3594 3308 3664 proruunt
3329 3585 3691 3649 obsecranti-

2056 3672 2167 3736 bus
2178 3672 2486 3753 spiritibus
2500 3673 3024 3754 immundis,utvel
3040 3692 3157 3735 uno
3169 3674 3268 3736 die
3284 3672 3696 3754 indulgeretur

2056 3762 2145 3824 eis
2166 3761 2227 3823 in
2246 3762 2510 3825 obsessis
2531 3761 2885 3847 corporibus
2903 3780 3293 3843 permanere;
3315 3782 3463 3845 quos
3482 3766 3696 3829 Petrus

2054 3853 2374 3932 increpans
2387 3850 2934 3931 jussitabscedere,
2962 3860 3022 3912 et
3041 3850 3172 3914 sine
3198 3869 3366 3914 mora
3394 3852 3693 3918 discesse-

2053 3953 2217 4004 runt.
2248 3943 2387 4001 Post
2405 3940 2512 4002 bos
2528 3941 2631 4003 alii
2650 3941 2843 4021 longis
2866 3939 3070 4003 afﬂicti
3098 3940 3487 4023 languoribus
3516 3962 3692 4026 roga-

2056 4030 2205 4092 bant
2228 4032 2495 4106 l’etrum,
2519 4039 2584 4092 ut
2610 4030 2953 4112 reciperent
2981 4030 3319 4108 sanitatem,
3344 4048 3453 4113 pro
3480 4035 3699 4115 quibus

2054 4139 2120 4185 se
2150 4121 2618 4204 supplicaturum
2663 4121 2920 4186 Domino
2960 4122 3301 4205 pollicetur,
3339 4142 3472 4186 cum
3507 4127 3691 4208 prius,

2054 4229 2254 4273 sermo
2276 4211 2563 4273 doctrinas
2582 4210 2798 4275 fuisset
2814 4210 3233 4295 expletus.Sed
3256 4215 3449 4274 statim
3472 4224 3534 4276 ut
3553 4232 3693 4295 pro-

2057 4300 2243 4376 misit,
2269 4301 2652 4380 languoribus
2676 4302 2930 4366 resoluti
2951 4311 3113 4377 sunt,
3138 4311 3196 4364 et
3209 4301 3389 4380 jussit
3410 4319 3515 4365 eos
3533 4320 3697 4365 seor-

331 4413 367 4458 a
400 4395 520 4459 Deo
545 4396 815 4459 concessi
846 4392 1141 4475 Hebraeis,
1180 4402 1244 4455 ut
1276 4394 1452 4474 Moysi
1472 4393 1746 4469 credant,
1767 4394 1969 4474 genti--
1995 4389 2165 4479 Dsim
2215 4390 2485 4479 residere
2531 4408 2668 4454 cum
2718 4391 2837 4465 his,
2869 4390 2972 4473 qui
3004 4409 3038 4453 a
3069 4389 3441 4479 daemonibus
3466 4394 3695 4479 [nerant

332 4486 444 4549 bus
465 4493 692 4559 autem,
721 4492 784 4545 ut
808 4485 1013 4546 Iesum
1042 4483 1314 4563 diligant.
1342 4481 1468 4546 Hoc
1492 4483 1648 4545 enim
1670 4482 1969 4549 indicabat
1998 4478 2019 4479 ί
2054 4478 2265 4552 curati,
2297 4481 2465 4560 quasi
2516 4489 2651 4563 post
2706 4480 2934 4543 laboris
2992 4478 3419 4560 fatigationem.
3464 4478 3698 4545 Interea

333 4572 1685 4655 etﬂagistermbiait:Conﬁtebortibi,Pater,
1718 4574 1972 4638 Domine
2053 4567 2195 4631 dum
2243 4569 2368 4632 haec
2416 4580 2694 4650 aguntur,
2731 4570 2983 4652 plurima
3036 4568 3350 4630 multitudo
3394 4571 3693 4649 convenit,

329 4658 468 4769 cati
493 4653 551 4720 et
570 4663 756 4719 terra:
779 4663 826 4736 (t
842 4654 1040 4735 ),quia
1066 4653 1379 4719 occultain
1397 4653 1521 4731 hac
1541 4670 1579 4716 a
1598 4655 1973 4735 sapientibus

410 4785 465 4829 ¹³
494 4788 716 4870 Matth.
739 4804 819 4862 ix,
853 4788 955 4869 37,
988 4786 1089 4870 38.
1175 4785 1393 4870 “Luc.
1423 4805 1548 4870 xm,
1574 4788 1674 4870 29;
1704 4791 1909 4856 Matth.
1944 4794 2193 4868 "11,11.

2055 4677 2205 4739 quos
2236 4677 2353 4722 non
2379 4660 2570 4725 solum
2603 4659 2971 4723 desiderium
3001 4656 3183 4734 Petri,
3215 4658 3320 4721 sed
3368 4668 3427 4722 et
3470 4660 3693 4723 sanita-

2281 4792 2337 4838 η
2366 4794 2757 4876 Desiderium
2783 4810 2932 4876 ergo
2964 4801 3025 4857 et
3048 4811 3156 4876 sqq
3167 4841 3187 4876 ._
3202 4810 3392 4876 usque
3415 4795 3488 4859 ad
3512 4796 3690 4859 ﬁnem

330 4884 463 4949 cap.
491 4870 528 4932 5
559 4886 677 4931 non
707 4867 987 4948 leguntur
1015 4869 1075 4931 in
1101 4869 1279 4932 codd.
1308 4869 1500 4951 Lipss.
1532 4867 1601 4914 ’ίδ
1626 4867 1815 4933 Exod.
1848 4889 1967 4951 xiv,
1989 4867 2092 4937 31.
2135 4873 2191 4918 ⁸⁸
2213 4877 2553 4952 Luc.vt,46.
2598 4873 2651 4919 ¹⁷
2681 4867 2887 4939 Matth:
2914 4889 2998 4950 ιι,
3025 4867 3226 4939 ἳόῗίθ
3246 4867 3692 4955 Μοιιιωιιιρἲ.

674 5004 675 5007 ‘
768 4992 773 4993 ί
1657 5003 2050 5072 COTELERII
2092 4990 2345 5074 Now.
2776 4996 2777 4999 ‘

409 5126 583 5210 (100)

611 5127 780 5213 Quid
820 5138 1022 5213 autem
1068 5127 1268 5213 dicitis
1318 5126 1498 5213 milii,
1536 5128 1817 5213 quine,
1851 5141 1967 5195 etc.
2054 5126 2115 5197 S.
2141 5126 2744 5213 Augustinus,serm.
2774 5132 2874 5209 38,
2913 5135 3000 5198 De
3027 5135 3294 5199 sanctis:
3326 5132 3696 5205 Iitudualde

300 5206 510 5275 ’Ῑδιιὲιε
536 5206 732 5298 ηιμ-46
763 5226 778 5271 ε
814 5207 963 5298 Tydis:
985 5231 1052 5298 ps
1081 5208 1326 5298 κςιλιϊτε,
1359 5206 1553 5298 dets,
1577 5208 1762 5298 K6915,
1790 5206 1877 5298 δὶαμί
1911 5216 1966 5271 οὐ

2057 5206 2388 5298 timendum
2417 5206 2541 5298 est,
2560 5216 2723 5298 quod
2750 5206 2981 5298 iterum
2998 5213 3300 5298 Dominus
3320 5218 3496 5283 dicit:
3530 5218 3697 5298 Quid

327 5303 539 5349 ποιεῖτε
567 5290 605 5346 ἅ
634 5289 815 5369 Atyn);
848 5289 1005 5364 Quid
1033 5296 1234 5351 autem
1254 5294 1484 5352 vocatis
1509 5308 1605 5353 me
1636 5309 1653 5353 :

331 5370 614 5449 Domine,
640 5376 847 5449 etnon
870 5370 1081 5449 facitis
1108 5386 1243 5449 quae
1268 5370 1406 5432 dico
1431 5372 1459 5431 ?
1483 5370 1826 5433 seu-ex‘alia
1844 5370 1968 5436 veri

286 5504 293 5517 ρ
325 5448 668 5541 sianum
689 5448 1010 5541 gemam
1025 5448 1466 5541 Αςέιειρηξιοφν
1491 5451 1699 5541 eam“:
1722 5458 1782 5541 4.,
1807 5454 1885 5541 λθ.
1903 5468 1963 5516 οι

1739 5296 1964 5377 omine,
2046 5296 2293 5377 prodest
2324 5294 2763 5377 quoddicitis:
2796 5295 3077 5375 Domme,
3122 5297 3399 5376 Domine,
3461 5307 3522 5361 et
3557 5294 3694 5366 'non

2051 5376 2259 5453 facitis
2284 5375 2421 5454 quae
2435 5375 2573 5439 dico
2599 5376 2769 5438 vobis
2789 5381 2819 5439 7

2129 5457 2221 5544 (t)_
2234 5455 2452 5544 Pater,
2470 5454 2739 5539 Domine
2751 5456 2893 5544 cati
2903 5462 3176 5544 alterm.
3203 5456 3518 5544 Candeler.
3543 5479 3652 5544 ius.
3669 5512 3687 5544 ,

333 5522 665 5622 l2,_.e§t"um
687 5522 1152 5622 quaesitist
1172 5522 1823 5622 [clarissitili-‘Step‘ba‘iti
1842 5532 1957 5622 Ba-
2012 5522 2300 5622 _'Domine
2330 5522 2681 5622 Peleaque
2714 5526 2893 5599 modo
2923 5534 3146 5600 citetur
3172 5538 3246 5599 ab
3271 5522 3690 5622 Hilario,'liie1

326 5600 466 5696 lus'ii
487 5600 797 5696 debemus:
826 5609 983 5684 Quid
998 5600 1245 5696 prodest
1266 5612 1427 5691 quod
1437 5600 1842 5696 d'iqitis’hiihi,
1856 5614 1983 5675 ilo-‘
2012 5616 2022 5628 ‘
2044 5606 2313 5696 renymo,
2346 5610 2494 5678 aliis.

322 5664 512 5767 aii-ne,
552 5664 906 5769 Dominefet
932 5664 1058 5753 norn
1074 5664 1429 5770 facitis‘quuz
1446 5692 1536 5752 vel
1554 5709 1627 5753 ea
1650 5664 1961 5770 (ικαάὶσοῖ
