4054 6214
463 230 616 328 1319

1290 230 1348 292 8.
1399 229 1836 294 CLEMENTIS
1880 232 1902 293 Ι
1944 231 2124 295 ROM.
2177 233 2396 294 PONT.
2437 233 2693 324 ,OPERA
2742 232 2994 296 DUBIA.

3683 233 3705 290 l
3723 228 3831 291 320

461 377 605 435 tum,
632 384 761 445 quae
785 374 1137 444 perpetrata)
1157 364 1416 436 fuerant,
1439 361 1592 424 fama
1617 366 2087 443 pertraxerat.At
2115 381 2143 422 Α
2171 367 2390 428 divina.
2422 366 2487 427 Et
2510 368 2589 427 ita
2618 368 2835 427 factum
2870 377 2986 446 est,
3022 376 3085 427 ut
3111 366 3335 427 cultum
3377 369 3476 430 Dei
3510 386 3692 447 quem
3723 341 3824 445 pro

465 458 670 518 Petrus
705 473 876 515 manu
911 454 1221 530 quiescere
1251 454 1528 534 pOpulum
1563 454 1874 535 docens,et
1900 456 2102 518 turbas

460 546 519 606 in
568 544 992 622 tranquillitate
1038 563 1404 621 componens
1447 544 1528 623 η’,
1562 544 1672 604 hoc
1735 547 1907 605 modo
1965 547 2103 606 fecit

461 634 765 695 exordium
796 655 808 695 :

547 723 694 784 VIII.
722 723 1030 801 lncipienti
1052 727 1126 783 de
1150 741 1283 782 vero
1311 720 1414 782 Dei
1447 722 1604 782 cultu
1643 723 1839 784 facere
1865 742 2098 784 sermo-

463 831 597 875 nem
634 811 1028 872 necessarium
1087 812 1229 870 mihi
1269 811 1527 885 videtur,
1566 829 1669 871 eos
1701 815 1801 893 qui
1836 816 2098 874 nondum

463 903 536 962 de
565 904 673 963 hoc
693 899 908 980 aliquid
932 899 1198 960 scientim
1225 904 1522 960 consecuti
1554 910 1714 975 sunt,
1747 903 1933 981 primo
1967 921 2084 962 om-

464 992 626 1051 niutn
658 993 897 1063 docere,
936 1006 1041 1066 per
1069 990 1264 1048 omnia
1311 989 1728 1069 inculpabilem
1769 994 2100 1071 ponendam

464 1099 596 1142 esse
614 1078 870 1139 divinant
899 1077 1359 1158 Providentiam,
1389 1097 1495 1156 per
1516 1100 1689 1159 quam
1717 1082 1972 1143 mundus
2001 1101 2100 1142 re-

464 1171 623 1249 gitur
645 1178 697 1228 et
730 1167 1118 1246 gubernatur.
1157 1169 1324 1228 Hunc
1349 1178 1543 1228 autem
1575 1169 1743 1229 nobis
1775 1171 1999 1232 exordii
2026 1172 2104 1231 ti-

468 1259 649 1319 tulum
686 1257 850 1317 dedit.
883 1257 1189 1336 praesentis
1222 1258 1421 1335 operis
1448 1259 1615 1336 ratio,
1645 1268 1699 1319 et
1727 1279 1935 1319 eorum
1959 1280 2105 1340 quos

466 1347 567 1408 Dei
601 1348 787 1407 virtus
821 1345 1044 1406 sanavit
1100 1349 1358 1421 occasio,
1393 1356 1453 1406 ut
1508 1350 1913 1423 ostendamus,
1947 1352 2102 1430 quod

462 1446 624 1498 recta
657 1445 883 1496 ratione
937 1435 1360 1515 quamplurimi
1393 1454 1426 1496 a
1455 1438 1705 1498 diversis
1738 1439 2107 1500 daemonibus

468 1527 837 1600 obtinentur,
869 1537 928 1584 ut
954 1544 1054 1614 per
1083 1525 1191 1585 hoc
1225 1527 1756 1605 appareatjustitia
1782 1527 1908 1588 Dei.
1934 1527 2100 1590 Inve-

2189 454 2360 516 bonis
2396 456 3244 536 neglexerant,recaperarent
3279 474 3383 534 pro
3419 456 3608 532 malis,
3637 464 3694 514 et
3727 474 3827 513 co-

2186 543 2501 622 gitationes
2531 545 2590 604 in
2626 543 2812 605 Deum
2848 562 2994 624 quas
3027 554 3396 624 perverterat
3441 542 3827 621 indulgentia,

2187 635 2539 695 emendaret
2579 634 2846 695 afﬂictio.
2895 634 2992 696 Sic
3047 653 3187 711 ergo
3227 633 3425 693 divina
3457 632 3832 694 Ptovidentia

2189 725 2298 783 hoc
2332 743 2462 784 esse
2498 724 2700 783 utilius
2731 723 3075 784 hominibus
3120 723 3348 793 videns,
3403 723 3521 784 vias
3557 721 3826 800 benigni-

2186 812 2319 873 tatis
2350 821 2409 872 et
2436 811 2840 884 abundantiae,
2879 823 3164 893 tanquam
3199 831 3332 891 qua;
3363 812 3670 880 laederent,
3701 811 3832 870 sub-

2187 902 2366 962 trahit
2396 900 2471 962 ab
2504 901 2868 975 horninibus,
2894 911 2950 961 et
2984 901 3321 963 vexationis
3355 902 3464 962 iter
3492 919 3558 960 ac
3594 899 3810 960 tribula

2188 991 2364 1052 tionis
2401 991 2654 1054 inducit.

2269 1077 2392 1142 XII.
2428 1079 2546 1142 Sed
2599 1092 2658 1141 ut
2690 1081 3035 1142 ostenderet
3088 1079 3234 1158 quia
3295 1081 3418 1141 haec
3451 1099 3556 1159 pro
3591 1078 3831 1157 ingratis

2188 1179 2527 1247 agerentur,
2565 1189 2746 1230 unum
2799 1170 3116 1250 quemdam
3172 1188 3239 1230 ex
3274 1169 3392 1229 illis
3421 1171 3519 1248 qui
3559 1167 3832 1247 primitus

2189 1268 2492 1338 cmperant
2549 1276 2684 1320 esse
2721 1261 2997 1320 mortales
3072 1259 3226 1339 quod
3280 1277 3414 1319 eum
3460 1259 3665 1336 gratiae
3717 1275 3832 1317 suae

2192 1366 2306 1408 non
2343 1348 2756 1410 immemorem
2805 1348 2972 1428 vidit,
3009 1358 3066 1409 et
3111 1350 3248 1428 quia
3278 1349 3536 1427 Speravit
3560 1348 3834 1406 invocare

2192 1455 2410 1498 nomen
2447 1438 2683 1499 Domini
2715 1439 2816 1517 (2),
2852 1438 2922 1498 ad
2958 1438 3326 1498 immortales
3360 1435 3680 1507 transtulit,
3717 1452 3831 1495 cae-

2191 1528 2333 1587 teris
2357 1528 2456 1608 qui
2479 1528 2534 1588 in
2562 1536 2788 1588 tantum
2826 1527 3040 1605 ingrati
3083 1529 3389 1600 exstitere,
3432 1537 3490 1585 ut
3526 1519 3636 1586 nec
3666 1525 3837 1585 labo-

467 1618 664 1678 nietur
695 1614 854 1676 enim
910 1612 1174 1674 omnium
1222 1634 1371 1694 pene
1420 1617 1706 1677 malorum
1767 1629 1954 1678 mater
1981 1637 2110 1681 esse
2137 1631 2171 1679 Β
2196 1615 2361 1677 ribus
2395 1625 2451 1678 et
2483 1616 2970 1678 tribulationibus
3020 1615 3328 1677 emendari
3353 1625 3409 1675 et
3439 1612 3658 1692 corrigi
3697 1632 3833 1692 pos-

465 1705 818 1786 ignorantia.
847 1705 960 1768 Sed
990 1706 1115 1783 jam
1154 1706 1459 1767 veniamus
1493 1706 1563 1767 ad
1602 1725 1864 1768 causam.

547 1793 643 1858 IX.
672 1797 826 1857 Deus
859 1813 990 1853 cum
1023 1793 1255 1854 fecisset
1278 1795 1580 1856 hominem
1605 1798 1675 1856 ad
1710 1796 2025 1876 imaginem
2053 1808 2110 1859 et

472 1884 924 1946 similitudinem
951 1902 1143 1954 suam,
1166 1901 1297 1962 ope:
1319 1883 1333 1944 i
1359 1902 1465 1946 suo
1488 1885 1784 1963 spiramen
1808 1888 2104 1967 quoddam

468 1983 526 2034 et
549 1974 790 2034 odorem
826 1989 946 2032 suae
977 1971 1300 2032 divinitatis
1333 1971 1602 2047 inseruit,
1632 1993 1686 2034 ιιι
1721 1993 1824 2055 per
1852 1979 1958 2037 hoc
1981 1995 2106 2055 par-

469 2063 678 2142 ticipes
729 2061 865 2122 facti
915 2060 1196 2124 mortales
1245 2059 1543 2141 Unigeniti
1600 2065 1750 2146 ejus,
1788 2084 1892 2145 per
1919 2067 2106 2142 ipsum

469 2152 645 2215 etiam
673 2150 848 2211 amici
879 2149 979 2211 Dei
1002 2159 1060 2210 et
1080 2151 1180 2211 ﬁlii
1202 2151 1536 2229 adoptionis
1558 2156 1913 2235 existerent;
1951 2163 2108 2215 unde

470 2251 529 2303 et
550 2258 667 2321 qua
696 2241 781 2299 via
815 2237 871 2298 id
900 2239 1419 2318 possintadipisci,
1440 2241 1568 2320 ipse
1591 2260 1693 2302 eos
1725 2251 1788 2302 ut
1821 2245 2110 2322 propheta

468 2347 646 2393 verus
665 2329 1126 2408 edocuit,sciens
1140 2329 1360 2404 quibus
1377 2330 1607 2390 actibus
1633 2332 1936 2393 hominum
1959 2334 2112 2395 dele-

471 2429 730 2484 ctaretur
750 2421 944 2482 Pater.
975 2415 1134 2481 Unus
1157 2419 1351 2498 itaque
1374 2420 1526 2499 apud
1550 2420 1823 2481 homines
1850 2431 1984 2483 tunc
2008 2421 2111 2484 Dei

471 2509 664 2572 cultus
686 2519 1008 2589 erat,mens
1024 2526 1169 2589 pura
1193 2517 1250 2569 et
1272 2509 1512 2587 spiritus
1534 2508 2013 2590 incorruptusEt
2036 2512 2112 2574 ob

469 2601 580 2661 hoc
597 2599 792 2659 omnis
805 2607 1072 2659 creatura
1087 2597 1344 2658 humano
1359 2600 1560 2674 generi
1577 2600 2110 2661 fmdusinviolabilv

471 2687 880 2750 conservabat.
916 2688 1005 2752 Ob
1052 2687 1440 2749 reverentiam
1505 2707 1760 2770 namque
1819 2690 2112 2752 Creatoris

472 2780 632 2840 nulla
685 2776 977 2854 aegritudo
1005 2778 1062 2839 in
1102 2796 1225 2852 eos,
1263 2778 1491 2838 nullum
1549 2779 1754 2841 vitium
1817 2779 2106 2860 corporis,

2193 1704 2331 1776 sint,
2359 1706 2706 1784 gravissima
2737 1717 2924 1766 morte
2950 1704 3262 1766 damnatis.
3295 1703 3526 1765 invenit
3548 1713 3756 1763 tamen
3787 1711 3840 1764 et

2193 1796 2349 1855 inter
2372 1797 2532 1874 ipsos
2559 1814 2738 1856 unum
2766 1795 3081 1876 quemdam
3108 1813 3240 1855 cum
3263 1795 3440 1854 domo
3460 1793 3835 1872 suajustum,

2191 1902 2368 1963 quem
2400 1897 2762 1959 reservaret,
2820 1895 3143 1964 praecepto
3170 1885 3226 1944 ei
3259 1884 3396 1944 dato
3427 1892 3488 1943 ut
3521 1883 3840 1944 fabricaret

2191 1991 2414 2054 arcam,
2448 1982 2505 2034 et
2533 1975 2589 2035 in
2624 1992 2716 2055 ea,
2749 1992 2883 2035 cum
2928 1973 3151 2035 diluvio
3203 1982 3416 2033 cuncta
3454 1982 3834 2044 necarentur,

2194 2063 2322 2142 ipse
2353 2082 2486 2124 cum
2544 2063 2636 2124 his
2692 2062 2908 2144 quibus
2967 2072 3326 2143 praeceptum
3388 2062 3603 2132 fuerat,
3643 2069 3839 2140 posset

2194 2152 2464 2222 evadere,
2504 2173 2623 2233 quo
2655 2153 2856 2233 impiis
2885 2153 3331 2213 inundationem
3368 2168 3659 2231 aquarum
3698 2167 3835 2229 per-

2198 2243 2414 2322 emptis
2467 2243 2937 2322 purilicationem
2998 2242 3256 2302 mundus
3318 2241 3647 2319 acciperet,
3705 2240 3839 2299 etis

2197 2333 2294 2410 qui
2319 2333 2388 2391 ad
2424 2334 2827 2413 posteritatem
2860 2332 3099 2411 generis
3122 2331 3312 2392 fuerat
3343 2339 3709 2403 reservatus,
3739 2347 3840 2407 per

2198 2435 2408 2498 aquam
2430 2420 2689 2480 mundus
2705 2420 3273 2500 ell'ectus,mundum
3293 2420 3491 2479 denuo
3507 2427 3837 2497 repararet.

2279 2507 2435 2571 Xll‘l.
2454 2510 2573 2570 Sed
2611 2509 2702 2570 his
2723 2508 3004 2569 omnibus
3024 2508 3208 2586 gestis
3237 2525 3443 2568 rursus
3469 2507 3750 2568 homines
3768 2506 3837 2566 ad

2198 2600 2559 2680 impietatem
2595 2607 2928 2674 vertuntur,
2952 2609 3008 2662 et
3040 2610 3281 2681 propter
3313 2604 3422 2659 hoc
3447 2620 3477 2658 a
3505 2599 3626 2659 Deo
3662 2597 3838 2677 poni-

2196 2697 2290 2748 tur
2311 2689 2402 2749 lex
2428 2707 2562 2765 quae
2583 2689 2816 2750 vivendi
2842 2691 3082 2750 modum
3113 2689 3380 2762 doceret;
3418 2688 3521 2749 sed
3551 2705 3838 2766 processu

2196 2780 2501 2858 temporis,
2538 2778 2641 2839 Dei
2660 2779 2900 2860 quidem
2922 2779 3114 2840 cultus
3136 2789 3195 2840 et
3211 2779 3440 2858 justitia
3471 2777 3546 2837 ab
3569 2777 3835 2837 inﬁdeli-

471 2870 630 2929 nulla
647 2869 914 2929 ciborum
955 2867 1255 2928 dominata
1284 2869 1588 2946 corruptio
1620 2878 1729 2941 est,
1759 2888 1827 2931 ex
1856 2889 1969 2949 quo
1998 2870 2105 2930 lie-
2129 2912 2168 2962 ε
2196 2867 2305 2928 bus
2338 2878 2396 2928 et
2417 2867 2618 2946 impiis
2648 2868 3075 2948 corrumpitur,
3103 2868 3256 2928 sicut
3285 2868 3460 2948 paulo
3493 2874 3624 2947 post
3655 2883 3837 2945 aper-

475 2960 594 3032 bat,
631 2968 690 3018 ut
727 2960 888 3019 mille
936 2975 1224 3018 annorum
1279 2965 1420 3018 aetas
1469 2959 1525 3019 in
1582 2958 1954 3036 fragilitatem
1992 2978 2105 3020 non
2135 2956 2167 2962 “
2194 2957 2308 3018 tius
2339 2957 3056 3020 ostendemusJ’erversze
3075 2968 3270 3018 autem
3305 2968 3362 3016 et
3390 2956 3666 3017 erraticee
3694 2956 3838 3016 reli-

468 3047 752 3109 incideret
782 3046 1128 3109 senectutis.

525 3137 619 3200 Χ.
656 3133 908 3198 Sedulii
942 3136 1056 3195 vita
1091 3135 1310 3197 laboris
1343 3153 1558 3210 expers
1588 3135 1877 3196 bonorum
1913 3155 2109 3218 perse-

466 3226 786 3288 verantiam
825 3245 941 3285 non
964 3225 1180 3304 putavit
1212 3225 1413 3286 divina
1441 3225 1886 3304 Iargitione,sed
1905 3244 2104 3286 rerum

454 3317 619 3377 forte
650 3333 1021 3388 concessam,
1051 3324 1108 3375 et
1137 3315 1268 3375 sine
1298 3315 1418 3377 ullo
1446 3319 1666 3376 sudore
1687 3314 1900 3376 divinae
1930 3333 2108 3376 amo:-

463 3405 664 3466 nilat‘is
696 3404 929 3466 deliciis
959 3405 1205 3484 perfrui,
1238 3414 1464 3465 natura:
1482 3405 1746 3465 debitum
1782 3413 1839 3465 et
1863 3423 1978 3465 non
2003 3405 2107 3466 Dei

465 3494 744 3556 bonitatis
777 3513 990 3555 munus
1039 3499 1288 3574 accepit.
1326 3493 1391 3556 In
1444 3494 1773 3554 contrarias
1829 3511 1936 3572 per
1986 3495 2106 3554 haec

466 3583 745 3645 homines
775 3593 833 3644 et
866 3583 1077 3662 impias
1117 3582 1506 3661 cogitationes
1532 3584 1650 3646 otio
1682 3583 1932 3644 docente
1964 3601 2103 3662 per-

463 3673 735 3753 veniunt,
762 3681 1032 3753 putantes
1068 3672 1313 3733 deorum
1348 3673 1463 3733 sibi
1490 3672 1665 3732 vitam
1696 3671 2106 3733 nullislabori-

466 3760 575 3822 bns
609 3763 910 3842 nullisque
961 3763 1185 3822 meritis
1230 3771 1448 3822 natam.
1497 3759 1645 3822 Ilinc
1697 3762 2014 3841 proficiunt
2045 3761 2104 3822 in

466 3852 752 3922 deterius,
783 3861 846 3910 ut
874 3869 1065 3930 neque
1101 3850 1465 3928 providentia
1499 3849 1605 3910 Dei
1640 3850 1925 3910 mundum
1983 3851 2106 3928 regi

471 3941 811 4012 crederent,
841 3958 1038 4015 neque
1084 3939 1397 3999 virtutibus
1430 3956 1562 4000 esse
1591 3938 1849 4017 aliquem
1885 3940 2102 4013 locum,

468 4028 946 4109 quandoquidem
965 4029 1316 4106 semetipsos
1332 4027 1555 4089 scirent
1570 4027 1748 4088 nullis
1764 4034 1922 4108 prius
1938 4027 2110 4090 bonis

469 4119 748 4199 operibus
771 4118 1086 4195 assignatis
1108 4119 1207 4178 otii
1233 4134 1302 4178 ac
1327 4117 1675 4178 deliciarum
1701 4135 1990 4178 summam
2014 4128 2105 4178 te-

471 4227 634 4281 nere,
665 4219 720 4270 et
745 4209 970 4270 amicos
996 4207 1099 4268 Dei
1132 4206 1357 4288 absque
1388 4207 1527 4269 ullis
1549 4207 1852 4269 laboribus
1875 4209 2103 4272 haberi.

547 4297 644 4361 XI.
681 4296 1020 4361 Justissimo
1056 4297 1257 4377 itaque
1280 4296 1384 4360 Dei
1406 4297 1632 4377 judicio
1677 4297 1735 4358 in
1768 4297 2104 4378 huiusmodi

468 4389 887 4466 cogitationum
923 4387 1174 4450 vanitate
1199 4386 1640 4467 languentibus,
1675 4386 1907 4448 labores
1938 4389 2105 4449 etaf-

467 4479 761 4540 llictiones
785 4496 890 4558 pro
913 4476 1184 4540 remedio
1207 4475 1737 4539 conferuntur.Ubi
1760 4495 1904 4556 ergo
1925 4477 2105 4538 adfuit

467 4568 638 4628 labor
666 4585 734 4628 ac
772 4566 1091 4646 tribulatio,
1125 4565 1475 4627 deliciarum
1511 4575 1568 4626 et
1610 4567 1967 4627 amoenitatis
1997 4585 2104 4628 ex-

465 4657 614 4719 clusi
649 4665 786 4718 sunt
815 4655 971 4717 loco.
1008 4657 1192 4718 Terra
1235 4665 1430 4716 autem
1466 4656 1644 4735 capit
1677 4655 1822 4716 nihil
1865 4656 1953 4718 eis
1973 4657 2106 4720 siue

466 4746 672 4809 labore
702 4746 1038 4826 producere
1064 4766 1080 4825 ;
1106 4754 1164 4816 et
1196 4753 1333 4806 tunc
1361 4761 1652 4806 conversa
1680 4743 2106 4808 inbominibns

429 4836 764 4915 ..cogitatio,
817 4834 1104 4903 creatoris
1173 4836 1260 4894 sui
1312 4833 2106 4911 requirerecommnnetur

466 4925 773 5004 auxilium,
799 4932 859 4985 et
880 4922 1248 4985 orationibus
1277 4941 1345 4983 ac
1373 4923 1520 4984 votis
1545 4922 1823 5003 praesidia
1852 4925 2104 5011 invitare

2190 3048 2402 3126 giones
2434 3047 3149 3128 introductintur,quibus
3179 3064 3245 3108 se
3277 3046 3533 3127 plurima
3566 3063 3708 3124 pars
3731 3047 3839 3104 ho-

2193 3137 2418 3198 minum
2445 3154 2552 3216 per
2579 3137 2956 3198 occasionem
2988 3136 3269 3197 feriarum
3303 3144 3362 3196 et
3391 3137 3838 3197 solemuitatum

2191 3224 2512 3292 dederunt.
2553 3234 2725 3305 potus
2756 3227 3162 3289 instaurantes
3213 3235 3271 3286 et
3291 3225 3585 3298 convivia,
3620 3224 3836 3286 tibias-

2191 3333 2310 3395 que
2340 3331 2407 3375 ac
2443 3315 2665 3376 ﬁstulas
2699 3324 2755 3376 et
2777 3314 3035 3377 citharas
3063 3333 3130 3375 ac
3179 3315 3412 3377 diversa
3443 3330 3671 3391 genera
3706 3333 3838 3373 mu-

2192 3405 2455 3465 sicorum
2491 3413 2877 3485 sectantes,et
2910 3405 3266 3484 semetipsos
3291 3423 3396 3483 per
3417 3404 3619 3464 omnia
3653 3413 3842 3466 temu-

2191 3494 2386 3554 lentite
2416 3513 2483 3555 ac
2508 3495 2756 3556 luxuriae
2788 3493 3194 3574 propinantes.
3246 3491 3396 3555 llinc
3428 3493 3628 3552 omnis
3675 3510 3846 3554 error

2189 3583 2416 3664 accepit
2443 3584 2760 3662 originem,
2789 3583 2926 3644 hinc
2947 3583 3112 3644 lucos
3142 3591 3200 3642 et
3220 3593 3376 3652 aras,
3413 3582 3552 3655 hinc
3585 3601 3844 3644 coronas

2190 3682 2250 3735 et
2298 3673 2570 3735 victimas
2626 3689 2933 3754 reperere,
2985 3683 3042 3735 et
3098 3681 3229 3753 post
3279 3671 3633 3732 ebrietatem
3671 3673 3846 3753 quasi

2191 3763 2562 3843 lymphaticis
2588 3764 2847 3825 motibus
2868 3762 2998 3841 agi;
3031 3780 3098 3824 ex
3132 3762 3244 3823 hoc
3265 3762 3388 3841 jam
3419 3769 3686 3843 potestas
3709 3762 3846 3824 dse-

2193 3854 2409 3913 moniis
2438 3852 2574 3914 data
2609 3852 2988 3929 ingrediendi
3023 3852 3441 3931 huiuscemodi
3481 3862 3738 3924 mentes,
3780 3863 3846 3914 ut

2189 3943 2402 4004 choros
2423 3942 2644 4005 ducere
2663 3943 2904 4004 insanos
2933 3951 2985 4003 et
3004 3943 3234 4004 Baccho
3247 3942 3448 4003 furere
3465 3940 3843 4010 viderentur;

2192 4033 2328 4094 hinc
2358 4031 2614 4094 fremere
2646 4032 3017 4102 dentibus,et
3043 4033 3272 4109 mugire
3304 4030 3381 4091 de
3412 4031 3728 4109 profundis
3760 4033 3843 4092 vi-

2190 4122 2463 4184 sceribus
2486 4121 2816 4202 inventum,
2851 4122 2991 4182 hinc
3023 4120 3310 4182 terribilis
3339 4121 3532 4181 vultu
3572 4132 3631 4182 et
3677 4121 3844 4183 ferus

2191 4211 2250 4272 in
2303 4210 2644 4271 hominibus
2703 4220 3002 4292 aspectus,
3058 4221 3123 4270 ut
3176 4210 3226 4270 is
3277 4227 3454 4290 quem
3488 4213 3848 4274 temulentia

2189 4298 2490 4361 subvertet
2536 4319 2603 4361 ac
2653 4299 3317 4378 dtemoninstigaverat,
3356 4301 3845 4381 numineieple-

2193 4397 2340 4449 tusa
2369 4388 2637 4468 deceptis
2667 4397 2724 4449 et
2753 4389 3091 4450 errantibus
3115 4388 3534 4450 crederentur.

2268 4475 2419 4540 XIV.
2455 4474 2623 4540 Unde
2671 4493 2805 4538 cum
2844 4488 2961 4538 tam
3023 4477 3317 4538 multarin
3351 4482 3508 4537 hunc
3549 4479 3843 4539 mundum

2190 4568 2353 4629 falsa:
2369 4579 2425 4628 et
2441 4568 2708 4629 erraticre
2724 4566 3043 4646 religiones
3060 4578 3262 4628 essent
3283 4567 3847 4642 introductaynissi

2188 4674 2524 4718 sumusnos
2546 4658 2889 4719 deterentes
2938 4656 3106 4717 vobis
3155 4663 3435 4736 tanquam
3471 4657 3614 4717 boni
3649 4675 3843 4738 nego-

2189 4750 2455 4828 tiatores,
2486 4747 2819 4830 apati-ibus
2843 4745 3124 4807 traditum
3155 4752 3216 4806 et
3269 4756 3687 4829 conservatum
3719 4751 3844 4810 veri

2185 4837 2293 4902 Dei
2323 4835 2576 4916 cultum,
2631 4836 2802 4915 cujus
2858 4835 3033 4916 quasi
3086 4835 3614 4914 seminaquzedam
3670 4839 3844 4900 vobis

2189 4927 2313 4988 haec
2335 4926 2515 4987 verba
2534 4926 2960 5005 respergimus,
2996 4933 3054 4986 et
3076 4924 3134 4985 in
3171 4932 3362 4986 vestro
3388 4925 3620 5004 judicio
3658 4928 3839 5005 poni-

511 5139 515 5146 η
549 5066 600 5112 19
629 5067 774 5150 Quae
805 5073 1139 5150 sequuntur
1172 5065 1460 5150 voeabula
1485 5085 1671 5150 usque
1690 5066 1762 5128 ad
1791 5067 1968 5150 linem
2001 5086 2132 5149 cap.
2168 5069 2268 5140 36.
2302 5069 2518 5131 desunt
2545 5076 2604 5130 in
2628 5068 2804 5132 codd.
2825 5067 3398 5150 ,Lipssq‘cobaarent
3421 5082 3624 5131 autem
3658 5079 3835 5132 ante-

468 5148 744 5244 cedentia
762 5167 899 5244 cum
930 5148 1033 5244 iis,
1059 5163 1194 5244 quae
1221 5145 1370 5230 cap.
1394 5145 1473 5232 37.
1501 5145 1808 5232 leguntur,
1844 5149 1955 5211 hoc
1987 5145 2164 5213 modo
2196 5168 2211 5207 :
2243 5165 2616 5230 componens,
2643 5165 2780 5240 cum
2813 5145 3494 5231 ἀιίὶιααίοειιιιιειεεει,
3537 5152 3839 5232 prwceps't

1811 5316 2207 5383 COTELEBII
2250 5315 2504 5383 ΝΟΤΕ.

466 5237 534 5294 ut
554 5237 803 5310 pasteru
833 5227 954 5307 die,
985 5237 1112 5309 etc.
1171 5303 1174 5306 λ

549 5459 620 5599 φ)
658 5456 741 5522 Et
767 5459 913 5552 quia
946 5459 1216 5597 gemuit
1244 5458 1532 5521 invocare
1574 5477 1797 5523 nomen
1825 5463 2097 5527 Dom-ini.

549 5562 555 5595 ι
609 5535 917 5599 confundit
1001 5537 1296 5598 enochum
1324 5553 1462 5598 cum
1485 5537 1684 5599 Enoso
1715 5561 1731 5599 :
1766 5556 1872 5599 seu
1909 5543 2097 5599 notius

476 5535 576 5602 Vel
609 5535 917 5599 confundit
946 5535 1296 5598 Henochum
1324 5553 1462 5598 cum
1485 5537 1684 5602 Euoso
1715 5561 1731 5619 ;
1766 5556 1872 5604 seu
1909 5543 2103 5624 potius

2291 5461 2723 5561 applica'tqt‘i'od
2756 5463 2831 5561 de
2863 5465 2976 5561 hoc
3005 5466 3230 5542 dictum
3267 5464 3462 5558 fuerat
3483 5464 3717 5561 Genu.
3747 5481 3833 5542 is,

2185 5543 2286 5620 26,
2313 5543 2482 5641 juxta
2513 5543 2660 5607 LXX
2692 5545 3072 5624 interpretes.
