4054 6214
3601 0 3786 152 η,Χέ
3823 0 3842 26 ,,

394 293 551 361 1323
1218 297 1279 362 8.
1326 297 1762 363 CLEMENTIS
1805 298 1829 359 Ι
1870 298 2050 360 ROM.
2101 299 2320 362 PONT.
2367 299 2614 362 OPEBA
2661 299 2914 363 DUBIA.
3624 301 3783 366 1324

391 433 583 516 palam
615 441 706 495 est
728 432 788 495 id
812 451 947 496 esse
975 431 1118 494 illud
1147 431 1470 507 metallum,
1504 434 1658 513 quod
1691 433 1896 495 artifex
1929 448 2034 490 vo-
2063 444 2100 491 Α
2123 429 2337 505 agendi
2388 437 2612 492 tantum
2667 429 2980 492 adversum
3034 450 3164 508 nos,
3202 442 3260 493 et
3315 435 3455 495 nihil
3487 437 3778 517 loquendi

388 522 552 586 luit?
583 523 893 595 Quomodo
938 541 1078 600 ergo
1109 521 1305 583 inesse
1347 521 1430 583 ibi
1463 520 1739 584 divinitas
1780 523 2035 602 putanda
2117 517 2367 579 facultas
2396 519 2488 580 eis
2533 536 2818 580 concessa
2848 520 3174 583 videretur.
3209 520 3377 584 Nunc
3423 533 3617 587 autem
3673 527 3780 588 ubi

390 622 503 688 est,
544 613 702 692 quod
735 612 786 672 si
817 610 1103 672 noluisset
1130 610 1357 674 artifex.
1396 610 1640 671 omnino
1673 630 1789 672 non
1822 623 1982 673 esset
2012 612 2034 670 Υ
2115 606 2436 683 aliquando
2487 626 2654 685 vera,
2706 607 3027 688 aliquando
3061 609 3208 670 falsa
3239 612 3536 687 dicuntur,
3583 615 3777 676 debe-

390 708 493 764 aut
523 701 823 781 quomodo
862 700 1002 761 inde
1031 699 1224 761 futura
1253 698 1368 762 sibi
1399 701 1736 761 annuntiari
1767 708 2032 780 Sperent,
2119 712 2251 754 mus
2275 714 2627 773 agnoscere,
2659 698 3018 776 utsuperius
3049 698 3194 778 dixi,
3221 702 3556 762 daemonum
3579 715 3779 766 etnon

390 790 492 852 ubi
516 809 626 852 nec
651 788 1028 870 praesentium
1049 789 1262 868 aliquis
1282 789 1622 852 intellectus
1652 800 1742 850 est
1766 796 1794 851 ‘t
1818 789 2035 861 Quam-

391 880 478 941 vis
531 879 764 940 etiamsi
823 878 1048 956 aliquid
1078 878 1439 951 divinarent,
1494 896 1611 939 non
1639 878 1919 939 continuo
1948 877 2033 940 dii

389 968 597 1031 haberi
622 978 862 1046 possent
886 988 901 1039 ;
923 966 1064 1046 quia
1089 968 1248 1028 aliud
1273 965 1683 1040 estdivinatio,
1708 966 1865 1029 aliud
1887 967 2003 1028 divi

389 1057 565 1120 nitas.
597 1055 743 1119 Nam
777 1067 834 1118 et
881 1055 1173 1136 Pythones
1202 1056 1466 1117 divinare
1495 1055 1792 1131 videntur,
1827 1069 1883 1117 et
1915 1074 2031 1117 non

387 1149 675 1209 continuo
720 1147 799 1207 dii
827 1155 986 1214 sunt,
1019 1144 1281 1223 denique
1323 1163 1359 1208 a
1391 1145 1738 1208 Christianis
1769 1145 2030 1207 homini-

388 1234 501 1297 bus
528 1236 863 1315 eﬁ‘ugantnr
891 1233 976 1315 (3)
1005 1257 1022 1309 ;
1053 1245 1112 1297 et
1143 1235 1441 1315 quomodo
1473 1234 1630 1298 Deus
1659 1244 1768 1313 est,
1803 1236 1904 1316 qui
1935 1234 2031 1295 fu-

2117 781 2224 844 Dei
2256 802 2390 846 esse
2422 803 2737 865 responsa,
2771 785 2929 865 apud
2974 806 3155 863 quem
3209 790 3579 852 mendacium
3612 813 3776 855 nun-

2115 891 2290 953 quam
2330 883 2441 937 est.

2193 959 2398 1025 XXIII.
2425 962 2590 1036 Quod
2614 963 2664 1024 si
2686 964 2985 1024 curiosius
3005 967 3140 1045 quis
3173 968 3561 1046 progrediens
3587 971 3770 1032 dicat:

2115 1049 2270 1122 Quid
2301 1053 2462 1113 enim
2489 1072 2640 1132 opus
2669 1065 2796 1114 erat
2825 1054 3174 1133 hujusmodi
3209 1059 3364 1119 mala
3393 1077 3426 1118 a
3459 1062 3580 1122 Deo
3613 1062 3769 1138 ﬁeri,

2115 1139 2328 1219 quibus
2342 1141 2414 1201 ad
2432 1141 2867 1203 subvertendas
2882 1152 3111 1204 mentes
3130 1144 3424 1207 humanas
3439 1157 3596 1208 tanta
3609 1163 3776 1210 esset

2116 1229 2368 1290 intentio
2394 1233 2419 1290 I
2452 1233 2594 1293 Haec
2619 1231 2976 1310 praponenti
3010 1234 3509 1312 respondebimus
3535 1257 3550 1300 :
3577 1239 3775 1318 requi-

387 1333 564 1405 gatur
589 1324 664 1387 ab
717 1325 1005 1388 homine?
1034 1323 1148 1387 Sed
1184 1325 1335 1386 dicis
1363 1329 1654 1388 fortasse:
1691 1324 1829 1405 quid
1874 1322 2031 1401 quod
2116 1319 2375 1378 rendum
2429 1337 2563 1380 esse
2620 1320 2810 1398 primo
2865 1324 3160 1402 omnium,
3220 1323 3270 1382 si
3329 1333 3419 1384 est
3453 1325 3682 1402 aliquid
3714 1327 3777 1388 in

386 1415 671 1477 sanitates
694 1414 981 1488 efﬁciunt,
1011 1425 1068 1477 et
1093 1415 1393 1495 quomodo
1416 1414 1551 1495 quis
1579 1423 1821 1476 curetur
1840 1422 2033 1475 osten-
2118 1405 2449 1469 substantia
2481 1408 2726 1471 malum.
2753 1407 2824 1470 El.
2842 1411 3111 1489 quamvis
3141 1412 3445 1474 sufﬁceret
3467 1413 3676 1476 dicere
3698 1418 3773 1476 ad

389 1505 582 1568 dunt?
633 1502 754 1566 iiac
805 1509 1037 1566 ratione
1067 1504 1307 1565 colendi
1347 1513 1483 1565 sunt
1516 1504 1692 1565 etiam
1725 1503 1940 1565 medici
1975 1512 2037 1563 ut
2119 1513 2280 1571 eum,
2320 1498 2462 1574 quia
2492 1516 2611 1560 non
2640 1510 2731 1559 est
2759 1501 3123 1560 conveniens
3159 1514 3219 1561 ut
3250 1513 3524 1564 creatura
3545 1507 3779 1584 iudicet

388 1591 496 1673 dii,
531 1593 749 1656 multos
782 1593 940 1656 enim
991 1601 1222 1668 sanant,
1259 1601 1319 1654 et
1347 1603 1569 1671 quanto
1621 1593 1754 1672 quis
1786 1592 2037 1672 peritior
2125 1583 2494 1666 Creatorem,
2517 1587 2620 1648 sed
2644 1587 2808 1648 illius
2827 1598 2914 1649 est
2925 1588 3208 1668 judicare
3229 1583 3656 1669 opusalien’um
3677 1597 3775 1674 qui

387 1643 1319 1764 fgg’ﬁ'ﬁ'{gﬁo'gfﬁ}e;;;§,ﬁif
1350 1643 1566 1671 Tm.“
1623 1643 1654 1672 Ἴ
1788 1643 1819 1672 Γ
2058 1724 2096 1774 Β
2117 1683 2217 1734 aut
2246 1676 2458 1736 similis
2479 1643 2720 1736 ,artilicii
2744 1689 2848 1738 aut
2872 1643 3086 1738 siinilis
3109 1643 3388 1758 potenrtiaa
3410 1693 3539 1758 est;
3575 1643 3777 1745 tam‘len

467 1771 615 1834 XXI.
641 1763 827 1834 Unde,
843 1779 1096 1850 constat,
1121 1773 1265 1833 istos
1293 1789 1426 1832 cum
1449 1771 1567 1833 sint
1587 1771 1897 1833 daemonici
1919 1771 2036 1850 spi-
2060 1763 2096 1774 “’
2120 1781 2194 1824 ne
2216 1763 2673 1828 circuitionibus
2697 1775 2957 1845 utamur,
2983 1767 3256 1830 absolute
3278 1768 3533 1831 dicimus
3553 1772 3616 1832 in
3637 1772 3778 1834 sub-

385 1862 558 1936 ritus,
584 1870 642 1924 et
673 1861 860 1924 multo
892 1862 1065 1924 citius
1095 1861 1247 1922 scire
1278 1861 1476 1941 aliqua
1506 1869 1566 1922 et
1599 1861 1782 1921 multo
1832 1858 2031 1941 perfe-
2116 1855 2326 1914 stantia
2362 1855 2509 1916 nihil
2544 1871 2680 1916 esse
2733 1853 2895 1916 maii-
2928 1855 3096 1927 Quod
3129 1856 3179 1916 Si
3218 1858 3297 1918 ita
3332 1869 3442 1938 est,
3491 1861 3777 1924 substan-

386 1953 534 2012 ctius
561 1969 578 2026 ;
609 1969 728 2012 non
778 1950 938 2012 enim
969 1950 1040 2012 ad
1075 1949 1425 2012 discendum
1457 1950 1729 2012 tarditate
1761 1948 2034 2029 corporis
2116 1941 2643 2044 liar’tttu‘condi'tor
2674 1942 2896 2004 frustra
2925 1944 3250 2044 culpatur?

385 2038 799 2118 degravantur.
825 2038 894 2101 Et
915 2039 1052 2101 ideo
1079 2057 1211 2119 quae
1241 2038 1460 2100 medici
1488 2040 1662 2116 longo
1690 2045 1955 2118 tempore
1976 2045 2033 2129 et
2187 2029 2559 2129 _Sed
2588 2050 2870 2129 occurres
2904 2034 3050 2092 mihi
3078 2043 3137 2094 et
3166 2035 3332 2096 dices
3369 2058 3382 2097 :
3423 2039 3672 2129 Etiamsi
3705 2061 3778 2104 ex

387 2127 593 2190 labore
625 2128 884 2208 plurimo
916 2135 1295 2209 assequntur.
1329 2129 1452 2189 haec
1485 2127 1571 2190 illi
1605 2138 1881 2207 tanquam
1915 2127 2034 2206 spi-
2115 2119 2346 2180 arbitrii
2374 2120 2644 2181 libertate
2671 2120 2732 2209 in
2760 2119 2872 2182 hoc
2904 2131 3140 2182 ventum
3171 2133 3283 2196 est,
3312 2128 3580 2206 nunquid
3611 2129 3778 2207 igno-

384 2217 565 2298 ritus,
598 2215 825 2298 absque
858 2237 1025 2280 mora
1055 2208 1176 2279 ulla
1205 2227 1265 2279 et
1294 2216 1519 2297 absque
1547 2216 1895 2278 difficultate
1926 2235 2031 2277 co-
2115 2209 2283 2270 tabat
2313 2209 2414 2270 ille
2436 2211 2532 2290 Qui
2557 2208 2798 2271 creabat
2819 2228 2943 2290 eos,
2969 2213 3124 2290 quod
3160 2213 3219 2273 in
3253 2215 3474 2277 malum
3509 2221 3777 2282 declina-

386 2315 702 2384 gnoscunt.
754 2309 885 2369 Non
934 2325 1076 2386 ergo
1126 2307 1340 2368 mirum
1375 2312 1488 2381 est,
1540 2305 1590 2367 si
1641 2307 1770 2382 plus
1802 2305 2031 2382 aliquid
2118 2298 2230 2358 turi
2261 2309 2463 2399 essent
2495 2318 2644 2399 quos
2673 2301 2962 2399 creabat?
2993 2304 3425 2399 Oportuitergo
3446 2312 3774 2399 necareari

387 2413 562 2474 quam
617 2395 892 2458 nomine;
943 2398 1179 2470 sciunt;
1213 2396 1316 2457 sed
1379 2396 1492 2459 hoc
1533 2394 1884 2456 intuendum
1919 2403 2028 2468 est,
2115 2387 2848 2468 eos,quosdeviaturosab
2873 2390 3083 2452 itinere
3099 2393 3350 2471 justitize
3373 2398 3767 2473 praevidebat.

387 2485 543 2563 quod
598 2503 668 2545 ea
695 2503 826 2565 quae
855 2485 1074 2565 sciunt,
1111 2504 1226 2546 non
1259 2486 1331 2546 ad
1365 2485 1612 2546 salutem
1645 2484 1769 2578 sed
1797 2485 1867 2544 ad
1926 2485 2032 2546 de-
2115 2477 2375 2578 Audiam
2406 2477 2637 2578 additae
2661 2479 2762 2578 qui
2777 2479 2862 2578 ita
2883 2495 3256 2578 proponunt,
3293 2486 3451 2578 quod
3478 2489 3771 2567 hujusce-

389 2574 725 2652 σεριίοηεηι
782 2574 1092 2654 proferunt
1135 2575 1494 2654 animarum,
1530 2585 1596 2635 ut
1622 2592 1728 2654 per
1757 2575 1882 2634 haec
1935 2590 2036 2637 eas
2117 2565 2728 2628 modiassertionibus
2751 2569 2897 2631 illud
2929 2572 3112 2632 voluit
3140 2574 3485 2648 ostendere,
3510 2565 3623 2638 cur
3653 2598 3772 2640 non

388 2661 613 2724 cultum
665 2662 829 2724 falsa;
883 2661 1190 2741 religionis
1228 2662 1538 2724 edoceant,
1573 2662 1690 2723 Sed
1722 2663 1902 2741 Deus,
1959 2680 2033 2722 ne
2122 2656 2342 2715 malitia
2372 2673 2578 2716 eorum
2611 2659 2710 2736 qui
2745 2658 3006 2720 nondum
3033 2672 3221 2736 erant,
3259 2664 3586 2729 bonitatem
3615 2669 3772 2729 vice-

387 2759 563 2812 tantte
598 2750 970 2832 deceptionis
1013 2770 1182 2814 error
1213 2753 1420 2814 lateret
1452 2761 1509 2813 et
1543 2752 1880 2812 errantibus
1911 2750 2026 2828 ipse

2122 2743 2197 2804 rit
2227 2745 2549 2806 Creatoris.
2587 2748 2650 2808 Si
2683 2749 2841 2809 enim
2873 2751 3076 2812 volens
3098 2753 3349 2828 implere
3371 2773 3690 2818 numerum
3714 2768 3777 2820 et

385 2858 561 2900 causa
583 2840 887 2902 videretur
915 2839 1298 2920 existere,qui
1324 2849 1547 2902 tantum
1572 2842 1658 2902 eis
1690 2840 1871 2901 licere
1896 2857 2033 2919 per-
2123 2852 2462 2928 tuens-uram
2493 2836 2810 2928 creatiouis
2837 2858 2980 2911 suae,
3017 2843 3389 2904 extimuisset
3417 2864 3628 2907 eorum
3663 2847 3772 2928 qui

389 2930 572 3003 misit,
607 2938 673 2991 ut
704 2948 810 3009 per
848 2929 1265 3004 divinationes,
1305 2948 1410 3008 per
1438 2931 1775 2990 curationes
1824 2940 1882 2989 et
1932 2948 2038 3008 per
2071 3009 2084 3011 Α
2119 2923 2298 2983 futuri
2331 2931 2500 2984 erant
2547 2926 2855 3006 malitiam,
2905 2937 2963 2990 et
2993 2933 3161 3008 quasi
3195 2933 3289 3011 qui
3325 2932 3504 2994 aliam
3546 2923 3771 2996 nullam

385 3018 614 3079 somnia
651 3018 930 3099 decipere
959 3019 1235 3081 homines
1271 3018 1518 3098 possint,
1551 3019 1881 3079 clementiae
1910 3009 2095 3081 διιωο
2119 3011 2386 3102 invenire
2415 3013 2567 3074 viam
2602 3017 2851 3077 remedii
2878 3036 2946 3079 ac
2979 3009 3292 3081 medicinae
3313 3027 3627 3102 potuisset,
3656 3028 3776 3086 nisi

384 3106 713 3169 remedium
739 3109 992 3189 providit
1011 3106 2036 3184 hominibus,etdistinctionemfalsi
2119 3099 2232 3162 hoc
2262 3102 2452 3162 solum
2477 3113 2540 3164 ut
2568 3106 2899 3168 retraheret
2920 3126 2985 3168 se
3008 3128 3042 3169 a
3075 3099 3377 3189 pr0posito
3403 3099 3673 3185 creandi,
3695 3135 3771 3175 ne

385 3196 630 3274 verique
680 3203 840 3260 scire
896 3197 1280 3278 cupientibus
1331 3197 1393 3258 in
1444 3197 1753 3279 propatulo
1814 3195 2028 3275 posuit.
2116 3190 2231 3279 sibi
2256 3191 2660 3254 ascriberetur
2693 3196 2918 3257 malitia
2937 3215 3147 3259 eorum
3179 3201 3283 3276 qui
3317 3201 3497 3262 futuri
3550 3217 3768 3279 erant;

385 3284 493 3348 Est
517 3303 656 3366 ergo
687 3285 801 3349 ista
831 3285 1134 3349 distinctio
1168 3287 1245 3367 (4)
1285 3307 1299 3350 :
1347 3278 1518 3360 QuOd
1547 3304 1583 3348 a
1615 3304 1757 3346 vero
1789 3283 1912 3346 Deo
1938 3284 2033 3346 di-
2117 3278 2259 3373 quid
2294 3279 2452 3373 aliud
2489 3299 2594 3373 per
2625 3283 2750 3345 haac
2783 3285 3122 3362 doceretur,
3155 3288 3269 3349 nisi
3291 3288 3534 3369 indigna
3560 3278 3770 3373 passio

384 3373 539 3436 citur
568 3377 694 3439 sive
724 3394 828 3456 per
860 3376 1201 3457 prophetas,
1239 3375 1362 3438 sive
1399 3394 1504 3457 per
1535 3375 1795 3437 visiones
1825 3374 2027 3462 diver-
2116 3377 2174 3428 et
2231 3368 2515 3462 indecora
2558 3370 2841 3451 fragilitas
2891 3373 3249 3459 Conditoris,
3301 3379 3400 3460 qui
3433 3368 3537 3443 fita
3561 3368 3762 3462 perti-

384 3481 501 3538 sas,
535 3481 774 3542 semper
792 3483 992 3526 verum
1015 3471 1144 3526 est:
1180 3466 1337 3543 quod
1367 3473 1564 3526 autem
1590 3483 1624 3525 a
1658 3461 2030 3553 damonibns
2117 3459 2331 3553 muerit
2360 3477 2566 3553 eorum
2595 3472 2764 3524 actus
2791 3470 2889 3545 qui
2926 3467 3189 3529 nondum
3224 3459 3393 3530 erant
3449 3484 3510 3532 ut
3537 3459 3583 3533 ι’
3613 3493 3761 3553 pro-

387 3553 743 3632 praedititur,
777 3572 894 3614 non
930 3571 1169 3634 semper
1201 3571 1399 3615 verum
1433 3562 1540 3615 cst.
1574 3553 1678 3614 Est
1707 3570 1846 3630 ergo
1897 3551 2026 3612 evi-

386 3641 581 3703 dentis
613 3642 840 3718 indicii,
898 3661 1012 3703 non
1041 3662 1074 3703 a
1105 3661 1240 3703 vero
1289 3642 1412 3704 Deo
1441 3643 1555 3703 dici
1591 3660 1682 3714 ea,
1719 3640 1780 3701 in
1811 3639 2028 3720 quibus

383 3731 699 3810 aliquando
735 3730 1114 3820 mendacium
1142 3734 1354 3820 _est_,_in
1408 3732 1649 3792 veritate
1669 3731 1835 3820 enim
1871 3748 2027 3820 nun-

384 3829 562 3889 quam
592 3811 968 3900 mendacium
993 3821 1104 3896 est,
1141 3813 1199 3871 in
1232 3812 1328 3872 his
1358 3820 1555 3900 autem
1584 3811 1684 3900 qui
1714 3811 2026 3900 mentiun-

385 3899 500 3969 tur,
538 3900 729 3970 potest
779 3892 1098 3970 aliquando
1147 3901 1202 3951 et
1253 3891 1521 3952 veritatis
1546 3889 1769 3970 aliquid
1804 3889 2027 3950 admis-

2113 3549 2300 3627 posita
2324 3550 2671 3613 conditione
2699 3565 2962 3616 cessaret
2987 3562 3014 3618 ?

2192 3635 2372 3699 XXV.
2402 3640 2628 3718 Sedhis
2649 3643 2850 3720 procul
2877 3647 3088 3707 amotis
3109 3646 3254 3708 illud
3274 3649 3473 3710 animo
3495 3660 3765 3713 contem

2115 3725 2368 3805 plemur,
2401 3728 2540 3808 quia
2572 3729 2728 3792 Deus
2754 3734 3160 3797 universitatis
3187 3738 3458 3799 conditor
3480 3741 3771 3803 conditio-

2113 3815 2203 3874 nis
2231 3833 2354 3876 suae
2387 3816 2612 3880 futuras
2641 3820 3017 3911 dilicrentias
3051 3826 3403 3904 prtevidens.
3443 3832 3770 3911 unicuique

2111 3913 2402 3996 creaturae
2431 3909 2764 3971 secundum
2792 3915 3066 3994 proprios
3099 3923 3317 3995 motus,
3342 3936 3489 3996 quos
3510 3937 3580 3979 ex
3602 3909 3773 3981 arbi-

384 3979 676 4084 ceijbpler
691 3981 865 4084 ‘quold
905 3981 1222 4084 mendacia
1237 3981 1631 4084 Icondiaq‘tur:
1767 4067 1777 4076 _
2118 3992 2210 4053 trii
2243 3994 2515 4058 libertate
2548 3979 2918 4080 proferebat,
2946 4006 3248 4082 prOSpexit
3281 3979 3338 4066 et
3360 3979 3772 4084 praeviditidi-

464 4065 638 4175 Χὶςιι.
673 4066 838 4168 Quod
887 4071 934 4129 si
969 4069 1127 4168 (licet
1169 4069 1429 4169 aliquis:
1481 4069 1632 4142 Quid
1675 4067 1845 4175 .eﬂ'im
1882 4086 2030 4175 οριξε
2115 4100 2316 4144 versos
2335 4065 3773 4175 ordinesatqueol‘ﬁciadilferentiauitcumunius

383 4166 510 4220 erat
541 4160 651 4218 hoc
682 4156 897 4237 ipsum,
927 4168 990 4218 ut
1014 4158 1573 4249 eis-permitteretur
1605 4158 1688 4219 \el
1713 4157 2026 4236 aliquando

2122 4182 2314 4233 essent
2347 4156 2689 4239 substantia;
2735 4199 2947 4242 omnes
2977 4185 3304 4245 secundum
3337 4156 3637 4248 creatura:
3665 4207 3769 4249 ra-

382 4263 583 4306 veruut
618 4245 846 4323 dicere,
879 4257 934 4308 et
968 4264 1073 4327 per
1106 4247 1216 4308 hoc
1251 4257 1472 4308 tantum
1507 4264 1770 4309 errorem
1803 4249 2359 4333 moria-Dtionem,
2413 4267 2568 4317 esset
2627 4269 2822 4322 tamen
2873 4261 3184 4325 diversitas
3227 4267 3285 4326 in
3335 4245 3655 4330 ordinibus
3707 4279 3764 4328 et

383 4333 542 4395 libus
592 4335 911 4412 introduci,
945 4335 1144 4397 audiat
1171 4337 1241 4397 ad
1276 4337 1399 4398 haec
1434 4354 1448 4399 :
1488 4337 1552 4398 Si
1584 4337 1670 4398 eis
1722 4352 2026 4411 nunquam
2112 4342 2330 4402 ofﬁciis
2360 4346 2690 4407 secundum
2747 4352 3022 4429 ρι-οριείοε
3069 4354 3405 4415 animorum
3440 4367 3660 4430 motus,
3695 4376 3768 4418 ex

379 4425 582 4486 fuisset
613 4426 906 4489 indultum
941 4429 1064 4489 veri
1108 4427 1332 4508 aliquid
1380 4429 1605 4504 dicere,
1639 4432 1882 4488 omnino
1919 4444 2030 4486 nec
2110 4432 2340 4525 arbitrii
2363 4434 2639 4498 libertate
2663 4425 3077 4515 proferendos.
3114 4425 3766 4525 Praevidebatergovfu—

380 4517 771 4597 prmdicerent
799 4519 1021 4599 aliquid
1050 4541 1066 4589 ;
1100 4538 1216 4580 non
1252 4519 1646 4598 praedicentes
1675 4525 2028 4613 autemmec
2115 4522 2384 4613 turasin
2432 4526 2722 4587 creaturis
2766 4529 2994 4608 culpas,
3053 4539 3112 4593 et
3155 4532 3402 4610 justitiat
3454 4517 3598 4613 ejus
3619 4537 3765 4597 ratio

379 4605 536 4685 quod
582 4616 783 4667 essent
830 4607 1132 4670 daemones
1190 4618 1726 4704 cognoscet-entur._
1772 4606 1941 4678 Quod
1974 4605 2025 4704 si
2112 4611 2414 4689 poscebat,
2453 4623 2516 4704 u_t
2547 4605 2987 4681 emendationis
3019 4605 3194 4683 causa
3225 4623 3432 4702 culpas
3463 4605 3640 4704 paena
3677 4644 3765 4686 se-

379 4695 797 4773 ignorarentur
818 4715 950 4758 esse
982 4697 1285 4759 daemones
1313 4698 1373 4760 in
1402 4699 1515 4760 hoc
1549 4697 1793 4771 mundo,
1819 4695 2026 4775 agonis
2109 4710 2418 4778 queretur.
2473 4700 2756 4782 Oportuit
2805 4725 2945 4784 ergo
2972 4727 3106 4771 esse
3138 4720 3197 4772 et
3243 4695 3551 4792 pcenarum
3587 4715 3728 4776 mini
3751 4750 3764 4759 -

378 4785 564 4845 nostri
589 4794 647 4845 et
681 4785 1024 4848 certaminis
1054 4805 1162 4848 nos
1192 4807 1367 4850 causa
1399 4788 1691 4867 latuisset,
1746 4793 1804 4848 et
1853 4795 2022 4865 pate-
2107 4798 2280 4858 stros,
2316 4809 2468 4868 quos
2501 4800 2698 4854 tamen
2731 4795 2978 4858 libertas
3001 4785 3265 4861 arbritrii
3301 4802 3358 4860 in
3391 4801 3552 4863 hunc
3587 4804 3756 4865 ordi-

369 4889 578 4934 retnur
608 4874 798 4954 palam
830 4894 961 4955 quae
988 4885 1272 4954 geruntur
1300 4879 1364 4940 in
1401 4880 1672 4940 occulta?
1723 4877 1944 4956 quippe
1975 4878 2023 4936 si
2107 4894 2243 4938 nem
2279 4880 2576 4956 traheret;
2631 4892 2842 4961 printer
2885 4885 3011 4948 haec
3050 4896 3246 4952 autem
3298 4898 3355 4951 et
3405 4892 3743 4954 debuerunt

1697 5032 2097 5101 COTELERII
2157 5035 2409 5102 NOTAE.

452 5195 598 5277 (3M
621 5197 993 5281 Christianis
1006 5197 1355 5281 hominibus
1367 5201 1737 5281 eﬂ’ugantur.
1749 5197 1903 5277 Lege
1917 5203 2026 5258 Ac-

377 5289 566 5362 torum
582 5294 710 5362 inn,
754 5279 824 5337 16
846 5283 902 5362 et
934 5294 1085 5358 seq.,
1125 5279 1323 5362 ibique
1356 5279 1734 5362 interpretes.

454 5357 538 5437 (4)
563 5361 671 5420 Est
693 5374 831 5436 ergo
849 5358 967 5418 ista
989 5357 1450 5436 d’istz'nciio,etc.
1481 5357 1628 5422 Hinc
1649 5366 1855 5421 aui-tor
1872 5357 2025 5438 0pc-

369 5439 460 5500 νὴ
484 5440 823 5521 imperfecti
852 5439 917 5498 in
952 5439 1333 5521 [fult/tarum,
1361 5445 1510 5504 alius
1535 5461 1567 5502 a
1595 5440 1826 5505 Joanne
1848 5439 2029 5521 Chry-

373 5518 657 5603 sostomo,
713 5520 874 5603 hom.
932 5518 1024 5597 19,
1078 5518 1331 5603 adcapf
1369 5541 1467 5603 VII,
1498 5541 1652 5584 vers.
1700 5521 1777 5581 Ἡ
1813 5538 1826 5580 :
1864 5519 2027 5603 Ergo

361 5600 734 5684 pi‘qp/telattl
747 5601 813 5658 in
830 5604 1075 5684 nomine
1093 5600 1416 5684 Christi,t'n
1428 5600 1652 5684 spiritu
1667 5607 1881 5662 autem
1893 5600 2026 5662 dtu-

367 5674 490 5740 Ζωοιέ
499 5679 737 5753 ,θυαιεε
747 5674 1437 5746 suntdivinatoresSed
1446 5674 1531 5745 iic
1545 5685 1982 5745 discernuntur
2002 5697 2014 5740 :

2108 5202 2407 5285 quoniam
2431 5201 2718 5285 diabolus
2750 5204 3057 5269 interdum
3089 5225 3301 5271 verum
3319 5212 3489 5285 dicit,
3521 5224 3762 5277 sanctus

2109 5286 2308 5342 autem
2328 5283 2598 5361 Spiritus
2616 5301 2948 5365 numquam
2970 5288 3276 5350 interdum
3288 5283 3760 5358 mentiturﬂon-

2107 5377 2339 5421 cessum
2353 5371 2442 5422 est
2458 5370 2657 5425 autem
2680 5366 2923 5428 (habeto
2936 5377 2992 5428 et
3015 5371 3318 5432 interdum
3333 5375 3653 5437 veritatem
3674 5379 3761 5435 dt”-

2114 5452 2343 5514 cere,ut
2358 5443 2740 5507 mendacium
2752 5463 2927 5507 suum
2945 5465 3089 5510 raro
3100 5453 3366 5512 veritate
3381 5458 3761 5518 commendet

2109 5518 2184 5611 St
2214 5531 2420 5584 autem
2457 5541 2774 5611 nunquam
2797 5527 3271 5611 diceretveium,
3305 5549 3414 5596 nec
3437 5535 3518 5595 ad
3560 5543 3755 5597 tenta-

2110 5603 2630 5694 tiouemﬂoterats
2642 5607 2893 5694 afﬁcere,
2905 5607 2992 5669 vel
3007 5603 3302 5694 proﬁcere
3317 5613 3549 5677 seducti
3553 5632 3588 5676 0
3602 5618 3752 5694 ejus.

2111 5679 2261 5742 Vide
2293 5679 2542 5744 Hbrmae
2572 5679 2918 5747 mandatum
2960 5679 3048 5750 ιὸ.
