4054 6214
326 330 481 403 1³τῦ

1500 325 2149 397 RIGOGNITIONUM
2193 321 2334 391 LIB.
2385 325 2491 389 IV.

3542 332 3700 403 18³0

318 474 579 545 utantur,
610 464 854 546 adiutis,
885 465 1098 545 religio
1124 465 1230 530 Dei
1252 482 1385 546 qua
1403 481 1511 546 per
1530 463 1958 529 continentiam
1980 478 2021 517 Α
2041 458 2493 551 viribus,tamen
2508 459 2654 525 dicit
2671 461 2826 527 huic
2836 463 3083 551 nactast
3106 463 3368 551 radit,“
3387 467 3506 529 alii
3523 474 3697 551 veni,

318 554 831 636 sobrietatemque
863 556 1194 630 constabat,
1232 572 1540 619 rarescere
1570 553 1728 617 inter
1756 552 1951 618 homi-

317 662 423 707 nes
453 654 630 723 atque
663 645 889 708 aboleri
921 645 1351 726 propemodum
1382 643 1587 726 ccepit.

400 732 582 801 XXXI
636 734 779 797 Nam
816 754 951 799 cum
991 752 1060 798 ex
1091 734 1264 798 initio
1298 734 1595 814 homines,
1629 740 1836 817 utpote
1855 734 1950 815 ju-

316 830 472 885 stum
503 831 566 886 et
584 825 786 886 omnia
815 832 1198 891 contuenteni
1234 826 1424 886 Deum
1454 824 1740 898 colentes,
1766 841 1963 904 neque

320 932 572 992 peccare
604 914 896 977 auderent
920 933 1121 993 neque
1143 913 1423 994 injuriam
1457 912 1654 977 facere
1680 914 1965 995 proximis

317 1002 465 1083 suis,
500 1004 646 1064 certi
694 1003 856 1084 quod
916 1005 1392 1085 uniuscujusque
1451 1012 1621 1067 actus
1669 1010 1729 1065 et
1766 1011 1963 1065 motus

318 1092 612 1172 aspiceret
641 1093 818 1158 Deus:
856 1092 957 1158 ubi
981 1092 1287 1173 religionis
1325 1092 1524 1156 cultus
1551 1092 1623 1154 ad
1643 1091 1965 1155 simulacra

321 1184 601 1245 exanima
625 1202 943 1245 conversus
975 1193 1087 1259 est,
1123 1193 1402 1265 tanquam
1440 1182 1517 1244 de
1547 1181 1764 1263 quibus
1812 1182 1960 1245 certi

311 1282 537 1345 essent,
559 1273 717 1353 quod
748 1291 943 1354 neque
964 1272 1445 1353 viderentneque
1460 1270 1739 1333 audirent
1761 1290 1959 1352 neque

312 1372 693 1424 moverentur
725 1362 781 1423 in
806 1364 1032 1445 aliquo,
1055 1362 1309 1427 licenter
1333 1379 1583 1442 peccare
1615 1366 1675 1424 et
1695 1360 1756 1422 in
1780 1379 1959 1423 omne

309 1452 540 1513 facinus
586 1452 866 1533 progredi
895 1453 1390 1534 cmpere,quippe
1411 1451 1512 1532 qui
1535 1451 1684 1512 nihil
1712 1451 1828 1530 pati
1854 1467 1955 1513 ve-

2040 556 2101 612 et
2116 552 2305 625 venit,
2336 550 2656 639 etaliifac
2693 551 2825 631 hoc,
2859 549 3084 630 etfacit
3100 550 3150 595 ²¹
3182 551 3297 617 hoc
3345 565 3542 619 autem
3576 549 3688 639 po;

2048 649 2161 701 test
2189 659 2303 704 non
2341 638 2582 721 propria
2610 639 2850 716 virtute,
2882 640 2991 703 sed
3021 640 3264 706 Caesaris
3296 653 3476 708 metu:
3496 638 3591 711 ita
3611 648 3683 712 ii-

2041 730 2195 794 delis
2210 731 2466 813 quisque
2485 729 2859 793 daunonihus
2886 729 2969 791 im
2978 738 3170 810 perat,
3203 731 3433 797 etiamsi
3448 735 3693 801 videant.

2044 819 2239 882 turilli
2265 820 2591 882 multoesse
2619 818 2964 908 hominibus
2995 819 3420 888 fortiores.non
3444 835 3688 908 propter

2044 928 2212 971 suam
2242 909 2545 983 virtutem,
2580 906 2686 970 sed
2718 917 2959 990 propter
2987 908 3094 972 Dei
3122 910 3227 992 qui
3275 928 3379 974 eos
3431 906 3689 996 subjecit

2045 1006 2414 1088 potestatem.
2451 996 2595 1060 Nam
2625 1006 2684 1059 et
2713 997 2873 1088 quod
2897 998 3180 1075 diximus,
3221 1008 3286 1062 ut
3314 1002 3509 1066 Caesar
3530 1009 3686 1088 apud

2044 1106 2254 1150 omnes
2273 1087 2493 1152 milites
2518 1095 2575 1150 et
2598 1088 2663 1149 in
2694 1086 2972 1150 omnibus
3002 1090 3212 1153 castris
3231 1099 3409 1173 atque
3433 1094 3492 1155 in
3522 1086 3685 1163 omni

2044 1195 2228 1259 regno
2255 1178 2555 1257 timeatur,
2581 1194 2716 1238 cum
2742 1176 2819 1237 sit
2843 1196 3000 1238 unus
3051 1187 3110 1240 et
3139 1178 3404 1243 fortassis
3442 1185 3685 1266 exiguus

2041 1268 2286 1341 viribus,
2321 1266 2560 1330 nonnisi
2593 1274 2884 1348 potestate
2914 1266 3022 1330 Dei
3054 1269 3269 1347 agitur,
3289 1270 3389 1351 qui
3408 1272 3683 1343 timorem

2041 1356 2138 1421 dat
2173 1357 2453 1418 omnibus
2482 1363 2547 1419 ut
2576 1355 2676 1418 uni
2707 1354 3140 1438 obtemperent.

2120 1444 2511 1511 XXXIV.Hoc
2540 1462 2685 1507 sane
2709 1444 2866 1509 scire
2898 1462 2999 1507 vos
3021 1446 3297 1511 volumus
3339 1452 3502 1529 quod
3554 1455 3682 1520 daa-

308 1549 586 1603 rerentur
609 1544 685 1603 ab
716 1533 1549 1619 hisquoscolebantutdeos.
1578 1539 1730 1604 Hinc
1755 1539 1952 1602 bello-
2038 1536 2318 1613 mon,nisi
2348 1534 2485 1618 quis
2505 1533 2908 1597 voluntatibus
2950 1535 3081 1617 ejus
3110 1554 3177 1598 se
3225 1548 3434 1619 sponte
3479 1542 3683 1607 subdi-

307 1648 441 1692 rum
474 1630 671 1693 rabies
700 1632 944 1705 exarsit,
980 1632 1119 1694 hinc
1150 1631 1387 1713 praedae,
1427 1630 1678 1711 rapina,
1702 1629 1950 1710 captivi-
2033 1627 2208 1707 derit,
2242 1632 2594 1708 potestatem
2637 1623 2709 1686 ad
2724 1641 2957 1687 versum
2990 1625 3292 1689 hominem
3326 1647 3444 1691 non
3476 1630 3677 1697 habet.

306 1728 479 1799 tates,
508 1728 567 1783 et
588 1720 833 1783 libertas
854 1722 913 1782 in
945 1722 1292 1783 servitutem
1318 1720 1766 1801 redacta,prout
1787 1718 1949 1797 quis-
1972 1786 2007 1801 __
2034 1717 2204 1779 Unde
2234 1725 2291 1778 et
2316 1715 2444 1797 ipse
2474 1713 2579 1796 qui
2618 1721 2709 1778 est
2758 1714 3037 1796 princeps
3071 1715 3335 1794 malitia),
3378 1718 3453 1783 ad
3514 1721 3679 1787 hunc

306 1828 421 1889 que
458 1786 647 1890 potuit
694 1810 929 1872 libidini
987 1819 1044 1873 et
1103 1810 1409 1890 cupiditati
1466 1786 1608 1871 suae.
1638 1786 1942 1879 satisfecit,
1970 1786 2008 1837 Β
2030 1824 2208 1883 quem
2239 1786 2562 1867 diximus'a
2594 1805 2715 1867 Deo
2747 1786 3108 1867 destinatum
3139 1786 3342 1889 regem
3378 1810 3541 1889 pacis
3570 1786 3673 1877 ac;

304 1899 571 1979 quamvis
603 1900 949 1964 sitisfacere
974 1900 1284 1980 cupiditati
1318 1899 1476 1961 nulla
1500 1899 1585 1959 vis
1610 1898 1795 1978 possit
1824 1894 1949 1961 Sic-
2029 1895 2212 1959 ces.~it
2244 1901 2566 1966 tentans,et
2589 1893 2857 1974 polliceri
2893 1894 2947 1958 ei
2970 1894 3401 1975 cmpitomnem
3425 1900 3672 1981 gloriam

304 1999 365 2047 ut
398 1990 555 2050 enim
592 1991 746 2071 ignis
780 2000 997 2069 quanto
1031 1989 1218 2069 magis
1243 1990 1401 2068 ligna
1429 1990 1754 2068 acceperit,
1784 1995 1946 2049 tanto
2030 1982 2425 2066 mundi,quod
2453 2001 2588 2046 cum
2616 1981 2751 2073 aliis
2773 1981 3084 2047 obtulisset
3108 1984 3447 2067 decipiendi
3467 2008 3669 2073 causa,

301 2078 559 2159 amplius
584 2080 937 2141 accenditur
967 2089 1026 2140 et
1057 2079 1387 2152 invalescit,
1415 2083 1494 2138 ita
1519 2086 1574 2139 et
1605 2077 1943 2157 cupiditatis

301 2168 526 2243 rabies,
545 2188 649 2248 per
674 2188 741 2230 ea
759 2190 887 2251 quae
908 2168 1280 2250 adipiscitur,
1309 2168 1540 2231 auctior
1556 2167 1942 2248 eﬁvehemen-

308 2258 423 2320 tior
453 2259 733 2324 efﬁcitur.

386 2347 1041 2431 XXXll.Propterquod
1058 2348 1300 2430 incipite
1304 2349 1426 2428 jam
1450 2347 1942 2409 melioreintelleo

309 2447 404 2497 ctu
441 2438 881 2518 vobismetipsis
916 2439 1199 2501 resistere
1231 2439 1290 2499 in
1325 2438 1415 2499 his
1446 2456 1578 2518 quae
1630 2455 1747 2498 non
1777 2450 1941 2499 recte

298 2527 551 2607 cupitis,
587 2528 635 2587 si
668 2547 783 2610 quo
803 2530 953 2590 forte
980 2530 1154 2590 modo
1183 2546 1465 2607 reparare
1489 2528 1545 2588 in
1569 2525 1733 2588 vobis
1761 2544 1829 2587 ac
1853 2544 1945 2587 re-

308 2615 558 2677 stituere
590 2619 826 2697 possitis
859 2616 1041 2698 illam,
1077 2638 1207 2700 quae
1231 2637 1298 2678 ex
1324 2615 1492 2678 initio
1525 2615 1879 2677 mortalibus
1908 2633 1942 2677 a

306 2706 431 2765 Deo
466 2706 677 2783 tradita
690 2707 1115 2786 est,religionis
1131 2708 1439 2788 puritatem
1460 2714 1518 2766 et
1541 2705 1937 2768 innocentiam

295 2794 366 2853 vi.
390 2814 470 2872 ω,
504 2806 566 2855 ιιι
588 2815 694 2876 per
724 2814 852 2857 eam
886 2797 1053 2859 vobis
1086 2798 1262 2860 etiam
1290 2815 1426 2873 spes
1477 2794 1773 2857 bonorum
1824 2795 1934 2855 im-

308 2885 642 2946 mortalium
677 2893 1019 2965 reparetur;
1056 2897 1111 2948 et
1164 2887 1349 2964 agatis
1408 2886 1624 2965 gratias
1676 2884 1934 2963 largitori

302 2974 569 3036 omnium
592 2974 880 3055 patri,per
904 2994 1038 3036 eum
1057 2994 1230 3057 quem
1258 2975 1454 3057 posuit
1477 2992 1677 3053 regem
1699 2973 1862 3055 pacis
1878 2982 1938 3035 et

298 3064 643 3125 thesaurum
678 3064 1067 3127 ineﬂ'abilium
1101 3065 1416 3138 bonorum,
1450 3072 1509 3124 ut
1553 3064 1611 3124 in
1660 3064 1935 3135 praesenti

2026 2074 2333 2138 adoratum
2351 2090 2418 2136 se
2440 2071 2935 2163 noverat.lmpius
2952 2082 3026 2163 et
3044 2074 3123 2136 im
3134 2094 3364 2140 memor
3390 2071 3671 2163 sui,quod

2027 2173 2115 2227 est
2135 2164 2437 2245 proprium
2468 2167 2532 2226 et
2559 2161 2819 2243 Speciale
2851 2161 3481 2237 malitiae,adorandum
3512 2161 3577 2233 se
3598 2173 3672 2236 ab

2027 2272 2097 2315 eo
2131 2253 2545 2334 praesumebat,
2599 2270 2634 2313 a
2682 2271 2799 2332 quo
2829 2270 2896 2312 se
2921 2263 3166 2315 noverat
3214 2254 3671 2327 destruendum.

2027 2344 2309 2407 Dominus
2330 2362 2474 2421 ergo
2500 2353 2705 2403 noster
2724 2341 2901 2404 unius
2916 2342 3019 2405 Dei
3039 2342 3260 2406 cultum
3283 2349 3670 2427 confirmans,

2024 2433 2332 2515 respondit
2354 2430 2746 2512 ei:S¢:riptum
2765 2440 2855 2494 est
2888 2449 2901 2494 :
2932 2432 3271 2495 Dominum
3295 2436 3483 2499 Deum
3502 2447 3671 2504 tuum

2024 2522 2314 2587 adorabis
2347 2530 2405 2583 et
2466 2520 2562 2584 illi
2602 2520 2719 2584 soli
2766 2522 2994 2585 servies
3016 2522 3099 2597 92;
3132 2542 3250 2604 qua
3278 2531 3672 2608 responsione

2023 2611 2430 2680 deterritus,et
2464 2620 2740 2673 metuens
2759 2626 2833 2674 ne
2865 2612 3042 2674 unius
3065 2620 3124 2673 et
3154 2613 3279 2676 veri
3306 2617 3413 2679 Dei
3437 2636 3670 2699 repara-

2021 2710 2188 2763 retur
2216 2718 2357 2762 vera
2386 2700 2621 2780 religio,
2672 2699 2910 2762 festinat
2938 2702 3222 2767 continuo
3276 2706 3553 2771 emittere
3604 2711 3667 2775 in

2023 2791 2182 2854 hunc
2208 2789 2493 2879 mundum
2527 2788 3077 2871 pseudoprOphetas
3102 2800 3160 2854 et
3195 2795 3667 2879 pseudoaposto

2022 2881 2108 2942 los
2122 2880 2419 2962 falsosque
2433 2878 2843 2960 doctores,qui
2858 2880 2970 2942 sub
2985 2883 3228 2945 nomine
3240 2882 3485 2961 quidem
3505 2888 3667 2952 Chri.

2020 2971 2093 3032 sti
2142 2970 2547 3052 loquerentur,
2600 2968 2891 3033 dmmonis
2918 2979 3117 3034 autem
3150 2972 3418 3037 facerent
3448 2978 3662 3043 volun-

2021 3068 2224 3122 tatem.

297 3153 539 3233 quidem
601 3164 866 3234 tempore
925 3154 1225 3215 diluantur
1291 3164 1531 3234 peccata
1591 3161 1780 3215 vestra
1829 3170 1996 3238 perc
2099 3147 3106 3232 XXXV.Propterquodobservate
3132 3153 3384 3229 cautius,
3425 3164 3490 3218 ut
3511 3158 3660 3221 nulli

294 3262 506 3323 aquam
532 3242 733 3317 fontis,
771 3252 868 3303 aut
898 3243 1186 3322 fluminis,
1218 3252 1319 3305 aut
1361 3244 1541 3307 etiam
1577 3246 1779 3315 maris,
1836 3243 1927 3303 in~
2020 3250 2329 3319 noctprem
2362 3239 2638 3314 credatis,
2670 3238 2784 3301 nisi
2815 3239 2918 3322 qui
2941 3239 3149 3305 Jacobi
3195 3242 3394 3306 fratris
3419 3244 3656 3311 Domini

294 3340 495 3392 vocato
528 3350 709 3411 super
738 3351 841 3393 vos
876 3331 1029 3393 trino
1051 3333 1432 3395 beatitudinis
1455 3330 1720 3408 nomine,
1742 3340 1805 3392 ut
1831 3350 1936 3412 per
2016 3348 2085 3392 ex
2117 3329 2485 3393 Hierusalem
2514 3327 2796 3392 detulerit
2826 3330 3357 3409 testimonium,vel
3381 3335 3513 3415 ejus
3531 3338 3660 3416 qui-

2015 3437 2249 3500 cunque
2279 3417 2636 3499 post.ipsum
2691 3418 2893 3483 fuerit.
2960 3420 3084 3484 Nisi
3139 3421 3299 3484 enim
3351 3424 3485 3505 quis
3515 3424 3659 3490 illuc

2015 3509 2377 3582 ascenderit,
2408 3516 2467 3571 et
2494 3508 2576 3569 ibi
2601 3508 2780 3570 fuerit
2812 3507 3101 3590 probatus
3143 3512 3300 3591 quod
3344 3514 3421 3575 sit
3450 3513 3661 3579 doctor

2013 3599 2266 3661 idoneus
2293 3598 2580 3676 etjﬁdelis
2602 3597 2674 3660 ad
2695 3597 3138 3679 praedicandum
3152 3600 3364 3665 Christi
3382 3603 3655 3684 verbum;

2013 3686 2569 3770 nisi,inquam,inde
2591 3687 2871 3750 detulerit
2888 3688 3320 3772 testimonium,
3352 3693 3653 3776 recipien-

2010 3778 2123 3840 dos
2154 3778 2395 3868 omnino
2427 3796 2547 3840 non
2586 3784 2696 3861 est;
2724 3778 2833 3841 sed
2862 3796 3061 3859 neque
3113 3781 3431 3863 propheta,
3460 3801 3656 3868 neque

2012 3869 2317 3948 apostolus
2347 3867 2407 3928 in
2437 3868 2551 3930 hoc
2582 3873 2857 3948 tempore
2887 3877 3167 3951 speretur
3186 3889 3221 3933 a
3248 3872 3418 3934 vobis
3442 3874 3658 3957 aliquis

2011 3958 2163 4020 alius
2194 3963 2411 4038 praeter
2440 3974 2573 4021 nos.
2606 3959 2776 4021 Unus
2804 3959 2965 4020 enim
2998 3967 3089 4021 est
3136 3978 3309 4023 verus
3344 3964 3651 4044 propheta,

2011 4048 2185 4129 cujus
2231 4064 2336 4109 nos
2367 4046 2683 4109 duodecim
2717 4047 2968 4129 apostoli
3023 4051 3204 4112 verba
3236 4052 3651 4133 praedicamus.

228 3458 229 3461 η
292 3423 405 3482 hoc
439 3440 555 3482 non
590 3422 782 3481 solum
815 3422 1111 3501 fugentur,
1140 3422 1189 3482 si
1222 3422 1375 3483 intra
1398 3440 1497 3481 vos
1520 3420 1931 3501 habitantspi-

286 3511 437 3571 ritus
489 3510 753 3587 maligni,
806 3529 1009 3572 verum
1070 3512 1247 3573 etiam
1302 3529 1438 3573 cum
1496 3510 1847 3573 destiteritis
1899 3531 1931 3573 a

285 3600 567 3680 peccatis,
605 3609 662 3661 et
698 3610 816 3661 tota
852 3602 967 3662 tide
1001 3609 1237 3683 totaque
1277 3602 1493 3663 mentis
1522 3601 1774 3681 puritate
1806 3601 1928 3664 Deo

282 3689 684 3761 credideritis,
722 3689 898 3751 etiam
927 3709 995 3751 ex
1009 3691 1143 3754 aliis
1169 3710 1268 3753 vos
1298 3690 1586 3770 malignos
1607 3690 1853 3771 spiritus
1873 3699 1930 3753 et

282 3781 588 3841 daemones
623 3780 916 3860 eil'ugetis,
954 3788 1132 3862 atque
1155 3799 1189 3841 a
1212 3780 1589 3859 passionibus
1614 3789 1671 3841 et
1692 3781 1929 3859 languo-

282 3868 449 3929 ribus
482 3867 627 3929 alios
657 3869 909 3930 liberare
936 3870 1197 3950 possitis.
1238 3871 1355 3952 Ipsi
1408 3870 1566 3931 enim
1626 3869 1928 3932 daemones

282 3959 483 4019 sciunt
516 3968 573 4019 et
596 3968 924 4038 agnoscunt
951 3978 1054 4021 eos
1084 3960 1184 4038 qui
1219 3978 1282 4021 se
1316 3959 1673 4021 tradiderint
1698 3960 1842 4040 Deo,
1874 3970 1929 4022 et

283 4046 589 4109 interdum
605 4049 729 4107 sola
761 4066 966 4108 eorum
986 4050 1299 4128 praesentia
1324 4047 1760 4130 propelluntur,
1777 4051 1930 4111 sicut

282 4136 459 4217 paulo
491 4144 628 4197 ante
658 4136 907 4211 vidistis,
936 4140 1232 4219 quomodo
1256 4157 1388 4199 cum
1440 4156 1647 4199 vocem
1698 4145 1925 4201 tantum
2012 4138 2143 4216 Ipse
2173 4138 2330 4199 enim
2355 4142 2448 4199 est
2475 4154 2670 4199 annus
2719 4137 2828 4201 Dei
2871 4147 3177 4220 acceptus,
3213 4160 3324 4203 nos
3353 4144 3655 4223 apostolos

274 4227 654 4287 salutationis
676 4226 1025 4289 fecissemus
1056 4233 1128 4290 ait
1156 4248 1278 4302 vos,
1306 4228 1587 4290 continuo
1627 4227 1928 4291 dmtnones
2010 4227 2238 4289 habens
2262 4225 2578 4289 duodecim
2613 4244 2852 4291 menses
2868 4226 3081 4302 “Qua
3118 4236 3317 4294 autem
3352 4250 3534 4295 causa
3564 4234 3653 4297 vel

276 4326 523 4395 propter
557 4316 845 4377 honorem
874 4317 1180 4397 religionis
1214 4328 1430 4380 nostrze
1450 4317 1789 4381 exclamare
1809 4336 1924 4379 cm-
2013 4317 2269 4379 mundus
2300 4316 2426 4395 ipse
2455 4315 2643 4377 factus
2677 4316 2776 4399 sit,
2816 4319 2910 4380 vel
2944 4319 3320 4381 diversitates
3349 4339 3485 4399 quae
3515 4333 3654 4386 sunt

272 4411 519 4484 perunt,
556 4414 715 4465 etne
750 4423 954 4482 parum
1009 4408 1247 4487 quidem
1282 4407 1570 4486 temporis
1604 4413 1923 4485 potuerunt
2008 4408 2065 4467 in
2097 4424 2169 4468 eo
2201 4405 2550 4481 acciderint,
2579 4415 2633 4466 et
2665 4424 2775 4468 cur
2802 4406 2876 4469 ad
2899 4409 3337 4488 reparationem
3371 4411 3502 4490 ejus
3536 4429 3645 4476 ve-

272 4493 841 4583 ferrepreesenliam
874 4506 1158 4558 nostram.
1939 4500 1989 4558 Ι)
2009 4495 2176 4557 niens
2201 4494 2487 4558 Dominus
2520 4496 3001 4578 noster,elegerit
3031 4515 3140 4559 nos
3168 4498 3486 4561 duodecim
3508 4510 3648 4583 apo;

355 4578 621 4646 XXXIII.
644 4583 921 4665 Nunquid
946 4587 1313 4647 nosalterius
1336 4605 1544 4648 sumus
1563 4594 1787 4649 naturze
1808 4607 1915 4649 su-
1999 4584 2183 4647 stolos
2232 4595 2290 4647 et
2338 4585 2585 4664 miserit,
2645 4585 2796 4648 alias
2843 4587 3021 4649 latius
3070 4587 3507 4667 explanabitur.
3540 4578 3643 4654 in-

280 4674 535 4749 perioris
562 4674 835 4753 alicujus.
873 4685 931 4736 et
963 4686 1280 4755 propterea
1314 4695 1422 4738 nos
1480 4676 1784 4740 daemones
1840 4681 1916 4740 ti-
2002 4678 2171 4737 terim
2208 4693 2314 4737 nos
2336 4674 2702 4755 jussitexire
2728 4673 2802 4736 ad
2834 4674 3279 4755 praedicandum
3311 4686 3368 4740 et
3390 4679 3648 4745 invitare

277 4770 474 4824 ment?
506 4760 687 4825 Unius
736 4762 1003 4841 ejusdem
1066 4764 1362 4825 vobiscum
1424 4775 1645 4829 naturae
1684 4785 1911 4849 sumus,
1999 4785 2100 4826 vos
2130 4765 2201 4828 ad
2255 4782 2484 4829 canam
2519 4765 2699 4843 Regis
2728 4764 3015 4840 cmlestis,
3056 4784 3235 4845 quam
3287 4771 3643 4850 praeparavit

277 4851 384 4910 sed
419 4851 710 4927 religione
735 4853 1263 4927 differimus.0uod
1285 4864 1343 4916 et
1364 4857 1415 4916 si
1439 4875 1538 4916 vos
1560 4874 1693 4917 esse
1714 4858 1909 4933 vultis,
2002 4858 2172 4917 Pater
2201 4854 2259 4916 in
2292 4854 2510 4935 nuptiis
2552 4851 2685 4914 Filii
2715 4854 2898 4928 sui,et
2929 4862 2992 4917 ut
3024 4854 3239 4919 demus
3266 4856 3435 4920 vobis
3465 4859 3641 4921 induo

274 4957 395 4999 ε.οη
432 4938 939 5019 invidemus,quin
966 4942 1162 5024 potius
1180 4954 1236 5005 et
1268 4946 1576 5006 hortamur
1598 4956 1915 5028 certosque
2002 4954 2204 5007 menta
2224 4942 2514 5025 nuptialia
2531 4940 2774 5026 “,quod
2806 4949 2896 5006 est
2922 4943 3114 5025 gratia
3142 4943 3640 5030 baptismi,quam

235 5088 241 5094 ,
270 5046 404 5088 esse
437 5045 538 5090 vos
561 5029 854 5098 volumus.
881 5032 1040 5113 quod
1079 5051 1211 5095 cum
1237 5033 1414 5095 fuerit
1431 5033 1492 5095 in
1511 5034 1675 5097 vobis
1697 5038 1910 5101 eadem
1999 5035 2101 5115 qui
2131 5032 2309 5097 fuerit
2332 5043 3004 5115 consecutus,tanquam
3030 5034 3450 5099 vestimentum
3476 5029 3644 5101 mun-

266 5137 401 5200 qua:
430 5119 493 5180 iu
526 5119 699 5181 nobis
722 5133 806 5182 est
839 5124 992 5184 ﬁdes
1020 5131 1079 5183 et
1108 5122 1315 5201 religio
1344 5140 1415 5185 ac
1437 5124 1571 5187 vita
1612 5124 1909 5190 innocen-
1997 5125 2163 5199 dum,
2197 5140 2335 5185 cum
2389 5140 2509 5205 quo
2560 5122 2617 5186 ei
2674 5122 3141 5204 ingrediendum
3190 5133 3282 5187 est
3308 5125 3382 5188 ad
3414 5144 3641 5191 canam

267 5208 838 5299 tia,remunerante
894 5210 1013 5274 Deo
1073 5213 1248 5275 fidem
1290 5219 1573 5291 vestram,
1628 5217 1757 5278 erit
1808 5228 1914 5287 par
2001 5214 2179 5294 regis,
2211 5212 2532 5276 observare
2551 5212 2834 5294 debet,ne
2860 5221 3105 5295 peccato
3135 5213 3334 5298 aliqua
3366 5233 3437 5279 ex
3473 5224 3643 5299 parte

266 5295 438 5358 vobis
452 5306 627 5379 atque
660 5300 867 5363 eadem
894 5310 1074 5363 etiam
1099 5313 1307 5364 contra
1330 5302 1635 5366 daemones
1657 5314 1918 5385 potestas
2001 5302 2353 5381 maculetur,
2388 5310 2451 5364 et
2470 5301 2546 5364 ob
2575 5302 2687 5365 hoc
2717 5312 2995 5383 tanquam
3025 5295 3308 5385 indignus
3340 5313 3399 5369 et
3427 5295 3641 5385 repro-

266 5396 325 5447 et
352 5385 559 5450 virtus.
597 5387 759 5451 Sicut
795 5389 954 5452 enim
994 5391 1041 5451 is
1076 5391 1181 5469 qui
1210 5391 1506 5471 acceperit
1540 5394 1650 5454 sub
1685 5413 1751 5457 se
1805 5396 1913 5456 mi-
2002 5393 2111 5453 bus
2140 5392 2478 5472 abjiciatur.

266 5474 427 5545 lites,
458 5478 688 5539 etiamsi
719 5480 845 5558 ipse
895 5479 1161 5551 inferior,
1198 5491 1253 5542 et
1286 5481 1368 5542 illi
1405 5482 1745 5559 superiores
1797 5484 1917 5545 sint
2077 5479 2328 5546 XXXVI.
2361 5483 2566 5546 Causae
2611 5494 2806 5547 autem
2861 5482 3079 5567 quibus
3124 5485 3453 5551 maculetur
3482 5486 3637 5549 istud

343 5682 390 5726 κ
437 5684 648 5747 Matth.
686 5700 808 5749 vin.
839 5688 896 5748 9.
989 5684 1044 5728 ³³
1075 5686 1282 5749 Matth.
1320 5706 1395 5767 iv,
1446 5689 1535 5752 ιο.
1619 5686 1675 5730 η
1704 5690 1846 5752 Luc.
1882 5705 1962 5772 tv,

2003 5691 2094 5755 l9.
2187 5689 2386 5752 Matth.
2420 5705 2562 5765 xxn,
2587 5690 2762 5754 2-14.
