4054 6214
316 226 334 289 1
348 214 470 292 333

1511 230 2142 300 RECOGNITIONUM
2190 232 2338 295 LIB.
2386 232 2467 297 V.

3226 38 3245 57 'J
3284 38 3337 59 91‘
3422 40 3625 67 «ron-ﬁt
3736 40 3745 47 '

3535 228 3695 299 ιωι

394 362 493 428 IV.
526 366 608 427 Ex
642 366 736 427 his
758 384 895 445 ergo
928 367 1209 430 omnibus
1238 368 1561 451 colligitur,
1593 371 1750 450 quod
1789 370 1957 451 origo
1976 374 2018 425 Α
2043 367 2199 430 latur
2228 366 2523 431 bonorum
2556 366 2669 431 sibi
2702 370 3047 434 doctrinam
3077 369 3267 433 fuisse
3294 370 3577 453 delatam,
3600 389 3707 435 re-

312 454 493 514 totius
527 456 668 516 mali
687 455 760 516 ab
788 457 1125 537 ignorantia
1146 458 1495 532 descendat,
1520 468 1577 521 et
1597 462 1724 543 ipsa
1745 462 1819 523 sit
1841 479 1971 523 ma-

314 543 507 631 lorum
555 546 821 605 omnium
878 556 1090 616 mater,
1148 567 1286 625 quin
1337 550 1575 611 incuria
1611 551 1853 632 quidem
1912 561 1972 612 et

312 637 543 707 Ignavia
572 634 852 714 gignitur,
886 636 1241 716 negligentia
1263 656 1405 701 vero
1429 639 1609 703 alitur
1628 649 1687 701 et
1716 648 1973 721 augetur

311 727 494 811 atque
517 724 572 783 in
587 722 869 784 sensibus
896 725 1202 788 hominum
1222 727 1546 804 radicatur,
1572 748 1752 807 quam
1772 729 1973 811 siquis

313 810 465 872 forte
494 810 704 874 doceat
728 813 1127 892 eﬂ'ugandam,
1163 819 1321 879 velut
1348 820 1612 899 antiquis
1636 828 1693 880 et
1719 810 1974 882 hatredi-

318 901 488 961 tariis
520 902 765 964 sedibus
799 905 1050 967 moleste
1082 913 1142 968 et
1166 907 1542 986 indignanter
1568 909 1864 971 avellitur.
1902 908 1973 970 Et

319 990 455 1050 ideo
479 992 780 1068 paululum
806 992 1194 1057 laborandum
1216 998 1387 1059 nobis
1408 1006 1519 1071 est,
1538 1005 1604 1063 ut
1625 999 1977 1078 indagantes

315 1079 670 1156 ignorantia:
694 1084 1190 1161 praesumptiones
1235 1088 1503 1149 scientiae
1534 1088 1768 1151 ratione
1800 1106 1970 1150 rese-

320 1187 546 1239 cemus,
578 1170 635 1231 in
663 1173 752 1232 his
779 1172 1077 1253 przecipue
1097 1175 1200 1253 qui
1234 1176 1291 1237 in
1316 1177 1617 1258 aliquibus
1650 1178 1845 1239 minus
1867 1196 1973 1240 re-

318 1262 430 1318 ctis
461 1261 842 1338 opinionibus
868 1266 1150 1340 praeventi
1177 1278 1337 1336 sunt,
1365 1286 1472 1346 per
1493 1286 1640 1348 quas
1662 1268 1827 1349 quasi
1863 1268 1975 1328 sub

318 1349 520 1424 specie
544 1351 796 1425 alicujus
820 1350 1455 1433 scientiaajgnorantia
1477 1356 1536 1418 in
1553 1358 1639 1419 eis
1653 1358 1980 1419 vehemen.

322 1438 438 1498 tius
468 1439 727 1501 radicata
758 1451 848 1502 est
884 1442 1072 1516 gnihil
1108 1444 1267 1505 enim
1322 1446 1563 1524 gravius
1592 1465 1767 1526 quam
1832 1447 1883 1508 si
1922 1446 1976 1509 id

319 1528 474 1607 quod
510 1528 747 1601 ignorat
765 1532 923 1613 quis,
959 1533 1113 1593 scire
1140 1551 1204 1593 se
1234 1534 1461 1607 credat,
1491 1543 1549 1597 et
1579 1536 1860 1598 defendat
1884 1554 1978 1624 ve;

320 1635 449 1675 rum
477 1636 608 1679 esse
639 1621 794 1697 quod
832 1621 1039 1683 falsum
1076 1631 1189 1703 est,
1217 1624 1375 1700 quod
1406 1628 1519 1686 tale
1550 1632 1663 1697 est,
1698 1626 1877 1707 quale
1928 1621 1978 1687 sl

2054 456 2237 533 quirit
2266 458 2557 520 intentius
2586 466 2648 521 et
2675 457 2911 521 discere
2939 477 3057 520 non
3101 456 3343 528 desinit.
3397 479 3714 542 usquequo

2056 555 2395 622 cognoscat,
2423 548 2473 609 si
2504 553 2593 607 est
2616 565 2762 610 vere
2790 546 2952 609 aliud
2985 548 3361 620 saeculum,in
3384 568 3504 628 quo
3529 551 3713 614 bonis

2059 634 2303 714 praamia
2334 643 2666 716 praaparata
2685 645 2841 717 sunt;
2872 644 2931 698 et
2960 654 3095 698 cum
3118 644 3319 699 certus
3351 638 3430 701 de
3452 638 3567 701 hoc
3589 640 3721 702 fue-

2058 722 2157 803 rit,
2194 724 2415 802 gratias
2458 743 2642 804 agens
2674 724 2824 805 Deo,
2857 726 3015 806 quod
3069 724 3183 787 sibi
3219 725 3477 789 veritatis
3508 728 3713 792 lumen

2056 811 2497 889 ostenderit,de
2526 823 2745 877 caetero
2775 814 2977 893 dirigit
3006 823 3178 876 actus
3192 832 3336 876 suos
3353 816 3711 881 inmunibus

2056 900 2339 981 operibus
2369 902 2567 975 bonis,
2602 921 2856 984 quorum
2887 902 3002 965 sibi
3036 904 3096 964 in
3132 902 3334 966 futuro
3368 906 3712 969 mercedem

2057 998 2260 1051 certus
2283 1000 2373 1052 est
2396 1001 2809 1073 praeparatam,
2830 1010 2939 1073 per
2957 992 3161 1054 omnia
3179 992 3486 1054 demirans
3515 1002 3577 1055 et
3592 1002 3719 1055 stu-

2061 1096 2211 1159 pens
2242 1090 2590 1143 ceterorum
2617 1082 2926 1143 hominum
2962 1099 3223 1150 errores,
3256 1088 3318 1142 et
3348 1082 3511 1161 quod
3576 1091 3717 1146 ante

2060 1168 2266 1230 oculos
2292 1169 2542 1249 positam
2569 1170 2878 1233 veritatem
2902 1189 3078 1231 nemo
3111 1170 3326 1233 videat.
3353 1170 3488 1251 Ipse
3514 1181 3715 1235 tamen

2060 1258 2334 1335 gaudens
2363 1277 2545 1340 super
2586 1260 2805 1321 divitiis
2834 1260 3148 1340 sapientiae
3177 1278 3326 1340 quas
3348 1260 3709 1335 invenit,in-

2064 1346 2430 1409 satiabiliter
2458 1350 2545 1410 eis
2577 1348 2987 1429 perfruicupit
3008 1356 3069 1410 et
3098 1350 3384 1412 exercitio
3418 1348 3712 1414 bonorum

2065 1454 2316 1514 operum
2345 1437 2698 1511 delectatur,
2732 1438 3022 1501 festinans
3050 1439 3124 1499 ad
3145 1439 3427 1501 smculum
3449 1438 3713 1502 futurum

2065 1525 2290 1586 mundo
2313 1526 2499 1589 corde
2530 1535 2589 1589 et
2620 1528 3164 1608 pura'conscientia
3219 1529 3552 1609 pervenire,
3615 1528 3716 1591 ubi

2064 1614 2239 1675 etiam
2267 1614 2472 1677 videre
2502 1615 2690 1678 Deum
2724 1634 2926 1696 regem
2954 1617 3223 1680 omnium
3251 1618 3457 1698 possit.

321 1708 449 1765 huis
471 1707 672 1767 ebrius
706 1710 981 1773 sobrium
1015 1730 1083 1773 se
1121 1721 1286 1791 putet
1309 1722 1367 1774 et
1401 1724 1537 1793 agat
1569 1702 1811 1795 quidem
1844 1734 1988 1778 cun-
2013 1708 2047 1757 Β
2148 1702 2303 1795 Υηιο
2337 1703 2443 1795 His
2472 1713 2669 1769 autem
2693 1706 3203 1795 ominibuscarere
3224 1716 3409 1769 noset
3431 1706 3715 1790 fraudari.

333 1803 519 1886 rgtarut
549 1797 779 1868 ebrius,
809 1801 1075 1861 sobrium
1109 1820 1174 1862 se
1224 1811 1419 1864 tamen
1455 1812 1514 1864 et
1572 1808 1700 1886 ipse
1735 1813 1897 1884 putet
1927 1800 1987 1867 el

326 1884 443 1943 dici
477 1904 507 1945 a
540 1890 771 1947 ueteris
804 1890 965 1953 velit.
994 1890 1073 1951 [ta
1105 1900 1400 1971 suntergo
1423 1894 1557 1954 ethi
1586 1884 1687 1974 qui
1708 1896 1986 1971 ignoran'

332 1983 418 2032 tes
449 1976 607 2052 quod
641 1995 843 2037 verum
871 1988 981 2058 est,
1001 1981 1269 2060 speciem
1296 1990 1489 2042 tamen
1509 1982 1766 2065 alicujus
1788 1985 1982 2045 scien-

328 2065 423 2123 tia;
456 2075 684 2155 tenent,
721 2080 776 2127 et
811 2069 962 2130 mala
995 2071 1161 2150 quasi
1216 2070 1370 2132 bona
1404 2082 1637 2151 gerunt,
1697 2082 1875 2155 atque
1905 2073 1978 2136 ad

328 2153 654 2232 perniciem
690 2158 857 2235 quasi
890 2160 960 2219 ad
995 2159 1243 2221 salutem
1277 2161 1586 2224 festinant.

412 2241 479 2301 V.
517 2243 763 2323 Propter
787 2248 941 2323 quod
967 2260 1102 2309 ante
1122 2249 1321 2311 omnia
1334 2253 1781 2331 properandum
1807 2253 1978 2316 estad

325 2334 691 2407 agnitionem
715 2337 1001 2408 veritatis,
1037 2346 1099 2399 ut
1119 2340 1415 2418 possimus
1436 2343 1608 2421 quasi
1632 2342 1861 2405 lumine
1878 2362 1983 2406 no-

328 2423 419 2480 bis
451 2421 590 2482 inde
621 2442 935 2506 succenso,
971 2444 1276 2489 errrorum
1312 2430 1593 2491 tenebras
1623 2431 1938 2512 depellere
1966 2454 1982 2505 ;

325 2511 549 2587 grande
582 2513 740 2572 enim
778 2516 998 2574 malum
1036 2524 1125 2576 est
1185 2524 1249 2579 ut
1274 2518 1564 2597 diximus,
1608 2519 1981 2598 ignorantia;

2071 1792 2205 1855 sola
2238 1794 2378 1856 facit
2411 1793 2929 1874 ignorantia.Dum
2960 1796 3119 1858 enim
3144 1796 3421 1876 ignorant
3442 1796 3719 1859 homines

2067 1892 2349 1961 quantum
2376 1883 2513 1945 boni
2532 1883 2751 1946 habeat
2764 1884 3392 1967 scientia,ignorantiaa
3405 1887 3623 1950 malum
3642 1887 3719 1950 de

2065 1988 2131 2032 se
2164 1991 2282 2033 non
2332 1972 2641 2052 patiuntur
2679 1974 2919 2036 excludi
2953 1996 2968 2049 ;
2999 1976 3273 2036 nesciunt
3293 1976 3457 2037 enim
3496 1984 3719 2057 quanta

2067 2061 2141 2121 sit
2190 2062 2249 2121 in
2299 2062 2513 2124 horum
2569 2070 3017 2143 permutatione
3072 2063 3409 2131 diversitas.
3462 2068 3717 2146 Propter

2066 2150 2223 2229 quod
2250 2150 2568 2214 consilium
2601 2152 2681 2213 do
2723 2152 3049 2234 unicuique
3093 2153 3478 2234 discentium,
3513 2154 3717 2216 liben-

2067 2249 2161 2301 ter
2191 2240 2461 2320 praebere
2491 2258 2700 2303 aurem
2746 2241 2927 2304 verbo
2959 2243 3090 2324 Dei,
3122 2252 3183 2305 et
3212 2262 3349 2306 cum
3377 2261 3586 2305 amore
3616 2260 3712 2304 ve-

2067 2329 2258 2391 ritatis
2288 2329 2497 2393 audire
2513 2349 2647 2412 qua:
2668 2331 2952 2407 dicimus,
2976 2340 3041 2393 ut
3055 2350 3225 2394 mens
3244 2334 3467 2414 optimo
3483 2332 3715 2395 semine

2071 2428 2369 2500 suscepto,
2400 2437 2508 2499 per
2554 2420 2744 2484 bonos
2772 2430 2940 2484 actus
2983 2422 3150 2485 latos
3195 2422 3403 2485 alferat
3457 2422 3712 2484 fructus.

2070 2507 2217 2570 Nam
2253 2509 2302 2570 si
2337 2527 2434 2570 me
2462 2510 2717 2572 docente
2747 2528 2819 2573 ea
2851 2512 3077 2592 quaead
3101 2512 3355 2574 salutem
3390 2512 3713 2592 pertinent,

326 2599 427 2659 sed
450 2601 600 2691 quia
631 2603 1022 2665 substantiam
1058 2624 1172 2665 non
1206 2606 1407 2682 habet,
1440 2596 1721 2670 facile'ab
1752 2610 1842 2671 his
1885 2596 1983 2691 qui
2071 2596 2344 2676 Γθείρθτθ
2365 2598 2843 2691 (ιιιὶδβδηυίιηθρ
2866 2600 3067 2662 animo
3102 2601 3295 2678 Ρτδνίε
3324 2600 3717 2691 “Priamum”

326 2689 575 2749 studiosi
609 2702 767 2754 sunt.
795 2694 1243 2771 elfugatur.Non
1277 2697 1435 2757 enim
1456 2698 1616 2759 aliud
1631 2686 1982 2779 estquidem
2076 2696 2364 2779 οεευρέίο
2396 2686 2698 2779 (ἔδεξδίᾲθτθ
2727 2689 2977 2779 nimi"?
3018 2707 3138 2751 ¹¹⁰¹¹
3172 2708 3241 2752 ει
3274 2690 3470 2779 “opis,
3506 2690 3613 2751 sed
3638 2707 3717 2779 9x

327 2779 679 2851 ignorantia,
718 2781 831 2841 nisi
864 2802 977 2843 non
1012 2785 1328 2863 agnovisse
1366 2788 1525 2863 quod
1557 2776 1800 2867 expedit
1837 2811 1850 2867 ;
1885 2786 1986 2850 ubi
2074 2776 2399 2867 semetipso
2423 2776 2665 2867 habebit
2696 2778 2986 2859 pereundi
3035 2796 3299 2844 causam.
3332 2777 3523 2841 Debet
3552 2778 3713 2841 enim

325 2876 519 2925 autem
547 2874 890 2950 agnoveris,
915 2874 1063 2949 ρει-ῆι
1094 2864 1655 2952 ίεηοι-αηιίηρυεριιί
1678 2895 1819 2956 ergo
1841 2864 1983 2938 ωτι..
2066 2864 2229 2941 justo
2256 2866 2488 2956 judicio
2516 2868 2860 2956 examinare
2889 2886 3024 2948 qum
3052 2867 3335 2948 dicimus,
3368 2876 3427 2929 et
3484 2867 3712 2956 intelli-

327 2975 593 3034 guopere
623 2960 801 3019 debet
833 2963 1095 3023 veritatis
1125 2963 1369 3038 agnitio,
1405 2984 1582 3044 quam
1619 2954 1796 3027 nemo
1825 2967 1975 3028 alius

2071 2972 2211 3032 gere
2240 2954 2379 3035 quia
2408 2955 2585 3017 verba
2607 2954 2907 3037 loquimur
2936 2957 3226 3031 veritatis,
3250 2966 3316 3019 ut
3336 2956 3589 3036 cognitis
3620 2955 3714 3018 his

330 3053 519 3122 potest
551 3050 877 3129 assignare,
910 3052 1021 3112 nisi
1058 3052 1230 3113 νρτίιε
1270 3056 1584 3133 propheta.
1614 3056 1750 3117 Haec
1808 3056 1971 3117 enim
1997 3064 2038 3115 c
2071 3061 2203 3122 quae
2231 3055 2369 3106 sunt
2400 3054 2464 3105 ut
2495 3058 2656 3118 sunt.
2693 3046 2831 3108 etin
2866 3046 3037 3109 bonis
3069 3046 3299 3109 actibus
3329 3046 3598 3127 dirigens
3629 3044 3711 3107 ti-

328 3144 492 3212 porta
520 3146 611 3197 est
634 3140 770 3200 vita;
802 3141 1139 3203 voleniibus
1169 3144 1423 3220 ingredi,
1452 3152 1510 3204 et
1550 3144 1661 3204 iter
1722 3162 1971 3225 operum

330 3226 619 3285 bonorum
654 3230 1041 3306 pergentibus
1072 3233 1142 3291 ad
1174 3231 1467 3293 civitatem
1503 3232 1732 3293 salutis.

409 3314 505 3375 Vl.
541 3314 600 3378 Si
634 3318 766 3397 quis
798 3338 941 3379 sane
973 3321 1229 3382 audiens
1252 3340 1590 3383 sermonem
1643 3324 1763 3383 veri
1827 3341 1969 3403 pro-

328 3404 543 3481 phetaa,
580 3408 718 3467 velit
750 3409 1022 3487 recipere
1047 3421 1144 3470 aut
1192 3410 1362 3474 nolit.
1400 3420 1460 3472 et
1520 3411 1797 3491 amplecti
1830 3430 1980 3473 onus

328 3494 481 3571 ejus,
520 3496 574 3553 id
613 3505 700 3556 est
735 3500 1009 3559 mandata
1042 3499 1192 3571 vitae,
1222 3498 1400 3561 habet
1430 3502 1487 3560 in
1514 3518 1620 3562 sua
1647 3509 1976 3580 potestate;

327 3583 500 3643 liberi
535 3586 692 3646 enim
722 3605 931 3648 Sumus
954 3589 1208 3651 arbitrii.
1246 3592 1393 3652 Nam
1452 3590 1501 3651 si
1538 3591 1648 3651 hoc
1701 3600 1884 3663 esset,
1919 3585 1984 3652 ιιι

328 3672 639 3735 audientes
660 3693 796 3736 eum
824 3679 945 3755 jam
975 3695 1089 3738 non
1116 3679 1403 3739 haberent
1427 3679 1486 3740 in
1508 3689 1801 3757 potestate
1821 3681 1977 3742 aliud

325 3759 472 3820 face:
493 3780 526 3823 e
558 3782 729 3841 quam
764 3764 1097 3845 audierant,
1135 3766 1218 3825 vis
1250 3776 1378 3828 erat
1408 3767 1676 3847 quaedam
1725 3776 1969 3849 naturae,

298 3868 618 3930 .perquam
642 3853 892 3915 liberum
915 3873 1029 3915 non
1059 3857 1302 3917 essetad
1328 3856 1505 3917 aliam
1532 3858 1795 3933 migrare
1822 3875 1967 3919 sen-

329 3942 591 4000 tentiam.
633 3943 746 4005 Aut
778 3944 824 4003 si
856 3961 1066 4004 rursus
1098 3963 1165 4005 ex
1198 3946 1583 4006 audientibus
1607 3947 1801 4008 nullus
1832 3966 1965 4009 om-

329 4029 469 4089 nino
500 4032 811 4111 reciperet,
838 4042 895 4093 et
922 4034 1033 4095 hoc
1058 4045 1283 4095 natura;
1310 4035 1397 4095 vis
1427 4046 1573 4104 erat,
1616 4054 1746 4117 qum
1781 4055 1963 4097 unum

329 4118 548 4197 aliquid
570 4122 698 4180 fieri
731 4132 993 4202 cogeret,
1028 4133 1085 4184 et
1117 4124 1286 4185 alteri
1320 4127 1469 4203 parti
1514 4143 1630 4185 non
1657 4128 1821 4185 daret
1870 4126 1962 4185 lo-

328 4226 483 4266 cum.
518 4210 683 4272 Nunc
714 4220 909 4271 autem
932 4213 1071 4293 quia
1097 4212 1348 4273 liberum
1372 4221 1460 4273 est
1483 4213 1773 4288 animo,iu
1793 4232 1965 4294 quam

332 4298 461 4356 velit
502 4309 722 4375 partem
757 4302 1060 4365 declinare
1100 4302 1397 4382 judicium
1449 4321 1649 4378 suum,
1682 4314 1740 4364 et
1793 4321 1968 4385 quam

2065 3142 2181 3196 tam
2214 3153 2407 3209 suam,
2440 3136 2612 3215 regni
2641 3136 2929 3199 caelorum
2974 3139 3164 3217 possit
3190 3136 3493 3218 particeps
3536 3135 3711 3197 inve-

2065 3222 2202 3299 niri,
2224 3223 2557 3303 subjiciens
2586 3224 2701 3286 sibi
2732 3227 2937 3288 carnis
2969 3226 3294 3301 desideria,
3342 3235 3402 3287 et
3430 3225 3712 3288 dominus

2065 3329 2268 3372 eorum
2293 3312 2504 3389 factus,
2540 3322 2605 3375 ut
2634 3314 2717 3375 ita
2747 3315 2985 3377 demum
3017 3316 3198 3380 etiam
3230 3315 3360 3395 ipse
3383 3315 3483 3377 ﬂat
3512 3314 3710 3376 domi-

2066 3401 2290 3463 natoris
2318 3404 2587 3465 omnium
2613 3403 2887 3483 jucunda
2912 3405 3233 3486 possessio.

2154 3491 2260 3553 IX.
2294 3492 2441 3554 Nam
2475 3493 2573 3573 qui
2610 3502 2925 3572 permanet
2971 3495 3031 3556 in
3061 3494 3220 3557 malo
3270 3504 3329 3556 et
3360 3510 3568 3556 servus
3614 3501 3712 3556 est

2069 3579 2228 3652 mali,
2256 3599 2373 3641 non
2399 3589 2591 3660 potest
2610 3582 2767 3644 efﬁci
2799 3583 2993 3662 portio
3013 3582 3379 3664 boni,donec
3399 3588 3713 3661 permanet

2063 3668 2122 3729 in
2149 3670 2325 3748 malo,
2358 3672 2497 3749 quia
2519 3670 2593 3732 ab
2616 3671 2810 3743 initio,
2836 3681 2898 3733 ut
2916 3686 3056 3735 ante
3078 3673 3358 3751 diximus,
3380 3672 3500 3734 duo
3524 3688 3710 3750 regna

2061 3760 2266 3819 statuit
2289 3758 2467 3829 Deus,
2498 3769 2557 3822 et
2587 3770 2944 3841 potestatem
2972 3761 3139 3824 dedit
3164 3762 3491 3838 unicuique
3521 3762 3681 3822 humi

2056 3867 2223 3917 num.
2252 3859 2313 3911 ut
2344 3848 2507 3911 illius
2536 3852 2708 3928 regni
2736 3851 2834 3913 ﬁat
2859 3851 3071 3934 portio,
3105 3851 3202 3914 cui
3222 3869 3288 3914 se
3308 3852 3381 3913 ad
3400 3850 3695 3914 obedien-

2052 3938 2193 4000 dum
2228 3940 2357 4019 ipse
2386 3940 2738 4021 subiecerit.
2773 3942 2849 4005 Et
2876 3943 3020 4024 quia
3076 3941 3389 4004 definitum
3419 3954 3511 4005 est
3541 3941 3697 4023 apud

2049 4028 2262 4108 Deum,
2296 4048 2416 4093 non
2449 4049 2624 4113 posse
2646 4050 2833 4095 unum
2862 4032 3166 4095 hominem
3189 4032 3499 4114 utriusque
3530 4030 3702 4110 regni

2053 4137 2184 4180 esse
2210 4137 2473 4195 servum,
2502 4122 2664 4183 omni
2698 4120 2898 4184 studio
2926 4122 3063 4183 date
3084 4122 3420 4203 operam,in
3443 4121 3583 4183 boni
3606 4137 3704 4181 re-

2053 4208 2142 4286 gis
2172 4208 2359 4272 lwdus
2389 4228 2456 4271 ac
2467 4211 2607 4289 jura
2629 4214 3283 4291 concurrere.Propter
3302 4210 3416 4272 hoc
3438 4210 3697 4289 denique

2057 4316 2230 4361 verus
2267 4300 2553 4380 propheta
2584 4318 2717 4362 cum
2766 4310 2925 4364 esset
2954 4317 3219 4382 praesens
3267 4298 3607 4372 nobiscum,
3644 4304 3706 4359 et

333 4389 665 4461 probaverit
700 4391 921 4465 eligere
956 4392 1131 4471 viam,
1166 4401 1396 4453 constat
1423 4392 1741 4454 evidenter
1772 4394 1974 4456 inesse
2002 4429 2042 4478 ο
2062 4388 2349 4478 quosdam
2386 4407 2455 4451 ex
2481 4388 2766 4452 diritibus
2782 4390 3150 4469 negligentes
3177 4406 3320 4467 erga
3348 4387 3452 4450 Dei
3475 4387 3699 4449 cultum

331 4476 671 4538 hominibus
694 4480 921 4540 arbitrii
957 4482 1324 4544 libertatem.

410 4563 533 4627 Vll.
569 4568 747 4643 Igitur
779 4570 1120 4647 priusquam
1156 4572 1355 4633 audiat
1377 4573 1510 4652 quis
1538 4572 1698 4652 quod
1718 4572 1775 4633 ei
1802 4589 1983 4651 expe-

310 4653 437 4737 dit,
467 4665 694 4717 certum
729 4662 985 4742 estquia
1021 4665 1271 4739 ignorat.
1304 4670 1361 4721 et
1427 4662 1712 4739 ignorans
1769 4660 1895 4723 vult
1925 4669 1983 4721 et

329 4746 626 4809 desidera?
663 4755 821 4826 quod
858 4773 972 4814 non
1018 4754 1254 4832 expedit
1283 4771 1485 4834 agere,
1548 4764 1789 4835 propter
1817 4755 1975 4833 quod

412 4804 451 4805 η
1020 4804 1313 4814 ,,,,ν,,,--
1362 4804 1461 4813 ...ν
1588 4804 1776 4813 .-ηπ
1863 4804 1974 4814 _-.-

335 4856 436 4913 pro
472 4838 579 4898 hoc
608 4859 721 4900 non
746 4842 1070 4920 judicatur.
1096 4804 1272 4903 ICum
1308 4804 1447 4902 ἵετο
1471 4804 1741 4904 ,au'die'rit
1768 4804 1974 4904 ca‘lusas

2070 4476 2316 4558 videret,
2354 4478 2527 4558 hujus
2558 4478 2649 4541 rei
2680 4481 2761 4540 ita
2818 4479 3052 4560 aperuit
3100 4478 3407 4540 veritatem
3443 4496 3457 4536 :
3522 4478 3707 4540 Nemo

2060 4574 2277 4645 potest,
2315 4568 2525 4649 inquit,
2558 4569 2798 4631 duobus
2844 4567 3116 4630 dominis
3144 4567 3402 4641 servire,
3437 4584 3561 4629 non
3588 4583 3701 4645 po-

2067 4658 2233 4719 testis
2289 4657 2408 4719 Deo
2453 4658 2691 4720 servire
2739 4664 2793 4720 ct
2848 4673 3209 4719 mammona:
3236 4652 3334 4731 ’3;
3368 4673 3708 4717 mammona

2067 4747 2255 4827 patria
2284 4764 2490 4808 eorum
2513 4765 2657 4809 voce
2686 4745 2927 4809 divitias
2957 4763 3195 4808 vocans.

2144 4838 2214 4900 X.
2264 4835 2373 4899 Hic
2396 4855 2537 4916 ergo
2563 4847 2653 4899 est
2671 4853 2853 4899 verus
2886 4835 3197 4916 propheta,
3231 4835 3331 4917 qui
3386 4834 3449 4897 in
3500 4834 3711 4898 Judma

331 4928 557 4987 erroris
586 4929 701 5004 sui,
726 4940 784 4991 et
816 4932 1106 4991 rationem
1137 4932 1405 4993 veritatis
1430 4933 1901 5010 acceperit,tunc
1924 4934 1974 4992 si
2063 4927 2233 4986 nobis
2252 4926 2527 5003 apparuit
2555 4936 2619 4987 ut
2646 4925 2900 4987 audistis
2929 4924 3072 5005 ;qui
3100 4934 3270 4988 stans
3302 4924 3544 5004 publice
3578 4922 3711 4987 sola

336 5023 725 5093 permanserit
760 5021 812 5080 in
840 5022 930 5081 his
962 5022 1267 5081 erroribus
1286 5020 1505 5100 quibus
1535 5023 1759 5082 dudum
1787 5022 1977 5083 fuerat
2057 5015 2331 5093 jllsstone
2360 5013 2617 5076 faciebat
2646 5032 2836 5076 caecos
2856 5014 3082 5093 videre,
3113 5014 3329 5076 surdos
3354 5015 3584 5087 audire,
3611 5013 3708 5076 fu-

336 5118 691 5185 prreveutus,
720 5120 881 5169 recte
891 5112 1014 5187 jam
1042 5109 1352 5171 vocabitur
1366 5111 1437 5170 ad
1452 5110 1744 5189 judicium
1774 5128 1977 5191 pinnas
2060 5104 2594 5204 gabatdtemones,
2618 5105 2793 5204 aegris
2817 5103 3141 5204 sanitatem
3156 5102 3527 5204 reddebatet
3554 5117 3711 5204 mor-

335 5195 597 5263 daturus,
633 5216 739 5256 cur
771 5199 902 5259 vita)
923 5201 1051 5276 ejus
1074 5199 1327 5277 spatium
1370 5201 1525 5279 quod
1560 5199 1629 5260 ad
1683 5200 1835 5260 bene
1884 5200 1973 5259 vi-

2066 5194 2176 5253 tuis
2210 5194 2681 5275 vitam.Cumque
2713 5192 2860 5254 nihil
2881 5193 2937 5255 ei
2957 5192 3707 5274 essetimpossibile,etiam

335 5283 586 5343 vendunt
621 5289 871 5365 accepit,
899 5288 957 5348 iu
987 5288 1259 5349 ludibriis
1282 5290 1648 5367 consumpsit
1674 5306 1971 5352 errorum.
2060 5286 2447 5365 cogitationes
2469 5284 2779 5348 hominum
2808 5284 3175 5366 pervidebat,
3237 5286 3399 5366 quod
3433 5283 3583 5347 nulli
3619 5291 3711 5345 est

336 5373 445 5442 Qui
478 5391 614 5433 vero
641 5376 891 5439 audiens
944 5380 1065 5439 haec
1118 5378 1378 5438 libenter
1406 5378 1643 5456 accipit,
1679 5388 1736 5441 et
1768 5387 1971 5456 gratu-
2064 5374 2357 5454 possibile
2388 5375 2500 5437 nisi
2529 5377 2643 5438 soli
2676 5374 2819 5439 Deo.
2872 5374 2981 5437 llic
3030 5375 3403 5437 annuntiavit
3456 5391 3705 5454 regnum

411 5594 463 5634 "l
493 5598 702 5657 Matth.
741 5616 811 5667 vi,
850 5598 950 5660 24.
