4058 6206
81 0 504 27 ῤ-τ-Ἵῂἠ
537 0 592 2 ἢν

197 243 375 326 issi-

1302 258 1306 260 ‘
1403 225 2034 314 murrinum
2075 242 2222 309 Lis.
2273 242 2346 303 vv.

3414 238 3565 304 1338

191 377 531 442 cultoribus
547 374 958 457 suis,quorum
982 374 1431 439 similitudinem
1459 375 1686 438 habere
1699 393 1838 442 con-
1861 383 1895 432 Α
1918 382 2165 456 stiones,
2201 376 2304 457 qui
2334 374 2638 457 quasiper
2661 376 3035 454 prudentiam
3067 377 3294 458 decipit
3345 394 3472 450 vos.
3506 384 3568 440 et

194 465 438 543 tumelia
465 461 746 537 estIQuid
762 481 902 542 ergo
934 470 963 526 Ἰ
992 461 1216 525 Solvite
1237 462 1560 526 simulacra
1583 464 1834 544 inutilia,

193 564 250 618 et
265 554 443 618 facite
469 571 605 615 vasa
623 551 794 618 utilia
808 570 826 626 ι
840 554 857 615 1
873 552 964 632 8);
989 551 1200 620 solvite
1218 553 1465 616 otiosam
1489 554 1838 634 pigrumque

194 645 533 724 materiam,
565 650 628 707 et
659 643 833 706 facite
851 643 1114 704 humano
1141 641 1276 704 usui
1304 650 1442 722 apta
1483 643 1830 706 ministeria.

191 735 310 798 Sed
343 753 459 797 non
479 734 708 811 sinunt,
743 731 956 811 inquit.
989 731 1151 810 leges
1183 730 1478 794 humanae.
1513 733 1840 812 Bene,quia

192 821 732 898 humaualegesmt
749 838 865 882 non
881 819 1146 900 ipsorum
1163 819 1688 893 virtus.Quemodo
1699 838 1838 900 ergo

191 912 274 976 dii
301 910 566 992 suntqui
598 908 880 973 Immanis
911 907 1143 991 legibus
1173 919 1230 974 et
1263 929 1379 970 non
1427 910 1552 972 suis
1612 909 1840 972 viribus

191 1001 599 1064 defenduntur
619 1006 648 1063 ?
671 1001 878 1080 sicque
902 1011 961 1063 et
988 1019 1023 1061 a
1045 999 1278 1062 furibus
1303 1018 1516 1062 canum
1542 999 1756 1080 vigiliis
1781 1008 1841 1061 et

190 1091 586 1154 claustrorum
623 1088 1062 1152 munitionibus
1087 1097 1604 1167 conservantur,et
1639 1090 1754 1152 hoc
1785 1089 1836 1152 si

191 1182 412 1245 iuerint
439 1188 721 1256 argentea
741 1178 833 1242 vel
855 1197 1040 1242 aurea
1065 1179 1158 1242 vel
1186 1180 1366 1244 etiam
1389 1197 1711 1254 tureamam
1746 1180 1836 1241 la-

193 1269 367 1350 pidea
387 1278 447 1332 et
477 1268 682 1332 ﬁctilia
710 1270 837 1348 ipsa
861 1268 952 1330 sui
984 1269 1208 1332 vilitate
1252 1268 1624 1351 muniuntur,
1657 1288 1837 1333 nemo

190 1358 360 1422 enim
387 1359 687 1441 lapideum
715 1365 816 1420 aut
841 1358 1086 1422 ﬁctilem
1121 1361 1298 1424 deum
1360 1361 1614 1422 iniretur.
1665 1358 1837 1424 Unde

193 1447 668 1512 miserabiliores
691 1447 968 1510 videntur
999 1449 1081 1524 lii,
1117 1448 1338 1530 quibus
1367 1449 1688 1527 pretiosius
1710 1468 1806 1512 me

194 1538 397 1615 tallum
431 1537 692 1618 pericula
713 1537 1002 1600 viciniora
1027 1539 1348 1620 conquirit.
1378 1537 1489 1611 Qui
1511 1557 1653 1619 ergo
1681 1539 1841 1602 tura-

189 1626 246 1690 ri
276 1635 546 1708 possunt,
573 1626 674 1709 qui
702 1625 778 1690 ab
808 1626 1156 1690 hominibus
1185 1628 1494 1699 custodirl.
1537 1628 1641 1710 qui
1688 1646 1834 1691 con-

191 1717 323 1782 ﬁeri
355 1725 415 1778 et
445 1716 710 1798 appeudi
759 1725 820 1780 et
880 1715 1110 1780 malleis
1159 1717 1328 1791 caedi,
1368 1717 1468 1780 isti
1495 1717 1843 1780 hominibus

192 1824 438 1869 sensum
470 1805 828 1869 habentibus
857 1806 938 1869 dii
969 1805 1194 1868 debent
1220 1806 1459 1869 videri?

273 1895 426 1960 XVI.
461 1897 512 1958 0
543 1894 608 1958 iu
626 1904 904 1977 quantam
927 1895 1230 1961 miseriam
1247 1896 1592 1964 mortalium
1619 1896 1842 1964 decidit

194 1985 614 2065 intelligentia!
638 1988 787 2050 Nam
813 1985 865 2047 si
899 1993 1163 2054 mortuos
1187 1987 1398 2048 timere
1436 2005 1684 2050 summa;
1703 1989 1815 2050 stul

194 2075 338 2138 litim
357 2075 620 2149 ducitur,
656 2074 798 2155 quid
823 2075 1168 2157 judicemus
1202 2077 1277 2138 de
1302 2076 1397 2138 his
1446 2077 1547 2158 qui
1577 2076 1842 2141 deterius

194 2163 447 2246 aliquid,
479 2182 658 2246 quam
679 2172 819 2227 sunt
835 2164 1445 2234 mortui,timent?ista
1466 2165 1624 2227 enim
1645 2165 1839 2228 simu-

194 2254 477 2324 lacrsuec
491 2253 555 2316 in
572 2261 938 2316 mortuorum
964 2272 1215 2327 numero
1234 2253 1507 2318 habenda
1525 2264 1684 2336 sunt,
1705 2255 1842 2333 quia

195 2362 502 2424 nunquam
528 2342 821 2406 vixerunt.
859 2343 1241 2406 I’raet‘ereada
1260 2354 1398 2407 sunt
1432 2344 1520 2405 eis
1541 2343 1720 2406 etiam
1751 2364 1844 2406 se-

196 2434 411 2516 pulcra
462 2442 856 2506 mortuorum,
891 2433 1195 2513 quoniam,
1232 2432 1369 2496 licet
1411 2452 1574 2496 nunc
1625 2434 1840 2496 mortui

194 2521 704 2596 sunt,habueru.nt
728 2531 923 2588 tamen
947 2521 1268 2602 aliquando
1292 2522 1494 2603 vitam;
1522 2522 1620 2586 isti
1642 2532 1839 2586 autem

201 2629 352 2693 quos
373 2608 595 2687 colitis,
623 2628 730 2672 nec
751 2628 880 2675 eam
929 2611 1171 2690 quidem
1217 2630 1350 2692 qua;
1368 2623 1458 2674 est
1486 2611 1546 2673 in
1565 2611 1842 2674 omnibus

198 2699 529 2773 teterrima,
561 2717 839 2762 ranarum
860 2717 929 2762 ac
975 2699 1278 2762 bubonum
1321 2703 1504 2762 vitam
1520 2700 1840 2781 aliquando

194 2789 653 2870 gesserunt.Sed
678 2789 818 2870 quid
841 2809 999 2870 opus
1021 2791 1208 2852 estde
1230 2791 1322 2852 liis
1343 2791 1512 2870 plura
1537 2807 1836 2854 memora-

195 2897 286 2948 re.
311 2897 446 2944 cum
479 2878 734 2956 sufﬁciat
757 2878 960 2941 dicere
983 2878 1038 2940 ei
1060 2879 1160 2960 qui
1181 2878 1388 2942 adorat
1402 2898 1496 2942 ea:
1523 2877 1650 2942 Non
1679 2879 1840 2941 vides

1921 464 2080 526 velut
2108 464 2341 527 ratione
2362 464 2614 546 quadam
2646 464 2834 543 serpit
2880 481 2989 544 per
3042 481 3256 527 sensus
3313 473 3564 539 vestros,
3651 469 3653 471 ’

1920 561 2100 634 atque
2117 554 2194 615 ab
2227 554 2356 634 ipso
2377 553 2603 616 vertice
2623 553 2926 633 incipiens
2955 571 3062 634 per
3080 554 3400 618 interiores
3423 555 3570 618 dila-
3643 561 3646 566 ’

1922 641 2080 704 bitur
2110 643 2666 717 medullas,lucrum
2694 661 2978 722 magnum
2998 653 3358 725 computans
3385 643 3567 706 dece-

1921 732 2181 813 ptionem
2212 742 2491 796 vestram.
2524 732 2840 796 Interserit
2874 751 3016 814 ergo
3048 733 3327 795 sensibus
3357 733 3573 795 vestris

1925 822 2241 902 Opiniones
2264 842 2764 906 quorumcunque
2793 824 3069 896 deorum,
3107 831 3335 884 tantum
3361 832 3424 884 ut
3471 839 3572 884 vos

1920 915 2000 975 ab
2030 913 2208 975 unius
2227 913 2336 976 Dei
2358 922 2600 976 revocet
2631 913 2768 982 ﬁde.
2819 914 3019 976 sciens
3071 921 3378 994 peccatum
3433 929 3566 972 ves-

1924 1009 2080 1062 trum
2115 1021 2289 1064 suum
2315 1021 2447 1067 csse
2476 1002 2780 1068 solatium.
2816 1004 2921 1067 Ille
2949 1003 3111 1065 enim
3143 1019 3250 1082 pro
3308 999 3570 1082 nequitia

1919 1107 2026 1152 sua
2038 1091 2110 1151 ab
2125 1091 2294 1154 initio
2312 1100 2531 1166 terram
2543 1091 2724 1156 edere
2735 1092 2990 1155 condam
3002 1103 3176 1153 natus
3197 1097 3571 1168 est,propter
3663 1089 3670 1098 “

1920 1198 2052 1242 eum
2087 1199 2266 1262 quem
2295 1181 2370 1244 de
2404 1190 2562 1244 terra
2583 1191 2980 1263 assumptum,
3007 1182 3224 1244 iterum
3248 1178 3465 1242 resolvi
3487 1177 3572 1240 fe-

1921 1269 2000 1332 cit
2031 1270 2091 1332 in
2123 1283 2370 1353 terram,
2404 1290 2596 1353 usque
2615 1271 2688 1347 ad
2723 1280 2960 1352 tempus
2989 1290 3104 1352 quo
3126 1269 3344 1332 animae
3364 1277 3571 1331 vestra:

1923 1377 2032 1442 per
2060 1359 2266 1438 ignem
2297 1361 2582 1423 traductm
2604 1371 2984 1442 reparentur,
3013 1359 3166 1422 sicut
3188 1359 3338 1422 alias
3363 1357 3441 1421 de
3459 1357 3570 1419 hoc
3681 1388 3683 1390 -

1925 1449 2160 1530 plenius
2189 1449 2600 1514 educabimus.
2637 1452 2720 1514 Ex
2774 1451 2900 1533 ipso
2961 1467 3102 1530 ergo
3156 1457 3301 1512 sunt
3361 1464 3569 1510 omnes

1924 1557 2161 1602 errores
2189 1549 2247 1602 et
2276 1539 2716 1620 ambiguitates,
2748 1539 2966 1622 quibus
2983 1537 3060 1602 ab
3102 1538 3276 1601 unius
3305 1537 3414 1602 Dei.
3452 1534 3568 1598 ﬁde

1927 1637 1984 1690 et
2015 1629 2365 1692 credulitate
2393 1630 2855 1693 conturbamiui.

2007 1717 2213 1785 XVIII.
2244 1718 2312 1784 Et
2331 1721 2524 1800 primo
2545 1719 2814 1782 omnium
2838 1719 3081 1798 subjicit
3105 1716 3567 1799 cogitationibus

1927 1809 2266 1882 hominum,
2298 1821 2360 1870 ut
2389 1829 2464 1870 ne
2493 1809 2738 1872 audiant
2767 1810 2950 1872 verba
2977 1808 3266 1881 veritatis,
3307 1825 3412 1886 per
3433 1825 3566 1886 qum

1929 1898 2218 1962 malorum
2252 1899 2651 1979 ignorantiam
2686 1901 2908 1978 lugent.
2945 1897 3014 1960 Et
3045 1900 3159 1960 hoc
3217 1898 3353 1959 facit
3395 1898 3564 1976 quasi

1928 1988 2246 2050 occasione
2277 1987 2524 2051 alterius
2549 1989 2838 2069 salentini,
2872 2005 3223 2056 asseverans
3259 1992 3344 2048 eis
3405 1986 3564 2048 illam

1926 2076 2270 2155 opinionem
2301 2094 2422 2158 qua
2445 2086 2691 2140 utuntur
2715 2075 2981 2157 plurimi,
3007 2086 3071 2136 ut
3104 2085 3315 2156 putent.
3341 2093 3407 2138 se
3434 2091 3572 2136 reos

1927 2166 2157 2228 futuros
2177 2185 2293 2232 non
2315 2184 2450 2229 esse
2466 2170 2519 2231 si
2543 2169 2604 2228 iu
2626 2167 2958 2246 ignorantia
2981 2165 3342 2244 luerin~t,nec
3361 2162 3561 2226 reddi-

1928 2263 2094 2318 turos
2117 2273 2251 2318 esse
2279 2255 2572 2320 rationem
2607 2275 2716 2336 pro
2746 2256 2842 2319 liis
2871 2273 3003 2337 quae
3031 2273 3148 2316 non
3180 2255 3571 2332 audierint,et

1926 2343 2064 2406 ideo
2083 2361 2118 2406 a
2150 2343 2650 2407 verbodeclinare
2673 2363 2776 2406 eos
2797 2346 3006 2408 suadet
3030 2341 3443 2406 auditum.Sed
3467 2361 3567 2404 ac-

1927 2434 2107 2512 cipite
2138 2445 2345 2497 contra
2371 2435 2520 2498 haec:
2555 2435 2680 2515 ipsa
2705 2453 2810 2516 per
2835 2433 3213 2515 semetipsam
3238 2431 3572 2512 ignorantia

1926 2523 2352 2585 validissimum
2379 2543 2673 2586 venenum
2694 2533 2804 2598 est,
2830 2525 2990 2603 quod
3010 2543 3038 2584 s
3053 2522 3567 2597 ul‘ﬁciatanimam,

1927 2612 2088 2674 nulla
2111 2613 2485 2676 extrinsecus
2505 2614 2747 2694 quaisita
2774 2614 3141 2693 adjectioue,
3167 2612 3570 2691 perimerelE-Zt

1926 2703 2060 2764 ideo
2093 2721 2269 2764 nemo
2295 2712 2384 2765 est
2415 2703 2520 2780 qui
2547 2705 2963 2782 ignoransper
2995 2703 3106 2764 hoc
3131 2702 3286 2781 quod
3314 2701 3568 2780 ignorat,

1928 2791 2160 2864 evadat,
2196 2791 2302 2853 sed
2335 2802 2566 2854 certum
2600 2801 2689 2854 est
2717 2791 2874 2873 quod
2905 2792 3179 2855 inti-real.
3205 2788 3572 2852 Naturaliter

1923 2884 2084 2942 enim
2121 2891 2496 2960 peccatorum
2530 2883 2620 2942 vis
2667 2880 2961 2944 interimit
3014 2889 3409 2962 peccatorem.
3446 2878 3562 2940 Sed

197 2971 342 3052 quia
367 2985 545 3049 quem
575 2968 812 3038 adoras,
847 2986 965 3029 non
1000 2971 1207 3031 videt?
1259 2968 1398 3030 audi
1461 2969 1600 3049 quia
1659 2986 1836 3048 quem
1856 3002 1898 3054 ο
1923 2970 2203 3051 quoniam
2219 2971 2516 3050 judicium
2534 2970 2886 3033 rationabile
2903 2971 3038 3043 erit,
3060 2979 3175 3032 tam
3200 2969 3566 3048 ignorantia),

195 3059 432 3132 adoras,
457 3075 575 3119 non
600 3058 866 3130 audit,et
890 3056 1155 3138 intellige
1193 3063 1334 3139 quia
1363 3077 1480 3119 non
1512 3056 1786 3137 intelligit
1822 3077 1838 3131 ς

193 3165 344 3230 opus
365 3146 525 3208 enim
560 3146 828 3208 mortalis
852 3165 1062 3208 manus
1086 3154 1199 3215 est.
1235 3155 1295 3209 et
1320 3146 1658 3208 necessario
1702 3165 1809 3207 seu

195 3257 267 3300 su
294 3244 462 3300 caret
509 3233 598 3298 Tu
625 3253 767 3316 ergo
801 3235 1016 3299 adoras
1042 3236 1478 3308 insensibilem,
1498 3254 1632 3297 cum
1661 3255 1846 3298 unus-

195 3326 448 3410 quisque
478 3324 706 3388 babens
735 3343 1000 3390 sensum.
1059 3344 1168 3388 nee
1222 3344 1292 3388 ea
1340 3326 1584 3407 quidem
1643 3327 1847 3388 credat

193 3417 528 3488 adoranda,
560 3433 692 3496 qua:
721 3417 890 3480 aDeo
924 3417 1082 3479 facta
1102 3425 1239 3478 sunt
1267 3423 1324 3477 et
1347 3415 1573 3478 habent
1599 3433 1841 3478 sensum

198 3505 356 3586 (l9),
389 3504 454 3565 id
479 3513 572 3567 est
600 3505 788 3566 solem
821 3514 883 3566 et
904 3505 1127 3579 lunam,
1164 3507 1248 3568 vel
1273 3505 1502 3584 stellas,
1525 3503 1845 3584 omniaque

193 3613 330 3679 quin
359 3595 418 3656 in
451 3593 598 3658 caelo
626 3603 766 3656 sunt
817 3605 876 3657 et
920 3613 1105 3675 super
1136 3604 1379 3657 terram.
1413 3595 1645 3656 .lustum
1684 3595 1840 3655 enim

194 3694 559 3764 putant,uou
579 3702 648 3746 ea
665 3701 798 3764 quae
810 3702 916 3764 pro
941 3685 1143 3746 mundi
1163 3683 1494 3745 ministerio
1511 3685 1657 3746 facta
1676 3693 1840 3763 sunt,

193 3775 302 3840 Sed
327 3775 595 3854 ipsorum
628 3786 686 3835 et
715 3774 918 3836 mundi
946 3781 1124 3836 totius
1149 3772 1492 3835 Creatorem
1514 3774 1739 3835 debere
1752 3789 1845 3836 ve-

194 3863 444 3940 nerari;
474 3862 739 3942 gaudent
769 3867 928 3924 enim
961 3862 1139 3924 etiam
1171 3864 1320 3942 haec,
1345 3880 1480 3923 cum
1507 3862 1604 3924 ille
1631 3863 1842 3924 adora-

194 3962 292 4034 tur
326 3961 385 4014 et
414 3953 653 4033 colitur,
683 3970 794 4016 nec
813 3952 1070 4015 libenter
1084 3953 1406 4032 accipiunt,
1435 3949 1846 4014 utlionorCre-

1929 3077 2106 3140 quam
2125 3061 2604 3139 uniuscujusque
2623 3060 2846 3143 peccati
2869 3078 3045 3122 causa
3057 3069 3116 3121 et
3129 3058 3570 3139 origorequire-

1933 3159 2046 3212 tur.
2072 3150 2126 3211 Is
2155 3167 2297 3228 ergo
2319 3150 2422 3231 qui
2447 3151 2602 3212 scire
2627 3149 2813 3211 noluit
2837 3148 3139 3230 quomodo
3165 3150 3348 3228 possit
3369 3149 3572 3208 venire

1927 3237 1999 3297 ad
2027 3237 2231 3318 vitam,
2265 3237 2368 3300 sed
2401 3238 2610 3302 maluit
2633 3239 2910 3318 ignorare
2932 3255 3007 3298 ne
3023 3255 3127 3316 per
3149 3241 3262 3299 hoc
3281 3253 3420 3296 reus
3444 3235 3570 3296 ﬁeri

1928 3325 2248 3399 videretur,
2277 3346 2348 3388 ex
2373 3327 2484 3389 hoc
2507 3328 2635 3409 ipso
2651 3329 2800 3407 jam,
2836 3325 3002 3406 quasi
3026 3325 3124 3407 qui
3143 3322 3344 3387 scierit
3375 3333 3432 3386 et
3457 3324 3570 3384 lia-

1928 3415 2123 3478 buerit
2159 3416 2497 3496 scientiam,
2517 3416 3101 3497 judicatur.AgnoviI
3129 3414 3287 3475 enim
3312 3412 3456 3490 quid
3483 3431 3572 3474 es-

1925 3515 2018 3568 set
2049 3507 2204 3585 quod
2243 3506 2480 3568 nolebat
2522 3508 2750 3575 audire,
2787 3515 2843 3567 et
2879 3505 3023 3567 nihil
3077 3506 3131 3566 ei
3191 3503 3457 3566 conferet
3497 3502 3569 3562 a'l

1927 3596 2365 3659 excusationem
2399 3597 2697 3676 serpentis
2717 3595 2970 3656 artiﬁcio
2985 3593 3231 3674 quaesita
3250 3591 3566 3673 calliditas;

1928 3704 2061 3747 cum
2095 3703 2166 3748 eo
2199 3687 2359 3747 enim
2387 3687 2502 3746 erit
2533 3686 2586 3746 ei
2617 3686 2769 3748 ratio
2792 3701 2967 3765 quem
3005 3702 3119 3746 non
3165 3683 3309 3745 latet
3338 3699 3441 3744 cor
3497 3679 3574 3744 Ut

1927 3783 2126 3836 autem
2163 3775 2319 3837 scias
2347 3777 2486 3857 quia
2524 3777 2852 3854 ignorautm
2884 3792 2994 3854 per
3024 3773 3408 3852 semetipsam
3461 3790 3568 3850 ge-

1930 3874 2095 3926 nerat
2127 3863 2456 3938 interitum,
2484 3865 2688 3928 anima
2718 3882 2853 3926 cum
2877 3862 3216 3924 discesserit
3238 3880 3273 3922 a
3293 3878 3570 3941 corpore,

1928 3953 1979 4013 si
2011 3953 2142 4014 talis
2175 3963 2344 4015 exeat
2373 3973 2508 4035 quae
2539 3954 2774 4033 ignoret
2808 3971 2942 4015 eum
2977 3972 3009 4013 a
3041 3969 3160 4032 quo
3217 3960 3416 4012 creata
3447 3959 3562 4031 est,

191 4044 382 4126 atoris
409 4051 702 4104 creatura;
720 4041 1046 4105 deferatur.
1074 4042 1378 4120 Exceptus
1405 4039 1568 4102 enim
1601 4051 1690 4101 est
1737 4042 1850 4106 Dei
1933 4064 1961 4099 ει
1995 4062 2114 4123 quo
2145 4043 2201 4104 in
2230 4044 2342 4105 hoc
2375 4044 2597 4106 mundo
2619 4045 2825 4107 omnia
2854 4061 2985 4124 quae
3009 4041 3218 4103 usibus
3237 4040 3364 4101 suis
3403 4055 3577 4102 erant

197 4134 418 4197 solitus
446 4131 662 4206 cultus,
699 4133 799 4213 qui
833 4133 996 4194 solus
1029 4133 1333 4195 llltI‘t'alUS
1361 4141 1475 4203 est,
1510 4129 1708 4192 omnia
1734 4149 1843 4191 au-

1934 4151 1983 4193 nt
2011 4132 2274 4194 cessaris
2302 4143 2622 4196 consecuta
2653 4146 2768 4212 est,
2805 4143 3080 4212 tan1uam
3116 4130 3345 4209 ingrata
3374 4136 3430 4188 et
3479 4147 3572 4188 m—

200 4235 320 4286 tem
353 4232 570 4284 caetera
591 4222 818 4284 Iactura
845 4224 976 4301 ejus
1001 4231 1161 4286 sunt.
1183 4223 1351 4283 Sicut
1374 4238 1514 4298 ergo
1540 4219 1845 4300 proprium
1873 4225 1912 4274 ο
1933 4220 2124 4282 ﬁdelis
2155 4241 2186 4282 a
2221 4223 2385 4299 regni
2416 4224 2548 4300 ejus
2582 4222 2716 4282 luce
2751 4222 3082 4300 projicitur.

197 4323 291 4375 est
321 4315 454 4392 ejus
482 4312 582 4392 qui
612 4313 782 4373 solus
801 4330 919 4372 non
950 4321 1039 4374 est
1069 4313 1280 4390 lactus,
1341 4311 1528 4373 Deum
1575 4325 1732 4388 esse,
1765 4308 1848 4370 ita

197 4421 379 4465 omne
411 4405 566 4484 quod
591 4403 808 4463 factum
844 4411 955 4483 est,
991 4402 1148 4464 Deus
1190 4419 1328 4463 vere
1360 4418 1476 4461 non
1503 4409 1614 4460 est.

275 4491 456 4556 XVII.
485 4493 635 4556 Ante
656 4492 853 4554 omnia
878 4510 1018 4572 ergo
1038 4490 1376 4568 intelligere
1401 4487 1634 4550 debetis
1656 4491 1842 4550 dece-

199 4585 469 4665 ptionem
501 4581 796 4665 serpentis
815 4582 1042 4662 antiqui
1076 4591 1134 4641 et
1184 4580 1431 4642 callidas
1461 4580 1593 4658 ejus
1624 4595 1841 4658 sugge-

2012 4309 2163 4372 ΧΙΧ.
2196 4309 2450 4390 Subjicit
2481 4312 2692 4372 iterum
2712 4309 3112 4391 nequissimus
3129 4324 3378 4386 serpens
3395 4304 3570 4366 aliam

1930 4398 2272 4462 horninibus
2303 4401 2671 4476 opinionem,
2699 4418 2874 4475 quam
2904 4399 3108 4478 plures
3134 4411 3392 4456 vestrum
3429 4411 3574 4473 pro—

1929 4489 2084 4550 ferre
2115 4488 2534 4552 solentzUnum
2566 4509 2696 4550 esse
2725 4499 2780 4549 et
2804 4507 2915 4549 nos
2939 4485 3225 4547 discimus
3251 4481 3568 4564 Deum,qui

1928 4587 2016 4639 est
2046 4579 2309 4638 omnium
2349 4577 2673 4654 Dominus;
2709 4577 2812 4639 scd
2865 4584 2920 4638 et
2973 4574 3089 4651 isti,
3151 4573 3454 4652 inquiunt,
3493 4571 3572 4634 dii

1523 4711 1929 4778 COTELERII
1974 4713 2210 4779 ΝΟΤᾸΕ.

284 4859 412 4938 (18)
438 4857 678 4938 Solvite
703 4856 1038 4918 simulacra
1061 4852 1338 4938 inutilia,
1373 4859 1445 4938 et
1462 4851 1647 4928 facile
1677 4867 1849 4938 “uasa
1932 4848 2142 4938 gemas
2163 4867 2314 4938 sane
2357 4850 2587 4938 libellos
2621 4869 2731 4938 sea:
2777 4850 3000 4938 salicti
3032 4846 3262 4938 Hilarii
3295 4846 3575 4938 episcopi.

197 4928 405 5004 utilia:
462 4935 611 5000 Huic
659 4953 984 5014 germanus
1033 4944 1123 4998 est
1184 4935 1349 4994 locus
1403 4928 1844 5011 Commodiani,

195 5017 600 5088 instruct-ioue
632 5021 711 5089 20
745 5034 759 5076 :

328 5101 400 5160 Et
423 5098 564 5160 deos
583 5096 828 5160 audetis
859 5095 1156 5159 (nomine
1184 5094 1398 5156 dicere
1427 5093 1615 5169 fusos.

324 5177 643 5242 Solearitis
670 5192 764 5240 eos
792 5177 990 5250 magis
1021 5176 1087 5238 in
1117 5172 1362 5238 vascula
1387 5170 1575 5236 vobis.

282 5262 406 5334 (19)
440 5259 512 5321 Et
529 5257 749 5320 habent
761 5272 1022 5318 sensum.
1051 5256 1224 5319 Astra
1245 5253 1503 5315 animata
1521 5268 1652 5334 esse
1673 5252 1844 5334 pauci

201 5328 442 5402 Patrum
476 5337 983 5419 eaisiimaverunt,
1045 5335 1230 5419 secuti
1265 5331 1670 5419 philosophos.
1699 5328 1843 5419 Item

201 5420 482 5499 plerique
493 5412 1690 5499 Hebraeorum.(Iontra,Coiisli_Iatiouum
1704 5412 1846 5499 εζνὶ-

200 5492 502 5582 ῥιοτίιὶὺ.
538 5514 668 5582 vili,
701 5515 834 5576 cap.
858 5497 962 5575 46,
988 5507 1048 5558 ut
1093 5495 1330 5582 reliqui.
1357 5492 1843 5582 lange-cumtum

199 5570 498 5650 localoca
524 5570 1063 5650 Clamealt'noraai,
1094 5595 1151 5650 ι.
1174 5570 1364 5648 θ’διιι,
1399 5573 1476 5638 35
1526 5573 1614 5634 Ac
1642 5570 1845 5648 relege

200 5679 442 5730 meeum
475 5659 738 5741 insignis.
754 5657 883 5726 huc
905 5656 1232 5741 Spicula“
1259 5656 1338 5739 II,
1363 5673 1495 5737 pag.
1519 5651 1630 5717 37t
1665 5673 1681 5710 :
1725 5651 1847 5719 lia-

1929 4929 2359 5016 Pictavt'mst's,
2389 4930 2853 5016 quosdam-meo
2879 4927 3169 5016 ora'gcnis
3187 4926 3253 5016 _s'_n
3283 4924 3577 5016 Latinam

1929 5013 2108 5072 vertit
2143 5029 2161 5083 ;
2190 5011 2294 5071 sed
2323 5003 2444 5072 non
2474 5011 2680 5071 omnia
2726 5003 3052 5072 secundum
3089 5005 3376 5069 Ordinem
3431 5003 3574 5066 libri

1925 5091 2129 5152 sancti
2167 5089 2286 5153 Job
2317 5091 2623 5168 exposuit.
2688 5090 2762 5152 Et
2817 5090 2971 5151 satis
3014 5084 3570 5168 mirae/taminiam

1927 5169 2348 5232 doctissimum
2399 5165 2463 5231 et
2503 5177 2804 5240 sanctum,
2838 5179 2903 5231 ut
2959 5168 3036 5230 de
3086 5165 3280 5228 stellis
3334 5165 3575 5226 naeuius

1931 5249 2216 5329 Origem's
2261 5252 2661 5327 trans/erret.
2715 5250 2887 5325 illi/ti,
2933 5246 3319 5329 sanctissime
3372 5245 3574 5329 Pati-i3,

1928 5321 2098 5392 nullo
2127 5339 2302 5407 pacto
2330 5321 2577 5392 suaderi
2601 5339 2814 5410 μοιραί,
2849 5321 2913 5389 ut
2943 5326 3203 5388 credam
3230 5333 3394 5410 astra
3445 5321 3570 5382 carl:

1925 5404 2182 5486 spiritus
2202 5411 2553 5483 nstionalrs,
2579 5404 2714 5490 qua
2735 5404 2925 5488 itaque
2950 5424 3087 5490 cum
3115 5404 3575 5490 aug/elisumque

1927 5484 2063 5551 cum
2096 5492 2440 5552 hominibus
2470 5484 2633 5567 facta
2658 5509 2781 5552 csse
2814 5484 3146 5567 Scriptura
3185 5494 3400 5567 sancta
3464 5484 3569 5545 (lc-

1926 5569 2144 5636 clarat.
2178 5568 2326 5633 Sunt
2359 5561 2537 5632 verba
2569 5569 2853 5633 Liciniani
2885 5561 3175 5648 episcopi,
3210 5564 3282 5626 ad
3336 5561 3568 5646 Grego-

1931 5651 2084 5718 rium
2117 5668 2354 5732 papam.
