4058 6206
187 412 191 417 ’
286 403 427 466 1361

1447 398 2079 464 RECOGNITIONUM
2133 401 2275 463 LIB.
2329 399 2466 464 VII.

3496 406 3516 462 t
3533 397 3650 467 36!

284 525 570 598 tissimus,
603 521 953 602 acquiescit,
981 521 1086 584 sed
1122 522 1350 584 monuit
1381 538 1510 592 nos,
1536 539 1670 584 cum
1704 539 1911 583 navem
1935 527 1976 578 Α
1997 520 2152 582 alius
2183 540 2332 585 sane
2364 522 2517 585 illius
2565 528 2857 603 quatenus
2889 522 3042 604 patri
3077 533 3344 589 maneret
3373 524 3446 586 ad
3480 524 3646 586 sola-

281 614 948 691 descendissemus,non
974 629 1089 671 una
1110 629 1320 672 omnes
1340 628 1710 673 concurrere
1735 611 1807 672 ad
1842 608 1920 671 vi-

281 703 587 777 dendum;
639 703 775 764 nolo
822 702 1006 777 enim,
1051 701 1263 782 inquit,
1300 700 1490 762 notari
1533 718 1692 777 vosa
1726 699 1913 763 turba.

281 795 425 856 Cum
454 810 592 870 ergo
628 792 726 854 die
749 803 980 872 postera
1009 790 1134 851 navi
1168 788 1277 850 sub
1303 799 1600 851 momento
1631 789 1791 851 hom
1823 808 1916 850 ve-

281 883 579 944 nissemus
618 882 687 943 ad
729 880 1007 960 insulam,
1041 879 1323 941 continuo
1361 879 1432 940 ad
1467 879 1660 941 locum
1702 879 1761 940 in
1804 899 1919 960 quo

277 981 444 1033 erant
467 971 758 1032 columna:
775 969 1078 1030 mirabiles
1109 971 1916 1049 properamus.Erantautem

281 1061 340 1122 in
374 1061 501 1122 ade
528 1059 779 1140 quadam
812 1058 1033 1139 positae.
1070 1059 1128 1119 in
1161 1077 1274 1138 qua
1306 1057 1533 1121 Phidiae
1564 1076 1744 1139 opera
1776 1076 1918 1137 per-

280 1150 593 1229 magnifica
623 1147 1238 1228 habebantur,quibus
1262 1147 1489 1209 intento
1512 1147 1919 1229 unusquisque

278 1249 545 1301 nostrum
578 1240 962 1303 detinebatur
1003 1247 1275 1317 aspectu.

357 1356 514 1420 XIII.
542 1359 750 1418 Petrus
763 1374 902 1416 vero
926 1355 1020 1417 ubi
1050 1355 1206 1415 solas
1228 1354 1538 1417 columnas
1563 1361 1812 1416 miratus
1833 1363 1923 1418 est

276 1446 484 1517 viteas,
511 1463 882 1526 nequaquam
916 1451 1120 1524 raptus
1145 1443 1390 1523 pictura;
1409 1446 1618 1523 gratia,
1643 1463 1920 1523 egressus

277 1535 420 1596 vidit
448 1553 551 1612 pro
586 1536 811 1596 foribus
834 1532 1241 1595 mulierculam
1269 1534 1584 1613 quamdam
1611 1534 1824 1614 stipem
1843 1533 1916 1596 ab

275 1623 712 1685 introeuntibus
736 1625 1161 1703 deposcentem
1183 1642 1392 1704 ;quam
1417 1623 1701 1686 attentius
1724 1626 1918 1685 consi-

274 1714 493 1775 derans
514 1713 593 1773 ait
621 1735 632 1775 :
662 1713 1197 1792 Dic,mulier,quod
1219 1711 1323 1774 tibi
1348 1713 1681 1774 membrum
1708 1731 1914 1792 corpo-

273 1804 357 1863 ris
386 1803 571 1881 deest,
601 1803 758 1883 quod
785 1802 923 1864 huic
947 1811 1002 1864 te
1032 1803 1262 1882 injuria;
1281 1802 1588 1883 subjecisti
1615 1811 1677 1863 ut
1698 1804 1913 1882 stipem

276 1901 466 1972 petas,
487 1901 544 1954 et
563 1911 678 1952 non
718 1891 912 1973 potius
935 1892 1208 1954 manibus
1231 1893 1346 1954 tuis
1365 1912 1512 1973 quas
1531 1911 1564 1953 a
1585 1891 1706 1954 Deo
1736 1912 1912 1954 acce-

276 1982 412 2058 pisti
436 2001 689 2061 operans
711 1982 910 2043 cibum
934 2002 1068 2063 quae
1082 1990 1222 2046 ras?
1245 1988 1321 2046 At
1346 1983 1443 2044 illa
1467 1984 1775 2063 suspirans
1805 1982 1907 2045 ait:

272 2069 511 2134 Utinam
549 2071 686 2133 mihi
721 2072 964 2149 quidem
1005 2080 1202 2134 essent
1250 2091 1462 2135 manus
1512 2091 1644 2154 quae
1688 2073 1913 2134 moveri

277 2169 540 2239 possent,
581 2179 737 2222 nunc
765 2171 960 2222 autem
1013 2162 1243 2242 species
1300 2172 1524 2224 tantum
1567 2171 1793 2225 servata
1823 2173 1914 2226 est

277 2268 728 2318 manuum,nam
751 2251 898 2330 ipsae
913 2261 1434 2322 suntemortuze,et
1455 2252 1602 2315 meis
1615 2252 1913 2314 morsibus

273 2337 506 2404 debiles
526 2349 583 2401 et
603 2340 734 2401 sine
756 2357 934 2402 sensu
963 2340 1233 2404 redditae.
1259 2343 1330 2405 Et
1353 2340 1599 2404 Petrus:
1626 2341 1789 2419 Qum,
1812 2343 1909 2404 in-

273 2426 423 2508 quit,
451 2428 558 2490 fuit
582 2447 780 2509 causa,
804 2438 866 2490 ut
897 2429 1011 2491 hoc
1044 2428 1148 2491 tibi
1178 2437 1403 2493 tantum
1441 2429 1576 2491 mali
1601 2430 1728 2509 ipsa
1761 2449 1910 2492 con-

271 2517 503 2579 ferres?
549 2517 799 2597 lgnavia,
837 2518 1045 2598 inquit,
1080 2537 1190 2580 nec
1239 2518 1406 2580 aliud
1451 2518 1775 2600 quidquam
1814 2520 1909 2594 ;si

271 2607 430 2666 enim
453 2607 732 2668 fuissetin
759 2626 852 2670 me
877 2607 1096 2689 aliquid
1131 2609 1554 2689 virtutis,potui
1582 2607 1671 2669 vel
1698 2606 1910 2688 praeci-

270 2695 411 2774 pitia
443 2696 523 2757 uti
557 2697 640 2758 vel
673 2697 964 2775 profundo
994 2697 1440 2776 marisinjicere
1466 2697 1906 2778 memetipsum,

267 2794 326 2844 vt
359 2785 536 2846 finem
571 2787 714 2847 dare
739 2786 1047 2848 doloribus
1074 2787 1245 2850 meis.

353 2911 500 2976 XIV.
523 2915 669 2975 Tum
693 2915 924 2976 Petrus:
950 2912 1174 2991 Ecquid
1199 2912 1909 2992 putas,ait,mulier,quod

271 3001 368 3081 riui
398 3005 750 3082 semetipsos
791 3004 1110 3080 perimunt,
1133 3022 1164 3062 a
1195 3002 1504 3082 suppliciis
1535 3002 1913 3065 liberantur?

272 3094 381 3152 nisi
403 3093 540 3170 quia
566 3091 888 3171 majoribus
920 3093 1232 3172 subjacent
1256 3092 1444 3172 poenis
1469 3092 1683 3154 animae
1704 3111 1908 3154 eorum

2004 610 2148 672 tium
2209 613 2451 689 cogitavi
2471 659 2484 674 .

2086 700 2235 764 XVI.
2279 702 2396 764 Sed
2454 709 2517 761 ut
2566 701 2691 763 hac
2739 699 2821 761 ita
2871 699 3003 761 fieri
3058 709 3320 780 possent,
3350 702 3648 773 somnium

2005 791 2170 871 ﬁnxi,
2197 791 2369 869 quasi
2388 792 2699 852 assistenie
2728 789 2869 849 mihi
2895 809 3003 868 per
3032 789 3222 850 visum
3249 791 3505 869 quodam
3532 811 3646 853 nu-

2009 878 2166 940 mine
2198 889 2255 941 et
2281 880 2543 953 dicente,
2578 886 2640 940 ut
2679 877 2992 939 confestim
3028 897 3160 938 cum
3211 879 3467 956 geminis
3499 881 3650 942 meis

2003 967 2162 1031 Urbe
2188 969 2558 1032 discederem
2593 975 2650 1029 et
2672 967 2878 1030 tandiu
2907 967 3202 1040 abessem,
3228 968 3419 1030 donec
3448 969 3648 1031 redire

2006 1074 2100 1117 me
2137 1058 2266 1138 ipse
2317 1057 2706 1138 praeciperet;
2743 1056 2900 1138 quod
2935 1061 2982 1116 si
3029 1076 3148 1118 non
3192 1055 3476 1138 facerem,
3508 1077 3645 1120 cum

2003 1149 2209 1211 liberis
2241 1150 2520 1212 omnibus
2549 1169 2644 1210 me
2678 1149 2898 1230 pariter
2946 1149 3291 1228 perituram.
3342 1148 3412 1210 Et
3449 1150 3528 1211 ita
3558 1149 3648 1214 fa-

2004 1247 2160 1300 ctum
2189 1249 2296 1302 est.
2325 1239 2530 1302 Statim
2557 1239 2716 1300 enim
2752 1246 2814 1299 ut
2840 1237 3137 1298 somnium
3175 1238 3297 1298 viro
3347 1243 3639 1314 enarravi,

2003 1329 2296 1404 extimuit,
2325 1338 2378 1391 et
2404 1328 2643 1391 sociatis
2667 1326 2812 1388 mihi
2838 1326 3068 1388 duobus
3094 1326 3252 1407 filiis,
3280 1329 3465 1389 servis
3492 1349 3645 1410 quo-

2003 1435 2120 1497 que
2141 1428 2198 1477 et
2219 1418 2473 1498 ancillis,
2497 1417 2747 1496 pecunia
2777 1419 2954 1476 etiam
2989 1414 3318 1478 abundanti
3350 1417 3508 1498 data,
3537 1439 3645 1481 na-

2004 1507 2200 1584 vigare
2227 1508 2486 1570 Athenas
2505 1506 2677 1587 jubet
2708 1504 2812 1567 ubi
2845 1505 3022 1565 simul
3060 1515 3117 1566 et
3149 1506 3396 1568 erudire
3427 1507 3647 1570 liberos

2004 1613 2263 1672 possem,
2293 1615 2594 1668 mansura,
2622 1595 2836 1677 inquit,
2861 1593 2946 1657 ibi
2972 1613 3274 1676 usquequo
3299 1597 3487 1658 visum
3512 1598 3646 1660 fue-
3677 1627 3684 1638 ι

2001 1683 2076 1746 rit
2101 1687 2268 1767 eiqui
2290 1686 2571 1767 prmcepit
2599 1685 2789 1759 exire,
2819 1693 2879 1744 ut
2907 1683 3122 1746 redeas
3153 1685 3226 1745 ad
3255 1704 3384 1746 nos.
3417 1686 3647 1750 Interea

2001 1774 2278 1854 navigans
2313 1794 2433 1837 una
2463 1794 2598 1837 cum
2637 1773 2784 1836 meis
2817 1772 2967 1834 natis
3011 1782 3319 1835 ventorum
3367 1775 3647 1841 violentia

1941 1893 1976 1944 Β
1999 1861 2069 1922 ad
2096 1863 2422 1926 bosinfelix
2455 1862 2745 1925 nocturno
2768 1862 3070 1941 naufragio
3102 1864 3354 1944 depulsa
3384 1884 3511 1927 sum
3548 1868 3640 1930 lo-

1997 1970 2120 2032 cos,
2157 1961 2216 2014 et
2243 1972 2377 2015 cum
2401 1970 2612 2015 omnes
2641 1951 3007 2024 interissent,
3035 1963 3335 2032 arreptam
3372 1973 3467 2017 me
3500 1976 3641 2018 cru-

1996 2040 2191 2105 delem
2231 2061 2409 2125 supra
2431 2060 2636 2105 saxum
2669 2041 2967 2124 quoddam
2987 2043 3400 2106 vehementior
3430 2047 3646 2110 fluctus

1997 2131 2197 2210 ejecit,
2232 2131 2332 2193 ubi
2385 2151 2519 2195 cum
2569 2131 2845 2194 sederem
2895 2150 2961 2193 ea
3012 2132 3140 2193 sola
3191 2151 3298 2212 spe
3332 2152 3446 2214 qua
3480 2155 3646 2201 meos

1999 2239 2232 2298 possem
2255 2221 2407 2284 forte
2431 2229 2600 2284 natos
2621 2221 2981 2295 invenire,in
3013 2219 3372 2302 profundum
3403 2242 3498 2286 me
3523 2245 3640 2288 non

1996 2311 2382 2389 praecipitavi,
2421 2321 2560 2373 tunc
2593 2329 2728 2373 cum
2787 2309 2981 2373 adhuc
3045 2312 3386 2390 perturbata
3445 2316 3644 2378 anima

1997 2408 2053 2461 et
2082 2398 2392 2463 doloribus
2424 2400 2852 2481 ebriaifacere}
2882 2399 2994 2462 hoc
3051 2409 3108 2462 et
3157 2399 3498 2466 audebat‘et
3530 2423 3642 2486 po-

1996 2498 2166 2551 terat.

2076 2576 2258 2642 XVII.
2288 2578 2509 2641 Verum
2545 2579 2647 2644 ubi
2671 2581 2801 2643 dies
2851 2589 3092 2642 exortus
3126 2591 3241 2656 est,
3276 2591 3334 2644 et
3363 2602 3470 2664 ego
3503 2603 3638 2647 cum

1996 2671 2254 2730 clamore
2290 2678 2347 2730 et
2368 2669 2596 2731 ululatu
2629 2669 2955 2732 infelicium
2983 2679 3253 2732 natorum
3288 2673 3643 2755 circumspi-

1994 2775 2192 2820 cerem
2225 2758 2418 2820 sicubi
2455 2760 2545 2821 vel
2578 2760 2774 2840 ejecta
2818 2760 3042 2839 possim
3073 2762 3275 2824 videre
3320 2764 3636 2845 cadavera,

1999 2846 2378 2909 miseratione
2409 2849 2690 2911 commoti
2744 2848 2982 2929 quidam
3046 2867 3121 2910 ex
3169 2849 3260 2911 bis
3318 2870 3414 2913 me
3467 2853 3638 2915 vide-

1996 2937 2378 3017 rant,‘primo
2431 2956 2536 3020 per
2587 2938 2853 3018 pelagus,
2891 2945 3015 2999 tum
3051 2939 3229 2999 etiam
3259 2940 3415 3002 circa
3440 2941 3639 3004 littora

1998 3026 2417 3106 reqnirunthsi
2448 3045 2623 3108 quem
2668 3027 2819 3089 forte
2871 3027 2946 3089 de
2999 3028 3146 3090 meis
3195 3028 3519 3093 infantibus
3549 3033 3639 3094 in-

1998 3117 2290 3180 venirent.
2316 3114 2432 3180 Sed
2461 3115 2561 3178 ubi
2583 3136 2873 3198 nusquam
2899 3117 3056 3181 ullus
3087 3119 3360 3180 inventus
3380 3129 3488 3195 est,
3521 3122 3637 3183 mi-

267 3182 370 3261 qui
397 3182 509 3243 sibi
543 3183 685 3260 ipsis
718 3182 1020 3243 intulerint
1053 3201 1281 3246 manus.
1332 3185 1407 3244 At
1452 3182 1590 3245 illa:
1642 3182 1904 3264 Utinam,

1999 3215 2258 3268 serantes
2277 3225 2367 3266 me
2390 3205 2671 3269 mulieres
2687 3182 2803 3268 loci
2819 3208 3114 3269 consolari
3129 3217 3638 3291 cceperunt,enar-

267 3272 486 3378 inqvjt-
513 3272 843 3378 ISIUf’III’ihi
868 3281 1094 3378 εθνίυξη
1121 3272 1458 3372 ῆθτθίιίιίξίδ
1481 3273 1964 3378 '“uma'lima‘c
1992 3306 2194 3358 rantes
2215 3295 2462 3375 singulae
2492 3313 2629 3357 suas
2659 3314 2908 3378 quaeque
2941 3272 3240 3378 miserias;
3263 3305 3325 3358 ut
3360 3272 3636 3361 ex'simi-

267 3362 325 3420 In
346 3360 884 3468 inf?'{"?’_"be_"'e‘r
903 3362 1300 3468 ειπιῐνξθξῖίεξτθτ
1319 3361 1495 3468 cui“?
1524 3379 1726 3468 Mf“?
1750 3362 1906 3424 Ῑθτνθ
1989 3386 2242 3448 litudine
2271 3360 2984 3448 calamitatum'solatium
3013 3360 3290 3468 caperem
3316 3411 3332 3465 ;
3357 3388 3514 3468 quod
3545 3407 3638 3452 me

272 3452 480 3510 mortis
512 3451 708 3520 illatze,
743 3459 964 3512 tantum
999 3459 1058 3510 ut
1091 3451 1294 3512 dulces
1329 3451 1472 3512 mihi
1507 3461 1672 3511 natos
1698 3453 1903 3512 horam

266 3540 478 3602 saltem
516 3559 691 3601 unam
728 3539 1091 3604 viderem.Et
1121 3543 1327 3601 Petrus
1350 3562 1362 3603 :
1389 3541 1540 3613 Quid
1563 3549 1786 3603 tantum
1817 3541 1903 3603 is-

268 3634 370 3689 tud
398 3638 508 3701 est,
535 3630 687 3710 quod
717 3638 772 3690 te
797 3639 910 3688 tam
962 3629 1124 3709 gravi
1143 3631 1322 3691 afficit
1345 3630 1768 3704 tristitia,scire
1801 3649 1902 3692 ve-

268 3719 397 3779 lim.
430 3719 491 3779 Si
525 3718 683 3779 enim
719 3719 967 3779 duceres
1001 3737 1095 3778 me
1125 3737 1382 3789 causam,
1413 3737 1685 3800 poossem
1723 3720 1825 3782 tibi
1849 3728 1908 3782 et

263 3827 374 3884 ego
395 3809 700 3870 evidenter
723 3808 1062 3881 ostendere,
1087 3828 1119 3869 ο
1146 3809 1381 3890 mulier,
1405 3810 1559 3890 quod
1588 3811 1643 3870 in
1670 3810 1904 3872 inferno

262 3898 457 3957 vivant
489 3898 723 3970 animae,
751 3908 807 3958 et
836 3916 940 3978 pro
966 3899 1290 3979 prmcipitio
1330 3901 1414 3961 vel
1444 3900 1734 3979 profundo
1769 3918 1899 3981 pos-

262 4005 388 4048 sem
425 3988 525 4048 tibi
558 3987 700 4049 dare
733 3987 1229 4050 medicamentum
1253 3987 1515 4068 aliquod,
1538 3997 1600 4048 ut
1621 3988 1750 4051 sine
1772 4007 1904 4050 cru-

259 4077 418 4138 ciatu
448 4077 640 4139 valeas
677 4078 844 4138 vitam
878 4079 1072 4139 linire.

342 4191 460 4254 XV.
491 4191 656 4254 Tunc
683 4193 895 4254 mulier
917 4193 1312 4273 promissione
1337 4195 1444 4255 hac
1467 4202 1768 4273 gratanter
1797 4215 1900 4256 ac-

260 4292 432 4362 cepta
461 4283 640 4361 cmpit
670 4284 871 4344 dicere
901 4301 914 4344 :
941 4282 1139 4345 Genus
1171 4284 1410 4360 quidem
1445 4283 1591 4344 mihi
1627 4293 1684 4346 et
1719 4287 1902 4362 patria

262 4391 395 4455 qum
416 4373 631 4445 sit,nec
653 4373 817 4434 credi
846 4374 1160 4451 facile,nec
1182 4373 1300 4434 dici
1319 4375 1716 4435 necessarium
1737 4385 1896 4456 puto,

262 4463 366 4524 sed
403 4481 638 4522 causam
675 4471 904 4523 tantum
939 4463 1157 4523 sufficit
1188 4463 1410 4523 doloris
1441 4481 1763 4542 exponere,
1799 4482 1906 4525 cur

265 4550 562 4613 morsibus
579 4553 726 4612 meis
741 4570 904 4614 meas
920 4552 1042 4632 ipsa
1056 4551 1286 4614 debiles
1299 4553 1661 4614 reddiderim
1680 4571 1902 4614 manus.

261 4641 380 4716 Ego
411 4643 716 4720 generosis
749 4653 873 4702 ortu
906 4640 1250 4720 parentibus
1283 4649 1340 4701 et
1375 4644 1629 4719 potentis
1657 4643 1900 4724 adaeque
1927 4684 1966 4730 ο

257 4732 364 4792 viri
398 4735 605 4793 sortita
653 4731 1120 4810 matrimi-nium,
1153 4731 1308 4793 duos
1359 4732 1594 4812 suscepi
1627 4734 1901 4810 geminos

259 4820 481 4881 libi-ros
514 4830 570 4880 et
605 4830 733 4900 post
765 4819 870 4879 hos
910 4840 1089 4880 unum
1142 4821 1347 4884 alium.
1397 4821 1511 4882 Sed
1559 4821 1740 4883 frater
1790 4821 1895 4885 viri

261 4910 380 4970 mei
406 4909 610 4970 illicito
638 4914 693 4969 in
730 4927 821 4968 me
854 4927 1056 4970 amore
1089 4911 1470 4972 vehementer
1500 4911 1897 4989 exarsit,mihi

256 5009 457 5060 autem
483 5019 614 5059 cum
649 5017 830 5078 super
859 5000 1058 5060 omnia
1103 5017 1242 5062 cura
1291 5008 1449 5060 esset
1480 4999 1804 5078 pudicitiae,
1840 5009 1896 5064 et

256 5106 451 5169 neque
471 5093 630 5148 tanto
653 5087 866 5148 sceleri
891 5089 1273 5168 acquiescere
1298 5107 1491 5168 neque
1525 5089 1649 5150 viro
1681 5091 1892 5153 vellem

256 5177 546 5254 flagitium
579 5176 774 5237 fratris
802 5177 1056 5255 aperire,
1094 5178 1343 5257 cogitavi
1376 5187 1671 5259 quatenus
1701 5189 1757 5240 et
1789 5198 1895 5258 ego

255 5267 565 5346 impolluta
597 5268 936 5341 evaderem,
967 5276 1024 5326 et
1077 5266 1314 5329 fratrem
1351 5267 1660 5329 inimicum
1697 5279 1755 5331 et
1785 5269 1858 5330 ho

255 5366 409 5417 stem
437 5374 553 5416 non
580 5355 838 5416 facerem
865 5357 1055 5436 fratri,
1085 5376 1159 5419 ne
1181 5377 1370 5436 genus
1387 5375 1564 5418 omne
1588 5358 1742 5437 quod
1769 5368 1898 5420 erat

257 5444 474 5506 nobilis
493 5444 729 5505 familiae
753 5445 810 5504 in
837 5441 1224 5524 Opprobrium
1259 5448 1486 5508 darem.
1524 5447 1718 5510 Patria
1753 5466 1897 5524 ergo

253 5544 310 5597 et
335 5532 483 5595 urbe
504 5553 635 5593 cum
658 5533 772 5594 duo
789 5533 896 5594 bus
920 5534 1066 5595 meis
1085 5537 1338 5615 geminis
1360 5537 1669 5597 discedere
1694 5539 1893 5612 statui,

256 5623 449 5708 donec
501 5624 760 5684 incestus
804 5642 976 5685 amor
1021 5628 1495 5708 conquiesceret,
1531 5645 1708 5707 quem
1744 5625 1895 5688 forte

257 5707 588 5796 prmsentim
621 5732 768 5775 mea:
787 5715 1051 5794 palpare!
1084 5726 1141 5778 et
1160 5707 1564 5779 inflammaret.
1591 5726 1891 5796 aspectus;

1992 3476 2175 3553 magis
2201 3473 2612 3553 contristabat,
2637 3493 2756 3536 non
2787 3475 2948 3537 enim
2981 3477 3095 3537 tale
3124 3477 3269 3538 mihi
3301 3487 3428 3540 erat
3459 3478 3630 3558 inge-

1993 3563 2266 3644 nium,ut
2288 3562 2542 3624 aliorum
2580 3564 2731 3625 mala
2765 3583 2897 3625 mea
2928 3583 3059 3626 esse
3090 3565 3297 3626 solatia
3324 3567 3632 3630 ducerem.

1991 3651 2058 3714 Et
2084 3671 2218 3714 cum
2251 3670 2346 3713 me
2375 3652 2574 3738 multa:
2605 3653 2858 3734 hospitio
2881 3663 3171 3735 cuperent
3195 3657 3494 3736 recipere,
3518 3675 3635 3720 una

1990 3743 2258 3823 quaedam
2287 3742 2652 3823 paupercula
2673 3743 2770 3806 hic
2793 3744 3068 3808 habitans
3099 3745 3342 3807 extorsit
3367 3747 3509 3808 mihi
3537 3756 3632 3808 tu-

1988 3831 2156 3911 gurio
2213 3832 2341 3912 ejus
2389 3833 2738 3903 succedere,
2777 3833 2981 3894 dicens
3047 3833 3229 3896 fuisse
3288 3833 3400 3896 sibi
3445 3836 3632 3897 virum

1991 3929 2228 3982 nautam
2254 3939 2510 4002 eumque
2529 3921 2589 3982 in
2627 3921 2776 3983 mari
2803 3921 3243 3985 adolescentem
3264 3923 3629 4007 defunctum,

1987 4010 2224 4093 sibique
2247 4031 2315 4074 ex
2340 4030 2409 4072 eo
2431 4011 2533 4074 die
2557 4031 2690 4073 cum
2719 4012 2888 4074 multi
2930 4031 3061 4075 eam
3099 4013 3374 4094 accipere
3409 4015 3466 4074 in
3497 4017 3639 4076 cen-

1976 4102 2204 4182 jugium
2229 4108 2753 4180 cuperent,amore
2775 4102 2887 4164 viri
2909 4103 3257 4166 viduitatem
3284 4103 3468 4165 fuisse
3493 4108 3632 4166 cha-

1987 4193 2230 4254 riorem.
2259 4190 2450 4252 Erunt
2472 4208 2635 4268 ergo,
2659 4193 2879 4272 inquit,
2905 4193 3078 4254 nobis
3102 4194 3634 4274 commnuia,quae-

1983 4299 2217 4362 cunque
2249 4279 2524 4342 manibus
2556 4281 2777 4344 nostris
2801 4291 3116 4361 operantes
3147 4299 3418 4361 quaerere
3450 4292 3623 4362 pote-

1988 4373 2195 4433 rimus.

2067 4458 2273 4525 XVIII.
2320 4458 2388 4521 Et
2421 4478 2497 4521 ne
2547 4459 2720 4536 longa
2761 4478 2827 4521 ac
2874 4458 3069 4522 minus
3105 4459 3235 4522 utili
3291 4459 3629 4522 narratione

1990 4559 2143 4629 utar,
2169 4549 2424 4610 libenter
2458 4549 2714 4611 habitavi
2739 4568 2872 4612 cum
2902 4568 2971 4610 ea
3002 4557 3248 4630 propter
3269 4550 3540 4610 affectum
3569 4551 3627 4610 fi-

1986 4641 2081 4700 dei
2107 4660 2283 4722 quam
2307 4648 2643 4702 servaverat
2664 4639 2811 4699 viro;
2837 4637 2952 4702 Sed
2992 4658 3108 4700 non
3132 4639 3315 4700 multo
3337 4648 3463 4720 post
3487 4639 3629 4700 mihi

1987 4729 2232 4805 infelici,
2269 4729 2539 4791 lacerata;
2563 4727 2786 4791 dudum
2820 4727 3140 4809 morsibus,
3176 4728 3454 4790 resolutae
3489 4739 3628 4790 sunt

1988 4838 2218 4895 manus,
2250 4827 2309 4882 et
2338 4819 2436 4880 illa
2468 4834 2602 4899 quae
2636 4835 2731 4878 me
2769 4827 3138 4896 susceperat,
3179 4819 3432 4880 incurrit
3464 4837 3627 4900 para-

1983 4910 2131 4992 lysin
2146 4908 2378 4972 etdomi
2399 4907 2458 4970 in
2475 4907 2814 4987 lectojacet.
2833 4907 3072 4971 Illarum
3092 4915 3288 4970 autem
3309 4909 3623 4972 mulierum

1983 5019 2114 5080 quae
2174 4998 2340 5080 prius
2400 4996 2859 5079 miserabantur,
2921 4997 3145 5060 refrixit
3205 4997 3481 5079 affectus;
3519 5016 3627 5058 nos

1981 5090 2169 5152 ambae
2195 5088 2444 5158 debiles,
2485 5105 2592 5166 ego
2628 5086 2880 5149 ut'vides
2934 5088 3113 5149 sedeo
3147 5089 3358 5169 stipem
3396 5097 3624 5168 petens,

1983 5180 2112 5241 etsi
2145 5177 2282 5259 quid
2315 5177 2469 5239 forte
2513 5177 2804 5256 quaesiero
2857 5177 2921 5240 fit
2952 5196 3110 5240 unus
3142 5177 3391 5240 duarum
3423 5173 3623 5238 infeli-

1982 5271 2135 5329 cium
2164 5267 2353 5328 cibus.
2393 5267 2547 5329 Ecce
2569 5266 2693 5346 jam
2725 5285 2854 5348 quae
2901 5287 3030 5329 mea
3076 5281 3216 5330 sunt
3261 5267 3627 5329 sufficienter

1980 5356 2216 5428 audisti,
2246 5363 2306 5416 tu
2333 5373 2488 5416 nunc
2510 5355 2650 5434 quid
2678 5358 2929 5420 moraris
2953 5358 3203 5440 implere
3225 5356 3384 5437 quod
3408 5356 3624 5436 promi-

1980 5465 2169 5520 seras,
2200 5454 2260 5506 et
2289 5445 2431 5505 dare
2465 5444 2966 5508 medicamentum
3021 5466 3138 5527 quo
3185 5446 3371 5526 possit
3398 5444 3625 5525 absque

1979 5535 2266 5604 cruciatu,
2295 5541 2355 5592 ut
2386 5533 2496 5607 ais,
2522 5544 2771 5616 utraque
2805 5543 3072 5597 nostrum
3106 5534 3470 5602 miserabilis
3495 5535 3624 5596 vitae

1978 5635 2198 5687 sortem
2233 5622 2407 5684 finire
2431 5628 2460 5686 ?
3363 5641 3366 5644 ’

2058 5711 2208 5778 XIX.
2233 5711 2368 5776 Haec
2391 5713 2630 5778 dicente
2656 5713 2929 5796 muliere,
2962 5714 3143 5806 multa
3164 5713 3376 5794 Petrus
3397 5715 3587 5806 cogita
3609 5751 3620 5806 -_
