4058 6206
477 297 630 363 1863

1305 298 1365 359 S.
1409 293 1848 359 EEMENTIS
1889 296 1913 357 Ι
1958 295 2139 356 ROM.

2190 295 2411 357 PONT.
2462 296 2707 359 OPERA
2753 298 3005 360 DUBIA.
3694 301 3853 365 1364

479 433 637 496 tione
666 433 985 519 distractus
1012 434 1172 497 velut
1199 432 1485 495 attonitus
1511 429 1722 511 stabat,
1751 438 1807 492 et
1831 449 1937 509 ego
1970 430 2106 493 Cle-
2130 436 2168 485 Α
2273 428 2453 492 XXII.
2491 428 2559 491 Et
2577 438 2786 493 tenens
2834 449 3071 493 manum
3104 433 3235 512 ejus
3262 435 3481 496 Petrus
3512 436 3858 499 adducebat

481 541 653 586 mens
704 522 1156 607 superveniens,
1192 521 1455 595 Dudum,
1483 522 1752 602 inquam,
1780 538 1886 600 per
1924 521 2123 607 omnia

480 612 825 675 discurrens
856 612 1191 694 quaerebam
1243 622 1323 687 te,
1352 618 1412 673 et
1441 628 1601 671 nunc
1654 609 1791 689 quid
1824 608 2072 669 facimus
2094 606 2124 666 ?

464 703 557 773 At
577 703 679 764 ille
701 703 980 785 praecepit
1002 700 1149 764 mihi
1172 709 1236 762 ut
1252 703 1324 763 ad
1343 699 1670 761 naviculam
1693 698 2119 780 przecederem,

479 790 561 854 ibi
593 810 711 867 me,
745 792 961 874 inquit,
981 791 1281 872 opperire,
1308 798 1367 851 et
1397 790 1536 870 quia
1566 787 1897 852 contradici
1927 789 1981 850 ei
2004 806 2121 849 non

480 890 731 963 poterat,
768 881 923 963 quod
965 881 1146 960 jussit
1194 879 1457 961 implevi.
1494 880 1626 957 Ipse
1684 896 1843 939 vero.
1879 888 1941 939 ut
1976 877 2121 940 mihi

482 979 695 1032 cuncta
718 971 1011 1051 posterius
1034 968 1705 1049 enarravit,suspicione
1722 968 1972 1048 quadam
1993 968 2121 1047 pul-

480 1067 643 1123 satus
679 1060 1019 1139 requirebat
1039 1079 1071 1121 a
1098 1058 1351 1121 muliere
1370 1075 1558 1137 genus
1582 1064 1641 1119 et
1666 1056 1914 1137 patriam
1937 1057 2115 1118 simul

480 1156 539 1210 et
567 1150 807 1211 nomina
838 1149 1121 1221 ﬁliorum,
1160 1166 1291 1228 quae
1322 1149 1373 1207 si
1406 1146 1575 1219 mihi,
1611 1146 1833 1226 inquit,
1870 1145 2111 1219 dixeris,

476 1236 628 1300 dabo
659 1238 942 1302 continuo
998 1235 1521 1299 medicamentum.
1556 1235 1633 1296 At
1667 1235 1768 1296 illa
1796 1234 1966 1314 quasi
1995 1235 2111 1295 vim

477 1328 802 1402 sustinens,
826 1326 967 1409 quia
998 1344 1193 1407 neque
1227 1326 1394 1388 lateri
1421 1326 1547 1386 haec
1578 1323 1811 1387 volebat
1842 1332 1897 1385 et
1931 1323 2113 1384 medi-

475 1419 729 1480 camenti
761 1417 976 1497 cupida
1016 1424 1168 1489 erat,
1208 1415 1375 1477 ﬁnxit
1420 1414 1534 1476 alia
1576 1432 1646 1475 ex
1678 1413 1833 1487 aliis,
1860 1421 1916 1473 et
1946 1414 2028 1473 ait
2052 1431 2116 1473 se

473 1505 715 1584 quidem
747 1524 878 1568 esse
901 1506 1245 1587 Ephesiam,
1272 1505 1457 1565 virum
1488 1511 1684 1564 autem
1712 1501 2114 1574 Siculum,sed

474 1604 535 1658 et
554 1595 809 1657 ﬁliorum
837 1596 1077 1656 nomina
1095 1590 1891 1657 similiterimmutavit.Tum
1906 1590 2117 1654 Petrus

2207 536 2334 581 eam
2368 524 2436 580 ad
2470 538 2699 581 navem.
2736 519 2921 593 Quem
2953 540 3062 598 ego
3102 522 3312 583 videns
3338 542 3576 584 manum
3604 526 3851 589 dantem

2208 608 2443 671 mulieri
2467 610 2666 672 ridere
2692 610 2869 691 C(Bpi.
2897 611 3193 673 accedens
3217 616 3413 675 tamen
3442 615 3689 676 honoris
3723 618 3853 696 ejus

2206 697 2533 779 gratia,pro
2559 699 2686 779 ipso
2711 699 2863 778 ccepi
2888 700 3039 762 velle
3063 702 3361 781 subjicere
3388 722 3627 765 manum
3656 724 3851 767 meam

2207 794 2264 848 et
2294 796 2627 850 sustentare
2687 788 2993 852 mulierem
3025 814 3040 865 ;
3075 791 3249 852 simul
3279 800 3475 853 autem
3512 804 3577 853 ut
3606 812 3851 857 manum

2206 878 2336 956 ejus
2384 880 2626 959 cuntigi,
2656 879 2881 941 ululatu
2917 880 3143 959 ingenti
3177 882 3410 944 reddito
3444 884 3501 943 in
3535 885 3853 963 amplexus

2206 984 2369 1027 meos
2392 967 2586 1037 irruit,
2614 976 2671 1029 et
2695 970 2976 1031 maternis
3001 988 3095 1031 me
3113 972 3444 1032 consectari
3469 974 3691 1034 osculis
3726 994 3850 1038 cce-

2202 1056 2305 1134 pit.
2342 1058 2418 1119 At
2446 1076 2552 1136 ego
2586 1057 2865 1136 ignorans
2904 1078 3083 1120 omne
3134 1061 3435 1139 negotium
3474 1065 3641 1142 quasi
3678 1064 3847 1128 insa-

2200 1142 2464 1206 nientem
2489 1146 2798 1207 mulierem
2816 1147 3204 1227 repellebam,
3227 1148 3401 1210 simul
3428 1157 3650 1230 et,cum
3682 1173 3847 1215 vere-

2198 1232 2414 1292 cundia
2449 1234 2605 1314 licet,
2639 1235 2990 1315 indignabar
3027 1245 3226 1300 tamen
3256 1239 3701 1319 quodammodo
3744 1245 3850 1305 ad-

2198 1336 2435 1381 versum
2468 1324 2731 1388 Petrum.

2280 1408 2479 1475 XXIII.
2514 1412 2585 1473 At
2617 1413 2756 1475 ille:
2798 1414 3039 1488 Desine,
3072 1416 3282 1496 inquit,
3318 1416 3457 1496 quid
3490 1420 3640 1497 agis,
3671 1440 3706 1481 o
3764 1422 3848 1484 ﬁli

2200 1499 2530 1563 Clemens?
2558 1502 2677 1564 noli
2725 1504 3021 1583 repellere
3053 1512 3207 1567 tuam
3240 1516 3514 1569 matrem.
3550 1508 3678 1586 Ego
3710 1530 3851 1572 vero

2203 1588 2302 1650 ubi
2334 1590 2456 1651 haec
2481 1591 2699 1671 audivi,
2726 1592 3007 1655 continuo
3038 1594 3309 1675 lacrymis
3334 1598 3596 1659 suffusus
3613 1603 3852 1663 concidi

473 1693 687 1765 putans
709 1702 837 1746 eam
873 1702 1074 1747 verum
1106 1682 1495 1772 respondisse,
1512 1681 1629 1745 ait:
1664 1680 1791 1772 Heu
1821 1682 1834 1741 !
1873 1682 2111 1772 mulier,
2140 1724 2175 1772 Β
2203 1696 2379 1772 supra
2405 1681 2704 1772 jacentem
2742 1691 2984 1772 matrem
3010 1694 3067 1745 et
3094 1686 3347 1746 osculari
3387 1705 3515 1748 eam
3549 1690 3735 1769 caspi.
3763 1689 3854 1753 Si-

474 1774 1236 1856 putabam,inquit,grande
1264 1771 1501 1849 aliquod
1526 1771 1803 1849 gaudium
1827 1770 2114 1832 hodierna
2140 1769 2165 1772 ’ί
2198 1769 2318 1828 mul
2351 1770 2509 1830 enim
2543 1780 2607 1831 ut
2628 1771 2848 1843 audivi,
2876 1774 3155 1853 paulatim
3182 1774 3407 1837 vultum
3434 1778 3563 1852 ejus
3586 1797 3845 1841 revoca-

470 1863 644 1925 nobis
661 1862 759 1925 die
785 1865 1102 1944 oriturum,
1128 1862 1478 1944 suspicabar
1498 1862 1656 1923 enim
1679 1869 1735 1923 te
1760 1878 1888 1922 esse
1911 1879 2114 1941 quam-

470 1952 604 2016 dam
639 1953 975 2032 mulierem,
1012 1953 1085 2015 de
1120 1970 1237 2033 qua
1269 1951 1487 2013 similia
1516 1952 1789 2032 quaedam
1820 1968 2011 2031 nuper
2042 1950 2111 2011 ad

472 2042 650 2104 ﬁdem
683 2042 888 2105 didici.
922 2044 1001 2106 At
1031 2042 1128 2104 illa
1158 2040 1467 2123 adjurabat
1493 2058 1628 2102 eum
1663 2040 1914 2102 dicens:
1950 2038 2112 2119 Rogo

471 2139 527 2195 te
549 2142 615 2196 ut
637 2132 870 2196 indices
902 2132 1048 2194 mihi
1078 2150 1209 2213 qua)
1230 2132 1341 2192 ista
1358 2129 1453 2207 sit,
1479 2142 1546 2191 ut
1571 2130 1779 2203 sciam,
1807 2129 1856 2189 si
1881 2137 1968 2191 est
1994 2129 2112 2190 ulla

470 2221 627 2282 inter
658 2221 941 2284 mulieres
964 2239 1058 2283 me
1087 2219 1407 2282 infelicior.

548 2311 687 2375 XX.
706 2309 855 2373 Tum
877 2310 1087 2373 Petrus
1116 2309 1322 2371 fallere
1353 2307 1629 2371 nesciens
1650 2315 1707 2369 et
1730 2306 2114 2369 miseratione

471 2409 807 2462 commotus
830 2401 1010 2481 coepit
1034 2401 1257 2461 dicere:
1273 2396 1376 2460 Est
1396 2397 1636 2478 quidam
1659 2395 2010 2458 adolescens
2027 2398 2085 2458 in

472 2496 562 2551 ter
591 2507 695 2551 eos
719 2490 819 2572 qui
853 2507 947 2552 me
979 2496 1311 2571 sequuntur
1339 2485 1648 2566 religionis
1688 2494 1745 2547 et
1775 2494 1951 2547 sectae
1973 2504 2110 2565 gra—

468 2578 880 2661 tia,Romanus
902 2578 1177 2660 civis,qui
1202 2577 1346 2639 milii
1368 2576 1668 2640 enarravit
1698 2574 1855 2656 quod
1884 2585 2107 2654 patrem

468 2667 743 2732 habuerit
767 2677 825 2732 et
846 2669 996 2731 duos
1026 2668 1297 2749 geminos
1327 2667 1562 2741 fratres,
1582 2684 1653 2728 ex
1675 2666 1889 2747 quibus
1914 2664 2112 2726 nullus

466 2762 520 2821 ei
544 2766 840 2841 superest.
865 2760 1081 2834 Mater,
1103 2757 1456 2839 inquit,mea
1477 2756 1634 2819 sicut
1654 2775 1689 2817 a
1712 2761 1877 2836 patre
1900 2754 2109 2833 didici,

465 2850 766 2911 somnium
797 2848 964 2921 vidit,
1000 2856 1062 2909 ut
1087 2850 1353 2909 Romana
1380 2844 1526 2907 urbe
1555 2845 1627 2906 ad
1663 2854 1895 2922 tempus
1927 2861 2105 2905 exce-

468 2938 638 3001 deret
669 2957 803 3000 cum
836 2936 1071 2999 duobus
1101 2936 1356 3017 geminis
1401 2935 1573 3009 natis,
1604 2952 1679 2995 ne
1712 2934 1861 2996 forte
1888 2932 2107 2994 exitiali

2200 1857 2330 1917 bam
2365 1859 2433 1917 ad
2471 1861 2817 1921 memoriam
2857 1872 2913 1923 et
2963 1866 3159 1924 notior
3211 1866 3354 1925 mihi
3390 1867 3646 1929 intuenti
3682 1877 3844 1931 tanto

2199 1948 2384 2038 magis
2412 1948 2609 2011 ﬁebat.
2648 1949 2952 2012 Multitudo
2999 1952 3238 2014 interim
3272 1956 3669 2019 conveniebat
3703 1959 3843 2038 plu-

2197 2036 2628 2116 rima,audiens
2646 2042 2801 2119 quod
2820 2041 3036 2103 mulier
3051 2061 3181 2122 quae
3200 2044 3269 2103 ad
3287 2045 3499 2124 stipem
3520 2036 3837 2124 petendam

2200 2126 2472 2217 sedebat,
2512 2130 2812 2205 recognita
2853 2141 3009 2193 esset
3052 2149 3086 2191 a
3122 2132 3243 2194 ﬁlio
3273 2153 3379 2195 suo
3426 2136 3550 2196 viro
3583 2138 3844 2217 quodam

2202 2215 2379 2280 bono.
2421 2219 2488 2280 Et
2521 2236 2655 2279 cum
2688 2219 2942 2281 velimus
2971 2222 3283 2283 confestim
3318 2215 3637 2304 enavigare
3660 2246 3730 2289 ex
3765 2233 3851 2289 ln-

2199 2306 2351 2387 sula,
2383 2313 2575 2370 mater
2597 2313 2677 2368 ait
2696 2310 2765 2369 ad
2801 2328 2895 2370 me
2923 2328 2935 2373 :
2962 2309 3069 2372 Fili
3113 2310 3482 2385 dulcissime,
3507 2325 3743 2378 rectum
3762 2326 3851 2379 est

2201 2404 2263 2456 ut
2284 2396 2605 2458 valedicam
2630 2398 2995 2460 muliercula:
3010 2418 3142 2480 quae
3156 2420 3249 2463 me
3272 2404 3665 2483 suscepit,est
3684 2409 3844 2467 enim

2198 2503 2377 2565 egens
2402 2494 2459 2547 et
2492 2489 2702 2569 paralyt
2721 2490 2831 2562 ica,
2849 2489 3058 2568 jacens
3081 2491 3139 2551 in
3159 2491 3397 2556 lectulo.
3424 2494 3659 2566 Quibus
3683 2498 3845 2559 audi-

2200 2576 2273 2637 tis
2297 2575 2502 2638 Petrus
2519 2586 2575 2638 et
2606 2596 2815 2639 omnes
2836 2579 2935 2660 qui
2959 2579 3231 2663 aderant,
3252 2583 3526 2645 admirati
3545 2596 3690 2649 sunt
3725 2586 3835 2648 bo-

2196 2666 2436 2726 nitatem
2468 2684 2535 2727 ac
2565 2666 2940 2747 prudentiam
2974 2669 3231 2751 feminzn,
3253 2681 3314 2732 et
3343 2675 3634 2736 continuo
3660 2677 3838 2755 jussit

2195 2756 2405 2817 Petrus
2431 2755 2596 2817 abire
2626 2758 2913 2837 quosdam
2948 2767 3003 2819 et
3038 2759 3272 2823 deferre
3305 2763 3618 2825 mulierem
3657 2768 3713 2826 in
3751 2767 3837 2828 le-

2194 2844 2350 2905 ctulo
2386 2844 2486 2906 ubi
2509 2846 2770 2926 jacebal.
2797 2846 3066 2924 Cumque
3088 2850 3294 2912 fuisset
3322 2852 3497 2914 allata
3528 2863 3585 2915 et
3618 2855 3679 2915 in
3714 2875 3834 2918 me-

2193 2932 2289 2994 dio
2323 2934 2507 2997 turbae
2558 2937 2801 2997 astantis
2849 2938 3059 3019 posita,
3094 2939 3151 3000 in
3197 2955 3520 3019 conspectu
3566 2946 3833 3007 omnium

466 3027 714 3091 interitu
734 3014 1252 3109 deperirent;'quaa
1275 3043 1408 3087 cum
1424 3023 1797 3085 discessisset
1817 3042 2103 3104 nusquam
2126 3014 2167 3066 ε
2196 3026 2407 3086 Petrus
2424 3024 2505 3085 ait
2530 3043 2542 3087 :
2570 3026 2633 3089 Si
2664 3014 2933 3088 verita-tis
2964 3014 3071 3107 ego
3089 3044 3231 3089 sum
3255 3014 3468 3110 praeco,
3496 3034 3571 3093 ad
3614 3036 3835 3096 conﬁr-

465 3124 757 3180 terrarum
812 3118 966 3179 ultra
1014 3115 1367 3195 comparuit.
1425 3112 1599 3177 Pater
1638 3132 1777 3175 vero
1808 3132 1953 3175 suus
1982 3124 2111 3195 post

464 3206 591 3268 haec
621 3206 693 3268 ad
726 3204 1174 3287 inquisitionem
1195 3203 1398 3267 uxoris
1424 3222 1493 3265 ac
1517 3202 1777 3265 ﬁliorum
1812 3202 2109 3284 profectus

464 3312 573 3359 nec
604 3295 734 3377 ipse
767 3296 1093 3359 invenitur.

541 3384 688 3449 XXI.
721 3384 859 3450 Haec
895 3404 1030 3448 cum
1061 3385 1312 3447 dixisset
1340 3386 1574 3456 Petrus,
1612 3382 1829 3444 mulier
1862 3390 2107 3463 stupore

460 3492 745 3556 percussa
793 3475 1042 3538 corruit.
1088 3476 1236 3537 Tum
1288 3471 1495 3535 Petrus
1547 3471 1855 3533 continere
1886 3489 2015 3533 eam
2044 3484 2103 3534 et

460 3564 764 3628 consolari
791 3565 994 3646 erepit,
1020 3582 1090 3626 ac
1114 3562 1424 3644 requirere
1444 3559 1585 3642 quid
1610 3568 1768 3622 esset
1790 3578 1983 3622 causae
2002 3569 2100 3622 ant

460 3654 601 3737 quid
632 3662 959 3737 pateretur.
1000 3654 1068 3717 At
1097 3653 1200 3715 illa
1225 3653 1318 3714 vix
1340 3651 1659 3732 aliquando
1693 3651 1963 3731 spiritum
1998 3669 2100 3711 re-

461 3762 701 3825 vocans,
735 3762 804 3806 ae
835 3746 1216 3825 semetipsam
1272 3741 1345 3802 ad
1390 3740 1589 3820 gaudii
1642 3740 1793 3819 quod
1828 3741 2103 3819 sperabat

462 3833 929 3913 magnitudinem
950 3850 1236 3913 reparans
1256 3830 1554 3908 simulque
1566 3827 1839 3889 affricans
1853 3829 2101 3905 vultum,

460 3923 599 3997 Hic,
624 3924 833 4004 inquit,
858 3931 947 3984 est
987 3941 1163 4003 quem
1189 3921 1339 3984 dicis
1367 3917 1757 3981 adolescens?
1786 3920 1864 3981 At
1895 3920 2103 3982 Petrus

462 4010 563 4074 ubi
587 4030 712 4075 rem
740 4012 1059 4085 intellexit,
1086 4010 1211 4083 Dic,
1240 4009 1454 4090 inquit,
1482 4008 1629 4069 mihi
1672 4015 1729 4069 tu
1755 4008 1938 4087 prior,
1966 4026 2099 4070 nam

462 4101 665 4164 videre
684 4119 820 4164 eum
840 4120 956 4163 non
992 4100 1235 4181 poteris.
1262 4100 1413 4162 Tum
1438 4096 1535 4159 illa
1561 4118 1574 4160 :
1598 4095 2101 4178 Ego,inquit,sum

2197 3114 2473 3175 mandatu
2520 3114 2695 3176 ﬁdem
2748 3119 2960 3177 horum
3003 3118 3266 3179 omnium
3307 3120 3404 3201 qui
3437 3124 3744 3196 assistunt,
3780 3136 3840 3186 ut

2195 3202 2384 3264 sciant
2408 3213 2465 3263 ct
2488 3206 2730 3267 credant
2750 3205 2888 3285 quia
2912 3225 3064 3269 unus
3082 3218 3172 3267 est
3197 3207 3351 3269 Deus
3374 3210 3473 3291 qui
3498 3213 3718 3273 coelum
3748 3215 3839 3275 fe-

2195 3291 2273 3352 cit
2304 3310 2369 3354 ac
2399 3302 2640 3368 terram,
2678 3295 2735 3354 in
2782 3300 3020 3357 nomine
3066 3294 3208 3358 Jesu
3253 3300 3468 3360 Christi
3508 3300 3643 3363 Filii
3678 3305 3834 3383 ejus,

2192 3395 2394 3461 surgat
2417 3384 2542 3444 haec
2567 3384 2804 3445 mulier.
2834 3383 2902 3445 Et
2929 3387 3121 3447 statim
3158 3395 3218 3447 ut
3248 3389 3371 3450 haec
3396 3389 3665 3470 dixisset,
3692 3412 3831 3454 sur-

2189 3472 2337 3533 rexit
2360 3489 2507 3532 sana
2531 3482 2587 3533 et
2613 3472 2863 3551 procidit
2881 3477 2953 3535 ad
2981 3475 3164 3554 pedes
3185 3475 3554 3558 Petri,atque
3576 3482 3828 3543 amicam

2186 3579 2352 3622 suam
2385 3580 2450 3622 ac
2487 3561 2839 3623 familiarem
2872 3564 3094 3625 osculis
3118 3574 3349 3644 petens,
3371 3570 3832 3646 percontabatur

2187 3651 2259 3712 ab
2292 3668 2361 3712 ea
2394 3651 2532 3731 quid
2590 3652 2747 3712 istud
2798 3663 2959 3713 esset
3002 3656 3243 3733 negotii.
3297 3656 3370 3717 At
3400 3657 3502 3717 illa
3573 3658 3834 3722 breviter

2188 3760 2424 3803 omnem
2449 3741 2503 3803 ei
2529 3741 2798 3802 ordinem
2822 3744 3136 3820 agnitionis
3160 3747 3545 3825 exposuit,ita
3570 3752 3823 3812 utetiam

2193 3830 2377 3891 turbas
2407 3838 2669 3891 astantes
2702 3831 3080 3894 mirarentur.

2270 3919 2478 3984 XXIV.
2505 3920 2654 3981 Tum
2682 3920 2885 3982 Petrus
2904 3923 3027 4001 (42)
3053 3922 3128 3983 de
3153 3924 3269 3984 ﬁde
3293 3926 3402 3988 Dei
3424 3944 3491 3988 ac
3524 3929 3831 4009 religionis

2190 4010 2663 4100 institutis,quod
2679 4010 2751 4071 ad
2764 4011 3261 4091 sejpertinehatjn
3280 4024 3571 4094 quantum
3592 4028 3827 4100 tempus

2191 4099 2525 4181 patiebatur
2548 4100 2781 4161 locutus
2805 4100 2875 4159 ad
2903 4100 3129 4172 turbas,
3153 4101 3314 4164 addit
3338 4106 3515 4167 etiam
3538 4108 3675 4187 hoc,
3705 4121 3763 4169 ut
3782 4110 3828 4170 si

462 4191 861 4255 adolescentis
884 4195 1098 4255 mater.
1118 4189 1190 4251 Et
1213 4191 1444 4252 Petrus:
1472 4186 1642 4260 Quod
1668 4187 1721 4248 ei
1748 4206 1962 4248 nomen
1982 4186 2104 4248 est?
2126 4258 2165 4271 κ
2187 4191 2319 4271 quis
2352 4189 2530 4249 vellet
2561 4190 2635 4251 de
2663 4190 2754 4251 his
2787 4190 3130 4268 diligentius
3165 4212 3432 4271 noscere,
3458 4186 3826 4261 Antiochiam

462 4284 541 4347 At
561 4281 662 4345 illa
687 4303 700 4341 :
727 4280 1137 4361 Clemens,ait.
1158 4278 1368 4343 Petrus
1397 4298 1411 4340 :
1440 4258 1571 4357 Ipse
1592 4284 1769 4351 est,et
1788 4276 1917 4357 ipse
1947 4283 2095 4353 erat,
2126 4258 2169 4309 θ
2189 4258 2435 4352 veniret,
2459 4278 2556 4339 ubi
2585 4278 2801 4350 tribus,
2832 4258 3045 4360 inquit,
3074 4282 3379 4345 mensibus
3399 4258 3830 4351 statuimusre-

462 4375 564 4455 qui
587 4372 761 4455 paulo
780 4380 917 4434 ante
942 4388 1174 4433 mecum
1198 4366 1552 4449 loquebatur
1574 4374 1633 4427 et
1655 4385 1831 4444 quem
1851 4367 2005 4447 jussi
2026 4367 2097 4428 ad

462 4480 671 4525 navem
704 4461 1069 4544 praecedere.
1102 4458 1255 4522 Tum
1284 4458 1389 4520 illa
1430 4456 1746 4537 procidens
1792 4455 1863 4517 ad
1919 4455 2101 4537 pedes

460 4550 624 4615 Petri
665 4568 879 4631 rogare
929 4548 1131 4631 erepit,
1163 4556 1228 4610 ut
1282 4546 1589 4608 festinaret
1643 4553 1717 4607 att
1766 4562 1993 4606 navem.
2028 4544 2099 4606 Et

456 4640 706 4704 Petrus:
756 4640 819 4704 Si
870 4639 1042 4714 mihi,
1066 4638 1282 4715 inquit,
1317 4654 1519 4698 servas
1578 4634 1757 4696 ﬁdem
1801 4642 1864 4696 ut
1916 4633 2097 4698 facias

452 4731 610 4813 quod
639 4730 796 4794 dico.
828 4730 903 4793 At
931 4728 1072 4791 illa:
1127 4726 1365 4806 Omnia,
1390 4724 1607 4806 inquit,
1642 4724 1834 4802 facio;
1870 4732 2098 4787 tantum

462 4819 871 4882 mihiostende
886 4818 1131 4881 unicum
1165 4835 1363 4879 meum
1396 4824 1621 4885 natum,
1650 4823 1788 4895 puto
1816 4815 1973 4877 enim
2007 4835 2099 4879 me

457 4927 567 4992 per
584 4909 780 4992 ipsum
803 4918 861 4972 et
877 4908 1149 4989 geminos
1168 4925 1332 4969 meos
1348 4904 1573 4967 videre.
1600 4903 1671 4966 Et
1694 4902 1923 4967 Petrus:
1957 4904 2102 4968 Cum

460 4998 702 5073 videris,
722 4999 935 5081 inquit,
972 5015 1132 5078 eum,
1153 4996 1329 5057 modo
1354 4994 1595 5059 interim
1619 4992 1929 5055 dissimula
1954 5013 2102 5074 pan-

453 5089 663 5165 Iulum,
687 5104 993 5171 usquequo
1013 5084 1392 5167 egrediarnur
1412 5083 1485 5146 ab
1508 5083 1726 5147 insula.
1757 5081 2098 5165 Ita,inquit,

458 5177 697 5243 faciam.

2186 4368 2384 4430 sidere
2399 4378 2454 4431 et
2470 4368 2685 4450 quaead
2702 4368 2953 4430 salutem
2974 4371 3268 4448 pertinent
3284 4375 3627 4438 edocere.Si
3644 4378 3827 4451 enim,

2187 4458 2399 4537 inquit,
2423 4458 2764 4537 negotiandi
2795 4475 2970 4520 causa
2999 4471 3097 4519 aut
3136 4460 3428 4523 militandi
3464 4466 3714 4543 patriam
3748 4486 3838 4529 re-

2185 4546 2458 4628 linquunt
2485 4548 2756 4608 homines
2771 4565 2843 4607 ac
2869 4555 3165 4627 parentes,
3195 4550 3471 4630 etlongas
3496 4557 3837 4632 peregrina-

2187 4637 2378 4700 tiones
2410 4637 2614 4699 subire
2648 4656 2764 4697 non
2790 4647 3082 4710 metuunt,
3109 4657 3212 4716 pro
3247 4639 3359 4700 vita
3391 4651 3611 4704 aeterna
3644 4643 3836 4707 tribus

2185 4727 2395 4790 saltem
2422 4726 2725 4787 mensibus
2754 4726 3261 4806 peregrinari,cur
3287 4749 3607 4792 onerosum
3642 4734 3838 4796 videa-

2187 4825 2283 4878 tur
2311 4834 2379 4877 ac
2411 4816 2651 4877 difﬁcile
2676 4818 2705 4877 ?
2737 4815 3001 4895 Cumque
3054 4817 3179 4877 haec
3213 4827 3269 4879 et
3324 4820 3435 4880 alia
3470 4822 3563 4880 liis
3616 4823 3838 4884 similia

2190 4906 2460 4979 dixisset,
2500 4903 2607 4985 θ’(έο
2645 4905 2874 4966 mulieri
2920 4924 3052 4985 quae
3098 4918 3444 4986 susceperat
3499 4920 3747 4971 matrem
3784 4923 3839 4972 et

2186 4997 2496 5057 sanitatem
2528 5009 2837 5075 receperat.
2875 5013 2979 5075 per
3019 4993 3286 5071 Petrum,
3324 5000 3485 5061 mille
3518 5000 3836 5062 drachmas

2186 5085 2425 5163 donavi,
2462 5095 2520 5146 et
2554 5084 2950 5167 praesentibus
2981 5086 3213 5147 cunctis
3244 5089 3657 5150 commendavi
3701 5110 3829 5152 eam

2184 5175 2415 5237 cuidam
2450 5175 2573 5236 viro
2599 5175 2777 5249 bono,
2808 5174 3088 5254 primario
3122 5175 3281 5237 illius
3301 5177 3527 5256 oppidi,
3564 5179 3666 5258 qui
3692 5189 3746 5240 et
3768 5181 3835 5240 li-

1811 5339 2205 5407 COTELERII
2251 5342 2499 5408 NOTAE.

541 5527 672 5609 (42)
694 5524 853 5609 Tum
877 5526 1117 5609 Petrus.
1146 5525 1299 5609 Apte
1336 5523 1463 5587 haec
1495 5524 1847 5609 miraculum
1879 5531 2098 5609 sanata
2181 5523 2426 5609 forsitan
2457 5523 3122 5609 fnitapseudo-Abdia,
3147 5524 3242 5609 Ait
3263 5525 3418 5587 enim
3448 5526 3553 5590 lib.
3580 5545 3637 5591 1:
3678 5526 3826 5591 Tum

456 5604 789 5673 Ma'ttbidim
809 5606 1047 5672 videtur
1069 5606 1366 5670 excidisse
1384 5624 1418 5670 e
1440 5604 1777 5687 codicibus:
1803 5604 1960 5687 quod
1995 5604 2099 5666 ha-
2180 5606 2583 5687 apprehensis
2612 5606 2828 5669 Petrus
2858 5606 3140 5668 manibus
3164 5607 3295 5685 eius
3324 5612 3562 5671 sanavit
3610 5626 3740 5671 eos.

456 5687 567 5752 bes
587 5687 952 5754 Clementia.
984 5706 1089 5772 xu,
1112 5687 1216 5771 23,
1247 5686 1415 5769 Epit.
1448 5687 1550 5764 9t,
1576 5686 1853 5770 quodque
1876 5684 2096 5749 lectum
