4058 6206
245 314 396 382 1365

1442 286 2075 382 RECOGNITIONUII
2118 320 2264 382 LIB.
2314 320 2444 382 vn.

3452 324 3613 399 1866

236 450 452 512 benter
469 469 534 512 se
560 450 851 512 facturum
875 449 1031 531 quod
1058 449 1497 528 imperabamus
1532 452 1879 531 spepondit.
1904 462 1940 509 Α
1971 452 2132 513 mirae
2172 452 2633 531 magnitudinis;
2678 455 2972 530 acquievi,
3007 466 3244 520 ventum
3278 468 3369 523 est
3396 461 3469 524 ad
3512 464 3607 527 lo-

235 539 352 602 Sed
386 549 446 601 et
473 539 606 601 aliis
627 538 983 613 quibusdam
1002 538 1432 616 aliquantulum
1459 542 1728 621 pecunia;
1753 543 1880 605 dis-

237 629 444 703 tribui,
487 638 547 691 et
589 630 704 690 illis
750 626 1100 690 mulieribus
1142 646 1274 708 quae
1315 628 1639 707 aliquando
1680 632 1883 695 solata)

235 718 596 781 dicebantur
625 719 685 779 in
721 716 983 779 miseriis
1026 726 1272 778 matrem
1306 735 1521 791 meam,
1555 719 1774 800 quibus
1821 731 1881 786 et

234 808 450 887 gratias
472 807 671 870 retuli.
696 806 765 868 Et
788 813 918 887 post
940 807 1063 868 hac
1090 825 1207 868 una
1229 825 1363 869 cum
1385 816 1574 869 matre
1596 809 1876 890 enaviga-

233 898 425 958 vimus
455 897 844 961 Antaradum.

313 986 495 1053 XXV.
524 986 789 1062 Cumque
814 984 1185 1047 venissemus
1215 985 1287 1045 ad
1315 985 1660 1065 hOSpitium,
1689 998 1882 1053 mater

232 1078 546 1157 requirere
578 1076 750 1156 saepit
798 1093 830 1135 a
865 1093 979 1146 me,
1019 1092 1274 1154 quonam
1322 1074 1658 1138 devenisset
1690 1088 1877 1156 pater.

228 1166 337 1229 Cui
369 1186 475 1244 ego
512 1184 526 1228 :
560 1166 650 1228 Ad
686 1174 763 1239 te,
800 1165 1064 1244 inquam,
1105 1163 1524 1242 requirendam
1582 1168 1882 1245 profectus

230 1256 384 1318 ultra
408 1275 522 1316 non
558 1255 753 1317 rediit.
775 1254 849 1314 At
870 1254 969 1316 illa
1000 1252 1251 1314 audiens
1280 1253 1597 1332 suspiravit
1628 1265 1875 1338 tantum,

224 1349 450 1430 grande
481 1348 639 1410 enim
672 1365 778 1428 pro
812 1366 906 1407 me
929 1345 1207 1424 gaudium
1229 1344 1450 1406 habens
1482 1348 1745 1429 reliquos
1776 1368 1877 1411 so-

229 1441 463 1501 labatur
514 1455 819 1501 maerores.
864 1436 970 1498 Die
1007 1445 1202 1497 autem
1239 1445 1471 1516 postera
1513 1437 1730 1501 sedens
1764 1460 1880 1503 una

226 1550 361 1591 cum
380 1524 1178 1601 uxorePetri(-I3)iteragebat
1194 1525 1594 1599 nobiscum,et
1608 1530 1877 1593 venimus

227 1619 649 1697 Balaneastltl)
665 1666 679 1691 ,
701 1617 797 1677 ubi
820 1614 1013 1677 triduo
1031 1616 1335 1694 remorati,
1357 1614 1877 1682 indeaccessimus

228 1712 414 1773 Patho
432 1709 547 1787 (45)
571 1716 627 1769 et
646 1715 775 1787 post
797 1706 907 1767 hoc
925 1703 1145 1767 Gabala
1170 1703 1324 1783 (46),
1343 1713 1400 1765 et
1425 1704 1511 1767 sic
1540 1705 1875 1771 Laodiciam

1967 560 2124 615 cum,
2160 542 2355 604 caeteri
2389 560 2598 605 omnes
2624 543 2909 606 interiora
2937 546 3082 607 aedis
3112 547 3386 626 ingressi,
3423 553 3607 615 mihi-

1966 630 2196 693 animus
2230 631 2433 693 nescio
2455 631 2532 694 ob
2556 652 2732 714 quam
2765 652 3003 696 causam
3049 636 3424 715 ingrediendi
3458 645 3609 706 ultra

1966 737 2086 813 noti
2105 720 2234 782 fuit.
3595 791 3628 813 ο

2041 807 2273 874 XXVII.
2308 809 2426 873 Sed
2460 810 2598 872 dum
2626 809 2760 872 illos
2791 811 2934 873 foris
2953 818 3262 897 opperior,
3294 807 3606 886 mulierem

1964 898 2115 961 hanc
2134 897 2515 961 considerare
2528 900 2688 979 coepi
2708 918 2825 981 qua
2847 910 3016 979 parte
3031 905 3435 969 membrorum
3454 921 3611 973 esset

1963 987 2204 1080 debilis,
2237 996 2300 1080 ut
2331 1007 2461 1080 non
2481 988 2687 1080 labore
2719 1008 2996 1080 manuum
3032 994 3243 1054 victum
3282 1007 3607 1080 quaereret,

1965 1076 2068 1136 sed
2101 1076 2499 1138 mendicitatis
2520 1078 2807 1157 pudorem
2826 1079 3083 1153 subiret;
3110 1084 3352 1159 requiro
3376 1104 3513 1165 ergo
3536 1076 3610 1151 ab

1966 1183 2034 1226 ea
2066 1184 2293 1227 causas.
2347 1167 2452 1229 Illa
2482 1167 2666 1229 nobili
2719 1185 2785 1229 se
2815 1178 3000 1230 ortam
3040 1190 3281 1250 genere,
3318 1182 3377 1235 et
3426 1176 3611 1239 nobili

1966 1255 2354 1316 nihilominus
2383 1256 2513 1317 viro
2538 1257 2595 1317 in
2629 1259 2999 1320 matrimonio
3041 1261 3503 1340 fuissejunctam
3528 1268 3616 1329 fa-

1965 1352 2141 1423 tetur,
2176 1343 2351 1424 cujus
2374 1344 2581 1424 frater,
2611 1347 2819 1426 inquit,
2846 1346 2903 1407 in
2928 1348 3246 1410 meillicito
3275 1370 3480 1415 amore
3510 1356 3608 1416 in-

1962 1435 2095 1494 llam
2106 1444 2295 1495 matus
2308 1436 2630 1497 fraternum
2649 1444 2836 1497 torum
2854 1437 3119 1517 polluere
3133 1459 3202 1500 cu
3213 1441 3610 1519 piebat.Quod

1962 1542 2069 1600 ego
2092 1524 2449 1598 abhorrens,
2479 1534 2535 1587 et
2557 1544 2790 1587 rursum
2816 1528 2891 1588 de
2914 1536 3073 1589 tanto
3099 1531 3328 1592 scelere
3361 1534 3483 1593 viro
3510 1535 3607 1595 in-

1963 1614 2164 1704 dicare
2197 1634 2310 1675 non
2343 1618 2594 1684 audens,
2634 1635 2707 1676 ne
2730 1616 2950 1678 bellum
2976 1616 3259 1682 fratribus
3291 1631 3349 1684 et
3381 1643 3606 1704 oppro—

1964 1702 2154 1765 brium
2180 1706 2385 1783 generi
2408 1704 2754 1779 indicerem,
2778 1708 2966 1785 magis
2987 1726 3059 1769 ex
3091 1711 3275 1789 patria
3294 1702 3608 1778 discedere

229 1798 629 1881 pervenimus,
654 1795 749 1858 ubi
770 1808 909 1855 ante
934 1800 1126 1873 portas
1144 1795 1647 1856 occurruntnobis
1671 1798 1878 1861 Niceta
1902 1792 2214 1875 Bjudicavi
2247 1812 2381 1855 cum
2422 1793 2655 1855 duobus
2696 1796 2953 1871 geminis
2992 1796 3130 1857 filiis
3167 1799 3335 1873 meis,
3364 1802 3609 1881 juniore

225 1900 285 1951 et
318 1888 524 1970 Aquila
556 1884 967 1948 etosculantes
990 1901 1097 1944 nos
1118 1882 1423 1944 abducunt
1442 1885 1499 1945 in
1522 1884 1870 1963 hospitium.

228 1982 436 2042 Petrus
468 1986 659 2038 autem
686 1975 888 2035 videns
910 1972 1165 2051 amplam
1195 1972 1486 2035 civitatem
1513 1980 1574 2038 et
1602 1976 1871 2055 Splendi-

222 2070 383 2140 dam,
414 2068 662 2143 Dignum
684 2074 793 2133 est,
820 2062 1035 2138 inquit,
1062 2066 1348 2123 remorari
1381 2082 1488 2123 nos
1518 2064 1575 2125 in
1602 2065 1712 2127 hac
1735 2066 1871 2129 die-

226 2160 338 2219 bus
370 2159 577 2217 decem
625 2166 722 2215 aut
756 2153 927 2214 etiam
983 2150 1257 2230 amplius.
1296 2150 1444 2213 Tum
1478 2151 1685 2215 Nicela
1734 2172 1866 2218 cum

226 2247 440 2328 Aquila
479 2244 863 2324 requirebant
892 2260 925 2301 a
974 2259 1091 2317 me,
1126 2258 1256 2321 quae
1281 2251 1436 2303 esset
1477 2242 1691 2305 mulier
1743 2245 1867 2306 haec

225 2344 446 2418 ignota.
476 2335 547 2398 Et
570 2353 676 2413 ego
704 2331 981 2412 respondi
1013 2348 1026 2392 :
1058 2332 1243 2392 Mater
1262 2349 1393 2391 mea
1414 2340 1697 2412 estquam
1724 2334 1869 2395 mihi

224 2426 533 2489 redonavit
567 2427 723 2487 Deus
759 2440 864 2501 per
894 2420 1201 2481 dominum
1238 2436 1434 2481 meum
1469 2422 1724 2483 Petrum.

224 2515 429 2580 XXVI.
464 2517 595 2575 llazc
645 2531 776 2574 cum
811 2529 924 2589 ego
956 2510 1261 2590 dixissem,
1300 2518 1515 2571 cuncta
1541 2510 1628 2571 eis
1662 2515 1867 2575 Petrus

224 2625 332 2684 per
361 2604 631 2667 ordinem
665 2602 841 2681 coepit
868 2617 1171 2680 exponere
1193 2607 1251 2660 et
1280 2598 1361 2661 ait
1392 2617 1404 2661 :
1440 2600 1586 2662 Cum
1608 2603 1869 2663 venisse-

224 2716 354 2758 mus
381 2694 641 2757 Aradum
674 2700 728 2751 et
757 2708 869 2767 ego
887 2707 987 2749 vos
1011 2689 1348 2768 praecedere
1365 2688 1704 2769 jussissem,
1734 2708 1869 2770 pro-

222 2786 391 2847 fectis
421 2781 609 2855 vobis,
645 2780 853 2842 eadem
899 2778 1000 2840 die
1044 2778 1321 2841 Clemens
1366 2796 1500 2839 cum
1556 2779 1867 2841 incidisset

217 2873 518 2937 sermonis
547 2870 802 2947 occasio,
834 2886 1021 2948 genus
1075 2885 1245 2928 suum
1286 2867 1429 2927 mihi
1476 2869 1750 2947 exposuit
1798 2887 1866 2931 ac

215 2962 525 3039 familiam,
551 2968 607 3020 et
632 2957 786 3038 quod
816 2957 1157 3036 parentibus
1177 2954 1588 3017 essetorbatus
1601 2956 1867 3039 duosque

1961 1900 2144 1961 puero
2178 1882 2250 1945 ad
2282 1883 2555 1945 solatium
2592 1885 2736 1963 patri
2764 1885 2995 1947 relicto.
3024 1887 3098 1948 Et
3124 1896 3184 1948 ut
3215 1890 3363 1971 hac,
3389 1891 3604 1972 inquit.

1958 1973 2210 2034 honesta
2233 1974 2433 2052 specie
2454 1972 2948 2054 fierent,cogitavi
2972 1977 3267 2038 somnium
3298 1980 3522 2059 ﬁngere
3548 1991 3607 2045 et

1955 2061 2156 2123 dicere
2188 2064 2335 2142 viro,
2370 2062 2625 2124 astitisse
2649 2063 2793 2126 mihi
2818 2083 3037 2127 numen
3062 2068 3361 2143 quoddam
3387 2088 3495 2149 per
3520 2075 3606 2133 vi-

1951 2168 2081 2212 sum
2111 2160 2168 2212 et
2196 2150 2441 2231 dixisse,
2469 2162 2532 2213 ut
2562 2171 2699 2215 cum
2732 2153 2967 2215 duobus
2995 2156 3249 2233 geminis
3282 2160 3430 2222 meis
3468 2180 3605 2223 con-

1953 2242 2148 2305 testim
2173 2260 2243 2303 ex
2266 2240 2425 2305 Urbe
2449 2243 2888 2323 proficiscerer,
2917 2263 3224 2327 usquequo
3251 2248 3323 2310 ab
3347 2250 3477 2327 ipso
3501 2270 3608 2314 au-

1954 2331 2165 2399 direm.
2220 2332 2458 2412 quando
2499 2332 2698 2394 redire
2742 2333 3052 2396 deberem.
3087 2334 3313 2408 Quibus
3361 2340 3603 2418 auditis,

1952 2421 2282 2484 credidisse
2304 2421 2501 2484 aiebat
2520 2422 2807 2499 virum,et
2824 2424 3096 2487 Athenas
3114 2443 3179 2487 se
3194 2428 3448 2503 geminis
3470 2448 3605 2492 cum

1952 2506 2156 2572 liberis
2186 2510 2458 2572 emisisse
2491 2512 2642 2573 inibi
2693 2511 3063 2594 erudiendis,
3098 2514 3203 2576 sed
3255 2524 3607 2597 tempestate

1948 2599 2111 2679 gravi
2143 2599 2215 2660 ad
2251 2600 2406 2661 hanc
2435 2600 2691 2661 insulam
2737 2600 2920 2663 fuisse
2954 2602 3260 2683 depulsos,
3298 2605 3421 2681 ubi,
3457 2626 3607 2671 con-

1947 2690 2129 2751 fracta
2153 2689 2307 2762 navi,
2332 2706 2396 2750 se
2423 2689 2610 2752 fluctu
2634 2707 2945 2751 excussam
2971 2709 3151 2771 supra
3173 2710 3378 2755 saxum
3407 2697 3607 2777 quod-

1949 2781 2109 2855 dam,
2136 2781 2210 2842 ob
2236 2782 2348 2844 hoc
2381 2782 2575 2844 solum
2607 2792 2858 2844 mortem
2905 2783 3236 2866 distulisse,
3258 2786 3478 2863 donec,
3506 2789 3605 2851 in-

1949 2872 2094 2950 quit,
2129 2870 2454 2932 infelicium
2488 2881 2758 2934 natorum
2794 2891 3069 2934 meorum
3094 2874 3301 2935 saltem
3330 2885 3604 2941 emortua

1952 2960 2220 3021 membra
2230 2978 2360 3022 com
2370 2960 2762 3041 plecterer,ac
2775 2960 3100 3041 sepultura;
3116 2963 3608 3029 mandarem.Sed

217 3053 525 3115 hibuisset
554 3050 779 3113 uriores
802 3046 1153 3123 segeminos
1175 3046 1414 3117 fratres;
1442 3055 1500 3107 et
1519 3046 1669 3108 sicut
1698 3047 1863 3118 mihi,
1950 3067 2083 3131 cum
2116 3049 2245 3131 dies
2294 3050 2503 3112 fuisset
2551 3058 2792 3111 exortus
2823 3061 2882 3113 et
2938 3051 3127 3113 turba!
3160 3054 3602 3131 convenissent,

218 3143 433 3225 inquit,
470 3150 636 3221 pater
666 3138 978 3210 enarravit,
1014 3136 1310 3225 somnium
1359 3135 1927 3225 viditaliquando,1
1954 3129 2345 3225 miseratione
2356 3133 2493 3225 moti
2515 3131 3059 3225 projeceruntmihi
3082 3129 3609 3225 indumentum.At

220 3202 433 3299 mater:
463 3202 579 3311 quo
619 3230 788 3309 jussa
838 3235 927 3289 est
965 3202 1102 3286 cum
1133 3224 1393 3301 geminis
1441 3224 1562 3284 suis
1598 3202 1668 3285 ei
1719 3202 1927 3286 urbe”
1953 3237 2059 3311 ego
2083 3202 2551 3311 infelixfletibus
2575 3202 2773 3283 multis
2801 3220 3080 3300 rogabam
3112 3230 3175 3283 ut
3198 3223 3605 3300 requirerent,

220 3325 412 3386 Roma
455 3307 774 3400 proficisci,
812 3334 885 3378 ne
919 3315 1113 3376 subito
1165 3322 1225 3374 et
1256 3313 1478 3394 pariter
1527 3312 1842 3375 interirent
1952 3307 2497 3400 sicubiinfelicium
2547 3318 2819 3371 natorum
2853 3311 3084 3391 possint
3141 3313 3410 3376 invenire
3470 3333 3611 3376 cor-

217 3397 488 3490 Cumque
524 3408 821 3469 somnium
850 3406 995 3483 patri
1024 3403 1366 3473 indicasset,
1404 3403 1506 3464 ille
1530 3404 1629 3483 qui
1664 3412 1868 3465 tenero
1953 3399 2216 3490 pussula.
2248 3397 2366 3490 Ego
2392 3407 2593 3490 autem
2626 3417 2805 3490 omne
2836 3418 3058 3480 corpus
3089 3419 3288 3463 meum
3324 3402 3604 3465 dentibus

219 3503 369 3563 lilios
391 3487 673 3574 diligeret
711 3497 946 3566 affectu,
986 3512 1058 3554 ne
1084 3492 1222 3573 quid
1248 3492 1398 3553 forte
1430 3491 1565 3552 mali
1596 3503 1856 3571 pateren-
1951 3488 2199 3559 lanians,
2229 3487 2563 3567 planctibus
2585 3497 2643 3549 et
2668 3488 2990 3551 ululatibus
3017 3490 3165 3554 nihil
3191 3491 3351 3552 aliud
3379 3493 3605 3554 clama-

218 3602 339 3661 tur,
375 3604 615 3650 uxorem
644 3585 866 3665 pariter
888 3601 955 3644 ac
981 3582 1135 3643 filios
1156 3580 1282 3643 navi
1307 3599 1439 3643 cum
1466 3582 1744 3642 omnibus
1766 3601 1869 3644 ne-
1952 3578 2083 3638 bam
2118 3577 2253 3650 nisi,
2288 3574 2398 3639 Ubi
2433 3578 2579 3638 mihi
2609 3578 2829 3640 infelici
2865 3579 3114 3641 Faustus
3165 3577 3275 3662 est,
3312 3582 3414 3645 ubi
3447 3580 3610 3644 Fau-

218 3679 498 3742 cessariis
549 3676 879 3757 impositos,
914 3671 1131 3734 emittit
1164 3671 1424 3732 Athenas
1476 3670 1866 3734 erudiendos.

223 3769 358 3831 Post
388 3770 513 3829 hzec
553 3766 709 3825 misit
733 3763 917 3824 semel
943 3770 999 3822 et
1024 3763 1235 3822 iterum
1260 3759 1361 3835 qui
1389 3760 1788 3840 requirerent,
1815 3771 1874 3824 et

221 3876 512 3936 nusquam
547 3856 703 3916 illius
736 3872 809 3912 ne
842 3851 1151 3929 vestigium
1185 3848 1424 3930 quidem
1456 3851 1704 3927 reperit.
1740 3850 1873 3930 Ipse

220 3950 291 4009 ad
332 3945 603 4007 ultimum
645 3951 809 4023 pater
831 3943 900 4001 ad
924 3940 1342 4020 inquirendum
1373 3939 1788 4016 proﬁciscitur,
1817 3949 1873 4000 et

221 4054 416 4116 usque
443 4034 512 4094 ad
564 4049 824 4114 praesens
857 4048 963 4091 nec
1013 4030 1139 4109 ipse
1170 4027 1412 4108 quidem
1466 4046 1714 4107 usquam
1756 4038 1866 4087 est.

222 4129 358 4189 Haec
383 4142 517 4185 cum
548 4122 691 4182 mihi
713 4120 989 4182 Clemens
1011 4124 1374 4195 enarrasset,
1395 4117 1647 4177 accessit
1671 4117 1743 4177 ad
1766 4136 1872 4178 nos

219 4214 463 4294 quidam
489 4229 724 4288 rogans,
754 4219 815 4269 ut
846 4207 917 4269 ad
954 4207 1202 4267 insulam
1237 4205 1502 4294 Aradum
1527 4223 1660 4283 quae
1683 4205 1873 4266 vicina

216 4293 345 4366 erat
379 4303 826 4377 recederemus,
861 4296 1097 4357 videndi
1131 4294 1321 4372 gratia
1353 4293 1659 4354 columnas
1692 4295 1875 4355 viteas

1956 3666 2205 3728 sﬁnus?

2035 3754 2289 3820 XXVIII.
2323 3758 2396 3820 Et
2425 3775 2559 3818 cum
2606 3758 2731 3820 haec
2762 3758 2986 3820 diceret
3040 3760 3273 3834 Petrus,
3308 3752 3519 3823 Niceta
3551 3770 3612 3823 et

1958 3846 2166 3925 Aquila
2211 3846 2410 3909 subito
2459 3859 2779 3927 assurgunt
2820 3858 2879 3910 et
2928 3850 3243 3929 stupefacti
3298 3851 3608 3931 pertubari

1957 3945 2269 4015 coeperunt
2315 3936 2620 4000 dicentes:
2663 3937 3009 4000 Dominator
3038 3939 3294 4001 Domine
3349 3948 3409 4000 et
3438 3938 3595 4002 Deus

1955 4026 2247 4106 omnium,
2281 4044 2496 4088 verane
2530 4026 2654 4089 haec
2677 4038 2835 4101 sunt,
2867 4046 2941 4089 an
2972 4028 3268 4089 somnium
3314 4038 3403 4090 est
3433 4030 3597 4110 quod

1956 4115 2196 4192 agitur?
2224 4117 2373 4177 Tum
2405 4120 2614 4179 Petrus
2642 4138 2657 4180 :
2690 4116 2843 4191 Nisi,
2880 4117 3101 4197 inquit,
3138 4136 3245 4179 nos
3272 4117 3465 4179 insani
3498 4138 3599 4181 su-

1960 4223 2113 4283 mus,
2149 4204 2275 4266 hac
2303 4223 2440 4267 vera
2468 4215 2626 4267 sunt.
2661 4206 2735 4268 At
2779 4206 2863 4267 illi
2898 4208 3197 4287 paululum
3232 4208 3516 4269 remorati
3548 4217 3607 4269 et

1959 4293 2355 4356 confricantes
2385 4293 2619 4374 faciem,
2651 4296 2818 4357 aiunt
2852 4318 2865 4360 :
2902 4299 3023 4360 Nos
3052 4314 3259 4357 sumus
3289 4293 3609 4358 Faustinus

1562 4452 1969 4518 COTELERII
2013 4454 2266 4520 NOTAE.

302 4624 422 4703 443‘,
443 4623 593 4703 cum
611 4636 797 4680 more
818 4620 985 4703 Ιξςινί
995 4669 1005 4681 ,
1022 4619 1175 4703 'l‘esti
1182 4626 1281 4703 tur
1311 4613 1725 4703 II_ueronymus
1741 4634 1882 4677 con-
1905 4625 1946 4674 D
1968 4617 2341 4703 notissimum
2369 4618 2652 4703 oppjdtttti
2678 4626 2765 4679 est
2789 4638 2801 4679 :
2822 4616 2993 4703 cujus
3014 4614 3612 4703 episcopusEuphra-

219 4715 310 4767 tra
342 4696 714 4766 Iovinianum
746 4698 1040 4767 scribous.
1081 4699 1195 4778 legi
1230 4697 1287 4778 in
1326 4696 1604 4758 Perz'odis
1636 4703 1693 4756 et
1724 4714 1869 4778 uxo-

220 4805 346 4847 rem
386 4783 540 4846 Petri
575 4789 632 4839 et
664 4780 869 4841 ﬁliam.
904 4779 987 4840 Ea
1011 4776 1186 4855 igitur
1210 4777 1595 4839 Circuituum
1622 4794 1779 4855 pars,
1809 4776 1866 4836 in

218 4884 339 4943 qua
374 4865 448 4924 de
481 4861 637 4923 Petri
674 4862 792 4920 lilia
818 4858 1224 4937 (Petronillam
1253 4869 1697 4919 vocantlsermo
1717 4865 1864 4935 erat,

221 4942 376 5008 nunc
392 4942 1051 5004 desideratur.Uxorem
1067 4950 1262 5000 autem
1287 4945 1618 4997 memorant
1633 4944 1871 5014 praeter-

218 5047 285 5088 ea
306 5028 583 5090 Clemens
607 5016 1304 5099 Alexandrinusﬁtrom.
1332 5016 1867 5099 vrt,pag.756,ubi-

222 5107 569 5186 martyrium
601 5104 757 5163 illius
784 5100 967 5186 refert
985 5097 1183 5186 verbis
1209 5117 1341 5186 quae
1373 5097 1634 5186 citantur
1654 5097 1727 5157 ab

218 5177 413 5259 serio:
442 5187 667 5247 Hister.
692 5198 779 5253 tu,
802 5177 1343 5259 30;Origenes,_ad
1372 5177 1576 5238 Matth.
1612 5195 1732 5250 XIX,
1760 5177 1871 5259 27;

218 5257 1228 5349 Epipliauius,h:eresi,30_numdie;
1255 5257 1868 5349 Iliero_n)-tnus,e|_iist.

218 5336 320 5429 31,
339 5336 521 5427 atque
536 5340 1302 5429 Ilincinarus,ﬁ‘pistti_la_qd
1316 5336 1644 5429 Rodulfurn
1657 5345 1712 5429 et
1731 5337 1874 5400 Fro—

218 5415 475 5504 tar'iurh,
499 5424 697 5488 sect,8
746 5415 1099 5504 Appellatur
1122 5421 1179 5480 in
1208 5415 1637 5504 Mariyrologiis
1662 5415 1876 5504 Perpe:

221 5521 317 5570 tua
352 5511 407 5569 in
436 5496 726 5569 Chronico
782 5496 1085 5565 Si'meonis
1129 5500 1568 5577 Metaphrastaa,
1618 5496 1748 5558 loco
1786 5496 1875 5559 ad

223 5591 557 5653 Constitut.
581 5600 665 5653 Ill,
691 5583 942 5661 ti,allato
963 5579 1230 5649 Joanna;
1269 5578 1424 5659 quod
1453 5577 1631 5661 etiam
1658 5597 1876 5642 nomen

226 5671 401 5731 matri
433 5664 591 5730 Petri
618 5658 821 5725 tribuit
848 5661 1151 5724 Indiculus
1183 5658 1409 5741 positus
1432 5659 1503 5721 ad
1531 5658 1782 5721 Constit.
1811 5677 1874 5735 tt,

220 5753 431 5913 ϐδὶω
451 5827 737 5893 Venimus
771 5826 1099 5907 Batonem,
1135 5823 1410 5889 Balanos
1438 5827 1540 5885 aut
1568 5818 1879 5900 Bolanum,

1953 4698 2077 4760 tion
2110 4697 2383 4760 laudatur
2405 4696 2439 4760 ἐι
2456 4696 2526 4762 ⁷8.
2553 4697 2905 4767 Athanasio,
2926 4697 3212 4777 Apologia
3227 4696 3607 4777 defugasuq,

1956 4714 2077 4760 tion
2110 4714 2383 4760 laudatur
2405 4718 2439 4760 a
2464 4714 2526 4762 δ.
2553 4714 2905 4767 Atnanasm,
2926 4714 3212 4836 Αροιοῖια
3227 4714 3607 4788 defugasua,

1956 4779 2130 4854 paulo
2148 4787 2276 4858 post
2292 4779 2524 4841 initium
2538 4788 2615 4853 ,et
2630 4777 2913 4870 Epistola
2932 4778 3015 4838 ad
3029 4779 3107 4840 So
3138 4777 3376 4870 itaque,
3397 4775 3607 4870 p,8l2,

1953 4856 2289 4938 quanquam
2311 4868 2609 4939 postremo
2627 4856 2846 4921 in'loco
2865 4874 3180 4938 perperam
3207 4856 3554 4923 ediderunt.
3581 4860 3608 4913 ὁ

1956 4941 2009 4995 ἐν
2043 4939 2336 5005 Καλαναϊς.
2370 4939 2527 5017 Lege
2557 4942 2583 4994 ὁ
2612 4942 2668 4994 ’ev
2703 4939 3018 5002 Βαλανέαις.
3251 5013 3281 5017 _
3461 5014 3487 5017 _
3550 5016 3553 5017 ν

2035 5019 2158 5099 (45)
2190 5018 2333 5112 Inde
2355 5013 2923 5112 accessimusPatho
2962 5018 3215 5112 [Pan-on
3243 5013 3606 5112 got..]._Palti

1956 5097 2555 5190 quoqueepiscopum
2575 5097 2839 5190 celebrat
2858 5097 3107 5190 magnus
3122 5097 3419 5190 Ecclesia;
3434 5097 3611 5176 Magi-

1955 5190 2080 5269 ster
2098 5176 2487 5269 locis—citatis,
2510 5197 2743 5269 necnon
2757 5176 3137 5269 Epistula-qd
3156 5183 3196 5239 A
3210 5176 3607 5269 ntiocheuses.

1958 5258 2748 5350 Sedapu‘dJ'I‘heodoritum,
2781 5256 3010 5321 Histor.
3042 5258 3235 5350 Ιῇὺηιςἲ
3268 5276 3396 5338 cap.
3427 5256 3526 5336 l3,
3549 5257 3609 5318 in

1960 5339 2159 5430 verbis
2189 5340 2518 5430 Athanasii,
2566 5349 2625 5402 et
2656 5339 2976 5422 episcopus
3010 5346 3073 5402 et
3105 5339 3313 5400 civitas
3346 5356 3464 5399 non
3504 5356 3611 5399 suo

1962 5422 2205 5481 nomine
2236 5422 2632 5500 appellantur.

2041 5500 2169 5580 (46)
2188 5499 2451 5564 Gabalu.
2468 5503 2712 5576 Hinc,et
2727 5498 3351 5582 persuperioramullo
3373 5499 3612 5578 negotio

1962 5581 2297 5641 corrigetur
2327 5580 2666 5641 Sonhonius
2696 5583 2769 5641 de
2794 5585 2967 5641 Petro
3000 5586 3063 5641 et
3091 5579 3303 5641 Paulo.
3333 5588 3480 5641 tom.
3505 5576 3611 5641 VII

1961 5581 2297 5657 corrigetur
2327 5580 2403 5644 So
2451 5582 2666 5643 honius
2696 5580 2769 5644 de
2794 5585 2967 5645 Petro
3000 5586 3063 5644 et
3091 5580 3303 5655 Paulo,
3333 5588 3480 5642 tom.
3505 5580 3606 5641 VII

1964 5661 2352 5726 Bibliotheca
2376 5603 2634 5725 [favum
2667 5661 3046 5738 Parisiensis,
3082 5668 3141 5723 et
3172 5661 3333 5742 apud
3367 5659 3606 5723 Surium

1969 5745 2039 5803 ad
2076 5743 2154 5806 29
2179 5742 2367 5820 Junii,
2404 5761 2568 5807 num.
2602 5745 2663 5809 5.
