4058 6206
490 286 642 385 1⁸367
1336 329 1394 388 s.
1444 326 1877 391 CLEMENTIS
1921 326 1943 388 I
1990 329 2170 389 non.
2220 330 2441 389 PONT.
2491 330 2737 392 OPERA
2784 330 3038 392 DUBIA.
3711 328 3853 391 i368

484 467 541 520 et
566 458 837 521 Faustus.
874 458 988 522 Sed
1020 469 1075 521 et
1099 458 1174 521 ab
1207 461 1373 523 initio
1404 481 1539 523 cum
1575 479 1821 524 narrare
1864 458 2117 539 coepisti,
2145 467 2184 515 Α
2211 467 2489 533 poterunt
2519 468 2577 521 et
2610 479 2726 521 una
2779 469 2979 522 tecum
3010 462 3187 521 etiam
3230 478 3341 522 nos
3368 460 3703 523 audiemus.
3750 459 3856 524 Ubi

486 550 680 610 statim
718 550 775 610 in
808 550 1205 630 suSpicionem
1238 550 1583 626 incidimus,
1615 570 1692 612 ne
1736 550 1886 612 forte
1917 552 1987 612 ad
2025 567 2132 610 nos
2216 550 2340 610 hac
2374 549 2584 611 Petrus
2613 550 2791 627 dixit,
2827 558 3019 610 mater
3047 551 3232 611 nimio
3279 551 3492 629 gaudio
3541 551 3858 627 intercepta

487 640 854 719 pertinerent
884 658 1014 718 qua:
1036 639 1422 711 dicebantur;
1454 659 1659 701 rursus
1684 649 1876 702 tamen
1940 637 2137 700 consi-

489 727 763 790 derantes
795 728 975 788 multa
1033 727 1248 788 similia
1287 728 1561 790 accidere
1581 728 1639 789 in
1666 729 1781 789 vita
1803 729 2133 806 hominum,

487 816 861 890 reticuimus,
878 818 1018 878 licet
1037 836 1140 878 cor
1152 827 1418 878 nostrum
1436 835 1540 898 spe
1554 819 1751 897 aliqua
1774 819 2130 897 pulsaretur.

490 906 946 985 A5piciet~amus
971 926 1111 985 ergo
1134 906 1205 967 ad
1231 909 1409 967 ﬁnem
1437 909 1752 979 sermonis,
1776 914 1863 986 ut,
1886 908 1933 967 si
1955 907 2025 965 ad
2050 906 2139 966 in-

493 1003 718 1074 tegrum
744 995 817 1055 de
842 995 1012 1055 nobis
1038 1014 1169 1057 esse
1193 1004 1509 1071 constaret,
1537 1005 1657 1057 tum
1683 997 2033 1058 fateremur.
2059 996 2137 1057 Et

491 1104 623 1145 cum
652 1084 774 1144 haec
796 1084 1102 1159 dixissent,
1129 1086 1520 1166 Iacrymantes
1552 1086 2041 1163 ingrediebantur
2063 1083 2134 1144 ad

493 1182 767 1237 matrem.
820 1172 1005 1243 Quam
1039 1191 1170 1235 cum
1220 1175 1584 1254 reperissent
1624 1176 2029 1253 quiescentem
2080 1182 2137 1233 et

493 1261 806 1341 complecti
837 1263 1075 1336 vellent,
1106 1264 1411 1343 prohibuit
1435 1264 1644 1325 Petrus
1668 1263 1874 1325 dicens
1907 1284 1924 1323 :
1948 1263 2138 1325 Sinite

494 1370 588 1412 me
609 1351 771 1431 prius
795 1370 1128 1432 praeparare
1144 1354 1374 1414 animos
1393 1354 1597 1414 matris
1620 1367 1677 1414 et
1704 1354 1782 1413 ita
1799 1372 1901 1413 vos
1922 1354 2138 1414 offerre

493 1440 570 1515 ei,
609 1459 685 1501 ne
716 1440 862 1502 forte
895 1442 1076 1503 multo
1110 1451 1168 1504 et
1199 1442 1392 1504 subito
1424 1444 1640 1521 gaudio
1675 1452 1872 1503 mente
1906 1442 2138 1503 excidat

493 1544 550 1596 et
577 1552 788 1595 sensus
820 1536 948 1614 ejus
972 1536 1264 1616 turbetur,
1294 1538 1548 1598 maxime
1580 1535 1717 1616 quia
1765 1554 1923 1597 nunc
1955 1537 2134 1597 etiam

492 1643 701 1685 somno
734 1633 1019 1703 occupata
1044 1633 1260 1705 stupet.

573 1710 779 1775 XXIX.
824 1714 1003 1792 Igitur
1052 1713 1153 1775 ubi
1206 1721 1393 1776 mater
1438 1715 1768 1776 exsurrexit
1823 1734 1855 1775 e
1904 1731 2135 1783 somno,

2219 640 2459 719 corruit,
2483 646 2543 702 et
2563 640 2797 700 tandem
2831 640 3148 718 aliquando
3174 650 3444 717 reparata
3477 639 3735 718 atquein
3759 656 3854 700 se-

2220 733 2531 805 metipsam
2567 745 2859 806 regressa,
2894 728 2975 788 ait
3009 746 3022 790 :
3060 728 3326 791 Obsecro
3360 746 3484 802 vos,
3535 728 3857 788 dulcissimi

2223 819 2352 896 ﬁlii,
2381 819 2561 880 dicite
2593 818 2761 892 mihi,
2796 836 2928 893 quae
2957 818 3281 878 acciderint
3313 817 3477 878 vobis
3527 826 3659 895 post
3703 816 3855 876 illam

2219 907 2458 968 feralem
2493 917 2551 969 et
2582 907 3059 967 crudelissimam
3094 913 3359 968 noctem.

2300 995 2531 1058 XXXII.
2556 995 2704 1057 Tum
2724 995 2929 1056 Niceta
2948 996 3135 1075 coepit
3161 995 3361 1056 dicere
3388 1013 3401 1056 :
3436 997 3501 1057 in
3530 995 3637 1055 illa
3664 1003 3858 1065 nocte,

2220 1104 2252 1145 0
2279 1094 2486 1158 mater,
2510 1103 2644 1146 cnm
2674 1086 2831 1145 navis
2856 1085 3064 1145 fuisset
3086 1085 3347 1145 resoluta
3367 1092 3425 1145 et
3451 1102 3558 1145 nos
3601 1082 3858 1142 inniten-

2221 1184 2308 1235 tes
2328 1176 2654 1253 iragmento
2681 1173 2917 1234 cuidam
2945 1173 3273 1233 tabularum
3299 1190 3405 1253 per
3430 1171 3863 1251 pelagusjacta-

2221 1282 2447 1343 remur,
2470 1264 2574 1323 viri
2600 1264 2841 1342 quidam
2866 1262 3081 1342 quibus
3105 1280 3213 1342 per
3236 1262 3596 1341 profundum
3624 1259 3861 1320 latroci-

2224 1356 2347 1414 nari
2398 1354 2707 1415 artiiicium
2761 1362 2872 1431 est,
2940 1360 3210 1429 repertos
3266 1353 3682 1430 imposuerunt
3764 1366 3861 1407 nos

2224 1444 2505 1503 naviculae
2520 1459 2667 1521 suae,
2695 1451 2754 1502 et
2774 1442 2956 1502 remis
2980 1442 3273 1503 undarum
3306 1441 3562 1503 vortices
3587 1456 3867 1517 superan-

2221 1541 2329 1607 tes,
2366 1532 2613 1593 diversis
2646 1531 2964 1592 itineribus
3013 1532 3341 1593 Caesaream
3394 1530 3697 1593 Straton‘s
3730 1545 3863 1607 per-

2221 1622 2540 1701 duxerunt,
2570 1622 2772 1701 ibique
2793 1622 3123 1700 ailligentcs
3147 1640 3256 1682 nos
3282 1622 3458 1691 fame,
3486 1618 3860 1695 verberibus,

2224 1721 2379 1771 metu
2404 1710 2485 1770 uti
2518 1730 2590 1771 ne
2616 1710 2771 1789 quod
2803 1720 2960 1770 esset
3011 1716 3070 1770 in
3104 1726 3240 1771 vero
3274 1709 3695 1787 proderemus,
3755 1707 3865 1765 im-

495 1802 715 1882 aIloqui
756 1821 884 1864 eam
918 1803 1127 1865 Petrus
1168 1803 1345 1884 coepit
1388 1804 1597 1865 dicens
1631 1823 1644 1867 :
1680 1802 1846 1866 Scire
1880 1812 1935 1864 te
1982 1802 2131 1880 volo,
2164 1828 2197 1875 η
2225 1801 2460 1860 mutatis
2502 1800 2673 1861 etiam
2708 1799 3039 1861 nominibus
3073 1799 3295 1859 nostris
3329 1798 3725 1858 vendiderunt
3770 1816 3869 1856 nos

498 1894 732 1965 mulier,
756 1894 1061 1972 religionis
1084 1904 1298 1957 nostra
1323 1894 1781 1957 observantiam.
1809 1896 1927 1957 Nos
1955 1913 2134 1955 unum

494 1982 747 2046 colimus
770 1982 954 2044 Deum
988 1984 1088 2064 qui
1112 1984 1250 2045 fecit
1284 1985 1599 2057 mundum,
1647 1984 1824 2063 hujus
1855 1992 1912 2044 et
1945 1984 2133 2060 legem

496 2090 818 2145 servamus,
856 2092 970 2153 qua
994 2074 1236 2134 mandat
1265 2074 1326 2134 in
1360 2073 1567 2154 primis
1596 2073 1792 2153 ipsum
1821 2074 2134 2133 colendum

497 2172 555 2224 et
572 2181 791 2224 nomen
816 2164 944 2243 ejus
968 2164 1393 2236 venerandum,
1423 2174 1703 2244 parentes
1728 2162 2133 2233 honorandos,

497 2252 836 2332 pudicitiam
871 2250 1285 2333 justitiamque
1314 2254 1689 2314 servandam.
1727 2250 1845 2313 Sed
1902 2259 1960 2311 et
1991 2250 2135 2312 illud

498 2341 902 2415 observamus,
937 2359 1201 2402 mensam
1237 2360 1372 2402 cum
1417 2340 1737 2418 gentilibus
1770 2359 1886 2401 non
1916 2340 2139 2401 habere

497 2452 900 2507 communem,
936 2426 1215 2497 nisi'cum
1249 2434 1615 2497 crediderint
1645 2443 1701 2495 et
1721 2446 1965 2513 recepta
1994 2434 2139 2494 veri-

498 2532 613 2586 tate
644 2522 917 2603 baptizati
943 2523 1181 2604 fuerint,
1207 2542 1273 2585 ac
1304 2524 1456 2583 trina
1477 2523 1731 2600 quadam
1760 2522 1916 2584 beati
1942 2524 2130 2582 nomi-

2221 1889 2452 1951 cuidam
2486 1889 2699 1962 viduas,
2733 1890 2996 1950 honestae
3025 1888 3346 1949 admodum
3378 1887 3642 1957 feminae,
3690 1888 3868 1947 .Iustaa

2222 1979 2502 2054 nomine;
2537 1997 2666 2059 quae
2696 1998 2829 2039 cum
2859 1979 3124 2049 emisset,
3156 1977 3361 2037 habuit
3394 1976 3529 2037 lobo
3578 1975 3860 2047 ﬁliorum,

2221 2067 2371 2130 itaut
2393 2067 2567 2127 etiam
2602 2068 2821 2129 Graecis
2854 2085 2960 2127 nos
2984 2066 3200 2127 litteris
3219 2073 3276 2125 et
3301 2063 3656 2125 liberalibus
3679 2072 3866 2123 atten-

2222 2157 2441 2217 tissime
2459 2157 2740 2218 erudiret.
2770 2155 2880 2219 Ubi
2900 2174 3035 2215 vero
3054 2154 3449 2231 adolevimus,
3480 2152 3659 2214 etiam
3689 2152 3869 2231 philo-

2220 2247 2539 2325 sophorum
2585 2245 2801 2307 studiis
2848 2263 3088 2324 operam
3134 2244 3435 2316 dedimus,
3480 2261 3598 2321 quo
3656 2259 3863 2321 posse-

2223 2353 2354 2396 mus
2377 2334 2680 2414 religionis
2697 2334 2907 2395 divinae
2926 2335 3197 2411 dogmata
3219 2332 3650 2413 philosophicis
3681 2332 3870 2409 dispu-

2224 2424 2542 2485 tationibus
2572 2434 2905 2485 asserentes
2934 2423 3232 2485 confutare
3260 2423 3532 2502 gentiles.

2304 2512 2570 2577 XXXIII.
2593 2514 2821 2576 Simoni
2843 2524 3035 2574 autem
3067 2512 3299 2574 cuidam
3328 2531 3494 2588 mago
3527 2510 3629 2590 qui
3665 2510 3865 2569 nobis-

498 2613 589 2674 nis
618 2600 993 2673 invocatione
1020 2600 1375 2688 consecrati,
1412 2623 1469 2674 et
1501 2622 1641 2674 tunc
1672 2631 1806 2673 cum
1831 2612 1918 2673 eis
1935 2611 2131 2675 cibum
2216 2620 2351 2663 cum
2386 2620 2501 2665 una
2524 2603 2808 2664 educatus
2834 2612 2946 2681 est,
2972 2620 3077 2682 pro
3100 2600 3379 2662 amicitiis
3397 2610 3456 2661 et
3491 2600 3703 2678 puerili
3728 2618 3864 2659 con-

498 2703 810 2764 sumimus.
841 2701 1119 2781 Alioquin
1154 2702 1330 2764 etiam
1364 2702 1413 2762 si
1447 2710 1611 2781 pater
1640 2710 1740 2762 aut
1770 2710 1959 2761 mater
1988 2701 2129 2771 sint,

2216 2691 2529 2754 suetudine
2580 2692 2961 2765 adhaesimus,
3015 2692 3091 2751 ita
3130 2701 3191 2751 ut
3242 2708 3392 2768 pene
3422 2691 3495 2749 ab
3557 2707 3631 2748 eo
3679 2688 3867 2763 decipi

498 2799 596 2852 aut
626 2809 775 2851 uxor
802 2800 902 2851 aut
934 2777 1039 2852 ﬁlii
1073 2800 1175 2851 aut
1222 2777 1461 2870 fratres,
1486 2810 1598 2852 non
1637 2808 1949 2869 possumus
1997 2808 2130 2849 cum
2218 2780 3018 2860 possemusFerturenimin
3041 2780 3332 2870 religione
3356 2788 3558 2870 nostra
3582 2777 3867 2870 serinode

501 2871 588 2932 eis
612 2888 876 2931 mensam
902 2871 1123 2934 habere
1146 2890 1549 2933 communem.
1578 2870 1726 2943 Quia
1749 2888 1885 2948 ergo
1908 2870 2143 2947 religio-

501 2961 593 3022 nis
626 2978 804 3021 causa
834 2960 1131 3040 praecipua
1163 2962 1272 3021 hoc
1304 2961 1575 3039 facimus,
1603 2979 1718 3020 non
1752 2960 1853 3019 tibi
1886 2959 2140 3039 injurin-

501 3068 630 3111 sum
662 3047 950 3123 videatur,
985 3050 1139 3129 quod
1179 3068 1297 3110 non
1331 3058 1522 3129 potest
1554 3050 1708 3111 lilius
1740 3057 1871 3110 tuus
1903 3068 2019 3109 una
2052 3059 2142 3111 te-

2228 2871 2513 2948 propheta
2543 2873 2821 2950 quodam,
2848 2870 3016 2948 cujus
3047 2869 3119 2929 ab
3150 2869 3430 2930 omnibus
3456 2868 3558 2947 qui
3593 2867 3870 2946 religioni

2228 2958 2361 3020 huic
2382 2960 2721 3021 deserviunt
2750 2969 3090 3039 speraretur
3124 2959 3432 3035 adventus,
3456 2975 3754 3036 perquem
3772 2958 3870 3016 im-

2229 3048 2493 3111 mortalis
2523 3060 2581 3112 et
2614 3054 2778 3112 beata
2807 3050 2919 3108 vita
2952 3050 3338 3110 credentibus
3359 3048 3555 3107 danda
3584 3047 3849 3125 promitti

502 3158 636 3201 cum
670 3156 908 3199 sumere
939 3138 1159 3215 cibum,
1196 3158 1500 3220 usquequo
1533 3139 1741 3200 eadem
1778 3139 1877 3199 tibi
1911 3141 1987 3201 sit
2015 3150 2203 3219 quiec
2230 3137 2529 3199 tur.Hunc
2550 3157 2689 3217 ergo
2724 3157 2830 3199 nos
2863 3138 3215 3217 putabamus
3246 3155 3378 3200 esse
3410 3137 3717 3200 Simonem
3753 3136 3864 3197 Sed

502 3229 588 3290 illi
623 3228 918 3289 sententia
950 3228 1111 3289 ﬁdei.

585 3314 771 3381 XXX.
812 3316 1037 3389 Quibus
1070 3318 1171 3378 illa
1194 3318 1431 3393 auditis,
1457 3316 1529 3379 Et
1557 3318 1725 3397 quid,
1756 3317 1972 3396 inquit,
1998 3326 2151 3380 vetat

506 3406 684 3470 hodie
710 3425 803 3466 me
823 3406 1103 3487 baptizari
1129 3406 1159 3466 (Ζ
1181 3427 1311 3487 quae
1337 3408 1512 3468 etiam
1545 3408 1885 3487 priusquam
1913 3416 1969 3468 te
1990 3407 2151 3471 vide-

506 3515 656 3567 rem,
686 3495 815 3555 illos
847 3515 995 3575 quos
1028 3496 1235 3558 dicunt
1256 3497 1404 3557 deos
1437 3497 1670 3575 penitus
1700 3506 1961 3558 aversata
1989 3517 2146 3576 sum,

506 3584 662 3666 quod
692 3584 835 3644 mihi
865 3585 1212 3665 frequenter
1243 3593 1301 3645 et
1325 3604 1476 3666 pene
1508 3586 1773 3666 quotidie
1795 3587 2151 3646 sacriﬁcanti

508 3673 621 3733 sibi
659 3680 936 3751 praastare
982 3682 1300 3753 potuerunt
1347 3674 1518 3738 nihil.
1552 3676 1698 3736 Nam
1748 3674 1820 3734 de
1871 3673 2152 3754 pudicitia

510 3762 650 3842 quid
670 3759 1028 3823 dicam?cum
1049 3781 1140 3823 me
1159 3782 1353 3842 neque
1369 3772 1506 3824 tunc
1521 3762 1753 3824 delicias
1772 3762 2144 3842 deceperint,

512 3869 705 3930 neque
739 3867 896 3913 nuuc
926 3857 1160 3928 egestas
1190 3869 1436 3931 peccare
1467 3852 1842 3931 compulerit.
1866 3851 2020 3913 Satis
2051 3872 2152 3913 au-

515 3948 630 4001 tem
661 3940 1144 4019 putoinnotuisse
1167 3940 1293 4020 tibi,
1321 3950 1575 4020 quantus
1600 3940 1742 4001 mihi
1768 3941 1986 4002 exinde
2020 3942 2149 4003 itte.

512 4028 590 4090 rit
609 4047 779 4090 amor
806 4027 1128 4109 pudicitia),
1154 4047 1287 4108 quae
1305 4040 1366 4089 ut
1390 4030 1698 4091 evaderem
1722 4030 1907 4091 illiciti
1929 4030 2147 4091 amoris

514 4117 760 4179 insidias
780 4123 1076 4178 somnium
1102 4118 1267 4184 ﬁnxi.
1297 4128 1359 4179 ut
1380 4138 1510 4178 cum
1537 4118 1765 4180 duobus
1788 4119 1937 4181 meis
1953 4121 2151 4199 gemi-

510 4211 602 4269 nis
631 4206 1069 4288 percgrinarer,
1095 4216 1151 4267 et
1175 4208 1332 4268 hunc
1355 4208 1544 4268 solum
1585 4209 1764 4270 ﬁlium
1794 4227 1989 4270 meum
2017 4209 2153 4272 Cle-

2234 3229 2357 3289 hinc
2374 3228 2499 3301 tibi,
2526 3244 2736 3307 mater,
2761 3228 3557 3308 opportuniusexponentur.
3586 3227 3707 3287 Nos
3735 3226 3872 3285 inte-

2230 3318 2345 3379 rim
2371 3337 2500 3378 cum
2531 3320 2819 3398 penejam
2840 3318 3262 3396 deciperemur
3285 3336 3318 3378 a
3339 3316 3611 3388 Simone,
3636 3317 3870 3394 quidam

2235 3407 2457 3486 collega
2473 3408 2699 3468 domini
2721 3408 2834 3469 mei
2851 3407 3875 3485 Petri,Zacch.:eusnom=ne.monuit

2236 3516 2310 3557 ne
2341 3497 2683 3559 falleremur
2711 3516 2743 3557 a
2773 3516 2966 3574 mago,
3002 3501 3106 3558 sed
3136 3497 3347 3556 obtulit
3381 3515 3490 3555 nas
3536 3495 3875 3556 advenienti

2233 3586 2405 3648 Petro
2440 3599 2499 3646 ut
2526 3588 2599 3647 ab
2632 3589 2757 3665 ipso
2788 3605 2919 3667 qua)
2950 3596 3119 3648 erant
3150 3605 3291 3646 sana
3322 3595 3376 3645 et
3402 3584 3666 3664 perfecta
3699 3585 3871 3646 doce-

2235 3677 2631 3756 remur;quod
2666 3675 3577 3753 ettibiOptamusevenire.sicut
3609 3683 3665 3735 et
3713 3675 3879 3735 nobis

2236 3769 2527 3827 concessit
2545 3766 2724 3839 Deus,
2741 3767 3294 3845 utpossitnusetiam
3318 3765 3514 3825 cibum
3532 3776 3588 3826 et
3612 3783 3876 3827 mensam

2236 3855 2457 3917 habere
2487 3874 2886 3917 communem.
2926 3853 3079 3917 Hinc
3125 3874 3263 3933 ergo
3299 3856 3424 3925 fuit,
3462 3863 3685 3927 mater,
3718 3859 3875 3935 quod

2236 3964 2343 4005 nos
2373 3965 2406 4006 a
2438 3946 2639 4025 piratis
2661 3954 2882 4025 raptos,
2910 3946 3049 4005 tuin
3078 3945 3223 4005 mari
3245 3943 3561 4006 defunctos
3586 3961 3724 4004 esse
3748 3962 3881 4005 cre-

2236 4034 2461 4095 didisti.

2316 4124 2579 4187 XXXIV.
2614 4124 2757 4185 Cum
2785 4126 2910 4187 haec
2932 4124 3181 4186 dixisset
3204 4124 3433 4198 Niceta,
3460 4130 3653 4184 mater
3679 4131 3881 4182 nostra

2238 4214 2487 4294 procidit
2516 4216 2586 4275 ad
2616 4216 2794 4294 pedes
2820 4214 2998 4287 Petri,
3026 4232 3239 4292 rogans
3267 4214 3703 4290 etobsecrans,
3735 4220 3797 4269 ut
3822 4222 3879 4270 et

512 4304 770 4360 mentem
801 4296 871 4357 ad
906 4296 1176 4356 solatium
1230 4297 1379 4376 patri
1416 4297 1654 4377 reliqui.
1699 4298 1758 4361 Si
1796 4299 1953 4359 enim
2011 4300 2155 4361 mihi
2238 4305 2494 4382 seipsam
2528 4318 2589 4364 et
2621 4305 2911 4383 hospitam
2942 4323 3104 4364 suam
3142 4313 3415 4364 evocaret
3447 4303 3580 4362 sine
3616 4319 3786 4361 mora
3812 4318 3877 4359 ac

510 4386 629 4448 duo
681 4386 769 4447 vix
814 4385 1209 4459 sufﬁciebant,
1245 4396 1461 4466 quanto
1512 4388 1697 4465 magis
1745 4393 2153 4451 contristasset
2180 4393 2581 4473 r‘baptizaret,
2612 4393 2692 4453 uti
2728 4412 2799 4453 ue
2832 4411 2965 4463 una,
3004 4393 3213 4473 inquit,
3245 4393 3342 4453 die
3374 4392 3653 4453 damnum
3696 4392 3885 4470 patiar

512 4484 760 4555 patrem,
793 4474 843 4534 si
882 4476 1110 4535 nullum
1159 4452 1394 4554 penitus
1436 4452 1790 4537 habuisset?
1822 4478 1961 4539 Erat
1988 4478 2145 4538 enim

2238 4484 2523 4545 consortii
2556 4492 2611 4545 et
2644 4483 2945 4547 societatis
2970 4452 3242 4543 naldrum
3270 4501 3563 4544 meorum.
3592 4482 3883 4543 Similiter

513 4565 697 4625 miser
718 4565 928 4640 grandi
946 4565 1156 4626 aﬁ'ectu
1181 4582 1325 4641 erga
1349 4564 1521 4641 ﬁlios,
1549 4567 1625 4625 ita
1646 4575 1705 4625 ut
1744 4568 1838 4626 vix
1863 4567 1914 4626 ei
1938 4567 2149 4627 somnii

510 4652 826 4715 auctoritas
840 4661 1250 4730 extorqueret,
1272 4653 1616 4714 Faustinum
1646 4663 1697 4713 et
1724 4654 2002 4715 Faustum
2027 4657 2148 4718 Cle-

513 4741 732 4804 mentis
766 4740 940 4822 hujus
967 4742 1175 4805 fratres
1202 4742 1340 4802 mihi
1386 4744 1739 4819 concedere,
1767 4752 1824 4804 et
1870 4743 1998 4824 ipse
2028 4745 2155 4808 solo

511 4838 821 4892 contentus
853 4840 1009 4892 esset
1038 4830 1371 4893 Glemente.

592 4919 806 4984 XXXI.
834 4921 971 4983 Haec
996 4921 1095 4981 illa
1117 4938 1252 4980 cum
1284 4921 1539 5000 diceret,
1566 4922 1723 4983 ultra
1752 4939 1868 4984 non
1900 4922 2163 4986 ferentes

510 5011 727 5074 fratres
746 5011 861 5071 mei
880 5009 1116 5071 irruunt
1136 5009 1193 5069 in
1215 5011 1562 5090 complexus
1584 5012 1789 5075 matris
1814 5032 1947 5075 cum
1965 5015 2165 5076 multis

512 5095 811 5181 Iacrymis,
834 5106 892 5161 et
913 5099 1255 5160 osculantur
1278 5119 1434 5163 eam.
1459 5101 1532 5163 At
1557 5102 1689 5164 illa:
1723 5102 1873 5176 Quid
1903 5104 2053 5175 vult,
2083 5105 2172 5175 in,

515 5194 662 5276 quit,
698 5194 811 5255 hoc
834 5191 995 5254 esse?
1016 5193 1166 5254 Tum
1193 5195 1425 5256 Petrus:
1458 5195 1611 5258 Nolo
1631 5196 2161 5278 turberis,mulier,

515 5291 797 5347 constans
827 5290 951 5343 esto
980 5300 994 5357 ;
1029 5281 1122 5342 isti
1155 5291 1294 5356 sunt
1322 5284 1637 5345 Faustinus
1670 5294 1727 5348 et
1759 5288 2006 5348 Faustus
2054 5291 2161 5355 ﬁlii

516 5372 603 5435 tui
626 5390 774 5453 quos
800 5371 859 5431 in
880 5371 1175 5451 profundo
1199 5371 1422 5451 perisse
1449 5372 1720 5449 dicebas;
1742 5376 2037 5453 quomodo
2055 5398 2157 5442 au-

521 5470 637 5522 tem
685 5461 874 5522 vivant
898 5468 957 5522 et
988 5460 1288 5540 quomodo
1320 5459 1377 5521 in
1414 5461 1513 5523 illa
1558 5462 1829 5524 horribili
1875 5477 2050 5526 nocte
2082 5469 2157 5531 de

520 5549 1880 5630 profundoevaserint,etquemadmodumalius
1896 5551 2159 5633 ipsorum

518 5640 726 5702 Niceta
757 5649 816 5702 et
841 5639 1009 5701 Alius
1055 5640 1263 5723 Aquila
1287 5639 1541 5718 dicatur,
1574 5641 1687 5727 ipsi
1722 5641 1828 5703 tibi
1859 5660 2160 5725 exponere

2235 4583 2428 4636 autem
2452 4582 2508 4634 et
2530 4592 2674 4634 enos
2698 4573 2803 4634 ﬁlii
2828 4574 2957 4651 ejus
2979 4574 3336 4649 rogabamus
3362 4574 3626 4633 l’etrum.
3658 4571 3881 4631 Atille:

2239 4663 2391 4735 Quid
2428 4663 2666 4741 putatis,
2703 4662 2921 4741 inquit,
2953 4662 3093 4743 quia
3128 4681 3234 4737 ego
3280 4660 3716 4720 immisericors
3754 4677 3881 4718 sum

2241 4754 2425 4825 solus,
2458 4762 2514 4815 et
2539 4752 2676 4812 nolo
2702 4771 2801 4812 vos
2828 4751 3030 4811 matris
3054 4749 3320 4811 convivio
3345 4748 3611 4810 sociari?
3644 4749 3762 4809 Sed
3794 4767 3885 4807 ne-

2244 4860 2410 4903 cesse
2444 4851 2530 4901 est
2560 4860 2686 4902 eam
2715 4840 2801 4899 vel
2836 4859 2950 4901 una
2982 4839 3372 4920 diejejunare
3401 4838 3563 4917 prius
3588 4848 3643 4897 et
3670 4838 3750 4897 ita
3781 4838 3883 4896 ba-

2250 4931 2477 5011 ptizari,
2502 4939 2559 4992 et
2593 4931 2705 4991 hoc
2731 4930 2865 5009 quia
2891 4947 3228 4990 sermonem
3263 4930 3333 4989 ab
3359 4947 3427 4989 ea
3456 4927 3779 5005 quemdam
3813 4946 3879 4986 an

2248 5020 2388 5093 divi,
2439 5039 2543 5101 per
2590 5037 2765 5099 quem
2819 5019 2960 5080 mihi
3016 5017 3166 5079 lides
3218 5020 3350 5097 ejus
3398 5016 3613 5077 claruit
3669 5026 3732 5077 et
3794 5014 3888 5095 qui

2256 5109 2539 5171 indicium
2563 5109 2726 5170 dedit
2748 5108 3114 5168 credulitatis
3135 5107 3524 5188 ejus,alioqui
3540 5105 3885 5167 multiseam

2249 5199 2461 5261 diebus
2491 5196 2801 5279 oportebat
2830 5208 2964 5258 ante
2993 5197 3207 5258 instrui
3236 5207 3294 5257 et
3325 5196 3549 5257 doceri.

2330 5288 2562 5350 XXXV.
2593 5288 2665 5350 Et
2698 5305 2843 5364 ego:
2882 5287 3094 5359 Quaeso
3128 5295 3202 5361 te,
3240 5289 3503 5363 inquam,
3532 5283 3779 5344 domine
3814 5287 3891 5344 mi

2245 5380 2438 5449 Petre,
2482 5378 2577 5437 dic
2609 5376 2743 5455 quis
2767 5383 2854 5435 est
2885 5375 2997 5435 iste
3032 5392 3231 5435 sermo
3268 5392 3442 5454 quem
3479 5374 3629 5434 dicis
3653 5373 3896 5433 dedi.:se

2249 5466 2355 5528 tibi
2381 5466 2671 5527 indicium
2696 5463 2834 5525 ﬁdei
2869 5465 3038 5543 ejus?
3063 5463 3132 5525 Et
3158 5463 3367 5525 Petrus
3395 5485 3407 5525 :
3446 5464 3545 5526 lIle
3569 5481 3773 5523 sermo
3812 5468 3902 5520 est

2246 5576 2359 5638 quo
2394 5556 2643 5637 rogavit,
2679 5561 2739 5615 ut
2769 5562 2829 5614 et
2862 5554 3090 5634 hospita
3118 5571 3225 5615 sua
3256 5556 3423 5634 cujus
3462 5552 3774 5614 beneﬁciis
3808 5550 3897 5610 vi-

2245 5665 2374 5709 cem
2391 5647 2648 5711 reddere
2682 5642 3005 5720 desiderat,
3029 5643 3204 5704 simul
3232 5642 3558 5723 baptizetor
3593 5660 3733 5702 cum
3770 5643 3905 5721 ipsa
