4058 6206
2651 56 2660 60 “
2671 56 3064 90 ῖἿὝῊᾟ-
3081 62 3452 90 Μι-’π
3469 87 3474 89 ,
3491 68 3616 116 -εμ
3651 71 3746 116 τιν

323 277 478 392 4369
1499 324 2129 390 BECOGNITIONUM
2183 321 2326 386 LIB.
2381 323 2508 385 vn.
3539 323 3697 390 1370

323 461 454 526 Non
483 466 681 521 autem
709 465 965 538 rogaret,
991 464 1053 518 ut
1071 455 1156 518 illi
1180 475 1352 538 quam
1378 456 1566 536 diligit
1586 466 1963 538 praestaretur
1981 464 2019 514 A
2043 457 2172 534 iam
2191 457 2512 520 machatus
2524 465 2610 520 est
2624 475 2757 520 eam
2778 459 2844 520 in
2867 458 3042 520 corde
3058 458 3274 522 suo.Et
3294 461 3384 522 bis
3407 458 3642 521 addidit
3674 479 3687 522 :

323 552 446 614 haec
466 550 673 629 gratia,
713 547 828 609 nisi
852 546 1380 627 credidissetquud
1421 567 1696 625 magnum
1721 547 1960 629 aliquod
2045 546 2116 606 Si
2141 545 2349 609 oculus
2374 554 2515 608 tuus
2541 548 2756 632 dea'ler
2773 547 3164 609 scandalizat
3189 557 3265 623 te,
3301 569 3440 612 erue
3479 566 3614 611 eum
3635 558 3694 610 et

320 640 382 702 in
410 640 771 719 baptismate
808 654 1023 696 munus
1045 645 1220 695 esset.
1261 637 1424 697 Unde
1457 647 1514 697 et
1545 657 1650 716 ego
1675 637 1728 681 ⁵ο
1749 656 1960 718 rcpre-
2041 632 2236 713 abjice
2255 633 2363 696 abs
2387 643 2480 710 te;
2517 637 2762 712 expedit
2787 636 2948 699 enim
2971 638 3081 697 tibi
3104 646 3376 700 utunum
3397 641 3693 700 membro.-

319 729 519 790 bendo
545 726 835 800 plurimos
869 724 967 802 qui
1003 743 1136 784 cum
1163 724 1271 804 ipsi
1307 724 1680 804 baptizentur
1727 735 1784 789 et
1827 745 1962 789 cre-
2047 732 3694 804 rumtuorumpereat,quomtatumcarpustuummitta-

318 818 484 891 dant,
518 815 666 876 nihil
698 824 889 874 tamen
916 813 1157 891 dignum
1186 813 1303 874 ﬁde
1325 824 1508 890 agunt
1528 834 1660 876 cum
1704 817 1798 877 his
1818 834 1966 897 quos
2046 817 2150 872 tur
2171 817 2232 873 in
2259 811 2584 890 gehennam
2607 816 2766 893 ignis
2786 813 2859 876 59.
2887 813 3012 876 Non
3037 813 3222 875 dixit:
3277 816 3690 878 scandalizavit

319 907 596 985 diligunt,
628 903 684 966 id
713 912 801 965 est
835 901 1121 986 uxoribus
1149 902 1244 963 vel
1281 903 1418 963 ﬁliis
1438 904 1530 966 vel
1553 904 1784 986 amicis,
1818 924 1966 986 quos
2049 908 2132 978 te,
2159 910 2221 961 ut
2247 911 2626 982 posteaquam
2647 903 2992 982 peccaveris
3017 911 3156 965 tunc
3177 905 3428 984 abjicias
3451 923 3686 968 causam

322 1015 440 1059 non
465 995 536 1057 ad
569 995 681 1055 hoc
703 994 1019 1054 hortantur
1046 991 1208 1070 quod
1256 992 1371 1071 ipsi
1415 995 1676 1056 assecuti
1719 1004 1882 1066 sunt,
1915 995 1966 1056 si
2047 991 2494 1068 peccati,sed:si
2509 993 2895 1054 scandalizat
2916 993 3115 1072 le,hoc
3140 1003 3254 1065 est,
3283 1005 3345 1055 ut
3368 1005 3692 1073 antequam

322 1086 567 1166 quidem
601 1101 740 1144 vere
772 1081 1313 1161 rrediderintquod
1349 1090 1572 1143 asterna
1587 1083 1708 1144 vita
1731 1102 1837 1165 per
1856 1085 1968 1147 hoc
2049 1097 2283 1166 pecus,
2321 1098 2560 1140 causam
2597 1080 2821 1160 peccati
2853 1082 3227 1161 provocantis
3248 1093 3302 1144 te
3326 1083 3696 1145 etirritantis

323 1177 608 1237 donatur.
635 1172 904 1251 Denique
927 1171 977 1234 si
1003 1190 1103 1233 eos
1121 1179 1409 1248 mgrotare
1429 1173 1666 1234 videant
1687 1183 1788 1235 aut
1811 1175 1968 1254 peri-
2047 1165 2440 1232 abscidas.Ne
2454 1170 2587 1249 quis
2599 1179 2795 1231 autem
2811 1179 3074 1231 vestrum
3095 1173 3690 1252 putet,t‘ratres,quod

325 1266 461 1328 culo
495 1263 675 1326 alicui
703 1262 1022 1324 carnaliter
1051 1261 1394 1342 Subjacere,
1427 1260 1710 1325 doleutet
1742 1264 1964 1341 lugent,
2051 1256 2454 1318 membrorum
2471 1259 2940 1338 amputationem
2957 1261 3320 1322 mandavvrit
3357 1264 3644 1324 Dominus
3674 1283 3688 1325 :

324 1355 467 1433 quia
496 1354 552 1416 in
587 1353 700 1414 hoc
730 1351 873 1412 certi
906 1350 1151 1412 sunteis
1181 1350 1500 1412 imminere
1525 1352 1970 1431 perniciemJta
2055 1347 2497 1426 propositumin
2517 1349 2627 1410 hoc
2643 1349 3189 1425 vultresecari,non
3208 1351 3477 1412 membra
3491 1363 3698 1414 etcau-

324 1463 488 1522 ergo,
522 1443 572 1504 si
597 1451 657 1503 et
687 1443 762 1501 de
793 1439 906 1502 hoc
934 1439 1082 1500 certi
1111 1447 1310 1501 essent
1336 1441 1491 1520 quod
1511 1441 1612 1521 qui
1634 1440 1821 1503 Deum
1848 1461 1965 1503 nou
2049 1452 2144 1495 sas
2163 1435 2379 1514 quaead
2398 1438 2762 1516 peccandum
2781 1438 3176 1519 illiciunt,quo
3193 1441 3478 1514 cogitatio
3494 1452 3696 1504 nostra

320 1534 545 1598 colunt.
584 1538 784 1591 manet
816 1547 922 1590 eos
946 1546 1117 1608 poena
1146 1527 1300 1604 ignis
1323 1529 1801 1610 teterni,quaudo
1830 1547 1961 1592 ces-
2046 1537 2325 1603 aspectus
2350 1526 2619 1588 vehiculo
2633 1526 3008 1607 subvecta,ad
3025 1546 3286 1590 amorem
3299 1530 3689 1595 Deisensibus

316 1630 518 1684 sai-ent
554 1625 874 1681 monentes
897 1625 958 1678 et
987 1617 1367 1680 cohortantes
1401 1621 1426 1680 ?
1455 1620 1570 1680 Aut
1601 1620 1651 1680 si
1702 1619 1962 1682 absiste-
1987 1689 2018 1696 _
2046 1613 2351 1691 corporeis
2374 1615 2562 1676 invisa
2595 1617 2940 1687 contendat,
2986 1636 3092 1678 nec
3115 1619 3456 1681 carnalibus
3473 1621 3690 1696 oculis,

313 1720 472 1782 rent,
505 1710 807 1787 quomodo
840 1725 960 1768 non
1008 1706 1279 1785 lugerent
1309 1725 1413 1770 eos
1461 1717 1522 1768 et
1587 1710 1956 1788 plangerent,
1987 1689 2022 1738 Β
2043 1689 2660 1765 velutlascivientibus
2677 1706 2910 1786 equiset
2927 1715 3093 1767 extra
3108 1709 3521 1770 mandatorum
3539 1689 3687 1772 viam

316 1800 473 1864 certi
503 1808 723 1861 aeterna
756 1800 843 1858 eis
874 1795 1193 1858 imminere
1241 1796 1532 1876 supplicia
1561 1803 1589 1860 ?
1618 1795 1788 1859 Nunc
1820 1817 1957 1877 ergo
2044 1809 2280 1852 currum
2315 1792 2620 1856 declinare
2640 1794 3047 1875 cupientibus,
3069 1795 3298 1859 relaxet
3321 1797 3488 1861 frena
3506 1807 3565 1860 et
3586 1801 3689 1860 ha-

317 1893 480 1952 illam
514 1888 756 1969 quidem
791 1885 1105 1947 mulierem
1129 1885 1507 1947 evocablmus
1556 1887 1957 1967 postmodum,
2045 1879 2230 1942 benas
2254 1881 2582 1962 indulgeat;
2609 1884 2714 1944 sed
2744 1893 3307 1965 revocetaspectum
3329 1887 3600 1967 corporis
3615 1887 3691 1948 ad

319 1990 379 2044 et
410 1978 750 2040 videbimus
780 1976 831 2036 si
865 1984 1023 2036 amat
1047 1973 1224 2035 ﬁdem
1256 1975 1562 2054 religionis
1611 1989 1851 2050 nostras,
1903 1987 1961 2040 et
2044 1969 2352 2032 arbitrium
2375 1973 3480 2056 mentis,etnculosnostrosquosDeus
3499 1978 3696 2056 operis

321 2080 500 2150 prout
525 2082 901 2145 consequens
931 2063 1111 2126 fuerit
1131 2082 1399 2142 agemus.
1429 2064 1566 2126 Haec
1587 2075 1783 2127 autem
1815 2086 1963 2142 quo-
2051 2059 2543 2150 suiinspectores
2560 2081 2693 2123 esse
2719 2061 2974 2123 voluitet
2998 2071 3326 2139 testes,non
3352 2065 3602 2145 patiatur
3616 2065 3690 2127 ﬁ-

325 2149 487 2220 niam
521 2155 778 2218 ﬁdeliter
807 2153 996 2218 sensit
1021 2152 1096 2215 de
1125 2153 1442 2233 baptismo,
1469 2154 1703 2235 jejunet
1732 2156 1820 2217 vel
1853 2173 1970 2217 una
2051 2149 2406 2212 erilenones
2439 2152 2576 2212 mali
2603 2151 2914 2215 desiderii.
2952 2154 3022 2212 Et
3047 2153 3184 2215 ideo
3217 2154 3440 2216 cedant
3464 2155 3574 2234 legi
3594 2155 3696 2218 Dei

335 2248 435 2310 die
455 2255 594 2307 ante
623 2243 1009 2323 baptismum.
2058 2248 2172 2300 tam
2188 2239 2464 2319 corporei
2483 2260 2698 2304 sensus
2709 2260 2886 2323 quam
2904 2243 3138 2305 interna
3156 2244 3699 2326 cogitatio,etillius

418 2333 757 2400 XXXV[.At
779 2333 881 2394 illa
905 2351 1037 2393 cum
1053 2331 1402 2411 jurameuto
1413 2333 1812 2396 satisfaciebat
1832 2354 1979 2414 pm.
2058 2328 2338 2390 voluntati
2361 2331 2697 2393 ministrent
2718 2332 2894 2411 cujus
2909 2351 2976 2394 se
2992 2351 3174 2412 opera
3191 2333 3694 2414 esseintelligunt.

339 2435 510 2488 sente
527 2442 712 2486 uxore
730 2421 960 2484 domini
983 2420 1284 2496 meiPetri,
1311 2422 1444 2503 quia
1467 2441 1537 2484 ex
1555 2442 1670 2503 quo
1693 2441 1974 2504 recogno-
2142 2418 2458 2482 XXXVIII.
2476 2420 2660 2501 Igitur
2678 2432 2744 2484 ut
2764 2422 2911 2484 ordo
2935 2425 3196 2504 mysterii
3221 2425 3504 2504 poscebat
3523 2435 3581 2488 et
3600 2444 3698 2487 ra-

341 2514 486 2577 verit
515 2512 728 2583 ﬁlium,
763 2529 881 2590 prae
913 2509 1098 2571 multo
1121 2511 1334 2588 gaudio
1365 2509 1562 2572 cibum
1597 2531 1810 2591 capere
1840 2533 1979 2574 om-
2062 2511 2166 2582 tio,
2203 2510 2304 2571 die
2328 2519 2565 2590 postera
2594 2511 2928 2591 baptizatur
2955 2512 3014 2574 in
3045 2514 3215 2588 mari,
3246 2523 3306 2576 et
3329 2533 3600 2592 regressa
3625 2515 3699 2577 ad

341 2604 484 2666 nino
527 2601 883 2682 nequiverit,
919 2598 1032 2660 nisi
1064 2599 1346 2661 hesterna
1383 2599 1482 2660 die
1512 2601 1758 2663 calicem
1813 2621 1980 2683 aqua)
2063 2599 2382 2678 hospitium
2399 2599 2676 2663 omnibus
2699 2610 3140 2679 consequenter
3156 2604 3704 2683 mysteriisreligio-

338 2693 530 2754 solum
563 2689 810 2752 biberit.
847 2687 1197 2750 Testabatur
1226 2698 1421 2749 autem
1450 2699 1508 2750 et
1532 2707 1676 2750 uxor
1697 2689 1979 2765 Petri,di-
2066 2691 2156 2748 uis
2191 2687 2495 2751 imbuitur.
2523 2691 2860 2754 Aderamus
2878 2701 3078 2753 autem
3111 2701 3172 2754 et
3201 2711 3309 2754 nos
3328 2694 3434 2756 ﬁlii
3463 2695 3576 2773 sui,
3595 2693 3699 2755 Ni—

340 2800 484 2846 cens
513 2782 593 2842 ita
624 2797 785 2841 esse.
827 2776 898 2839 Et
925 2777 1139 2857 Aquila
1161 2776 1263 2838 ait:
1291 2776 1440 2849 Quid
1465 2797 1606 2857 ergo
1655 2779 1847 2841 obstat
1875 2800 1980 2844 cur
2062 2785 2193 2841 ceta
2221 2787 2278 2839 et
2311 2779 2528 2859 Aquila
2557 2789 2616 2842 et
2637 2799 2744 2861 ego
2775 2782 3074 2845 Clemens.
3106 2781 3176 2842 Et
3197 2793 3328 2861 post
3377 2784 3502 2846 haec
3523 2783 3698 2846 simul

341 2891 459 2933 non
504 2869 876 2950 baptizetur?
914 2865 1062 2928 Tum
1093 2864 1302 2927 Petrus
1333 2866 1652 2930 subridens
1679 2886 1692 2930 :
1719 2870 1835 2933 Sed
1861 2889 1979 2932 non
2063 2883 2195 2928 Cum
2228 2885 2300 2930 ea
2325 2869 2760 2952 prandimus,et
2788 2870 2966 2932 simul
2987 2871 3448 2949 gloriﬁcavimus
3480 2874 3697 2949 Deum,

340 2971 453 3032 est,
487 2959 697 3038 inquit,
727 2959 837 3019 hoc
859 2955 1156 3036 jejunium
1181 2955 1484 3036 baptismi,
1516 2959 1675 3037 quod
1700 2978 1818 3020 non
1845 2979 1980 3040 pro-
1997 2972 2038 3023 c
2063 2955 2392 3019 referentes
2414 2960 2628 3038 gratias
2645 2959 2857 3022 studiis
2878 2969 2937 3020 et
2954 2959 3243 3022 doctrinae
3276 2965 3452 3034 Petri,
3479 2968 3577 3040 qut
3603 2980 3704 3024 no-

342 3060 471 3130 pter
484 3049 839 3130 baptismum
854 3047 1192 3125 jejunatum
1217 3045 1778 3110 est.EtNiceta:Sed
1801 3049 1976 3131 forte,
2066 3045 2156 3107 bis
2177 3047 2436 3109 ostendit
2460 3066 2568 3126 per
2588 3049 2960 3111 occasionem
2985 3049 3517 3130 matris,quomodo
3537 3050 3704 3129 pndi-

340 3140 556 3222 inquit,
599 3137 804 3198 volens
831 3135 990 3196 Deus
1024 3143 1269 3194 matrem
1307 3143 1566 3197 nostram
1602 3155 1712 3198 nec
1743 3157 1858 3198 una
1885 3139 1983 3200 die
2064 3135 2220 3197 citiie
2239 3135 2458 3199 bonum
2483 3157 2600 3199 ncn
2628 3137 3438 3220 pereatapudDeum,sicute
3459 3148 3699 3202 contra-

341 3230 557 3308 agnitis
588 3226 758 3288 nobis
788 3223 1052 3304 separari
1084 3241 1119 3284 a
1145 3225 1444 3286 consortio
1477 3244 1702 3288 mensa:
1740 3238 1977 3303 nostrae,
2064 3227 2153 3286 rio
2174 3226 2566 3308 impudicitia,
2603 3228 2816 3309 inquit,
2839 3227 3070 3288 etiamsi
3121 3245 3231 3289 neu
3261 3229 3481 3304 statim,
3507 3236 3704 3289 tamen

345 3316 763 3400 praeordinavit
786 3314 899 3375 hoc
922 3323 983 3373 ut
1011 3323 1149 3374 ante
1162 3313 1485 3393 jejunaret.
1507 3316 1673 3376 Sicut
1697 3316 1855 3377 enim
1882 3336 1984 3397 pu-

345 3405 605 3469 dicitiam
639 3404 894 3466 servavit
923 3402 984 3464 in
1009 3404 1360 3481 ignorantia,
1387 3413 1448 3462 ut
1481 3404 1799 3483 proﬁceret
1823 3407 1876 3465 ei
1909 3405 1982 3468 ad

341 3496 617 3577 baptismi
635 3493 911 3573 gratiam,
939 3493 1321 3571 ilajejunavit
1346 3500 1667 3571 antequam
1697 3495 1875 3556 sciret
1890 3496 1985 3576 je-

335 3585 496 3667 junii
527 3584 842 3656 rationem,
875 3590 936 3641 ut
966 3581 1280 3659 proﬁceret
1313 3581 1367 3642 ei
1399 3582 1472 3642 ad
1519 3583 1899 3663 baptismum,
1926 3593 1986 3646 et

344 3676 540 3738 statim
573 3673 646 3734 ab
679 3672 848 3733 initio
877 3670 1200 3749 agnitionis
1227 3678 1440 3733 nostra:
1470 3672 1780 3736 nobiscum
1817 3675 1982 3753 pari-

2069 3314 2205 3376 licet
2241 3317 2406 3376 tarde
2432 3335 2548 3377 non
2583 3318 2789 3397 eﬁ‘ugit
2818 3335 3073 3398 poenam.
3117 3318 3181 3377 In
3239 3325 3460 3378 tantum
3506 3325 3702 3380 autem

2069 3403 2377 3483 pudicitia,
2404 3404 2623 3486 inquit,
2657 3410 2780 3470 Deo
2815 3406 3028 3486 placita
3057 3415 3168 3484 est,
3197 3407 3458 3467 utetiam
3484 3407 3574 3468 his
3603 3407 3706 3486 qui

2067 3492 2129 3553 in
2154 3511 2358 3554 errore
2388 3503 2527 3555 sunt
2561 3497 2757 3574 positi,
2789 3494 3053 3556 nonnihil
3082 3495 3283 3572 gratiae
3322 3494 3385 3556 in
3429 3495 3707 3575 praesenti

2068 3582 2338 3645 conferat
2362 3591 2498 3646 vita.
2534 3586 2681 3648 Nam
2714 3585 2908 3646 futura
2934 3584 3366 3646 beatitudoitlis
3387 3586 3580 3646 solum
3604 3603 3704 3646 re-

2066 3672 2252 3754 posita
2287 3683 2398 3750 est,
2441 3676 2541 3752 qui
2574 3693 2678 3756 per
2735 3677 2981 3754 gratiam
3030 3675 3311 3756 baptismi
3366 3675 3704 3755 pudicitiam

343 3773 435 3828 ter
468 3781 689 3825 mensa:
717 3759 1020 3822 consortio
1059 3759 1380 3822 frueretur.
2059 3761 3151 3845 justitiamqueservaverint.Denique
3175 3764 3450 3843 exemplo
3469 3763 3708 3825 esthuic

420 3851 707 3917 XXXVII.
743 3849 890 3912 Tum
922 3851 1152 3912 Petrus:
1179 3847 1308 3910 Non
1335 3868 1461 3930 nos,
1514 3851 1732 3928 inquit,
1791 3851 1984 3914 vincat
2065 3851 2153 3913 rei
2178 3853 2353 3914 etiam
2392 3854 2526 3922 hoc,
2553 3855 2707 3935 quod
2742 3872 2884 3933 erga
2908 3864 3154 3915 matrem
3189 3863 3452 3916 vestram
3477 3862 3708 3933 gestum

343 3944 638 4022 malignus
660 3940 975 4002 occasione
999 3948 1246 4017 accepta
1278 3957 1384 4018 per
1415 3939 1693 4000 affectum
1751 3941 1978 4015 matris,
2068 3949 2178 4014 est,
2209 3942 2306 4003 cui
2339 3943 2500 4004 salus
2523 3943 2646 4006 haec
2676 3946 2872 4006 omnis
2917 3963 3022 4024 pro
3075 3945 3354 4006 mercede
3406 3944 3710 4024 pudicitiae

340 4033 445 4096 sed
482 4030 672 4110 magis
696 4048 796 4090 vos
827 4038 887 4089 et
916 4046 1023 4106 ego
1073 4027 1377 4088 vobiscum
1433 4027 1611 4089 hodie
1634 4028 1984 4108 jejunemus
2066 4042 2338 4110 reparata
2359 4043 2472 4112 est,
2493 4033 2564 4094 ad
2589 4052 2770 4110 quam
2795 4033 3245 4095 custodiendam
3269 4043 3330 4096 et
3351 4052 3710 4096 conservan-

343 4142 477 4185 cum
512 4122 662 4201 ipsa,
695 4127 753 4179 et
811 4118 1068 4180 crastino
1129 4116 1524 4194 baptizabitur
1579 4117 1744 4196 (47);
1792 4137 1984 4199 neque
2067 4121 2200 4182 dam
2233 4140 2350 4182 non
2383 4124 2602 4184 sufﬁcit
2621 4125 2748 4185 sola
2765 4125 3156 4196 continentia,
3186 4132 3290 4186 sed
3320 4123 3420 4184 ubi
3455 4123 3715 4185 senserit

345 4211 506 4274 enim
532 4211 765 4290 justum
799 4207 979 4270 estad
1006 4207 1255 4287 gratiam
1293 4224 1564 4286 personae
1615 4209 1870 4288 alicujus
1928 4216 1986 4270 et
2069 4211 2202 4290 quis
2232 4210 2488 4272 insidias
2509 4212 3002 4292 etdeceptionem
3032 4212 3541 4291 parari,continuo
3562 4211 3714 4273 sicut

344 4300 646 4375 amicitiae,
679 4298 898 4360 resolvi
931 4306 986 4358 et
1033 4299 1338 4358 extenuari
1374 4305 1666 4375 prmeepta
1696 4297 1982 4363 veritatis.
2011 4293 2142 4362 l)ab
2175 4301 2326 4379 ignis
2372 4301 2597 4382 impetu
2626 4311 2728 4364 aut
2756 4303 2994 4365 incursu
3020 4302 3185 4362 canis
3209 4299 3400 4361 rahidi
3436 4301 3713 4376 refugiat,

348 4396 481 4457 Non
505 4407 646 4468 ergo
679 4388 998 4468 pigeatnos
1025 4387 1210 4464 magis
1235 4385 1509 4448 laborare
1539 4405 1671 4447 cum
1706 4387 1826 4467 illa,
1852 4390 1990 4468 quia

351 4499 527 4543 omne
546 4478 884 4540 mandatum
905 4478 1526 4557 prmlerirepeccatum
1541 4485 1652 4540 est.
1666 4476 1992 4540 Doceamus

349 4580 547 4634 autem
573 4585 786 4630 sensus
829 4576 1063 4628 nostros
1106 4567 1453 4646 corporales
1485 4566 1586 4646 qui
1620 4569 1993 4630 extrinsecus

350 4657 742 4739 sunt,servire
757 4656 1140 4719 interioribus
1154 4657 1520 4728 sensibus,et
1539 4675 1656 4716 non
1678 4657 1994 4720 interiores

350 4767 584 4819 sensus,
617 4746 717 4828 qui
740 4765 874 4827 qua:
903 4748 1006 4808 Dei
1043 4755 1181 4808 sunt
1223 4746 1483 4826 sapiunt,
1515 4764 1794 4823 cogamus
1824 4749 1993 4826 sequi

2074 4410 2182 4451 nec
2205 4390 2465 4450 conﬁdat
2486 4392 2644 4471 quod
2677 4391 3013 4470 hujusmodi
3041 4389 3289 4450 insidias
3331 4389 3512 4467 possit
3541 4389 3717 4449 facile

2074 4480 2291 4555 aliquis
2315 4480 2789 4560 philosophaudo
2820 4490 2918 4541 aut
2951 4478 3242 4559 palpando
3267 4478 3712 4554 cohiberezsed,

2075 4580 2138 4629 ut
2167 4568 2310 4640 dixi,
2345 4568 2748 4645 effugiendum
2783 4579 2875 4630 est
2905 4577 2963 4629 et
3011 4570 3183 4646 longe
3229 4567 3704 4637 abscedendum,

2076 4657 2234 4718 sicut
2265 4657 2405 4718 fecit
2435 4666 2493 4718 et
2526 4669 2722 4719 vestra
2757 4667 2946 4719 mater
2975 4675 3112 4718 vere
3143 4666 3200 4718 et
3228 4657 3460 4734 integre
3490 4656 3711 4716 bonum

2077 4746 2334 4825 diligens
2359 4747 2680 4826 pudicitiae.
2710 4749 2956 4826 Propter
2981 4747 3136 4826 quod
3157 4755 3214 4808 et
3237 4753 3587 4810 conservata
3608 4763 3718 4806 vo-

351 4835 1173 4917 exteriores,quiquzecarnis
1191 4835 1867 4916 suutsapiuntJ’ropter
1885 4839 1998 4900 hoc
2089 4835 2178 4896 bis
2212 4845 2301 4897 est
2326 4855 2392 4898 ac
2421 4851 2526 4898 v0s
2557 4836 2664 4915 illi,
2699 4836 2942 4914 insuper
2990 4845 3188 4898 autem
3234 4844 3293 4897 et
3322 4843 3562 4897 aeternae
3590 4833 3722 4895 vita;

345 4929 394 4972 ⁵¹
419 4927 578 4990 enim
603 4939 662 4990 et
688 4927 974 4988 Dominus
1000 4926 1344 4987 mandatum
1364 4925 1553 4999 dedit,
1605 4925 1830 4990 dicens:
1852 4929 2004 5004 Qui.

347 5036 586 5099 cunque
600 5017 827 5080 viderit
846 5017 1167 5079 mulierem
1184 5016 1266 5076 ad
1287 5016 1828 5094 concupiscendam
1845 5036 2004 5100 eam,

2087 4925 2384 5005 agnitione
2429 4924 2664 4987 donata.
2717 4925 2860 4987 Cum
2908 4925 3032 4987 haec
3091 4935 3150 4986 et
3207 4923 3390 4985 multa
3445 4923 3562 4985 alia
3621 4921 3719 4984 his

2089 5014 2304 5080 similia
2334 5012 2606 5094 dixisset,
2641 5031 2888 5093 vespere
2914 5015 3063 5076 facto
3093 5012 3515 5094 requievimus.

424 5178 479 5221 5°
517 5179 686 5241 Unde
719 5185 774 5240 et
810 5194 914 5255 ego
945 5209 1022 5220 --
1059 5177 1383 5258 imminere
1403 5177 1721 5258 supplicia,
1741 5197 1856 5241 non
1889 5179 2168 5258 leguntur
2223 5176 2291 5258 in
2331 5174 2508 5238 codd.
2547 5174 2738 5255 Lipss.
2819 5174 2870 5218 ⁶¹
2923 5177 3178 5255 Propter
3207 5172 3316 5235 hoc
3362 5205 3436 5217 —
3479 5169 3723 5233 lenones

348 5259 507 5323 mali
534 5259 817 5322 desiderii
851 5259 1066 5318 desunt
1093 5257 1154 5317 in
1185 5255 1362 5318 codd.
1397 5255 1589 5336 Lipss.
1675 5257 1730 5302 ⁵9
1758 5255 1975 5322 Matth:
1991 5278 2054 5336 v,
2090 5259 2190 5332 28,
2223 5255 2324 5319 29.

1672 5416 2068 5483 COTELERII
2115 5415 2364 5482 NOTIE.

429 5581 548 5660 (47)
592 5581 700 5660 Vos
728 5587 780 5641 et
811 5595 916 5660 ego
945 5575 1452 5660 vobiscuathodie
1471 5576 1833 5655 jejunemus
1861 5596 1996 5660 cum

2083 5580 2300 5641 mentis
2336 5577 2760 5658 baptizaturus,
2790 5576 3003 5658 indicit
3019 5572 3320 5658 jejunium
3346 5574 3510 5658 omni
3541 5574 3722 5658 plebi,

350 5665 508 5745 ipsa,
531 5652 654 5724 etc.
682 5658 782 5724 Sic
816 5652 918 5722 lib.
950 5677 1007 5734 ι,
1033 5675 1165 5738 cap.
1201 5655 1312 5718 ult.
1341 5652 1551 5719 Petrus
1599 5666 1832 5739 patrem
1857 5659 1999 5724 Cle-
2081 5678 2197 5739 quo
2246 5659 2322 5722 de
2341 5652 2458 5720 ritu
2481 5657 2543 5719 in
2563 5655 2864 5739 Apologia
2902 5661 2938 5717 2
2960 5652 3183 5719 Justini
3200 5652 3499 5737 Martyris,
3529 5652 3595 5738 p.
3617 5652 3718 5720 93L
