4080 6210
424 255 567 347 1371
1250 259 1308 318 S.
1353 251 1781 320 CLEMENTIS
1826 258 1847 318 Ι
1895 256 2077 318 ROM.
2124 252 2350 319 PONT.
2397 252 2645 321 OPERA
2694 260 2949 324 DUBIA.
3629 264 3791 327 1372

1558 582 1932 679 LIBER
2010 581 2627 681 OCTAVUSo

494 911 540 975 Ι.
560 911 804 975 Postera
820 923 1014 976 autem
1039 914 1135 975 die
1156 912 1367 975 Petrus
1390 930 1561 973 mane
1580 911 1896 992 assumptis
1916 912 2038 974 fra-
2063 921 2098 969 Α
2127 930 2257 973 mus
2289 912 2417 993 ipse
2449 914 2676 994 incipit.
2724 933 2835 976 nec
2884 922 3290 993 contemptum
3333 916 3499 978 senis
3530 914 3781 991 habuit,

414 1001 603 1064 tribus
627 1004 775 1064 meis
805 1012 863 1064 et
889 1021 1004 1075 me,
1028 1002 1340 1065 descendit
1364 1001 1435 1063 ad
1460 1010 1790 1081 portum,ut
1814 1002 1874 1063 in
1904 1003 2046 1063 mari
2134 1020 2325 1081 neque
2356 1002 2626 1083 despexit
2657 1003 2810 1083 quod
2832 1003 2959 1066 vilis
2980 1004 3307 1066 eiamictus
3326 1013 3489 1067 esset
3509 1014 3570 1066 et
3589 1004 3788 1067 sordi~

414 1092 766 1167 lavaremus,
794 1103 851 1154 et
884 1102 1011 1173 post
1041 1092 1153 1154 hoc
1181 1091 1254 1153 ad
1282 1092 1475 1153 locum
1509 1092 1825 1168 qeemdam
1852 1111 2049 1154 secre-
2131 1091 2264 1155 dus.
2300 1092 2398 1154 Ait
2430 1110 2571 1172 ergo
2596 1113 2607 1151 :
2631 1092 2922 1165 Quoniam
2953 1094 3193 1173 quidem
3235 1093 3458 1158 videris
3491 1093 3638 1155 mihi
3696 1093 3788 1153 vir

412 1183 618 1244 tiorem
644 1184 1001 1246 secessimus
1049 1181 1339 1244 orationis
1368 1181 1585 1259 gratia.
1621 1181 1816 1243 Senex
1849 1191 2046 1243 autem
2130 1181 2401 1245 eruditus
2431 1200 2562 1245 esse
2592 1190 2651 1243 et
2682 1182 3021 1244 misericors
3046 1201 3116 1245 ex
3147 1202 3218 1245 eo
3242 1186 3399 1264 quod
3429 1183 3610 1245 adisti
3643 1199 3781 1257 nos,

410 1272 650 1351 quidam
682 1291 923 1353 pauper,
954 1280 1011 1333 et
1040 1281 1102 1333 ut
1127 1272 1449 1351 apparebat
1473 1289 1547 1333 ex
1579 1270 1781 1332 habitu
1826 1289 2044 1351 opera-
2134 1280 2192 1333 et
2216 1271 2370 1350 quod
2405 1270 2509 1333 tibi
2541 1271 2760 1333 bonum
2781 1271 3132 1335 videbantur
3157 1274 3415 1335 celatum
3447 1272 3624 1334 nobis
3646 1289 3785 1334 esse

409 1359 555 1437 rius,
592 1360 826 1421 curiose
860 1379 927 1421 ex
956 1361 1189 1421 occulto
1222 1359 1545 1421 observare
1588 1377 1697 1420 nos
1747 1360 1946 1439 caspit,
1990 1368 2049 1422 ut
2134 1361 2399 1433 noluisti,
2446 1361 2717 1423 volumus
2746 1369 2803 1424 et
2832 1380 2943 1424 nos
2974 1362 3080 1424 tibi
3108 1380 3237 1443 quae
3285 1362 3461 1424 nobis
3515 1361 3679 1423 bona
3724 1370 3785 1421 et

412 1448 633 1511 videret
664 1450 804 1529 quid
838 1468 1153 1525 ageremus
1186 1450 1245 1511 in
1271 1458 1504 1513 secreto
1540 1449 1741 1527 positi.
1786 1449 2052 1529 Cumque
2129 1459 2292 1511 recta
2317 1452 2640 1514 creduntur
2677 1469 3000 1532 exponere,
3030 1470 3159 1532 quae
3178 1452 3229 1514 si
3251 1452 3358 1513 tibi
3410 1453 3610 1512 minus
3637 1468 3785 1512 vera

409 1556 515 1599 nos
546 1549 787 1601 orantes
810 1540 1075 1618 vidisset,
1111 1539 1473 1620 exspectavit
1495 1539 1686 1599 donec
1719 1538 2049 1608 exiremus,
2132 1540 2513 1622 videbuntur,
2542 1543 2717 1603 etiam
2746 1551 2806 1605 tu
2832 1550 3103 1603 nostrum
3127 1560 3267 1620 erga
3297 1550 3354 1604 te
3383 1540 3605 1603 bonum
3641 1558 3782 1618 pro-

408 1635 465 1687 et
493 1629 760 1691 salutans
794 1649 901 1691 nos
925 1632 1025 1691 ait:
1062 1629 1123 1693 Si
1156 1649 1273 1692 non
1310 1648 1465 1707 aegre
1495 1628 2043 1708 accipitis,etquasi
2129 1632 2382 1709 positum
2415 1630 2669 1692 libenter
2692 1631 3116 1712 suscipe,sicut
3141 1639 3197 1691 et
3219 1648 3329 1691 nos
3348 1629 3618 1691 tuum.Et
3636 1650 3777 1695 cum

408 1718 707 1780 curiosum
743 1738 839 1781 me
866 1728 969 1780 aut
1000 1724 1401 1799 importunum
1437 1718 1878 1789 notatis,velim
1937 1737 2039 1779 vo-
2128 1719 2253 1780 hinc
2304 1721 2534 1782 diceret
2590 1723 2815 1793 Petrus,
2876 1720 3132 1801 plurima
3166 1718 3416 1781 multido
3466 1722 3773 1783 convenit.

406 1806 634 1869 hiscum
669 1810 945 1871 conferre
968 1828 1335 1872 sermonem.
1369 1809 1505 1888 quia
1536 1807 1764 1869 habens
1798 1807 2040 1870 misera-
2125 1808 2274 1870 Tum
2307 1829 2488 1871 senex
2516 1828 2529 1872 :
2555 1812 2865 1883 Fortassis,
2901 1811 3107 1891 inquit.
3144 1809 3455 1871 contristat
3487 1828 3590 1871 vos
3624 1829 3780 1890 pra:-

404 1897 625 1959 tionem
659 1899 861 1976 vestri,
888 1898 1000 1961 sub
1032 1899 1235 1978 specie
1264 1897 1528 1959 veritatis
1560 1915 1761 1959 errare
1789 1915 1891 1957 vos
1917 1897 2044 1958 nol-
2123 1898 2313 1960 sentia
2337 1899 2835 1963 multitudinis.Et
2872 1901 3107 1963 Petrus:
3131 1899 3785 1981 Nequaquam,inquit,

404 1985 520 2047 lem
555 1996 613 2049 et
641 1987 861 2050 habere
898 1997 1116 2050 metum
1143 1989 1215 2049 de
1240 1988 1483 2063 hisque;
1507 2005 1625 2047 non
1652 1995 1788 2047 sunt
1815 2006 1830 2060 ;
1865 1994 1965 2047 aut
1991 1987 2039 2047 si
2124 1988 2237 2049 nisi
2263 1990 2374 2049 hoc
2397 1990 2585 2050 solum
2613 2007 2931 2067 vereor,ne
2957 1989 3109 2051 forte
3137 1987 3579 2068 disputantibus
3608 1990 3790 2051 nobis

400 2076 616 2153 putatis
639 2095 772 2139 esse
802 2077 1020 2157 aliquid
1073 2076 1217 2147 veri,
1254 2077 1466 2138 tradite
1509 2077 1684 2136 etiam
1749 2075 1913 2136 mihi.
1977 2073 2040 2138 Si
2126 2097 2261 2139 cum
2299 2077 2490 2158 palam
2517 2078 2671 2140 facta
2697 2078 2876 2141 fuerit
2898 2080 3115 2140 veritas
3140 2087 3199 2139 tu
3229 2077 3655 2139 verecundiam
3684 2098 3786 2157 pa-

399 2182 536 2243 ergo
558 2171 855 2244 patienter
870 2167 1410 2247 accipitis,possum
1429 2183 1530 2226 vos
1554 2163 1761 2244 paucis
1782 2164 2038 2225 educere
2066 2193 2099 2242 Β
2128 2169 2289 2230 tiaris
2313 2187 2419 2250 pro
2446 2170 2764 2249 praesentia
2788 2167 3183 2230 multitudinis
3207 2172 3422 2228 cedere
3446 2175 3503 2227 et
3523 2168 3775 2249 acquie-

398 2274 530 2334 quze
557 2266 720 2320 recta
748 2267 903 2337 sunt;
930 2257 979 2318 si
1002 2274 1140 2317 vero
1161 2256 1500 2326 molestum,
1528 2272 1766 2333 pergam
1792 2262 1849 2315 et
1872 2272 2037 2316 meos
2123 2276 2292 2320 scere
2324 2258 2416 2320 his
2438 2276 2567 2339 quae
2590 2277 2728 2319 vera
2759 2258 2876 2323 dici
2906 2256 3407 2320 intellexerisAd
3441 2257 3570 2318 haec
3588 2275 3777 2321 senex

399 2354 565 2406 actus
589 2364 781 2424 agam.
833 2345 938 2409 Cui
982 2345 1191 2407 Petrus
1223 2345 1576 2425 respondit:
1615 2344 1718 2406 Dic
1746 2364 1856 2419 age
1876 2344 2035 2425 quod
2122 2348 2201 2410 ait
2236 2369 2250 2407 :
2286 2352 2407 2427 Ego
2435 2367 2552 2409 non
2586 2349 2666 2411 ita
2716 2348 2934 2411 stultus
2981 2346 3293 2422 consenui,
3336 2358 3398 2406 ut
3429 2344 3779 2426 intelligens

404 2434 509 2495 tibi
540 2435 770 2497 videtur
804 2440 1041 2504 bonum.
1070 2445 1129 2496 et
1160 2435 1417 2496 libenter
1444 2434 1773 2513 accipimus
1822 2434 1944 2495 sive
1978 2434 2032 2494 id

400 2541 610 2585 verum
643 2526 763 2587 sive
796 2526 973 2587 etiam
1001 2525 1209 2586 falsum
1243 2526 1354 2604 sit;
1388 2523 1843 2603 amplectendus
1874 2524 2032 2585 enim

398 2631 485 2685 es,
513 2614 651 2693 quia
680 2615 837 2693 quod
869 2614 975 2675 tibi
1000 2615 1219 2675 bonum
1252 2614 1505 2674 videtur.
1547 2622 1821 2691 tanquam
1872 2623 2038 2691 pater

397 2720 503 2782 pro
535 2703 668 2765 filiis
688 2702 980 2766 sellicitus
1005 2721 1388 2764 commouere
1422 2702 1662 2764 voluisti

477 2791 547 2856 ll.
577 2790 719 2853 Tum
745 2796 947 2855 senior
976 2793 1397 2872 caspitdicere:
1423 2794 1485 2853 ln
1523 2792 1669 2853 mari
1709 2791 2038 2854 voslavisse

395 2882 533 2957 vidi,
566 2893 623 2944 et
658 2893 787 2962 post
817 2885 930 2945 hoc
959 2883 1033 2945 ad
1078 2891 1374 2945 secretum
1411 2883 1734 2944 secessisse
1783 2882 1977 2943 locum
2015 2900 2033 2959 ;

396 2970 718 3032 observans
732 2990 872 3049 ergo
889 2972 963 3034 de
985 2971 1216 3034 occulto
1245 2972 1382 3051 quid
1408 2972 1464 3032 in
1497 2981 1729 3033 secreto
1752 2971 2030 3051 ageretis,

396 3070 635 3122 orantes
653 3061 902 3142 inspexi;
932 3062 1246 3123 miseratus
1264 3063 1437 3140 igitur
1456 3080 1723 3122 errorem
1749 3056 2030 3134 vestrum;

394 3152 652 3229 opperiri
684 3153 860 3231 ccepi,
895 3171 1201 3233 usquequo
1254 3170 1526 3232 egressos
1590 3152 1931 3231 alloquerer
1976 3159 2036 3212 et

392 3240 783 3318 docerem,ne
806 3243 1018 3302 erretis
1041 3242 1098 3303 in
1123 3241 1462 3321 hujusmodi
1490 3240 2029 3318 observantia,quia

394 3348 587 3409 neque
615 3332 772 3393 Deus
792 3339 880 3392 est
912 3350 1104 3411 neque
1126 3332 1318 3393 cultus
1339 3331 1434 3391 hic
1456 3330 1673 3407 aliquis
1696 3340 1807 3408 est,
1840 3348 2033 3410 neque

395 3419 769 3496 providentia
792 3420 852 3481 in
877 3421 1121 3499 mumlo,
1158 3419 1262 3480 sed
1285 3420 1559 3481 fortuitus
1578 3438 1748 3481 casus
1767 3428 1825 3481 et
1843 3438 2032 3495 βοηθε-

392 3508 473 3569 sis
502 3519 680 3589 agunt
702 3509 925 3583 omnia,
961 3510 1115 3570 sicut
1147 3528 1254 3585 ego
1289 3528 1358 3570 ex
1386 3510 1615 3589 meipso
1652 3510 2027 3571 manifestis-

390 3596 540 3657 sime
577 3596 841 3676 comperi
864 3597 921 3658 in
958 3598 1276 3677 disciplina
1297 3601 1633 3659 matheseos
1662 3617 1783 3676 prae
1804 3598 2034 3660 cmtcris

392 3683 681 3746 eruditus.
752 3684 942 3747 Nolite
992 3706 1133 3766 ergo
1183 3705 1430 3758 errare;
1483 3688 1605 3749 sive
1635 3688 1839 3759 oretis,
1912 3688 2036 3749 sive

392 3793 506 3835 non
538 3774 742 3839 oretis.
775 3777 931 3855 quod
962 3779 1195 3855 genesis
1227 3786 1418 3837 vestra
1451 3776 1739 3848 continet,
1775 3777 1885 3837 hoc
1918 3780 2033 3839 erit

390 3863 657 3929 vobis.Et
678 3884 785 3944 ego
811 3865 1087 3929 Clemens
1127 3867 1325 3927 nescio
1349 3868 1487 3947 quid
1518 3867 1700 3928 corde
1725 3865 2025 3945 pulsabar,

392 3954 571 4014 multa
601 3955 768 4033 quasi
801 3965 937 4017 nuta
972 3956 1115 4017 mihi
1143 3958 1416 4018 recolens
1447 3956 1505 4016 in
1527 3975 1596 4018 eo
1631 3980 1645 4025 ;
1683 3956 1835 4017 bene
1871 3956 2029 4017 enim

387 4044 466 4103 ait
497 4043 909 4125 quidam,quia
928 4046 1084 4125 quod
1119 4063 1190 4107 ex
1216 4047 1415 4122 aliquo
1441 4054 1639 4108 natum
1666 4054 1774 4124 est,
1802 4034 2033 4106 etiamsi

391 4133 575 4194 multo
610 4143 876 4213 tempore
895 4134 1179 4215 abfuerit,
1214 4153 1515 4215 nunquam
1552 4146 1750 4196 tamen
1772 4133 2032 4196 scintilla

389 4224 850 4304 propinquitatis
883 4225 1470 4305 exstinguitur.C(epi
1495 4244 1636 4301 ergo
1659 4225 2031 4302 interrogare

384 4312 458 4375 ab
488 4332 582 4386 eo,
609 4313 743 4393 quis
772 4324 830 4375 et
863 4315 1020 4375 unde
1060 4324 1239 4388 esset,
1272 4314 1364 4376 vel
1395 4313 1695 4395 quomodo
1730 4324 1916 4375 ortus.
1951 4316 2030 4374 At

386 4403 487 4465 ille
511 4404 584 4464 ad
620 4404 745 4465 haec
764 4405 1134 4482 respondere
1165 4403 1582 4482 nolenszQuid,
1616 4404 1718 4477 ait,
1750 4404 1862 4465 hoc
1887 4421 2028 4482 per-

387 4494 533 4553 tinet
557 4493 629 4554 ad
660 4511 731 4555 ea
763 4512 894 4574 quae
917 4493 1037 4555 dixi
1065 4493 1230 4554 vobis
1251 4500 1278 4556 ?
1309 4492 1423 4555 Sed
1452 4495 1661 4573 primo.
1697 4493 1747 4555 si
1775 4492 2024 4571 videtur,

386 4602 584 4645 sermo
619 4583 809 4646 dehis
838 4603 968 4662 qum
994 4584 1415 4663 proposuimus
1447 4584 1761 4654 habeatur,
1798 4597 1855 4643 et
1894 4594 2026 4663 post

385 4676 508 4735 hac
540 4675 588 4733 si
617 4674 696 4735 ita
726 4691 822 4734 res
860 4674 1228 4752 poposcerit,
1268 4691 1483 4735 nomen
1510 4683 1567 4733 et
1598 4692 1787 4752 genus
1817 4691 1885 4734 ac
1930 4691 2027 4752 pa-

2123 2438 2279 2518 quod
2306 2456 2511 2499 verum
2546 2446 2658 2509 est,
2696 2437 2954 2500 abnuam
2982 2437 3038 2497 id
3062 2436 3135 2499 ad
3166 2436 3321 2513 vulgi
3344 2434 3615 2514 gratiam.

2205 2526 2505 2606 [V.Coepit
2536 2545 2674 2604 ergo
2702 2526 2909 2587 Petrus
2939 2525 3163 2586 dicere:
3185 2523 3483 2587 Videntur
3512 2526 3657 2586 mihi
3683 2526 3772 2599 hi,

2124 2618 2223 2698 qui
2280 2617 2609 2692 loquuntur
2638 2616 2885 2679 verbum
2919 2616 3180 2676 veritatis
3210 2622 3267 2674 et
3291 2615 3392 2692 qui
3424 2613 3779 2676 illuminant

2121 2707 2349 2769 animas
2383 2706 2718 2783 hominum,
2757 2704 2986 2766 similes
3017 2723 3149 2765 esse
3178 2702 3363 2764 radiis
3391 2703 3678 2781 solis,qui
3709 2714 3777 2766 ut

2125 2796 2485 2876 processerit
2513 2804 2572 2857 et
2599 2794 2984 2875 apparuerint
3014 2792 3255 2866 mundo,
3284 2792 3466 2854 celari
3490 2794 3649 2853 ultra
3670 2801 3776 2855 aut

2122 2885 2407 2947 occultari
2450 2885 2787 2945 nullatenus
2825 2883 3241 2963 possunt,dum
3274 2901 3388 2942 non
3420 2891 3537 2942 tam
3564 2881 3780 2943 viden-

2123 2983 2214 3035 tur
2234 2974 2307 3036 ab
2342 2973 2703 3046 hominibus,
2722 2992 2896 3053 quam
2922 2973 3127 3034 videre
3149 2970 3429 3033 omnibus
3457 2980 3766 3050 praestant.

2120 3062 2287 3126 Unde
2322 3073 2379 3124 et
2411 3063 2564 3124 bene
2594 3063 2903 3143 aquodam
2964 3062 3187 3122 dictum
3236 3070 3327 3122 est
3374 3059 3447 3119 ad
3498 3060 3773 3122 veritatis

2122 3171 2426 3231 praecones
2452 3171 2465 3215 :
2501 3151 2612 3214 Vos
2643 3153 2785 3214 estis
2806 3150 2915 3213 tua:
2937 3151 3237 3232 mundi,et
3258 3167 3381 3211 non
3400 3149 3768 3229 potestcivi-

2117 3251 2210 3302 tas
2226 3242 2507 3305 abscondi
2518 3260 2702 3321 supra
2726 3248 2985 3303 montem
3006 3241 3775 3320 posita,uequeacceuduut

2117 3332 2424 3394 lucernam
2450 3338 2501 3391 et
2523 3339 2755 3409 ponunt
2780 3348 2915 3393 eam
2932 3330 3040 3390 sub
3059 3328 3397 3408 modio,sed
3418 3344 3596 3406 super
3609 3345 3725 3389 can
3738 3362 3769 3372 ο

2116 3421 2433 3483 delubrum
2457 3427 2523 3482 ut
2545 3421 2824 3481 omnibus
2847 3422 3042 3481 luceat
3063 3421 3169 3499 qui
3188 3420 3249 3479 in
3266 3419 3438 3479 domo
3457 3417 3770 3479 ειιηιῶλζι

2116 3529 2320 3574 senex:
2348 3515 2509 3574 Bene
2541 3510 2712 3572 valde
2746 3508 2911 3589 dixit,
2947 3504 3215 3589 quisquis
3247 3507 3348 3568 ille
3369 3518 3482 3569 est.
3510 3504 3629 3568 Sed
3661 3525 3775 3568 ex-

2120 3610 2295 3681 ponat
2321 3600 2537 3679 aliquis
2566 3610 2853 3678 vestrum,
2886 3597 3043 3678 quod
3078 3597 3194 3658 sibi
3226 3595 3558 3658 secundum
3588 3595 3771 3657 vide-

2119 3698 2307 3762 tur,ut
2337 3690 2409 3751 ad
2431 3698 2657 3751 certum
2694 3697 3070 3769 prospectum
3102 3687 3438 3748 emittamus
3455 3703 3777 3748 sermones

2123 3788 2375 3842 nostros.
2416 3782 2545 3843 Non
2583 3779 2741 3840 enim
2775 3778 2995 3839 sufﬁcit
3024 3777 3094 3837 ad
3149 3774 3571 3839 inveniendam
3597 3776 3769 3836 veri-

2119 3878 2296 3932 tatem
2331 3868 2642 3931 destruere
2665 3885 2895 3947 ea.quae
2927 3884 2959 3927 e
2990 3866 3226 3928 diverso
3260 3864 3684 3930 dicuntursed
3709 3872 3774 3925 et

2118 3961 2308 4037 ipsum
2350 3959 2618 4036 proferre
2650 3957 2709 4017 in
2740 3955 3025 4028 medium,
3053 3953 3206 4033 quod
3245 3954 3435 4033 possit
3464 3954 3564 4032 qui
3599 3971 3635 4013 e
3667 3953 3769 4015 di-

2118 4065 2286 4108 verso
2334 4055 2422 4107 est
2475 4047 2845 4125 impugnare.
2880 4044 2957 4107 Ut
2987 4062 3130 4108 ergo
3189 4043 3442 4121 partium
3475 4043 3551 4102 sit
3584 4059 3766 4120 aqua

2112 4136 2480 4214 congressio,
2512 4147 2744 4197 rectum
2795 4132 2943 4194 mihi
2991 4133 3222 4193 videtur
3270 4140 3331 4192 ut
3389 4130 3579 4211 prius,
3616 4131 3769 4211 quid

2115 4233 2362 4304 uterque
2397 4234 2659 4285 nostrum
2689 4222 2994 4287 defendat.
3032 4222 3323 4300 enuntiet;
3362 4229 3421 4282 et
3459 4220 3510 4280 si
3545 4219 3764 4299 placet.

2113 4314 2242 4394 ipse
2274 4313 2502 4393 primus
2534 4311 2969 4394 incipiam.Ego
2993 4311 3279 4390 dico,non
3299 4310 3635 4371 secundum
3658 4310 3773 4373 Dei

2115 4403 2546 4481 providentiam
2578 4402 2900 4481 gubernari
2926 4398 3386 4479 mundum,quia
3403 4397 3589 4459 multa
3610 4397 3673 4461 in
3692 4416 3768 4459 eo

2114 4492 2331 4571 injuste
2377 4502 2435 4553 et
2477 4492 2817 4553 inordinate
2864 4492 2989 4570 geri
3034 4490 3328 4567 videmus,
3357 4486 3463 4549 sed
3488 4486 3763 4566 genesim

2112 4581 2246 4643 dico
2276 4599 2432 4653 esse,
2469 4600 2600 4661 quae
2633 4582 2832 4642 omnia
2863 4581 2983 4659 agit
3015 4588 3071 4641 et
3093 4579 3381 4640 continet.

2195 4670 2357 4735 V.Ad
2398 4673 2523 4734 haec
2556 4690 2688 4733 cum
2720 4673 2930 4733 Petrus
2960 4669 3327 4748 reSpondere
3344 4664 3767 4741 vellet,Niceta

388 4765 554 4825 triam
588 4770 645 4824 et
676 4771 888 4824 czetera
918 4781 1050 4843 quae
1082 4763 1208 4825 haec
1229 4770 1590 4843 sequuntur,
1629 4762 1882 4823 invicem
1912 4781 2023 4822 no—
2049 4764 2091 4814 D
2112 4761 2485 4841 praeveniens
2504 4761 2584 4820 ait
2612 4782 2624 4822 :
2650 4759 2958 4841 lndulqeat
2983 4760 3125 4820 mihi
3150 4758 3427 4819 dominus
3453 4774 3623 4817 meus
3644 4754 3764 4817 Pe-

385 4853 477 4916 bis
508 4861 571 4915 ut
599 4851 776 4914 amici
804 4852 1017 4914 amicis
1045 4854 1378 4930 poterimus
1407 4856 1697 4932 asperire.
1757 4851 2022 4913 Miraba-

388 4962 519 5006 mur
545 4952 739 5003 tamen
772 4960 981 5002 omnes
1012 4942 1410 5022 eloquentiam
1437 4943 1567 5014 viri,
1590 4950 1646 5003 et
1670 4941 2018 5022 gravitatem

386 5051 615 5095 morum
652 5031 1264 5112 tranquillitatemque
1290 5033 1607 5093 sermonis.

463 5122 564 5184 III.
606 5124 816 5184 Petrus
846 5131 1042 5182 autem
1069 5124 1291 5182 sensim
1343 5121 1797 5183 sermocinando
1858 5121 2022 5181 ince-

380 5214 551 5292 dens,
586 5218 981 5290 opportunum
1015 5211 1084 5270 ad
1119 5210 1579 5291 colloquendum
1613 5210 1893 5291 prospicit
1927 5210 2021 5270 lo-

381 5321 541 5365 cum.
576 5302 648 5363 Et
680 5318 811 5361 cum
847 5300 1195 5380 pervidisset
1218 5301 1393 5380 juxta
1442 5310 1674 5380 portum
1714 5317 2020 5361 recessum

379 5392 692 5472 quemdam
728 5399 1051 5469 secretum,
1086 5388 1358 5450 residere
1390 5408 1496 5450 nos
1522 5388 1686 5461 fecit,
1718 5398 1771 5449 et
1799 5390 1874 5449 ita
1907 5390 2013 5467 pri-

457 5595 510 5638 ω
538 5594 744 5658 Matth.
780 5614 835 5674 v,
876 5595 966 5670 14,
1001 5597 1092 5659 ιδ.

2110 4860 2234 4912 trus
2260 4850 2331 4909 ad
2355 4850 2482 4911 haec
2504 4849 2961 4928 respondere,et
2981 4866 3096 4909 non
3120 4846 3392 4909 videatur
3415 4852 3763 4925 protervum

2108 4940 2265 5021 quod
2294 4940 2531 5019 juvenis
2553 4958 2686 4999 cum
2712 4957 2857 5000 sene
2880 4938 3221 4999 conﬂictum
3255 4934 3662 5014 habeam,sed
3700 4943 3768 4995 ut

2109 5030 2263 5090 filius
2296 5048 2428 5089 cum
2465 5038 2628 5108 patre
2658 5028 2989 5108 colloquar.
3037 5026 3109 5089 Et
3138 5043 3319 5087 senex
3357 5042 3369 5086 :
3399 5022 3528 5085 Non
3562 5023 3761 5085 solum

2109 5130 2196 5197 tu,
2233 5118 2444 5197 inquit,
2484 5119 2581 5186 ﬁli.
2622 5118 2775 5197 quod
2828 5118 2933 5178 tibi
2984 5117 3219 5177 videtur
3260 5124 3321 5175 ut
3373 5116 3765 5194 prosequaris

2112 5208 2265 5273 volo.
2294 5207 2396 5267 sed
2432 5216 2485 5268 ct
2522 5208 2570 5267 si
2602 5207 2698 5286 qui
2732 5224 2799 5267 ex
2828 5206 3139 5268 sodalibus
3172 5206 3317 5284 tuis,
3362 5203 3409 5265 si
3445 5205 3544 5284 qui
3575 5203 3757 5265 etiam

2110 5296 2183 5356 de
2217 5295 2547 5356 astantibus
2601 5295 2831 5356 videtur
2882 5296 3037 5356 scire
3069 5294 3318 5375 aliquid,
3344 5294 3764 5355 incunctanter

2110 5385 2391 5466 proferat,
2429 5384 2690 5445 libenter
2727 5384 3083 5465 accipimus;
3118 5384 3352 5446 collatio
3384 5383 3548 5445 enim
3566 5379 3765 5463 pluri-

3700 6082 3745 6103 ,ἃ
