4058 6206
297 218 450 283 1373

1452 219 2090 297 RECOGNITIONUM
2138 226 2281 288 LIB.
2333 228 2497 290 VIII.

3527 229 3670 294 1374

293 342 526 419 morum
545 352 776 417 facilius
800 371 872 416 ea
892 371 1025 446 quas
1046 353 1394 446 ignorantur
1421 354 1681 420 inveniet
1699 357 1929 422 5‘.Tum
1955 360 1992 412 Α
2017 356 2181 435 prius
2204 358 2434 431 dicere,
2466 360 2588 424 sive
2618 362 2732 424 hoc
2763 363 2949 441 magis
2988 364 3189 437 placet
3220 372 3286 427 ut
3314 381 3427 446 ego
3454 363 3673 442 dicam,

292 463 432 524 ergo
459 445 664 507 Niceta
696 442 1011 521 respondit
1043 464 1057 502 :
1091 443 1223 507 Non
1270 462 1363 506 me
1411 446 1695 528 aestimes,
1733 452 1928 523 Pater,

292 542 517 596 temere
547 532 782 602 fecisse,
816 530 972 612 quod
1007 532 1230 594 inserui
1284 552 1379 595 me
1410 536 1788 598 sermonibus
1818 537 1931 598 do-

293 622 440 686 mini
475 622 593 685 mei
616 622 805 695 Petri,
840 620 944 682 sed
999 621 1185 700 magis
1232 640 1338 702 pro
1378 624 1609 687 honore
1656 627 1790 706 ejus
1818 628 1933 689 hoc

293 714 442 775 mihi
467 713 665 775 facere
701 712 854 772 visus
875 729 1030 773 sum.
1056 709 1247 772 Homo
1280 712 1437 774 enim
1462 713 1567 775 Dei
1588 724 1700 783 est,
1723 716 1935 795 plenus

291 803 473 866 totius
494 802 962 881 scientiaa,quem
984 818 1060 861 ne
1081 800 1283 863 Graeca
1305 802 1547 883 quidem
1572 805 1715 868 latet
1738 807 1934 867 erudi-

290 893 396 971 tio,
421 891 562 972 quia
577 892 801 966 Spiritu
822 891 927 952 Dei
952 890 1215 970 repletus
1246 901 1336 952 est
1366 910 1543 972 quem
1577 894 1725 956 nihil
1760 896 1928 959 latet.

288 980 405 1045 Sed
439 981 577 1062 quia
602 980 715 1060 ipsi
741 981 817 1042 de
834 978 1184 1041 cmlestibus
1210 981 1371 1061 loqui
1395 983 1691 1055 convenit,
1728 1003 1834 1062 ego
1858 985 1933 1047 de

287 1071 382 1134 his
412 1090 543 1152 quae
574 1070 647 1131 ad
680 1071 1019 1135 Graecorum
1045 1069 1462 1150 loquacitatem
1490 1074 1812 1154 pertinent,
1838 1093 1931 1136 re-

288 1160 623 1242 spondebo.
653 1163 865 1221 Postoa
918 1176 1053 1220 vero
1106 1178 1280 1239 quam
1313 1179 1346 1221 a
1380 1161 1552 1222 nobis
1585 1164 1927 1227 Graecorum

288 1269 456 1311 more
486 1250 664 1312 fuerit
691 1250 1076 1329 disputatum,
1116 1256 1293 1327 atque
1323 1250 1394 1311 ad
1440 1250 1500 1311 id
1536 1262 1798 1328 ventum,
1836 1254 1938 1316 ubi

287 1341 478 1402 exitus
508 1339 707 1400 nullus
755 1348 1062 1418 appareat,
1097 1346 1239 1400 tunc
1287 1340 1416 1420 ipse
1466 1344 1633 1423 quasi
1691 1344 1938 1407 scientia

284 1430 390 1492 Dei
422 1429 709 1509 repletus,
740 1436 949 1508 aperte
981 1437 1039 1490 et
1069 1429 1331 1491 dilucide
1356 1448 1559 1492 rerum
1601 1431 1773 1493 nobis
1799 1454 1934 1496 om-

286 1520 449 1581 nium
485 1517 791 1598 patefaciet
836 1518 1167 1599 veritatem,
1203 1526 1264 1579 ut
1288 1538 1405 1581 non
1433 1522 1622 1582 solum
1664 1543 1794 1597 nos,
1823 1525 1929 1587 sed

1980 448 2163 510 "nihil
2199 449 2473 524 interest,
2506 451 2661 532 apud
2693 470 2796 514 eos
2842 453 3282 534 prazcipue.qui
3314 453 3469 517 bona
3498 455 3669 522 venia

2018 536 2344 618 disputant.
2398 540 2504 603 Dic
2560 549 2755 603 tamen
2788 550 2848 602 tu
2886 541 3076 623 prior,
3112 541 3372 606 libenter
3414 544 3669 626 accipio,

2017 634 2196 707 atque
2227 629 2456 691 utinam
2485 631 2679 710 possis
2704 630 2879 692 etiam
2914 650 3043 713 qua:
3070 649 3104 692 a
3129 650 3225 693 me
3262 633 3510 695 dicenda
3535 640 3674 695 sunt

2020 720 2323 798 prosequi,
2349 727 2529 799 atque
2551 720 2646 781 his
2669 740 2802 801 quae
2826 725 3124 783 contraria
3148 728 3291 781 sunt
3307 721 3594 800 objicere,
3615 732 3674 784 et

2018 822 2090 865 ex
2123 815 2515 888 utrorumque
2539 808 2857 871 collatione
2878 809 3202 871 ostendere
3218 808 3526 871 veritatem
3542 810 3668 873 .Ni-

2015 902 2142 959 Oeta
2198 898 2507 976 repondit:
2546 897 2603 960 Si
2654 898 2765 973 vis,
2796 899 3005 980 inquit,
3044 917 3284 978 possum
3333 898 3507 960 etiam
3542 909 3669 962 tuas

2018 994 2211 1064 partes
2246 988 2469 1062 dicere,
2506 996 2563 1049 et
2595 989 2667 1050 ad
2708 990 2845 1051 haec
2894 989 3287 1070 respondere.
3322 988 3391 1050 Et
3440 1006 3619 1051 senex
3651 1012 3664 1054 :

2016 1072 2281 1138 Ostende
2308 1076 2453 1137 mihi
2489 1078 2675 1158 prius,
2713 1078 3014 1159 quomodo
3044 1087 3217 1158 potes
3252 1077 3406 1140 scire
3440 1098 3508 1140 ea
3538 1097 3672 1157 quas

2015 1166 2281 1227 nondum
2307 1167 2540 1229 locutus
2563 1186 2717 1249 sum,
2741 1177 2799 1231 et
2821 1168 2903 1229 ita
2925 1168 3035 1229 tibi
3058 1169 3300 1230 credam
3318 1220 3331 1242 ,
3360 1170 3516 1249 quod
3541 1188 3668 1250 par-

2022 1264 2109 1317 tes
2134 1275 2298 1317 meas
2325 1258 2601 1338 prosequi
2624 1260 2828 1338 possis.
2859 1260 2930 1318 Et
2952 1257 3155 1319 Niceta
3189 1279 3201 1320 :
3231 1259 3423 1330 Secta,
3451 1258 3660 1339 inquit,

2019 1355 2115 1407 tua
2148 1354 2208 1407 et
2237 1347 2529 1408 sententia
2566 1367 2739 1427 quam
2796 1347 3080 1420 deﬁnisti,
3111 1346 3423 1409 manifesta
3454 1357 3543 1410 est
3574 1348 3665 1409 his

2015 1434 2115 1516 qui
2141 1435 2356 1497 eruditi
2381 1444 2518 1497 sunt
2545 1436 2602 1496 in
2638 1438 2982 1517 huiusmodi
3005 1437 3358 1518 disciplinis,
3387 1445 3665 1518 certaque

2015 1528 2109 1584 est
2131 1523 2261 1602 ejus
2283 1525 2734 1603 consequentia.
2752 1524 2821 1586 Et
2842 1526 2982 1603 quia
3002 1545 3110 1604 ego
3132 1545 3247 1587 non
3272 1544 3398 1586 sum
3419 1525 3663 1601 ignarus

285 1620 345 1670 et
374 1627 585 1671 omnes
619 1608 719 1689 qui
752 1617 966 1697 praesto
997 1617 1135 1670 sunt
1165 1609 1489 1684 auditores,
1523 1614 1673 1672 viam
1706 1615 1927 1676 verita-
1956 1644 1991 1695 Β
2013 1631 2144 1693 quae
2174 1612 2295 1675 sint
2337 1614 2720 1677 deﬁnitiones
2764 1616 3279 1697 philosophorum,
3311 1634 3377 1676 ex
3410 1616 3502 1676 his
3531 1633 3662 1697 qua;

285 1699 361 1761 tis
387 1706 729 1779 agnoscant.
758 1698 833 1760 Et
862 1696 998 1761 ideo
1036 1717 1193 1760 nunc
1215 1700 1342 1779 ipse
1372 1700 1543 1776 quasi
1576 1702 1800 1765 arbiter
1830 1722 1926 1767 se-

286 1789 446 1869 deat,
483 1798 544 1850 ut
570 1807 703 1849 cum
735 1807 892 1849 unus
927 1788 1142 1867 aliquis
1174 1808 1244 1851 ex
1281 1789 1450 1851 nobis
1483 1793 1752 1873 cesserit,
1787 1802 1927 1856 tunc

282 1878 414 1960 ipse
447 1878 782 1958 suscipiens
818 1877 1206 1940 indubitatam
1240 1880 1596 1942 sententiam
1631 1881 1801 1947 ferat.

362 1968 464 2031 VI.
500 1968 636 2031 Haec
672 1985 808 2029 cum
843 1967 1087 2030 dixisset
1128 1969 1358 2042 Niceta,
1389 1970 1449 2031 hi
1495 1971 1596 2052 qui
1628 1990 1927 2036 convene-

280 2067 416 2120 rant
448 2057 605 2119 inter
646 2058 1006 2138 semetipsos
1056 2058 1589 2140 colloquebantur:
1621 2060 1811 2124 Hicne
1842 2071 1930 2125 est

280 2146 384 2208 ille
409 2164 586 2228 quem
630 2146 1027 2209 audiebamus
1060 2149 1292 2219 Petrus,
1321 2149 1480 2211 illius
1501 2151 1603 2231 qui
1637 2151 1697 2214 in
1729 2152 1929 2216 Iudaaa

279 2237 554 2317 apparuit
576 2247 635 2297 et
657 2237 826 2315 signa
853 2256 921 2299 ac
953 2238 1203 2300 virtutes
1236 2239 1520 2320 plurimas
1552 2240 1714 2321 fecit,
1739 2241 1924 2303 disci-

280 2328 457 2407 pulus
479 2325 932 2408 probatissimus
957 2327 981 2389 ?
1002 2328 1073 2389 Et
1095 2328 1472 2390 intendentes
1503 2329 1564 2390 in
1598 2348 1759 2405 eum,
1789 2350 1923 2394 cum

278 2416 495 2477 timore
524 2435 590 2477 ac
637 2417 1017 2478 veneratione
1067 2418 1296 2498 ingenti
1345 2417 1603 2495 stabant,
1640 2429 1921 2501 tanquam

278 2505 420 2567 boni
446 2506 602 2567 Servi
637 2507 927 2569 honorem
961 2507 1206 2569 domino
1236 2508 1602 2573 deterentes.
1626 2509 1792 2582 Quod
1824 2512 1924 2574 ubi

278 2598 489 2659 Petrus
506 2596 715 2667 sensit,
742 2598 823 2658 ait
851 2596 924 2658 ad
946 2615 1052 2659 eos
1080 2616 1093 2660 :
1119 2598 1416 2661 Attentius
1446 2600 1785 2673 audiamus,
1821 2620 1921 2663 re-

278 2694 438 2749 ctum
460 2687 1034 2767 tenentesjudicium
1051 2689 1126 2750 de
1140 2687 1231 2749 his
1247 2707 1375 2769 qum
1389 2688 1663 2751 dicentur
1677 2690 1750 2751 ah
1766 2699 1924 2752 utro—

276 2793 416 2857 que,
442 2783 497 2836 et
524 2785 656 2856 post
678 2776 943 2855 ipsorum
969 2777 1498 2855 conﬂictum,quod
1516 2780 1918 2841 necessarium

275 2866 464 2925 visum
490 2865 689 2937 fuerit,
715 2866 1003 2929 addemus
1032 2876 1092 2931 et
1128 2886 1257 2929 nos.
1280 2867 1345 2929 Et
1372 2887 1506 2930 cum
1533 2868 1656 2932 haec
1676 2869 1922 2932 dixisset

277 2958 509 3035 Petrus,
534 2956 750 3034 gavisw
780 2965 915 3017 sunt
950 2956 1160 3020 turbae.
1189 2957 1392 3019 Niceta
1416 2974 1557 3019 vero
1587 2959 1789 3021 dicere
1808 2960 1921 3023 hoc

2012 1703 2399 1783 proposuisti,
2445 1705 2584 1785 quid
2646 1714 3048 1785 consequatur
3097 1705 3377 1783 agnosco,
3407 1706 3658 1766 maxime

2011 1791 2149 1872 quia
2182 1811 2300 1872 prae
2330 1794 2565 1857 caeteris
2588 1794 2959 1875 philosophis
2992 1796 3228 1875 Epicuri
3255 1794 3497 1856 scholas
3528 1795 3654 1855 fre-

2011 1882 2312 1962 quentavi.
2346 1884 2551 1945 Frater
2579 1893 2775 1945 autem
2809 1902 2976 1945 meus
3016 1884 3252 1965 Aquila,
3292 1884 3478 1963 magis
3513 1888 3654 1964 Pyr-

2011 1972 2256 2033 rhonios
2281 1980 2521 2035 secutus
2545 1982 2661 2046 est,
2689 1975 2838 2036 alius
2860 1983 3055 2036 autem
3082 1974 3267 2036 frater
3292 1982 3496 2036 noster
3519 1973 3657 2036 Pla-

2012 2063 2240 2123 tonicos
2263 2072 2322 2125 et
2354 2061 2767 2125 Aristotelicos
2793 2065 2914 2144 (48)
2950 2065 3189 2144 ;itaque
3236 2083 3369 2126 cum
3404 2064 3658 2127 eruditis

2010 2151 2117 2212 tibi
2136 2151 2508 2213 auditoribus
2526 2171 2723 2215 sermo
2739 2153 3007 2215 est.Tum
3034 2154 3651 2235 senex:l3ene,inquit,

2011 2244 3102 2324 etconsequenterdocuisti,quomodo
3117 2263 3185 2305 ex
3201 2245 3435 2325 hisquae
3450 2262 3657 2325 propo-

2008 2330 2958 2407 sitaesuntdefinitionibus,etiam
2978 2351 3047 2395 ea
3065 2353 3197 2410 quae
3210 2343 3655 2414 consequuntur

2008 2421 2371 2483 adverteres.
2387 2421 2501 2485 Sed
2524 2442 2630 2501 ego
2652 2424 2904 2504 amplius
2923 2424 3146 2499 aliquid
3168 2422 3472 2503 professus
3494 2443 3652 2505 sum,

2014 2529 2191 2591 quam
2224 2512 2407 2573 sentit
2459 2512 2779 2594 Epicurus,
2814 2514 2953 2594 quia
3011 2514 3309 2575 introduxi
3357 2513 3653 2592 genesim,

2014 2618 2514 2680 eamquecausam
2530 2604 2797 2665 omnium
2814 2613 3112 2682 gestorum
3133 2604 3471 2664 hominibus
3486 2603 3653 2682 posui

2089 2690 2245 2753 VIII.
2273 2695 2541 2772 Cumque
2573 2694 2700 2754 haec
2731 2712 2911 2754 senex
2942 2694 3213 2763 dixisset,
3244 2711 3350 2772 ego
3376 2692 3651 2754 Clemens

2005 2780 2099 2841 aio
2123 2780 2193 2840 ad
2221 2799 2356 2843 eum
2386 2803 2399 2844 :
2425 2782 2602 2863 Audi,
2632 2783 2825 2863 Pater,
2852 2784 2898 2843 si
2923 2791 3029 2844 ate
3054 2783 3237 2844 frater
3259 2800 3424 2842 meus
3444 2782 3651 2845 Niceta

2006 2870 2353 2951 obtinuerit,
2391 2871 2526 2951 quia
2550 2892 2664 2933 non
2697 2876 2826 2934 sine
2857 2871 2961 2934 Dei
2986 2872 3359 2954 providentia
3391 2871 3650 2932 mundus

2005 2961 2218 3039 agitur,
2255 2961 2313 3022 in
2352 2962 2462 3023 ista
2496 2972 2662 3043 parte
2694 2981 2824 3043 qua
2865 2971 3137 3042 superest
3171 2962 3242 3023 de
3273 2961 3502 3041 genesi,
3537 2978 3647 3041 ego

274 3045 451 3141 modo
500 3063 813 3141 aggressus
862 3056 985 3141 est:
1021 3046 1314 3141 Detinisti,
1362 3046 1557 3123 Pater,
1593 3049 1751 3141 quod
1800 3069 1913 3115 non
1937 3092 1975 3141 ε
2006 3050 2110 3110 tibi
2134 3060 2339 3141 potero
2361 3052 2756 3129 respondere;
2780 3062 2870 3113 est
2894 3052 3054 3112 enim
3079 3052 3448 3114 mihinotitia
3470 3051 3650 3129 hujus

271 3152 381 3214 per
412 3133 519 3197 Dei
549 3133 977 3214 providentiam
1004 3138 1260 3197 mundus
1283 3146 1540 3217 regatur,
1581 3138 1683 3199 sed
1717 3141 1919 3203 omnia
1942 3133 1975 3141 ’
2000 3140 2288 3203 scientiae.
2317 3140 2381 3201 Et
2408 3161 2540 3203 cum
2563 3141 2686 3202 haec
2708 3142 3205 3216 dixissem,frater
3225 3159 3391 3202 meus
3412 3141 3641 3220 Aquila:

267 3224 473 3303 genesi
530 3223 905 3304 subjaceant,
940 3226 1031 3286 vel
1091 3246 1223 3307 quas
1274 3227 1345 3287 ad
1384 3245 1576 3288 mores
1627 3228 1914 3290 uniuscu-

260 3314 589 3394 jusquevel
614 3332 744 3393 qua
776 3315 848 3375 ad
881 3323 1045 3394 gesta
1075 3318 1393 3395 pertinent.
1432 3317 1522 3379 Ad
1558 3337 1689 3397 quae
1719 3320 1913 3379 statim

267 3402 508 3484 quidem
540 3404 698 3482 potui
731 3405 1118 3483 respondere,
1142 3407 1244 3466 sed
1271 3406 1408 3487 quia
1429 3407 1657 3486 justum
1677 3416 1764 3468 est
1785 3425 1918 3469 ser-

270 3510 408 3553 vare
438 3493 741 3569 ordinem,
773 3492 1095 3555 definimus
1128 3504 1186 3555 et
1216 3515 1322 3556 nos
1377 3496 1520 3575 quid
1580 3504 1912 3572 teneamus,

267 3582 421 3644 sicut
447 3583 578 3662 ipse
610 3582 736 3644 fieri
789 3585 1033 3661 rogasti.
1074 3583 1190 3659 Ego
1241 3586 1376 3646 dico
1410 3585 1779 3665 providentia
1810 3586 1918 3649 Dei

265 3670 587 3748 gubernari
622 3672 935 3745 mundum,
960 3673 1018 3733 in
1040 3673 1129 3733 his
1153 3674 1433 3736 duntaxat
1463 3693 1593 3755 quae
1625 3674 1915 3749 guberna-

265 3760 425 3821 tione
457 3761 586 3840 ejus
638 3760 923 3838 indigent.
958 3759 1125 3825 Unus
1151 3771 1239 3825 est
1269 3764 1425 3825 enim
1472 3765 1673 3825 omnia
1703 3774 1908 3826 tenens

261 3849 364 3928 qui
396 3864 453 3911 et
499 3851 785 3911 muudum
831 3851 992 3924 fecit,
1016 3854 1214 3929 justus
1237 3854 1419 3927 Deus,
1446 3854 1781 3932 unicuique
1810 3873 1909 3917 se-

262 3940 522 4000 cundum
557 3947 722 4019 gesta
780 3958 888 4002 sua
941 3942 1298 4023 quandoque
1354 3942 1699 4005 redditurus
1755 3942 1908 4007 Ecce

262 4028 448 4090 habes
478 4037 537 4091 et
595 4038 856 4091 nostram
915 4030 1363 4107 deﬁnitionem;
1399 4051 1557 4094 nunc
1617 4032 1769 4112 quod
1823 4033 1909 4095 vis

269 4136 662 4199 prosequere,
700 4120 782 4180 vel
818 4137 946 4181 mea
980 4119 1317 4203 destruens,
1362 4124 1448 4184 Vel
1481 4131 1577 4183 tua
1605 4139 1902 4195 asserens,

1998 3228 2149 3302 Quid
2183 3246 2430 3293 necesse
2458 3242 2571 3309 est,
2599 3231 2814 3312 inquit,
2835 3240 2896 3292 ut
2919 3250 3055 3292 eum
3084 3238 3309 3311 patrem
3334 3247 3642 3310 vocemus,

1997 3338 2131 3380 cum
2154 3318 2213 3380 in
2239 3320 2533 3381 mandatis
2560 3320 2891 3382 habeamus
2907 3322 3208 3383 neminem
3230 3331 3642 3400 superterram

2003 3417 2228 3487 patrem
2253 3427 2463 3471 vocare
2487 3408 2513 3471 ἲ
2536 3408 2605 3471 Ει
2626 3418 2756 3490 post
2780 3411 2904 3473 haec
2925 3410 3262 3491 respiciens
3283 3409 3354 3471 ad
3391 3427 3593 3469 senem
3624 3432 3636 3468 :

2000 3496 2128 3557 Non
2186 3498 2497 3579 injuriose,
2531 3499 2741 3580 inquit,
2781 3500 3064 3582 accipias,
3096 3502 3294 3580 Pater,
3329 3499 3485 3581 quod
3517 3498 3642 3559 fra-

2001 3594 2151 3648 trem
2185 3606 2378 3649 meum
2415 3589 2672 3668 culpavi,
2708 3591 2847 3669 quia
2882 3599 2936 3651 te
2961 3597 3187 3670 patrem
3222 3597 3499 3661 vocaret;
3531 3590 3641 3650 ha-

2000 3676 2211 3739 bemus
2250 3677 2407 3738 enim
2445 3680 2559 3741 tale
2596 3680 2961 3760 mandatum,
2990 3697 3065 3741 ne
3110 3680 3365 3761 aliquem
3400 3677 3642 3739 nomine

2000 3766 2109 3828 isto
2136 3769 2463 3831 vocitemus
2501 3772 2586 3828 55.
2631 3768 2899 3850 Cumque
2952 3770 3075 3833 haec
3120 3770 3368 3830 dixisset
3398 3767 3638 3848 Aquila,

1995 3856 2127 3917 risit
2156 3857 2423 3918 omnium
2480 3859 2794 3919 astantium
2830 3865 3017 3921 cmtus
3067 3878 3185 3920 una
3217 3876 3349 3920 cum
3400 3874 3545 3918 sene
3586 3862 3646 3917 et

1995 3946 2192 4007 Petro.
2208 3946 2418 4027 AQuila
2441 3956 2642 4009 autem
2665 3947 3016 4024 requirente
3039 3965 3420 4016 causam,cur
3438 3964 3647 4008 omnes

1992 4034 2257 4106 riserint,
2287 4036 2381 4096 aio
2410 4036 2481 4096 ad
2515 4055 2656 4098 eum
2682 4058 2695 4100 :
2727 4036 2893 4109 Quod
2932 4044 2995 4099 tu
3022 4044 3078 4098 in
3104 4056 3222 4118 quo
3250 4037 3400 4098 alios
3421 4036 3645 4114 culpas,

1991 4122 2048 4183 id
2072 4123 2200 4203 ipse
2223 4124 2499 4204 facis,qui
2522 4144 2730 4188 senem
2757 4126 3153 4207 appellaveris
3176 4138 3424 4205 patrem.
3456 4124 3647 4187 Atille

265 4215 327 4267 ut
351 4226 458 4287 ego
490 4208 583 4268 his
613 4226 743 4288 quae
770 4227 803 4269 a
829 4215 885 4271 te
926 4219 1385 4291 prosequentur,
1423 4230 1755 4274 occurram.
1792 4210 1908 4274 Aut
1942 4294 1949 4295 γ
1994 4213 2505 4292 negabat,dicens:
2529 4216 2683 4277 Vere
2703 4218 2907 4277 nescio
2931 4217 2980 4277 si
3008 4235 3141 4277 eum
3170 4226 3391 4295 patrem
3418 4214 3639 4275 vocavi.

262 4294 311 4355 si
344 4314 442 4356 me
464 4296 549 4356 vis
579 4296 833 4377 priorem
869 4297 1094 4370 dicere,
1126 4316 1239 4357 non
1278 4300 1575 4361 morabor.

1931 4294 1971 4343 ο
1990 4301 2053 4362 In
2067 4310 2227 4363 terea
2246 4306 2454 4364 Petrus
2472 4305 2819 4367 movebatur
2833 4303 3273 4386 suspicionibus
3292 4302 3642 4384 quibusdam

342 4386 473 4447 VII.
509 4386 581 4445 Ft
610 4403 789 4449 senex
823 4386 1168 4469 respondit:
1210 4388 1346 4451 Sive
1382 4390 1483 4451 tibi
1538 4391 1749 4469 placet,
1787 4389 1891 4466 fili,
1981 4392 2137 4453 sicut
2168 4392 2300 4472 ipse
2346 4393 2520 4454 nobis
2575 4395 2875 4456 enarravit
2913 4395 3321 4473 postmodum,
3357 4400 3415 4453 et
3444 4392 3643 4469 respi-

339 4552 567 4647 f‘_Quze
594 4564 925 4647 sequuntur
959 4579 1150 4647 usque
1172 4559 1245 4621 ad
1278 4560 1457 4647 quem
1489 4560 1666 4647 hujus
1708 4558 2165 4647 libri,_bre_viter
2197 4563 2607 4647 tantummodo
2655 4571 2714 4624 et
2744 4562 2805 4623 in
2833 4561 3265 4645 compendium
3302 4561 3549 4623 redacta
3582 4560 3643 4622 in

258 4635 433 4697 codd.
464 4654 604 4697 mss.
633 4634 823 4716 Lipss.
859 4634 1265 4702 continentur.
1296 4637 1426 4701 Vid.
1465 4634 1688 4721 prrefat.
1775 4641 1829 4683 ⁵⁵
1851 4634 2065 4704 Matth.
2095 4658 2259 4719 xxiii,
2293 4645 2354 4704 9.

1607 4799 2015 4865 COTELERII
2057 4799 2314 4865 NOT/E.

333 4929 446 4996 (48)
475 4930 634 4985 Alius
663 4936 845 4987 autem
873 4932 1057 4997 frater
1112 4941 1310 4997 uoster,
1344 4932 1647 4988 Platonicos
1677 4940 1724 4988 et
1766 4930 1901 4990 Ari-

258 5000 549 5073 stotelicas.
591 5002 792 5073 Elegia
826 5000 1132 5060 Clementis
1166 5007 1221 5061 in
1266 5004 1461 5060 litteris
1494 5004 1761 5060 humanis
1784 5003 1905 5063 haec

261 5080 434 5147 sunt:
469 5072 824 5147 Clemeushea;
870 5075 1186 5147 philosopho
1241 5089 1455 5147 magna:
1485 5075 1742 5133 dactrinw
1778 5077 1902 5140 vir;

261 5143 888 5219 Commentariojzpist‘.
914 5145 984 5200 ad
1011 5143 1402 5219 Pliitippcnsés,
1427 5148 1481 5219 in
1515 5161 1565 5202 c.
1596 5159 1672 5202 iv.
1708 5158 1746 5204 t.
1786 5148 1906 5203 VIII

260 5214 594 5288 Hieronymi
622 5231 637 5273 :
669 5214 912 5273 Cleonas
952 5219 1090 5272 omni
1117 5214 1345 5275 scientia
1374 5214 1907 5288 refertus,omnium-

258 5300 363 5358 qua
391 5285 698 5362 “(regalium
727 5289 941 5345 artium
963 5290 1330 5362 peritissimus
1358 5308 1374 5353 ;
1424 5285 1769 5362 Eucherius,
1793 5290 1907 5347 Pa-

258 5359 463 5433 raenesi
497 5358 577 5416 De
628 5366 935 5433 contemptu
964 5358 1174 5417 ’ωιληάὶ
1196 5379 1216 5420 ;
1254 5363 1542 5433 Acceperat
1574 5359 1639 5416 Β.
1669 5360 1909 5417 Clemens

257 5428 543 5507 scientiam
586 5428 1052 5507 quamplurimum,
1090 5433 1171 5507 ita
1202 5441 1279 5507 _ut
1318 5428 1548 5505 optimus
1590 5433 1801 5507 quidem
1831 5434 1908 5491 it-

259 5498 361 5575 tg‘us
420 5498 668 5574 temporis
721 5498 1077 5575 phitosophus
1120 5498 1428 5569 haberetur,
1457 5498 1617 5575 apud'
1658 5506 1909 5563 Bernar-

259 5519 361 5555 uua
420 5519 668 5574 uaporis
703 5519 1077 5632 ﬁnuosopnus
1120 5519 1428 5569 Μοενθιιιγ,
1457 5519 1607 5575 apuu
1658 5519 1908 5563 bernat-

258 5571 389 5630 dum
413 5575 660 5632 Sermone
804 5573 861 5633 δ.
897 5576 1193 5635 Clemente:
1262 5577 1487 5654 Κλήμης
1546 5580 1573 5633 ὁ
1632 5577 1795 5642 πολὺς
1853 5578 1908 5635 ἐν

1987 4936 2131 5013 σορίᾳ
2162 4938 2246 4992 καὶ
2278 4936 2493 5017 γνώσει,
2529 4936 2903 5015 Anastasius,
2931 4936 3156 5017 Hodcgi
3178 4953 3306 5015 cap.
3345 4934 3490 5017 l._Et
3514 4936 3640 5017 Cle-

1989 5024 2234 5090 mentem
2268 5015 2675 5090 philosophum
2716 5014 2991 5090 Dionysio
3032 5014 3325 5090 laudatum
3386 5014 3459 5071 De
3482 5016 3643 5090 φυὼ

1989 5087 2309 5168 nominibus,
2335 5101 2470 5168 'cap.
2505 5087 2578 5156 5;
2614 5086 2899 5168 Maximus
2947 5097 3002 5168 et
3044 5086 3643 5168 Pachymereshhunc

1993 5158 2307 5214 Romanum
2332 5159 2810 5226 interpretantur.
2844 5160 3020 5217 Verba
3043 5157 3096 5213 S.
3128 5157 3237 5214 Nili
3266 5168 3415 5216 sunt.
3450 5157 3548 5214 lib.
3576 5169 3637 5213 ιι.

1991 5230 2162 5310 epist.
2194 5229 2295 5308 49,
2323 5248 2378 5310 ρ.
2425 5229 2536 5294 140
2566 5252 2578 5293 :
2615 5234 2722 5289 Οὐκ
2762 5230 3042 5294 Ἀπολλώς
3075 5232 3102 5286 ὁ
3124 5227 3504 5310 Ἀλεξανδρεὺς
3537 5229 3635 5285 λό-

1990 5308 2102 5387 γίος
2134 5314 2159 5366 ὁ
2192 5308 2448 5378 noctusqq
2492 5318 2594 5367 τῶν
2650 5319 2877 5390 Χριδτοῡ
2925 5313 3201 5384 μαθητῶν,
3230 5311 3306 5390 0",),
3351 5308 3633 5390 KH,an

1994 5391 2294 5473 ῬῳμαὶιιξνΔ
2327 5390 2642 5471 φιλόσοφος,
2677 5388 2811 5473 quae
2865 5391 2951 5454 sic
2980 5399 3186 5473 YENO:
3251 5389 3391 5473 Ιξξοῃ
3435 5388 3639 5473 Apollo

1992 5468 2397 5541 Alexandrinus
2468 5468 2554 5526 vir
2629 5468 2905 5541 eloquens,
2964 5471 3165 5541 rigator
3255 5468 3640 5541 discipulorum

1992 5540 2236 5609 Christi,-
2267 5556 2371 5596 non
2408 5541 2669 5607 Cleonas,
2719 5538 3393 5615 Romanm'phitosophus.
