4058 6206
254 246 408 316 1385

1408 241 2039 311 RECOGNITIONUM
2089 242 2233 306 LIB.
2284 240 2448 305 VIII.

3394 244 3403 259 ’
3468 230 3619 306 1386

247 385 338 447 vis
357 385 465 446 illa
487 384 758 463 spiritus,
789 398 921 463 qua)
950 385 1151 445 inesse
1192 381 1364 461 aquis
1383 381 1519 442 data
1549 390 1660 455 est,
1684 391 1890 465 utpote
1908 392 1948 437 Α
1976 398 2157 460 opere
2179 391 2392 443 cuncta
2414 380 2572 443 efﬁci
2592 389 2650 443 et
2669 380 2945 442 universa
2961 378 3382 446 constareSed
3406 382 3613 444 venia-

247 474 603 554 incorporea
632 481 1075 551 transcurrens,
1101 471 1172 531 ad
1197 470 1634 533 incrementum
1664 473 1893 535 semina

251 562 495 624 suscitat
517 572 575 622 et
607 559 1006 623 crescentium
1038 560 1271 640 species
1296 560 1529 623 format.
1561 562 1893 624 Ministerio

257 652 691 727 igitnrbumidi
741 651 1044 721 elementi,
1105 651 1199 711 cui
1259 651 1453 711 vitalis
1505 651 1603 713 ille
1653 650 1895 733 spiritus

258 742 472 805 insitus
499 758 739 821 semper
769 751 827 801 et
858 740 1162 818 ingenitus
1194 749 1307 810 est,
1370 738 1625 801 efﬁcitur
1656 748 1719 801 ut
1782 758 1894 800 non

256 833 450 894 solum
486 840 818 912 reparatur,
852 829 957 891 sed
991 838 1052 890 ut
1083 847 1191 908 per
1239 828 1441 889 omnia
1501 830 1715 890 similis
1766 848 1896 909 spe-

251 922 376 983 cies
409 929 468 982 et
492 919 683 981 forma
714 919 807 980 his
836 918 1138 998 qurejacta
1162 916 1387 978 fuerint
1408 916 1742 978 seminibus
1767 916 1897 977 red-

251 1019 371 1075 eat.
405 1009 548 1083 Qute
578 1010 725 1071 ratio
756 1008 852 1068 cui
895 1006 984 1069 vel
1036 1006 1277 1068 brevem
1328 1022 1567 1067 sensum
1625 1006 1891 1082 habenti,

252 1118 364 1183 per
393 1098 864 1161 irrationabilem
899 1104 1197 1169 naturam,
1228 1103 1288 1156 et
1321 1114 1436 1155 non
1472 1113 1583 1172 per
1631 1095 1889 1156 divinam

250 1188 604 1270 sapientiam
631 1197 905 1248 constare
933 1185 1259 1247 videbitur?
1274 1183 1542 1265 Denique
1566 1185 1740 1245 etiam
1770 1185 1892 1245 hinc

249 1279 322 1340 ad
351 1276 806 1341 similitudinem
834 1276 1109 1337 humanae
1123 1275 1437 1335 nativitatis
1463 1273 1713 1335 formata
1729 1284 1889 1350 sunt;

247 1367 483 1431 videtur
526 1365 686 1427 enim
734 1372 891 1426 terra
919 1364 1105 1425 vulva:
1141 1363 1336 1424 locum
1375 1378 1605 1443 tenere,
1637 1364 1731 1424 cui
1789 1382 1888 1422 se-

1978 488 2113 530 mus
2143 470 2364 552 adhuc,
2394 473 2441 532 si
2472 470 2728 544 videtur,
2765 470 2945 531 etiam
2977 470 3048 532 ad
3081 477 3365 552 nostram,
3417 471 3476 533 id
3527 480 3639 533 est.

1976 558 2049 619 ad
2087 559 2344 621 hominis
2375 560 2791 640 substantiam,
2818 559 2916 640 qui
2967 571 3059 620 est
3114 577 3331 640 parvus
3380 560 3442 623 in
3497 562 3611 624 alio

1982 649 2234 711 mundus
2259 650 2413 731 (74),
2445 659 2502 711 et
2530 649 2978 711 consideremus
3001 654 3215 729 quanta
3269 652 3344 711 sit
3383 653 3615 716 ratione

1979 739 2341 818 compositus
2378 760 2394 815 ;
2427 749 2481 801 et
2515 759 2584 801 ex
2610 740 2720 800 hoc
2753 739 3053 819 praecipue
3073 739 3423 818 sapientiam
3455 746 3613 804 Con-

1978 826 2188 889 ditoris
2220 829 2535 907 intelliges,
2561 828 2661 908 qui
2695 846 2829 890 cum
2865 847 2932 890 ex
2967 826 3219 889 diversis
3270 828 3617 893 substantiis

1977 916 2291 977 constetid
2327 925 2416 978 est
2441 917 2668 978 mortali
2712 926 2770 979 et
2811 916 3152 990 immortali,
3187 932 3296 994 per
3323 919 3611 980 artiﬁcem

1979 1003 2407 1085 providentiam
2437 1004 2777 1069 Conditoris
2798 1007 3143 1067 societatem
3159 1005 3466 1068 diversitas
3497 1026 3613 1069 non

1977 1094 2279 1174 refugit,et
2300 1097 2537 1175 quidem
2564 1097 2735 1174 longe
2755 1115 2788 1157 a
2805 1111 2868 1158 se
2891 1095 3617 1177 substantiism-57[alienis

1978 1191 2037 1243 et
2060 1183 2365 1265 diversis].
2403 1186 2535 1248 Alia
2568 1204 2823 1266 namque
2855 1186 2931 1247 de
2965 1195 3121 1247 terra
3146 1189 3470 1249 assumitur
3499 1198 3557 1250 et
3583 1209 3618 1250 a

1977 1271 2295 1336 Conditore
2320 1274 2751 1355 formatur,alia
2774 1294 2912 1337 vero
2938 1274 3462 1337 eximmortalibus
3481 1278 3619 1338 sub-

1977 1363 2211 1426 stantiis
2233 1363 2431 1436 datur,
2463 1384 2576 1427 nec
2607 1374 2809 1427 tamen
2840 1368 2895 1427 ei
2922 1383 3026 1447 per
3048 1366 3457 1443 hujuscemodi
3479 1386 3615 1428 con.

252 1476 389 1518 men
442 1457 734 1537 injectum
770 1472 877 1536 per
926 1472 1093 1535 aqua:
1145 1462 1203 1515 et
1247 1452 1492 1532 Spiritus
1543 1452 1686 1530 vim,
1741 1453 1893 1513 sicut
1970 1453 2343 1531 junctionem
2381 1456 2573 1515 honor
2597 1454 3057 1517 immortalitatis
3107 1454 3468 1536 infringitur,
3507 1475 3617 1518 nec

246 1562 431 1625 supra
457 1545 734 1615 diximus,
772 1551 832 1605 et
856 1543 1151 1605 formatur
1180 1552 1237 1604 et
1270 1542 1465 1604 alitur.

1979 1553 2035 1603 ut
2063 1542 2414 1622 quibusdam
2446 1544 2773 1623 videturlex
2796 1543 3144 1608 rationabili
3170 1552 3227 1605 et
3248 1546 3617 1625 concupisci-

339 1632 692 1698 XXVll.Scd
719 1642 777 1695 et
795 1634 853 1694 in
874 1634 988 1694 boc
1018 1632 1365 1693 admiranda
1384 1643 1472 1692 est
1497 1631 1895 1694 divinaPrnvi-
1922 1630 1955 1677 Ιί
1981 1631 2083 1692 bili
2113 1642 2171 1694 et
2193 1632 2478 1697 irascibili
2500 1633 2791 1713 subsistit,
2816 1634 2920 1695 sed
2959 1633 3141 1710 magis
3161 1633 3358 1695 inesse
3389 1634 3445 1695 ei
3471 1635 3617 1696 tales

251 1725 476 1804 dentia,
508 1723 668 1804 quod
705 1723 908 1786 videre
931 1740 1040 1783 nos
1072 1721 1314 1803 quidem
1342 1730 1397 1782 et
1413 1740 1740 1799 agnoscere
1761 1721 1897 1783 facit

253 1832 391 1896 qum
419 1814 585 1887 ﬁunt,
617 1830 733 1894 quo
760 1812 934 1874 modo
970 1817 1162 1873 autem
1226 1819 1286 1871 et
1320 1810 1577 1891 qualiter
1632 1813 1799 1886 fiant,
1837 1811 1894 1873 in

254 1908 488 1963 secreto
520 1901 719 1981 posuit
747 1908 806 1961 et
834 1898 1087 1979 occulto,
1122 1909 1185 1958 ut
1208 1917 1324 1960 non
1343 1899 1605 1979 indignis
1630 1900 1700 1960 ad
1723 1899 1894 1979 agni-

254 1992 478 2052 tionem
507 1989 989 2069 subjaceant,sed
1015 1988 1212 2066 dignis
1232 1996 1290 2047 et
1312 1987 1586 2051 ﬁdelibus
1609 2007 1741 2050 cum
1773 2008 1892 2050 me.

247 2080 505 2160 ruerint,
521 2080 819 2159 pateliant.
839 2076 913 2141 Ut
935 2087 1133 2138 autem
1152 2076 1331 2138 rebus
1357 2076 1502 2155 ipsis
1528 2086 1585 2138 et
1607 2078 1894 2157 exemplis

252 2169 755 2249 probemus,nihil
769 2168 1012 2227 omnino
1032 2185 1103 2227 ex
1120 2175 1356 2227 terrena
1373 2164 1705 2227 substantia
1721 2173 1896 2227 semi-

254 2257 432 2322 nibus
468 2257 733 2328 dari,sed
765 2265 949 2318 totum
975 2272 1042 2317 ex
1071 2257 1370 2316 elemento
1388 2274 1553 2334 aqua:
1572 2263 1629 2315 et
1655 2255 1896 2335 spiritus

253 2346 358 2428 qui
381 2347 537 2409 inest
559 2345 609 2406 ei
632 2346 848 2406 virtute
871 2354 1332 2424 constare,pone
1359 2343 1501 2405 mihi
1522 2343 1684 2404 verbi
1710 2345 1895 2421 gratia

253 2437 314 2497 in
338 2444 570 2497 cratere
596 2434 791 2516 aliquo
835 2432 1221 2514 amplissima!
1254 2432 1681 2511 magnitudinis
1726 2432 1897 2511 injici

256 2535 431 2586 terrae
461 2525 679 2587 talents
707 2534 972 2596 centum,
999 2530 1054 2581 et
1077 2524 1451 2584 seminentur
1469 2522 1527 2581 in
1559 2539 1628 2583 eo
1650 2522 1899 2583 diversae

255 2615 490 2696 species
505 2614 799 2675 seminum
817 2613 906 2674 vel
926 2612 1156 2672 olerum
1172 2612 1261 2672 vel
1286 2611 1466 2673 etiam
1488 2611 1897 2692 virgultorum,

260 2704 353 2765 his
383 2708 716 2783 praebeatur
740 2701 813 2764 ad
845 2700 1156 2779 rigandum
1177 2718 1331 2777 aqua
1355 2700 1680 2775 sufﬁciens,
1716 2709 1774 2761 et
1795 2717 1901 2780 per

1980 1722 2214 1801 quidam
2260 1723 2562 1804 videntur]
2593 1723 2858 1794 aﬁ‘ectus,
2898 1721 3111 1802 quibus
3133 1722 3205 1784 ad
3234 1724 3358 1784 haec
3386 1724 3619 1803 singula

1983 1811 2207 1873 moveri
2234 1813 2419 1892 possit
2472 1816 2616 1875 Nam
2642 1830 2854 1892 corpus
2876 1810 3035 1889 quod
3061 1830 3129 1872 ex
3156 1811 3390 1874 ossibus
3416 1823 3473 1874 et
3494 1831 3619 1875 car-

1981 1897 2155 1958 nibus
2182 1910 2433 1982 constat,
2466 1900 2700 1964 initium
2734 1901 3011 1962 sumitex
3045 1899 3275 1961 semine
3294 1900 3424 1974 viri,
3458 1902 3613 1982 quod

1984 2006 2016 2046 e
2050 1988 2324 2051 medullis
2354 1992 2517 2052 calor
2537 1988 2787 2051 eiiciens
2818 1988 3003 2050 vulvas
3030 1990 3198 2069 quasi
3224 1998 3396 2051 terra;
3425 1992 3622 2053 consi-

1977 2085 2134 2155 gnat,
2162 2078 2255 2140 cui
2291 2080 2590 2140 inhaerens
2613 2095 2682 2140 ex
2706 2079 2865 2139 fonte
2895 2077 3203 2156 sanguinis
3230 2078 3506 2158 paulatim
3529 2080 3618 2141 ri-

1978 2177 2202 2245 gatnm,
2244 2168 2298 2228 in
2352 2185 2593 2229 carnem
2630 2176 2688 2228 et
2719 2185 2857 2229 ossa
2913 2167 3281 2246 producitur,
3331 2176 3505 2248 atque
3562 2173 3621 2232 in

1978 2254 2239 2334 speciem
2272 2256 2533 2318 anc-toris
2576 2256 2722 2336 jacti
2761 2256 3007 2318 seminis
3036 2257 3413 2320 reformatur.

2059 2343 2237 2407 XXIX
2297 2344 2371 2406 Et
2402 2346 2535 2408 vide
2569 2347 2625 2406 in
2662 2347 2774 2407 hoc
2805 2345 3063 2407 Artiﬁcis
3096 2364 3243 2425 opus
3279 2347 3432 2428 {75),
3463 2368 3616 2426 quo-

1983 2434 2157 2494 modo
2185 2453 2319 2496 ossa
2341 2436 2499 2498 velut
2529 2435 2838 2497 columnas
2870 2435 3178 2515 quasdam,
3212 2436 3431 2515 quibus
3479 2455 3618 2499 caro

1979 2532 2425 2586 sustenteturac
2442 2522 3172 2605 portetur,inseruit.Tum
3199 2524 3418 2587 deinde
3430 2543 3623 2607 aequa-

1981 2611 2054 2672 lis
2085 2633 2153 2674 ex
2181 2623 2429 2694 utraque
2453 2623 2641 2694 parte,
2674 2614 2730 2674 id
2755 2624 2845 2676 est
2871 2619 3114 2675 dextera
3160 2623 3218 2674 et
3250 2614 3418 2693 laeva,
3446 2634 3619 2678 men-

1980 2720 2117 2764 sura
2136 2713 2502 2783 sert'etur,ut
2530 2712 2817 2781 congruat
2854 2721 2960 2783 pes
2985 2702 3148 2780 pedi,
3177 2711 3235 2764 et
3257 2722 3467 2764 manus
3493 2723 3618 2764 nia.

257 2812 447 2855 annos
468 2792 672 2873 plures
691 2792 978 2853 habeatur
1002 2790 1900 2870 istadiligentia,congregentur
1983 2792 2107 2870 nui,
2141 2791 2310 2871 digiti
2340 2812 2576 2875 quoque
2599 2793 2822 2871 digitis,
2888 2800 2950 2852 ut
2980 2790 3199 2869 singuli
3229 2790 3300 2853 ad
3351 2791 3626 2870 singulos

254 2892 452 2944 autem
486 2882 717 2946 semina
749 2898 881 2962 qua
902 2880 1150 2941 collecta
1181 2880 1423 2953 fuerint,
1486 2880 1648 2942 verbi
1710 2881 1900 2958 gratia
1985 2889 2099 2941 tota
2132 2883 2471 2959 aequalitate
2494 2883 2997 2953 concordentgsed
3026 2890 3083 2941 et
3106 2881 3314 2943 oculus
3343 2883 3537 2954 oculo,
3566 2893 3625 2944 et

253 2970 643 3035 frumentivel
676 2969 1271 3049 hordeiabarumque
1291 2969 1626 3049 specierum
1652 2967 1895 3048 persia-
1916 2992 1958 3043 ο
1982 2970 2145 3032 auris
2167 2972 2464 3051 auri,qum
2487 2990 2606 3033 non
2631 2972 2822 3032 solum
2852 2987 3113 3031 consona
3137 2970 3249 3031 sibi
3282 2979 3343 3032 et
3360 2989 3622 3035 concor-

252 3062 426 3141 gulos
456 3077 645 3122 annos
675 3059 951 3132 seorsim,
986 3059 1175 3119 donec
1203 3058 1674 3139 uniuscujusque
1705 3063 1892 3124 semi-
1980 3061 2203 3132 dantia,
2237 3061 2342 3122 sed
2375 3071 2431 3123 et
2458 3061 2660 3122 usibus
2694 3058 3047 3123 necessariis
3106 3070 3239 3140 apta
3266 3061 3616 3126 formantur.

254 3151 347 3214 nis
374 3166 623 3212 acervus
651 3150 722 3210 ad
757 3158 996 3210 centum
1030 3148 1383 3210 talentorum
1422 3150 1652 3227 pondus
1678 3169 1895 3213 ascen-

255 3243 379 3316 dat,
404 3248 529 3301 tum
556 3240 736 3302 etiam
760 3238 1005 3299 arbores
1022 3239 1233 3298 avulsae
1246 3238 1529 3298 radicitus
1545 3242 1894 3319 appendan-

255 3341 376 3410 tur,
397 3338 460 3392 et
490 3330 581 3392 bis
603 3328 882 3389 omnibus
899 3346 968 3388 ex
992 3335 1221 3388 cratere
1252 3327 1504 3406 sumptis
1528 3330 1899 3408 appentlatur

254 3430 438 3494 terra,
471 3425 708 3480 centum
742 3435 847 3478 sua
872 3416 1259 3477 nihilominus
1307 3415 1526 3477 talenta
1576 3416 1736 3479 salva
1787 3438 1891 3481 re-

258 3509 487 3571 stituet.
539 3505 709 3569 Unde
742 3524 881 3585 ergo
926 3505 1195 3567 dicemus
1252 3523 1430 3566 omne
1461 3504 1606 3567 illud
1641 3510 1897 3588 pondus,

258 3616 626 3674 omnemque
686 3596 1068 3676 quantitatem
1157 3594 1453 3655 seminum
1529 3596 1894 3661 diversorum

255 3701 437 3769 atque
513 3687 797 3749 arborum
854 3685 1245 3746 surrexisse?
1320 3698 1520 3747 nonne
1593 3687 1901 3751 evidenter

252 3786 523 3859 apparet,
549 3775 690 3857 quia
716 3791 785 3837 ex
814 3774 986 3851 aquis
1014 3772 1046 3833 ?
1074 3772 1259 3835 Terra
1315 3774 1474 3836 enim
1509 3778 1666 3855 quod
1724 3796 1895 3839 suum

251 3875 365 3941 est,
403 3866 699 3945 integrum
733 3872 915 3944 tenet,
941 3882 1091 3945 aqua
1141 3881 1278 3926 vero
1340 3882 1472 3944 qua:
1508 3883 1616 3945 per
1666 3866 1899 3946 singula

250 3956 473 4035 injecta
506 3963 623 4034 est,
657 3971 952 4030 nusquam
994 3970 1239 4033 prorsus
1297 3962 1406 4030 est,
1467 3954 1543 4015 ob
1595 3966 1893 4034 potentem

247 4045 468 4106 divina)
497 4043 861 4107 conditionis
880 4042 1178 4117 virtutem,
1213 4060 1346 4123 quae
1370 4061 1476 4123 per
1517 4064 1698 4106 unam
1730 4064 1899 4127 aquae

249 4133 518 4217 speciem
570 4140 872 4196 tantorum
926 4133 1218 4193 seminum
1278 4133 1783 4215 virgultorumque
1843 4145 1899 4197 et

249 4221 623 4321 substantias
648 4229 917 4321 reparat,
946 4228 1007 4281 et
1036 4222 1270 4321 species
1302 4220 1543 4296 format,
1598 4232 1657 4284 et
1704 4243 1897 4304 genus
1921 4270 1968 4321 Β

256 4312 465 4375 fenore
497 4310 882 4392 multiplicato
918 4311 1199 4372 custodit.

342 4398 687 4464 XXVIllEx
709 4400 929 4477 quibus
949 4398 1231 4461 omnibus
1251 4401 1391 4461 satis
1411 4400 1771 4484 abundeque
1793 4422 1900 4484 pa-

1981 3152 2185 3210 Manus
2215 3150 2459 3230 quidem
2494 3160 2557 3210 ut
2584 3148 2753 3230 operi
2785 3151 3116 3210 commodae
3162 3149 3301 3222 sint,
3336 3150 3523 3230 pedes
3557 3164 3619 3213 ut

1981 3239 2306 3317 gressibus,
2341 3240 2497 3301 oculi
2526 3248 2586 3300 ut
2608 3237 2831 3299 visibus
2876 3239 3133 3299 serviant
3158 3240 3613 3319 superciliorum

1983 3328 2246 3389 excubiis
2265 3328 2757 3406 custoditi,aures
2778 3328 2849 3388 ad
2879 3326 3238 3389 audiendum
3258 3329 3337 3391 ita
3353 3329 3620 3392 formata:

1985 3427 2046 3478 ut
2072 3420 2338 3498 cymbala
2361 3418 2588 3479 similes
2601 3418 2861 3498 suscepti
2883 3416 3044 3479 verbi
3062 3434 3484 3496 repercussum
3513 3437 3616 3481 30-

1986 3507 2172 3568 nitmn
2199 3507 2375 3569 altius
2405 3507 2682 3587 reddant,
2713 3511 2777 3569 et
2807 3525 2991 3587 usque
3038 3507 3111 3567 ad
3144 3524 3386 3568 sensum
3420 3509 3621 3571 cordis

1983 3598 2278 3669 emittant,
2313 3597 2512 3675 lingua
2534 3605 2734 3656 autem
2758 3595 2832 3656 ad
2864 3595 3227 3675 loquendum
3249 3595 3404 3657 illisa
3429 3596 3619 3661 denti-

1983 3685 2094 3747 bus
2119 3687 2327 3767 plectri
2347 3687 2556 3746 reddat
2583 3684 2873 3764 oflicium,
2908 3685 3019 3765 ipsi
3034 3701 3170 3745 vero
3205 3683 3416 3746 dentes
3438 3686 3619 3748 aliiu‘t

1983 3776 2246 3837 incidant
2278 3781 2338 3836 et
2367 3775 2629 3835 dividant
2657 3774 2823 3834 cibos
2856 3783 2914 3835 et
2943 3772 3330 3835 interioribus
3362 3776 3615 3851 tradant,

1982 3864 2300 3926 interiores
2328 3882 2466 3925 vero
2491 3863 2633 3924 utin
2680 3863 2918 3923 modum
2978 3862 3145 3922 molae
3195 3863 3516 3927 conficiant
3562 3877 3619 3926 et

1983 3955 2412 4027 comminuam,
2449 3972 2566 4030 quo
2627 3953 3016 4033 opportunius
3058 3953 3363 4014 stomacho
3422 3957 3619 4016 traditi

1982 4054 2336 4124 coquantur,
2372 4044 2531 4103 unde
2563 4054 2621 4105 et
2646 4044 2898 4103 molares
2927 4041 3205 4122 appellati
3242 4051 3402 4103 sunt.

2061 4131 2244 4195 XXX.
2279 4132 2393 4194 sed
2426 4144 2484 4195 et
2513 4149 2710 4211 nares,
2757 4131 3135 4193 commeandi
3168 4132 3340 4193 flatus
3371 4141 3431 4193 et
3476 4135 3621 4195 red-

1984 4222 2166 4284 dendi
2197 4242 2267 4284 ac
2298 4221 2635 4303 recipiendi
2661 4221 2847 4300 gratia
2875 4221 3041 4281 factae
3069 4228 3228 4294 sunt,
3267 4230 3329 4282 ut
3370 4222 3621 4284 innova-

1987 4314 2147 4374 tione
2169 4312 2410 4391 spiritus
2440 4310 2601 4372 calor
2633 4310 2917 4372 naturalis
2938 4310 3037 4389 qui
3066 4309 3121 4368 in
3168 4309 3352 4371 corde
3382 4322 3492 4373 est.
3530 4313 3620 4373 vel

1986 4402 2232 4464 accendi
2266 4402 2355 4462 vel
2388 4399 2757 4479 refrigerari,
2784 4417 2917 4460 cum
2953 4415 3046 4459 res
3079 4399 3623 4481 poposcerit,queat

258 4503 387 4555 tere
412 4498 572 4572 puto,
597 4489 810 4552 artiﬁci
841 4506 1027 4551 sensu
1047 4500 1106 4551 et
1127 4489 1905 4556 nonirrationabilinaturaa
1990 4491 2287 4573 pulmonis
2305 4491 2523 4566 oﬂicio,
2561 4490 2663 4571 qui
2691 4488 2915 4570 pectori
2970 4486 3266 4549 inhaerere
3314 4488 3485 4550 datus
3535 4503 3625 4552 est

333 4624 496 4678 53-57
530 4623 1028 4699 Quzeauctoritate
1057 4622 1192 4689 cod.
1216 4623 1621 4690 Parisinorum
1652 4632 2185 4695 vetustissimorum
2220 4628 2277 4689 in
2311 4635 2533 4689 textum
2562 4619 2976 4702 recipimus,in
3001 4622 3169 4682 uncis
3183 4620 3624 4686 eaincludenda

1623 4788 2014 4857 GOTELERII
2059 4789 2309 4856 NOTAE.

253 4708 616 4772 curavimus.

346 4921 750 5002 (74)]‘arvus
779 4923 845 4983 in
868 4924 999 4984 alio
1020 4923 1308 4986 mundus.
1327 4924 1527 4987 Codex
1557 4925 1902 4990 Candelerio

258 5001 601 5077 anus,aiiua
627 5002 1156 5087 perunguendus.
1185 5003 1632 5087 Carmeliticus,
1651 5007 1816 5071 alius
1836 5011 1898 5072 in

261 5083 777 5170 parvosriundas.
829 5083 1053 5170 Eodem
1105 5100 1334 5170 sensu;
1404 5083 1674 5170 Physici,
1711 5089 1901 5170 inquit

265 5161 602 5247 alacrobius
634 5161 738 5223 lib.
775 5177 815 5223 ιι
845 5163 905 5223 in
935 5161 1257 5247 Somnium
1284 5161 1592 5247 Scipionis
1614 5161 1744 5247 cap.
1782 5161 1855 5231 1'2
1885 5186 1899 5232 :

1985 4931 2230 5003 συντόμω
2261 4927 2699 5009 ubiqueleges.

2070 5011 2123 5089 (7
2134 5010 2194 5073 5i
2226 5009 2309 5072 Et
2329 5003 2465 5071 vide
2480 5008 2550 5069 in
2563 5003 2949 5089 [iocartiﬁct's
2972 5023 3145 5089 opus,
3177 5003 3515 5089 etc.Totum
3532 5003 3625 5065 lo-

1987 5083 2121 5153 cum
2162 5089 2365 5151 confer
2394 5106 2527 5168 cum
2562 5083 2972 5168 ResponSione
2995 5083 3071 5168 ad
3102 5083 3627 5168 interrogationem

1989 5172 2129 5245 140,
2155 5172 2214 5231 in
2242 5168 2480 5232 Caesarii
2501 5165 2760 5245 Dialogis
2794 5187 2807 5227 :
2846 5183 2954 5227 nec
2979 5165 3278 5227 dubitabis
3298 5182 3569 5245 asserere
3598 5182 3632 5226 a

264 5241 592 5328 Mundam,
614 5260 902 5328 magnum
924 5244 1310 5328 hominemmt
1333 5241 1911 5328 hominemdirevem
1998 5241 2250 5313 Caesarie
2282 5249 2380 5310 illo
2406 5241 2731 5328 suppilalas
2750 5247 2934 5308 fuisse
2948 5244 3634 5328 ﬂecogm‘tioncsjlinus

263 5321 1067 5407 mundum’esse'tligcrunt.
1102 5321 1268 5407 Quod
1304 5326 1390 5385 sic
1422 5344 1771 5407 expressum
1823 5339 1914 5390 est
1997 5330 2314 5392 commode
2335 5321 2634 5391 Arnobius
2660 5328 2766 5391 lib.
2802 5346 2861 5390 ιιι
2891 5349 2903 5385 :
2933 5321 3269 5407 Numquid
3296 5329 3366 5388 in
3394 5325 3634 5407 homine

259 5421 295 5465 a
325 5401 806 5490 Philonejudmo
827 5400 985 5490 libro
1013 5402 1165 5477 Quis
1185 5420 1391 5490 rerum
1408 5400 1764 5490 diuinarum
1789 5409 1910 5470 hae-
1987 5410 2313 5490 pulchrum
2345 5417 2451 5482 est,
2488 5409 2657 5488 quid,
2688 5400 3331 5490 qttaaro,_admt'i‘al_tile,
3353 5405 3445 5467 vel
3471 5405 3637 5468 deco-

260 5501 380 5571 rtes,
412 5503 471 5564 p.
495 5483 618 5546 509
700 5481 1410 5571 Ἐνξλλᾴττοντεςκβρκχύν
1442 5488 1540 5562 μὲν
1584 5489 1786 5565 κόσμον
1817 5493 1895 5545 si»

1987 5481 2155 5571 "ram,
2188 5492 2312 5551 nisi
2335 5481 2569 5571 quod-et
2602 5481 2873 5571 veterino
2900 5481 3138 5569 '(legnnt
3167 5486 3403 5571 clurino
3425 5504 3458 5546 e
3488 5503 3634 5548 mss.

263 5562 565 5651 évﬁptnsrov,
595 5564 767 5643 μέγαν
795 5562 850 5620 δὲ
880 5562 1151 5641 ἄνθρωπον
1181 5562 1379 5651 ἔγασᾶν
1400 5570 1492 5624 τὸν
1524 5562 1895 5645 κόσμόνεϊναι.

1995 5562 2208 5651 Regio,
2245 5562 2378 5631 cum
2415 5569 2592 5631 etiam
2626 5568 2805 5630 scribi
2843 5562 3136 5651 potuisset
3194 5569 3473 5642 vcrrt'no)
3502 5582 3639 5651 cunt

259 5643 347 5708 De
381 5644 629 5707 nomine
677 5645 1099 5725 microcosmo,
1152 5643 1373 5706 minori
1437 5643 1684 5730 mundo,
1724 5648 1912 5727 κόσμῳ
1993 5643 2206 5731 pecore
2230 5653 2431 5713 nescio
2461 5651 2596 5729 quis
2625 5643 2854 5711 auctor'
2881 5647 3069 5710 voluit
3101 5664 3226 5710 esse
3273 5643 3641 5711 commune?

581 5753 845 5815 Panos.
891 5752 1003 5816 Gn.
1052 5754 1100 5814 1.
3273 5755 3349 5819 44
