4058 6206
440 217 464 275 l
478 212 593 276 387

1282 210 1342 272 S.
1391 209 1823 274 CLEMENTIS
1865 207 1888 272 Ι
1936 212 2113 275 HOM.
2162 212 2386 275 PONT.
2435 215 2680 277 OPERA
2728 214 2983 280 DUBIA.

3653 219 3678 278 1
3690 218 3803 282 388

442 356 504 409 ut
532 347 778 408 mollitie
810 345 902 405 sui
930 342 1133 424 palpet
1158 354 1216 404 et
1246 342 1440 405 foveat
1472 344 1674 405 cordis
1706 347 1996 425 vigorem,
2027 346 2082 404 in
2108 360 2142 401 Α
2169 352 2227 403 et
2250 362 2437 424 quare
2461 353 2575 405 tam
2609 343 2772 405 tarde
2806 343 2831 405 ’ἶ
2860 346 2977 406 Hoc
3010 346 3204 425 possis
3222 347 3548 408 obtendere
3572 348 3807 408 etiamsi

440 458 558 519 quo
588 436 825 498 videtur
856 435 969 495 vita
1000 436 1349 512 consistere,
1382 434 1495 493 vita
1522 434 1680 508 dico,
1716 454 1831 495 non
1855 434 2071 495 anima.

441 532 590 591 Nam
624 526 762 607 quid
786 525 981 586 dicam
1005 524 1079 583 de
1107 541 1172 582 Su
1186 522 1438 583 bstantia
1459 524 1891 604 sanguinis,qui
1918 524 2077 585 velut

441 618 657 679 ﬂuvius
677 633 746 675 ex
776 613 938 673 fonte
972 611 1331 691 procedens,
1365 620 1423 671 et
1452 630 1569 671 uno
1609 614 1772 692 prius
1804 614 1968 674 alveo
1995 614 2076 671 in-

439 724 642 769 vectus
673 714 795 766 tum
825 701 1045 761 deinde
1070 718 1175 779 per
1196 700 1539 761 innumeras
1563 701 1943 781 venasquasi
1972 721 2073 781 per

439 815 609 858 areas
640 792 959 860 derivatus,
1014 797 1190 849 totam
1244 789 1489 851 humani
1543 791 1808 869 corporis
1860 799 2074 851 terram

440 884 710 948 vitalibus
735 878 1160 959 rigatﬁuentis,
1191 878 1413 955 jecoris
1451 897 1633 958 opere
1687 880 2074 951 ministratus,

438 975 592 1057 quod
626 972 695 1033 ad
733 969 1054 1032 efﬁcaciam
1091 967 1437 1044 digestionis
1486 969 1778 1044 ciborum,
1814 978 1986 1048 atque
2016 969 2075 1027 in

438 1056 784 1144 sanguinem
822 1057 1241 1120 mutandorum
1274 1056 1335 1117 in
1368 1056 1576 1119 dextro
1611 1062 1793 1118 latere
1820 1057 2077 1137 jacetJn

440 1156 683 1215 sinistro
718 1167 854 1211 vero
888 1146 1113 1226 splenis
1136 1155 1222 1205 est
1252 1145 1447 1219 locus,
1485 1147 1582 1227 qui
1619 1149 1858 1209 trahere
1908 1148 1980 1208 ad
2012 1166 2078 1208 se

438 1259 495 1306 et
530 1258 781 1323 purgare
804 1236 1241 1317 quodammodo
1276 1235 1482 1296 sordes
1527 1237 1834 1315 sanguinis
1866 1236 2075 1317 possit.

356 1394 357 1399 η
520 1328 732 1395 XXXI.
770 1326 1195 1388 lntestinorum
1221 1344 1455 1405 quoque
1481 1327 1628 1386 ratio
1689 1337 1909 1403 quanta
1940 1336 2029 1386 est
2055 1327 2069 1386 ι

437 1442 567 1504 quae
589 1420 808 1483 idcirco
842 1415 1033 1494 longis
1059 1413 1306 1475 nexibus
1338 1416 1394 1474 in
1421 1416 1778 1476 circulorum
1805 1416 2073 1475 ordinata

436 1522 571 1574 sunt
604 1511 871 1579 modum,
906 1513 966 1564 ut
1003 1517 1308 1583 susceptas
1371 1504 1737 1583 digestiones
1796 1505 2068 1566 ciborum

438 1600 715 1683 paulatim
744 1602 1009 1673 egerant,
1047 1613 1162 1672 quo
1199 1612 1389 1673 neque
1423 1594 1494 1653 ad
1549 1593 1814 1656 subitum
1866 1596 2073 1654 inanes

2162 439 2296 494 ante
2317 433 2503 494 factus
2536 431 2745 494 fuisset
2772 455 2787 508 ;
2820 433 3059 497 diceres
3083 435 3265 514 enim,
3294 435 3411 497 Cur
3441 455 3556 496 non
3589 448 3646 496 et
3673 446 3809 499 ante

2163 522 2306 584 hoc?
2337 532 2391 584 et
2427 523 2503 582 ita
2538 522 2831 584 immensa
2862 524 3077 585 saacnla
3108 526 3538 587 transcenderis
3564 543 3808 605 semper

2163 611 2351 690 possis
2384 612 2712 692 requirere,
2751 630 2856 672 cur
2884 632 2999 674 non
3036 622 3254 675 etante
3287 616 3399 678 hoc
3425 615 3455 675 ?
3485 613 3603 677 Sed
3638 615 3809 675 nobis

2164 718 2317 760 nunc
2347 718 2543 761 sermo
2583 718 2698 761 non
2735 701 2807 762 de
2838 720 2908 762 eo
2942 712 3028 763 est
3050 702 3178 782 [cur
3203 723 3319 763 non
3350 702 3425 763 sit
3447 711 3583 763 ante
3621 703 3809 764 factus

2161 808 2333 868 quam
2367 788 2555 850 factus
2583 792 2713 869 est],
2738 790 2842 851 sed
2871 791 2923 853 si
2947 791 3191 853 omnino
3215 792 3407 852 factus
3440 790 3621 854 est.Si
3647 794 3803 853 enim

2160 877 2377 939 factum
2411 886 3010 958 constat,necessario
3038 881 3297 961 potentis
3328 890 3383 941 et
3408 882 3626 943 summi
3659 881 3803 942 arti-

2162 966 2289 1028 ﬁcis
2320 987 2468 1046 opus
2502 976 2588 1029 est
2623 991 2639 1035 ;
2669 969 2822 1046 quod
2845 969 2895 1029 si
2917 979 3165 1045 constat,
3192 970 3427 1051 quando
3453 989 3590 1031 eum
3612 969 3809 1031 facere

2160 1054 2433 1135 voluerit,
2462 1056 2748 1136 sapientis
2773 1057 3020 1119 artiﬁcis
3049 1059 3298 1120 arbitrio
3321 1058 3675 1137 judicioque
3707 1078 3806 1119 re-

2162 1144 2546 1225 linquendum
2582 1156 2691 1208 est.
2728 1147 2855 1207 Nisi
2888 1146 3157 1209 videatur
3192 1147 3295 1208 tibi
3327 1147 3523 1208 oinnis
3545 1148 3673 1209 haec
3709 1169 3807 1208 sa-

2162 1232 2405 1313 pientia,
2464 1253 2594 1315 quae
2646 1246 2760 1295 tam
2811 1234 3131 1297 immanem
3193 1236 3398 1297 mundi
3468 1238 3809 1299 machinam

2161 1323 2395 1395 struxit,
2424 1333 2480 1385 et
2501 1325 2754 1401 Singulis
2778 1324 3118 1405 quibusque
3143 1327 3323 1386 rebus
3344 1326 3573 1387 formas
3597 1339 3654 1389 et
3680 1345 3811 1407 spe-

2158 1414 2281 1474 cies
2298 1413 2484 1487 dedit,
2504 1431 2751 1494 quarum
2781 1414 3043 1475 habitum
3072 1435 3187 1477 non
3209 1416 3411 1477 decori
3433 1416 3630 1477 solum
3656 1436 3808 1478 con-

2156 1503 2513 1569 venientem.
2543 1505 2645 1565 sed
2671 1512 2729 1565 et
2750 1505 2961 1567 futuris
2984 1506 3189 1566 usibus
3212 1506 3590 1585 aptissimum
3615 1515 3676 1566 et
3710 1525 3809 1567 ne

2157 1593 2476 1654 cessarium
2500 1602 2769 1672 poneret,
2794 1596 2903 1655 li.-:c
2925 1613 3054 1655 eam
3072 1596 3270 1656 solum
3297 1595 3664 1676 fugerit,quo
3690 1605 3810 1657 tam

436 1682 693 1754 efﬁcmnt
726 1687 907 1757 locos,
942 1693 1000 1743 et
1036 1683 1123 1743 his
1154 1691 1248 1763 qui
1286 1683 1652 1762 superadditi
1685 1684 1903 1744 fuerint
1954 1703 2071 1743 non
2100 1718 2133 1763 Β
2161 1682 2855 1761 magniﬁcaaconditionis
2875 1695 3272 1765 Opportunum
3297 1696 3813 1765 tempusassume

434 1778 834 1861 impediantur
854 1773 1393 1835 cibis.Memhrana3
1411 1783 1605 1834 autem
1635 1774 1691 1832 in
1724 1774 1958 1833 modum
1990 1774 2073 1831 itis

438 1874 597 1935 circo
632 1870 780 1930 facta
810 1872 968 1933 sunt,
1005 1871 1068 1922 ut
1105 1880 1172 1923 ex
1208 1862 1352 1941 ipsis
1397 1880 1465 1923 ea
1522 1882 1652 1943 quas
1707 1862 2075 1923 extrinsecus

435 1968 593 2034 sunt,
629 1962 940 2021 humorem
975 1952 1199 2012 sensim
1225 1952 1579 2032 suscipiant,
1606 1953 1706 2028 qui
1744 1971 1935 2032 neque
1968 1971 2069 2011 sn-

436 2054 556 2114 bito
590 2049 812 2111 effusus
843 2043 1178 2104 exinaniret
1230 2044 1484 2114 interna,
1544 2060 1738 2122 neque
1792 2041 2072 2101 densiore

434 2151 569 2204 cute
603 2134 958 2220 prohibitus,
995 2132 1162 2193 arida
1195 2150 1325 2210 qua
1356 2132 1727 2192 extrinsecus
1782 2132 2075 2191 habentur

436 2232 720 2301 efﬁceret,
758 2233 817 2285 et
838 2231 1017 2284 totam
1075 2221 1334 2282 hominis
1381 2221 1667 2281 fabricam
1699 2221 1827 2281 sitis
1857 2239 2069 2281 neces-

433 2320 609 2381 sitate
642 2314 929 2375 turbaret.

515 2405 749 2473 XXXII.
780 2408 962 2467 Porro
988 2419 1124 2463 vero
1157 2402 1416 2464 feminea
1450 2402 1751 2480 positio.et
1785 2402 1968 2462 vulvae
1993 2403 2071 2464 si-

433 2521 543 2564 nus
560 2498 634 2560 ad
653 2492 1066 2573 recipiendum
1085 2509 1330 2570 germen
1351 2499 1409 2552 et
1433 2491 1864 2553 confovendum
1888 2491 2069 2553 viviﬁ-

433 2590 808 2665 candumque
840 2581 1384 2661 commodissimus,
1419 2600 1596 2660 quem
1620 2601 1737 2642 non
1766 2591 1993 2643 ratione
2015 2590 2071 2643 et

433 2678 748 2765 prudentia
764 2675 1113 2736 effectaesse
1136 2689 1271 2765 quae
1288 2670 1438 2730 facta
1464 2671 2066 2765 sunt,s_uatlcat,_qu‘od

432 2760 491 2833 in
516 2789 585 2832 ea
614 2767 802 2828 solum
838 2771 1003 2843 parte
1036 2762 1445 2821 membrorum
1500 2780 1533 2820 a
1556 2760 1706 2821 virili
1743 2762 1941 2839 Specie
1977 2761 2062 2820 fe-

2157 1786 2270 1834 ret.
2300 1769 2402 1831 Est
2430 1772 2581 1852 apud
2610 1772 2773 1833 illum
2815 1772 3079 1853 profecto
3110 1784 3269 1835 certa
3294 1776 3471 1844 ratio,
3507 1785 3648 1835 sunt
3683 1776 3812 1835 evi-

2158 1859 2366 1921 dentes
2380 1879 2707 1935 causze,cur
2725 1870 2783 1922 et
2799 1865 3033 1942 quando
3053 1873 3110 1925 et
3134 1864 3387 1944 qualiter
3406 1866 3616 1926 fecerit
3638 1884 3815 1925 inun-

2157 1949 2322 2023 dum,
2351 1970 2500 2030 quas
2519 1951 3107 2033 hominibus,quihus
3133 1954 3256 2013 haec
3279 1972 3411 2033 qua)
3431 1964 3569 2014 ante
3593 1954 3815 2016 oculos

2161 2044 2345 2117 posita
2375 2047 2510 2100 sunt
2530 2049 2583 2100 et
2608 2040 2681 2101 de
2704 2040 2835 2119 ejus
2864 2041 3242 2122 providentia
3261 2044 3808 2113 contestantur-.m-

2158 2129 2394 2206 quirere
2423 2138 2477 2188 et
2502 2128 2834 2208 intelligere
2869 2132 3097 2210 pigrum
3134 2132 3262 2211 fuit,
3324 2132 3546 2212 aperiri
3599 2131 3809 2213 utique

2159 2236 2278 2278 non
2314 2219 2579 2298 op0ttuit
2614 2238 2628 2291 ;
2663 2238 2796 2300 qua:
2827 2221 2986 2282 enim
3010 2222 3074 2281 in
3130 2222 3358 2282 occulto
3418 2223 3719 2283 habentur
3754 2234 3808 2282 et

2162 2305 2313 2369 intra
2336 2308 2646 2387 sapientiae
2669 2310 3073 2390 sensus,velut
3105 2311 3257 2372 intra
3274 2312 3469 2389 regios
3486 2313 3809 2373 thesauros

2156 2397 2462 2459 recondita
2493 2409 2651 2477 sunt,
2690 2398 2917 2461 nemini
2940 2410 3164 2481 patent,
3195 2401 3307 2461 nisi
3341 2402 3428 2461 his
3449 2401 3555 2482 qui
3587 2400 3663 2461 ab
3698 2401 3804 2462 illo

2155 2486 2494 2567 didicerint,
2529 2490 2683 2567 apud
2716 2507 2897 2565 quem
2930 2490 3155 2567 signata
3186 2498 3322 2551 sunt
3366 2491 3491 2552 haec
3525 2498 3585 2552 et
3612 2509 3803 2571 repo-

2154 2578 2289 2637 sita.
2327 2575 2485 2637 Deus
2517 2595 2656 2653 ergo
2682 2586 2767 2637 est
2792 2577 2895 2657 qui
2926 2579 3064 2641 fecit
3090 2580 3310 2655 omnia,
3339 2589 3395 2640 et
3454 2582 3585 2660 ipse
3618 2603 3647 2639 a
3686 2600 3803 2642 ne-

2156 2667 2313 2726 mine
2344 2666 2532 2726 factus
2556 2665 2784 2739 est.Qui
2808 2677 3004 2730 antem
3032 2677 3299 2731 naturam
3326 2673 3559 2750 proDeo
3594 2671 3804 2733 nomi-

2152 2762 2316 2828 nant,
2352 2765 2409 2816 et
2444 2774 2547 2834 per
2581 2766 2851 2819 naturam
2879 2758 3032 2820 facta
3057 2776 3189 2819 esse
3222 2768 3432 2821 cuncta
3475 2769 3801 2841 testantur,

434 2862 590 2922 mina
650 2857 965 2932 discrepat,
1001 2870 1114 2929 qua
1151 2849 1464 2928 posteritas
1498 2859 1621 2910 sata
1652 2850 1975 2928 suscipitur
2010 2857 2068 2909 et
2151 2844 2294 2906 latet
2319 2864 2421 2906 eos
2453 2846 2871 2925 appellationis
2898 2867 3021 2909 sum
3051 2867 3241 2910 error.
3267 2850 3327 2911 Si
3349 2848 3508 2910 enim
3526 2859 3802 2912 naturam

431 2954 681 3018 fovetur,
709 2955 766 3005 et
796 2959 1001 3003 rursus
1033 2939 1219 3000 virilis
1253 2938 1490 2999 habitus
1533 2958 1600 2998 ea
1660 2938 2067 3000 tantummodo
2152 2933 2615 2994 irrationabilem
2651 2943 2876 3014 putant,
2905 2936 3313 2998 stultissimum
3340 2946 3427 2998 est
3459 2937 3806 2999 rationabi-

434 3038 836 3100 memhrorum
873 3039 1038 3109 parte
1077 3030 1453 3107 immutatur,
1482 3048 1593 3108 qua
1626 3028 1675 3087 ei
1710 3028 1794 3087 vis
1826 3027 2065 3087 serendi
2088 3090 2124 3109 η
2154 3022 2269 3082 lem
2303 3023 2584 3084 facturam
2622 3024 2694 3084 ab
2730 3024 3124 3087 irrationabili
3152 3026 3371 3088 factore
3402 3028 3713 3106 progredi.
3736 3027 3800 3090 Si

924 3119 1186 3181 hominis
1219 3090 1419 3180 inest?
1551 3119 1609 3177 in
1644 3117 1756 3178 hoc
1790 3136 2063 3195 magnum
2087 3090 2125 3137 Ο
2155 3129 2289 3172 vero
2323 3115 2471 3206 ratio
2504 3124 2611 3195 est,
2642 3114 2699 3174 id
2727 3117 3022 3206 estlogos,
3061 3134 3165 3196 per
3196 3135 3370 3196 quam
3403 3090 3553 3177 facta
3611 3136 3801 3178 cons-

430 3218 667 3299 quidem
698 3209 1098 3273 testimonium
1130 3207 1731 3299 Providentize‘datur,
1760 3225 1830 3299 es
1857 3224 2066 3299 necesf

431 3294 583 3368 saria
614 3302 950 3364 diversitate
984 3297 1416 3369 membrorum,
1448 3295 1550 3357 sed
1585 3296 1667 3358 ibi
1714 3294 1929 3373 majus,
1965 3294 2064 3355 ubi

429 3398 486 3457 in
516 3395 749 3458 habitus
780 3386 1196 3461 similitudine,
1232 3406 1373 3448 usus
1423 3386 1726 3447 diversitas
1774 3396 1831 3445 et
1883 3384 2063 3445 ofﬁcii

429 3486 676 3547 varietas
698 3480 1020 3542 invenitur.
1050 3476 1192 3537 Nam
1231 3477 1507 3538 mamillae
1558 3477 1693 3536 viris
1726 3493 1893 3554 :eque
1926 3482 2063 3535 sunt

430 3597 494 3635 ac
528 3572 790 3650 feminis,
827 3569 930 3628 sed
968 3567 1319 3627 feminarum
1355 3569 1493 3626 solae
1550 3574 1686 3625 sunt
1735 3583 1866 3644 quae
1898 3564 2063 3624 lactis

431 3683 679 3726 munere
703 3661 1031 3738 replentur,
1065 3665 1122 3715 ut
1157 3656 1355 3715 statim
1403 3654 1497 3714 ubi
1559 3654 1894 3732 genuerint,
1930 3663 2065 3733 apta

427 3754 538 3816 sibi
571 3751 852 3829 parvulus
876 3747 1133 3806 inveniat
1167 3746 1554 3807 nutrimenta.
1587 3743 1752 3815 Quod
1804 3744 1851 3803 si
1908 3752 2063 3803 tanta

426 3845 654 3904 ratione.
692 3839 954 3898 videmus
988 3835 1044 3894 in
1067 3834 1303 3895 homine
1339 3837 1604 3892 membra
1639 3832 1947 3912 disposita,
2005 3840 2065 3891 ut

429 3935 487 3993 in
522 3928 752 3992 caeteris
784 3925 1058 3986 omnibus
1082 3924 1296 3983 similis
1328 3922 1566 3983 habitus
1588 3923 1944 3993 videatur,in
1974 3922 2065 3980 his

430 4016 833 4084 tantummodo
864 4016 1227 4090 discrepent,
1264 4012 1320 4073 in
1345 4012 1561 4091 quibus
1586 4029 1726 4071 usus
1758 4010 2064 4071 diversita-

429 4122 543 4173 tem
570 4105 839 4188 requirit,
866 4113 921 4163 ει
954 4122 1146 4183 neque
1179 4101 1236 4160 in
1275 4103 1395 4160 viro
1429 4100 1649 4179 aliquid
1698 4100 2061 4175 snperlluum

426 4209 522 4263 aut
558 4217 760 4277 egens,
791 4213 980 4274 neque
1008 4194 1065 4251 in
1100 4191 1319 4251 femina
1350 4192 1508 4268 quod
1560 4188 1713 4249 desit
1760 4188 2064 4249 videamus

428 4292 511 4351 vel
540 4288 696 4370 quod
733 4285 1015 4357 abundet,
1047 4282 1177 4362 quis
1208 4300 1277 4341 ex
1314 4280 1402 4340 Itis
1426 4277 1706 4370 omnibus
1754 4296 1877 4370 non
1916 4278 2062 4370 Aevi-

424 4366 639 4442 denter
660 4384 940 4456 agnoscat
972 4372 1220 4433 rationis
1251 4389 1398 4449 opus
1430 4379 1486 4429 et
1514 4366 1867 4449 sapientiam
1901 4367 2061 4429 Cun-
2087 4408 2127 4456 ο

424 4469 631 4531 ditoris
662 4474 689 4529 ?

502 4555 758 4620 XXXIII.
790 4554 893 4615 His
926 4552 1280 4631 astipulatur
1309 4548 1482 4610 etirm
1522 4560 1872 4610 caeterorum
1924 4546 2057 4606 ani-

427 4649 664 4710 malium
693 4641 1061 4706 rationabilis
1083 4638 1487 4707 diversitas,et
1511 4658 1617 4698 suo
1636 4637 1910 4717 quodque
1928 4635 2057 4695 usui

426 4735 879 4813 ministerioque
913 4730 1300 4791 conveniens.
1335 4727 1473 4788 Haec
1508 4737 1758 4787 testatur
1789 4734 1846 4785 et
1875 4722 2056 4784 arbo-

422 4846 550 4886 rum
588 4825 837 4883 varietas
870 4820 1308 4897 herbarumque
1341 4817 1674 4894 diversitas,
1711 4827 1826 4873 tam
1856 4813 2058 4887 Specie

422 4916 634 4976 variata
667 4929 843 4994 quam
882 4908 1093 4970 succis.
1131 4906 1267 4967 Haec
1327 4906 1539 4967 asserit
1586 4913 1644 4965 et
1701 4905 2055 4994 permutatio

424 4992 753 5085 temporum
792 5002 851 5061 in
874 5009 1125 5079 quatuor
1174 4997 1451 5056 distincta
1500 4992 1977 5085 vicissitudines,
2000 5001 2057 5053 et

2154 3209 2232 3262 tat
2262 3201 2562 3277 universa,
2617 3205 2927 3283 superﬂuo
2951 3223 3170 3266 nomen
3203 3207 3544 3285 immutant,
3580 3206 3688 3268 ubi
3723 3209 3803 3270 de

2152 3290 2489 3353 Conditoris
2515 3292 2743 3353 ratione
2768 3294 3141 3372 proﬁtentur.
3177 3294 3264 3357 Ad
3301 3296 3424 3357 haec
3448 3295 3501 3357 si
3525 3298 3658 3377 quis
3693 3298 3802 3359 ha-

2150 3379 2275 3453 bes,
2302 3379 2497 3455 Pater,
2530 3400 2910 3463 prosequere.

2223 3468 2452 3532 XXXV.
2501 3471 2637 3532 Haec
2687 3491 2819 3532 cum
2879 3473 3088 3535 Niceta
3146 3473 3414 3555 dixisset,
3475 3494 3660 3539 senex
3718 3480 3804 3541 ita

2149 3559 2457 3639 respondit
2487 3581 2498 3618 ε
2538 3562 2626 3622 Tu
2657 3560 2927 3641 quidem,
2962 3561 3067 3639 ﬁli,
3105 3564 3436 3643 prudenter
3464 3573 3524 3625 et
3553 3564 3806 3631 fortiter

2150 3657 2494 3727 prosecutus
2525 3668 2610 3730 es,
2645 3650 2704 3710 in
2736 3659 2967 3712 tantum
3002 3662 3066 3713 ut
3095 3653 3310 3714 melius
3336 3653 3449 3714 dici
3483 3674 3659 3734 posse
3725 3660 3806 3721 de

2152 3738 2519 3800 Providentia
2556 3758 2669 3800 non
2720 3749 2943 3819 putem.
2998 3740 3120 3803 Sed
3155 3742 3430 3822 quoniam
3467 3745 3616 3807 hora
3660 3748 3799 3826 jam

2151 3828 2330 3888 multa
2371 3838 2479 3898 est,
2509 3830 2767 3892 crastino
2800 3829 2874 3890 ad
2930 3831 3056 3891 haec
3108 3850 3240 3913 quae
3284 3846 3644 3911 prosecutus
3697 3857 3797 3911 es,

2148 3918 2514 3997 respondere
2538 3919 2733 3998 aliqua
2759 3920 2915 3992 volo,
2954 3920 3027 3981 de
3054 3921 3269 4001 quibus
3293 3923 3342 3983 si
3378 3924 3522 3985 mihi
3545 3926 3801 3989 satisfe-

2148 4006 2303 4068 ceris
2332 4007 2542 4085 gratiae
2564 4026 2657 4068 me
2679 4008 2864 4069 fateor
2887 4008 3322 4072 debitorem.Et
3344 4012 3436 4073 his
3464 4031 3499 4073 a
3528 4032 3678 4077 sene
3705 4019 3800 4079 di-

2150 4096 2281 4173 ctis,
2313 4096 2570 4159 surrexit
2594 4096 2827 4159 Petrus.
2861 4096 3115 4170 Quidam
3144 4117 3286 4164 vero
3337 4119 3410 4165 ex
3452 4106 3804 4170 astantibus

2148 4185 2597 4249 Laodicensium
2623 4187 2849 4267 primus
2870 4188 3116 4269 rogabat
3130 4191 3371 4253 Petrum
3397 4199 3455 4253 et
3478 4205 3683 4275 uos,ut
3707 4212 3804 4258 se-

2149 4276 2241 4335 nis
2264 4276 2615 4337 indumenta
2647 4294 2774 4356 quae
2800 4275 3052 4339 habebat
3079 4279 3323 4341 sordida
3352 4290 3411 4342 et
3439 4283 3623 4344 scissa
3653 4304 3803 4346 mu-

2150 4373 2323 4441 taret;
2356 4384 2528 4446 quem
2556 4367 2767 4427 Petrus
2789 4375 2849 4429 et
2871 4385 2981 4429 nos
3001 4369 3353 4448 amplexi,et
3372 4371 3802 4438 collaudantes

2146 4472 2253 4533 pro
2285 4455 2534 4516 honesta
2559 4464 2617 4515 et
2646 4454 2873 4535 optima
2904 4456 3202 4520 voluntate
3232 4478 3360 4536 sua,
3400 4460 3794 4528 dicebamus:

2144 4542 2294 4615 Quia
2325 4563 2434 4605 nec
2463 4561 2569 4604 nos
2591 4544 2668 4605 ita
2695 4543 3045 4624 insipientes
3069 4564 3279 4609 sumus
3302 4558 3359 4611 et
3379 4549 3572 4632 impii,
3595 4562 3659 4614 ut
3692 4554 3797 4617 cui

2144 4642 2258 4693 tam
2282 4633 2541 4714 pretiosa
2570 4632 2747 4694 verba
2771 4635 3339 4713 concredimusmon
3383 4640 3564 4701 multo
3602 4647 3799 4719 magis

2144 4723 2322 4783 etiam
2346 4722 2471 4782 haec
2502 4739 2630 4801 quas
2660 4724 2731 4783 ad
2765 4741 2904 4784 usus
2933 4743 3253 4805 corporeos
3274 4737 3412 4789 sunt
3446 4734 3798 4795 necessaria

2146 4811 2676 4893 praebeamus,quae
2696 4830 2829 4874 eum
2852 4823 2911 4875 et
2940 4815 3197 4878 libenter
3210 4827 3632 4897 suscepturum
3652 4841 3796 4885 cre-

2143 4902 2364 4983 dimus,
2394 4910 2667 4982 tanquam
2689 4922 2723 4964 a
2741 4903 2878 4964 ﬁliis
2901 4912 3259 4985 patrem,sed
3284 4918 3344 4969 et
3365 4917 3584 4971 tectum
3611 4912 3796 4977 nobis

2142 5004 2201 5052 et
2233 4991 2406 5052 vitam
2442 5010 2819 5054 communem
2845 4994 2973 5056 fore
3002 4996 3473 5062 credimus.Haac
3506 5018 3645 5063 cum
3676 5022 3795 5065 nos

421 5080 606 5159 certis
627 5094 814 5161 horis,
843 5089 1078 5159 diebus,
1120 5086 1444 5164 mensibus,
1503 5102 1724 5144 annum
1794 5080 2054 5142 circulus
2140 5081 2503 5151 diceremus,
2533 5091 2591 5143 et
2613 5082 2715 5144 ille
2747 5081 3065 5164 primarius
3098 5086 3352 5149 civitatis
3376 5107 3615 5151 summa
3649 5092 3701 5153 vi
3728 5105 3794 5155 et

419 5185 726 5251 claudens,
764 5190 815 5241 et
842 5198 915 5239 ne
939 5195 1113 5238 unam
1146 5175 1385 5255 quidem
1418 5176 1622 5234 horam
1674 5180 1904 5232 statutae
1950 5188 2051 5231 ra-
2139 5169 2563 5233 blandimentis
2586 5172 3131 5251 plurimisavellere
3162 5194 3193 5237 a
3215 5176 3393 5240 nobis
3410 5191 3789 5259 cuperetse-

422 5275 595 5337 tionis
674 5271 1019 5345 excedens;
1084 5268 1219 5327 hinc
1273 5265 1527 5343 denique
1601 5262 1774 5323 etiam
1848 5259 2053 5321 mundi
2138 5279 2299 5337 nem,
2331 5280 2439 5321 nos
2469 5279 2608 5322 vero
2634 5265 3791 5344 eovehementiusretineremus,omnis

417 5362 603 5442 ipsius
633 5370 795 5433 aetas,
832 5365 990 5419 certa
1024 5364 1082 5416 et
1113 5355 1306 5416 stabili
1336 5356 1588 5425 ratione,
1618 5360 1907 5429 concepto
1941 5369 2051 5409 an-
2138 5350 2393 5443 populus
2444 5351 2788 5443 acclamavit
2820 5360 2881 5443 ut
2911 5353 3052 5416 illud
3087 5357 3273 5434 magis
3301 5358 3419 5430 ﬁat,
3453 5361 3614 5439 quod
3668 5363 3789 5443 ipsi

420 5470 633 5513 norum
660 5464 908 5509 numero
939 5454 1238 5506 censetur.
2137 5442 2328 5520 placet
2355 5442 2509 5514 seni;
2545 5454 2603 5503 et
2627 5462 2761 5502 cum
2776 5442 3081 5505 silentium
3106 5444 3323 5507 factum
3354 5447 3788 5523 fuisset,seuex

495 5537 743 5602 XXXIV.
767 5536 881 5598 Sed
914 5535 1101 5607 dices,
1129 5533 1374 5607 Quando
1411 5532 1665 5592 tnundus
1719 5531 1905 5590 factus
1937 5539 2046 5609 est,
2126 5531 2467 5609 juramento
2500 5531 2809 5612 praevenit,
2838 5533 3044 5595 dicens
3076 5556 3089 5596 :
3126 5532 3318 5598 Iiodie
3345 5536 3505 5617 apud
3545 5541 3785 5603 nullum
