  <div class='ocr_page' id='page_1' title='image "/cluster/home/n/w/nwhite01/storage/ocr_20150623/1/hvd.32044054121090/716.png"; bbox 0 0 4058 6206; ppageno 0'>
   <div class='ocr_carea' id='block_1_1' title="bbox 263 304 413 368">
    <p class='ocr_par' dir='ltr' id='par_1_1' title="bbox 263 304 413 368">
     <span class='ocr_line' id='line_1_1' title="bbox 263 304 413 368; baseline 0.007 -2"><span class='ocrx_word' id='word_1_1' title='bbox 263 304 413 368; x_wconf 83' lang='lat' dir='ltr'><strong>I389</strong></span> 
     </span>
    </p>
   </div>
   <div class='ocr_carea' id='block_1_2' title="bbox 1428 299 2456 371">
    <p class='ocr_par' dir='ltr' id='par_1_2' title="bbox 1428 299 2456 371">
     <span class='ocr_line' id='line_1_2' title="bbox 1428 299 2456 371; baseline 0.001 -5"><span class='ocrx_word' id='word_1_2' title='bbox 1428 299 1946 368; x_wconf 75' lang='lat' dir='ltr'><strong>RECOGNITION</strong></span> <span class='ocrx_word' id='word_1_3' title='bbox 1961 303 2069 368; x_wconf 83' lang='lat' dir='ltr'><strong>UM</strong></span> <span class='ocrx_word' id='word_1_4' title='bbox 2106 309 2254 371; x_wconf 80' lang='lat' dir='ltr'><strong>LIB.</strong></span> <span class='ocrx_word' id='word_1_5' title='bbox 2296 299 2456 370; x_wconf 83' lang='lat' dir='ltr'><strong>VIII.</strong></span> 
     </span>
    </p>
   </div>
   <div class='ocr_carea' id='block_1_3' title="bbox 3478 299 3638 369">
    <p class='ocr_par' dir='ltr' id='par_1_3' title="bbox 3478 299 3638 369">
     <span class='ocr_line' id='line_1_3' title="bbox 3478 299 3638 369; baseline 0 -2"><span class='ocrx_word' id='word_1_6' title='bbox 3478 311 3499 367; x_wconf 87' lang='lat' dir='ltr'><strong>l</strong></span> <span class='ocrx_word' id='word_1_7' title='bbox 3515 299 3638 369; x_wconf 75' lang='lat'><strong>390</strong></span> 
     </span>
    </p>
   </div>
   <div class='ocr_carea' id='block_1_4' title="bbox 259 437 3636 525">
    <p class='ocr_par' dir='ltr' id='par_1_4' title="bbox 259 437 3636 525">
     <span class='ocr_line' id='line_1_4' title="bbox 259 437 3636 525; baseline 0.002 -25"><span class='ocrx_word' id='word_1_8' title='bbox 259 439 510 500; x_wconf 84' lang='lat' dir='ltr'><strong>manebo</strong></span> <span class='ocrx_word' id='word_1_9' title='bbox 531 458 727 518; x_wconf 85' lang='lat' dir='ltr'><strong>neque</strong></span> <span class='ocrx_word' id='word_1_10' title='bbox 742 437 1024 516; x_wconf 73' lang='lat' dir='ltr'><strong>alialiquo</strong></span> <span class='ocrx_word' id='word_1_11' title='bbox 1039 439 1361 520; x_wconf 89' lang='lat' dir='ltr'><strong>quidquam</strong></span> <span class='ocrx_word' id='word_1_12' title='bbox 1378 437 1820 518; x_wconf 80' lang='lat' dir='ltr'><strong>Suscipiam,uti</strong></span> <span class='ocrx_word' id='word_1_13' title='bbox 1839 461 1910 502; x_wconf 92' lang='lat' dir='ltr'><strong>ne</strong></span> <span class='ocrx_word' id='word_1_14' title='bbox 1933 455 1968 498; x_wconf 80' lang='grc' dir='ltr'><strong>Α</strong></span> <span class='ocrx_word' id='word_1_15' title='bbox 1998 460 2154 504; x_wconf 83' lang='lat' dir='ltr'><strong>mam</strong></span> <span class='ocrx_word' id='word_1_16' title='bbox 2176 441 2508 525; x_wconf 88' lang='lat' dir='ltr'><strong>possidens,</strong></span> <span class='ocrx_word' id='word_1_17' title='bbox 2531 461 2638 504; x_wconf 93' lang='lat' dir='ltr'><strong>cur</strong></span> <span class='ocrx_word' id='word_1_18' title='bbox 2664 442 2724 502; x_wconf 93' lang='lat' dir='ltr'><strong>in</strong></span> <span class='ocrx_word' id='word_1_19' title='bbox 2759 443 2989 504; x_wconf 90' lang='lat' dir='ltr'><strong>occulto</strong></span> <span class='ocrx_word' id='word_1_20' title='bbox 3013 445 3160 506; x_wconf 81' lang='lat' dir='ltr'><strong>lates</strong></span> <span class='ocrx_word' id='word_1_21' title='bbox 3186 454 3243 506; x_wconf 89' lang='lat' dir='ltr'><strong>et</strong></span> <span class='ocrx_word' id='word_1_22' title='bbox 3275 445 3636 506; x_wconf 81' lang='lat' dir='ltr'><strong>verecundia</strong></span> 
     </span>
    </p>
   </div>
   <div class='ocr_carea' id='block_1_5' title="bbox 258 529 1904 603">
    <p class='ocr_par' dir='ltr' id='par_1_5' title="bbox 258 529 1904 603">
     <span class='ocr_line' id='line_1_5' title="bbox 258 529 1904 603; baseline 0.002 -13"><span class='ocrx_word' id='word_1_23' title='bbox 258 529 503 590; x_wconf 79' lang='lat' dir='ltr'><strong>alterius</strong></span> <span class='ocrx_word' id='word_1_24' title='bbox 554 529 797 592; x_wconf 92' lang='lat' dir='ltr'><strong>dilectio</strong></span> <span class='ocrx_word' id='word_1_25' title='bbox 825 529 1074 592; x_wconf 79' lang='lat' dir='ltr'><strong>alterius</strong></span> <span class='ocrx_word' id='word_1_26' title='bbox 1126 529 1365 591; x_wconf 73' lang='lat' dir='ltr'><strong>tristitia</strong></span> <span class='ocrx_word' id='word_1_27' title='bbox 1395 530 1694 603; x_wconf 78' lang='lat' dir='ltr'><strong>ﬁat;b:ec</strong></span> <span class='ocrx_word' id='word_1_28' title='bbox 1748 533 1904 593; x_wconf 87' lang='lat' dir='ltr'><strong>enim</strong></span> 
     </span>
    </p>
   </div>
   <div class='ocr_carea' id='block_1_6' title="bbox 261 619 1637 698">
    <p class='ocr_par' dir='ltr' id='par_1_6' title="bbox 261 619 1637 698">
     <span class='ocr_line' id='line_1_6' title="bbox 261 619 1637 698; baseline 0.004 -20"><span class='ocrx_word' id='word_1_29' title='bbox 261 620 636 698; x_wconf 86' lang='lat' dir='ltr'><strong>postmodum</strong></span> <span class='ocrx_word' id='word_1_30' title='bbox 671 619 724 680; x_wconf 91' lang='lat' dir='ltr'><strong>si</strong></span> <span class='ocrx_word' id='word_1_31' title='bbox 754 620 940 681; x_wconf 91' lang='lat' dir='ltr'><strong>visum</strong></span> <span class='ocrx_word' id='word_1_32' title='bbox 975 621 1172 692; x_wconf 90' lang='lat' dir='ltr'><strong>fuerit,</strong></span> <span class='ocrx_word' id='word_1_33' title='bbox 1201 619 1329 681; x_wconf 77' lang='lat' dir='ltr'><strong>fieri</strong></span> <span class='ocrx_word' id='word_1_34' title='bbox 1363 628 1637 698; x_wconf 84' lang='lat' dir='ltr'><strong>possunt.</strong></span> 
     </span>
    </p>
   </div>
   <div class='ocr_carea' id='block_1_7' title="bbox 338 706 1910 787">
    <p class='ocr_par' dir='ltr' id='par_1_7' title="bbox 338 706 1910 787">
     <span class='ocr_line' id='line_1_7' title="bbox 338 706 1910 787; baseline 0 -17"><span class='ocrx_word' id='word_1_35' title='bbox 338 706 601 772; x_wconf 82' lang='lat' dir='ltr'><strong>XXXVI.</strong></span> <span class='ocrx_word' id='word_1_36' title='bbox 634 709 702 769; x_wconf 90' lang='lat' dir='ltr'><strong>Et</strong></span> <span class='ocrx_word' id='word_1_37' title='bbox 733 727 867 769; x_wconf 90' lang='lat' dir='ltr'><strong>cum</strong></span> <span class='ocrx_word' id='word_1_38' title='bbox 901 709 1026 770; x_wconf 68' lang='lat' dir='ltr'><strong>haec</strong></span> <span class='ocrx_word' id='word_1_39' title='bbox 1057 707 1305 770; x_wconf 83' lang='lat' dir='ltr'><strong>dixisset</strong></span> <span class='ocrx_word' id='word_1_40' title='bbox 1339 727 1552 787; x_wconf 82' lang='lat' dir='ltr'><strong>senex,</strong></span> <span class='ocrx_word' id='word_1_41' title='bbox 1585 712 1800 770; x_wconf 82' lang='lat' dir='ltr'><strong>Petrus</strong></span> <span class='ocrx_word' id='word_1_42' title='bbox 1831 711 1910 770; x_wconf 90' lang='lat' dir='ltr'><strong>ait</strong></span> 
     </span>
    </p>
   </div>
   <div class='ocr_carea' id='block_1_8' title="bbox 259 797 1910 877">
    <p class='ocr_par' dir='ltr' id='par_1_8' title="bbox 259 797 1910 877">
     <span class='ocr_line' id='line_1_8' title="bbox 259 797 1910 877; baseline 0.001 -20"><span class='ocrx_word' id='word_1_43' title='bbox 259 797 331 858; x_wconf 88' lang='lat' dir='ltr'><strong>ad</strong></span> <span class='ocrx_word' id='word_1_44' title='bbox 367 797 712 876; x_wconf 85' lang='lat' dir='ltr'><strong>primarium</strong></span> <span class='ocrx_word' id='word_1_45' title='bbox 732 798 986 859; x_wconf 82' lang='lat' dir='ltr'><strong>civitatis</strong></span> <span class='ocrx_word' id='word_1_46' title='bbox 1013 820 1026 861; x_wconf 87' lang='lat'>:</span> <span class='ocrx_word' id='word_1_47' title='bbox 1053 798 1347 871; x_wconf 84' lang='lat' dir='ltr'><strong>Quoniam</strong></span> <span class='ocrx_word' id='word_1_48' title='bbox 1377 799 1566 859; x_wconf 81' lang='lat' dir='ltr'><strong>nostri</strong></span> <span class='ocrx_word' id='word_1_49' title='bbox 1593 799 1910 877; x_wconf 68' lang='lat' dir='ltr'><strong>praesentia</strong></span> 
     </span>
    </p>
   </div>
   <div class='ocr_carea' id='block_1_9' title="bbox 264 887 1908 960">
    <p class='ocr_par' dir='ltr' id='par_1_9' title="bbox 264 887 1908 960">
     <span class='ocr_line' id='line_1_9' title="bbox 264 887 1908 960; baseline -0.001 -13"><span class='ocrx_word' id='word_1_50' title='bbox 264 888 476 948; x_wconf 80' lang='lat' dir='ltr'><strong>bonam</strong></span> <span class='ocrx_word' id='word_1_51' title='bbox 505 887 868 949; x_wconf 67' lang='lat' dir='ltr'><strong>voluntatem</strong></span> <span class='ocrx_word' id='word_1_52' title='bbox 897 896 1054 948; x_wconf 89' lang='lat' dir='ltr'><strong>tuam</strong></span> <span class='ocrx_word' id='word_1_53' title='bbox 1075 887 1416 960; x_wconf 74' lang='lat' dir='ltr'><strong>ostendisti,</strong></span> <span class='ocrx_word' id='word_1_54' title='bbox 1447 888 1680 949; x_wconf 89' lang='lat' dir='ltr'><strong>tristem</strong></span> <span class='ocrx_word' id='word_1_55' title='bbox 1705 898 1761 949; x_wconf 91' lang='lat' dir='ltr'><strong>te</strong></span> <span class='ocrx_word' id='word_1_56' title='bbox 1791 906 1908 948; x_wconf 92' lang='lat' dir='ltr'><strong>non</strong></span> 
     </span>
    </p>
   </div>
   <div class='ocr_carea' id='block_1_10' title="bbox 259 977 1909 1056">
    <p class='ocr_par' dir='ltr' id='par_1_10' title="bbox 259 977 1909 1056">
     <span class='ocr_line' id='line_1_10' title="bbox 259 977 1909 1056; baseline 0.001 -22"><span class='ocrx_word' id='word_1_57' title='bbox 259 984 492 1056; x_wconf 81' lang='lat' dir='ltr'><strong>oportet</strong></span> <span class='ocrx_word' id='word_1_58' title='bbox 521 978 869 1051; x_wconf 59' lang='lat' dir='ltr'><strong>abscedere,</strong></span> <span class='ocrx_word' id='word_1_59' title='bbox 901 979 1006 1038; x_wconf 90' lang='lat' dir='ltr'><strong>sed</strong></span> <span class='ocrx_word' id='word_1_60' title='bbox 1037 978 1410 1056; x_wconf 82' lang='lat' dir='ltr'><strong>accipiemus</strong></span> <span class='ocrx_word' id='word_1_61' title='bbox 1441 977 1546 1037; x_wconf 91' lang='lat' dir='ltr'><strong>abs</strong></span> <span class='ocrx_word' id='word_1_62' title='bbox 1578 987 1634 1037; x_wconf 90' lang='lat' dir='ltr'><strong>te</strong></span> <span class='ocrx_word' id='word_1_63' title='bbox 1665 978 1909 1055; x_wconf 79' lang='lat' dir='ltr'><strong>gratiam</strong></span> 
     </span>
    </p>
   </div>
   <div class='ocr_carea' id='block_1_11' title="bbox 1992 529 3634 617">
    <p class='ocr_par' dir='ltr' id='par_1_11' title="bbox 1992 529 3634 617">
     <span class='ocr_line' id='line_1_11' title="bbox 1992 529 3634 617; baseline 0.001 -24"><span class='ocrx_word' id='word_1_64' title='bbox 1992 533 2330 612; x_wconf 83' lang='lat' dir='ltr'><strong>conlegeris</strong></span> <span class='ocrx_word' id='word_1_65' title='bbox 2346 534 2374 592; x_wconf 83' lang='lat'><strong>?</strong></span> <span class='ocrx_word' id='word_1_66' title='bbox 2397 529 2616 594; x_wconf 84' lang='lat' dir='ltr'><strong>accede</strong></span> <span class='ocrx_word' id='word_1_67' title='bbox 2629 532 2742 592; x_wconf 88' lang='lat' dir='ltr'><strong>huc</strong></span> <span class='ocrx_word' id='word_1_68' title='bbox 2767 532 3061 617; x_wconf 28' lang='lat' dir='ltr'><strong>magistet</strong></span> <span class='ocrx_word' id='word_1_69' title='bbox 3081 553 3211 613; x_wconf 75' lang='lat' dir='ltr'><strong>quae</strong></span> <span class='ocrx_word' id='word_1_70' title='bbox 3236 535 3340 596; x_wconf 87' lang='lat' dir='ltr'><strong>tibi</strong></span> <span class='ocrx_word' id='word_1_71' title='bbox 3357 535 3634 596; x_wconf 89' lang='lat' dir='ltr'><strong>videntur</strong></span> 
     </span>
    </p>
   </div>
   <div class='ocr_carea' id='block_1_12' title="bbox 1993 640 2339 703">
    <p class='ocr_par' dir='ltr' id='par_1_12' title="bbox 1993 640 2339 703">
     <span class='ocr_line' id='line_1_12' title="bbox 1993 640 2339 703; baseline -0.006 -21"><span class='ocrx_word' id='word_1_72' title='bbox 1993 640 2339 703; x_wconf 77' lang='lat' dir='ltr'><strong>exsequere.</strong></span> 
     </span>
    </p>
   </div>
   <div class='ocr_carea' id='block_1_13' title="bbox 2071 709 3633 790">
    <p class='ocr_par' dir='ltr' id='par_1_13' title="bbox 2071 709 3633 790">
     <span class='ocr_line' id='line_1_13' title="bbox 2071 709 3633 790; baseline 0.003 -18"><span class='ocrx_word' id='word_1_73' title='bbox 2071 709 2326 774; x_wconf 82' lang='lat' dir='ltr'><strong>XXXIX.</strong></span> <span class='ocrx_word' id='word_1_74' title='bbox 2359 709 2468 775; x_wconf 87' lang='lat' dir='ltr'><strong>Ubi</strong></span> <span class='ocrx_word' id='word_1_75' title='bbox 2496 712 2620 772; x_wconf 60' lang='lat' dir='ltr'><strong>hazc</strong></span> <span class='ocrx_word' id='word_1_76' title='bbox 2643 710 2794 774; x_wconf 92' lang='lat' dir='ltr'><strong>dixit</strong></span> <span class='ocrx_word' id='word_1_77' title='bbox 2828 712 3068 790; x_wconf 85' lang='lat' dir='ltr'><strong>Petrus,</strong></span> <span class='ocrx_word' id='word_1_78' title='bbox 3093 712 3289 771; x_wconf 79' lang='lat' dir='ltr'><strong>statim</strong></span> <span class='ocrx_word' id='word_1_79' title='bbox 3322 715 3506 775; x_wconf 71' lang='lat' dir='ltr'><strong>turbae</strong></span> <span class='ocrx_word' id='word_1_80' title='bbox 3539 716 3633 776; x_wconf 88' lang='lat' dir='ltr'><strong>lo-</strong></span> 
     </span>
    </p>
   </div>
   <div class='ocr_carea' id='block_1_14' title="bbox 1993 798 3637 880">
    <p class='ocr_par' dir='ltr' id='par_1_14' title="bbox 1993 798 3637 880">
     <span class='ocr_line' id='line_1_14' title="bbox 1993 798 3637 880; baseline 0.002 -19"><span class='ocrx_word' id='word_1_81' title='bbox 1993 818 2126 862; x_wconf 90' lang='lat' dir='ltr'><strong>cum</strong></span> <span class='ocrx_word' id='word_1_82' title='bbox 2159 799 2303 860; x_wconf 81' lang='lat' dir='ltr'><strong>dare</strong></span> <span class='ocrx_word' id='word_1_83' title='bbox 2332 807 2641 880; x_wconf 70' lang='lat' dir='ltr'><strong>cmperuut</strong></span> <span class='ocrx_word' id='word_1_84' title='bbox 2669 798 2818 860; x_wconf 91' lang='lat' dir='ltr'><strong>seni.</strong></span> <span class='ocrx_word' id='word_1_85' title='bbox 2861 799 3122 880; x_wconf 87' lang='lat' dir='ltr'><strong>Cumque</strong></span> <span class='ocrx_word' id='word_1_86' title='bbox 3146 801 3518 874; x_wconf 83' lang='lat' dir='ltr'><strong>accessisset,</strong></span> <span class='ocrx_word' id='word_1_87' title='bbox 3557 805 3637 865; x_wconf 87' lang='lat' dir='ltr'><strong>ita</strong></span> 
     </span>
    </p>
   </div>
   <div class='ocr_carea' id='block_1_15' title="bbox 1995 887 3637 970">
    <p class='ocr_par' dir='ltr' id='par_1_15' title="bbox 1995 887 3637 970">
     <span class='ocr_line' id='line_1_15' title="bbox 1995 887 3637 970; baseline 0.002 -20"><span class='ocrx_word' id='word_1_88' title='bbox 1995 889 2174 969; x_wconf 82' lang='lat' dir='ltr'><strong>coepit</strong></span> <span class='ocrx_word' id='word_1_89' title='bbox 2200 909 2212 948; x_wconf 91' lang='lat'><strong>:</strong></span> <span class='ocrx_word' id='word_1_90' title='bbox 2240 889 2456 950; x_wconf 87' lang='lat' dir='ltr'><strong>Eorum</strong></span> <span class='ocrx_word' id='word_1_91' title='bbox 2481 907 2613 968; x_wconf 62' lang='lat' dir='ltr'><strong>quae</strong></span> <span class='ocrx_word' id='word_1_92' title='bbox 2635 887 2733 948; x_wconf 90' lang='lat' dir='ltr'><strong>die</strong></span> <span class='ocrx_word' id='word_1_93' title='bbox 2753 887 3032 948; x_wconf 90' lang='lat' dir='ltr'><strong>hesterno</strong></span> <span class='ocrx_word' id='word_1_94' title='bbox 3059 897 3415 968; x_wconf 90' lang='lat' dir='ltr'><strong>prosecutus</strong></span> <span class='ocrx_word' id='word_1_95' title='bbox 3439 901 3529 952; x_wconf 84' lang='lat' dir='ltr'><strong>est</strong></span> <span class='ocrx_word' id='word_1_96' title='bbox 3548 893 3637 970; x_wconf 77' lang='lat' dir='ltr'><strong>ju-</strong></span> 
     </span>
    </p>
   </div>
   <div class='ocr_carea' id='block_1_16' title="bbox 1995 977 3638 1048">
    <p class='ocr_par' dir='ltr' id='par_1_16' title="bbox 1995 977 3638 1048">
     <span class='ocr_line' id='line_1_16' title="bbox 1995 977 3638 1048; baseline 0.005 -15"><span class='ocrx_word' id='word_1_97' title='bbox 1995 978 2432 1048; x_wconf 86' lang='lat' dir='ltr'><strong>venis,etiamsi</strong></span> <span class='ocrx_word' id='word_1_98' title='bbox 2453 977 2633 1040; x_wconf 84' lang='lat' dir='ltr'><strong>verba</strong></span> <span class='ocrx_word' id='word_1_99' title='bbox 2658 995 2774 1038; x_wconf 87' lang='lat' dir='ltr'><strong>non</strong></span> <span class='ocrx_word' id='word_1_100' title='bbox 2801 978 3069 1046; x_wconf 88' lang='lat' dir='ltr'><strong>memini,</strong></span> <span class='ocrx_word' id='word_1_101' title='bbox 3088 997 3332 1040; x_wconf 91' lang='lat' dir='ltr'><strong>sensum</strong></span> <span class='ocrx_word' id='word_1_102' title='bbox 3358 990 3554 1042; x_wconf 86' lang='lat' dir='ltr'><strong>tamen</strong></span> <span class='ocrx_word' id='word_1_103' title='bbox 3581 993 3638 1044; x_wconf 91' lang='lat' dir='ltr'><strong>et</strong></span> 
     </span>
    </p>
   </div>
   <div class='ocr_carea' id='block_1_17' title="bbox 263 1066 3644 1152">
    <p class='ocr_par' dir='ltr' id='par_1_17' title="bbox 263 1066 3644 1152">
     <span class='ocr_line' id='line_1_17' title="bbox 263 1066 3644 1152; baseline 0.001 -25"><span class='ocrx_word' id='word_1_104' title='bbox 263 1085 370 1146; x_wconf 91' lang='lat' dir='ltr'><strong>pro</strong></span> <span class='ocrx_word' id='word_1_105' title='bbox 394 1067 864 1146; x_wconf 82' lang='lat' dir='ltr'><strong>gratia,domum</strong></span> <span class='ocrx_word' id='word_1_106' title='bbox 893 1074 1053 1128; x_wconf 89' lang='lat' dir='ltr'><strong>tuam</strong></span> <span class='ocrx_word' id='word_1_107' title='bbox 1081 1066 1253 1128; x_wconf 80' lang='lat' dir='ltr'><strong>nobis</strong></span> <span class='ocrx_word' id='word_1_108' title='bbox 1277 1067 1548 1138; x_wconf 87' lang='lat' dir='ltr'><strong>ostende,</strong></span> <span class='ocrx_word' id='word_1_109' title='bbox 1572 1076 1629 1130; x_wconf 89' lang='lat' dir='ltr'><strong>et</strong></span> <span class='ocrx_word' id='word_1_110' title='bbox 1653 1084 1915 1147; x_wconf 74' lang='lat' dir='ltr'><strong>praepara</strong></span> <span class='ocrx_word' id='word_1_111' title='bbox 2000 1066 2271 1128; x_wconf 90' lang='lat' dir='ltr'><strong>ordinem</strong></span> <span class='ocrx_word' id='word_1_112' title='bbox 2305 1075 2509 1141; x_wconf 89' lang='lat' dir='ltr'><strong>teneo,</strong></span> <span class='ocrx_word' id='word_1_113' title='bbox 2540 1077 2596 1128; x_wconf 93' lang='lat' dir='ltr'><strong>et</strong></span> <span class='ocrx_word' id='word_1_114' title='bbox 2625 1067 2762 1127; x_wconf 92' lang='lat' dir='ltr'><strong>ideo</strong></span> <span class='ocrx_word' id='word_1_115' title='bbox 2787 1068 3189 1128; x_wconf 90' lang='lat' dir='ltr'><strong>necessarium</strong></span> <span class='ocrx_word' id='word_1_116' title='bbox 3225 1079 3366 1148; x_wconf 92' lang='lat' dir='ltr'><strong>puto</strong></span> <span class='ocrx_word' id='word_1_117' title='bbox 3400 1079 3644 1152; x_wconf 87' lang='lat' dir='ltr'><strong>propter</strong></span> 
     </span>
    </p>
   </div>
   <div class='ocr_carea' id='block_1_18' title="bbox 263 1155 3638 1238">
    <p class='ocr_par' dir='ltr' id='par_1_18' title="bbox 263 1155 3638 1238">
     <span class='ocr_line' id='line_1_18' title="bbox 263 1155 3638 1238; baseline 0.002 -23"><span class='ocrx_word' id='word_1_118' title='bbox 263 1175 394 1216; x_wconf 90' lang='lat' dir='ltr'><strong>eam</strong></span> <span class='ocrx_word' id='word_1_119' title='bbox 429 1165 489 1216; x_wconf 90' lang='lat' dir='ltr'><strong>ut</strong></span> <span class='ocrx_word' id='word_1_120' title='bbox 517 1158 778 1220; x_wconf 88' lang='lat' dir='ltr'><strong>crastino</strong></span> <span class='ocrx_word' id='word_1_121' title='bbox 811 1157 1133 1236; x_wconf 88' lang='lat' dir='ltr'><strong>disputatio</strong></span> <span class='ocrx_word' id='word_1_122' title='bbox 1166 1175 1297 1238; x_wconf 69' lang='lat' dir='ltr'><strong>quae</strong></span> <span class='ocrx_word' id='word_1_123' title='bbox 1328 1157 1520 1219; x_wconf 88' lang='lat' dir='ltr'><strong>futura</strong></span> <span class='ocrx_word' id='word_1_124' title='bbox 1552 1165 1639 1217; x_wconf 91' lang='lat' dir='ltr'><strong>est</strong></span> <span class='ocrx_word' id='word_1_125' title='bbox 1668 1156 1748 1216; x_wconf 91' lang='lat' dir='ltr'><strong>ibi</strong></span> <span class='ocrx_word' id='word_1_126' title='bbox 1801 1158 1911 1216; x_wconf 90' lang='lat' dir='ltr'><strong>ha-</strong></span> <span class='ocrx_word' id='word_1_127' title='bbox 1996 1175 2097 1218; x_wconf 86' lang='lat' dir='ltr'><strong>eos</strong></span> <span class='ocrx_word' id='word_1_128' title='bbox 2126 1158 2227 1235; x_wconf 92' lang='lat' dir='ltr'><strong>qui</strong></span> <span class='ocrx_word' id='word_1_129' title='bbox 2271 1157 2550 1216; x_wconf 86' lang='lat' dir='ltr'><strong>hesterno</strong></span> <span class='ocrx_word' id='word_1_130' title='bbox 2596 1174 2712 1216; x_wconf 90' lang='lat' dir='ltr'><strong>non</strong></span> <span class='ocrx_word' id='word_1_131' title='bbox 2743 1155 3086 1227; x_wconf 84' lang='lat' dir='ltr'><strong>adfuerunt,</strong></span> <span class='ocrx_word' id='word_1_132' title='bbox 3131 1159 3638 1238; x_wconf 66' lang='lat' dir='ltr'><strong>anacephalaeosin</strong></span> 
     </span>
    </p>
   </div>
   <div class='ocr_carea' id='block_1_19' title="bbox 266 1245 3643 1327">
    <p class='ocr_par' dir='ltr' id='par_1_19' title="bbox 266 1245 3643 1327">
     <span class='ocr_line' id='line_1_19' title="bbox 266 1245 3643 1327; baseline 0.002 -21"><span class='ocrx_word' id='word_1_133' title='bbox 266 1248 493 1320; x_wconf 89' lang='lat' dir='ltr'><strong>beatur,</strong></span> <span class='ocrx_word' id='word_1_134' title='bbox 523 1257 580 1308; x_wconf 91' lang='lat' dir='ltr'><strong>ct</strong></span> <span class='ocrx_word' id='word_1_135' title='bbox 609 1247 660 1308; x_wconf 88' lang='lat' dir='ltr'><strong>si</strong></span> <span class='ocrx_word' id='word_1_136' title='bbox 693 1248 790 1327; x_wconf 86' lang='lat' dir='ltr'><strong>qui</strong></span> <span class='ocrx_word' id='word_1_137' title='bbox 814 1248 1020 1307; x_wconf 75' lang='lat' dir='ltr'><strong>volunt</strong></span> <span class='ocrx_word' id='word_1_138' title='bbox 1048 1247 1263 1308; x_wconf 77' lang='lat' dir='ltr'><strong>adesse</strong></span> <span class='ocrx_word' id='word_1_139' title='bbox 1287 1245 1363 1307; x_wconf 86' lang='lat' dir='ltr'><strong>ad</strong></span> <span class='ocrx_word' id='word_1_140' title='bbox 1387 1245 1746 1308; x_wconf 82' lang='lat' dir='ltr'><strong>audiendum</strong></span> <span class='ocrx_word' id='word_1_141' title='bbox 1775 1265 1915 1326; x_wconf 85' lang='lat' dir='ltr'><strong>per-</strong></span> <span class='ocrx_word' id='word_1_142' title='bbox 1999 1248 2193 1307; x_wconf 80' lang='lat' dir='ltr'><strong>facere</strong></span> <span class='ocrx_word' id='word_1_143' title='bbox 2224 1263 2430 1307; x_wconf 89' lang='lat' dir='ltr'><strong>eorum</strong></span> <span class='ocrx_word' id='word_1_144' title='bbox 2461 1265 2592 1324; x_wconf 68' lang='lat' dir='ltr'><strong>quae</strong></span> <span class='ocrx_word' id='word_1_145' title='bbox 2623 1245 2780 1305; x_wconf 90' lang='lat' dir='ltr'><strong>dicta</strong></span> <span class='ocrx_word' id='word_1_146' title='bbox 2825 1254 2983 1323; x_wconf 89' lang='lat' dir='ltr'><strong>sunt,</strong></span> <span class='ocrx_word' id='word_1_147' title='bbox 3011 1256 3069 1308; x_wconf 86' lang='lat' dir='ltr'><strong>et</strong></span> <span class='ocrx_word' id='word_1_148' title='bbox 3122 1247 3381 1308; x_wconf 89' lang='lat' dir='ltr'><strong>breviter</strong></span> <span class='ocrx_word' id='word_1_149' title='bbox 3429 1262 3643 1313; x_wconf 90' lang='lat' dir='ltr'><strong>cuncta</strong></span> 
     </span>
    </p>
   </div>
   <div class='ocr_carea' id='block_1_20' title="bbox 268 1335 3643 1421">
    <p class='ocr_par' dir='ltr' id='par_1_20' title="bbox 268 1335 3643 1421">
     <span class='ocr_line' id='line_1_20' title="bbox 268 1335 3643 1421; baseline 0.001 -26"><span class='ocrx_word' id='word_1_150' title='bbox 268 1339 593 1401; x_wconf 88' lang='lat' dir='ltr'><strong>mittantur.</strong></span> <span class='ocrx_word' id='word_1_151' title='bbox 619 1339 758 1412; x_wconf 73' lang='lat' dir='ltr'><strong>Quaa</strong></span> <span class='ocrx_word' id='word_1_152' title='bbox 779 1357 914 1399; x_wconf 92' lang='lat' dir='ltr'><strong>cum</strong></span> <span class='ocrx_word' id='word_1_153' title='bbox 937 1337 1206 1400; x_wconf 86' lang='lat' dir='ltr'><strong>audisset</strong></span> <span class='ocrx_word' id='word_1_154' title='bbox 1230 1337 1456 1417; x_wconf 89' lang='lat' dir='ltr'><strong>primus</strong></span> <span class='ocrx_word' id='word_1_155' title='bbox 1480 1337 1732 1399; x_wconf 84' lang='lat' dir='ltr'><strong>civitatis</strong></span> <span class='ocrx_word' id='word_1_156' title='bbox 1751 1337 1918 1399; x_wconf 85' lang='lat' dir='ltr'><strong>valde</strong></span> <span class='ocrx_word' id='word_1_157' title='bbox 2001 1347 2294 1413; x_wconf 81' lang='lat' dir='ltr'><strong>repetere,</strong></span> <span class='ocrx_word' id='word_1_158' title='bbox 2332 1345 2395 1396; x_wconf 92' lang='lat' dir='ltr'><strong>ut</strong></span> <span class='ocrx_word' id='word_1_159' title='bbox 2419 1335 2651 1397; x_wconf 81' lang='lat' dir='ltr'><strong>etiamsi</strong></span> <span class='ocrx_word' id='word_1_160' title='bbox 2679 1354 2771 1395; x_wconf 91' lang='lat' dir='ltr'><strong>me</strong></span> <span class='ocrx_word' id='word_1_161' title='bbox 2789 1335 3011 1415; x_wconf 90' lang='lat' dir='ltr'><strong>aliquid</strong></span> <span class='ocrx_word' id='word_1_162' title='bbox 3038 1335 3329 1416; x_wconf 77' lang='lat' dir='ltr'><strong>efiugerit,</strong></span> <span class='ocrx_word' id='word_1_163' title='bbox 3354 1336 3427 1399; x_wconf 93' lang='lat' dir='ltr'><strong>ab</strong></span> <span class='ocrx_word' id='word_1_164' title='bbox 3451 1358 3522 1400; x_wconf 92' lang='lat' dir='ltr'><strong>eo</strong></span> <span class='ocrx_word' id='word_1_165' title='bbox 3544 1341 3643 1421; x_wconf 88' lang='lat' dir='ltr'><strong>qui</strong></span> 
     </span>
    </p>
   </div>
   <div class='ocr_carea' id='block_1_21' title="bbox 260 1426 3647 1508">
    <p class='ocr_par' dir='ltr' id='par_1_21' title="bbox 260 1426 3647 1508">
     <span class='ocr_line' id='line_1_21' title="bbox 260 1426 3647 1508; baseline 0.001 -21"><span class='ocrx_word' id='word_1_166' title='bbox 260 1430 491 1504; x_wconf 80' lang='lat' dir='ltr'><strong>gavisus</strong></span> <span class='ocrx_word' id='word_1_167' title='bbox 513 1438 621 1502; x_wconf 89' lang='lat' dir='ltr'><strong>est,</strong></span> <span class='ocrx_word' id='word_1_168' title='bbox 649 1429 752 1489; x_wconf 89' lang='lat' dir='ltr'><strong>sed</strong></span> <span class='ocrx_word' id='word_1_169' title='bbox 777 1438 834 1489; x_wconf 91' lang='lat' dir='ltr'><strong>et</strong></span> <span class='ocrx_word' id='word_1_170' title='bbox 856 1429 1052 1488; x_wconf 87' lang='lat' dir='ltr'><strong>omnis</strong></span> <span class='ocrx_word' id='word_1_171' title='bbox 1108 1427 1369 1508; x_wconf 84' lang='lat' dir='ltr'><strong>populus</strong></span> <span class='ocrx_word' id='word_1_172' title='bbox 1393 1427 1654 1489; x_wconf 77' lang='lat' dir='ltr'><strong>libenter</strong></span> <span class='ocrx_word' id='word_1_173' title='bbox 1670 1426 1911 1488; x_wconf 87' lang='lat' dir='ltr'><strong>audivit.</strong></span> <span class='ocrx_word' id='word_1_174' title='bbox 2004 1433 2350 1504; x_wconf 88' lang='lat' dir='ltr'><strong>prosecutus</strong></span> <span class='ocrx_word' id='word_1_175' title='bbox 2370 1433 2459 1484; x_wconf 90' lang='lat' dir='ltr'><strong>est</strong></span> <span class='ocrx_word' id='word_1_176' title='bbox 2480 1431 2771 1503; x_wconf 64' lang='lat' dir='ltr'><strong>praesente</strong></span> <span class='ocrx_word' id='word_1_177' title='bbox 2796 1441 3197 1486; x_wconf 85' lang='lat' dir='ltr'><strong>commonear.</strong></span> <span class='ocrx_word' id='word_1_178' title='bbox 3231 1426 3343 1488; x_wconf 84' lang='lat' dir='ltr'><strong>Hic</strong></span> <span class='ocrx_word' id='word_1_179' title='bbox 3370 1445 3514 1506; x_wconf 86' lang='lat' dir='ltr'><strong>ergo</strong></span> <span class='ocrx_word' id='word_1_180' title='bbox 3539 1430 3647 1492; x_wconf 91' lang='lat' dir='ltr'><strong>fuit</strong></span> 
     </span>
    </p>
   </div>
   <div class='ocr_carea' id='block_1_22' title="bbox 261 1513 3647 1600">
    <p class='ocr_par' dir='ltr' id='par_1_22' title="bbox 261 1513 3647 1600">
     <span class='ocr_line' id='line_1_22' title="bbox 261 1513 3647 1600; baseline -0.001 -19"><span class='ocrx_word' id='word_1_181' title='bbox 261 1521 526 1600; x_wconf 81' lang='lat' dir='ltr'><strong>Cumque</strong></span> <span class='ocrx_word' id='word_1_182' title='bbox 551 1519 975 1580; x_wconf 69' lang='lat' dir='ltr'><strong>discessissent</strong></span> <span class='ocrx_word' id='word_1_183' title='bbox 997 1516 1208 1597; x_wconf 83' lang='lat' dir='ltr'><strong>turbae,</strong></span> <span class='ocrx_word' id='word_1_184' title='bbox 1237 1517 1482 1577; x_wconf 90' lang='lat' dir='ltr'><strong>domum</strong></span> <span class='ocrx_word' id='word_1_185' title='bbox 1507 1535 1673 1578; x_wconf 89' lang='lat' dir='ltr'><strong>suam</strong></span> <span class='ocrx_word' id='word_1_186' title='bbox 1708 1525 1913 1577; x_wconf 86' lang='lat' dir='ltr'><strong>osten-</strong></span> <span class='ocrx_word' id='word_1_187' title='bbox 2003 1515 2294 1575; x_wconf 80' lang='lat' dir='ltr'><strong>hesternae</strong></span> <span class='ocrx_word' id='word_1_188' title='bbox 2312 1513 2732 1592; x_wconf 85' lang='lat' dir='ltr'><strong>disputationis</strong></span> <span class='ocrx_word' id='word_1_189' title='bbox 2754 1531 2989 1585; x_wconf 89' lang='lat' dir='ltr'><strong>sensus,</strong></span> <span class='ocrx_word' id='word_1_190' title='bbox 3010 1513 3171 1593; x_wconf 91' lang='lat' dir='ltr'><strong>quod</strong></span> <span class='ocrx_word' id='word_1_191' title='bbox 3197 1516 3397 1578; x_wconf 89' lang='lat' dir='ltr'><strong>omnia</strong></span> <span class='ocrx_word' id='word_1_192' title='bbox 3422 1537 3551 1597; x_wconf 66' lang='lat' dir='ltr'><strong>qua;</strong></span> <span class='ocrx_word' id='word_1_193' title='bbox 3571 1520 3647 1581; x_wconf 85' lang='lat' dir='ltr'><strong>vi-</strong></span> 
     </span>
    </p>
   </div>
   <div class='ocr_carea' id='block_1_23' title="bbox 263 1603 3644 1688">
    <p class='ocr_par' dir='ltr' id='par_1_23' title="bbox 263 1603 3644 1688">
     <span class='ocr_line' id='line_1_23' title="bbox 263 1603 3644 1688; baseline 0.001 -20"><span class='ocrx_word' id='word_1_194' title='bbox 263 1608 689 1682; x_wconf 87' lang='lat' dir='ltr'><strong>dit;discedere</strong></span> <span class='ocrx_word' id='word_1_195' title='bbox 711 1621 910 1668; x_wconf 89' lang='lat' dir='ltr'><strong>autem</strong></span> <span class='ocrx_word' id='word_1_196' title='bbox 945 1624 1006 1668; x_wconf 77' lang='lat' dir='ltr'><strong>et</strong></span> <span class='ocrx_word' id='word_1_197' title='bbox 1036 1625 1220 1668; x_wconf 86' lang='lat' dir='ltr'><strong>senex</strong></span> <span class='ocrx_word' id='word_1_198' title='bbox 1247 1605 1576 1685; x_wconf 68' lang='lat' dir='ltr'><strong>ctepit.Ego</strong></span> <span class='ocrx_word' id='word_1_199' title='bbox 1603 1614 1798 1666; x_wconf 86' lang='lat' dir='ltr'><strong>tamen</strong></span> <span class='ocrx_word' id='word_1_200' title='bbox 1819 1612 1913 1670; x_wconf 73' lang='lat' dir='ltr'><strong>uni</strong></span> <span class='ocrx_word' id='word_1_201' title='bbox 1999 1603 2234 1676; x_wconf 89' lang='lat' dir='ltr'><strong>dentur,</strong></span> <span class='ocrx_word' id='word_1_202' title='bbox 2263 1603 2540 1683; x_wconf 90' lang='lat' dir='ltr'><strong>quoniam</strong></span> <span class='ocrx_word' id='word_1_203' title='bbox 2569 1613 2730 1664; x_wconf 90' lang='lat' dir='ltr'><strong>certa</strong></span> <span class='ocrx_word' id='word_1_204' title='bbox 2775 1620 3056 1663; x_wconf 85' lang='lat' dir='ltr'><strong>mensura</strong></span> <span class='ocrx_word' id='word_1_205' title='bbox 3089 1611 3148 1664; x_wconf 91' lang='lat' dir='ltr'><strong>et</strong></span> <span class='ocrx_word' id='word_1_206' title='bbox 3176 1614 3304 1665; x_wconf 86' lang='lat' dir='ltr'><strong>arte</strong></span> <span class='ocrx_word' id='word_1_207' title='bbox 3334 1606 3644 1688; x_wconf 83' lang='lat' dir='ltr'><strong>formaque</strong></span> 
     </span>
    </p>
   </div>
   <div class='ocr_carea' id='block_1_24' title="bbox 270 1691 3644 1778">
    <p class='ocr_par' dir='ltr' id='par_1_24' title="bbox 270 1691 3644 1778">
     <span class='ocr_line' id='line_1_24' title="bbox 270 1691 3644 1778; baseline 0.001 -20"><span class='ocrx_word' id='word_1_208' title='bbox 270 1714 344 1758; x_wconf 80' lang='lat' dir='ltr'><strong>ex</strong></span> <span class='ocrx_word' id='word_1_209' title='bbox 372 1697 743 1778; x_wconf 84' lang='lat' dir='ltr'><strong>pedissequis</strong></span> <span class='ocrx_word' id='word_1_210' title='bbox 771 1695 921 1758; x_wconf 88' lang='lat' dir='ltr'><strong>meis</strong></span> <span class='ocrx_word' id='word_1_211' title='bbox 942 1694 1227 1774; x_wconf 82' lang='lat' dir='ltr'><strong>imperavi</strong></span> <span class='ocrx_word' id='word_1_212' title='bbox 1255 1695 1404 1755; x_wconf 86' lang='lat' dir='ltr'><strong>clam</strong></span> <span class='ocrx_word' id='word_1_213' title='bbox 1430 1693 1718 1772; x_wconf 89' lang='lat' dir='ltr'><strong>subsequi</strong></span> <span class='ocrx_word' id='word_1_214' title='bbox 1747 1695 1913 1754; x_wconf 90' lang='lat' dir='ltr'><strong>vesti-</strong></span> <span class='ocrx_word' id='word_1_215' title='bbox 1999 1712 2068 1753; x_wconf 87' lang='lat' dir='ltr'><strong>ac</strong></span> <span class='ocrx_word' id='word_1_216' title='bbox 2100 1697 2300 1772; x_wconf 88' lang='lat' dir='ltr'><strong>specie</strong></span> <span class='ocrx_word' id='word_1_217' title='bbox 2331 1700 2624 1770; x_wconf 81' lang='lat' dir='ltr'><strong>constant,</strong></span> <span class='ocrx_word' id='word_1_218' title='bbox 2658 1692 2790 1751; x_wconf 90' lang='lat' dir='ltr'><strong>sine</strong></span> <span class='ocrx_word' id='word_1_219' title='bbox 2826 1691 3007 1752; x_wconf 89' lang='lat' dir='ltr'><strong>dubio</strong></span> <span class='ocrx_word' id='word_1_220' title='bbox 3057 1710 3090 1752; x_wconf 88' lang='lat' dir='ltr'><strong>a</strong></span> <span class='ocrx_word' id='word_1_221' title='bbox 3121 1695 3386 1774; x_wconf 87' lang='lat' dir='ltr'><strong>sapiente</strong></span> <span class='ocrx_word' id='word_1_222' title='bbox 3431 1697 3644 1761; x_wconf 87' lang='lat' dir='ltr'><strong>virtute</strong></span> 
     </span>
    </p>
   </div>
   <div class='ocr_carea' id='block_1_25' title="bbox 274 1778 3644 1864">
    <p class='ocr_par' dir='ltr' id='par_1_25' title="bbox 274 1778 3644 1864">
     <span class='ocr_line' id='line_1_25' title="bbox 274 1778 3644 1864; baseline 0.001 -19"><span class='ocrx_word' id='word_1_223' title='bbox 274 1785 436 1863; x_wconf 88' lang='lat' dir='ltr'><strong>gium</strong></span> <span class='ocrx_word' id='word_1_224' title='bbox 485 1787 672 1859; x_wconf 84' lang='lat' dir='ltr'><strong>senis,</strong></span> <span class='ocrx_word' id='word_1_225' title='bbox 707 1793 765 1846; x_wconf 92' lang='lat' dir='ltr'><strong>et</strong></span> <span class='ocrx_word' id='word_1_226' title='bbox 813 1785 1050 1845; x_wconf 90' lang='lat' dir='ltr'><strong>discere</strong></span> <span class='ocrx_word' id='word_1_227' title='bbox 1090 1783 1191 1843; x_wconf 92' lang='lat' dir='ltr'><strong>ubi</strong></span> <span class='ocrx_word' id='word_1_228' title='bbox 1241 1791 1528 1845; x_wconf 82' lang='lat' dir='ltr'><strong>maneret.</strong></span> <span class='ocrx_word' id='word_1_229' title='bbox 1564 1781 1682 1843; x_wconf 88' lang='lat' dir='ltr'><strong>Nos</strong></span> <span class='ocrx_word' id='word_1_230' title='bbox 1718 1791 1912 1842; x_wconf 83' lang='lat' dir='ltr'><strong>autent</strong></span> <span class='ocrx_word' id='word_1_231' title='bbox 1940 1817 1976 1864; x_wconf 69' lang='grc' dir='ltr'>Β</span> <span class='ocrx_word' id='word_1_232' title='bbox 2001 1781 2147 1842; x_wconf 78' lang='lat' dir='ltr'><strong>facta</strong></span> <span class='ocrx_word' id='word_1_233' title='bbox 2176 1798 2311 1842; x_wconf 90' lang='lat' dir='ltr'><strong>esse</strong></span> <span class='ocrx_word' id='word_1_234' title='bbox 2335 1778 2658 1857; x_wconf 85' lang='lat' dir='ltr'><strong>[credenda</strong></span> <span class='ocrx_word' id='word_1_235' title='bbox 2701 1779 3058 1860; x_wconf 86' lang='lat' dir='ltr'><strong>sunt;quod</strong></span> <span class='ocrx_word' id='word_1_236' title='bbox 3101 1781 3150 1841; x_wconf 91' lang='lat' dir='ltr'><strong>si</strong></span> <span class='ocrx_word' id='word_1_237' title='bbox 3194 1799 3365 1844; x_wconf 90' lang='lat' dir='ltr'><strong>mens</strong></span> <span class='ocrx_word' id='word_1_238' title='bbox 3395 1794 3453 1846; x_wconf 89' lang='lat' dir='ltr'><strong>et</strong></span> <span class='ocrx_word' id='word_1_239' title='bbox 3491 1789 3644 1848; x_wconf 83' lang='lat' dir='ltr'><strong>ratio</strong></span> 
     </span>
    </p>
   </div>
   <div class='ocr_carea' id='block_1_26' title="bbox 279 1867 3646 1954">
    <p class='ocr_par' dir='ltr' id='par_1_26' title="bbox 279 1867 3646 1954">
     <span class='ocr_line' id='line_1_26' title="bbox 279 1867 3646 1954; baseline 0 -17"><span class='ocrx_word' id='word_1_240' title='bbox 279 1892 415 1937; x_wconf 87' lang='lat' dir='ltr'><strong>cum</strong></span> <span class='ocrx_word' id='word_1_241' title='bbox 437 1875 807 1938; x_wconf 78' lang='lat' dir='ltr'><strong>redissemus</strong></span> <span class='ocrx_word' id='word_1_242' title='bbox 827 1873 900 1936; x_wconf 88' lang='lat' dir='ltr'><strong>ad</strong></span> <span class='ocrx_word' id='word_1_243' title='bbox 919 1873 1264 1954; x_wconf 87' lang='lat' dir='ltr'><strong>hospitium,</strong></span> <span class='ocrx_word' id='word_1_244' title='bbox 1292 1873 1697 1933; x_wconf 89' lang='lat' dir='ltr'><strong>enarravimus</strong></span> <span class='ocrx_word' id='word_1_245' title='bbox 1719 1873 1916 1932; x_wconf 88' lang='lat' dir='ltr'><strong>omnia</strong></span> <span class='ocrx_word' id='word_1_246' title='bbox 2001 1881 2089 1930; x_wconf 86' lang='lat' dir='ltr'><strong>est</strong></span> <span class='ocrx_word' id='word_1_247' title='bbox 2110 1888 2242 1950; x_wconf 66' lang='lat' dir='ltr'><strong>qum</strong></span> <span class='ocrx_word' id='word_1_248' title='bbox 2264 1871 2388 1930; x_wconf 55' lang='lat' dir='ltr'><strong>haec</strong></span> <span class='ocrx_word' id='word_1_249' title='bbox 2405 1867 2694 1941; x_wconf 88' lang='lat' dir='ltr'><strong>condidit,</strong></span> <span class='ocrx_word' id='word_1_250' title='bbox 2719 1887 3096 1949; x_wconf 87' lang='lat' dir='ltr'><strong>ccnsequens</strong></span> <span class='ocrx_word' id='word_1_251' title='bbox 3124 1875 3274 1950; x_wconf 89' lang='lat' dir='ltr'><strong>esse]</strong></span> <span class='ocrx_word' id='word_1_252' title='bbox 3306 1881 3367 1933; x_wconf 93' lang='lat' dir='ltr'><strong>ut</strong></span> <span class='ocrx_word' id='word_1_253' title='bbox 3400 1876 3646 1938; x_wconf 87' lang='lat' dir='ltr'><strong>rationis</strong></span> 
     </span>
    </p>
   </div>
   <div class='ocr_carea' id='block_1_27' title="bbox 275 1958 3640 2046">
    <p class='ocr_par' dir='ltr' id='par_1_27' title="bbox 275 1958 3640 2046">
     <span class='ocr_line' id='line_1_27' title="bbox 275 1958 3640 2046; baseline 0.001 -21"><span class='ocrx_word' id='word_1_254' title='bbox 275 1963 554 2025; x_wconf 80' lang='lat' dir='ltr'><strong>fratribus</strong></span> <span class='ocrx_word' id='word_1_255' title='bbox 578 1983 711 2046; x_wconf 66' lang='lat' dir='ltr'><strong>quae</strong></span> <span class='ocrx_word' id='word_1_256' title='bbox 732 1961 909 2025; x_wconf 88' lang='lat' dir='ltr'><strong>nobis</strong></span> <span class='ocrx_word' id='word_1_257' title='bbox 930 1981 1064 2023; x_wconf 91' lang='lat' dir='ltr'><strong>cum</strong></span> <span class='ocrx_word' id='word_1_258' title='bbox 1092 1978 1240 2024; x_wconf 89' lang='lat' dir='ltr'><strong>sene</strong></span> <span class='ocrx_word' id='word_1_259' title='bbox 1263 1960 1458 2022; x_wconf 77' lang='lat' dir='ltr'><strong>habita</strong></span> <span class='ocrx_word' id='word_1_260' title='bbox 1479 1971 1636 2029; x_wconf 91' lang='lat' dir='ltr'><strong>sunt,</strong></span> <span class='ocrx_word' id='word_1_261' title='bbox 1663 1971 1717 2021; x_wconf 89' lang='lat' dir='ltr'><strong>et</strong></span> <span class='ocrx_word' id='word_1_262' title='bbox 1743 1965 1818 2020; x_wconf 84' lang='lat' dir='ltr'><strong>ita</strong></span> <span class='ocrx_word' id='word_1_263' title='bbox 1845 1978 1916 2019; x_wconf 86' lang='lat' dir='ltr'><strong>ex</strong></span> <span class='ocrx_word' id='word_1_264' title='bbox 1999 1962 2160 2039; x_wconf 80' lang='lat' dir='ltr'><strong>psius</strong></span> <span class='ocrx_word' id='word_1_265' title='bbox 2190 1959 2572 2038; x_wconf 87' lang='lat' dir='ltr'><strong>providentia</strong></span> <span class='ocrx_word' id='word_1_266' title='bbox 2607 1958 2867 2019; x_wconf 89' lang='lat' dir='ltr'><strong>mundus</strong></span> <span class='ocrx_word' id='word_1_267' title='bbox 2896 1971 3157 2038; x_wconf 79' lang='lat' dir='ltr'><strong>regatur,</strong></span> <span class='ocrx_word' id='word_1_268' title='bbox 3196 1963 3431 2024; x_wconf 87' lang='lat' dir='ltr'><strong>etiarnsi</strong></span> <span class='ocrx_word' id='word_1_269' title='bbox 3469 1965 3640 2026; x_wconf 92' lang='lat' dir='ltr'><strong>nobis</strong></span> 
     </span>
    </p>
   </div>
   <div class='ocr_carea' id='block_1_28' title="bbox 274 2048 3644 2132">
    <p class='ocr_par' dir='ltr' id='par_1_28' title="bbox 274 2048 3644 2132">
     <span class='ocr_line' id='line_1_28' title="bbox 274 2048 3644 2132; baseline 0.001 -19"><span class='ocrx_word' id='word_1_270' title='bbox 274 2071 439 2115; x_wconf 88' lang='lat' dir='ltr'><strong>more</strong></span> <span class='ocrx_word' id='word_1_271' title='bbox 471 2055 604 2116; x_wconf 92' lang='lat' dir='ltr'><strong>cibo</strong></span> <span class='ocrx_word' id='word_1_272' title='bbox 641 2061 877 2132; x_wconf 89' lang='lat' dir='ltr'><strong>sumpto</strong></span> <span class='ocrx_word' id='word_1_273' title='bbox 913 2051 1338 2131; x_wconf 85' lang='lat' dir='ltr'><strong>requievimus.</strong></span> <span class='ocrx_word' id='word_1_274' title='bbox 2002 2067 2070 2108; x_wconf 87' lang='lat' dir='ltr'><strong>ea</strong></span> <span class='ocrx_word' id='word_1_275' title='bbox 2098 2067 2225 2128; x_wconf 75' lang='lat' dir='ltr'><strong>quae</strong></span> <span class='ocrx_word' id='word_1_276' title='bbox 2272 2057 2566 2124; x_wconf 83' lang='lat' dir='ltr'><strong>geruntur</strong></span> <span class='ocrx_word' id='word_1_277' title='bbox 2594 2048 2654 2108; x_wconf 93' lang='lat' dir='ltr'><strong>in</strong></span> <span class='ocrx_word' id='word_1_278' title='bbox 2687 2049 2934 2127; x_wconf 86' lang='lat' dir='ltr'><strong>mundo,</strong></span> <span class='ocrx_word' id='word_1_279' title='bbox 2973 2049 3168 2110; x_wconf 90' lang='lat' dir='ltr'><strong>minus</strong></span> <span class='ocrx_word' id='word_1_280' title='bbox 3201 2060 3361 2112; x_wconf 90' lang='lat' dir='ltr'><strong>recte</strong></span> <span class='ocrx_word' id='word_1_281' title='bbox 3389 2054 3514 2132; x_wconf 86' lang='lat' dir='ltr'><strong>geri</strong></span> <span class='ocrx_word' id='word_1_282' title='bbox 3553 2055 3644 2115; x_wconf 89' lang='lat' dir='ltr'><strong>vi-</strong></span> 
     </span>
    </p>
   </div>
   <div class='ocr_carea' id='block_1_29' title="bbox 354 2136 3642 2220">
    <p class='ocr_par' dir='ltr' id='par_1_29' title="bbox 354 2136 3642 2220">
     <span class='ocr_line' id='line_1_29' title="bbox 354 2136 3642 2220; baseline -0.001 -15"><span class='ocrx_word' id='word_1_283' title='bbox 354 2141 650 2206; x_wconf 72' lang='lat' dir='ltr'><strong>XXXVII.</strong></span> <span class='ocrx_word' id='word_1_284' title='bbox 677 2144 784 2204; x_wconf 92' lang='lat' dir='ltr'><strong>Die</strong></span> <span class='ocrx_word' id='word_1_285' title='bbox 806 2151 1013 2202; x_wconf 89' lang='lat' dir='ltr'><strong>autem</strong></span> <span class='ocrx_word' id='word_1_286' title='bbox 1040 2150 1274 2220; x_wconf 89' lang='lat' dir='ltr'><strong>postera</strong></span> <span class='ocrx_word' id='word_1_287' title='bbox 1297 2141 1508 2202; x_wconf 83' lang='lat' dir='ltr'><strong>Petrus</strong></span> <span class='ocrx_word' id='word_1_288' title='bbox 1531 2149 1758 2200; x_wconf 88' lang='lat' dir='ltr'><strong>mature</strong></span> <span class='ocrx_word' id='word_1_289' title='bbox 1779 2158 1914 2199; x_wconf 90' lang='lat' dir='ltr'><strong>sur-</strong></span> <span class='ocrx_word' id='word_1_290' title='bbox 1999 2138 2270 2198; x_wconf 91' lang='lat' dir='ltr'><strong>deantur.</strong></span> <span class='ocrx_word' id='word_1_291' title='bbox 2297 2136 2696 2216; x_wconf 86' lang='lat' dir='ltr'><strong>Consequitur</strong></span> <span class='ocrx_word' id='word_1_292' title='bbox 2717 2145 3012 2215; x_wconf 88' lang='lat' dir='ltr'><strong>autem,ut</strong></span> <span class='ocrx_word' id='word_1_293' title='bbox 3046 2138 3095 2197; x_wconf 88' lang='lat' dir='ltr'><strong>si</strong></span> <span class='ocrx_word' id='word_1_294' title='bbox 3120 2148 3358 2200; x_wconf 79' lang='lat' dir='ltr'><strong>creator</strong></span> <span class='ocrx_word' id='word_1_295' title='bbox 3379 2143 3642 2204; x_wconf 90' lang='lat' dir='ltr'><strong>omnium</strong></span> 
     </span>
    </p>
   </div>
   <div class='ocr_carea' id='block_1_30' title="bbox 273 2225 3647 2312">
    <p class='ocr_par' dir='ltr' id='par_1_30' title="bbox 273 2225 3647 2312">
     <span class='ocr_line' id='line_1_30' title="bbox 273 2225 3647 2312; baseline -0 -20"><span class='ocrx_word' id='word_1_296' title='bbox 273 2251 421 2312; x_wconf 88' lang='lat' dir='ltr'><strong>gens</strong></span> <span class='ocrx_word' id='word_1_297' title='bbox 443 2233 752 2292; x_wconf 79' lang='lat' dir='ltr'><strong>suscitavit</strong></span> <span class='ocrx_word' id='word_1_298' title='bbox 771 2249 899 2306; x_wconf 90' lang='lat' dir='ltr'><strong>nos,</strong></span> <span class='ocrx_word' id='word_1_299' title='bbox 924 2240 982 2290; x_wconf 91' lang='lat' dir='ltr'><strong>et</strong></span> <span class='ocrx_word' id='word_1_300' title='bbox 1005 2231 1372 2308; x_wconf 77' lang='lat' dir='ltr'><strong>perreximus</strong></span> <span class='ocrx_word' id='word_1_301' title='bbox 1395 2228 1614 2305; x_wconf 88' lang='lat' dir='ltr'><strong>pariter</strong></span> <span class='ocrx_word' id='word_1_302' title='bbox 1629 2229 1702 2290; x_wconf 84' lang='lat' dir='ltr'><strong>ad</strong></span> <span class='ocrx_word' id='word_1_303' title='bbox 1718 2229 1912 2289; x_wconf 86' lang='lat' dir='ltr'><strong>locum</strong></span> <span class='ocrx_word' id='word_1_304' title='bbox 2004 2225 2157 2287; x_wconf 85' lang='lat' dir='ltr'><strong>Deus</strong></span> <span class='ocrx_word' id='word_1_305' title='bbox 2187 2235 2276 2287; x_wconf 89' lang='lat' dir='ltr'><strong>est</strong></span> <span class='ocrx_word' id='word_1_306' title='bbox 2298 2245 2365 2286; x_wconf 88' lang='lat' dir='ltr'><strong>ac</strong></span> <span class='ocrx_word' id='word_1_307' title='bbox 2389 2243 2577 2297; x_wconf 90' lang='lat' dir='ltr'><strong>mens,</strong></span> <span class='ocrx_word' id='word_1_308' title='bbox 2602 2230 2680 2286; x_wconf 88' lang='lat' dir='ltr'><strong>sit.</strong></span> <span class='ocrx_word' id='word_1_309' title='bbox 2704 2225 2883 2286; x_wconf 88' lang='lat' dir='ltr'><strong>etiam</strong></span> <span class='ocrx_word' id='word_1_310' title='bbox 2911 2225 3108 2305; x_wconf 89' lang='lat' dir='ltr'><strong>justus</strong></span> <span class='ocrx_word' id='word_1_311' title='bbox 3134 2249 3150 2298; x_wconf 85' lang='lat'><strong>;</strong></span> <span class='ocrx_word' id='word_1_312' title='bbox 3178 2228 3337 2306; x_wconf 87' lang='lat' dir='ltr'><strong>quod</strong></span> <span class='ocrx_word' id='word_1_313' title='bbox 3373 2231 3422 2290; x_wconf 89' lang='lat' dir='ltr'><strong>si</strong></span> <span class='ocrx_word' id='word_1_314' title='bbox 3454 2230 3647 2307; x_wconf 79' lang='lat' dir='ltr'><strong>iuStus</strong></span> 
     </span>
    </p>
   </div>
   <div class='ocr_carea' id='block_1_31' title="bbox 275 2314 3654 2400">
    <p class='ocr_par' dir='ltr' id='par_1_31' title="bbox 275 2314 3654 2400">
     <span class='ocr_line' id='line_1_31' title="bbox 275 2314 3654 2400; baseline -0.001 -17"><span class='ocrx_word' id='word_1_315' title='bbox 275 2331 595 2394; x_wconf 87' lang='lat' dir='ltr'><strong>secretum,</strong></span> <span class='ocrx_word' id='word_1_316' title='bbox 630 2322 712 2400; x_wconf 92' lang='lat' dir='ltr'><strong>in,</strong></span> <span class='ocrx_word' id='word_1_317' title='bbox 746 2338 865 2399; x_wconf 76' lang='lat' dir='ltr'><strong>quo</strong></span> <span class='ocrx_word' id='word_1_318' title='bbox 899 2329 956 2379; x_wconf 90' lang='lat' dir='ltr'><strong>et</strong></span> <span class='ocrx_word' id='word_1_319' title='bbox 983 2317 1174 2399; x_wconf 85' lang='lat' dir='ltr'><strong>pridie</strong></span> <span class='ocrx_word' id='word_1_320' title='bbox 1198 2317 1479 2379; x_wconf 89' lang='lat' dir='ltr'><strong>orationis</strong></span> <span class='ocrx_word' id='word_1_321' title='bbox 1514 2336 1691 2379; x_wconf 87' lang='lat' dir='ltr'><strong>causa</strong></span> <span class='ocrx_word' id='word_1_322' title='bbox 1726 2316 1916 2380; x_wconf 86' lang='lat' dir='ltr'><strong>fuera-</strong></span> <span class='ocrx_word' id='word_1_323' title='bbox 2003 2325 2114 2388; x_wconf 90' lang='lat' dir='ltr'><strong>est,</strong></span> <span class='ocrx_word' id='word_1_324' title='bbox 2148 2315 2488 2376; x_wconf 88' lang='lat' dir='ltr'><strong>necessario</strong></span> <span class='ocrx_word' id='word_1_325' title='bbox 2515 2314 2787 2393; x_wconf 86' lang='lat' dir='ltr'><strong>judicat;</strong></span> <span class='ocrx_word' id='word_1_326' title='bbox 2834 2315 2879 2374; x_wconf 91' lang='lat' dir='ltr'><strong>si</strong></span> <span class='ocrx_word' id='word_1_327' title='bbox 2917 2314 3170 2392; x_wconf 89' lang='lat' dir='ltr'><strong>jndicat,</strong></span> <span class='ocrx_word' id='word_1_328' title='bbox 3198 2333 3446 2380; x_wconf 89' lang='lat' dir='ltr'><strong>necesse</strong></span> <span class='ocrx_word' id='word_1_329' title='bbox 3478 2329 3564 2380; x_wconf 80' lang='lat' dir='ltr'><strong>est</strong></span> <span class='ocrx_word' id='word_1_330' title='bbox 3592 2332 3654 2382; x_wconf 90' lang='lat' dir='ltr'><strong>ut</strong></span> 
     </span>
    </p>
   </div>
   <div class='ocr_carea' id='block_1_32' title="bbox 278 2403 3654 2490">
    <p class='ocr_par' dir='ltr' id='par_1_32' title="bbox 278 2403 3654 2490">
     <span class='ocr_line' id='line_1_32' title="bbox 278 2403 3654 2490; baseline -0.001 -17"><span class='ocrx_word' id='word_1_331' title='bbox 278 2429 434 2483; x_wconf 81' lang='lat' dir='ltr'><strong>mus;</strong></span> <span class='ocrx_word' id='word_1_332' title='bbox 453 2420 632 2490; x_wconf 88' lang='lat' dir='ltr'><strong>atque</strong></span> <span class='ocrx_word' id='word_1_333' title='bbox 659 2409 802 2470; x_wconf 89' lang='lat' dir='ltr'><strong>inde</strong></span> <span class='ocrx_word' id='word_1_334' title='bbox 827 2417 958 2489; x_wconf 91' lang='lat' dir='ltr'><strong>post</strong></span> <span class='ocrx_word' id='word_1_335' title='bbox 981 2409 1248 2468; x_wconf 89' lang='lat' dir='ltr'><strong>oratione</strong></span> <span class='ocrx_word' id='word_1_336' title='bbox 1302 2405 1469 2466; x_wconf 81' lang='lat' dir='ltr'><strong>;dum</strong></span> <span class='ocrx_word' id='word_1_337' title='bbox 1489 2409 1826 2468; x_wconf 88' lang='lat' dir='ltr'><strong>veniremus</strong></span> <span class='ocrx_word' id='word_1_338' title='bbox 1844 2408 1916 2466; x_wconf 91' lang='lat' dir='ltr'><strong>ad</strong></span> <span class='ocrx_word' id='word_1_339' title='bbox 2005 2405 2278 2464; x_wconf 87' lang='lat' dir='ltr'><strong>homines</strong></span> <span class='ocrx_word' id='word_1_340' title='bbox 2300 2404 2374 2464; x_wconf 90' lang='lat' dir='ltr'><strong>de</strong></span> <span class='ocrx_word' id='word_1_341' title='bbox 2403 2405 2524 2464; x_wconf 88' lang='lat' dir='ltr'><strong>suis</strong></span> <span class='ocrx_word' id='word_1_342' title='bbox 2545 2403 2774 2464; x_wconf 87' lang='lat' dir='ltr'><strong>actibus</strong></span> <span class='ocrx_word' id='word_1_343' title='bbox 2791 2404 3177 2482; x_wconf 79' lang='lat' dir='ltr'><strong>judicentur;</strong></span> <span class='ocrx_word' id='word_1_344' title='bbox 3201 2406 3414 2468; x_wconf 89' lang='lat' dir='ltr'><strong>etside</strong></span> <span class='ocrx_word' id='word_1_345' title='bbox 3427 2407 3654 2471; x_wconf 88' lang='lat' dir='ltr'><strong>actibus</strong></span> 
     </span>
    </p>
   </div>
   <div class='ocr_carea' id='block_1_33' title="bbox 275 2493 3656 2578">
    <p class='ocr_par' dir='ltr' id='par_1_33' title="bbox 275 2493 3656 2578">
     <span class='ocr_line' id='line_1_33' title="bbox 275 2493 3656 2578; baseline 0 -15"><span class='ocrx_word' id='word_1_346' title='bbox 275 2501 649 2563; x_wconf 85' lang='lat' dir='ltr'><strong>constitutam</strong></span> <span class='ocrx_word' id='word_1_347' title='bbox 665 2497 1000 2578; x_wconf 89' lang='lat' dir='ltr'><strong>domum,in</strong></span> <span class='ocrx_word' id='word_1_348' title='bbox 1029 2496 1918 2571; x_wconf 82' lang='lat' dir='ltr'><strong>itineremonehatnos,dicons:</strong></span> <span class='ocrx_word' id='word_1_349' title='bbox 2009 2494 2133 2556; x_wconf 87' lang='lat' dir='ltr'><strong>suis</strong></span> <span class='ocrx_word' id='word_1_350' title='bbox 2158 2495 2562 2573; x_wconf 86' lang='lat' dir='ltr'><strong>unusquisque</strong></span> <span class='ocrx_word' id='word_1_351' title='bbox 2598 2493 2931 2572; x_wconf 85' lang='lat' dir='ltr'><strong>jndicatur,</strong></span> <span class='ocrx_word' id='word_1_352' title='bbox 2967 2493 3084 2554; x_wconf 85' lang='lat' dir='ltr'><strong>erit.</strong></span> <span class='ocrx_word' id='word_1_353' title='bbox 3117 2512 3254 2573; x_wconf 84' lang='lat' dir='ltr'><strong>ergo</strong></span> <span class='ocrx_word' id='word_1_354' title='bbox 3288 2496 3444 2559; x_wconf 88' lang='lat' dir='ltr'><strong>inter</strong></span> <span class='ocrx_word' id='word_1_355' title='bbox 3461 2498 3656 2576; x_wconf 90' lang='lat' dir='ltr'><strong>justos</strong></span> 
     </span>
    </p>
   </div>
   <div class='ocr_carea' id='block_1_34' title="bbox 279 2586 3655 2669">
    <p class='ocr_par' dir='ltr' id='par_1_34' title="bbox 279 2586 3655 2669">
     <span class='ocr_line' id='line_1_34' title="bbox 279 2586 3655 2669; baseline 0 -15"><span class='ocrx_word' id='word_1_356' title='bbox 279 2591 488 2654; x_wconf 87' lang='lat' dir='ltr'><strong>Audite</strong></span> <span class='ocrx_word' id='word_1_357' title='bbox 543 2608 660 2669; x_wconf 88' lang='lat' dir='ltr'><strong>me,</strong></span> <span class='ocrx_word' id='word_1_358' title='bbox 709 2588 978 2650; x_wconf 84' lang='lat' dir='ltr'><strong>conservi</strong></span> <span class='ocrx_word' id='word_1_359' title='bbox 1025 2586 1430 2658; x_wconf 88' lang='lat' dir='ltr'><strong>dilectissimi,</strong></span> <span class='ocrx_word' id='word_1_360' title='bbox 1472 2587 1688 2646; x_wconf 87' lang='lat' dir='ltr'><strong>bonum</strong></span> <span class='ocrx_word' id='word_1_361' title='bbox 1723 2594 1814 2646; x_wconf 88' lang='lat' dir='ltr'><strong>est</strong></span> <span class='ocrx_word' id='word_1_362' title='bbox 1867 2605 1930 2646; x_wconf 69' lang='grc' dir='ltr'><strong>ιιι</strong></span> <span class='ocrx_word' id='word_1_363' title='bbox 2013 2595 2072 2648; x_wconf 91' lang='lat' dir='ltr'><strong>et</strong></span> <span class='ocrx_word' id='word_1_364' title='bbox 2106 2597 2442 2665; x_wconf 88' lang='lat' dir='ltr'><strong>peccatores</strong></span> <span class='ocrx_word' id='word_1_365' title='bbox 2463 2587 2690 2666; x_wconf 86' lang='lat' dir='ltr'><strong>justum</strong></span> <span class='ocrx_word' id='word_1_366' title='bbox 2741 2586 3094 2666; x_wconf 90' lang='lat' dir='ltr'><strong>quandoque</strong></span> <span class='ocrx_word' id='word_1_367' title='bbox 3125 2588 3471 2652; x_wconf 89' lang='lat' dir='ltr'><strong>discrimen.</strong></span> <span class='ocrx_word' id='word_1_368' title='bbox 3519 2591 3655 2655; x_wconf 64' lang='lat' dir='ltr'><strong>Hac</strong></span> 
     </span>
    </p>
   </div>
   <div class='ocr_carea' id='block_1_35' title="bbox 281 2675 3339 2760">
    <p class='ocr_par' dir='ltr' id='par_1_35' title="bbox 281 2675 3339 2760">
     <span class='ocr_line' id='line_1_35' title="bbox 281 2675 3339 2760; baseline -0.001 -18"><span class='ocrx_word' id='word_1_369' title='bbox 281 2681 691 2760; x_wconf 85' lang='lat' dir='ltr'><strong>unusquisque</strong></span> <span class='ocrx_word' id='word_1_370' title='bbox 707 2687 961 2740; x_wconf 90' lang='lat' dir='ltr'><strong>vestrum</strong></span> <span class='ocrx_word' id='word_1_371' title='bbox 982 2676 1313 2738; x_wconf 87' lang='lat' dir='ltr'><strong>secundum</strong></span> <span class='ocrx_word' id='word_1_372' title='bbox 1329 2675 1485 2755; x_wconf 90' lang='lat' dir='ltr'><strong>quod</strong></span> <span class='ocrx_word' id='word_1_373' title='bbox 1509 2675 1934 2755; x_wconf 60' lang='lat' dir='ltr'><strong>potest,prosi‘</strong></span> <span class='ocrx_word' id='word_1_374' title='bbox 2017 2679 2144 2752; x_wconf 88' lang='lat' dir='ltr'><strong>fuit,</strong></span> <span class='ocrx_word' id='word_1_375' title='bbox 2181 2688 2243 2739; x_wconf 91' lang='lat' dir='ltr'><strong>ut</strong></span> <span class='ocrx_word' id='word_1_376' title='bbox 2271 2679 2505 2758; x_wconf 88' lang='lat' dir='ltr'><strong>opinor,</strong></span> <span class='ocrx_word' id='word_1_377' title='bbox 2545 2679 2726 2738; x_wconf 90' lang='lat' dir='ltr'><strong>totius</strong></span> <span class='ocrx_word' id='word_1_378' title='bbox 2758 2677 2919 2740; x_wconf 87' lang='lat' dir='ltr'><strong>verbi</strong></span> <span class='ocrx_word' id='word_1_379' title='bbox 2952 2680 3339 2740; x_wconf 89' lang='lat' dir='ltr'><strong>continentia.</strong></span> 
     </span>
    </p>
   </div>
   <div class='ocr_carea' id='block_1_36' title="bbox 276 2765 3653 2849">
    <p class='ocr_par' dir='ltr' id='par_1_36' title="bbox 276 2765 3653 2849">
     <span class='ocr_line' id='line_1_36' title="bbox 276 2765 3653 2849; baseline 0.001 -18"><span class='ocrx_word' id='word_1_380' title='bbox 276 2769 695 2833; x_wconf 84' lang='lat' dir='ltr'><strong>accedentibus</strong></span> <span class='ocrx_word' id='word_1_381' title='bbox 727 2767 798 2828; x_wconf 89' lang='lat' dir='ltr'><strong>ad</strong></span> <span class='ocrx_word' id='word_1_382' title='bbox 846 2766 1023 2827; x_wconf 82' lang='lat' dir='ltr'><strong>fidem</strong></span> <span class='ocrx_word' id='word_1_383' title='bbox 1055 2765 1358 2844; x_wconf 87' lang='lat' dir='ltr'><strong>religionis</strong></span> <span class='ocrx_word' id='word_1_384' title='bbox 1391 2776 1631 2845; x_wconf 60' lang='lat' dir='ltr'><strong>nostra},</strong></span> <span class='ocrx_word' id='word_1_385' title='bbox 1669 2776 1726 2826; x_wconf 92' lang='lat' dir='ltr'><strong>et</strong></span> <span class='ocrx_word' id='word_1_386' title='bbox 1775 2765 1911 2826; x_wconf 82' lang='lat' dir='ltr'><strong>ideo</strong></span> <span class='ocrx_word' id='word_1_387' title='bbox 2103 2769 2223 2830; x_wconf 79' lang='lat' dir='ltr'><strong>XL.</strong></span> <span class='ocrx_word' id='word_1_388' title='bbox 2260 2769 2323 2830; x_wconf 88' lang='lat' dir='ltr'><strong>Si</strong></span> <span class='ocrx_word' id='word_1_389' title='bbox 2353 2786 2492 2847; x_wconf 90' lang='lat' dir='ltr'><strong>ergo</strong></span> <span class='ocrx_word' id='word_1_390' title='bbox 2523 2767 2753 2828; x_wconf 90' lang='lat' dir='ltr'><strong>ostendi</strong></span> <span class='ocrx_word' id='word_1_391' title='bbox 2785 2776 2978 2846; x_wconf 86' lang='lat' dir='ltr'><strong>potest</strong></span> <span class='ocrx_word' id='word_1_392' title='bbox 3009 2768 3165 2849; x_wconf 89' lang='lat' dir='ltr'><strong>quod</strong></span> <span class='ocrx_word' id='word_1_393' title='bbox 3201 2788 3371 2830; x_wconf 87' lang='lat' dir='ltr'><strong>mens</strong></span> <span class='ocrx_word' id='word_1_394' title='bbox 3401 2790 3468 2834; x_wconf 90' lang='lat' dir='ltr'><strong>ac</strong></span> <span class='ocrx_word' id='word_1_395' title='bbox 3502 2777 3653 2835; x_wconf 91' lang='lat' dir='ltr'><strong>ratio</strong></span> 
     </span>
    </p>
   </div>
   <div class='ocr_carea' id='block_1_37' title="bbox 279 2853 3652 2939">
    <p class='ocr_par' dir='ltr' id='par_1_37' title="bbox 279 2853 3652 2939">
     <span class='ocr_line' id='line_1_37' title="bbox 279 2853 3652 2939; baseline -0.003 -16"><span class='ocrx_word' id='word_1_396' title='bbox 279 2879 396 2923; x_wconf 91' lang='lat' dir='ltr'><strong>non</strong></span> <span class='ocrx_word' id='word_1_397' title='bbox 426 2877 528 2920; x_wconf 89' lang='lat' dir='ltr'><strong>vos</strong></span> <span class='ocrx_word' id='word_1_398' title='bbox 564 2860 754 2939; x_wconf 83' lang='lat' dir='ltr'><strong>pigeat</strong></span> <span class='ocrx_word' id='word_1_399' title='bbox 785 2859 1115 2918; x_wconf 88' lang='lat' dir='ltr'><strong>secundum</strong></span> <span class='ocrx_word' id='word_1_400' title='bbox 1149 2855 1525 2937; x_wconf 88' lang='lat' dir='ltr'><strong>sapientiam,</strong></span> <span class='ocrx_word' id='word_1_401' title='bbox 1561 2874 1694 2936; x_wconf 62' lang='lat' dir='ltr'><strong>quae</strong></span> <span class='ocrx_word' id='word_1_402' title='bbox 1747 2853 1920 2916; x_wconf 88' lang='lat' dir='ltr'><strong>vobis</strong></span> <span class='ocrx_word' id='word_1_403' title='bbox 2002 2867 2216 2922; x_wconf 72' lang='lat' dir='ltr'><strong>cuneta</strong></span> <span class='ocrx_word' id='word_1_404' title='bbox 2249 2857 2604 2930; x_wconf 86' lang='lat' dir='ltr'><strong>condiderit,</strong></span> <span class='ocrx_word' id='word_1_405' title='bbox 2638 2875 3014 2936; x_wconf 79' lang='lat' dir='ltr'><strong>consequens</strong></span> <span class='ocrx_word' id='word_1_406' title='bbox 3048 2865 3138 2918; x_wconf 84' lang='lat' dir='ltr'><strong>est</strong></span> <span class='ocrx_word' id='word_1_407' title='bbox 3173 2867 3235 2920; x_wconf 89' lang='lat' dir='ltr'><strong>et</strong></span> <span class='ocrx_word' id='word_1_408' title='bbox 3291 2879 3361 2921; x_wconf 85' lang='lat' dir='ltr'><strong>ea</strong></span> <span class='ocrx_word' id='word_1_409' title='bbox 3389 2881 3521 2939; x_wconf 66' lang='lat' dir='ltr'><strong>quae</strong></span> <span class='ocrx_word' id='word_1_410' title='bbox 3555 2881 3652 2926; x_wconf 78' lang='lat' dir='ltr'><strong>se-</strong></span> 
     </span>
    </p>
   </div>
   <div class='ocr_carea' id='block_1_38' title="bbox 279 2944 3660 3031">
    <p class='ocr_par' dir='ltr' id='par_1_38' title="bbox 279 2944 3660 3031">
     <span class='ocr_line' id='line_1_38' title="bbox 279 2944 3660 3031; baseline 0.001 -20"><span class='ocrx_word' id='word_1_411' title='bbox 279 2968 384 3031; x_wconf 92' lang='lat' dir='ltr'><strong>per</strong></span> <span class='ocrx_word' id='word_1_412' title='bbox 446 2947 548 3010; x_wconf 89' lang='lat' dir='ltr'><strong>Dei</strong></span> <span class='ocrx_word' id='word_1_413' title='bbox 602 2948 1032 3028; x_wconf 84' lang='lat' dir='ltr'><strong>providentiam</strong></span> <span class='ocrx_word' id='word_1_414' title='bbox 1085 2947 1298 3007; x_wconf 77' lang='lat' dir='ltr'><strong>collata</strong></span> <span class='ocrx_word' id='word_1_415' title='bbox 1373 2955 1461 3006; x_wconf 90' lang='lat' dir='ltr'><strong>est</strong></span> <span class='ocrx_word' id='word_1_416' title='bbox 1514 2944 1914 3018; x_wconf 87' lang='lat' dir='ltr'><strong>disserentes,</strong></span> <span class='ocrx_word' id='word_1_417' title='bbox 2002 2946 2538 3029; x_wconf 84' lang='lat' dir='ltr'><strong>quunlurralione,</strong></span> <span class='ocrx_word' id='word_1_418' title='bbox 2561 2955 2617 3006; x_wconf 91' lang='lat' dir='ltr'><strong>et</strong></span> <span class='ocrx_word' id='word_1_419' title='bbox 2642 2946 3008 3027; x_wconf 89' lang='lat' dir='ltr'><strong>providentia</strong></span> <span class='ocrx_word' id='word_1_420' title='bbox 3030 2947 3180 3025; x_wconf 88' lang='lat' dir='ltr'><strong>geri.</strong></span> <span class='ocrx_word' id='word_1_421' title='bbox 3207 2948 3267 3010; x_wconf 90' lang='lat' dir='ltr'><strong>Si</strong></span> <span class='ocrx_word' id='word_1_422' title='bbox 3289 2967 3426 3012; x_wconf 90' lang='lat' dir='ltr'><strong>vero</strong></span> <span class='ocrx_word' id='word_1_423' title='bbox 3451 2960 3660 3014; x_wconf 90' lang='lat' dir='ltr'><strong>natura</strong></span> 
     </span>
    </p>
   </div>
   <div class='ocr_carea' id='block_1_39' title="bbox 279 3035 3660 3118">
    <p class='ocr_par' dir='ltr' id='par_1_39' title="bbox 279 3035 3660 3118">
     <span class='ocr_line' id='line_1_39' title="bbox 279 3035 3660 3118; baseline 0.001 -17"><span class='ocrx_word' id='word_1_424' title='bbox 279 3041 576 3101; x_wconf 85' lang='lat' dir='ltr'><strong>instruere</strong></span> <span class='ocrx_word' id='word_1_425' title='bbox 600 3038 838 3117; x_wconf 90' lang='lat' dir='ltr'><strong>ignaros</strong></span> <span class='ocrx_word' id='word_1_426' title='bbox 870 3047 926 3098; x_wconf 94' lang='lat' dir='ltr'><strong>et</strong></span> <span class='ocrx_word' id='word_1_427' title='bbox 968 3039 1208 3108; x_wconf 91' lang='lat' dir='ltr'><strong>docere,</strong></span> <span class='ocrx_word' id='word_1_428' title='bbox 1237 3035 1318 3096; x_wconf 88' lang='lat' dir='ltr'><strong>ita</strong></span> <span class='ocrx_word' id='word_1_429' title='bbox 1358 3044 1552 3096; x_wconf 82' lang='lat' dir='ltr'><strong>tamen</strong></span> <span class='ocrx_word' id='word_1_430' title='bbox 1578 3044 1638 3095; x_wconf 86' lang='lat' dir='ltr'><strong>ut</strong></span> <span class='ocrx_word' id='word_1_431' title='bbox 1665 3035 1753 3094; x_wconf 91' lang='lat' dir='ltr'><strong>his</strong></span> <span class='ocrx_word' id='word_1_432' title='bbox 1789 3053 1921 3111; x_wconf 78' lang='lat' dir='ltr'><strong>quae</strong></span> <span class='ocrx_word' id='word_1_433' title='bbox 2005 3039 2353 3117; x_wconf 85' lang='lat' dir='ltr'><strong>imprudens</strong></span> <span class='ocrx_word' id='word_1_434' title='bbox 2377 3046 2438 3097; x_wconf 88' lang='lat' dir='ltr'><strong>et</strong></span> <span class='ocrx_word' id='word_1_435' title='bbox 2461 3054 2618 3097; x_wconf 63' lang='lat' dir='ltr'><strong>caeca</strong></span> <span class='ocrx_word' id='word_1_436' title='bbox 2643 3037 2824 3115; x_wconf 83' lang='lat' dir='ltr'><strong>gignit</strong></span> <span class='ocrx_word' id='word_1_437' title='bbox 2854 3037 3153 3111; x_wconf 85' lang='lat' dir='ltr'><strong>universa,</strong></span> <span class='ocrx_word' id='word_1_438' title='bbox 3183 3039 3498 3118; x_wconf 90' lang='lat' dir='ltr'><strong>perimitur</strong></span> <span class='ocrx_word' id='word_1_439' title='bbox 3529 3042 3660 3104; x_wconf 86' lang='lat' dir='ltr'><strong>sine</strong></span> 
     </span>
    </p>
   </div>
   <div class='ocr_carea' id='block_1_40' title="bbox 278 3124 3659 3228">
    <p class='ocr_par' dir='ltr' id='par_1_40' title="bbox 278 3124 3659 3228">
     <span class='ocr_line' id='line_1_40' title="bbox 278 3124 3659 3228; baseline 0.001 -38"><span class='ocrx_word' id='word_1_440' title='bbox 278 3149 311 3190; x_wconf 88' lang='lat' dir='ltr'><strong>a</strong></span> <span class='ocrx_word' id='word_1_441' title='bbox 345 3147 438 3190; x_wconf 92' lang='lat' dir='ltr'><strong>me</strong></span> <span class='ocrx_word' id='word_1_442' title='bbox 461 3127 710 3189; x_wconf 87' lang='lat' dir='ltr'><strong>audistis</strong></span> <span class='ocrx_word' id='word_1_443' title='bbox 734 3137 791 3188; x_wconf 90' lang='lat' dir='ltr'><strong>et</strong></span> <span class='ocrx_word' id='word_1_444' title='bbox 823 3126 1034 3188; x_wconf 84' lang='lat' dir='ltr'><strong>tradita</strong></span> <span class='ocrx_word' id='word_1_445' title='bbox 1080 3133 1218 3185; x_wconf 91' lang='lat' dir='ltr'><strong>sunt</strong></span> <span class='ocrx_word' id='word_1_446' title='bbox 1250 3124 1438 3228; x_wconf 69' lang='lat' dir='ltr'><strong>vobis,</strong></span> <span class='ocrx_word' id='word_1_447' title='bbox 1467 3125 1649 3185; x_wconf 90' lang='lat' dir='ltr'><strong>vestri</strong></span> <span class='ocrx_word' id='word_1_448' title='bbox 1696 3132 1916 3184; x_wconf 89' lang='lat' dir='ltr'><strong>tantum</strong></span> <span class='ocrx_word' id='word_1_449' title='bbox 1941 3179 1981 3228; x_wconf 63' lang='grc' dir='ltr'>Ο</span> <span class='ocrx_word' id='word_1_450' title='bbox 2005 3126 2184 3188; x_wconf 90' lang='lat' dir='ltr'><strong>dubio</strong></span> <span class='ocrx_word' id='word_1_451' title='bbox 2212 3125 2430 3206; x_wconf 80' lang='lat' dir='ltr'><strong>judicii</strong></span> <span class='ocrx_word' id='word_1_452' title='bbox 2459 3125 2640 3199; x_wconf 88' lang='lat' dir='ltr'><strong>ratio,</strong></span> <span class='ocrx_word' id='word_1_453' title='bbox 2678 3143 2786 3185; x_wconf 91' lang='lat' dir='ltr'><strong>nec</strong></span> <span class='ocrx_word' id='word_1_454' title='bbox 2835 3125 3127 3186; x_wconf 90' lang='lat' dir='ltr'><strong>discussio</strong></span> <span class='ocrx_word' id='word_1_455' title='bbox 3165 3139 3544 3206; x_wconf 81' lang='lat' dir='ltr'><strong>peccatorum</strong></span> <span class='ocrx_word' id='word_1_456' title='bbox 3590 3149 3659 3193; x_wconf 90' lang='lat' dir='ltr'><strong>ac</strong></span> 
     </span>
    </p>
   </div>
   <div class='ocr_carea' id='block_1_41' title="bbox 280 3211 3658 3299">
    <p class='ocr_par' dir='ltr' id='par_1_41' title="bbox 280 3211 3658 3299">
     <span class='ocr_line' id='line_1_41' title="bbox 280 3211 3658 3299; baseline 0 -19"><span class='ocrx_word' id='word_1_457' title='bbox 280 3217 574 3280; x_wconf 88' lang='lat' dir='ltr'><strong>sermonis</strong></span> <span class='ocrx_word' id='word_1_458' title='bbox 616 3216 1016 3297; x_wconf 86' lang='lat' dir='ltr'><strong>eloquentiam</strong></span> <span class='ocrx_word' id='word_1_459' title='bbox 1065 3214 1326 3277; x_wconf 87' lang='lat' dir='ltr'><strong>societis.</strong></span> <span class='ocrx_word' id='word_1_460' title='bbox 1360 3211 1482 3274; x_wconf 89' lang='lat' dir='ltr'><strong>Nec</strong></span> <span class='ocrx_word' id='word_1_461' title='bbox 1524 3213 1747 3293; x_wconf 86' lang='lat' dir='ltr'><strong>aliquid</strong></span> <span class='ocrx_word' id='word_1_462' title='bbox 1783 3211 1981 3293; x_wconf 64' lang='lat' dir='ltr'><strong>pro-&quot;</strong></span> <span class='ocrx_word' id='word_1_463' title='bbox 2009 3215 2452 3277; x_wconf 82' lang='lat' dir='ltr'><strong>benefactorum</strong></span> <span class='ocrx_word' id='word_1_464' title='bbox 2493 3217 2895 3276; x_wconf 85' lang='lat' dir='ltr'><strong>remuneratio</strong></span> <span class='ocrx_word' id='word_1_465' title='bbox 2941 3215 3300 3296; x_wconf 89' lang='lat' dir='ltr'><strong>sperabitur,</strong></span> <span class='ocrx_word' id='word_1_466' title='bbox 3338 3218 3436 3280; x_wconf 90' lang='lat' dir='ltr'><strong>ubi</strong></span> <span class='ocrx_word' id='word_1_467' title='bbox 3477 3221 3658 3299; x_wconf 83' lang='lat' dir='ltr'><strong>judex</strong></span> 
     </span>
    </p>
   </div>
   <div class='ocr_carea' id='block_1_42' title="bbox 284 3303 3660 3388">
    <p class='ocr_par' dir='ltr' id='par_1_42' title="bbox 284 3303 3660 3388">
     <span class='ocr_line' id='line_1_42' title="bbox 284 3303 3660 3388; baseline 0.001 -19"><span class='ocrx_word' id='word_1_468' title='bbox 284 3309 476 3388; x_wconf 88' lang='lat' dir='ltr'><strong>prium</strong></span> <span class='ocrx_word' id='word_1_469' title='bbox 512 3309 742 3387; x_wconf 89' lang='lat' dir='ltr'><strong>etquod</strong></span> <span class='ocrx_word' id='word_1_470' title='bbox 783 3305 947 3367; x_wconf 88' lang='lat' dir='ltr'><strong>vobis</strong></span> <span class='ocrx_word' id='word_1_471' title='bbox 982 3323 1099 3365; x_wconf 92' lang='lat' dir='ltr'><strong>non</strong></span> <span class='ocrx_word' id='word_1_472' title='bbox 1146 3313 1236 3365; x_wconf 90' lang='lat' dir='ltr'><strong>est</strong></span> <span class='ocrx_word' id='word_1_473' title='bbox 1265 3303 1545 3364; x_wconf 88' lang='lat' dir='ltr'><strong>traditum</strong></span> <span class='ocrx_word' id='word_1_474' title='bbox 1600 3304 1917 3384; x_wconf 83' lang='lat' dir='ltr'><strong>proloqua-</strong></span> <span class='ocrx_word' id='word_1_475' title='bbox 2009 3325 2124 3367; x_wconf 91' lang='lat' dir='ltr'><strong>non</strong></span> <span class='ocrx_word' id='word_1_476' title='bbox 2158 3316 2266 3368; x_wconf 90' lang='lat' dir='ltr'><strong>est.</strong></span> <span class='ocrx_word' id='word_1_477' title='bbox 2303 3305 2450 3377; x_wconf 87' lang='lat' dir='ltr'><strong>Quia</strong></span> <span class='ocrx_word' id='word_1_478' title='bbox 2484 3323 2621 3382; x_wconf 86' lang='lat' dir='ltr'><strong>ergo</strong></span> <span class='ocrx_word' id='word_1_479' title='bbox 2656 3305 2858 3366; x_wconf 86' lang='lat' dir='ltr'><strong>omnia</strong></span> <span class='ocrx_word' id='word_1_480' title='bbox 2890 3305 2947 3365; x_wconf 91' lang='lat' dir='ltr'><strong>in</strong></span> <span class='ocrx_word' id='word_1_481' title='bbox 2981 3306 3093 3365; x_wconf 89' lang='lat' dir='ltr'><strong>hoc</strong></span> <span class='ocrx_word' id='word_1_482' title='bbox 3125 3307 3464 3385; x_wconf 90' lang='lat' dir='ltr'><strong>pendentet</strong></span> <span class='ocrx_word' id='word_1_483' title='bbox 3497 3311 3660 3372; x_wconf 85' lang='lat' dir='ltr'><strong>huic-</strong></span> 
     </span>
    </p>
   </div>
   <div class='ocr_carea' id='block_1_43' title="bbox 287 3393 3658 3479">
    <p class='ocr_par' dir='ltr' id='par_1_43' title="bbox 287 3393 3658 3479">
     <span class='ocr_line' id='line_1_43' title="bbox 287 3393 3658 3479; baseline 0 -20"><span class='ocrx_word' id='word_1_484' title='bbox 287 3399 456 3477; x_wconf 90' lang='lat' dir='ltr'><strong>mini,</strong></span> <span class='ocrx_word' id='word_1_485' title='bbox 482 3396 711 3458; x_wconf 88' lang='lat' dir='ltr'><strong>etiamsi</strong></span> <span class='ocrx_word' id='word_1_486' title='bbox 736 3397 904 3457; x_wconf 86' lang='lat' dir='ltr'><strong>vobis</strong></span> <span class='ocrx_word' id='word_1_487' title='bbox 936 3393 1260 3456; x_wconf 89' lang='lat' dir='ltr'><strong>verisimile</strong></span> <span class='ocrx_word' id='word_1_488' title='bbox 1290 3393 1580 3471; x_wconf 85' lang='lat' dir='ltr'><strong>videatur,</strong></span> <span class='ocrx_word' id='word_1_489' title='bbox 1610 3394 1714 3453; x_wconf 86' lang='lat' dir='ltr'><strong>sed</strong></span> <span class='ocrx_word' id='word_1_490' title='bbox 1745 3411 1834 3455; x_wconf 88' lang='lat' dir='ltr'><strong>ea.</strong></span> <span class='ocrx_word' id='word_1_491' title='bbox 1864 3402 1926 3453; x_wconf 91' lang='lat' dir='ltr'><strong>ut</strong></span> <span class='ocrx_word' id='word_1_492' title='bbox 2006 3399 2180 3475; x_wconf 86' lang='lat' dir='ltr'><strong>capiti</strong></span> <span class='ocrx_word' id='word_1_493' title='bbox 2211 3395 2539 3467; x_wconf 64' lang='lat' dir='ltr'><strong>adhaerent,</strong></span> <span class='ocrx_word' id='word_1_494' title='bbox 2575 3414 2692 3455; x_wconf 93' lang='lat' dir='ltr'><strong>non</strong></span> <span class='ocrx_word' id='word_1_495' title='bbox 2751 3395 3172 3473; x_wconf 82' lang='lat' dir='ltr'><strong>indignemini,</strong></span> <span class='ocrx_word' id='word_1_496' title='bbox 3203 3397 3252 3455; x_wconf 92' lang='lat' dir='ltr'><strong>si</strong></span> <span class='ocrx_word' id='word_1_497' title='bbox 3283 3398 3433 3459; x_wconf 86' lang='lat' dir='ltr'><strong>forte</strong></span> <span class='ocrx_word' id='word_1_498' title='bbox 3485 3399 3658 3479; x_wconf 88' lang='lat' dir='ltr'><strong>paulo</strong></span> 
     </span>
    </p>
   </div>
   <div class='ocr_carea' id='block_1_44' title="bbox 280 3481 3659 3566">
    <p class='ocr_par' dir='ltr' id='par_1_44' title="bbox 280 3481 3659 3566">
     <span class='ocr_line' id='line_1_44' title="bbox 280 3481 3659 3566; baseline 0.002 -23"><span class='ocrx_word' id='word_1_499' title='bbox 280 3489 430 3566; x_wconf 79' lang='lat' dir='ltr'><strong>dixi,</strong></span> <span class='ocrx_word' id='word_1_500' title='bbox 462 3504 593 3566; x_wconf 72' lang='lat' dir='ltr'><strong>qua:</strong></span> <span class='ocrx_word' id='word_1_501' title='bbox 634 3484 763 3564; x_wconf 90' lang='lat' dir='ltr'><strong>ipse</strong></span> <span class='ocrx_word' id='word_1_502' title='bbox 817 3504 847 3546; x_wconf 88' lang='lat' dir='ltr'><strong>a</strong></span> <span class='ocrx_word' id='word_1_503' title='bbox 898 3501 1041 3544; x_wconf 92' lang='lat' dir='ltr'><strong>vero</strong></span> <span class='ocrx_word' id='word_1_504' title='bbox 1099 3483 1390 3562; x_wconf 80' lang='lat' dir='ltr'><strong>prapheta</strong></span> <span class='ocrx_word' id='word_1_505' title='bbox 1434 3489 1712 3561; x_wconf 90' lang='lat' dir='ltr'><strong>suscepta</strong></span> <span class='ocrx_word' id='word_1_506' title='bbox 1759 3481 1924 3543; x_wconf 87' lang='lat' dir='ltr'><strong>vobis</strong></span> <span class='ocrx_word' id='word_1_507' title='bbox 2009 3487 2181 3547; x_wconf 90' lang='lat' dir='ltr'><strong>latius</strong></span> <span class='ocrx_word' id='word_1_508' title='bbox 2210 3485 2421 3547; x_wconf 86' lang='lat' dir='ltr'><strong>discuti</strong></span> <span class='ocrx_word' id='word_1_509' title='bbox 2457 3486 2580 3546; x_wconf 68' lang='lat' dir='ltr'><strong>haec</strong></span> <span class='ocrx_word' id='word_1_510' title='bbox 2621 3493 2678 3545; x_wconf 91' lang='lat' dir='ltr'><strong>et</strong></span> <span class='ocrx_word' id='word_1_511' title='bbox 2733 3485 3073 3565; x_wconf 85' lang='lat' dir='ltr'><strong>pertractari</strong></span> <span class='ocrx_word' id='word_1_512' title='bbox 3131 3485 3399 3550; x_wconf 87' lang='lat' dir='ltr'><strong>voluero.</strong></span> <span class='ocrx_word' id='word_1_513' title='bbox 3434 3490 3498 3551; x_wconf 90' lang='lat' dir='ltr'><strong>In</strong></span> <span class='ocrx_word' id='word_1_514' title='bbox 3547 3491 3659 3551; x_wconf 90' lang='lat' dir='ltr'><strong>hoc</strong></span> 
     </span>
    </p>
   </div>
   <div class='ocr_carea' id='block_1_45' title="bbox 283 3571 3659 3658">
    <p class='ocr_par' dir='ltr' id='par_1_45' title="bbox 283 3571 3659 3658">
     <span class='ocr_line' id='line_1_45' title="bbox 283 3571 3659 3658; baseline 0.001 -20"><span class='ocrx_word' id='word_1_515' title='bbox 283 3575 522 3650; x_wconf 87' lang='lat' dir='ltr'><strong>tradidi,</strong></span> <span class='ocrx_word' id='word_1_516' title='bbox 549 3573 1016 3654; x_wconf 89' lang='lat' dir='ltr'><strong>prosequamini,</strong></span> <span class='ocrx_word' id='word_1_517' title='bbox 1041 3571 1272 3633; x_wconf 88' lang='lat' dir='ltr'><strong>etiamsi</strong></span> <span class='ocrx_word' id='word_1_518' title='bbox 1298 3571 1491 3632; x_wconf 89' lang='lat' dir='ltr'><strong>minus</strong></span> <span class='ocrx_word' id='word_1_519' title='bbox 1517 3572 1704 3652; x_wconf 74' lang='lat' dir='ltr'><strong>plente</strong></span> <span class='ocrx_word' id='word_1_520' title='bbox 1726 3589 1926 3632; x_wconf 87' lang='lat' dir='ltr'><strong>asser-</strong></span> <span class='ocrx_word' id='word_1_521' title='bbox 2011 3575 2170 3636; x_wconf 89' lang='lat' dir='ltr'><strong>enim</strong></span> <span class='ocrx_word' id='word_1_522' title='bbox 2201 3575 2342 3635; x_wconf 90' lang='lat' dir='ltr'><strong>mihi</strong></span> <span class='ocrx_word' id='word_1_523' title='bbox 2369 3575 2438 3634; x_wconf 87' lang='lat' dir='ltr'><strong>ad</strong></span> <span class='ocrx_word' id='word_1_524' title='bbox 2466 3573 2665 3634; x_wconf 91' lang='lat' dir='ltr'><strong>omnia</strong></span> <span class='ocrx_word' id='word_1_525' title='bbox 2692 3592 2824 3654; x_wconf 69' lang='lat' dir='ltr'><strong>quae</strong></span> <span class='ocrx_word' id='word_1_526' title='bbox 2838 3583 3273 3654; x_wconf 86' lang='lat' dir='ltr'><strong>proponuntur,</strong></span> <span class='ocrx_word' id='word_1_527' title='bbox 3299 3577 3659 3658; x_wconf 87' lang='lat' dir='ltr'><strong>velutprima</strong></span> 
     </span>
    </p>
   </div>
   <div class='ocr_carea' id='block_1_46' title="bbox 283 3661 1928 3741">
    <p class='ocr_par' dir='ltr' id='par_1_46' title="bbox 283 3661 1928 3741">
     <span class='ocr_line' id='line_1_46' title="bbox 283 3661 1928 3741; baseline -0.004 -14"><span class='ocrx_word' id='word_1_528' title='bbox 283 3666 462 3727; x_wconf 83' lang='lat' dir='ltr'><strong>tionis</strong></span> <span class='ocrx_word' id='word_1_529' title='bbox 502 3682 632 3725; x_wconf 88' lang='lat' dir='ltr'><strong>esse</strong></span> <span class='ocrx_word' id='word_1_530' title='bbox 655 3663 1034 3725; x_wconf 88' lang='lat' dir='ltr'><strong>videbuntur.</strong></span> <span class='ocrx_word' id='word_1_531' title='bbox 1076 3661 1231 3724; x_wconf 88' lang='lat' dir='ltr'><strong>Hinc</strong></span> <span class='ocrx_word' id='word_1_532' title='bbox 1266 3662 1424 3724; x_wconf 93' lang='lat' dir='ltr'><strong>enim</strong></span> <span class='ocrx_word' id='word_1_533' title='bbox 1458 3679 1614 3741; x_wconf 66' lang='lat' dir='ltr'><strong>saepe</strong></span> <span class='ocrx_word' id='word_1_534' title='bbox 1644 3661 1928 3738; x_wconf 79' lang='lat' dir='ltr'><strong>Contingit</strong></span> 
     </span>
    </p>
   </div>
   <div class='ocr_carea' id='block_1_47' title="bbox 281 3751 1927 3832">
    <p class='ocr_par' dir='ltr' id='par_1_47' title="bbox 281 3751 1927 3832">
     <span class='ocr_line' id='line_1_47' title="bbox 281 3751 1927 3832; baseline -0.004 -16"><span class='ocrx_word' id='word_1_535' title='bbox 281 3755 588 3816; x_wconf 85' lang='lat' dir='ltr'><strong>declinare</strong></span> <span class='ocrx_word' id='word_1_536' title='bbox 605 3752 891 3832; x_wconf 90' lang='lat' dir='ltr'><strong>quosdam</strong></span> <span class='ocrx_word' id='word_1_537' title='bbox 917 3772 948 3813; x_wconf 86' lang='lat' dir='ltr'><strong>a</strong></span> <span class='ocrx_word' id='word_1_538' title='bbox 972 3751 1390 3831; x_wconf 89' lang='lat' dir='ltr'><strong>veritate,dum</strong></span> <span class='ocrx_word' id='word_1_539' title='bbox 1416 3751 1676 3829; x_wconf 89' lang='lat' dir='ltr'><strong>speciem</strong></span> <span class='ocrx_word' id='word_1_540' title='bbox 1702 3751 1812 3810; x_wconf 82' lang='lat' dir='ltr'><strong>sibi</strong></span> <span class='ocrx_word' id='word_1_541' title='bbox 1833 3768 1927 3809; x_wconf 89' lang='lat' dir='ltr'><strong>ve-</strong></span> 
     </span>
    </p>
   </div>
   <div class='ocr_carea' id='block_1_48' title="bbox 283 3838 1926 3921">
    <p class='ocr_par' dir='ltr' id='par_1_48' title="bbox 283 3838 1926 3921">
     <span class='ocr_line' id='line_1_48' title="bbox 283 3838 1926 3921; baseline -0.004 -15"><span class='ocrx_word' id='word_1_542' title='bbox 283 3844 460 3906; x_wconf 91' lang='lat' dir='ltr'><strong>rioris</strong></span> <span class='ocrx_word' id='word_1_543' title='bbox 485 3853 542 3905; x_wconf 90' lang='lat' dir='ltr'><strong>et</strong></span> <span class='ocrx_word' id='word_1_544' title='bbox 561 3842 862 3904; x_wconf 81' lang='lat' dir='ltr'><strong>validioris</strong></span> <span class='ocrx_word' id='word_1_545' title='bbox 884 3839 1443 3921; x_wconf 87' lang='lat' dir='ltr'><strong>veritatis,propriis</strong></span> <span class='ocrx_word' id='word_1_546' title='bbox 1469 3838 1926 3915; x_wconf 82' lang='lat' dir='ltr'><strong>cogitationibus</strong></span> 
     </span>
    </p>
   </div>
   <div class='ocr_carea' id='block_1_49' title="bbox 281 3932 1007 4015">
    <p class='ocr_par' dir='ltr' id='par_1_49' title="bbox 281 3932 1007 4015">
     <span class='ocr_line' id='line_1_49' title="bbox 281 3932 1007 4015; baseline -0.003 -18"><span class='ocrx_word' id='word_1_547' title='bbox 281 3934 580 4015; x_wconf 86' lang='lat' dir='ltr'><strong>reperisse</strong></span> <span class='ocrx_word' id='word_1_548' title='bbox 615 3951 681 3994; x_wconf 91' lang='lat' dir='ltr'><strong>se</strong></span> <span class='ocrx_word' id='word_1_549' title='bbox 723 3932 1007 3995; x_wconf 89' lang='lat' dir='ltr'><strong>credunt.</strong></span> 
     </span>
    </p>
   </div>
   <div class='ocr_carea' id='block_1_50' title="bbox 365 4016 1922 4089">
    <p class='ocr_par' dir='ltr' id='par_1_50' title="bbox 365 4016 1922 4089">
     <span class='ocr_line' id='line_1_50' title="bbox 365 4016 1922 4089; baseline -0.004 -5"><span class='ocrx_word' id='word_1_550' title='bbox 365 4021 670 4085; x_wconf 81' lang='lat' dir='ltr'><strong>XXXVIII.</strong></span> <span class='ocrx_word' id='word_1_551' title='bbox 705 4021 811 4084; x_wconf 83' lang='lat' dir='ltr'><strong>His</strong></span> <span class='ocrx_word' id='word_1_552' title='bbox 840 4041 874 4083; x_wconf 88' lang='lat' dir='ltr'><strong>a</strong></span> <span class='ocrx_word' id='word_1_553' title='bbox 906 4021 1083 4084; x_wconf 87' lang='lat' dir='ltr'><strong>Petro</strong></span> <span class='ocrx_word' id='word_1_554' title='bbox 1109 4020 1281 4083; x_wconf 90' lang='lat' dir='ltr'><strong>dictis</strong></span> <span class='ocrx_word' id='word_1_555' title='bbox 1304 4017 1560 4081; x_wconf 87' lang='lat' dir='ltr'><strong>libenter</strong></span> <span class='ocrx_word' id='word_1_556' title='bbox 1581 4016 1922 4089; x_wconf 88' lang='lat' dir='ltr'><strong>annuimus,</strong></span> 
     </span>
    </p>
   </div>
   <div class='ocr_carea' id='block_1_51' title="bbox 288 4106 1924 4189">
    <p class='ocr_par' dir='ltr' id='par_1_51' title="bbox 288 4106 1924 4189">
     <span class='ocr_line' id='line_1_51' title="bbox 288 4106 1924 4189; baseline -0.005 -15"><span class='ocrx_word' id='word_1_557' title='bbox 288 4114 558 4175; x_wconf 84' lang='lat' dir='ltr'><strong>dicentes</strong></span> <span class='ocrx_word' id='word_1_558' title='bbox 581 4112 660 4186; x_wconf 91' lang='lat' dir='ltr'><strong>ei,</strong></span> <span class='ocrx_word' id='word_1_559' title='bbox 688 4113 834 4172; x_wconf 85' lang='lat' dir='ltr'><strong>nihil</strong></span> <span class='ocrx_word' id='word_1_560' title='bbox 869 4131 979 4173; x_wconf 90' lang='lat' dir='ltr'><strong>nos</strong></span> <span class='ocrx_word' id='word_1_561' title='bbox 999 4120 1265 4189; x_wconf 90' lang='lat' dir='ltr'><strong>acturos,</strong></span> <span class='ocrx_word' id='word_1_562' title='bbox 1287 4110 1400 4170; x_wconf 87' lang='lat' dir='ltr'><strong>nisi</strong></span> <span class='ocrx_word' id='word_1_563' title='bbox 1435 4108 1590 4188; x_wconf 85' lang='lat' dir='ltr'><strong>quod</strong></span> <span class='ocrx_word' id='word_1_564' title='bbox 1615 4107 1724 4187; x_wconf 90' lang='lat' dir='ltr'><strong>ipsi</strong></span> <span class='ocrx_word' id='word_1_565' title='bbox 1754 4106 1924 4166; x_wconf 87' lang='lat' dir='ltr'><strong>vide-</strong></span> 
     </span>
    </p>
   </div>
   <div class='ocr_carea' id='block_1_52' title="bbox 285 4197 1930 4282">
    <p class='ocr_par' dir='ltr' id='par_1_52' title="bbox 285 4197 1930 4282">
     <span class='ocr_line' id='line_1_52' title="bbox 285 4197 1930 4282; baseline -0.005 -18"><span class='ocrx_word' id='word_1_566' title='bbox 285 4211 468 4265; x_wconf 84' lang='lat' dir='ltr'><strong>retur.</strong></span> <span class='ocrx_word' id='word_1_567' title='bbox 495 4200 644 4263; x_wconf 88' lang='lat' dir='ltr'><strong>Tum</strong></span> <span class='ocrx_word' id='word_1_568' title='bbox 665 4201 786 4264; x_wconf 87' lang='lat' dir='ltr'><strong>ille:</strong></span> <span class='ocrx_word' id='word_1_569' title='bbox 815 4199 1425 4282; x_wconf 81' lang='lat' dir='ltr'><strong>Utergo,inquit,sine</strong></span> <span class='ocrx_word' id='word_1_570' title='bbox 1441 4197 1709 4278; x_wconf 90' lang='lat' dir='ltr'><strong>pericqu</strong></span> <span class='ocrx_word' id='word_1_571' title='bbox 1760 4213 1930 4256; x_wconf 76' lang='lat' dir='ltr'><strong>exer-</strong></span> 
     </span>
    </p>
   </div>
   <div class='ocr_carea' id='block_1_53' title="bbox 286 4286 1934 4371">
    <p class='ocr_par' dir='ltr' id='par_1_53' title="bbox 286 4286 1934 4371">
     <span class='ocr_line' id='line_1_53' title="bbox 286 4286 1934 4371; baseline -0.002 -17"><span class='ocrx_word' id='word_1_572' title='bbox 286 4291 572 4362; x_wconf 85' lang='lat' dir='ltr'><strong>ceamini,</strong></span> <span class='ocrx_word' id='word_1_573' title='bbox 605 4311 699 4352; x_wconf 89' lang='lat' dir='ltr'><strong>me</strong></span> <span class='ocrx_word' id='word_1_574' title='bbox 731 4310 930 4352; x_wconf 89' lang='lat' dir='ltr'><strong>coram</strong></span> <span class='ocrx_word' id='word_1_575' title='bbox 977 4291 1276 4371; x_wconf 81' lang='lat' dir='ltr'><strong>diSputate</strong></span> <span class='ocrx_word' id='word_1_576' title='bbox 1309 4288 1544 4367; x_wconf 87' lang='lat' dir='ltr'><strong>singuli,</strong></span> <span class='ocrx_word' id='word_1_577' title='bbox 1579 4286 1657 4346; x_wconf 92' lang='lat' dir='ltr'><strong>ita</strong></span> <span class='ocrx_word' id='word_1_578' title='bbox 1688 4294 1750 4346; x_wconf 91' lang='lat' dir='ltr'><strong>ut</strong></span> <span class='ocrx_word' id='word_1_579' title='bbox 1781 4304 1934 4350; x_wconf 88' lang='lat' dir='ltr'><strong>unus</strong></span> 
     </span>
    </p>
   </div>
   <div class='ocr_carea' id='block_1_54' title="bbox 287 4376 1932 4460">
    <p class='ocr_par' dir='ltr' id='par_1_54' title="bbox 287 4376 1932 4460">
     <span class='ocr_line' id='line_1_54' title="bbox 287 4376 1932 4460; baseline -0.005 -19"><span class='ocrx_word' id='word_1_580' title='bbox 287 4379 390 4441; x_wconf 85' lang='lat' dir='ltr'><strong>alii</strong></span> <span class='ocrx_word' id='word_1_581' title='bbox 410 4380 688 4442; x_wconf 85' lang='lat' dir='ltr'><strong>succedat</strong></span> <span class='ocrx_word' id='word_1_582' title='bbox 709 4398 776 4441; x_wconf 89' lang='lat' dir='ltr'><strong>ac</strong></span> <span class='ocrx_word' id='word_1_583' title='bbox 798 4398 937 4441; x_wconf 83' lang='lat' dir='ltr'><strong>suas</strong></span> <span class='ocrx_word' id='word_1_584' title='bbox 961 4379 1369 4460; x_wconf 87' lang='lat' dir='ltr'><strong>unusquisque</strong></span> <span class='ocrx_word' id='word_1_585' title='bbox 1394 4377 1646 4455; x_wconf 89' lang='lat' dir='ltr'><strong>explicet</strong></span> <span class='ocrx_word' id='word_1_586' title='bbox 1665 4376 1932 4452; x_wconf 67' lang='lat' dir='ltr'><strong>quaestio-</strong></span> 
     </span>
    </p>
   </div>
   <div class='ocr_carea' id='block_1_55' title="bbox 2004 3663 3661 3746">
    <p class='ocr_par' dir='ltr' id='par_1_55' title="bbox 2004 3663 3661 3746">
     <span class='ocr_line' id='line_1_55' title="bbox 2004 3663 3661 3746; baseline 0.002 -21"><span class='ocrx_word' id='word_1_587' title='bbox 2004 3666 2181 3744; x_wconf 85' lang='lat' dir='ltr'><strong>janua</strong></span> <span class='ocrx_word' id='word_1_588' title='bbox 2212 3665 2526 3734; x_wconf 75' lang='lat' dir='ltr'><strong>clauditur,</strong></span> <span class='ocrx_word' id='word_1_589' title='bbox 2557 3674 2611 3724; x_wconf 89' lang='lat' dir='ltr'><strong>et</strong></span> <span class='ocrx_word' id='word_1_590' title='bbox 2642 3663 2777 3724; x_wconf 92' lang='lat' dir='ltr'><strong>ideo</strong></span> <span class='ocrx_word' id='word_1_591' title='bbox 2793 3664 2944 3724; x_wconf 89' lang='lat' dir='ltr'><strong>hanc</strong></span> <span class='ocrx_word' id='word_1_592' title='bbox 2965 3663 3107 3724; x_wconf 89' lang='lat' dir='ltr'><strong>mihi</strong></span> <span class='ocrx_word' id='word_1_593' title='bbox 3130 3678 3270 3726; x_wconf 88' lang='lat' dir='ltr'><strong>ante</strong></span> <span class='ocrx_word' id='word_1_594' title='bbox 3292 3671 3493 3728; x_wconf 87' lang='lat' dir='ltr'><strong>omnia</strong></span> <span class='ocrx_word' id='word_1_595' title='bbox 3518 3685 3661 3746; x_wconf 52' lang='lat' dir='ltr'><strong>ape.</strong></span> 
     </span>
    </p>
   </div>
   <div class='ocr_carea' id='block_1_56' title="bbox 2011 3751 3660 3837">
    <p class='ocr_par' dir='ltr' id='par_1_56' title="bbox 2011 3751 3660 3837">
     <span class='ocr_line' id='line_1_56' title="bbox 2011 3751 3660 3837; baseline 0.002 -23"><span class='ocrx_word' id='word_1_596' title='bbox 2011 3755 2112 3815; x_wconf 88' lang='lat' dir='ltr'><strong>riri</strong></span> <span class='ocrx_word' id='word_1_597' title='bbox 2144 3757 2299 3815; x_wconf 88' lang='lat' dir='ltr'><strong>volo.</strong></span> <span class='ocrx_word' id='word_1_598' title='bbox 2324 3751 2494 3814; x_wconf 85' lang='lat' dir='ltr'><strong>Nunc</strong></span> <span class='ocrx_word' id='word_1_599' title='bbox 2517 3771 2658 3831; x_wconf 85' lang='lat' dir='ltr'><strong>ergo</strong></span> <span class='ocrx_word' id='word_1_600' title='bbox 2682 3753 2885 3813; x_wconf 90' lang='lat' dir='ltr'><strong>audite</strong></span> <span class='ocrx_word' id='word_1_601' title='bbox 2909 3771 3040 3834; x_wconf 75' lang='lat' dir='ltr'><strong>quae</strong></span> <span class='ocrx_word' id='word_1_602' title='bbox 3075 3753 3282 3828; x_wconf 90' lang='lat' dir='ltr'><strong>doceo,</strong></span> <span class='ocrx_word' id='word_1_603' title='bbox 3309 3766 3368 3818; x_wconf 90' lang='lat' dir='ltr'><strong>et</strong></span> <span class='ocrx_word' id='word_1_604' title='bbox 3406 3775 3660 3837; x_wconf 90' lang='lat' dir='ltr'><strong>respon-</strong></span> 
     </span>
    </p>
   </div>
   <div class='ocr_carea' id='block_1_57' title="bbox 2010 3842 3660 3922">
    <p class='ocr_par' dir='ltr' id='par_1_57' title="bbox 2010 3842 3660 3922">
     <span class='ocr_line' id='line_1_57' title="bbox 2010 3842 3660 3922; baseline 0.002 -19"><span class='ocrx_word' id='word_1_605' title='bbox 2010 3849 2144 3904; x_wconf 85' lang='lat' dir='ltr'><strong>deat</strong></span> <span class='ocrx_word' id='word_1_606' title='bbox 2161 3843 2303 3903; x_wconf 90' lang='lat' dir='ltr'><strong>mihi</strong></span> <span class='ocrx_word' id='word_1_607' title='bbox 2318 3842 2365 3903; x_wconf 85' lang='lat' dir='ltr'><strong>si</strong></span> <span class='ocrx_word' id='word_1_608' title='bbox 2389 3843 2520 3922; x_wconf 88' lang='lat' dir='ltr'><strong>quis</strong></span> <span class='ocrx_word' id='word_1_609' title='bbox 2539 3853 2793 3903; x_wconf 85' lang='lat' dir='ltr'><strong>vestrum</strong></span> <span class='ocrx_word' id='word_1_610' title='bbox 2817 3842 3119 3917; x_wconf 88' lang='lat' dir='ltr'><strong>volet;non</strong></span> <span class='ocrx_word' id='word_1_611' title='bbox 3137 3843 3294 3904; x_wconf 91' lang='lat' dir='ltr'><strong>enim</strong></span> <span class='ocrx_word' id='word_1_612' title='bbox 3315 3845 3660 3907; x_wconf 90' lang='lat' dir='ltr'><strong>erubescam</strong></span> 
     </span>
    </p>
   </div>
   <div class='ocr_carea' id='block_1_58' title="bbox 2009 3932 3661 4012">
    <p class='ocr_par' dir='ltr' id='par_1_58' title="bbox 2009 3932 3661 4012">
     <span class='ocr_line' id='line_1_58' title="bbox 2009 3932 3661 4012; baseline 0.001 -19"><span class='ocrx_word' id='word_1_613' title='bbox 2009 3933 2267 4007; x_wconf 86' lang='lat' dir='ltr'><strong>discere,</strong></span> <span class='ocrx_word' id='word_1_614' title='bbox 2291 3933 2340 3992; x_wconf 92' lang='lat' dir='ltr'><strong>si</strong></span> <span class='ocrx_word' id='word_1_615' title='bbox 2364 3932 2611 3994; x_wconf 87' lang='lat' dir='ltr'><strong>audiero</strong></span> <span class='ocrx_word' id='word_1_616' title='bbox 2637 3932 2791 4012; x_wconf 89' lang='lat' dir='ltr'><strong>quod</strong></span> <span class='ocrx_word' id='word_1_617' title='bbox 2817 3949 3022 3991; x_wconf 88' lang='lat' dir='ltr'><strong>verum</strong></span> <span class='ocrx_word' id='word_1_618' title='bbox 3045 3942 3160 4009; x_wconf 86' lang='lat' dir='ltr'><strong>est,</strong></span> <span class='ocrx_word' id='word_1_619' title='bbox 3182 3941 3238 3993; x_wconf 91' lang='lat' dir='ltr'><strong>et</strong></span> <span class='ocrx_word' id='word_1_620' title='bbox 3261 3943 3422 3995; x_wconf 90' lang='lat' dir='ltr'><strong>recte</strong></span> <span class='ocrx_word' id='word_1_621' title='bbox 3440 3934 3661 3997; x_wconf 89' lang='lat' dir='ltr'><strong>dicenti</strong></span> 
     </span>
    </p>
   </div>
   <div class='ocr_carea' id='block_1_59' title="bbox 2007 4022 3660 4105">
    <p class='ocr_par' dir='ltr' id='par_1_59' title="bbox 2007 4022 3660 4105">
     <span class='ocr_line' id='line_1_59' title="bbox 2007 4022 3660 4105; baseline 0.002 -23"><span class='ocrx_word' id='word_1_622' title='bbox 2007 4022 2413 4101; x_wconf 87' lang='lat' dir='ltr'><strong>acquiescere.</strong></span> <span class='ocrx_word' id='word_1_623' title='bbox 2456 4023 2637 4100; x_wconf 83' lang='lat' dir='ltr'><strong>Igitur</strong></span> <span class='ocrx_word' id='word_1_624' title='bbox 2677 4022 2957 4081; x_wconf 83' lang='lat' dir='ltr'><strong>hesterno</strong></span> <span class='ocrx_word' id='word_1_625' title='bbox 2989 4041 3022 4082; x_wconf 89' lang='lat' dir='ltr'><strong>a</strong></span> <span class='ocrx_word' id='word_1_626' title='bbox 3073 4031 3129 4081; x_wconf 92' lang='lat' dir='ltr'><strong>te</strong></span> <span class='ocrx_word' id='word_1_627' title='bbox 3167 4022 3405 4085; x_wconf 87' lang='lat' dir='ltr'><strong>habitus</strong></span> <span class='ocrx_word' id='word_1_628' title='bbox 3435 4043 3660 4105; x_wconf 87' lang='lat' dir='ltr'><strong>sermo,</strong></span> 
     </span>
    </p>
   </div>
   <div class='ocr_carea' id='block_1_60' title="bbox 2011 4111 3662 4192">
    <p class='ocr_par' dir='ltr' id='par_1_60' title="bbox 2011 4111 3662 4192">
     <span class='ocr_line' id='line_1_60' title="bbox 2011 4111 3662 4192; baseline 0.001 -21"><span class='ocrx_word' id='word_1_629' title='bbox 2011 4113 2110 4191; x_wconf 92' lang='lat' dir='ltr'><strong>qui</strong></span> <span class='ocrx_word' id='word_1_630' title='bbox 2134 4111 2434 4173; x_wconf 86' lang='lat' dir='ltr'><strong>asserebat</strong></span> <span class='ocrx_word' id='word_1_631' title='bbox 2460 4112 2614 4192; x_wconf 89' lang='lat' dir='ltr'><strong>quod</strong></span> <span class='ocrx_word' id='word_1_632' title='bbox 2639 4119 2764 4171; x_wconf 86' lang='lat' dir='ltr'><strong>arte</strong></span> <span class='ocrx_word' id='word_1_633' title='bbox 2785 4119 2844 4171; x_wconf 89' lang='lat' dir='ltr'><strong>et</strong></span> <span class='ocrx_word' id='word_1_634' title='bbox 2870 4129 3148 4171; x_wconf 89' lang='lat' dir='ltr'><strong>mensura</strong></span> <span class='ocrx_word' id='word_1_635' title='bbox 3177 4121 3234 4171; x_wconf 91' lang='lat' dir='ltr'><strong>et</strong></span> <span class='ocrx_word' id='word_1_636' title='bbox 3256 4114 3485 4172; x_wconf 88' lang='lat' dir='ltr'><strong>ratione</strong></span> <span class='ocrx_word' id='word_1_637' title='bbox 3513 4133 3662 4173; x_wconf 81' lang='lat' dir='ltr'><strong>cun—</strong></span> 
     </span>
    </p>
   </div>
   <div class='ocr_carea' id='block_1_61' title="bbox 2013 4200 3666 4271">
    <p class='ocr_par' dir='ltr' id='par_1_61' title="bbox 2013 4200 3666 4271">
     <span class='ocr_line' id='line_1_61' title="bbox 2013 4200 3666 4271; baseline 0 -9"><span class='ocrx_word' id='word_1_638' title='bbox 2013 4210 2104 4262; x_wconf 90' lang='lat' dir='ltr'><strong>cta</strong></span> <span class='ocrx_word' id='word_1_639' title='bbox 2133 4209 2493 4263; x_wconf 89' lang='lat' dir='ltr'><strong>constarent.</strong></span> <span class='ocrx_word' id='word_1_640' title='bbox 2529 4219 2645 4260; x_wconf 91' lang='lat' dir='ltr'><strong>non</strong></span> <span class='ocrx_word' id='word_1_641' title='bbox 2671 4200 2837 4261; x_wconf 90' lang='lat' dir='ltr'><strong>valde</strong></span> <span class='ocrx_word' id='word_1_642' title='bbox 2874 4219 2966 4259; x_wconf 86' lang='lat' dir='ltr'><strong>me</strong></span> <span class='ocrx_word' id='word_1_643' title='bbox 2998 4210 3229 4271; x_wconf 83' lang='lat' dir='ltr'><strong>suadet,</strong></span> <span class='ocrx_word' id='word_1_644' title='bbox 3267 4211 3526 4263; x_wconf 81' lang='lat' dir='ltr'><strong>mentem</strong></span> <span class='ocrx_word' id='word_1_645' title='bbox 3575 4221 3666 4262; x_wconf 89' lang='lat' dir='ltr'><strong>ra-</strong></span> 
     </span>
    </p>
   </div>
   <div class='ocr_carea' id='block_1_62' title="bbox 2016 4288 3659 4371">
    <p class='ocr_par' dir='ltr' id='par_1_62' title="bbox 2016 4288 3659 4371">
     <span class='ocr_line' id='line_1_62' title="bbox 2016 4288 3659 4371; baseline 0 -21"><span class='ocrx_word' id='word_1_646' title='bbox 2016 4291 2359 4370; x_wconf 83' lang='lat' dir='ltr'><strong>tionemque</strong></span> <span class='ocrx_word' id='word_1_647' title='bbox 2383 4308 2515 4351; x_wconf 88' lang='lat' dir='ltr'><strong>esse</strong></span> <span class='ocrx_word' id='word_1_648' title='bbox 2535 4309 2664 4371; x_wconf 63' lang='lat' dir='ltr'><strong>quae</strong></span> <span class='ocrx_word' id='word_1_649' title='bbox 2683 4288 2889 4350; x_wconf 81' lang='lat' dir='ltr'><strong>fecerit</strong></span> <span class='ocrx_word' id='word_1_650' title='bbox 2916 4291 3221 4350; x_wconf 90' lang='lat' dir='ltr'><strong>mumdum</strong></span> <span class='ocrx_word' id='word_1_651' title='bbox 3252 4307 3267 4363; x_wconf 87' lang='lat'>;</span> <span class='ocrx_word' id='word_1_652' title='bbox 3298 4291 3482 4352; x_wconf 87' lang='lat' dir='ltr'><strong>multa</strong></span> <span class='ocrx_word' id='word_1_653' title='bbox 3499 4290 3659 4351; x_wconf 90' lang='lat' dir='ltr'><strong>enim</strong></span> 
     </span>
    </p>
   </div>
   <div class='ocr_carea' id='block_1_63' title="bbox 2017 4378 3666 4458">
    <p class='ocr_par' dir='ltr' id='par_1_63' title="bbox 2017 4378 3666 4458">
     <span class='ocr_line' id='line_1_63' title="bbox 2017 4378 3666 4458; baseline 0.001 -17"><span class='ocrx_word' id='word_1_654' title='bbox 2017 4379 2372 4458; x_wconf 71' lang='lat' dir='ltr'><strong>habeo,quze</strong></span> <span class='ocrx_word' id='word_1_655' title='bbox 2392 4379 2697 4440; x_wconf 88' lang='lat' dir='ltr'><strong>ostendam</strong></span> <span class='ocrx_word' id='word_1_656' title='bbox 2717 4378 3079 4458; x_wconf 89' lang='lat' dir='ltr'><strong>competenti</strong></span> <span class='ocrx_word' id='word_1_657' title='bbox 3097 4397 3376 4440; x_wconf 91' lang='lat' dir='ltr'><strong>mensura</strong></span> <span class='ocrx_word' id='word_1_658' title='bbox 3391 4399 3459 4440; x_wconf 90' lang='lat' dir='ltr'><strong>ac</strong></span> <span class='ocrx_word' id='word_1_659' title='bbox 3477 4380 3666 4443; x_wconf 87' lang='lat' dir='ltr'><strong>forma</strong></span> 
     </span>
    </p>
   </div>
   <div class='ocr_carea' id='block_1_64' title="bbox 291 4462 3664 4549">
    <p class='ocr_par' dir='ltr' id='par_1_64' title="bbox 291 4462 3664 4549">
     <span class='ocr_line' id='line_1_64' title="bbox 291 4462 3664 4549; baseline -0.001 -18"><span class='ocrx_word' id='word_1_660' title='bbox 291 4487 417 4531; x_wconf 87' lang='lat' dir='ltr'><strong>nes.</strong></span> <span class='ocrx_word' id='word_1_661' title='bbox 445 4466 612 4530; x_wconf 85' lang='lat' dir='ltr'><strong>Nunc</strong></span> <span class='ocrx_word' id='word_1_662' title='bbox 633 4485 773 4547; x_wconf 84' lang='lat' dir='ltr'><strong>ergo</strong></span> <span class='ocrx_word' id='word_1_663' title='bbox 798 4470 1086 4549; x_wconf 88' lang='lat' dir='ltr'><strong>quoniam</strong></span> <span class='ocrx_word' id='word_1_664' title='bbox 1114 4468 1395 4528; x_wconf 87' lang='lat' dir='ltr'><strong>hesterno</strong></span> <span class='ocrx_word' id='word_1_665' title='bbox 1419 4463 1518 4526; x_wconf 86' lang='lat' dir='ltr'><strong>die</strong></span> <span class='ocrx_word' id='word_1_666' title='bbox 1541 4464 1751 4526; x_wconf 80' lang='lat' dir='ltr'><strong>Niceta</strong></span> <span class='ocrx_word' id='word_1_667' title='bbox 1773 4462 1932 4524; x_wconf 74' lang='lat' dir='ltr'><strong>sufﬁ-</strong></span> <span class='ocrx_word' id='word_1_668' title='bbox 1956 4487 1999 4538; x_wconf 72' lang='grc' dir='ltr'>β</span> <span class='ocrx_word' id='word_1_669' title='bbox 2018 4477 2073 4531; x_wconf 90' lang='lat' dir='ltr'><strong>et</strong></span> <span class='ocrx_word' id='word_1_670' title='bbox 2090 4470 2291 4549; x_wconf 90' lang='lat' dir='ltr'><strong>specie</strong></span> <span class='ocrx_word' id='word_1_671' title='bbox 2316 4478 2612 4543; x_wconf 89' lang='lat' dir='ltr'><strong>constare,</strong></span> <span class='ocrx_word' id='word_1_672' title='bbox 2642 4486 2753 4530; x_wconf 89' lang='lat' dir='ltr'><strong>nec</strong></span> <span class='ocrx_word' id='word_1_673' title='bbox 2778 4477 2974 4529; x_wconf 90' lang='lat' dir='ltr'><strong>tamen</strong></span> <span class='ocrx_word' id='word_1_674' title='bbox 2999 4486 3104 4548; x_wconf 90' lang='lat' dir='ltr'><strong>per</strong></span> <span class='ocrx_word' id='word_1_675' title='bbox 3127 4477 3386 4530; x_wconf 89' lang='lat' dir='ltr'><strong>mentem</strong></span> <span class='ocrx_word' id='word_1_676' title='bbox 3425 4470 3664 4530; x_wconf 88' lang='lat' dir='ltr'><strong>condita</strong></span> 
     </span>
    </p>
   </div>
   <div class='ocr_carea' id='block_1_65' title="bbox 289 4553 1934 4633">
    <p class='ocr_par' dir='ltr' id='par_1_65' title="bbox 289 4553 1934 4633">
     <span class='ocr_line' id='line_1_65' title="bbox 289 4553 1934 4633; baseline -0.005 -12"><span class='ocrx_word' id='word_1_677' title='bbox 289 4558 519 4621; x_wconf 90' lang='lat' dir='ltr'><strong>cienter</strong></span> <span class='ocrx_word' id='word_1_678' title='bbox 536 4559 840 4632; x_wconf 90' lang='lat' dir='ltr'><strong>disseruit,</strong></span> <span class='ocrx_word' id='word_1_679' title='bbox 869 4558 1047 4620; x_wconf 90' lang='lat' dir='ltr'><strong>hodie</strong></span> <span class='ocrx_word' id='word_1_680' title='bbox 1069 4574 1408 4618; x_wconf 89' lang='lat' dir='ltr'><strong>sermonem</strong></span> <span class='ocrx_word' id='word_1_681' title='bbox 1435 4555 1605 4617; x_wconf 89' lang='lat' dir='ltr'><strong>faciat</strong></span> <span class='ocrx_word' id='word_1_682' title='bbox 1633 4553 1934 4633; x_wconf 84' lang='lat' dir='ltr'><strong>Aquila,et</strong></span> 
     </span>
    </p>
   </div>
   <div class='ocr_carea' id='block_1_66' title="bbox 289 4645 1934 4729">
    <p class='ocr_par' dir='ltr' id='par_1_66' title="bbox 289 4645 1934 4729">
     <span class='ocr_line' id='line_1_66' title="bbox 289 4645 1934 4729; baseline -0.004 -20"><span class='ocrx_word' id='word_1_683' title='bbox 289 4658 426 4729; x_wconf 90' lang='lat' dir='ltr'><strong>post</strong></span> <span class='ocrx_word' id='word_1_684' title='bbox 446 4647 719 4726; x_wconf 84' lang='lat' dir='ltr'><strong>Aquilam</strong></span> <span class='ocrx_word' id='word_1_685' title='bbox 737 4645 1190 4722; x_wconf 86' lang='lat' dir='ltr'><strong>Clemens,inde</strong></span> <span class='ocrx_word' id='word_1_686' title='bbox 1214 4645 1401 4726; x_wconf 85' lang='lat' dir='ltr'><strong>ego,si</strong></span> <span class='ocrx_word' id='word_1_687' title='bbox 1415 4654 1610 4705; x_wconf 86' lang='lat' dir='ltr'><strong>tamen</strong></span> <span class='ocrx_word' id='word_1_688' title='bbox 1634 4647 1811 4704; x_wconf 90' lang='lat' dir='ltr'><strong>etiam</strong></span> <span class='ocrx_word' id='word_1_689' title='bbox 1840 4661 1934 4703; x_wconf 89' lang='lat' dir='ltr'><strong>me</strong></span> 
     </span>
    </p>
   </div>
   <div class='ocr_carea' id='block_1_67' title="bbox 290 4733 1934 4818">
    <p class='ocr_par' dir='ltr' id='par_1_67' title="bbox 290 4733 1934 4818">
     <span class='ocr_line' id='line_1_67' title="bbox 290 4733 1934 4818; baseline -0.004 -18"><span class='ocrx_word' id='word_1_690' title='bbox 290 4757 390 4800; x_wconf 88' lang='lat' dir='ltr'><strong>res</strong></span> <span class='ocrx_word' id='word_1_691' title='bbox 406 4736 974 4818; x_wconf 74' lang='lat' dir='ltr'><strong>poposceritaliquid</strong></span> <span class='ocrx_word' id='word_1_692' title='bbox 992 4736 1242 4799; x_wconf 88' lang='lat' dir='ltr'><strong>addere.</strong></span> <span class='ocrx_word' id='word_1_693' title='bbox 1259 4733 1641 4797; x_wconf 87' lang='lat' dir='ltr'><strong>Intereadum</strong></span> <span class='ocrx_word' id='word_1_694' title='bbox 1659 4733 1934 4811; x_wconf 86' lang='lat' dir='ltr'><strong>hujusce-</strong></span> 
     </span>
    </p>
   </div>
   <div class='ocr_carea' id='block_1_68' title="bbox 291 4823 1935 4902">
    <p class='ocr_par' dir='ltr' id='par_1_68' title="bbox 291 4823 1935 4902">
     <span class='ocr_line' id='line_1_68' title="bbox 291 4823 1935 4902; baseline -0.003 -14"><span class='ocrx_word' id='word_1_695' title='bbox 291 4828 456 4888; x_wconf 90' lang='lat' dir='ltr'><strong>modi</strong></span> <span class='ocrx_word' id='word_1_696' title='bbox 476 4845 784 4890; x_wconf 87' lang='lat' dir='ltr'><strong>sermones</strong></span> <span class='ocrx_word' id='word_1_697' title='bbox 799 4828 1104 4902; x_wconf 68' lang='lat' dir='ltr'><strong>caadimus,</strong></span> <span class='ocrx_word' id='word_1_698' title='bbox 1123 4826 1196 4886; x_wconf 85' lang='lat' dir='ltr'><strong>ad</strong></span> <span class='ocrx_word' id='word_1_699' title='bbox 1211 4825 1454 4886; x_wconf 64' lang='lat' dir='ltr'><strong>domum</strong></span> <span class='ocrx_word' id='word_1_700' title='bbox 1470 4832 1707 4885; x_wconf 84' lang='lat' dir='ltr'><strong>ventum</strong></span> <span class='ocrx_word' id='word_1_701' title='bbox 1733 4830 1825 4884; x_wconf 90' lang='lat' dir='ltr'><strong>est</strong></span> <span class='ocrx_word' id='word_1_702' title='bbox 1852 4823 1935 4883; x_wconf 81' lang='lat' dir='ltr'><strong>in-</strong></span> 
     </span>
    </p>
   </div>
   <div class='ocr_carea' id='block_1_69' title="bbox 291 4913 1934 4999">
    <p class='ocr_par' dir='ltr' id='par_1_69' title="bbox 291 4913 1934 4999">
     <span class='ocr_line' id='line_1_69' title="bbox 291 4913 1934 4999; baseline -0.004 -21"><span class='ocrx_word' id='word_1_703' title='bbox 291 4936 410 4999; x_wconf 88' lang='lat' dir='ltr'><strong>qua</strong></span> <span class='ocrx_word' id='word_1_704' title='bbox 427 4917 762 4997; x_wconf 88' lang='lat' dir='ltr'><strong>suscipiens</strong></span> <span class='ocrx_word' id='word_1_705' title='bbox 782 4935 892 4980; x_wconf 92' lang='lat' dir='ltr'><strong>nos</strong></span> <span class='ocrx_word' id='word_1_706' title='bbox 917 4914 1361 4998; x_wconf 91' lang='lat' dir='ltr'><strong>paterfamilias,</strong></span> <span class='ocrx_word' id='word_1_707' title='bbox 1387 4913 1709 4975; x_wconf 82' lang='lat' dir='ltr'><strong>introducit</strong></span> <span class='ocrx_word' id='word_1_708' title='bbox 1736 4913 1810 4973; x_wconf 87' lang='lat' dir='ltr'><strong>ad</strong></span> <span class='ocrx_word' id='word_1_709' title='bbox 1843 4914 1934 4973; x_wconf 87' lang='lat' dir='ltr'><strong>lo-</strong></span> 
     </span>
    </p>
   </div>
   <div class='ocr_carea' id='block_1_70' title="bbox 292 5001 1934 5086">
    <p class='ocr_par' dir='ltr' id='par_1_70' title="bbox 292 5001 1934 5086">
     <span class='ocr_line' id='line_1_70' title="bbox 292 5001 1934 5086; baseline -0.004 -18"><span class='ocrx_word' id='word_1_710' title='bbox 292 5025 429 5068; x_wconf 88' lang='lat' dir='ltr'><strong>cum</strong></span> <span class='ocrx_word' id='word_1_711' title='bbox 453 5009 769 5086; x_wconf 90' lang='lat' dir='ltr'><strong>quemdam</strong></span> <span class='ocrx_word' id='word_1_712' title='bbox 803 5007 864 5068; x_wconf 91' lang='lat' dir='ltr'><strong>in</strong></span> <span class='ocrx_word' id='word_1_713' title='bbox 889 5005 1340 5068; x_wconf 87' lang='lat' dir='ltr'><strong>similitudinem</strong></span> <span class='ocrx_word' id='word_1_714' title='bbox 1374 5003 1586 5065; x_wconf 90' lang='lat' dir='ltr'><strong>theatri</strong></span> <span class='ocrx_word' id='word_1_715' title='bbox 1619 5001 1934 5064; x_wconf 90' lang='lat' dir='ltr'><strong>collectum</strong></span> 
     </span>
    </p>
   </div>
   <div class='ocr_carea' id='block_1_71' title="bbox 294 5091 1939 5176">
    <p class='ocr_par' dir='ltr' id='par_1_71' title="bbox 294 5091 1939 5176">
     <span class='ocr_line' id='line_1_71' title="bbox 294 5091 1939 5176; baseline -0.002 -20"><span class='ocrx_word' id='word_1_716' title='bbox 294 5105 356 5156; x_wconf 90' lang='lat' dir='ltr'><strong>et</strong></span> <span class='ocrx_word' id='word_1_717' title='bbox 395 5098 641 5176; x_wconf 86' lang='lat' dir='ltr'><strong>pulchre</strong></span> <span class='ocrx_word' id='word_1_718' title='bbox 683 5096 1144 5173; x_wconf 60' lang='lat' dir='ltr'><strong>exaedificatum,</strong></span> <span class='ocrx_word' id='word_1_719' title='bbox 1170 5093 1228 5154; x_wconf 91' lang='lat' dir='ltr'><strong>in</strong></span> <span class='ocrx_word' id='word_1_720' title='bbox 1260 5112 1375 5174; x_wconf 92' lang='lat' dir='ltr'><strong>quo</strong></span> <span class='ocrx_word' id='word_1_721' title='bbox 1409 5091 1610 5154; x_wconf 88' lang='lat' dir='ltr'><strong>turbas</strong></span> <span class='ocrx_word' id='word_1_722' title='bbox 1658 5092 1939 5172; x_wconf 84' lang='lat' dir='ltr'><strong>plurimas</strong></span> 
     </span>
    </p>
   </div>
   <div class='ocr_carea' id='block_1_72' title="bbox 295 5181 1942 5266">
    <p class='ocr_par' dir='ltr' id='par_1_72' title="bbox 295 5181 1942 5266">
     <span class='ocr_line' id='line_1_72' title="bbox 295 5181 1942 5266; baseline -0.002 -20"><span class='ocrx_word' id='word_1_723' title='bbox 295 5204 366 5246; x_wconf 84' lang='lat' dir='ltr'><strong>ex</strong></span> <span class='ocrx_word' id='word_1_724' title='bbox 390 5194 659 5266; x_wconf 89' lang='lat' dir='ltr'><strong>tempore</strong></span> <span class='ocrx_word' id='word_1_725' title='bbox 690 5184 883 5247; x_wconf 87' lang='lat' dir='ltr'><strong>noctis</strong></span> <span class='ocrx_word' id='word_1_726' title='bbox 902 5201 1078 5266; x_wconf 84' lang='lat' dir='ltr'><strong>oppei</strong></span> <span class='ocrx_word' id='word_1_727' title='bbox 1095 5182 1286 5244; x_wconf 88' lang='lat' dir='ltr'><strong>ientes</strong></span> <span class='ocrx_word' id='word_1_728' title='bbox 1303 5201 1409 5243; x_wconf 90' lang='lat' dir='ltr'><strong>nos</strong></span> <span class='ocrx_word' id='word_1_729' title='bbox 1424 5181 1942 5260; x_wconf 89' lang='lat' dir='ltr'><strong>reperimus,inter</strong></span> 
     </span>
    </p>
   </div>
   <div class='ocr_carea' id='block_1_73' title="bbox 294 5270 1938 5357">
    <p class='ocr_par' dir='ltr' id='par_1_73' title="bbox 294 5270 1938 5357">
     <span class='ocr_line' id='line_1_73' title="bbox 294 5270 1938 5357; baseline -0.001 -21"><span class='ocrx_word' id='word_1_730' title='bbox 294 5293 448 5356; x_wconf 88' lang='lat' dir='ltr'><strong>quos</strong></span> <span class='ocrx_word' id='word_1_731' title='bbox 479 5284 537 5337; x_wconf 90' lang='lat' dir='ltr'><strong>et</strong></span> <span class='ocrx_word' id='word_1_732' title='bbox 564 5293 748 5336; x_wconf 82' lang='lat' dir='ltr'><strong>senex</strong></span> <span class='ocrx_word' id='word_1_733' title='bbox 788 5274 889 5357; x_wconf 89' lang='lat' dir='ltr'><strong>qui</strong></span> <span class='ocrx_word' id='word_1_734' title='bbox 925 5273 1116 5356; x_wconf 89' lang='lat' dir='ltr'><strong>pridie</strong></span> <span class='ocrx_word' id='word_1_735' title='bbox 1149 5273 1460 5334; x_wconf 89' lang='lat' dir='ltr'><strong>nobiscum</strong></span> <span class='ocrx_word' id='word_1_736' title='bbox 1508 5270 1938 5350; x_wconf 89' lang='lat' dir='ltr'><strong>disputaverat.</strong></span> 
     </span>
    </p>
   </div>
   <div class='ocr_carea' id='block_1_74' title="bbox 295 5360 1940 5444">
    <p class='ocr_par' dir='ltr' id='par_1_74' title="bbox 295 5360 1940 5444">
     <span class='ocr_line' id='line_1_74' title="bbox 295 5360 1940 5444; baseline -0.003 -18"><span class='ocrx_word' id='word_1_737' title='bbox 295 5363 501 5444; x_wconf 83' lang='lat' dir='ltr'><strong>Itaque</strong></span> <span class='ocrx_word' id='word_1_738' title='bbox 518 5364 779 5426; x_wconf 90' lang='lat' dir='ltr'><strong>medium</strong></span> <span class='ocrx_word' id='word_1_739' title='bbox 805 5364 1095 5427; x_wconf 85' lang='lat' dir='ltr'><strong>habentes</strong></span> <span class='ocrx_word' id='word_1_740' title='bbox 1110 5360 1352 5423; x_wconf 80' lang='lat' dir='ltr'><strong>Petrum</strong></span> <span class='ocrx_word' id='word_1_741' title='bbox 1381 5360 1746 5438; x_wconf 87' lang='lat' dir='ltr'><strong>ingredimur</strong></span> <span class='ocrx_word' id='word_1_742' title='bbox 1767 5361 1940 5421; x_wconf 90' lang='lat' dir='ltr'><strong>etiam</strong></span> 
     </span>
    </p>
   </div>
   <div class='ocr_carea' id='block_1_75' title="bbox 302 5451 1943 5535">
    <p class='ocr_par' dir='ltr' id='par_1_75' title="bbox 302 5451 1943 5535">
     <span class='ocr_line' id='line_1_75' title="bbox 302 5451 1943 5535; baseline -0.004 -20"><span class='ocrx_word' id='word_1_743' title='bbox 302 5471 433 5528; x_wconf 85' lang='lat' dir='ltr'><strong>nos,</strong></span> <span class='ocrx_word' id='word_1_744' title='bbox 458 5454 1010 5535; x_wconf 79' lang='lat' dir='ltr'><strong>circumspicientes</strong></span> <span class='ocrx_word' id='word_1_745' title='bbox 1039 5451 1231 5514; x_wconf 83' lang='lat' dir='ltr'><strong>sicubi</strong></span> <span class='ocrx_word' id='word_1_746' title='bbox 1264 5466 1650 5511; x_wconf 87' lang='lat' dir='ltr'><strong>cerneremus</strong></span> <span class='ocrx_word' id='word_1_747' title='bbox 1692 5466 1898 5510; x_wconf 91' lang='lat' dir='ltr'><strong>senem</strong></span> <span class='ocrx_word' id='word_1_748' title='bbox 1927 5471 1943 5526; x_wconf 89' lang='lat'><strong>;</strong></span> 
     </span>
    </p>
   </div>
   <div class='ocr_carea' id='block_1_76' title="bbox 301 5538 1944 5624">
    <p class='ocr_par' dir='ltr' id='par_1_76' title="bbox 301 5538 1944 5624">
     <span class='ocr_line' id='line_1_76' title="bbox 301 5538 1944 5624; baseline -0.003 -19"><span class='ocrx_word' id='word_1_749' title='bbox 301 5563 477 5624; x_wconf 87' lang='lat' dir='ltr'><strong>quem</strong></span> <span class='ocrx_word' id='word_1_750' title='bbox 507 5545 670 5624; x_wconf 92' lang='lat' dir='ltr'><strong>prior</strong></span> <span class='ocrx_word' id='word_1_751' title='bbox 715 5548 921 5606; x_wconf 84' lang='lat' dir='ltr'><strong>Petrus</strong></span> <span class='ocrx_word' id='word_1_752' title='bbox 943 5541 1152 5604; x_wconf 87' lang='lat' dir='ltr'><strong>videns</strong></span> <span class='ocrx_word' id='word_1_753' title='bbox 1179 5542 1238 5602; x_wconf 89' lang='lat' dir='ltr'><strong>in</strong></span> <span class='ocrx_word' id='word_1_754' title='bbox 1269 5539 1466 5601; x_wconf 91' lang='lat' dir='ltr'><strong>medio</strong></span> <span class='ocrx_word' id='word_1_755' title='bbox 1491 5538 1678 5600; x_wconf 73' lang='lat' dir='ltr'><strong>turbae</strong></span> <span class='ocrx_word' id='word_1_756' title='bbox 1708 5539 1944 5600; x_wconf 88' lang='lat' dir='ltr'><strong>latitan-</strong></span> 
     </span>
    </p>
   </div>
   <div class='ocr_carea' id='block_1_77' title="bbox 2014 4557 3664 4640">
    <p class='ocr_par' dir='ltr' id='par_1_77' title="bbox 2014 4557 3664 4640">
     <span class='ocr_line' id='line_1_77' title="bbox 2014 4557 3664 4640; baseline -0.001 -19"><span class='ocrx_word' id='word_1_757' title='bbox 2014 4577 2082 4621; x_wconf 90' lang='lat' dir='ltr'><strong>ac</strong></span> <span class='ocrx_word' id='word_1_758' title='bbox 2114 4557 2431 4620; x_wconf 90' lang='lat' dir='ltr'><strong>rationem.</strong></span> <span class='ocrx_word' id='word_1_759' title='bbox 2458 4557 2610 4620; x_wconf 92' lang='lat' dir='ltr'><strong>Tum</strong></span> <span class='ocrx_word' id='word_1_760' title='bbox 2629 4567 2913 4640; x_wconf 58' lang='lat' dir='ltr'><strong>praeterea</strong></span> <span class='ocrx_word' id='word_1_761' title='bbox 2941 4559 3109 4617; x_wconf 90' lang='lat' dir='ltr'><strong>video</strong></span> <span class='ocrx_word' id='word_1_762' title='bbox 3139 4558 3664 4636; x_wconf 79' lang='lat' dir='ltr'><strong>multaincondite,</strong></span> 
     </span>
    </p>
   </div>
   <div class='ocr_carea' id='block_1_78' title="bbox 2017 4646 3668 4728">
    <p class='ocr_par' dir='ltr' id='par_1_78' title="bbox 2017 4646 3668 4728">
     <span class='ocr_line' id='line_1_78' title="bbox 2017 4646 3668 4728; baseline 0.001 -20"><span class='ocrx_word' id='word_1_763' title='bbox 2017 4649 2544 4728; x_wconf 88' lang='lat' dir='ltr'><strong>inconsequenter,</strong></span> <span class='ocrx_word' id='word_1_764' title='bbox 2579 4648 2804 4728; x_wconf 88' lang='lat' dir='ltr'><strong>injuste</strong></span> <span class='ocrx_word' id='word_1_765' title='bbox 2831 4647 2956 4724; x_wconf 87' lang='lat' dir='ltr'><strong>geri</strong></span> <span class='ocrx_word' id='word_1_766' title='bbox 2980 4647 3037 4707; x_wconf 93' lang='lat' dir='ltr'><strong>in</strong></span> <span class='ocrx_word' id='word_1_767' title='bbox 3066 4646 3310 4721; x_wconf 85' lang='lat' dir='ltr'><strong>mundo,</strong></span> <span class='ocrx_word' id='word_1_768' title='bbox 3339 4656 3397 4709; x_wconf 90' lang='lat' dir='ltr'><strong>et</strong></span> <span class='ocrx_word' id='word_1_769' title='bbox 3420 4649 3549 4709; x_wconf 90' lang='lat' dir='ltr'><strong>sine</strong></span> <span class='ocrx_word' id='word_1_770' title='bbox 3570 4666 3668 4727; x_wconf 85' lang='lat' dir='ltr'><strong>ge-</strong></span> 
     </span>
    </p>
   </div>
   <div class='ocr_carea' id='block_1_79' title="bbox 2018 4737 3671 4816">
    <p class='ocr_par' dir='ltr' id='par_1_79' title="bbox 2018 4737 3671 4816">
     <span class='ocr_line' id='line_1_79' title="bbox 2018 4737 3671 4816; baseline 0 -17"><span class='ocrx_word' id='word_1_771' title='bbox 2018 4738 2180 4799; x_wconf 89' lang='lat' dir='ltr'><strong>nesis</strong></span> <span class='ocrx_word' id='word_1_772' title='bbox 2211 4755 2385 4798; x_wconf 89' lang='lat' dir='ltr'><strong>cursu</strong></span> <span class='ocrx_word' id='word_1_773' title='bbox 2443 4738 2587 4799; x_wconf 89' lang='lat' dir='ltr'><strong>nihil</strong></span> <span class='ocrx_word' id='word_1_774' title='bbox 2622 4737 2752 4798; x_wconf 88' lang='lat' dir='ltr'><strong>lieri</strong></span> <span class='ocrx_word' id='word_1_775' title='bbox 2813 4754 3034 4815; x_wconf 86' lang='lat' dir='ltr'><strong>posse;</strong></span> <span class='ocrx_word' id='word_1_776' title='bbox 3071 4737 3230 4815; x_wconf 88' lang='lat' dir='ltr'><strong>quod</strong></span> <span class='ocrx_word' id='word_1_777' title='bbox 3289 4747 3417 4816; x_wconf 85' lang='lat' dir='ltr'><strong>post</strong></span> <span class='ocrx_word' id='word_1_778' title='bbox 3469 4745 3671 4799; x_wconf 88' lang='lat' dir='ltr'><strong>omnia</strong></span> 
     </span>
    </p>
   </div>
   <div class='ocr_carea' id='block_1_80' title="bbox 2019 4823 3488 4908">
    <p class='ocr_par' dir='ltr' id='par_1_80' title="bbox 2019 4823 3488 4908">
     <span class='ocr_line' id='line_1_80' title="bbox 2019 4823 3488 4908; baseline -0.001 -19"><span class='ocrx_word' id='word_1_779' title='bbox 2019 4827 2193 4889; x_wconf 86' lang='lat' dir='ltr'><strong>etiam</strong></span> <span class='ocrx_word' id='word_1_780' title='bbox 2221 4847 2290 4888; x_wconf 87' lang='lat' dir='ltr'><strong>ex</strong></span> <span class='ocrx_word' id='word_1_781' title='bbox 2326 4845 2421 4888; x_wconf 91' lang='lat' dir='ltr'><strong>me</strong></span> <span class='ocrx_word' id='word_1_782' title='bbox 2447 4827 2573 4908; x_wconf 91' lang='lat' dir='ltr'><strong>ipso</strong></span> <span class='ocrx_word' id='word_1_783' title='bbox 2611 4845 2665 4885; x_wconf 91' lang='lat' dir='ltr'><strong>m</strong></span> <span class='ocrx_word' id='word_1_784' title='bbox 2687 4823 3092 4886; x_wconf 75' lang='lat' dir='ltr'><strong>inifestissime</strong></span> <span class='ocrx_word' id='word_1_785' title='bbox 3124 4827 3488 4906; x_wconf 89' lang='lat' dir='ltr'><strong>approbabo.</strong></span> 
     </span>
    </p>
   </div>
   <div class='ocr_carea' id='block_1_81' title="bbox 2103 4914 3669 4997">
    <p class='ocr_par' dir='ltr' id='par_1_81' title="bbox 2103 4914 3669 4997">
     <span class='ocr_line' id='line_1_81' title="bbox 2103 4914 3669 4997; baseline 0.001 -20"><span class='ocrx_word' id='word_1_786' title='bbox 2103 4917 2250 4979; x_wconf 85' lang='lat' dir='ltr'><strong>XLI.</strong></span> <span class='ocrx_word' id='word_1_787' title='bbox 2280 4915 2416 4980; x_wconf 68' lang='lat' dir='ltr'><strong>Haec</strong></span> <span class='ocrx_word' id='word_1_788' title='bbox 2436 4934 2570 4976; x_wconf 87' lang='lat' dir='ltr'><strong>cum</strong></span> <span class='ocrx_word' id='word_1_789' title='bbox 2603 4933 2782 4976; x_wconf 84' lang='lat' dir='ltr'><strong>senex</strong></span> <span class='ocrx_word' id='word_1_790' title='bbox 2811 4914 3061 4995; x_wconf 83' lang='lat' dir='ltr'><strong>diceret,</strong></span> <span class='ocrx_word' id='word_1_791' title='bbox 3089 4915 3308 4992; x_wconf 82' lang='lat' dir='ltr'><strong>Aquila</strong></span> <span class='ocrx_word' id='word_1_792' title='bbox 3328 4915 3669 4997; x_wconf 89' lang='lat' dir='ltr'><strong>respondit:</strong></span> 
     </span>
    </p>
   </div>
   <div class='ocr_carea' id='block_1_82' title="bbox 2020 5005 3671 5086">
    <p class='ocr_par' dir='ltr' id='par_1_82' title="bbox 2020 5005 3671 5086">
     <span class='ocr_line' id='line_1_82' title="bbox 2020 5005 3671 5086; baseline 0 -20"><span class='ocrx_word' id='word_1_793' title='bbox 2020 5007 2306 5079; x_wconf 88' lang='lat' dir='ltr'><strong>Quoniam</strong></span> <span class='ocrx_word' id='word_1_794' title='bbox 2335 5007 2463 5084; x_wconf 91' lang='lat' dir='ltr'><strong>ipse</strong></span> <span class='ocrx_word' id='word_1_795' title='bbox 2489 5007 2860 5086; x_wconf 88' lang='lat' dir='ltr'><strong>proposuisti,</strong></span> <span class='ocrx_word' id='word_1_796' title='bbox 2886 5013 2946 5064; x_wconf 93' lang='lat' dir='ltr'><strong>ut</strong></span> <span class='ocrx_word' id='word_1_797' title='bbox 2968 5005 3040 5066; x_wconf 91' lang='lat' dir='ltr'><strong>ad</strong></span> <span class='ocrx_word' id='word_1_798' title='bbox 3067 5023 3136 5066; x_wconf 86' lang='lat' dir='ltr'><strong>ea</strong></span> <span class='ocrx_word' id='word_1_799' title='bbox 3152 5023 3283 5085; x_wconf 72' lang='lat' dir='ltr'><strong>quae</strong></span> <span class='ocrx_word' id='word_1_800' title='bbox 3306 5005 3540 5068; x_wconf 87' lang='lat' dir='ltr'><strong>diceres</strong></span> <span class='ocrx_word' id='word_1_801' title='bbox 3561 5007 3671 5067; x_wconf 84' lang='lat' dir='ltr'><strong>ha-</strong></span> 
     </span>
    </p>
   </div>
   <div class='ocr_carea' id='block_1_83' title="bbox 2022 5093 3673 5177">
    <p class='ocr_par' dir='ltr' id='par_1_83' title="bbox 2022 5093 3673 5177">
     <span class='ocr_line' id='line_1_83' title="bbox 2022 5093 3673 5177; baseline -0.002 -20"><span class='ocrx_word' id='word_1_802' title='bbox 2022 5097 2193 5158; x_wconf 88' lang='lat' dir='ltr'><strong>heret</strong></span> <span class='ocrx_word' id='word_1_803' title='bbox 2216 5096 2448 5177; x_wconf 82' lang='lat' dir='ltr'><strong>copiam</strong></span> <span class='ocrx_word' id='word_1_804' title='bbox 2475 5094 2904 5175; x_wconf 90' lang='lat' dir='ltr'><strong>respondendi,</strong></span> <span class='ocrx_word' id='word_1_805' title='bbox 2922 5093 3024 5174; x_wconf 90' lang='lat' dir='ltr'><strong>qui</strong></span> <span class='ocrx_word' id='word_1_806' title='bbox 3046 5094 3205 5176; x_wconf 91' lang='lat' dir='ltr'><strong>velit,</strong></span> <span class='ocrx_word' id='word_1_807' title='bbox 3230 5096 3508 5157; x_wconf 90' lang='lat' dir='ltr'><strong>concedit</strong></span> <span class='ocrx_word' id='word_1_808' title='bbox 3529 5095 3673 5157; x_wconf 90' lang='lat' dir='ltr'><strong>mihi</strong></span> 
     </span>
    </p>
   </div>
   <div class='ocr_carea' id='block_1_84' title="bbox 2022 5183 3671 5248">
    <p class='ocr_par' dir='ltr' id='par_1_84' title="bbox 2022 5183 3671 5248">
     <span class='ocr_line' id='line_1_84' title="bbox 2022 5183 3671 5248; baseline -0.001 -1"><span class='ocrx_word' id='word_1_809' title='bbox 2022 5187 2204 5248; x_wconf 88' lang='lat' dir='ltr'><strong>frater</strong></span> <span class='ocrx_word' id='word_1_810' title='bbox 2227 5205 2395 5247; x_wconf 90' lang='lat' dir='ltr'><strong>meus</strong></span> <span class='ocrx_word' id='word_1_811' title='bbox 2421 5184 2626 5246; x_wconf 88' lang='lat' dir='ltr'><strong>Niceta</strong></span> <span class='ocrx_word' id='word_1_812' title='bbox 2651 5183 2827 5245; x_wconf 90' lang='lat' dir='ltr'><strong>hodie</strong></span> <span class='ocrx_word' id='word_1_813' title='bbox 2854 5185 3049 5246; x_wconf 85' lang='lat' dir='ltr'><strong>facere</strong></span> <span class='ocrx_word' id='word_1_814' title='bbox 3073 5202 3440 5248; x_wconf 88' lang='lat' dir='ltr'><strong>sermonem.</strong></span> <span class='ocrx_word' id='word_1_815' title='bbox 3469 5183 3538 5246; x_wconf 88' lang='lat' dir='ltr'><strong>Et</strong></span> <span class='ocrx_word' id='word_1_816' title='bbox 3570 5202 3671 5246; x_wconf 86' lang='lat' dir='ltr'><strong>se-</strong></span> 
     </span>
    </p>
   </div>
   <div class='ocr_carea' id='block_1_85' title="bbox 2026 5273 3677 5356">
    <p class='ocr_par' dir='ltr' id='par_1_85' title="bbox 2026 5273 3677 5356">
     <span class='ocr_line' id='line_1_85' title="bbox 2026 5273 3677 5356; baseline -0.002 -18"><span class='ocrx_word' id='word_1_817' title='bbox 2026 5295 2136 5338; x_wconf 85' lang='lat' dir='ltr'><strong>nex</strong></span> <span class='ocrx_word' id='word_1_818' title='bbox 2167 5298 2179 5334; x_wconf 86' lang='lat'><strong>:</strong></span> <span class='ocrx_word' id='word_1_819' title='bbox 2206 5279 2598 5353; x_wconf 85' lang='lat' dir='ltr'><strong>Prosequere,</strong></span> <span class='ocrx_word' id='word_1_820' title='bbox 2630 5274 2731 5352; x_wconf 89' lang='lat' dir='ltr'><strong>ait,</strong></span> <span class='ocrx_word' id='word_1_821' title='bbox 2766 5273 2870 5351; x_wconf 89' lang='lat' dir='ltr'><strong>lili,</strong></span> <span class='ocrx_word' id='word_1_822' title='bbox 2897 5283 2958 5335; x_wconf 94' lang='lat' dir='ltr'><strong>ut</strong></span> <span class='ocrx_word' id='word_1_823' title='bbox 2984 5275 3093 5334; x_wconf 90' lang='lat' dir='ltr'><strong>vis.</strong></span> <span class='ocrx_word' id='word_1_824' title='bbox 3122 5273 3416 5356; x_wconf 86' lang='lat' dir='ltr'><strong>EtAquila</strong></span> <span class='ocrx_word' id='word_1_825' title='bbox 3432 5292 3677 5354; x_wconf 88' lang='lat' dir='ltr'><strong>respon-</strong></span> 
     </span>
    </p>
   </div>
   <div class='ocr_carea' id='block_1_86' title="bbox 2026 5362 3677 5442">
    <p class='ocr_par' dir='ltr' id='par_1_86' title="bbox 2026 5362 3677 5442">
     <span class='ocr_line' id='line_1_86' title="bbox 2026 5362 3677 5442; baseline -0.001 -16"><span class='ocrx_word' id='word_1_826' title='bbox 2026 5365 2113 5428; x_wconf 87' lang='lat' dir='ltr'><strong>dit</strong></span> <span class='ocrx_word' id='word_1_827' title='bbox 2146 5388 2159 5424; x_wconf 88' lang='lat'><strong>:</strong></span> <span class='ocrx_word' id='word_1_828' title='bbox 2197 5364 2528 5427; x_wconf 87' lang='lat' dir='ltr'><strong>Promisisti</strong></span> <span class='ocrx_word' id='word_1_829' title='bbox 2578 5364 2733 5442; x_wconf 87' lang='lat' dir='ltr'><strong>quod</strong></span> <span class='ocrx_word' id='word_1_830' title='bbox 2793 5362 3146 5425; x_wconf 89' lang='lat' dir='ltr'><strong>ostenderes</strong></span> <span class='ocrx_word' id='word_1_831' title='bbox 3201 5365 3382 5425; x_wconf 85' lang='lat' dir='ltr'><strong>multa</strong></span> <span class='ocrx_word' id='word_1_832' title='bbox 3441 5381 3572 5425; x_wconf 89' lang='lat' dir='ltr'><strong>esse</strong></span> <span class='ocrx_word' id='word_1_833' title='bbox 3619 5365 3677 5424; x_wconf 91' lang='lat' dir='ltr'><strong>in</strong></span> 
     </span>
    </p>
   </div>
   <div class='ocr_carea' id='block_1_87' title="bbox 2028 5453 3677 5536">
    <p class='ocr_par' dir='ltr' id='par_1_87' title="bbox 2028 5453 3677 5536">
     <span class='ocr_line' id='line_1_87' title="bbox 2028 5453 3677 5536; baseline -0.004 -18"><span class='ocrx_word' id='word_1_834' title='bbox 2028 5457 2279 5536; x_wconf 91' lang='lat' dir='ltr'><strong>mundo,</strong></span> <span class='ocrx_word' id='word_1_835' title='bbox 2313 5473 2448 5532; x_wconf 64' lang='lat' dir='ltr'><strong>quae</strong></span> <span class='ocrx_word' id='word_1_836' title='bbox 2476 5454 2727 5516; x_wconf 89' lang='lat' dir='ltr'><strong>formam</strong></span> <span class='ocrx_word' id='word_1_837' title='bbox 2761 5469 2830 5515; x_wconf 89' lang='lat' dir='ltr'><strong>ac</strong></span> <span class='ocrx_word' id='word_1_838' title='bbox 2883 5453 3147 5533; x_wconf 90' lang='lat' dir='ltr'><strong>speciem</strong></span> <span class='ocrx_word' id='word_1_839' title='bbox 3180 5453 3394 5530; x_wconf 68' lang='lat' dir='ltr'><strong>aquali</strong></span> <span class='ocrx_word' id='word_1_840' title='bbox 3446 5453 3677 5514; x_wconf 90' lang='lat' dir='ltr'><strong>ratione</strong></span> 
     </span>
    </p>
   </div>
   <div class='ocr_carea' id='block_1_88' title="bbox 2030 5542 3679 5624">
    <p class='ocr_par' dir='ltr' id='par_1_88' title="bbox 2030 5542 3679 5624">
     <span class='ocr_line' id='line_1_88' title="bbox 2030 5542 3679 5624; baseline -0.002 -17"><span class='ocrx_word' id='word_1_841' title='bbox 2030 5546 2339 5608; x_wconf 90' lang='lat' dir='ltr'><strong>collectam</strong></span> <span class='ocrx_word' id='word_1_842' title='bbox 2369 5552 2598 5624; x_wconf 85' lang='lat' dir='ltr'><strong>gerant,</strong></span> <span class='ocrx_word' id='word_1_843' title='bbox 2623 5559 2755 5623; x_wconf 69' lang='lat' dir='ltr'><strong>quae</strong></span> <span class='ocrx_word' id='word_1_844' title='bbox 2782 5550 2979 5603; x_wconf 90' lang='lat' dir='ltr'><strong>tamen</strong></span> <span class='ocrx_word' id='word_1_845' title='bbox 3002 5552 3234 5604; x_wconf 88' lang='lat' dir='ltr'><strong>constet</strong></span> <span class='ocrx_word' id='word_1_846' title='bbox 3255 5559 3374 5605; x_wconf 90' lang='lat' dir='ltr'><strong>non</strong></span> <span class='ocrx_word' id='word_1_847' title='bbox 3397 5542 3548 5604; x_wconf 70' lang='grc' dir='ltr'><strong>θαὶεὶ</strong></span> <span class='ocrx_word' id='word_1_848' title='bbox 3573 5559 3679 5622; x_wconf 89' lang='lat' dir='ltr'><strong>per</strong></span> 
     </span>
    </p>
   </div>
   <div class='ocr_carea' id='block_1_89' title="bbox 301 5627 3676 5714">
    <p class='ocr_par' dir='ltr' id='par_1_89' title="bbox 301 5627 3676 5714">
     <span class='ocr_line' id='line_1_89' title="bbox 301 5627 3676 5714; baseline -0.001 -19"><span class='ocrx_word' id='word_1_849' title='bbox 301 5645 424 5695; x_wconf 89' lang='lat' dir='ltr'><strong>tem</strong></span> <span class='ocrx_word' id='word_1_850' title='bbox 446 5634 794 5696; x_wconf 86' lang='lat' dir='ltr'><strong>evocavitad</strong></span> <span class='ocrx_word' id='word_1_851' title='bbox 827 5651 912 5706; x_wconf 88' lang='lat' dir='ltr'><strong>se,</strong></span> <span class='ocrx_word' id='word_1_852' title='bbox 940 5631 1189 5694; x_wconf 88' lang='lat' dir='ltr'><strong>dicens:</strong></span> <span class='ocrx_word' id='word_1_853' title='bbox 1216 5630 1542 5693; x_wconf 87' lang='lat' dir='ltr'><strong>Clariorem</strong></span> <span class='ocrx_word' id='word_1_854' title='bbox 1583 5627 1784 5688; x_wconf 90' lang='lat' dir='ltr'><strong>multis</strong></span> <span class='ocrx_word' id='word_1_855' title='bbox 1813 5629 1946 5690; x_wconf 83' lang='lat' dir='ltr'><strong>ani-</strong></span> <span class='ocrx_word' id='word_1_856' title='bbox 2033 5636 2409 5698; x_wconf 85' lang='lat' dir='ltr'><strong>conditorem</strong></span> <span class='ocrx_word' id='word_1_857' title='bbox 2460 5635 2676 5695; x_wconf 87' lang='lat' dir='ltr'><strong>Deum.</strong></span> <span class='ocrx_word' id='word_1_858' title='bbox 2713 5628 2882 5694; x_wconf 87' lang='lat' dir='ltr'><strong>Nunc</strong></span> <span class='ocrx_word' id='word_1_859' title='bbox 2934 5651 3073 5711; x_wconf 89' lang='lat' dir='ltr'><strong>ergo</strong></span> <span class='ocrx_word' id='word_1_860' title='bbox 3119 5634 3275 5714; x_wconf 90' lang='lat' dir='ltr'><strong>quod</strong></span> <span class='ocrx_word' id='word_1_861' title='bbox 3329 5632 3676 5713; x_wconf 75' lang='lat' dir='ltr'><strong>promisisti,</strong></span> 
     </span>
    </p>
   </div>
  </div>
