4058 6206
421 288 570 352 1391
1265 285 1325 348 s.
1372 282 1807 348 CLEMENTIS
1847 280 1871 344 1
1916 283 2098 345 non.
2146 252 2371 344 pou'r.
2413 276 2660 344 oram
2704 279 2960 342 DUBIA.
3641 273 3795 338 1392

418 421 693 485 ostende.
717 419 789 482 Et
809 435 992 481 senex
1024 439 1038 478 :
1074 417 1264 479 Eccce
1295 435 1496 478 arcum
1526 417 1792 478 videmus
1825 417 1882 475 in
1916 415 2064 476 coelo
2092 426 2121 470 Α
2149 412 2367 474 liorum
2411 419 2648 476 textura
2679 421 2736 472 et
2787 411 2862 472 de
2896 412 3089 492 parvis
3133 412 3495 473 animalibus
3541 410 3803 490 colligis,

419 511 706 574 circulum
743 519 950 570 tenere
978 508 1140 568 omni
1182 525 1458 568 mensura
1487 507 1801 569 collectum
1836 507 1981 582 (76),
2012 513 2069 564 et
2149 503 2306 582 quod
2331 521 2399 564 ex
2419 501 2514 564 his
2536 501 2685 564 ﬁdes
2707 501 2888 564 etiam
2927 501 3277 564 melioribus
3305 501 3652 579 deroganda
3694 501 3805 580 sit;

422 598 643 662 habere.
668 599 931 678 speciem
957 595 1102 666 veri,
1127 613 1302 675 quam
1328 595 1597 657 fortassis
1614 614 1722 656 nec
1742 612 1910 654 mens
1928 612 2069 654 con-

424 689 567 750 dere
587 707 697 750 nec
719 685 1064 747 describere
1084 683 1234 745 ratio
1260 685 1569 763 potuisset,
1607 703 1713 746 nec
1749 692 1942 744 tamen
1974 683 2070 744 hic

425 780 499 839 ab
520 779 714 857 aliqua
731 783 928 835 mente
952 776 1034 833 ﬁt.
1065 773 1218 834 Ecce
1253 773 1308 833 in
1335 772 1504 835 brevi
1537 783 1722 835 totum
1760 771 2062 853 proposui,

425 867 723 946 responde
754 863 824 924 ad
859 865 1008 924 haec.

502 952 674 1016 XLII.
707 954 854 1015 Tum
909 954 1120 1033 Aquila
1165 973 1180 1012 :
1228 953 1357 1014 Non
1390 954 1697 1022 continuo,
1755 953 1970 1032 inquit,
2019 951 2065 1009 si

426 1045 565 1126 quid
597 1062 666 1104 ex
699 1053 830 1122 typo
864 1051 919 1102 et
947 1043 1137 1102 forma
1161 1042 1532 1122 exprimitur,
1557 1042 1612 1102 id
1647 1043 2004 1118 intelligitur
2035 1058 2065 1098 a

425 1133 655 1196 ratione
677 1149 811 1193 esse
829 1149 896 1191 ac
917 1131 1048 1191 sine
1067 1139 1263 1191 mente
1287 1147 1406 1192 non
1427 1131 1554 1191 ﬁeri
1579 1149 1775 1210 posse,
1790 1130 2066 1210 quoniam

427 1235 596 1304 typus
617 1221 746 1302 ipse
768 1219 868 1300 qui
891 1219 1168 1299 exprimit
1189 1221 1404 1298 figuras
1429 1237 1496 1280 ac
1521 1220 1763 1291 formas,
1800 1239 1914 1280 non
1938 1219 2068 1280 sine

428 1323 626 1375 mente
669 1312 855 1371 factus
887 1317 999 1372 est.
1056 1309 1239 1372 Verbi
1265 1328 1461 1388 causa,
1511 1327 1646 1370 cera
1695 1310 1746 1370 si
1799 1308 2068 1385 alligatur

427 1401 660 1481 sculpto
678 1403 921 1469 annulo,
946 1398 1266 1476 imaginem
1290 1399 1534 1474 quidem
1552 1409 1609 1458 et
1630 1400 1873 1475 ﬁguram
1891 1400 2067 1457 sumit

428 1511 498 1553 ex
527 1489 776 1562 annulo,
802 1489 906 1564 qui
930 1490 1060 1548 sine
1087 1488 1266 1548 dubio
1293 1507 1473 1550 sensu
1501 1499 1687 1562 caret,
1723 1491 1827 1549 sed
1869 1508 2068 1548 annu-

428 1583 521 1642 lus
542 1579 642 1660 qui
661 1577 941 1654 exprimit
969 1577 1252 1653 efﬁgiem,
1317 1598 1491 1638 manu
1525 1578 1769 1639 artiﬁcis
1804 1579 2070 1656 sculptus

429 1677 540 1742 est,
577 1678 635 1728 et
669 1684 837 1726 mens
870 1665 978 1725 fuit
1007 1684 1075 1726 ac
1106 1668 1276 1742 ratio,
1315 1686 1446 1747 qua:
1480 1678 1676 1746 typum
1713 1667 1889 1728 annul
1917 1709 1926 1724 ι
1962 1667 2069 1728 de-

2150 592 2253 652 sed
2278 610 2395 653 non
2411 601 2468 654 te
2484 592 2594 654 ista
2610 591 2936 672 decipiant,
2958 599 3021 651 ut
3042 599 3212 671 putes
3228 591 3394 672 quasi
3417 589 3652 651 duabus
3670 588 3816 650 solis

2153 682 2423 743 manibus
2441 691 2789 762 cperantem
2811 680 3000 743 Deum
3025 699 3141 741 non
3165 699 3338 761 posse
3353 681 3632 742 universa
3652 698 3810 740 com-

2156 771 2322 851 plere
2353 789 2488 850 quae
2515 772 2685 845 ﬁunt,
2717 772 2820 832 sed
2857 779 3160 832 memento
3190 769 3492 850 quomodo
3527 771 3815 830 hesterno
3869 787 3896 806 ο

2153 859 2260 922 tibi
2275 861 2462 923 frater
2482 879 2651 923 meus
2669 861 2875 924 Niceta
2885 860 3287 941 respondit,et
3313 859 3810 940 mysteriumante

2157 964 2391 1030 tempus
2419 952 2655 1030 aperuit
2686 969 2825 1012 vere
2857 951 3027 1031 quasi
3059 967 3196 1010 cum
3238 958 3404 1030 patre
3432 948 3713 1029 loquens,
3746 957 3807 1008 et

2152 1057 2260 1100 cur
2283 1047 2342 1100 et
2362 1040 2658 1118 quomodo
2682 1039 2967 1102 ﬁanthaac
2991 1036 3683 1116 quaeinutiliavideutur.
3706 1056 3804 1100 ex-

2158 1129 2373 1207 posuit.

2229 1215 2428 1279 XLIV.
2458 1216 2527 1278 Et
2545 1236 2727 1279 senex
2751 1237 2764 1278 :
2791 1218 2911 1280 Cur
2932 1217 3044 1278 ista
3068 1216 3299 1278 inutilia
3320 1215 3625 1278 voluntate
3650 1215 3808 1276 illius

2148 1321 2397 1368 summa;
2421 1308 2637 1368 mentis
2679 1307 2840 1386 ﬁant,
2872 1306 3046 1367 velim
3075 1326 3108 1366 a
3136 1315 3193 1367 te
3215 1306 3447 1366 audire.
3479 1305 3565 1375 Si,
3593 1304 3810 1386 inquit,

2155 1393 2385 1471 liquido
2417 1398 2590 1476 apud
2611 1405 2667 1457 te
2713 1403 2946 1458 constat
2969 1444 2983 1465 ,
3013 1396 3169 1475 quod
3202 1396 3418 1456 mentis
3450 1410 3510 1456 et
3561 1396 3817 1455 rationis

2154 1501 2306 1565 opus
2332 1485 2388 1544 in
2425 1485 2573 1562 ipsis
2595 1498 2711 1565 est,
2737 1494 2859 1546 tum
2894 1484 3136 1546 demur.
3170 1484 3275 1544 tibi
3307 1484 3482 1544 etiam
3515 1501 3627 1544 cur
3661 1483 3816 1544 facta

2155 1581 2317 1652 sunt,
2347 1573 2549 1634 dicere
2582 1593 2699 1635 non
2738 1575 2982 1654 pigebit
3007 1583 3065 1634 et
3109 1575 3263 1653 quod
3295 1576 3456 1651 juste
3486 1571 3644 1634 facta
3695 1571 3818 1634 sint

2155 1661 2550 1726 educere-Ad
2586 1665 2714 1724 haec
2759 1682 2942 1725 senex
2973 1663 3284 1743 respondit
3320 1683 3334 1722 :
3368 1663 3502 1724 Non
3532 1679 3811 1740 possum,

429 1759 538 1820 dit.
564 1756 650 1818 [ta
673 1775 812 1834 ergo
837 1769 892 1815 et
913 1773 1085 1816 arcus
1116 1742 1468 1834 exprimitur
1497 1742 1556 1816 in
1580 1775 1716 1816 aere
1745 1779 1759 1829 ;
1786 1757 1872 1816 sol
1909 1757 2067 1816 enim
2097 1742 2132 1788 Β
2156 1752 2261 1825 ﬁli,
2295 1771 2366 1814 ea
2395 1771 2528 1833 quae
2557 1753 2834 1815 videntur
2887 1771 2959 1816 ex
2990 1742 3117 1814 arte
3148 1753 3422 1822 formata,
3465 1750 3674 1812 dicere
3704 1768 3814 1831 per

433 1848 688 1909 nubibus
718 1844 1160 1906 rarescentibus
1200 1847 1401 1905 radios
1435 1864 1571 1905 suos
1606 1845 1978 1925 imprimens.
2015 1863 2073 1912 et

431 1932 670 1996 humori
699 1930 899 1991 nubilo
932 1933 1087 1993 velut
1127 1949 1284 1992 certe
1310 1933 1472 1993 molli
1507 1932 1755 2010 afﬁgens
1786 1934 1950 1994 orbis
1980 1936 2069 1994 sui

432 2035 656 2105 typum,
684 2039 858 2081 arcus
875 2022 1139 2100 speciem
1161 2021 1380 2102 reddit,
1406 2031 1462 2082 et
1486 2022 1668 2083 efﬁcit
1693 2025 1800 2084 hoc
1833 2024 1982 2102 ipsa,
2009 2035 2072 2083 ut

432 2112 963 2190 dixi,repercussio
988 2111 1326 2190 splendoris
1348 2112 1493 2171 solis
1519 2117 1576 2170 in
1602 2111 2072 2192 nubibus,atque

432 2220 503 2263 ex
533 2200 651 2261 illis
679 2200 974 2279 fulgorem
1007 2200 1214 2260 circuli
1250 2199 1380 2279 ejus
1421 2199 1710 2262 reddens.
1748 2202 1835 2260 Fit
1865 2214 2066 2262 autem

435 2292 551 2354 hoc
612 2308 726 2350 non
775 2306 1031 2368 semper,
1083 2289 1186 2348 sed
1238 2307 1370 2349 cum
1421 2289 1920 2369 opportunitatem
1981 2290 2073 2352 sui

437 2381 730 2441 humectte
761 2377 950 2438 nubes
983 2379 1340 2438 rarescendo
1379 2379 1781 2458 praestiterint.
1821 2377 1988 2440 Unde
2019 2389 2075 2438 et

433 2486 788 2530 rursuseum
807 2466 1135 2527 densantur
1149 2468 1338 2527 nubes
1353 2477 1413 2528 et
1435 2475 1676 2541 coeunt,
1695 2484 1867 2528 arcus
1886 2470 2078 2528 forma

435 2557 750 2621 resolvitur
767 2564 825 2616 et
846 2555 1154 2629 exolescit,
1177 2556 1440 2635 denique
1469 2572 1768 2637 nunquam
1793 2559 1924 2618 sine
1949 2557 2079 2619 sole

440 2659 498 2710 et
531 2645 785 2708 nubibus
827 2663 1002 2706 arcus
1031 2656 1298 2725 apparet,
1331 2645 1487 2707 sicut
1536 2667 1645 2707 nec
1677 2648 1806 2708 sine
1840 2661 1972 2727 typo
2023 2655 2078 2706 et

442 2756 578 2799 cera
593 2737 678 2797 vel
708 2736 823 2795 alia
849 2735 1194 2814 hujusmodi
1221 2737 1468 2797 materia
1491 2737 2074 2816 exprimiturimago.

440 2829 571 2890 Non
593 2845 732 2904 ergo
761 2826 974 2885 mirum
1004 2834 1119 2900 est,
1145 2824 1195 2885 si
1219 2825 1493 2886 comitur
1516 2826 1674 2888 Deus
1706 2847 1775 2887 ex
1805 2828 1970 2887 initio
1995 2827 2077 2886 fe-

437 2920 517 2978 cit
548 2925 736 2995 typos,
768 2933 834 2975 ex
868 2915 1089 2992 quibus
1121 2933 1277 2974 nunc
1331 2913 1532 2976 forma;
1565 2915 1969 2993 exprimantur
2013 2935 2083 2976 ac

439 3007 694 3085 species.
728 3003 940 3063 Simile
973 3012 1170 3062 autem
1224 3004 1336 3065 hoc
1368 3012 1425 3063 et
1457 3003 1563 3078 illi,
1598 3005 1755 3084 quod
1791 3006 1862 3063 ab
1917 3004 2083 3064 initio

441 3096 594 3157 Deus
627 3093 920 3152 elementa
948 3092 1321 3152 insensibilia
1349 3092 1819 3172 creavit,quibus
1841 3095 1910 3154 ad
1937 3094 2082 3154 reli-

441 3201 556 3264 qua
579 3183 777 3242 omnia
793 3181 1100 3242 formanda
1123 3191 1180 3242 et
1204 3181 1560 3261 explicanda
1583 3193 1871 3243 uteretur.
1894 3183 2008 3244 Sed
2033 3193 2090 3243 et

445 3273 543 3352 qui
571 3280 793 3334 statuas
819 3272 1098 3340 formant,
1132 3282 1326 3350 typum
1356 3273 1518 3351 prius
1541 3273 1650 3332 luti
1689 3273 1770 3332 vel
1800 3291 1951 3333 εει-ω
1973 3273 2088 3332 ﬁn-

445 3372 610 3440 gunt,
639 3374 693 3419 et
717 3381 782 3421 ex
802 3361 928 3441 ipso
947 3361 1212 3420 redditur
1231 3367 1443 3422 stature
1463 3363 1706 3440 efﬁgies;
1729 3371 1848 3422 tum
1873 3363 2092 3424 deinde

445 3462 503 3510 et
526 3451 734 3512 umbra
754 3451 1024 3510 redditur
1041 3469 1109 3508 ex
1138 3459 1352 3520 statua,
1383 3470 1512 3529 qum
1535 3450 1746 3511 umbra
1771 3470 1874 3530 per
1893 3452 2092 3512 omnia

446 3543 694 3602 formam
720 3560 784 3599 ac
808 3539 1258 3600 similitudinem
1312 3549 1514 3601 statuae
1544 3543 1712 3618 gerit.
1753 3541 1904 3612 Quid
1949 3559 2089 3619 ergo

448 3632 713 3691 dicemus
728 3628 1135 3689 insensibilem
1153 3638 1398 3688 statuam
1415 3630 1668 3692 formare
1687 3631 1954 3691 umbram
1974 3641 2090 3690 tam

449 3718 714 3796 diligenti
738 3737 910 3796 quam
932 3719 1053 3796 ipsa
1068 3725 1262 3779 statua
1283 3725 1374 3779 est
1397 3720 1626 3780 ratione
1651 3720 2000 3782 collectam?
2017 3739 2089 3780 an

451 3809 535 3868 illi
567 3808 699 3868 sine
733 3807 914 3866 dubio
946 3807 1278 3866 asuibetnr
1311 3807 1541 3868 umbrae
1576 3807 1874 3876 collectio,
1909 3809 2007 3887 qui
2036 3817 2094 3868 et

455 3906 703 3956 statuam
731 3893 894 3953 ﬁnxit
923 3901 949 3954 ?

535 3981 738 4045 XLlll.
774 3981 832 4042 SI
867 4001 1002 4060 ergo
1035 3984 1138 4041 tibi
1169 3983 1403 4042 videtur
1436 3985 1546 4045 hoc
1580 3986 1654 4044 ita
1684 4004 1746 4045 se
1785 3988 2004 4047 habere
2037 3999 2094 4048 et

455 4075 671 4134 sufﬁcit
696 4071 848 4150 quod
875 4074 948 4129 de
973 4072 1081 4131 huc
1113 4072 1333 4131 dictum
1362 4080 1475 4144 est,
1507 4075 1575 4134 ad
1601 4074 1716 4134 alia
1739 4075 2094 4153 inquirenda

2157 1849 2414 1902 mentem
2451 1843 2601 1916 ﬁeri,
2628 1853 2870 1923 propter
2898 1851 3114 1904 castora
3144 1859 3278 1919 qua;
3310 1842 3535 1920 injuste
3555 1855 3616 1900 et
3647 1841 3812 1901 inor-

2153 1928 2352 1991 dinate
2374 1931 2501 1992 ﬁeri
2520 1932 2786 1994 videmus
2812 1933 2867 1992 in
2896 1933 3139 1992 mundo.
3163 1932 3223 1993 Si
3247 1939 3325 2003 te,
3351 1930 3547 2010 inquit
3566 1932 3811 2011 Aquila,

2155 2035 2224 2078 ea
2243 2037 2376 2097 quae
2397 2019 2736 2082 inordinate
2760 2022 2932 2092 ﬁunt,
2950 2019 3154 2081 dicere
3175 2019 3336 2096 quod
3364 2035 3473 2098 per
3487 2019 3815 2081 Providen-

2157 2107 2298 2168 tiam
2320 2106 2429 2170 Dei
2454 2111 2606 2170 facta
2632 2111 2754 2170 sint
2775 2128 2894 2171 non
2917 2109 3148 2188 sinunt,
3177 2127 3284 2170 cur
3309 2129 3421 2169 non
3447 2128 3518 2170 ea
3541 2129 3679 2189 qnte
3709 2131 3814 2171 or-

2155 2195 2355 2258 dinate
2381 2199 2550 2268 ﬁunt,
2578 2198 2780 2260 dicere
2803 2207 2862 2259 te
2879 2200 3038 2276 quod
3058 2218 3090 2260 a
3109 2198 3228 2260 Deo
3257 2199 3406 2268 facta
3425 2198 3545 2259 sint
3569 2207 3820 2278 cogunt,

2156 2295 2216 2346 et
2246 2287 2383 2366 quia
2411 2287 2840 2350 irrationabilis
2866 2298 3074 2350 natura
3107 2306 3257 2366 opus
3287 2286 3658 2350 rationabile
3685 2308 3815 2368 pro-

2159 2377 2315 2437 ferre
2347 2395 2464 2436 non
2501 2381 2734 2457 possit?
2763 2380 3005 2441 Certum
3061 2387 3147 2438 est
3180 2379 3366 2455 enim,
3420 2395 3531 2441 nec
3569 2381 3818 2440 omnino

2161 2482 2467 2544 negamus,
2501 2467 2638 2546 quia
2670 2468 2727 2528 in
2777 2468 2891 2528 hoc
2925 2468 3144 2528 mundo
3191 2469 3460 2546 quadam
3507 2466 3807 2541 ordinate,

2161 2553 2427 2634 quaedam
2472 2558 2808 2618 inordinate
2841 2557 2982 2617 ﬁant
3011 2576 3027 2631 ;
3060 2575 3130 2618 ea
3179 2574 3321 2634 ergo
3351 2571 3487 2635 quae
3537 2557 3806 2620 rationa-

2166 2642 2363 2705 biliter
2392 2647 2560 2719 ﬁunt,
2602 2647 2784 2707 crede
2813 2649 2972 2723 quod
3009 2663 3114 2726 per
3159 2645 3603 2707 Providentiam
3639 2649 3804 2720 ﬁant,

2163 2750 2294 2812 quae
2323 2751 2463 2796 vero
2495 2735 2986 2798 irrationabiliter
3015 2744 3074 2795 (ιι
3105 2734 3466 2815 inordinate,
3501 2737 3643 2816 quia
3694 2757 3806 2798 no-

2164 2823 2431 2885 turaliter
2460 2825 2733 2887 eveniant
2767 2834 2824 2886 et
2855 2824 3096 2886 fortuito
3133 2825 3424 2886 accidant.
3484 2826 3667 2887 Miror
3698 2843 3813 2889 an-

2169 2922 2287 2974 tem
2319 2932 2434 2974 non
2457 2915 2768 2976 advertere
2802 2917 3097 2992 homines,
3132 2915 3273 2993 quia
3303 2914 3406 2974 ubi
3437 2932 3656 2977 sensus
3688 2927 3810 2992 est,

2170 3014 2418 3081 possunt
2439 3021 2534 3064 res
2554 3003 2826 3065 ordinate
2842 3004 2970 3064 ﬁeri
2996 3013 3053 3063 et
3088 3003 3449 3082 inordinate,
3483 3005 3593 3064 ubi
3626 3015 3825 3069 autem

2172 3093 2369 3154 nullus
2400 3103 2486 3153 est
2513 3111 2746 3164 sensus,
2766 3101 3041 3155 neutrum
3068 3093 3311 3154 omnino
3334 3091 3524 3165 efﬁci;
3561 3111 3702 3156 nam
3729 3115 3830 3158 ra-

2171 3182 2254 3243 tio
2275 3181 2546 3243 ordinem
2572 3182 2734 3254 facit,
2757 3182 2984 3244 ordinis
3006 3190 3202 3242 autem
3226 3199 3457 3262 cursus,
3489 3182 3541 3244 si
3584 3194 3834 3247 contra-

2170 3273 2324 3332 rium
2345 3273 2486 3352 quid
2507 3272 2791 3333 acciderit
2810 3273 2968 3352 quod
2993 3271 3266 3332 ordinem
3299 3271 3513 3352 turbet,
3543 3290 3830 3336 necessa-

2171 3364 2260 3424 rio
2291 3362 2694 3424 inordinatum
2726 3363 2949 3440 aliquid
2995 3362 3243 3443 profert.
3299 3362 3369 3424 Et
3397 3380 3587 3427 senex
3641 3387 3655 3428 :
3699 3364 3824 3430 Hoc

2172 3453 2370 3529 ipsum
2405 3454 2546 3514 mihi
2579 3470 2613 3512 a
2647 3461 2703 3514 te
2731 3453 2969 3514 ostendi
2992 3451 3145 3513 volo.

2253 3541 2424 3604 XLV.
2451 3544 2604 3618 Non,
2628 3543 2844 3622 inquit,
2861 3541 3142 3604 morabor
3161 3541 3396 3622 Aquila.
3416 3542 3546 3605 Duo
3562 3546 3826 3609 visibilis

2173 3633 2341 3712 signa
2371 3639 2775 3694 monstrantur
2803 3632 2858 3692 in
2897 3630 3067 3707 caelo,
3106 3651 3289 3693 unum
3321 3633 3490 3708 solis,
3527 3634 3690 3697 aliud
3726 3637 3820 3699 lu-

2177 3741 2289 3794 nte;
2315 3721 2438 3782 hac
2461 3729 2789 3801 sequuntur
2813 3728 2875 3781 et
2894 3721 3024 3781 alite
3043 3723 3308 3801 quinque
3330 3723 3827 3798 stellaa,diversos

2175 3820 2235 3872 et
2264 3809 2536 3890 proprios
2566 3809 2811 3889 singulae
2839 3810 3207 3890 explicantes
3243 3829 3478 3876 cursus.
3513 3812 3657 3877 Haec
3686 3835 3830 3897 ergo

2176 3899 2332 3961 Deus
2355 3899 2550 3978 posuit
2575 3902 2633 3959 in
2655 3899 2829 3972 caelo,
2853 3898 3069 3979 quibus
3089 3901 3249 3962 aeris
3263 3904 3592 3982 temperies
3610 3923 3717 3986 pro
3736 3925 3836 3968 ra-

2182 3989 2342 4049 tione
2355 3996 2470 4049 tem
2481 4005 2688 4068 porum
2703 3989 3172 4069 dispensetur,et
3189 3993 3337 4053 ordo
3351 3992 3834 4057 vicissitudinum

2183 4079 2802 4158 permutationumque
2812 4078 3340 4142 servetur.Hornm
3355 4089 3550 4143 autem
3565 4083 3834 4164 ipsorum

455 4165 760 4224 veniamus
791 4161 997 4236 ;autsi
1025 4161 1244 4240 aliquid
1268 4161 1461 4223 adhuc
1490 4167 1698 4224 deesse
1721 4176 2096 4247 putas,repe-
2185 4166 2540 4247 ministerio,
2583 4175 2645 4228 et
2674 4169 2722 4227 si
2767 4167 3006 4246 quando
3056 4185 3163 4249 pro
3213 4170 3471 4250 peccatis
3522 4161 3832 4235 hominum

457 4265 670 4316 tamus.
702 4252 768 4311 Et
789 4270 969 4311 senex
993 4254 1070 4310 ait
1099 4273 1111 4308 :
1139 4251 1282 4310 Volo
1309 4260 1411 4312 uul.
1446 4271 1681 4332 repetas
1701 4268 1776 4314 de
1803 4255 1938 4334 huc,
1965 4268 2101 4318 sunt
2124 4315 2163 4339 η
2187 4256 2361 4336 plaga
2384 4265 2440 4317 et
2458 4256 2759 4336 corruptio
2785 4257 2959 4319 terris
2977 4257 3267 4337 injicitur,
3297 4261 3684 4339 perturbatur
3701 4281 3830 4337 aer,

457 4344 615 4406 enim
642 4351 699 4402 et
717 4341 827 4433 alia
842 4347 1022 4400 multa
1047 4342 1488 4433 quas-similiter
1512 4343 1639 4403 ﬁeri
1666 4343 1858 4418 Video;
1885 4363 2017 4406 nam
2042 4359 2098 4408 et
2125 4341 2164 4364 ¹¹
2181 4347 2312 4408 lues
2331 4345 3072 4427 animantibus,corruptio
3092 4347 3382 4426 frugibus,
3406 4351 3696 4429 pestilens
3721 4371 3835 4433 per

457 4435 682 4494 fructus
712 4429 988 4490 arborum
1025 4431 1205 4490 simili
1233 4432 1406 4490 modo
1433 4432 1680 4511 pulchro
1703 4434 1936 4495 formati
1957 4445 2015 4496 et
2041 4439 2094 4498 in
2180 4435 2379 4496 omnia
2402 4435 2749 4496 mortalibus
2767 4453 2958 4496 annus
2985 4435 3310 4512 inducitur,
3330 4448 3390 4499 et
3409 4439 3486 4500 ita
3512 4439 3599 4516 ﬁt,
3627 4450 3690 4502 ut
3711 4429 3832 4504 uno

460 4522 780 4584 rotundum
841 4520 991 4579 mire
1047 4519 1281 4580 collecti
1333 4534 1676 4594 nascuntur,
1713 4533 1770 4582 et
1820 4524 2094 4585 foliorum
2178 4525 2510 4605 eodemque
2539 4525 2872 4588 ministerio
2903 4534 2962 4585 et
2992 4534 3263 4587 servetur
3289 4527 3438 4589 ordo
3468 4537 3528 4590 et
3557 4547 3830 4595 corrum-

462 4613 689 4702 species
708 4609 945 4702 ingenti
978 4609 1190 4702 decore
1250 4610 1557 4702 formatur,
1599 4621 1776 4692 atque
1807 4614 2096 4692 exquisita
2178 4627 2370 4694 patur.
2405 4613 2639 4675 Etenim
2676 4614 2866 4695 palam
2915 4622 3005 4675 est
3032 4615 3366 4678 incredulis
3397 4626 3458 4681 et
3498 4620 3832 4702 imperitis;

461 4709 586 4762 arte
617 4699 816 4758 viridis
851 4699 1195 4790 membrana
1244 4701 1574 4760 contexitur
1600 4721 1616 4776 ;
1651 4711 1771 4762 tum
1806 4713 2094 4782 praeterea
2179 4704 2335 4784 quod
2366 4722 2578 4766 cursus
2599 4705 2742 4766 solis
2770 4703 3015 4767 utiliret
3044 4707 3418 4769 necessarius
3441 4699 3694 4790 muﬂdo,
3729 4729 3838 4790 per

467 4790 712 4872 pulices,
744 4805 967 4856 mures.
1000 4788 1249 4849 lacertas
1273 4797 1329 4849 et
1355 4790 1444 4850 his
1470 4790 1710 4862 similia,
1739 4793 2006 4871 nunquid
2043 4803 2100 4854 et
2183 4792 2620 4856 Providentiam
2653 4794 2845 4868 datus,
2879 4811 3119 4874 semper
3152 4794 3460 4858 ordinatus
3492 4788 3794 4862 habeatur
3821 4822 3835 4876 ;

465 4879 590 4940 hate
618 4877 888 4938 dicemus
917 4894 951 4935 a
979 4878 1098 4938 Deo
1135 4877 1316 4937 ﬁeri?
1347 4880 1516 4941 Unde
1552 4897 1619 4940 ex
1654 4881 1744 4939 his
1789 4881 2099 4942 vilioribus
2181 4884 2339 4945 lunae
2384 4900 2521 4944 vero
2573 4883 2646 4944 ad
2694 4883 3207 4964 comparationem
3264 4903 3479 4949 cursus
3536 4889 3705 4964 solis,
3770 4891 3830 4952 i

465 4967 806 5057 conjectura
852 4965 1479 5057 capiturmelioium,
1516 4969 1670 5048 quod
1727 4987 2095 5052 nequaquam
2181 4973 2589 5053 augmentiset
2610 4972 2986 5034 detrimentis
3007 4975 3133 5035 suis
3155 4974 3310 5054 apud
3336 4975 3649 5057 imperitos
3676 4981 3835 5041 inor-

467 5056 822 5119 mentisarte
842 5053 1200 5116 formentur.
1229 5055 1409 5130 Bene,
1436 5058 1628 5137 inquit
1653 5058 1894 5138 Aquila,
1921 5062 1993 5123 de
2015 5062 2097 5124 fo-
2182 5063 2366 5125 dinati
2426 5080 2638 5124 cursus
2682 5062 2961 5125 videntur
3009 5071 3067 5123 et
3093 5053 3499 5145 incompositi.
3532 5064 3682 5130 Nam
3742 5068 3830 5132 sol

1807 5194 2210 5264 COTELERII
2251 5195 2500 5263 ΝΟΤιΕ.

548 5325 674 5410 (Ἶλὸ)
699 5323 854 5384 Ecce
875 5339 1078 5383 arcum
1107 5324 1374 5410 videmus
1393 5326 1456 5410 in
1475 5325 1786 5410 c‘aglo,etc.
1816 5333 2019 5392 Graeca
2049 5351 2076 5392 s

2183 5356 2278 5409 μεν
2324 5331 2412 5392 ὑπ’
2481 5331 2686 5395 οὒδινὸς
2754 5332 2918 5398 αὐτὴν
2965 5331 3273 5408 γινομένην,
3323 5332 3448 5390 ἀλλ’
3511 5337 3831 5410 abscisam»;

475 5407 675 5494 mrvis,
706 5412 765 5464 et
785 5420 898 5494 cur
922 5407 1370 5494 noniniavelis?
1418 5405 1579 5494 debit
1610 5408 1768 5494 idem
1811 5410 2098 5494 Caesarius
2183 5405 2590 5494 ὸυνιστᾳμένην.
2621 5411 2708 5494 Ad
2742 5419 2917 5494 caput
2961 5405 3158 5494 autem
3187 5427 3447 5494 sequens
3502 5405 3682 5493 legito
3731 5432 3828 5476 re-

475 5484 996 5575 interrogatione}
1017 5484 1088 5575 id
1121 5501 1134 5544 ε
1176 5485 1282 5540 Ιὸςιὺ
1317 5493 1410 5575 et;
1453 5490 1612 5575 ipso):
1646 5491 1919 5575 ἐρωμένης
1951 5493 2071 5575 auct

2191 5484 2576 5575 Sponsionem
2622 5484 2892 5575 ejusdem
2944 5484 3310 5570 quaestionis]
3372 5505 3434 5554 ιιι
3477 5484 3833 5575 εθίῖυευιοω

471 5565 542 5633 ὃῆ
579 5562 910 5655 πεὲιὲξέρειξιν
952 5562 1210 5655 ἐχούσης,
1261 5562 1614 5655 minutalia-.05.,
1649 5562 1795 5655 teni,
1831 5573 1943 5626 οἶσιν
1977 5562 2108 5640 citin-
2193 5562 2577 5655 q'umslionem
2612 5562 2746 5635 H4.

471 5651 577 5709 θως
627 5644 742 5702 οὐδὲ
790 5645 902 5705 νοῦς
954 5646 1274 5722 περιγράψαι
1328 5645 1566 5706 δύναται,
1623 5652 1708 5704 καὶ
1758 5650 1903 5725 ὅμως
1963 5651 2104 5730 δρῶ-
