4058 6206
404 367 560 434 1395

1239 370 1301 429 S.
1344 365 1782 429 CLEMENTIS
1826 365 1845 425 l
1892 360 2070 426 ROM.
2122 364 2353 425 PONT.
2403 365 2647 425 OPERA
2696 364 2949 425 DUBlA.

3624 358 3777 423 1398

404 506 733 569 secundum
750 504 1039 565 rationem
1059 510 1435 581 peccatorum
1458 515 1705 559 necesse
1727 505 1853 559 erat
1868 497 2044 559 etiam
2069 507 2105 551 A
2130 496 2413 575 apostolis
2428 494 2933 577 pseudoapostoli,
2960 504 3019 556 et
3050 493 3394 558 dcctoribus
3419 492 3549 555 falsi
3566 495 3779 555 docto-

404 612 509 673 per
526 593 785 674 singulas
803 593 1222 670 generationes
1240 590 1351 649 hoc
1371 586 1499 648 ﬁeri
1522 586 1885 647 inﬁdelitatis
1903 605 2043 664 gra-
2129 587 2329 647 res.Et
2346 586 2487 648 inde
2508 598 2597 648 est
2616 586 2773 647 unde
2794 585 2947 664 apud
2975 584 3359 665 philosophos
3381 584 3482 644 alii
3501 592 3781 674 asserunt

406 686 507 761 tia;
536 685 637 746 sed
665 682 849 763 magis
868 681 1116 743 indulsit
1138 697 1245 760 per
1292 675 1551 755 singulas
1571 685 1778 753 gentes
1800 675 2046 753 angelos

403 774 685 856 quosdam
704 791 881 851 agere
904 770 1294 852 principatum
1319 767 1419 847 qui
1444 765 1613 825 malis
1631 766 2046 845 gaudent,qui-

407 865 517 925 bus
542 874 735 926 tamen
761 882 831 923 ea
849 861 1185 923 conditione
1210 865 1465 938 potestas
1482 856 1791 916 adversum
1822 874 2043 915 unum-

408 973 701 1035 quemque
728 952 1061 1014 mortalium
1089 950 1222 1011 data
1249 956 1359 1020 est,
1395 946 1444 1005 si
1470 945 1633 1035 prius
1662 964 1725 1002 se
1760 945 1885 1035 ipse
1917 945 2049 1024 quis

409 1033 712 1122 peccando
746 1042 833 1104 eis
862 1041 1100 1103 fecisset
1128 1035 1474 1107 obnoxium,
1510 1033 1703 1095 donec
1743 1033 2051 1098 adveniret

409 1135 511 1195 ille
540 1133 643 1210 qui
667 1132 837 1194 bonis
860 1130 1165 1210 gaudet,et
1189 1124 1590 1205 compleretur
1612 1141 1716 1203 per
1735 1124 1925 1202 ipsum
1948 1144 2048 1184 nu-

412 1225 916 1301 merusjustorum
932 1228 1012 1301 ,et
1030 1236 1138 1298 per
1153 1234 1389 1276 omnem
1427 1223 1709 1273 munitum
1743 1222 2053 1275 crescente

410 1312 791 1376 multitudine
825 1306 1282 1391 piorum,aliqua
1316 1323 1383 1366 ex
1422 1312 1592 1383 parte
1623 1301 2054 1381 reprimeretur

410 1402 678 1484 impietas
704 1411 759 1462 et
781 1392 1502 1463 innotesceretomnibns,
1539 1391 1675 1471 quia
1704 1394 2048 1471 omnequod

409 1494 627 1554 bonum
664 1502 750 1552 est
782 1512 813 1551 a
848 1491 969 1552 Deo
1005 1489 1089 1549 ﬁt.

487 1583 581 1645 LI.
618 1581 697 1643 Ex
735 1579 964 1641 arbitrii
995 1586 1191 1640 autem
1225 1573 1497 1634 libertate
1523 1572 1926 1651 unusquisque
1944 1573 2048 1631 ho-

409 1675 632 1733 minum
666 1672 806 1733 dum
841 1666 1189 1730 incredulus
1222 1676 1311 1724 est
1340 1662 1413 1723 de
1458 1661 1693 1731 futuris,
1733 1678 1839 1738 per
1870 1661 2053 1721 malos

405 1770 571 1822 actus
600 1760 853 1821 incurrit
883 1759 940 1818 in
979 1756 1155 1817 mala.
1186 1750 1255 1813 Et
1300 1753 1424 1813 hac
1450 1762 1591 1813 sunt
1617 1769 1747 1829 qua
1777 1748 2055 1811 videntur

408 1852 465 1910 in
502 1849 721 1911 mundo
749 1859 955 1911 contra
986 1845 1259 1908 ordinem
1290 1842 1437 1920 geri,
1484 1838 1702 1920 quibus
1728 1856 1952 1901 causas.
1992 1850 2053 1899 ut

410 1940 953 2016 essent,inlidelitas
983 1934 1165 1997 dedit.
1207 1931 1475 1995 Miranda
1507 1930 1684 2007 igitur
1717 1947 1822 2007 per
1854 1931 2054 1989 omnia

409 2040 496 2092 est
528 2030 741 2091 divina
793 2025 1186 2091 Providentia
1245 2019 1632 2101 dispensatio.
1671 2037 1799 2098 qua
1832 2019 1920 2079 his
1951 2020 2049 2097 qui

409 2121 577 2181 initio
602 2118 842 2191 fuerint,
872 2116 1085 2179 bonam
1115 2111 1353 2193 quidem
1380 2108 1531 2169 viam
1568 2108 1695 2169 vita
1716 2106 2050 2169 incedenti-

411 2206 725 2278 bus,bonis
746 2201 1302 2283 incorruptibilibus
1329 2198 1492 2259 dedit
1517 2196 1760 2275 perfrui;
1798 2196 1898 2256 ubi
1918 2216 2054 2257 vero

412 2304 805 2379 peccaverunt
833 2295 1001 2375 [mali
1026 2291 1312 2369 originem
1339 2295 1577 2366 peccato
1598 2285 1863 2379 pariente
1894 2304 2054 2346 sum-

411 2374 700 2467 pserunt],
724 2394 782 2448 et
805 2374 1122 2461 unicuiqUe
1154 2379 1311 2440 bono
1334 2376 1499 2456 quasi
1518 2374 1770 2467 quodam
1796 2375 2057 2453 conjugii

409 2464 634 2538 fadere
658 2464 725 2535 ex
752 2479 921 2555 parte
946 2470 1173 2553 peccati
1204 2467 1493 2529 sociatum
1529 2474 1619 2527 est
1651 2464 2055 2555 malum,quo-

412 2566 570 2627 niam
591 2554 835 2642 quidem
854 2569 1111 2626 humano
1124 2555 1586 2636 sanguiueterra
1607 2554 1828 2635 polluta
1852 2563 1961 2623 est.
1998 2559 2057 2614 et

412 2673 530 2718 ara
550 2651 921 2716 damonibus
941 2664 1476 2727 succensa,aerem
1501 2662 1739 2725 quoque
1755 2643 1948 2723 ipsum
1971 2643 2056 2704 in-

410 2754 577 2807 cesto
594 2743 1022 2805 sacriﬁciorum
1041 2741 1098 2801 fu
1109 2758 1201 2799 me
1230 2743 1684 2807 temerarunt,et
1714 2733 1795 2794 ita
1817 2733 2052 2793 demum

412 2841 689 2914 corrupta
718 2832 881 2912 prius
904 2832 1205 2892 elementa
1237 2824 1584 2914 hominibus
1609 2822 1963 2914 corruptela
1981 2824 2031 2882 vi

413 2912 607 3000 tium,
623 2920 777 2983 velut
802 2920 1034 2981 radices
1059 2916 1241 2978 ramis
1260 2933 1328 2976 ac
1350 2913 1642 2975 fructibus
1664 2912 2055 2974 tradiderunt.

494 3010 772 3073 Lll.Vide
796 3027 935 3087 ergo
958 3009 1016 3068 in
1038 3008 1171 3085 hoc,
1206 3014 1269 3065 ut
1294 3004 1441 3079 dixi,
1464 3022 1637 3083 quam
1654 3004 1814 3081 juste
1847 3000 2062 3061 vitiatis

413 3101 596 3164 rebus
624 3097 1006 3163 Providentia
1021 3096 1220 3158 divina
1237 3092 1917 3173 succurrit,utquoniam
1955 3091 2061 3149 ho-

417 3189 511 3251 nis
527 3188 651 3268 Dei,
688 3188 842 3249 mala
864 3204 994 3267 qua
1017 3204 1085 3247 ex
1111 3191 1349 3261 peccato
1375 3182 1663 3260 originem
1688 3180 2064 3260 sumpserant

416 3279 638 3341 sociata
658 3286 815 3350 sunt,
851 3276 1083 3337 duabus
1128 3274 1223 3336 his
1282 3271 1553 3352 partibus
1584 3270 1731 3331 duos
1764 3269 2060 3349 principes

420 3375 757 3448 poneret,et
780 3365 835 3427 ei
857 3364 961 3444 qui
997 3362 1170 3424 bonis
1199 3360 1420 3438 gaudet
1449 3360 1734 3421 bonorum
1760 3358 2054 3437 ordinem,

417 3456 515 3536 qui
534 3457 605 3516 ad
632 3454 807 3516 ﬁdem
830 3452 1215 3534 providentia
1234 3468 1354 3511 sua
1374 3448 1693 3511 credentes
1711 3450 2055 3521 adduceret,

418 3546 639 3619 statuit,
675 3546 726 3605 ei
744 3562 885 3605 vero
907 3541 1011 3619 qui
1030 3540 1203 3603 malis
1218 3539 1457 3619 gaudet,
1486 3558 1703 3618 eaquae
1722 3550 1925 3603 contra
1957 3559 2055 3600 or-

418 3634 617 3695 dinem
650 3641 708 3694 et
735 3632 1024 3695 inutiliter
1055 3638 1441 3708 geruntur,ex
1473 3627 1693 3705 quibus
1717 3628 1848 3690 sine
1880 3628 2059 3689 dubio

420 3724 595 3787 etiam
621 3721 1004 3803 providentia
1023 3719 1169 3781 ﬁdes
1186 3718 1247 3779 in
1268 3718 1514 3779 dubium
1537 3718 1751 3789 veniat;
1780 3728 1838 3779 et
1867 3719 2061 3779 habita

423 3822 512 3874 est
532 3812 994 3892 perhocajusto
1017 3809 1310 3885 Deojusta
1345 3804 1739 3868 divisio.Hinc
1772 3827 1911 3884 ergo
1948 3818 2054 3876 est,

424 3901 578 3981 quod
615 3918 748 3960 cum
779 3899 1081 3960 ordinatus
1113 3905 1407 3958 astrorum
1447 3914 1659 3957 cursus
1692 3897 1868 3958 ﬁdem
1894 3897 2064 3957 faciat

424 4007 600 4050 manu
630 3987 868 4049 artiﬁcis
900 3986 1206 4047 conditum
1237 3984 1792 4064 mundutn,rursum
1828 3996 2066 4047 contur-

424 4077 580 4139 batio
604 4075 782 4149 aeris,
816 4093 958 4137 aura
1023 4073 1328 4153 pestilens,
1362 4074 1677 4135 fulminum
1714 4076 1840 4154 vagi
1874 4077 2058 4154 ignes,

424 4165 815 4231 Providentia
845 4183 995 4246 opus
1026 4163 1323 4227 refellant.
1353 4163 1586 4226 Habent
1611 4166 1795 4237 enim,
1822 4175 1883 4225 ut
1909 4166 2064 4228 dixi-

425 4255 817 4335 mus,singula
835 4272 1091 4335 quaque
1115 4252 1291 4329 bona,
1327 4254 1625 4315 contraria
1658 4262 1716 4316 et
1745 4256 2063 4333 conjuncta

421 4346 534 4409 sibi
563 4348 807 4425 mala,ut
823 4343 1092 4407 fecundis
1130 4341 1423 4404 imbribus
1442 4344 1665 4421 grando
1691 4344 1928 4407 inimica
1950 4357 2060 4417 est,

422 4438 624 4498 utrori
659 4435 894 4515 placido
926 4432 1220 4511 rubiginis
1258 4442 1350 4494 est
1398 4434 1622 4496 sociata
1649 4437 1970 4514 corruptio,
2008 4444 2067 4496 ut

419 4523 606 4585 ventis
631 4522 867 4585 lenibus
916 4522 1314 4603 procellarum
1370 4521 1638 4583 turbines
1680 4524 1871 4601 juncti
1904 4535 2062 4597 sunt,

421 4613 740 4675 fructuosis
787 4600 1100 4674 arboribus
1136 4611 1538 4687 infructuosa,
1576 4600 1777 4674 herbis
1827 4613 2071 4674 utilibus
2095 4600 2135 4649 θ

424 4703 634 4783 noxia,
658 4702 1019 4764 animalibus
1050 4700 1295 4764 mitibus
1315 4704 1439 4763 fera
1476 4711 1533 4763 et
1564 4702 1895 4781 perniciosa
1920 4722 2069 4765 con-

423 4809 573 4853 nexa
589 4800 749 4853 sunt.
784 4791 921 4853 Hac
942 4800 1138 4853 autem
1159 4791 1359 4852 omnia
1382 4790 1571 4872 posita
1588 4801 1725 4851 sunt
1743 4813 1775 4853 a
1793 4790 1939 4872 Deo,
1968 4811 2070 4873 pro

423 4898 493 4943 eo
524 4879 685 4961 quod
736 4880 1081 4943 hominibus
1125 4880 1394 4942 voluntas
1451 4879 1684 4942 arbitrii
1712 4899 1745 4941 a
1778 4881 2068 4943 bonorum

424 4970 729 5051 proposito
756 4969 1038 5035 discessit
1062 4979 1120 5032 et
1139 4968 1464 5034 declinavit
1491 4969 1563 5032 ad
1590 4970 1768 5032 mala.

502 5057 647 5122 LIII.
675 5058 860 5139 Igitur
875 5060 932 5120 in
951 5058 1236 5122 omnibus
1260 5079 1314 5120 m
1333 5059 1667 5122 undirebus
1690 5060 1941 5124 habetur
1960 5062 2073 5123 ista

423 5148 656 5225 divisio,
696 5157 757 5210 et
777 5148 932 5211 sicut
956 5157 1095 5211 sunt
1120 5149 1220 5229 pii,
1256 5149 1336 5210 ita
1362 5157 1420 5210 et
1450 5149 1641 5231 impii,
1671 5160 1733 5211 ut
1764 5160 1900 5212 sunt
1931 5172 2069 5233 pro-

426 5239 643 5320 pheta,
675 5238 758 5300 ita
780 5247 839 5299 et
873 5238 1003 5300 falsi
1030 5238 1335 5319 propheta
1364 5259 1378 5319 ;
1416 5238 1521 5300 sed
1553 5247 1611 5300 et
1636 5241 1788 5320 apud
1823 5242 2074 5320 gentiles

425 5335 563 5391 sunt
592 5326 1105 5408 philosophi,sunt
1135 5336 1195 5389 et
1224 5327 1357 5389 falsi
1413 5327 1749 5409 philosophi
1788 5348 1801 5403 ;
1834 5332 2072 5393 Judao-

423 5434 556 5478 rum
581 5434 815 5498 quoque
836 5417 1356 5481 circumcisionem
1377 5416 1651 5480 Arabica
1679 5429 1887 5496 gentes
1908 5421 2073 5482 alia-

428 5524 544 5586 que
569 5505 841 5587 plurima
858 5508 929 5569 ad
956 5506 1362 5569 ministerium
1386 5524 1506 5568 sua
1524 5506 1844 5586 impietatis
1866 5512 2077 5573 imitati

429 5604 582 5656 sunt.
619 5594 717 5657 Sic
747 5603 803 5657 et
827 5595 1026 5658 divino
1057 5596 1241 5658 cultui
1268 5605 1356 5659 est
1374 5600 1708 5659 contrarius
1740 5599 2073 5662 damonum

427 5684 640 5757 cultus,
705 5695 760 5747 et
811 5685 1103 5767 baptismo
1161 5686 1515 5765 baptlsmul,
1567 5695 1623 5748 et
1658 5686 1769 5766 legi
1805 5689 1988 5769 leges,
2018 5700 2074 5754 et

2131 676 2581 753 providentiam,
2628 677 2723 736 alii
2757 684 2993 754 negant,
3048 674 3151 735 alii
3201 693 3383 734 unum
3426 676 3640 751 Deum,
3678 672 3779 733 alii

2138 764 2339 827 Plures
2369 764 2927 846 defendunt.Usque
2946 763 3020 825 ad
3045 765 3157 825 hoc
3180 782 3276 824 res
3297 763 3561 843 denique
3579 780 3782 824 acces-

2132 856 2443 927 sit,utcum
2460 855 2638 915 verbo
2664 856 2767 917 Dei
2819 854 3097 932 fugentur
3126 852 3453 931 damones,
3484 871 3593 932 per
3620 851 3778 932 quod

2134 968 2143 996 ι
2170 962 2265 1004 sse
2293 943 2666 1031 Providentia
2698 944 3052 1009 declaratur.
3093 941 3388 1003 invenerit
3418 960 3516 1002 ars
3547 942 3783 1015 magica

2132 1033 2202 1093 ad
2220 1030 2624 1095 inﬁdelitatem
2647 1032 3449 1111 ronﬁr'mandam,quomodo
3470 1030 3647 1090 etiam
3669 1031 3782 1092 hoc

2136 1144 2203 1184 ex
2235 1125 2553 1185 contrariis
2579 1123 2969 1185 imitetur.Sic
3002 1130 3346 1201 serpentum
3375 1138 3605 1182 venena
3627 1121 3783 1180 mili-

2137 1233 2275 1287 gare
2299 1214 2667 1275 carminibus
2716 1215 3047 1290 inventum,
3101 1222 3161 1271 et
3192 1208 3370 1271 verbo
3402 1228 3470 1271 ac
3503 1210 3787 1288 potestati

2140 1308 2239 1369 Dei
2272 1304 2598 1367 contrarias
2630 1303 2913 1364 inducere
2941 1301 3250 1361 Sanitates.
3276 1300 3523 1378 Angelis
3544 1317 3787 1379 quoque

2138 1395 2239 1456 Dei
2260 1393 2555 1456 contraria
2584 1391 2806 1471 reperit
2828 1409 2923 1451 ars
2946 1392 3171 1468 magica
3192 1388 3786 1461 ministeria,anima-

2136 1504 2264 1545 rum
2300 1482 2717 1545 suscitationes
2741 1488 2949 1541 contra
2993 1481 3117 1540 hac
3151 1489 3211 1540 et
3243 1479 3523 1557 ﬁgmenta
3556 1478 3785 1538 damo-

2138 1594 2275 1635 num
2315 1592 2562 1653 ponens.
2589 1570 2658 1632 Et
2687 1589 2763 1632 ne
2796 1570 2975 1631 multa
3006 1569 3409 1630 enumerando
3437 1585 3787 1629 sermonem

2140 1665 2363 1741 longius
2386 1664 2634 1741 traham,
2673 1662 2818 1722 nihil
2837 1659 3081 1721 omnino
3099 1658 3553 1738 estquodﬁdem
3585 1659 3790 1718 Provi-

2137 1754 2353 1816 dentia
2374 1753 2574 1830 faciat,
2602 1760 2658 1813 et
2681 1770 2797 1811 non
2820 1750 3038 1812 habeat
3055 1749 3394 1811 econtrario
3410 1749 3568 1810 aliud
3592 1748 3666 1809 ad
3691 1748 3791 1808 in-

2080 1876 2111 1925 3
2137 1844 2477 1904 ﬁdelitatem
2512 1856 2809 1922 paratum;
2832 1840 3040 1901 etideo
3066 1840 3165 1919 qui
3190 1840 3463 1917 ignorant
3487 1840 3665 1899 istam
3691 1839 3789 1897 di-

2135 1937 2420 1993 visionem
2454 1950 2679 2009 rerum,
2712 1948 2815 2010 pro
2856 1930 2946 1990 his
2968 1949 3097 2010 qua
3119 1947 3149 1991 a
3178 1930 3514 2009 semetipsis
3547 1928 3786 1990 discor-

2138 2025 2277 2084 dant
2308 2023 2365 2082 in
2396 2020 2765 2093 mundo,non
2805 2029 3007 2098 putant
3029 2037 3162 2080 esse
3197 2017 3788 2079 Providentiam.Sed

2141 2123 2223 2179 tu.
2261 2115 2452 2177 Pater.
2485 2111 2653 2189 quasi
2673 2111 2757 2169 vir
2787 2111 3028 2190 sapiens
3057 2128 3125 2170 ex
3162 2110 3268 2169 ista
3296 2108 3600 2169 divisione
3634 2108 3793 2185 elige

2139 2210 2386 2282 partem,
2423 2220 2554 2281 qua
2583 2200 2853 2261 ordinem
2890 2210 3084 2260 servat
3106 2208 3162 2259 et
3186 2199 3362 2259 ﬁdem
3393 2198 3792 2278 providentia

2138 2293 2293 2363 facit,
2330 2302 2386 2351 et
2407 2311 2521 2350 non
2542 2289 2733 2351 solum
2760 2290 3029 2368 sequaris
3049 2290 3206 2349 illam
3236 2297 3629 2367 partem,qua
3649 2308 3790 2349 con-

2140 2391 2229 2442 tra
2261 2380 2531 2442 ordinem
2557 2380 2741 2441 currit
2764 2385 2822 2438 et
2875 2378 3267 2440 Providentia
3297 2378 3541 2455 derogat
3575 2379 3788 2440 ﬁdem.

2222 2470 2361 2533 LIV.
2392 2470 2482 2530 Ad
2512 2470 2637 2531 hac
2669 2486 2847 2530 senex
2894 2468 3200 2546 respondit
3232 2488 3245 2526 :
3311 2465 3392 2527 Da
3425 2467 3570 2527 mihi
3606 2467 3790 2544 viam,

2141 2562 2369 2641 ﬁli,qua
2399 2559 2618 2639 possim
2653 2577 2721 2618 ex
2753 2558 2986 2618 duobus
3009 2558 3138 2618 istis
3160 2556 3495 2629 ordinibus,
3530 2574 3791 2634 quorum

2140 2652 2292 2713 alter
2317 2650 2715 2720 asserit,alter
2739 2649 2954 2709 refutat
2987 2646 3452 2718 Providentiam,
3481 2666 3667 2707 unum
3694 2647 3796 2707 ali-

2139 2758 2315 2821 quem
2342 2739 2402 2799 in
2433 2737 2581 2799 meis
2612 2737 2891 2798 sensibus
2920 2734 3795 2812 conﬁrmare.Rectuni,inquit

2144 2826 2929 2909 Aquila,habentijudicium
2952 2824 3125 2887 facile
3149 2825 3471 2886 discrimen
3492 2836 3580 2884 est
3613 2848 3622 2887 ;
3655 2846 3794 2885 nam

2147 2928 2200 2981 et
2230 2919 2342 2979 hoc
2374 2918 2565 2996 ipsum
2592 2915 2750 2997 quod
2783 2917 2892 2995 ais,
2927 2915 3072 2976 ordo
3096 2924 3154 2975 et
3185 2914 3657 2989 inordinatio,ah
3692 2933 3795 2975 ar-

2151 3009 2305 3069 tiﬁce
2336 3008 2464 3068 ﬁeri
2499 3016 2751 3087 potest,a
2786 3015 2995 3067 natura
3026 3024 3160 3066 vero
3196 3004 3529 3065 insensibili
3558 3024 3676 3065 non
3699 3026 3800 3085 po-

2153 3108 2283 3177 test;
2321 3116 2452 3158 nam
2486 3095 2647 3157 verbi
2677 3094 2863 3173 gratia
2913 3114 3199 3176 ponamus
3250 3094 3325 3154 de
3375 3094 3616 3155 excelsa
3645 3114 3798 3174 rupe

2153 3186 2471 3266 abruptum
2488 3203 2688 3245 saxum
2706 3184 2765 3244 in
2786 3202 3047 3263 praceps
3062 3182 3413 3263 ferri,idque
3430 3182 3648 3243 illisum
3668 3184 3798 3244 solo

2146 3278 2204 3336 in
2221 3275 2745 3339 multafraumenta
2760 3273 3111 3344 comminui,
3136 3271 3402 3351 nunquid
3419 3274 3662 3334 evenire
3676 3274 3799 3335 ullo

2146 3367 2320 3426 modo
2354 3371 2567 3443 potest,
2605 3370 2665 3421 ut
2692 3361 2749 3421 in
2785 3362 2885 3423 illa
2917 3361 3294 3423 multitudine
3324 3360 3797 3441 fragmentorum

2144 3455 2481 3516 inveniatur
2505 3471 2684 3511 unum
2711 3452 2917 3512 saltem
2954 3452 3373 3529 fragmentum,
3418 3452 3480 3511 in
3503 3472 3621 3530 quo
3655 3472 3800 3529 per-

2144 3546 2295 3606 fecta
2316 3544 2512 3624 aliqua
2542 3542 2775 3621 species
2808 3560 2912 3622 per
2933 3542 3133 3601 omnia
3157 3540 3448 3602 habeatur
3478 3561 3546 3601 ac
3573 3543 3804 3603 forma?

2145 3633 2216 3695 Et
2244 3651 2423 3696 senex
2455 3631 2767 3711 respondit
2794 3649 2806 3693 :
2832 3629 2956 3692 Non
2986 3629 3375 3713 potest.Quod
3408 3631 3457 3691 si
3490 3631 3672 3705 adsit,
3698 3632 3799 3693 in-

2144 3724 2269 3805 quit
2297 3723 2524 3805 Aqnila,
2564 3723 2869 3800 signorum
2898 3721 3131 3800 artifex,
3181 3720 3447 3781 excisum
3478 3722 3554 3782 de
3596 3732 3799 3783 monte

2145 3834 2348 3875 saxum
2376 3832 2549 3873 manu
2572 3812 2783 3872 artiﬁci
2808 3821 2863 3872 et
2887 3830 3062 3872 sensu
3081 3810 3421 3871 rationabili
3447 3810 3712 3873 formare
3737 3812 3797 3872 in

2147 3922 2320 3984 quam
2359 3903 2499 3962 velit
2528 3902 2789 3981 speciem
2816 3910 3029 3981 potest.
3063 3900 3130 3962 Et
3156 3918 3336 3962 senex
3376 3921 3388 3963 :
3426 3902 3674 3977 Verum,
3701 3901 3803 3963 in-

2149 3994 2299 4073 quit,
2350 3992 2505 4053 istud
2531 4002 2642 4054 est.
2679 3993 2858 4069 Ergo,
2905 3991 2981 4052 ait
3033 3991 3266 4072 Aquila,
3301 3990 3402 4051 ubi
3434 4010 3649 4052 sensus
3685 4012 3807 4053 non

2151 4094 2238 4144 est
2260 4081 2652 4153 rationabilis,
2690 4081 2849 4141 nulla
2897 4080 3129 4159 species
3162 4099 3231 4140 ex
3292 4082 3520 4158 integro
3553 4081 3806 4143 formari

2152 4181 2361 4254 potest,
2402 4171 2501 4232 ubi
2534 4181 2729 4232 autem
2777 4189 2988 4231 sensus
3021 4179 3109 4230 est
3144 4169 3374 4241 artifex,
3408 4169 3489 4231 ibi
3522 4179 3581 4230 et
3611 4172 3805 4233 forma

2147 4273 2205 4326 et
2238 4261 2565 4323 informilas
2596 4280 2728 4322 esse
2754 4270 2945 4340 potest
2979 4280 2992 4316 :
3020 4259 3183 4321 verbi
3209 4258 3474 4338 gratia,si
3508 4260 3742 4321 excidat
3776 4282 3809 4323 e

2152 4361 2352 4413 monte
2383 4370 2584 4412 saxum
2623 4350 2831 4412 artifex
2868 4351 2965 4410 cui
2999 4351 3245 4410 formam
3294 4349 3431 4409 velit
3465 4350 3805 4429 imponere,

2154 4460 2399 4503 necesse
2433 4450 2521 4501 est
2562 4449 2623 4500 ut
2671 4441 2729 4501 id
2766 4440 2960 4518 primo
2991 4437 3248 4500 informe
3279 4439 3468 4499 cadat
3499 4448 3556 4499 et
3593 4438 3811 4500 barba-

2155 4552 2306 4601 rum,
2346 4540 2468 4591 tum
2495 4530 2710 4591 deinde
2743 4529 3024 4610 paulatim
3058 4528 3361 4590 excedens
3390 4536 3448 4588 et
3478 4528 3547 4587 ad
3586 4529 3805 4589 libram

2154 4642 2274 4683 sua
2286 4622 2428 4683 artis
2440 4620 2817 4700 exsculpens,
2840 4638 2905 4678 ex
2917 4620 3133 4697 primat
3150 4619 3395 4678 formam
3414 4637 3585 4698 quam
3605 4629 3808 4680 mente

2155 4708 2614 4790 conceperitlta
2640 4727 2777 4788 ergo
2799 4726 2867 4768 ex
2893 4708 3253 4768 informitate
3280 4708 3371 4769 vel
3396 4707 3803 4787 deformitate,

2154 4800 2397 4861 artiﬁcis
2420 4818 2596 4859 manu
2624 4797 2966 4876 pervenitur
2986 4796 3055 4857 ad
3087 4797 3360 4864 formam.
3392 4804 3449 4856 et
3483 4805 3807 4877 utrumque

2155 4889 2227 4951 ab
2258 4889 2482 4950 artiﬁce
2517 4887 2817 4969 procedit;
2854 4885 3036 4947 simili
3070 4886 3249 4962 igitur
3281 4887 3455 4945 modo
3489 4896 3547 4945 et
3583 4904 3651 4946 ea
3674 4906 3807 4966 qua

2153 4979 2215 5040 in
2237 4975 3158 5056 mundogeruntur,perartiﬁcis
3176 4974 3609 5055 providentiam
3630 4978 3802 5049 ﬁunt,

2159 5069 2389 5131 etiamsi
2424 5067 2620 5129 minus
2652 5064 2924 5127 ordinata
2948 5064 3360 5125 videantur.Et
3381 5064 3517 5125 ideo
3544 5064 3680 5145 quia
3706 5064 3813 5126 tibi

2158 5159 2290 5219 dua
2321 5158 2449 5219 ista
2478 5157 2866 5217 innotuerunt
2902 5154 3367 5233 via,earumque
3399 5153 3684 5233 accepisti
3716 5154 3811 5214 di-

2161 5248 2444 5324 visiones,
2474 5248 2605 5325 fuge
2638 5244 3005 5305 inﬁdelitatis
3034 5244 3208 5313 viam,
3239 5263 3314 5303 ne
3347 5245 3495 5306 forte
3527 5246 3815 5324 perducat

2160 5345 2216 5399 te
2248 5338 2323 5400 ad
2353 5337 2517 5398 illum
2549 5333 2876 5416 principem
2908 5333 3007 5416 qui
3034 5334 3200 5394 malis
3224 5332 3815 5414 gaudet,sequeruﬁ-

2162 5429 2257 5489 dei
2292 5428 2467 5499 viam,
2505 5437 2567 5487 ut
2601 5423 2913 5503 pervenire
2957 5423 3149 5504 possis
3175 5424 3245 5484 ad
3283 5442 3483 5501 regem
3514 5424 3679 5484 illum
3714 5424 3816 5502 qui

2164 5518 2337 5578 bonis
2368 5514 2708 5578 hominibus
2732 5512 2967 5592 gaudet.

2243 5605 2353 5667 LV.
2394 5604 2478 5670 Ad
2514 5606 2640 5667 hac
2690 5620 2869 5664 senex
2922 5604 3279 5683 respondit:
3336 5604 3453 5665 Cur
3502 5610 3696 5666 autem
3755 5608 3811 5661 et

2161 5696 2438 5777 princeps
2468 5694 2571 5757 ille
2602 5692 2704 5774 qui
2739 5689 2908 5754 malis
2938 5693 3155 5769 gaudet
3187 5693 3377 5754 factus
3409 5701 3516 5765 est,
3551 5699 3611 5753 et
3648 5690 3809 5751 unde
