4058 6206
260 359 405 445 iter

1439 345 2076 426 RECOGNITLONUM
2128 354 2271 417 LIB.
2301 358 2401 420 'lX
2459 368 2495 374 ”

3484 357 3642 426 ΗΜ

256 496 440 576 pheta
488 495 788 560 didicerit.
823 494 896 556 Et
941 497 1156 559 Petrus
1193 517 1206 556 :
1240 493 1468 569 Nescis,
1503 493 1713 575 inquit,
1751 511 1901 574 quo-
1926 496 1961 544 Α
1992 500 2218 552 mentes
2245 492 2549 553 hominum
2584 493 2920 572 corrumpit
2949 513 3016 556 ac
3039 495 3242 565 violat,
3266 506 3323 559 et
3351 518 3385 560 a
3407 499 3642 564 deside~

258 586 433 651 modo
479 585 764 660 dixerim,
797 584 899 647 sed
933 603 1094 646 nunc
1136 591 1194 646 te
1227 601 1334 663 ego
1382 585 1800 657 commonebo,
1831 584 1906 646 de

252 675 555 739 voluntate
585 675 705 738 dixi
727 685 790 736 et
820 673 1070 736 consilio
1095 674 1228 750 Dei,
1257 692 1431 755 quam
1463 673 1670 737 habuit
1705 674 1904 756 prius-

254 784 428 847 quam
465 765 724 827 mundus
761 771 942 836 esset,
977 771 1036 825 et
1065 783 1180 845 quo
1213 765 1462 827 consilio
1490 764 1697 828 fecerit
1726 783 1903 826 mun-

253 854 419 929 dum,
461 861 734 934 tempora
785 853 1084 930 statuerit,
1119 852 1309 931 legem
1339 851 1593 933 dederit,
1623 853 1805 933 justis
1833 853 1905 916 ad

254 942 546 1006 bonorum
561 941 1106 1004 remunerationem
1123 941 1382 1004 futurum
1397 942 1678 1005 srecnlum
1697 942 1910 1022 promi-

252 1032 422 1107 serit,
454 1032 693 1112 injustis
722 1048 934 1112 pmnas
954 1049 1022 1092 ex
1041 1031 1252 1111 judicii
1274 1033 1570 1094 sententia
1601 1031 1905 1106 statuerit;

250 1119 362 1185 hoc
395 1140 503 1202 ego
528 1120 648 1183 dixi
679 1120 1023 1196 consilium,
1051 1129 1111 1182 et
1135 1121 1288 1183 hanc
1319 1123 1674 1186 voluntatem
1708 1122 1809 1184 Dei
1835 1122 1908 1184 ab

251 1211 598 1275 hominibus
623 1211 875 1273 inveniri
900 1229 1017 1272 non
1043 1212 1386 1293 posse,quia
1409 1230 1582 1273 nemo
1601 1213 1905 1274 hominum

252 1308 448 1383 potest
473 1319 716 1363 sensum
750 1299 855 1364 Dei
885 1302 1255 1378 conjecturis
1278 1309 1337 1362 et
1364 1302 1758 1364 aestimatione
1779 1303 1908 1364 col-

250 1393 457 1472 ligere,
495 1391 608 1454 nisi
645 1391 937 1472 propheta
967 1390 1040 1453 ab
1076 1409 1146 1452 eo
1203 1391 1420 1453 missus
1450 1392 1741 1456 enuntiet.
1777 1393 1909 1455 Non

250 1499 394 1559 ergo
429 1481 503 1542 de
535 1480 998 1561 quibuscuuque
1025 1479 1358 1558 disciplinis
1387 1488 1489 1540 aut
1519 1480 1733 1543 studiis
1761 1479 1905 1556 dixi,

250 1571 388 1652 quia
417 1569 670 1632 inveniri
709 1571 837 1632 sine
871 1570 1162 1651 prepheta
1191 1579 1290 1631 aut
1320 1568 1458 1631 sciri
1493 1589 1608 1631 non
1635 1570 1902 1652 possint;

1988 579 2078 641 rio
2101 581 2221 642 veri
2247 583 2462 662 Sponsi
2489 581 2994 659 seducens,illicit
3016 585 3087 647 ad
3107 586 3301 650 aliena
3321 589 3636 656 desideria.

2068 669 2166 734 ιν.
2202 670 2318 734 Sed
2361 671 2522 734 dicet
2550 673 2764 752 aliquis
2799 690 2814 736 :
2854 673 3007 747 Quid
3065 693 3205 754 ergo
3237 695 3485 743 necesse
3516 690 3640 743 erat

1989 760 2160 822 istum
2193 761 2525 842 principem
2560 761 2712 842 ﬁeri,
2745 762 2848 841 qui
2878 781 2913 824 a
2941 781 3086 826 vero
3115 765 3385 847 principe
3405 777 3635 833 mentes

1991 850 2299 940 hominum
2332 852 2713 914 declinaret?
2735 853 3029 924 Quoniam
3059 853 3216 917 Deus
3246 856 3370 937 qui,
3396 867 3462 920 ut
3487 860 3634 940 dixi,

1990 938 2138 1002 Filio
2167 958 2272 1000 suo
2313 941 2538 1003 amicos
2565 941 2750 1003 voluit
2798 961 3156 1023 praeparare,
3189 963 3308 1008 non
3355 965 3464 1009 eos
3495 938 3641 1012 tales

1993 1047 2124 1092 esse
2147 1031 2472 1112 voluit,qui
2500 1032 2855 1093 necessitate
2887 1043 3118 1095 natura
3137 1035 3298 1097 aliud
3335 1036 3473 1119 quid
3509 1056 3638 1102 esse

1994 1138 2110 1181 non
2138 1130 2399 1200 possent,
2422 1121 2526 1182 sed
2553 1123 2648 1200 qui
2674 1120 2922 1184 arbitrio
2950 1141 3061 1185 suo
3087 1132 3146 1185 et
3178 1126 3475 1188 voluntate
3497 1127 3638 1190 boni

1992 1227 2123 1271 esse
2139 1210 2569 1287 desiderarent;
2597 1212 2738 1286 quia
2758 1231 2865 1274 nec
2890 1213 3186 1276 laudabile
3211 1224 3316 1282 est.
3343 1218 3497 1298 quod
3517 1237 3634 1280 non

1995 1310 2083 1362 est
2113 1300 2540 1374 desiderabile,
2579 1321 2689 1363 nec
2720 1301 2939 1364 bonum
2963 1305 3292 1383 judicatur,
3329 1309 3484 1387 quod
3517 1329 3633 1370 non

1995 1390 2300 1471 proposito
2329 1391 2626 1470 expetitur
2652 1410 2665 1454 :
2696 1392 2842 1454 nihil
2867 1394 3025 1455 enim
3049 1394 3246 1456 laudis
3277 1405 3365 1456 est
3385 1398 3446 1459 id
3479 1416 3631 1471 esse,

1993 1498 2027 1540 a
2057 1499 2174 1560 quo
2202 1489 2259 1542 te
2285 1480 2496 1542 mutari
2528 1489 2752 1545 naturae
2784 1484 3110 1547 necessitas
3142 1503 3261 1546 non
3292 1486 3465 1548 sinat.
3495 1490 3608 1550 Pro

1992 1569 2256 1633 videntia
2277 1588 2418 1650 ergo
2443 1569 2546 1633 Dei
2571 1571 2878 1633 hominum
2906 1573 3348 1636 multitudinem
3379 1579 3540 1640 nasci
3572 1577 3630 1640 in

249 1660 469 1742 quippe
502 1659 605 1740 qui
636 1660 820 1721 sciam
853 1668 910 1720 et
941 1659 1194 1722 artiﬁcia
1225 1665 1284 1720 et
1317 1659 1663 1742 disciplinas
1683 1659 1826 1722 sciri
1851 1669 1910 1723 et
1989 1659 2102 1721 hoc
2135 1661 2360 1722 mundo
2385 1661 2586 1736 voluit,
2623 1671 2683 1722 ut
2731 1680 2800 1723 ex
2834 1661 3102 1740 pluribus
3133 1665 3504 1743 eligerentur
3531 1668 3632 1748 qui

249 1747 613 1812 exerceriab
640 1748 1002 1824 hominibus,
1033 1767 1178 1830 quas
1201 1769 1318 1811 non
1353 1768 1387 1811 a
1419 1768 1558 1812 vero
1591 1751 1900 1832 propheta,
1929 1780 1964 1830 Β
1982 1749 2202 1829 justam
2254 1749 2572 1829 diligerent
2611 1751 2808 1812 vitam.
2841 1750 2910 1812 Et
2932 1753 3067 1832 quia
3088 1763 3435 1834 praesentem
3468 1747 3633 1818 mun-

250 1840 351 1901 sed
387 1858 422 1900 a
455 1838 754 1918 magistris
786 1838 1132 1902 hominibus
1161 1839 1484 1901 didicerint

329 1929 404 1995 Il.
453 1930 746 2004 Quoniam
779 1947 918 2008 ergo
970 1937 1029 1991 te
1060 1929 1362 2010 professus
1393 1948 1456 1992 es
1481 1949 1730 2009 gnarum
1765 1950 1900 1994 esse

247 2019 560 2103 positionis
589 2020 850 2082 siderum
886 2027 943 2081 et
974 2020 1279 2082 stellarum
1312 2037 1546 2099 cursus,
1576 2039 1646 2082 ex
1679 2022 1898 2102 quibus

244 2111 628 2174 convinceres
657 2110 1022 2174 Clementem
1049 2109 1204 2190 quod
1232 2110 1439 2188 genesi
1466 2109 1666 2172 omnia
1687 2109 1894 2191 subja-

242 2210 437 2282 ceant,
463 2207 562 2261 aut
592 2199 664 2260 ab
688 2200 818 2280 ipso
843 2198 1108 2262 disceres
1138 2200 1294 2280 quod
1322 2217 1426 2278 per
1457 2199 1888 2263 Providentiam

241 2299 528 2370 reguntur
549 2293 917 2365 universa,et
936 2297 1023 2350 est
1047 2288 1220 2352 etiam
1247 2288 1469 2370 aliquid
1492 2289 1553 2350 in
1575 2289 1890 2364 nobis,hoc

239 2379 525 2460 expedire
565 2397 667 2442 vos
698 2379 992 2442 convenit.
1025 2379 1111 2441 Ac
1143 2378 1269 2441 haec
1317 2397 1496 2442 senex
1530 2381 1838 2462 respondit
1872 2403 1884 2444 :

236 2471 363 2532 Jam
388 2468 630 2551 quidem
657 2469 1057 2532 necessarium
1091 2486 1206 2530 non
1242 2476 1366 2530 erat
1398 2468 1738 2549 hujusmodi
1764 2489 1884 2533 mo-

238 2576 378 2622 vere
399 2557 835 2640 quaestiones,si
860 2558 1141 2638 possibile
1166 2566 1324 2620 esset
1348 2559 1520 2620 nobis
1541 2577 1576 2620 a
1597 2577 1734 2622 vero
1764 2579 1895 2640 pro-

237 2649 416 2730 pheta
445 2647 678 2709 discere
709 2656 771 2710 et
802 2647 1013 2709 audire
1036 2647 1280 2708 definita
1302 2649 1622 2723 sententia,
1649 2650 1789 2726 quia
1819 2650 1896 2711 sit

235 2737 460 2819 aliquid
481 2737 540 2798 in
560 2735 731 2799 nobis
751 2745 809 2798 et
829 2736 886 2797 in
903 2736 1134 2798 arbitrii
1151 2736 1402 2816 positum
1423 2736 1893 2812 libertate;valde

236 2830 395 2890 enim
430 2845 524 2889 me
553 2844 752 2888 sermo
808 2833 945 2887 tuus
977 2825 1157 2887 movit
1191 2826 1526 2902 hesternus,
1559 2827 1620 2889 in
1671 2848 1787 2909 quo
1817 2829 1894 2891 de

232 2917 451 2979 virtute
475 2915 829 2996 prophetica
853 2915 1195 2994 disputasti.
1222 2915 1396 2979 Unde
1417 2925 1476 2979 et
1499 2936 1606 2997 ego
1629 2919 1891 2982 assentio

1987 1838 2128 1901 dum
2165 1839 2436 1920 praevidit
2467 1859 2583 1901 non
2613 1841 2784 1901 aliter
2828 1860 3002 1921 posse
3032 1844 3145 1903 nisi
3179 1843 3520 1908 diversitate
3574 1855 3632 1908 et

1983 1929 2040 1990 in
2061 1950 2085 1962 ν
2099 1929 2379 2011 qualitate
2389 1929 3018 2004 constare,secundum
3040 1935 3416 2012 praesentium
3429 1953 3626 1999 rerum

1981 2018 2353 2081 diversitates
2384 2019 2704 2100 unicuique
2750 2021 2930 2083 menti
2981 2020 3316 2087 libertatem
3363 2034 3627 2088 motuum

1981 2107 2172 2182 dedit,
2198 2109 2434 2172 ethunc
2462 2108 2794 2190 principem
2839 2112 3056 2188 posuit,
3087 2131 3202 2192 quo
3227 2133 3296 2175 ea
3317 2133 3451 2195 qua:
3486 2134 3627 2177 con-

1979 2198 2164 2260 traria
2186 2198 2463 2260 videntur
2482 2197 2764 2278 agitante,
2798 2199 3010 2263 electio
3043 2202 3355 2265 meliorum
3393 2205 3630 2268 virtutis

1977 2305 2167 2367 opere
2196 2296 2514 2352 constaret.

2054 2375 2253 2440 V.Sed
2273 2385 2334 2440 ut
2349 2379 2586 2458 planius
2603 2380 2870 2462 ﬁatquod
2889 2380 3630 2462 dicimus,persingulaex-

1970 2469 2547 2549 ponemusNunquid
2564 2469 2956 2543 omnes,verbi
2970 2469 3632 2552 gratia,oportebatesse

1977 2557 2038 2618 in
2067 2558 2179 2618 hoc
2216 2556 2436 2618 mundo
2466 2575 2660 2638 reges,
2692 2568 2790 2620 aut
2826 2560 3148 2640 principes,
3181 2571 3280 2622 aut
3321 2561 3624 2638 dominos,

1987 2655 2088 2707 aut
2117 2646 2599 2726 paedagogos,aut
2623 2649 3019 2728 legisperitos,
3038 2658 3138 2712 aut
3157 2659 3516 2732 geometras,
3534 2662 3632 2714 aut

1978 2737 2386 2810 auriﬁces,aut
2406 2738 2678 2816 pistores,
2705 2747 2804 2800 aut
2826 2738 3044 2814 fabros,
3067 2747 3168 2802 aut
3189 2740 3626 2818 grammaticos,

1976 2835 2074 2887 aut
2096 2827 2441 2902 divites,aut
2465 2827 2889 2906 agricolas,aut
2911 2829 3281 2904 olitores,aut
3305 2829 3630 2910 piscatores

1976 2925 2077 2976 aut
2099 2935 2394 2997 pauperes
2409 2924 2438 2980 ?
2461 2918 2585 2979 haec
2611 2925 2840 2980 certum
2862 2927 2952 2982 est
2969 2919 3106 2999 quia
3124 2937 3334 2982 omnes
3356 2937 3488 2982 esse
3511 2937 3627 2982 non

241 3020 300 3073 et
322 3010 614 3073 conﬁrmo
641 3010 995 3074 sententiam
1029 3016 1216 3091 tuam,
1251 3010 1393 3088 quia
1421 3011 1566 3074 nihil
1599 3021 1790 3090 potest
1817 3013 1890 3075 ab
1978 3013 2267 3086 poterant.
2301 3005 2512 3070 Omnia
2541 3015 2745 3069 tamen
2780 3009 2904 3071 haec
2935 3008 3129 3071 ollicia
3162 3015 3221 3071 et
3251 3008 3437 3070 multo
3462 3008 3631 3089 plura

240 3100 482 3163 homine
513 3103 742 3162 certum
786 3098 1307 3181 indubitatumque
1356 3102 1655 3183 cognosci,
1687 3103 1782 3164 cui
1831 3112 1892 3164 et
1979 3113 2237 3175 praesens
2259 3097 2372 3158 vita
2395 3097 2702 3158 hominum
2731 3098 3005 3179 requirit,
3031 3106 3090 3161 et
3114 3098 3248 3161 sine
3268 3099 3362 3160 his
3381 3099 3627 3174 transigi

234 3190 510 3269 exiguum
545 3187 676 3250 vitae
697 3197 929 3268 tempus
962 3197 1056 3250 est
1088 3198 1146 3250 et
1177 3189 1356 3251 breve
1383 3205 1450 3250 ac
1486 3201 1664 3252 tenue
1695 3191 1890 3274 Spira-
1909 3196 1948 3247 c
1976 3201 2090 3245 non
2117 3192 2327 3266 potest;
2351 3195 2441 3248 est
2461 3204 2611 3266 ergo
2634 3188 2979 3249 necessaria
3001 3187 3061 3249 in
3085 3189 3198 3250 hoc
3224 3187 3444 3249 mundo
3475 3187 3626 3250 inae-

155 3327 158 3329 λ
233 3297 524 3360 memque
549 3278 796 3340 retineri
819 3277 1054 3340 videtur
1076 3277 1136 3339 in
1157 3279 1727 3342 vita.verumtamen
1750 3301 1896 3359 quo.
1980 3274 2396 3354 qualitas.Non
2421 3277 2577 3338 enim
2604 3285 2797 3358 potest
2817 3297 2952 3340 esse
2973 3277 3219 3357 rex,nisi
3243 3279 3455 3340 haheat
3482 3296 3630 3359 quos

233 3369 394 3432 niam
430 3368 771 3449 priusquam
803 3368 879 3430 de
910 3368 1254 3448 prophetica
1281 3370 1499 3433 virtute
1529 3370 1749 3452 aliquid
1785 3390 1892 3433 au-
1978 3373 2145 3443 regat
2179 3372 2237 3425 et
2267 3365 2482 3442 quibus
2511 3366 2786 3447 imperet,
2827 3386 3024 3446 neque
3056 3375 3247 3447 potest
3276 3385 3409 3428 esse
3443 3366 3632 3427 domi-

232 3459 450 3538 direm,
487 3458 782 3538 pollicitus
814 3459 1019 3519 videor
1050 3459 1372 3532 Clementi,
1407 3469 1467 3520 υι
1490 3459 1892 3539 ostenderem,
1982 3471 2113 3525 nus,
2143 3453 2250 3514 nisi
2276 3455 2490 3517 habeat
2514 3457 2607 3518 cui
2631 3456 3068 3537 dominetur,et
3090 3465 3303 3518 caetera
3325 3455 3622 3517 similiter.

234 3549 381 3629 quia
401 3548 603 3609 omnia
625 3547 892 3623 subjecta
915 3556 1056 3609 sunt
1075 3549 1412 3627 genesi,aut
1431 3549 1504 3610 ab
1529 3549 1656 3630 ipso
1694 3551 1892 3612 disce-
2059 3541 2153 3606 Vl.
2181 3541 2384 3606 Sciens
2401 3563 2540 3624 ergo
2563 3545 2846 3608 Conditor
2868 3565 2902 3607 a
2928 3546 3087 3607 nullo
3110 3553 3321 3625 sponte
3345 3545 3528 3606 veniri
3553 3544 3623 3605 ad

233 3655 391 3718 rem,
421 3637 560 3718 quia
588 3645 678 3699 est
697 3637 919 3717 aliquid
946 3649 1009 3698 et
1040 3638 1099 3698 in
1124 3637 1318 3714 nobis,
1345 3647 1580 3718 praastet
1603 3641 1745 3704 mihi
1769 3641 1897 3722 ipse
1978 3651 2251 3711 agonem,
2275 3634 2414 3694 dum
2447 3635 2735 3714 refugitur
2766 3635 2952 3712 labor,
2990 3636 3100 3696 hoc
3123 3643 3212 3696 est
3240 3635 3310 3695 ad
3345 3652 3628 3697 exercen-

236 3729 299 3790 in
323 3727 432 3788 hoc
453 3726 700 3804 gratiam
727 3726 1032 3805 utprimus
1055 3727 1313 3808 incipiat
1336 3737 1549 3806 etqum
1569 3728 1747 3808 ohjici
1769 3749 1898 3810 pos-
1978 3722 2085 3783 das
2110 3731 2272 3810 partes
2305 3723 2447 3786 istas
2492 3744 2637 3804 quas
2669 3744 2849 3806 supra
2899 3725 3179 3800 diximus,
3216 3743 3322 3804 per
3348 3742 3493 3805 quas
3536 3723 3627 3786 vel

231 3825 392 3892 sunt,
428 3822 715 3896 proponat
745 3825 803 3877 et
830 3815 1116 3898 absolvat;
1151 3837 1260 3896 ego
1295 3819 1456 3879 enim
1493 3837 1563 3880 ex
1597 3837 1712 3899 quo
1750 3809 1895 3898 pan-
1974 3809 2206 3891 justitia
2223 3813 2694 3893 uniuscujusque
2719 3813 3241 3874 velmisericordia
3264 3812 3631 3875 manifestari

231 3905 320 3967 cis
349 3914 465 3968 ate
492 3905 687 3967 audivi
709 3907 784 3969 de
809 3906 1018 3968 virtute
1047 3907 1393 3988 prophetiae,
1425 3908 1888 3988 magnitudinem
1981 3909 2196 3983 potest,
2229 3920 2448 3982 corpus
2480 3903 2709 3964 homini
2740 3903 2900 3976 fecit,
2938 3903 3096 3984 quod
3131 3904 3350 3964 famem
3388 3913 3444 3964 et
3467 3901 3624 3962 sitim

232 3995 623 4077 prescientiae
648 3996 1036 4058 considerans
1059 3997 1364 4076 obstupui,
1391 3998 1605 4073 fateor,
1636 4018 1748 4061 nec
1772 4018 1894 4059 om.
1975 3990 2232 4068 ett‘rigus
2250 3991 2570 4072 reciperet,
2589 3991 2971 4054 utreﬁciendi
2988 3994 3252 4073 corporis
3269 4010 3447 4054 causa
3470 4010 3630 4052 com-

233 4086 378 4148 nino
408 4085 820 4166 recipiendum
855 4085 1182 4166 quidquam
1218 4105 1462 4163 censeo,
1496 4089 1656 4169 quod
1693 4089 1893 4168 conje-
1976 4081 2131 4162 pulsi
2167 4082 2460 4155 homines,
2493 4083 2564 4142 ad
2595 4101 2805 4142 omnes
2839 4103 2986 4159 quas
3013 4101 3193 4161 supra
3244 4079 3630 4160 exposuimus

228 4175 419 4238 cturis
450 4185 510 4237 et
540 4175 932 4237 aestimatione
963 4177 1285 4257 colligitur.
1973 4179 2132 4233 artes
2158 4171 2346 4231 victus
2372 4171 2724 4233 necessitate
2744 4172 3206 4234 descenderent.
3234 4170 3538 4234 Cibienim
3573 4178 3642 4230 et-

307 4263 405 4328 III.
441 4264 659 4327 Etcum
684 4266 808 4327 haec
832 4285 1018 4328 senex
1041 4267 1314 4348 dixisset;
1343 4285 1450 4346 ego
1479 4268 1754 4330 Clemens
1779 4269 1878 4329 di-
1971 4267 2142 4341 potus
2157 4259 2671 4338 atqueindumenti
2689 4260 3168 4338 gratia,singulas
3187 4275 3460 4338 quasque
3473 4265 3627 4316 artes

229 4373 365 4418 cere
383 4353 463 4416 ita
482 4355 633 4435 ccepi
663 4375 676 4414 :
709 4358 864 4416 Deus
895 4374 1001 4435 per
1024 4356 1235 4417 Filium
1260 4374 1434 4418 suum
1466 4359 1684 4419 creavit
1711 4376 1884 4418 mun-
1970 4356 2250 4440 expetere
2269 4348 2704 4440 edocemurEt
2723 4349 2951 4429 hicjam
2971 4349 3624 4440 uniuscpjusquemen-

227 4444 374 4506 dum
406 4434 687 4524 tanquam
721 4434 1023 4525 duplicem
1046 4445 1313 4520 domum,
1342 4445 1660 4527 interjectu
1687 4447 1887 4509 ﬁrma-
1909 4476 1952 4525 υ
1971 4438 2046 4527 tis
2068 4437 2438 4527 propositum
2466 4437 2826 4514 declaratur,
2855 4448 3048 4527 utram
3077 4434 3495 4527 necessitatem
3530 4434 3620 4527 fa-

231 4533 412 4596 menti
441 4534 616 4612 hujus
640 4524 1040 4614 quod’caalum
1065 4536 1400 4616 appellatur
1430 4524 1796 4612 distinctam,
1831 4553 1889 4605 et
1911 4524 1924 4525 ί
1974 4525 2085 4586 mis
2112 4533 2174 4616 ut
2201 4524 2442 4604 frigoris
2475 4545 2581 4607 per
2611 4528 2762 4589 furta
2800 4537 2857 4588 et
2890 4526 3215 4587 homicidia
3247 4545 3313 4586 ac
3367 4525 3627 4616 perjuria

226 4624 288 4684 in
309 4621 603 4702 superiori
628 4613 870 4702 quidem
895 4613 1201 4703 angelicas
1226 4624 1498 4686 habitare
1521 4627 1792 4703 virtutes,
1825 4625 1886 4687 in
1969 4615 2209 4696 sarciat,
2250 4633 2474 4696 perque
2524 4618 2638 4679 alia
2670 4617 3012 4697 bujusmodi
3045 4616 3297 4695 scelera,
3332 4632 3404 4675 an
3445 4613 3622 4703 justi-

229 4713 340 4774 isto
367 4716 565 4775 autem
591 4711 806 4773 visibili
845 4702 1067 4775 mundo
1096 4714 1256 4774 nasci
1283 4713 1590 4776 hominum
1627 4713 1887 4775 multitu-

1995 4704 2133 4780 iam,
2161 4703 2664 4784 misericordiam,
2691 4705 3234 4784 continentiamque
3257 4702 3623 4778 custodiens,

227 4800 426 4863 dinem
460 4800 644 4874 dedit,
682 4819 750 4863 ex
781 4801 1004 4878 quibus
1038 4803 1288 4882 eligeret
1316 4803 1544 4866 amicos
1569 4801 1718 4865 Filio
1745 4821 1879 4876 suo,
1971 4795 2114 4855 artis
2145 4794 2342 4855 studio
2376 4801 2438 4858 et
2466 4815 2747 4857 manuum
2783 4795 2986 4857 labore
3020 4794 3391 4856 imminentis
3419 4809 3625 4854 neces-

225 4909 360 4952 cum
388 4889 603 4970 quibus
628 4889 949 4964 laetaretur,
979 4900 1036 4953 et
1061 4893 1158 4973 pui
1181 4893 1237 4955 ei
1267 4901 1544 4974 tanquam
1571 4911 1789 4973 sponso
1820 4901 1883 4953 ut
1967 4883 2154 4974 sitatis
2177 4883 2408 4974 expleat
2434 4885 2857 4948 ministerium.
2976 4886 3136 4946 enim
3160 4899 3293 4945 cum
3317 4882 3546 4974 justitia
3566 4899 3624 4947 et

223 4969 441 5040 dilecta
465 4996 685 5060 sponsa
704 4969 1082 5060 pararentur:
1106 4982 1327 5044 Verum
1344 4969 1534 5063 usque
1557 4969 1626 5043 ad
1653 4983 1882 5061 nuptia-
1968 4972 2183 5051 pietate
2197 4991 2264 5033 ac
2285 4971 2701 5036 misericordia
2723 4973 3135 5035 necessitatem
3150 4969 3624 5063 corporis_tt_'a_ns-_-

225 5086 356 5130 rum
386 5058 650 5158 tempus,
681 5058 836 5150 quod
889 5078 980 5131 est
1007 5071 1326 5151 praesentia
1378 5058 1580 5134 saéculi
1626 5058 1877 5146 Venturi,
1964 5063 2586 5158 igat_,velutp_ropositi
2613 5064 2821 5158 agonis
2863 5064 3067 5158 victor,
3100 5061 3324 5158 amicus
3349 5058 3486 5158 Filii
3513 5058 3621 5158 Dei

222 5156 429 5219 statuit
447 5149 725 5219 virtutem
760 5149 1107 5239 quamdam,
1142 5180 1279 5238 qua;
1303 5180 1371 5222 ex
1403 5161 1496 5222 his
1521 5181 1648 5241 quae
1677 5160 1739 5222 in
1769 5162 1882 5222 hoc

1992 5161 2022 5211 ει
2044 5150 2273 5212 electus
2293 5149 2582 5246 abscedit;
2615 5154 2660 5213 si
2686 5171 2824 5214 vero
2847 5171 2949 5231 per
2975 5150 3238 5229 fraudes,
3264 5167 3365 5230 per
3395 5149 3621 5246 iniqui-

222 5247 450 5307 mundo
474 5237 826 5330 nascuntur,-
863 5249 1040 5327 eligat
1071 5259 1130 5311 et
1153 5237 1444 5315 Custodiat
1478 5237 1780 5330 meliores,
1813 5269 1880 5312 ac
1965 5251 2110 5308 tates
2133 5248 2191 5330 et
2219 5239 2446 5330 scelera
2472 5243 2979 5323 concupiscentiis
3007 5241 3268 5330 deservit
3289 5237 3623 5330 corporali-

227 5344 429 5397 servet
450 5335 599 5398 Filio
623 5356 728 5398 suo
749 5327 1153 5418 se’quesuatos
1169 5341 1227 5401 in
1249 5340 1378 5402 loco
1403 5341 1654 5420 quodam
1677 5327 1881 5401 mundi
1963 5328 2384 5420 bus.principis
2402 5331 2580 5410 hujus
2599 5333 2802 5394 mundi
2820 5341 2996 5412 atque
3009 5327 3622 5420 omnium‘daamonum

219 5425 320 5501 qui
347 5435 510 5487 extra
542 5437 789 5504 peccatu
805 5417 856 5488 m
890 5437 1007 5503 est,
1038 5432 1093 5489 in
1122 5430 1377 5511 quojam
1403 5417 1539 5491 sunt
1567 5429 1878 5509 aliquanti,
1962 5422 2188 5482 amicus
2223 5419 2504 5511 ellicitur,
2538 5443 2569 5482 a
2601 5422 2822 5503 quibus
2870 5424 3042 5482 etiam
3082 5420 3191 5482 hoc
3220 5417 3532 5511 educetur,
3564 5429 3625 5479 ut

219 5513 321 5595 qui
344 5513 421 5575 ibi
446 5517 552 5576 velt
583 5523 874 5600 tsponsa,
899 5528 959 5580 ut
984 5505 1373 5596 dish—decora
1398 5520 1470 5581 ad
1495 5505 1698 5600 sponsi
1726 5537 1886 5600 pran-_
1963 5511 2272 5571 stellarum
2305 5510 2582 5572 cursibus
2613 5512 2906 5572 malorum
2934 5528 3174 5570 suorum
3191 5505 3629 5600 ascribaterto-

216 5605 475 5667 sentiam
499 5595 1090 5687 prmparanturﬁam
1115 5609 1320 5670 mundi
1347 5595 1602 5688 hujus-et
1625 5595 1886 5688 przeseni
1962 5619 2082 5678 res,
2118 5614 2273 5674 quos
2308 5601 2547 5661 nonnisi
2614 5602 2918 5682 proposito
2956 5619 3026 5660 ac
3056 5600 3351 5688 voluntate
3380 5595 3622 5673 delegit.

218 5690 290 5754 tis
338 5685 634 5776 temporis
679 5696 965 5782 princeps
1020 5697 1290 5760 adultero
1341 5685 1557 5759 similis
1607 5685 1717 5776 est,
1778 5696 1878 5778 qui
1961 5688 2190 5775 Etenim
2239 5696 2420 5768 artes,
2457 5700 2731 5769 cogente,
2770 5698 2829 5750 ut
2878 5689 3166 5768 diximus,
3195 5685 3310 5748 cibi
3343 5703 3409 5747 ac
3455 5699 3625 5766 potus
