4058 6206
418 324 570 390 4403

1254 332 1312 394 S.
1360 329 1796 396 CLEMENTIS
1840 334 1861 395 I
1904 333 2088 397 ROM.
2136 335 2359 398 PONT.
2408 334 2655 403 OPERA
2702 341 2955 404 DUBIA.

3638 346 3798 411 14οι

419 458 739 543 voluptate,
766 460 1077 559 discuntur
1105 472 1164 559 et
1191 471 1546 559 exercentur
1568 484 1582 540 ;
1607 482 1739 559 quae
1757 465 2063 559 voluptas,
2087 472 2128 521 A
2150 475 2307 559 sunt,
2340 476 2410 559 ut
2438 488 2508 533 ex
2541 488 2745 533 earum
2781 472 3113 536 certamine
3141 475 3367 538 oriatur
3390 478 3567 556 justis
3601 478 3801 559 palma

417 569 548 611 cum
575 553 901 616 accesserit
926 551 1253 633 unicuique
1275 552 1543 615 veritatis
1589 555 1832 634 agnitio,
1886 555 2059 617 inﬁr-
2143 554 2407 619 victoriae
2436 566 2496 621 et
2534 559 2809 621 meritum
2835 560 3240 640 praemiorum.

420 639 574 702 mior
627 641 883 705 efﬁcitur
938 642 1300 705 succedente
1357 643 1750 722 parcimonia.
1798 643 2064 718 Quantus

419 730 576 791 enim
605 741 882 813 sumptus
911 742 1021 799 est.
1054 750 1205 813 aqua
1233 739 1288 793 et
1320 750 1470 813 pane
1500 734 1805 795 utentibus
1825 743 1881 797 et
1905 734 2063 795 hunc

420 838 453 879 a
484 819 605 882 Deo
636 819 1066 900 sperantibus?

502 909 622 973 VII.
648 910 747 973 Est
764 930 926 990 ergo,
952 918 1015 973 ut
1039 911 1324 992 diximus,
1350 911 1688 973 necessaria
1712 914 1979 995 quaedam
2003 912 2062 974 in

421 1000 865 1081 dispensatione
892 1001 1096 1062 mundi
1119 1001 1507 1081 inaequalitas,
1533 1000 1671 1062 dum
1696 1021 1904 1064 omnes
1924 1003 2063 1078 qui-

420 1089 555 1149 dem
585 1090 858 1153 homines
881 1108 994 1152 non
1028 1090 1229 1152 omnia
1253 1101 1497 1170 possunt
1520 1092 1675 1153 scire
1702 1092 1788 1153 vel
1814 1091 2066 1172 implere

420 1179 688 1250 artiﬁcia,
724 1200 831 1241 usu
883 1189 1078 1241 tamen
1115 1189 1171 1241 et
1219 1180 1549 1243 ministerio
1591 1181 1857 1243 omnium
1912 1200 2064 1262 pene

422 1285 629 1330 omnes
657 1268 943 1349 indigent,
971 1277 1029 1330 et
1060 1268 1133 1329 ob
1165 1270 1276 1331 hoc
1322 1288 1568 1333 necesse
1602 1278 1690 1331 est
1721 1271 1903 1333 alium
1930 1290 2069 1351 ope-

421 1358 566 1437 rari,
590 1358 771 1420 alium
798 1360 1067 1439 operanti
1091 1358 1924 1438 praeberemercedem,aiium
1950 1378 2070 1421 ser-

419 1447 745 1521 vire,aiium
773 1448 1089 1523 dominari,
1111 1448 1291 1509 alium
1311 1450 1465 1529 regi,
1490 1449 1670 1511 alium
1693 1469 1925 1529 regere.
1951 1450 2069 1513 Sed

423 1537 575 1601 hanc
599 1538 1061 1617 inaequalitatem
1087 1557 1219 1618 quae
1237 1539 1573 1601 mortalium
1591 1540 1769 1600 vitam
1797 1558 2072 1602 necessa-

423 1627 513 1689 rio
545 1626 859 1689 subsecuta
881 1629 1197 1706 est,divina
1217 1629 1592 1690 Previdentia
1616 1629 1672 1689 in
1695 1630 2071 1691 occasionem

2227 646 2300 709 1X
2356 645 2438 710 Ex
2463 648 2590 709 istis
2625 667 2764 729 ergo
2796 650 3017 711 accidit
3045 651 3370 727 interdum,
3404 662 3466 714 ut
3493 654 3544 716 si
3566 655 3668 736 qui
3700 656 3802 717 in-

2147 735 2523 798 continenter
2552 739 2808 815 egerint,
2832 747 2889 799 et
2908 758 3022 800 non
3046 748 3275 803 tantum
3298 735 3598 805 obsistere
3622 763 3804 824 quam

2149 825 2363 887 cedere
2392 834 2566 908 atque
2592 827 2653 888 in
2684 828 3023 908 semetipsis
3056 830 3199 894 dare
3241 831 3327 893 eis
3360 832 3661 895 voluerint
3706 834 3802 895 io—

2148 916 2507 1005 cutn,_noxia
2536 935 2735 979 earum
2770 918 3132 997 aspiratione
3162 929 3486 1000 generetur
3506 923 3782 1003 intempe

2150 1012 2273 1065 rata
2306 1004 2363 1067 et
2389 1004 2593 1068 vitiosa
2624 1008 2958 1086 progenies.
2986 1008 3135 1070 Dum
3162 1011 3323 1072 enim
3347 1020 3531 1072 totum
3559 1012 3801 1073 libidini

2150 1094 2499 1177 indulgetur
2530 1104 2605 1177 et
2630 1096 2962 1159 observatio
2996 1099 3156 1160 nulla
3206 1101 3464 1163 coeundi
3495 1110 3607 1177 est,
3661 1102 3806 1163 illo-

2150 1193 2279 1263 rum
2311 1175 2439 1237 sine
2471 1175 2649 1237 dubio
2671 1179 3030 1252 daemonum,
3061 1180 3282 1257 quibus
3303 1182 3429 1243 haec
3468 1175 3807 1263 perurgen-

2151 1261 2307 1325 tibus
2328 1265 2493 1340 ﬁunt,
2534 1265 2672 1327 vitia
2690 1274 2747 1328 et
2790 1267 3139 1345 fragilitates
3177 1269 3426 1350 suscipit
3465 1261 3814 1351 importuna

2153 1353 2476 1431 generatio.
2519 1353 2590 1415 Et
2622 1354 2756 1417 ideo
2803 1376 2908 1437 pro
2939 1358 3286 1437 hujusmodi
3341 1359 3497 1421 vitiis
3529 1370 3810 1421 natorum

2156 1442 2393 1504 obnoxii
2425 1452 2599 1507 erunt
2628 1456 2923 1528 parentes,
2960 1450 3061 1529 qui
3091 1448 3283 1528 legem
3313 1467 3548 1511 servare
3579 1470 3812 1513 concu-

2156 1531 2312 1593 bitus
2335 1535 2825 1607 noluerunt,licet
2842 1537 2955 1598 sint
2984 1548 3041 1598 et
3066 1538 3193 1599 alite
3206 1557 3396 1599 causze
3417 1540 3809 1614 secretiores,

2157 1621 2371 1702 quibus
2403 1623 2493 1685 his
2526 1625 2694 1686 malis
2727 1626 3002 1689 obnoxiae
3035 1627 3376 1689 efﬁciuntur
3397 1629 3640 1709 animae,
3668 1647 3815 1709 quas

422 1716 689 1795 justitiae,
730 1717 1157 1779 misericordiae
1208 1717 1709 1798 humanitatisque
1754 1720 2068 1792 convertit,
2099 1732 2317 1802 Bnunc
2370 1714 2633 1794 proferre
2666 1715 2954 1795 temporis
3001 1736 3119 1778 non
3173 1726 3285 1779 est.
3318 1717 3543 1780 Tamen
3578 1727 3816 1798 oportet

427 1816 490 1868 ut
522 1807 661 1869 dun:
694 1808 819 1869 hmc
850 1808 1004 1869 inter
1032 1809 1307 1870 homines
1332 1816 1608 1887 aguntur,
1642 1808 1717 1869 sit
1750 1809 2071 1887 unicuique

424 1916 599 1959 causa
621 1898 782 1979 juste
811 1898 1021 1973 agendi
1053 1916 1184 1958 cum
1227 1916 1319 1973 eo,
1350 1897 1443 1958 cui
1474 1916 1704 1959 merces
1726 1898 1929 1977 operis
1962 1917 2068 1960 ex-

428 1988 710 2049 solvenda
725 1996 901 2063 est,et
916 1986 1171 2049 faciendi
1198 1988 1667 2049 misericordiam
1689 2007 1820 2048 cum
1842 1989 2068 2068 eo,qui,

429 2076 734 2139 debilitate
758 2076 1021 2139 fortassis
1043 2086 1143 2139 aut
1167 2078 1415 2157 penuria
1444 2079 1877 2149 intercedente,
1908 2077 2072 2139 debi-

429 2176 550 2228 tum
584 2169 815 2230 solvere
832 2188 945 2229 non
973 2176 1185 2247 potest:
1213 2167 1317 2228 sed
1344 2177 1400 2229 et
1424 2167 1682 2229 humane
1701 2168 1914 2247 agendi
1937 2187 2070 2229 cum

428 2256 516 2317 his
547 2258 643 2338 qui
674 2257 1026 2321 conditione
1062 2256 1331 2318 vitientur
1362 2258 1624 2332 obnoxii,
1665 2257 2068 2318 mansuetudi-

427 2363 561 2406 nem
589 2365 828 2427 quoque
871 2345 1261 2408 conservandi
1285 2363 1420 2425 erga
1442 2345 1764 2425 subjectos,
1791 2355 1848 2406 et
1872 2347 2073 2408 omnia

432 2452 677 2515 prorsus
709 2435 959 2514 gerendi
990 2435 1315 2497 secundum
1340 2435 1531 2515 legem
1560 2437 1689 2498 Dei.
1714 2434 1889 2497 Dedit
1910 2436 2069 2497 enim

431 2522 872 2605 legetn,juvans
900 2544 1006 2607 per
1028 2525 1138 2587 hoc
1162 2525 1453 2585 humanas
1478 2534 1734 2591 mentes,
1761 2532 1819 2585 ut
1839 2524 2074 2586 facilius

433 2631 569 2689 erga
606 2614 1076 2692 unumquodque
1104 2614 1364 2693 qualiter
1393 2614 1486 2693 agi
1508 2613 1759 2676 deberet
1804 2613 2047 2676 adverte

431 2712 587 2777 rent,
616 2723 731 2784 qua
765 2705 856 2765 via
886 2705 1215 2784 effugerent
1246 2704 1462 2764 malum
1511 2711 1569 2766 et
1600 2722 1716 2783 qua
1773 2704 1846 2765 ad
1878 2704 2073 2765 futura

434 2792 753 2856 tenderent
785 2794 962 2874 bona,
985 2805 1044 2857 et
1066 2802 1130 2855 ut
1151 2792 1209 2855 in
1235 2812 1384 2873 aqua
1406 2795 1741 2873 regenerati
1767 2811 1873 2871 per
1895 2811 2077 2874 opera

2158 1820 2641 1884 unumquemque
2673 1824 2998 1884 agnoscere
3026 1806 3215 1884 legem
3254 1807 3379 1879 Dei,
3411 1814 3473 1868 ut
3497 1826 3567 1868 ex
3597 1827 3668 1867 ea
3705 1827 3811 1886 ge-

2156 1893 2405 1953 nerandi
2432 1892 2869 1955 observantiam
2899 1905 3090 1956 sumat
3111 1904 3168 1956 et
3188 1896 3584 1957 immunditite
3605 1915 3815 1958 causas

2157 1980 2438 2058 declinet,
2473 1991 2536 2044 ut
2578 1984 2765 2059 possit
2800 1984 3082 2046 mundum
3137 2004 3268 2047 esse
3317 1986 3474 2067 quod
3523 1986 3811 2065 gignitur.

2156 2071 2360 2152 Neque
2423 2072 2581 2134 enim
2632 2074 2717 2135 fas
2766 2082 2876 2147 est,
2934 2082 2998 2135 ut
3046 2075 3104 2135 in
3173 2075 3507 2157 plantandis
3560 2076 3807 2156 quidem

2157 2162 2423 2242 virgultis
2455 2163 2542 2223 vel
2578 2162 2638 2223 in
2671 2162 3038 2225 seminandis
3087 2164 3352 2243 frugibus
3404 2174 3811 2246 Opportunum

2160 2261 2393 2332 tempus
2445 2261 2779 2334 quaeratur,
2839 2260 2995 2315 terra
3048 2264 3331 2335 purgetur
3377 2264 3551 2336 atque
3610 2253 3816 2315 omnia

2155 2360 2284 2423 quae
2317 2342 2593 2404 convenit
2622 2352 3051 2423 praeparentur,
3078 2363 3154 2405 ne
3179 2345 3329 2407 forte
3361 2362 3567 2407 semen
3586 2346 3814 2422 jactum

2156 2431 2404 2493 laedatur
2431 2439 2487 2491 et
2520 2438 2742 2512 pereat,
2779 2440 2838 2493 et
2886 2432 2944 2492 in
2981 2433 3105 2495 solo
3137 2433 3402 2508 homine,
3436 2433 3539 2514 qui
3571 2443 3664 2494 est
3705 2451 3816 2492 su-

2156 2540 2261 2602 per
2280 2522 2406 2583 haec
2427 2521 2647 2601 omnia,
2681 2522 2919 2583 serendi
2943 2522 3272 2585 observatio
3304 2523 3465 2585 nulla
3493 2522 3816 2593 habeatur,

2158 2612 2318 2673 nulla
2348 2612 2602 2674 cautela.

2238 2702 2316 2764 Χ.
2352 2701 2468 2765 Sed
2513 2700 2678 2782 quid,
2728 2701 2887 2780 quod
2945 2702 3238 2776 nonnulli,
3290 2702 3504 2783 inquit,
3556 2722 3695 2764 cum
3756 2701 3819 2762 in

2161 2790 2350 2871 prima
2395 2800 2564 2852 relate
2594 2790 2816 2870 absque
2869 2789 3009 2851 vitio
3040 2791 3261 2853 fuerint
3310 2792 3632 2873 corporali,
3666 2808 3819 2870 pro-

429 2880 2079 2960 bona,ignemvetustaenativitatisexstinguerent.Prima
2160 2898 2332 2941 cessu
2378 2880 2662 2961 temporis
2712 2880 3026 2941 incurrunt
3075 2881 3201 2942 haec
3248 2882 3420 2955 mala,
3478 2882 3556 2943 ita
3582 2891 3648 2942 ut
3698 2880 3817 2942 ali-

430 2972 590 3034 enim
624 2982 825 3036 nostra
854 2972 1123 3034 nativitas
1173 2990 1279 3053 per
1337 2975 1529 3051 ignem
1582 2973 2079 3050 concupiscentiae
2101 3042 2133 3053 η
2160 2970 2366 3047 quanti
2397 2969 2574 3031 etiam
2606 2968 2899 3032 violenter
2935 2970 3381 3050 praecipitentur
3410 2970 3469 3031 in
3501 2978 3760 3033 mortem
3794 2970 3822 3030 ζ’

430 3063 764 3135 descendit,
781 3042 1445 3142 etideodispensatiohe
1460 3062 1656 3123 divina
1676 3042 2134 3124 sec-undahazcC
2159 3042 2350 3121 Etiam
2384 3060 2457 3121 de
2487 3058 2581 3120 his
2611 3059 2803 3121 vicina
2832 3068 2889 3121 et
2928 3042 3081 3139 pene
3114 3042 3323 3123 eadem
3351 3061 3500 3124 ratio
3529 3069 3621 3122 est
3648 3079 3664 3135 ;
3698 3059 3819 3121 illa;

435 3170 541 3232 per
571 3171 783 3234 aquam
818 3152 1237 3224 introducitur,
1273 3170 1402 3232 qua:
1434 3152 1753 3230 restinguat
1786 3152 1941 3228 ignis
1974 3170 2078 3212 na-

435 3254 648 3317 turam,
682 3252 738 3305 et
771 3242 1003 3305 caelesti
1062 3242 1273 3321 spiritu
1308 3242 1507 3303 anima
1535 3242 1869 3302 illuminata
1924 3242 2077 3323 (80),

432 3340 650 3394 metum
680 3333 883 3412 prima:
901 3331 1222 3392 nativitatis
1241 3331 1560 3411 abjiciat,si
1578 3339 1771 3391 tamen
1796 3331 1875 3391 ita
1893 3332 1966 3392 de
1990 3349 2081 3391 re-

430 3422 591 3503 liquo
604 3424 851 3501 vivat,ut
866 3421 1056 3483 nullas
1074 3421 1321 3482 omnino
1339 3420 1544 3481 mundi
1561 3420 1733 3500 hujus
1748 3420 2076 3500 voluptates

430 3511 712 3592 requirat,
747 3506 848 3573 sed
882 3510 954 3570 sit
988 3520 1266 3590 tanquam
1304 3510 1653 3590 peregrinus
1676 3509 1982 3571 etadvena
2001 3509 2073 3586 63,

428 3610 604 3682 atque
627 3602 871 3662 alterius
903 3600 1152 3662 civitatis
1186 3599 1351 3660 civis.

512 3689 663 3753 Vill.
691 3689 807 3751 Led
848 3689 1100 3750 fortasse
1133 3688 1318 3763 dicas,
1344 3688 1479 3769 quia
1504 3689 1562 3748 in
1586 3688 1675 3748 his
1699 3687 1964 3767 quidem,
2020 3688 2079 3749 in

430 3781 646 3861 quibus
680 3778 961 3842 naturalis
994 3778 1311 3839 necessitas
1342 3778 1518 3855 exigit
1554 3778 1769 3839 artium
1808 3796 2083 3858 operum-

432 3888 550 3949 que
594 3869 1018 3939 ministerium,
1073 3875 1264 3947 potest
1306 3867 1712 3947 unusquisque
1747 3867 1969 3929 habere
2020 3869 2079 3929 itt

436 3965 995 4037 potestate,servare
1012 3955 1299 4032 justitiam
1322 3957 1635 4016 etmodum
1660 3956 1748 4017 vel
1766 3956 2083 4019 desideriis

435 4047 522 4107 vel
554 4046 783 4108 actibus
815 4063 990 4127 quem
1015 4044 1153 4106 velit
1182 4045 1495 4124 imponere
1529 4045 1703 4125 ;qt.iii
1729 4046 1803 4106 de
1832 4046 2079 4124 aegritun

435 4134 678 4195 dinibus
708 4135 979 4195 dicemus
1019 4143 1076 4194 et
1134 4133 1599 4209 inﬁrmitatibus,
1626 4155 1755 4216 qua:
1806 4136 2081 4198 accidunt

436 4224 801 4304 hominibus,
836 4231 894 4286 et
923 4223 1077 4304 quod
1111 4223 1482 4283 daemonibus
1506 4226 1776 4287 nonnulli
1799 4236 2083 4305 urgentur

2164 3149 2348 3225 enim,
2375 3169 2519 3225 quas
2544 3150 2800 3211 diximus
2821 3151 3154 3212 contrarias
3186 3152 3446 3212 humano
3468 3151 3675 3229 generi
3708 3169 3813 3230 po~

2166 3247 2426 3314 testatos,
2463 3239 2535 3300 ad
2588 3240 3052 3320 uniuscujusque
3082 3259 3185 3301 cor
3227 3259 3335 3321 per
3363 3240 3581 3302 multas
3610 3248 3668 3299 et
3716 3239 3815 3300 di-

2164 3348 2362 3389 versas
2390 3328 2902 3409 concupiscentias
2934 3330 3254 3391 invitantur
3286 3328 3727 3411 quodammodo
3761 3337 3823 3390 et

2164 3418 2536 3498 ingrediendi
2567 3417 2861 3499 accipiunt
2892 3419 3113 3498 locum,
3165 3428 3373 3500 estque
3405 3419 3530 3479 haec
3582 3417 3643 3477 in
3696 3417 3820 3478 illis

2163 3509 2249 3570 vis
2281 3515 2337 3569 et
2390 3515 2667 3589 potestas,
2705 3528 2837 3587 quae
2883 3510 3153 3571 hortetur
3194 3520 3255 3570 et
3305 3508 3515 3570 incitet
3560 3516 3819 3581 tantum,

2165 3618 2281 3659 non
2312 3618 2445 3678 quae
2476 3606 2643 3677 cogat
2664 3606 2721 3659 et
2744 3599 3030 3678 perﬁciat.
3058 3599 3117 3661 Si
3137 3617 3275 3678 ergo
3306 3598 3441 3679 quis
3481 3597 3829 3679 acquiescat

2166 3687 2343 3767 eis,ut
2362 3686 2535 3748 etiam
2560 3695 2690 3767 agat
2712 3707 2781 3750 ea
2800 3707 2937 3768 quae
2961 3689 3113 3749 male
3135 3687 3458 3761 desiderat,
3477 3705 3819 3748 consensus

2164 3778 2256 3839 sui
2277 3785 2333 3839 et
2362 3784 2523 3839 actus
2548 3778 2883 3839 mercedem
2904 3777 3254 3859 perditionis
3273 3786 3332 3839 et
3349 3776 3638 3857 pessima:
3662 3794 3825 3843 mor-

2168 3867 2238 3929 tis
2270 3868 2550 3931 inveniet.
2588 3867 2650 3930 Si
2699 3886 2837 3929 vero
2869 3868 3133 3929 futurum
3181 3867 3472 3947 judicium
3524 3865 3823 3945 cogitans,

2166 3966 2325 4019 metu
2364 3956 2493 4037 ipso
2542 3957 2720 4018 fuerit
2748 3975 3057 4037 repressus
3107 3965 3163 4018 et
3207 3956 3572 4018 revocaverit
3618 3974 3707 4031 se,
3747 3973 3827 4017 ne

2164 4055 2300 4109 actu
2328 4048 2571 4127 impleat
2593 4046 2754 4127 quod
2783 4046 2935 4107 mala
2961 4047 3312 4127 cogitatione
3334 4046 3634 4124 concepit,
3661 4047 3821 4107 etfu-

2166 4136 2422 4214 gietnon
2448 4136 2637 4196 solum
2666 4135 2986 4215 perniciem
3012 4144 3391 4216 praesentem,
3413 4136 3516 4197 sed
3543 4144 3601 4195 et
3622 4135 3824 4195 futura

2166 4225 2472 4306 supplicia.
2492 4225 2701 4289 Omnis
2719 4225 2873 4287 enim
2899 4244 3075 4287 causa
3088 4225 3317 4305 peecati
3340 4224 3563 4285 similis
3579 4224 3825 4284 videtur

435 4322 494 4376 et
544 4314 806 4375 febribus
834 4323 893 4377 et
921 4313 1269 4392 frigoribus,
1335 4314 1606 4375 nonnulli
1657 4317 1834 4376 etiam
1884 4316 2303 4378 furoreDesse
2333 4322 2565 4395 stuppae
2598 4315 2725 4395 pice
2778 4312 2997 4389 oblitae,
3034 4335 3170 4395 quae
3220 4314 3321 4375 ubi
3357 4313 3617 4375 calorem
3667 4312 3827 4390 ignis

434 4409 687 4481 aguntur
716 4410 773 4465 et
800 4400 998 4465 mente
1029 4403 1332 4484 excidunt;
1370 4413 1427 4464 et
1457 4405 1656 4465 omnia
1689 4404 1809 4485 illa,
1836 4425 1966 4486 qua;
1996 4406 2083 4468 in-

438 4492 699 4553 numeris
732 4492 964 4553 casibus
1016 4501 1293 4573 premunt
1348 4493 1682 4554 mortalium
1729 4513 1919 4571 genus
1944 4496 1968 4555 2’
1996 4495 2083 4558 Ad

438 4585 561 4644 haec
612 4581 904 4655 dicemus,
938 4582 987 4642 si
1029 4582 1370 4644 consideret
1411 4582 1543 4663 quis
1597 4584 1777 4644 totius
1822 4584 2087 4665 mysterii

440 4671 889 4745 rationem,hzec
913 4670 1031 4732 illis
1056 4691 1188 4751 qua;
1208 4690 1385 4751 supra
1407 4673 1817 4751 exposuimus,
1833 4674 2084 4753 justiora

440 4778 573 4821 esse
603 4758 1026 4839 pronuntiabit.
1053 4759 1213 4821 Deus
1243 4759 1401 4821 enim
1428 4760 1777 4821 hominibus
1812 4769 2079 4822 naturam

437 4848 621 4920 dedit,
658 4867 763 4928 per
792 4868 966 4928 quam
1000 4858 1059 4908 et
1088 4848 1292 4909 doceri
1319 4848 1556 4928 possint
1588 4851 1662 4910 de
1695 4850 1846 4911 bono
1880 4858 1940 4911 et
1968 4851 2080 4911 ob-

437 4938 647 4998 sistere
682 4938 857 5010 malo,
890 4937 946 4998 id
981 4950 1088 5010 est,
1117 4945 1183 4999 ut
1214 4946 1273 5000 et
1304 4948 1461 5001 artes
1497 4939 1729 5020 possint
1761 4940 1993 5002 discere
2028 4947 2085 5002 et

437 5027 731 5090 obsistere
761 5027 1189 5107 voluptatibus,
1213 5047 1281 5089 ac
1307 5031 1588 5110 praeferre
1609 5030 1668 5090 in
1695 5029 1972 5091 omnibus
1994 5030 2084 5092 le-

436 5136 567 5195 gem
602 5117 729 5193 Dei,
766 5126 825 5180 et
867 5117 943 5179 ob
974 5118 1087 5178 hoc
1130 5117 1377 5179 virtutes
1431 5119 1713 5199 quasdam
1760 5119 2088 5181 cu-ntrarias

2168 4410 2465 4490 acceperit
2488 4409 2682 4472 statim
2705 4409 3106 4471 inflammatur
3130 4429 3144 4469 :
3173 4409 3351 4487 hujus
3366 4426 3507 4469 vero
3531 4406 3686 4485 ignis
3720 4406 3822 4467 iu-

2168 4499 2444 4561 cendium
2478 4518 2658 4579 opera
2702 4517 2831 4561 esse
2885 4499 3220 4560 daemonum
3274 4497 3710 4575 intelliguntur.
3762 4496 3823 4557 Si

2168 4608 2305 4669 ergo
2336 4589 2718 4651 inveniantur
2747 4587 2897 4669 quis
2916 4587 3172 4669 peccatis
3201 4594 3263 4648 et
3310 4584 3826 4667 concupiscentiis

2169 4665 2447 4760 tanquam
2494 4678 2625 4758 pice
2657 4665 2898 4751 oblitus’,
2919 4665 2931 4669 ⁷
2952 4677 3105 4756 ignis
3132 4677 3185 4739 ei
3216 4665 3521 4738 facillime
3542 4675 3822 4735 domina-

2169 4780 2284 4829 tur.
2314 4767 2533 4830 Sivero
2559 4787 2675 4827 non
2702 4766 2929 4849 peccati
2949 4765 3102 4847 pice,
3131 4764 3234 4826 sed
3258 4784 3412 4845 aqua
3444 4763 3822 4844 puriﬁcatio-

2168 4858 2259 4919 nis
2289 4867 2350 4919 et
2378 4858 2844 4937 regenerationis
2874 4857 3072 4918 infusa
3103 4856 3181 4917 sit
3212 4864 3446 4936 stuppa,
3480 4853 3636 4933 ignis
3667 4852 3728 4914 in
3756 4870 3826 4913 ea

2167 4949 2504 5009 daemonum
2537 4966 2658 5008 non
2690 4945 2910 5008 valebit
2940 4944 3211 5007 accendi.

2248 5039 2352 5101 Xl.
2380 5036 2493 5100 Sed
2513 5035 2901 5117 dicetaliquis
2933 5036 3040 5097 :Et
3068 5034 3208 5115 quid
3247 5033 3533 5095 faciemus
3543 5033 3670 5111 jam
3717 5050 3825 5093 nos

2170 5145 2317 5207 quos
2338 5126 2583 5205 contigit
2605 5126 2860 5207 peccatis
2883 5124 3035 5187 sicut
3078 5123 3214 5203 pice
3242 5122 3501 5184 oblitos?
3546 5120 3823 5201 Respon-

437 5209 717 5269 oberrare
748 5207 1033 5269 mundum
1058 5208 1216 5268 hunc
1239 5215 1299 5268 et
1325 5207 1613 5269 obluctari
1634 5207 1937 5270 nobiscum
1960 5228 2091 5289 per-
2171 5214 2323 5277 debo
2354 5232 2366 5276 :
2402 5214 2557 5276 Nihil
2591 5213 2749 5276 aliud
2782 5213 2896 5274 nisi
2926 5222 2990 5275 ut
3018 5212 3316 5274 festinetis
3346 5209 3527 5287 ablui,
3563 5230 3682 5289 quo
3716 5226 3823 5271 ex-

443 5296 628 5377 misit,
682 5304 925 5379 propter
973 5316 1181 5359 causas
1237 5316 1369 5378 qua:
1423 5298 1545 5376 jam
1598 5298 1872 5378 superius
1917 5300 2091 5361 dictae
2174 5313 2454 5385 purgetur
2484 5324 2513 5365 a
2550 5303 2711 5365 vobis
2744 5302 2896 5385 ignis
2946 5301 3195 5364 materia
3228 5319 3334 5382 per
3384 5298 3818 5361 invocationem

513 5458 567 5501 ⁸³
601 5459 753 5523 Psal.
790 5476 1025 5533 xxxvm,
1070 5457 1158 5522 i3.

1763 5546 2159 5618 COTELERII
2180 5553 2453 5619 ‘NOTIE.

521 5690 641 5770 (80)
678 5692 753 5753 Et
783 5688 1005 5770 calcati
1032 5689 1500 5770 spirituuninm
1523 5687 1901 5749 illuminata.
1923 5686 2095 5748 Forte
2115 5694 2201 5761 ut,
2227 5687 2725 5767 quemadmodum
2759 5696 3091 5749 correctum
3117 5686 3458 5748 cerniturin
3492 5700 3599 5745 ms.
3638 5680 3824 5761 Regis

440 5765 633 5848 atque
652 5770 826 5831 habet
849 5768 1033 5831 editio
1061 5765 1449 5832 Coloniensis
