4058 6206
269 340 425 404 ηοξ»

1457 335 2084 403 RECOGNITIONUM
2134 340 2273 401 LIB.
2327 343 2425 403 IX.

3491 318 3639 397 1406

269 477 458 540 sancti
482 476 770 556 nominis,
803 483 864 538 et
904 475 980 537 de
1010 474 1241 555 reliquo
1285 473 1466 536 futuri
1505 473 1720 555 judicii
1753 483 1914 535 metu
1936 481 1973 530 Α
1997 473 2113 536 scit
2141 476 2441 554 quomodo
2475 483 2534 537 et
2557 492 2742 556 quare
2776 481 2978 554 peccet
3009 473 3112 552 qui
3143 479 3368 553 peccat,
3423 477 3481 532 et
3507 487 3643 552 qua:

265 564 789 648 concupiscentias
807 565 1335 643 refrenetis,atque
1355 564 1726 628 adversarias
1745 574 1915 644 pote-

268 661 622 738 states,cum
653 655 804 717 forte
821 654 893 716 ad
927 653 1778 724 sensusvestrosaccesseriut,
1799 661 1916 716 tota

269 746 668 810 obstinatione
699 744 955 825 pellatis.
983 745 1101 808 Sed
1119 744 1290 808 dicis:
1315 744 1378 808 Si
1410 745 1468 806 in
1491 762 1756 807 amorem
1782 743 1917 826 quis

266 833 875 916 inciderit,quomodo
893 851 958 896 se
970 833 1764 914 poteritcontinere,etiamsi
1779 846 1918 897 ante

266 926 478 989 oculos
497 942 637 987 suos
659 925 854 1003 ipsum
873 924 1026 1002 ignis
1061 925 1300 988 ﬁuvium
1319 944 1498 1008 quem
1533 925 1918 1006 Pyriphlege-

267 1017 480 1079 tbonta
509 1013 841 1088 nominant,
867 1014 1091 1079 videat?
1114 1015 1250 1078 Haec
1268 1015 1571 1079 excusatio
1595 1025 1687 1076 est
1705 1034 1916 1078 eorum

269 1106 370 1188 qui
390 1106 656 1168 converti
677 1106 748 1166 ad
775 1104 1184 1184 paenitentiam
1219 1106 1728 1188 nolunt.Denique
1759 1123 1918 1170 nunc

272 1196 412 1258 nolo
445 1194 1009 1275 Pyriphlegethonta
1037 1196 1296 1259 adducas
1328 1197 1389 1260 in
1417 1195 1914 1279 medium;homi-

274 1302 414 1349 num
448 1283 555 1346 tibi
578 1301 848 1365 propone
871 1301 1098 1363 pcenas,
1133 1293 1190 1348 et
1219 1285 1353 1349 vide
1383 1295 1669 1368 quantum
1723 1287 1915 1350 valeat

275 1383 496 1445 metus;
533 1381 804 1449 potestne
829 1372 1169 1453 quisquam.
1223 1393 1357 1436 cum
1393 1395 1498 1455 pro
1531 1377 1759 1440 amoris
1789 1375 1912 1438 cri-

273 1465 436 1526 mine
466 1463 539 1524 ad
571 1461 929 1542 supplicium
956 1463 1192 1525 ducitur
1223 1464 1372 1527 etad
1390 1465 1650 1547 stipitem
1671 1465 1914 1544 colliga-

275 1563 370 1616 tur
397 1551 662 1615 urendus
695 1553 835 1630 (81),
871 1552 929 1614 in
957 1553 1058 1614 illo
1091 1561 1355 1634 tempore
1376 1556 1507 1635 ejus
1531 1574 1707 1636 quam
1740 1573 1913 1618 ama-

273 1646 355 1706 vit
384 1643 474 1706 vel
507 1641 868 1704 desiderium
900 1661 1112 1724 capere
1133 1644 1222 1705 vel
1244 1645 1509 1726 speciem
1541 1653 1678 1707 ante
1710 1645 1914 1706 oculos

2001 581 2486 646 unumquemque
2497 583 2676 627 causa
2694 564 2871 626 ducat
2883 562 2952 624 ad
2971 570 3274 643 peccatum
3288 613 3294 619 .
3307 560 3430 624 Hoc
3445 568 3643 623 tamen

1999 655 2360 732 generaliter
2386 655 2828 732 agnoscendum
2862 661 2954 715 est
2977 671 2993 730 ;
3018 651 3176 734 quod
3205 653 3252 712 si
3281 650 3383 732 qui
3415 667 3532 711 non
3564 648 3644 710 ita

2001 744 2534 817 mente,utactibus
2555 745 2692 806 mali
2710 753 2986 824 sunt,nec
3009 736 3552 822 propositoincitati
3568 735 3640 799 ad

2002 835 2370 912 peccandum
2423 834 2832 901 devolvuntur.
2867 833 2965 894 his
2995 829 3255 892 velocior
3276 836 3334 889 et
3373 827 3558 904 magis
3581 826 3640 886 in

2003 920 2278 998 praesenti
2293 922 2406 983 vita
2419 921 2688 984 redditur
2712 919 3136 1003 pmna;ubique
3150 917 3310 980 enim
3331 923 3390 978 et
3405 931 3642 1003 semper

2005 1011 2164 1071 Deus
2198 1019 2372 1092 prout
2393 1002 2998 1092 competerejudicat,
3016 1007 3338 1088 unicuique
3363 1022 3468 1085 pro
3493 1002 3642 1064 acti-

1999 1096 2111 1160 bus
2146 1100 2269 1161 suis
2297 1100 2736 1163 reddit.Eorum
2761 1119 2900 1164 vero
2919 1095 3336 1182 quiproposito
3363 1095 3643 1182 exercent

2000 1189 2314 1266 malitiam,
2351 1191 2429 1252 ita
2462 1201 2526 1256 ut
2558 1191 2858 1254 interdum
2924 1181 3098 1252 etiam
3143 1190 3203 1248 in
3234 1203 3340 1247 eos
3367 1181 3635 1253 seviant,

1994 1296 2030 1339 a
2052 1279 2266 1360 quibus
2298 1280 2452 1344 bona
2483 1282 2788 1344 consecuti
2820 1289 2980 1361 sunt,
3016 1291 3074 1342 et
3097 1277 3317 1340 nullam
3353 1271 3636 1335 recorda-

1999 1368 2220 1432 tionem
2252 1371 2495 1452 capiunt
2525 1374 2595 1434 ad
2633 1371 3061 1451 pcenitentiam,
3095 1366 3299 1429 differt
3341 1380 3541 1442 poenas
3575 1361 3634 1452 in

1997 1459 2284 1535 futurum;
2305 1450 2423 1523 non
2445 1462 2608 1524 enim
2631 1450 2938 1524 merentur
2970 1459 3090 1533 isti,
3124 1457 3276 1519 sicut
3303 1453 3388 1516 illi
3421 1452 3496 1514 de
3512 1450 3638 1532 qui-

2001 1550 2112 1611 bus
2142 1569 2322 1630 supra
2350 1553 2636 1634 diximus,
2662 1555 2721 1614 in
2747 1548 3154 1633 prmsentivita
3172 1545 3468 1608 scelerum
3492 1560 3636 1604 suo-

1998 1659 2129 1702 rum
2155 1641 2327 1704 ﬁuire
2357 1643 2700 1718 vindictam,
2734 1642 2838 1705 sed
2873 1639 3230 1723 permittitur
3261 1634 3348 1696 eis
3380 1650 3639 1713 praesens

275 1731 1056 1814 proponere7Nequaquam,
1090 1724 1346 1815 inquies.
1381 1735 1568 1798 Vides
1585 1754 1750 1814 ergo,
1778 1736 1916 1815 quia
1941 1768 1976 1818 ε
2000 1738 2239 1810 tempus
2269 1731 2518 1812 implere
2553 1741 2617 1795 ut
2645 1733 2870 1804 volunt,
2905 1730 3043 1812 quia
3070 1724 3408 1818 emendatio
3431 1739 3634 1784 eorum

273 1840 539 1904 prmsens
570 1830 762 1884 metus
790 1834 1025 1885 resecat
1055 1814 1260 1904 iniqua
1290 1823 1611 1888 desideria.
1648 1814 1813 1897 Quod
1866 1826 1913 1886 si
1941 1814 1970 1818 ⁷
2001 1839 2117 1882 ηοη
2149 1824 2372 1901 estjam
2399 1823 2552 1903 talis,
2589 1843 2721 1905 qua:
2754 1818 3177 1903 temporalibus
3219 1814 3481 1905 indigeat
3533 1829 3636 1905 ca-

272 1911 588 1974 credentes
618 1910 762 1989 Deo,
817 1920 876 1974 et
904 1911 1166 1974 futurum
1209 1913 1502 1994 judicium
1564 1931 1917 1994 poenamque

272 2001 426 2082 ignis
455 2000 663 2063 aeterni
685 2001 1035 2064 conﬁtentes
1065 2021 1184 2062 non
1219 2021 1284 2065 se
1317 2003 1626 2065 continent
1647 2021 1680 2064 a
1712 2021 1920 2082 pecca-

273 2101 356 2172 to,
390 2099 619 2153 certum
639 2098 730 2152 est
746 2091 902 2170 quod
929 2109 1044 2152 non
1069 2093 1242 2173 plena
1264 2092 1382 2155 ﬁde
1401 2092 1734 2155 creduntzsi
1757 2092 1916 2153 enim

275 2189 435 2244 certa
457 2180 534 2243 sit
562 2179 734 2256 ﬁdes,
761 2188 959 2243 certus
994 2181 1056 2242 ﬁt
1089 2190 1146 2243 et
1177 2183 1397 2263 timor;
1428 2183 1476 2244 si
1529 2199 1668 2244 vero
1724 2183 1919 2243 minus

275 2272 500 2352 aliquid
533 2270 703 2332 estin
737 2270 879 2351 ﬁde,
912 2270 1215 2335 relaxatur
1238 2281 1295 2336 et
1321 2283 1540 2347 metus,
1567 2282 1625 2336 et
1665 2280 1804 2335 tunc
1829 2273 1917 2333 lo-

276 2379 412 2424 cum
445 2361 756 2424 inveniunt
811 2361 1155 2425 introeundi
1209 2363 1524 2425 contrarias
1567 2370 1913 2437 potestates,

272 2468 523 2532 quarum
551 2450 1038 2530 persuasionibus
1069 2470 1203 2513 cum
1228 2452 1919 2530 acquieverint,necesse

274 2551 364 2602 est
394 2550 457 2602 ut
486 2545 549 2604 et
579 2541 852 2619 potestati
887 2559 1088 2603 earum
1114 2541 1352 2604 obnoxii
1371 2542 1583 2604 ﬁantet
1612 2541 1758 2622 ipsis
1785 2558 1920 2623 per-

274 2629 664 2694 suatlcntibus
690 2639 938 2708 agantur
961 2631 1035 2692 ad
1069 2632 1398 2712 praecipitia
1421 2631 1673 2711 peccati.

351 2718 478 2784 XII.
513 2719 700 2798 Igitur
727 2722 1027 2802 astrologi,
1062 2721 1756 2801 ignoranteshujusmodi
1791 2739 1919 2802 my-

1998 1911 2431 1991 stigationibus,
2468 1901 2572 1975 sed
2604 1901 2733 1995 qua:
2763 1901 2968 1974 aeterni
3002 1903 3480 1995 ignisiniuferno
3510 1901 3637 1964 exi-

1999 2009 2094 2079 εδι
2117 2019 2340 2082 Pmnas,
2375 1993 2639 2084 quorum
2660 2003 2874 2065 animae
2924 2000 3006 2062 ibi
3037 1993 3439 2080 paenitentiam
3473 2010 3636 2074 qua)-

2000 2101 2157 2163 reut,
2187 2091 2286 2154 ubi
2318 2091 2588 2154 invenire
2613 2113 2730 2154 non
2763 2099 3058 2173 poterunt.

2081 2178 2229 2241 XIV.
2255 2179 2422 2253 Quod
2455 2183 2501 2243 si
2533 2183 2593 2244 in
2617 2183 2726 2244 hac
2755 2171 2871 2243 vita
2902 2177 3073 2262 positi
3105 2175 3234 2238 illas
3257 2171 3510 2262 quasibi
3544 2189 3637 2252 pa-

2001 2267 2222 2332 tientur
2255 2289 2483 2352 prunas,
2517 2282 2656 2334 ante
2687 2271 2890 2334 oculos
2948 2267 3305 2350 posuissent.
3339 2261 3638 2352 refrenas-

2001 2367 2132 2420 sent
2157 2348 2358 2442 utique
2381 2348 2679 2424 desideria
2709 2371 2766 2424 et
2796 2348 2962 2424 nullo
2990 2366 3160 2441 pacto
3192 2353 3555 2442 decidissent
3583 2348 3642 2442 iu

2005 2439 2588 2530 peccatuinMultum
2614 2453 2774 2518 enim
2809 2439 3238 2533 potestsensus
3266 2443 3323 2505 iu
3357 2441 3555 2533 anima
3571 2439 3646 2500 ad

2002 2540 2360 2603 resecandas
2386 2561 2594 2604 omnes
2629 2546 2758 2623 ejus
2815 2532 3192 2619 ’cupiditates,
3230 2532 3484 2623 maxime
3510 2547 3642 2623 cum

2003 2629 2332 2692 caelestium
2367 2618 2676 2694 scientiam
2728 2618 2984 2710 ceperit.
3039 2645 3148 2709 per
3200 2641 3374 2706 quam
3419 2618 3644 2710 lumine

2004 2721 2264 2784 veritatis
2295 2731 2564 2803 accepto,
2597 2721 2670 2783 ab
2722 2720 2884 2782 omni
2937 2716 3299 2780 obscuritate
3351 2709 3638 2803 malorum
3717 2715 3720 2718 ’

275 2809 458 2872 steria
487 2818 691 2899 putant
717 2797 1026 2872 stellarum
1055 2797 1335 2874 cursibus
1372 2797 1916 2888 ista'contingere,
2000 2819 2238 2872 actuum
2272 2797 2617 2875 declinabit.
2648 2811 2816 2875 Sicut
2845 2809 3005 2899 enim
3058 2807 3146 2869 sol
3186 2819 3396 2899 omnes
3437 2797 3640 2899 stellas

272 2899 434 2961 unde
456 2910 514 2960 et
538 2897 749 2981 bisqui
782 2901 1076 2964 accedunt
1097 2901 1167 2963 ad
1208 2920 1332 2973 eos,
1363 2909 1425 2962 ut
1453 2901 1530 2963 de
1559 2901 1774 2963 futuris
1802 2899 1918 2962 ali-
2000 2900 2318 2980 splendore
2349 2901 2441 2964 sui
2471 2901 2714 2981 fulgoris
2744 2897 3020 2962 obtundit
3046 2905 3104 2960 et
3134 2891 3417 2988 contegit,
3470 2891 3642 2988 itaet

271 2989 412 3070 quid
445 2988 780 3070 consulant,
813 2991 1246 3070 respondentes
1299 2991 1588 3053 falluntur
1629 2991 1689 3052 in
1724 2989 1916 3070 pluri-
1942 3057 1976 3071 η
2006 3008 2177 3052 mens
2206 3009 2311 3071 per
2336 2991 2604 3054 scientiae
2636 2991 2828 3053 lucem
2873 3005 3080 3050 omnes
3129 2981 3642 3071 concupiscendos

270 3057 386 3143 mis
421 3097 579 3163 ;nec
607 3057 844 3156 mirum,
880 3057 996 3142 non
1029 3079 1189 3142 enim
1243 3088 1380 3142 sunt
1435 3057 1762 3160 prophetae,
1814 3057 1978 3140 sedC
2009 3057 2221 3145 anima;
2248 3082 2584 3145 inefﬁcaces
2609 3081 2803 3145 reddit
2835 3089 2893 3144 et
2916 3081 3161 3168 otiosas,
3198 3057 3377 3137 futuri
3429 3066 3646 3168 judicii

271 3190 383 3233 usu
419 3169 587 3231 multi
612 3170 923 3251 temporis,
957 3177 1230 3232 auctores
1251 3188 1524 3233 errorum
1584 3167 1919 3250 perfugium
2013 3173 2357 3236 memoriam
2390 3191 2572 3253 super
2602 3191 2701 3234 eas
2733 3182 3010 3253 tanquam
3037 3167 3238 3232 radios
3269 3181 3408 3226 suos
3465 3164 3641 3253 emit-

270 3259 569 3342 quoddam
602 3260 660 3321 in
693 3248 788 3322 his
818 3261 1032 3342 quibus
1053 3248 1926 3340 decipiebanturinveniunt,et
2011 3271 2162 3336 tens,
2199 3262 2354 3324 itaut
2389 3248 2480 3323 ne'
2495 3279 2787 3342 apparere
2818 3248 3060 3341 quidem
3123 3257 3277 3317 ultra
3328 3253 3385 3313 in
3450 3248 3643 3310 anima

270 3351 645 3414 climacteras
675 3351 960 3432 quosdam
998 3349 1405 3429 introducunt,
1439 3357 1504 3410 ut
1526 3349 1601 3411 de
1629 3348 1813 3410 rebus
1834 3346 1928 3432 inf

270 3439 459 3504 certis
489 3425 794 3502 scientiam
829 3441 1074 3516 ﬁngant.
1111 3425 1493 3502 Climacteras
1525 3439 1682 3500 enim
1715 3425 1927 3500 dicunt

269 3530 441 3613 quasi
467 3529 718 3610 periculi
743 3537 977 3608 tempus
1012 3530 1154 3604 (82).
1194 3530 1251 3590 in
1287 3549 1401 3610 quo
1427 3527 1727 3590 interdum
1759 3527 1921 3607 peri-

274 3628 474 3682 matur
505 3620 668 3701 quis,
702 3619 999 3682 interdum
1032 3638 1148 3680 non
1179 3619 1506 3698 perimatur
1534 3637 1550 3693 ;
1583 3619 1922 3696 ignorantes

271 3710 430 3792 quod
457 3728 573 3771 non
586 3709 894 3772 stellarum
919 3726 1135 3771 cursus
1161 3709 1306 3782 haec,
1324 3709 1425 3771 sed
1451 3707 1787 3770 daemonum
1811 3726 1921 3786 ge-

271 3800 352 3860 rit
379 3799 774 3880 operatio,qui
805 3798 878 3859 ad
901 3798 1238 3877 astrologia
1261 3815 1528 3859 errorem
1549 3799 1919 3858 conﬁrman-

269 3889 416 3949 dum
449 3889 878 3966 deservientes,
911 3887 1154 3949 calculis
1181 3888 1461 3948 mathesis
1486 3887 1792 3967 decipiunt
1815 3889 1923 3948 ho-

272 3977 466 4039 mines
493 3978 564 4039 ad
600 3977 991 4058 peccandum,
1029 3984 1093 4038 ut
1115 3976 1370 4048 cum,vel
1398 3977 1517 4037 Deo
1537 3975 1921 4056 permittente

269 4066 363 4128 vel
398 4065 628 4144 legibus
653 4065 1052 4146 exigentibus,
1091 4065 1314 4145 peccati
1365 4065 1642 4128 dederint
1689 4083 1916 4146 pmnas,

272 4175 475 4218 verum
499 4155 718 4218 dixisse
740 4156 1007 4217 videatur
1037 4157 1388 4234 astrologus.
1422 4157 1498 4218 Et
1552 4162 1749 4216 tamen
1804 4155 1918 4216 fal-

276 4248 480 4307 luntur
511 4247 685 4307 etiam
719 4246 776 4306 in
802 4245 939 4320 hoc;
972 4246 1020 4307 si
1057 4245 1214 4308 enim
1246 4245 1364 4305 cito
1388 4245 1664 4305 conversi
1693 4243 1920 4306 fuerint

2053 3362 2248 3416 ueant.

2008 3374 2404 3514 qugiinguod
2437 3447 2636 3506 autem
2671 3445 2848 3504 timor
2870 3441 2971 3504 Dei
3027 3440 3273 3501 multum
3324 3433 3514 3497 valeat
3571 3431 3640 3493 ad

2003 3531 2420 3612 reprimendas
2446 3533 3134 3612 coucupiscentias,cape
3156 3524 3397 3589 humani
3413 3520 3645 3586 timoris

2003 3623 2361 3701 exemplum.
2385 3621 2868 3704 Quotusquisque
2894 3631 3005 3695 est,
3045 3623 3150 3698 qui
3198 3635 3314 3680 non
3352 3616 3513 3678 inter
3535 3615 3646 3675 ho-

2005 3713 2198 3774 mines
2230 3711 2610 3790 concupiscat
2634 3712 2827 3774 aliena
2850 3711 2880 3771 ?
2918 3721 2976 3774 et
3007 3723 3206 3772 tamen
3255 3715 3415 3768 metu
3459 3720 3650 3784 pmnm

2005 3820 2135 3882 quae
2169 3802 2398 3881 legibus
2429 3811 2644 3867 statuta
2665 3812 2774 3874 est,
2811 3802 3143 3863 refrenatur
3165 3809 3222 3860 et
3245 3793 3646 3858 continentius

2004 3892 2143 3970 agit.
2177 3891 2325 3969 Regi
2353 3900 2594 3973 propter
2624 3901 2842 3956 metum
2873 3899 3080 3971 gentes
3111 3889 3423 3967 subjacent
3455 3891 3512 3946 et
3543 3901 3640 3945 ar-

2006 3992 2198 4043 matus
2225 3992 2387 4062 paret
2409 3983 2729 4046 exercitus.
2761 3981 2928 4044 Servi
2977 3999 3116 4043 cum
3163 3979 3284 4040 sint
3331 3974 3645 4039 validiores

2004 4069 2260 4132 dominis
2296 4071 2442 4151 suis,
2479 4079 2718 4152 propter
2743 4081 2962 4131 metum
2995 4080 3194 4131 tamen
3225 4066 3478 4146 imperia
3505 4082 3642 4144 per—

2005 4161 2205 4222 ferunt
2229 4161 2632 4225 dominorum.
2668 4161 2881 4223 Bestia)
2905 4161 3045 4242 ipsae
3081 4162 3222 4221 ferm
3275 4165 3430 4218 metu
3468 4154 3641 4216 mite-

2004 4262 2216 4314 scunt:
2259 4254 2404 4312 tauri
2432 4251 2932 4332 validissimijugo
2980 4251 3131 4311 colla
3178 4247 3555 4317 submittunt,
3588 4253 3642 4306 et

275 4335 346 4397 ad
382 4334 818 4414 pcenitentiam,
876 4342 934 4396 et
963 4334 1171 4396 futurae
1204 4352 1392 4414 preme
1445 4333 1918 4396 recordationem

2011 4341 2302 4403 immanes
2333 4342 2632 4420 elephanti
2657 4341 2948 4420 magistris
2978 4339 3396 4418 obtemperant
3429 4355 3533 4418 per
3569 4335 3644 4394 Ii-

274 4425 663 4504 conceperint
687 4443 756 4487 ac
790 4431 1034 4498 metum,
1087 4426 1391 4486 conversis
1442 4425 1514 4485 atl
1580 4423 1766 4485 Deum
1824 4441 1930 4502 per
2012 4450 2260 4492 morem.
2297 4433 2414 4496 Sed
2437 4451 2540 4493 cur
2576 4431 2851 4494 humanis
2883 4442 3114 4492 utamur
3159 4427 3469 4508 exemplis,
3508 4444 3641 4487 cum

275 4515 518 4591 gratiam
551 4513 825 4593 baptismi
859 4513 1170 4574 resolvitur
1205 4531 1378 4593 paena
1413 4512 1643 4573 mortis.

357 4600 506 4664 XIII.
543 4602 659 4665 Sed
693 4602 854 4663 dicet
877 4602 1012 4683 quis
1047 4624 1059 4664 :
1108 4602 1270 4664 Multi
1313 4609 1372 4662 et
1415 4601 1798 4662 homicidium
1869 4610 1929 4664 et

273 4690 634 4753 adulterium
670 4700 730 4752 et
757 4690 872 4752 alia
902 4692 1132 4753 scelera
1160 4690 1618 4758 commiserunt,
1685 4700 1744 4750 et
1776 4689 1925 4753 nihil

277 4781 419 4842 mali
449 4781 605 4859 passi
638 4791 791 4843 sunt.
827 4780 949 4842 Hoc
982 4780 1222 4862 quidem
1250 4797 1382 4841 raro
1413 4777 1629 4840 accidit
1660 4779 1916 4841 homini-

275 4871 411 4950 bus,
448 4878 641 4932 tamen
674 4870 1080 4932 nescientibus
1102 4868 1418 4934 consilium
1444 4868 1547 4930 Dei
1579 4867 1926 4949 frequenter

279 4959 508 5022 videtur
536 4959 852 5030 accidere;
888 4961 1046 5023 Deus
1075 4968 1270 5022 autem
1307 4956 1408 5038 qui
1432 4955 1596 5019 novit
1621 4957 1916 5040 universa,

2013 4521 2188 4583 etiam
2215 4523 2409 4583 divina
2442 4541 2558 4583 non
2593 4521 2846 4584 desint"
2897 4519 3100 4581 Nonne
3165 4527 3321 4580 terra
3367 4518 3495 4597 ipsa
3536 4515 3644 4578 sub

2011 4613 2292 4691 praecepti
2329 4623 2485 4672 metu
2514 4619 2846 4692 permauct,
2886 4609 3042 4691 quod
3095 4609 3272 4670 etiam
3339 4617 3494 4669 motu
3553 4607 3643 4667 sui

2009 4710 2069 4762 et
2129 4710 2386 4763 tremore
2446 4701 2744 4763 testatur?
2803 4703 2962 4762 Mare
3011 4709 3290 4762 statutum
3327 4697 3644 4758 terminum

2009 4801 2225 4871 servat,
2286 4791 2483 4869 angeli
2573 4810 2775 4871 pacem
2860 4789 3221 4852 custodiunt.
3309 4787 3493 4850 stellas
3544 4804 3642 4849 or-

2008 4879 2209 4942 dinem
2282 4890 2488 4942 teneut
2545 4891 2603 4940 et
2659 4879 2822 4941 ﬁuvii
2883 4889 3136 4957 meatus,
3170 4879 3471 4940 daemones
3501 4896 3646 4953 quo-

2007 4989 2122 5050 que
2166 4982 2396 5031 certum
2457 4979 2542 5031 est
2596 4972 2806 5031 timore
2832 4971 2887 5030 in
2913 4970 3108 5048 fugam
3141 4969 3310 5032 verti.
3338 4967 3404 5028 Et
3438 4987 3512 5028 ne
3545 4985 3649 5046 per

1605 5115 2004 5192 COTELEBII
2048 5130 2294 5195 NO'IVE.

351 5282 488 5361 (8t)
520 5282 670 5346 Cum
690 5301 805 5361 pro
828 5283 1070 5344 amoris
1120 5281 1394 5361 crimine
1443 5279 1524 5341 ad
1561 5280 1922 5359 supplicium

271 5360 537 5444 ἀηδίαις,
571 5369 626 5425 et
658 5360 740 5444 adiri
767 5365 1044 5444 stipitem
1074 5360 1706 5444 colligaturarmdus.
1732 5366 1924 5430 Julius

269 5442 646 5522 CapitoIinus
673 5443 750 5505 de
780 5439 1070 5506 Macrino:
1098 5439 1403 5503 Adulterii
1419 5457 1553 5522 neos
1576 5457 1810 5522 semper
1833 5456 1914 5511 vi-

270 5518 374 5585 vos
408 5523 594 5585 simul
623 5525 915 5608 incendit,
944 5526 1171 5608 junctis
1201 5519 1575 5608 corporibus.
1601 5518 1748 5608 Nota
1781 5549 1913 5608 pos-

269 5611 362 5693 tea
385 5611 601 5666 variam
633 5598 959 5666 lectionem
1006 5603 1183 5665 etiam
1217 5598 1456 5693 codicis
1493 5598 1698 5693 Regii,
1721 5598 1916 5693 quem,

264 5682 336 5745 ad
358 5701 673 5764 puerorum
701 5693 974 5765 stuprum
1002 5691 1399 5764 spectantem,
1423 5679 1496 5742 de
1521 5699 1639 5761 quo
1664 5679 1919 5754 ﬁa’mmis

2011 5292 2340 5355 vindicibus
2373 5293 2663 5372 expianclo
2691 5292 3085 5354 Valentiniani
3112 5291 3206 5354 lex
3243 5302 3433 5356 exstat
3459 5293 3515 5353 in
3542 5311 3646 5354 co-

2009 5372 2138 5434 dirc
2168 5372 2605 5438 Theodosiauo.

2082 5454 2202 5532 (83)
2240 5454 2629 5517 (limae/eras
2659 5454 2818 5515 enim
2851 5454 3082 5527 dicunt,
3146 5457 3324 5534 quasi
3375 5454 3640 5534 periculi

2001 5541 2256 5610 tempus.
2293 5536 2438 5616 Vide
2485 5553 2632 5616 quos
2679 5536 2786 5616 hac
2833 5535 2892 5595 in
2953 5532 3211 5616 re__citat
3257 5532 3640 5596 doctissimus

2001 5617 2216 5674 Savaro
2246 5615 2317 5677 ad
2350 5613 2578 5678 Sidonii
2627 5615 2802 5693 epist.
2844 5616 2938 5685 li,
2998 5613 3098 5676 lib.
3163 5631 3287 5676 vm.
3354 5631 3464 5676 nec
3522 5633 3635 5675 non

2004 5693 2120 5757 Nili
2149 5693 2380 5757 abbatis
2411 5694 2727 5757 edistolam
2763 5694 2898 5759 258.
2937 5693 3039 5757 lib.
3085 5711 3152 5758 Il.
