4058 6206
315 389 469 451 im
1468 388 2101 453 RECOGNITIONUM
2156 390 2298 453 LIB.
2352 392 2456 454 IX.
2674 432 2675 435 γ
3538 390 3699 470 ms

312 518 567 598 singulis
586 518 876 581 obsistere
900 529 1309 599 etrepugnare
1327 521 1503 582 habet
1524 522 1584 581 in
1617 530 1825 583 natura
1854 542 1960 585 sua
1985 535 2017 580 Α
2047 525 2147 584 tibi
2184 526 2361 587 hodie
2392 528 2709 606 conjugem
2742 536 2900 592 tuam
2931 549 3064 594 cum
3096 534 3314 599 ‘tribus
3368 541 3578 603 vestris
3611 542 3689 603 li-

312 608 1960 706 mens,_cumeiobfulseri_tveritatisagnitio,.perquam
2049 611 2205 675 beris
2238 615 2525 706 viventem
2581 618 2966 695 pudicissima
3023 623 3418 701 traditurum;
3486 639 3543 690 et
3571 631 3688 706 jam

309 697 839 791 scientiamtimor
860 699 1261 791 futurijud‘icii
1284 700 1582 791 datur,qui
1604 700 1679 760 sit
1709 700 1965 791 idoneus
2048 719 2203 763 nunc
2226 705 2430 783 accipe
2463 705 2641 765 fidem
2674 725 2872 768 rerum
2897 727 2966 770 ex
2990 715 3247 791 eo,quod
3284 697 3519 779 omnem
3554 697 3688 780 cau-

308 790 525 886 animm
557 788 917 886 gubernator
938 798 1030 886 est
1066 788 1166 868 qui
1199 806 1329 849 eam
1358 790 1547 886 possit
1585 790 1962 886 aconcupis-
2049 808 2170 886 sam
2207 792 2788 886 multo_diligentius
2838 797 2963 858 scio
3024 788 3202 878 quam
3237 809 3319 877 tu,
3366 816 3695 886 cunctaque

309 877 640 937 centiarum
669 878 1018 958 przecipitiis
1038 877 1501 950 rev0care.Quia
1522 896 1663 954 ergo
1685 879 1805 941 sint
1840 879 1962 939 haec
2051 879 2151 939 tibi
2186 899 2290 960 per
2321 882 2591 943 ordinem
2629 903 2760 965 quae
2792 896 2957 965 gesta
2998 877 3137 949 sunt
3188 892 3501 961 enarrabo,
3550 877 3611 959 ut
3639 906 3696 959 et

311 968 371 1026 in
409 974 611 1027 nostra
642 975 961 1047 potestate,
999 966 1366 1028 sufficienter
1395 966 1617 1028 dictum
1653 977 1761 1029 est.
2054 978 2111 1029 tu
2138 988 2460 1047 cognoscas
2494 981 2551 1034 et
2581 974 2680 1052 qui
2712 984 3038 1052 praesentes
3069 987 3207 1039 sunt
3236 981 3484 1045 discant.

392 1053 635 1118 XXXII.
671 1058 845 1119 Nunc
877 1063 935 1116 et
985 1064 1046 1117 tu
1081 1074 1287 1131 senex,
1321 1056 1369 1115 si
1422 1055 1560 1135 quid
1595 1056 1778 1117 habes
1808 1056 1966 1137 quod

310 1145 385 1206 ad
418 1146 545 1206 haec
566 1145 953 1223 respondeas,
995 1146 1213 1226 incipe.
1241 1144 1438 1208 Senex
1489 1144 1560 1205 ad
1594 1146 1719 1208 haac
1757 1168 1769 1208 :
1830 1146 1967 1207 Ple-

312 1235 583 1313 nissime,
621 1240 729 1313 ait,
756 1234 1097 1310 ostendisti,
1124 1233 1229 1314 fili;
1258 1235 1361 1295 sed
1396 1254 1528 1312 ego,
1552 1235 1708 1294 sicut
1738 1233 1866 1295 dixi
1899 1253 1966 1294 ex

310 1324 510 1399 initio,
547 1325 709 1385 omni
741 1324 877 1386 huic
907 1323 1355 1403 incomparabili
1400 1323 1709 1385 assertioni
1768 1332 1900 1393 tuas.
1937 1341 1970 1384 a

313 1414 556 1493 propria
584 1413 951 1475 conscientia
968 1412 1289 1491 prohibeor
1330 1412 1785 1475 accommodare
1817 1430 1967 1473 con-

312 1520 582 1564 sensum.
612 1499 754 1562 Novi
780 1503 940 1562 enim
972 1512 1033 1563 et
1061 1520 1248 1562 meam
1284 1501 1551 1579 genesim
1610 1509 1667 1562 et
1696 1502 1967 1580 conjugis

2130 1056 2357 1122 XXXV.
2394 1059 2617 1121 Etcum
2649 1062 2774 1123 haec
2803 1064 3077 1136 dixisset,
3101 1087 3427 1132 conversus
3458 1076 3527 1133 ad
3569 1084 3695 1135 tur-

2054 1146 2156 1207 bas
2188 1148 2269 1208 ita
2297 1150 2475 1228 cmpit
2502 1171 2526 1241 :_
2578 1152 2681 1212 Hic
2738 1171 2915 1232 quem
2970 1156 3203 1232 videtis,
3268 1180 3301 1219 ο
3333 1163 3466 1241 viri,
3499 1163 3558 1224 in
3594 1165 3701 1225 hac

2055 1239 2656 1332 vestepauperrima,
2696 1242 2980 1332 Romanae
3006 1246 3169 1305 urbis
3198 1258 3288 1308 est
3319 1239 3563 1321 civis,ex
3594 1271 3699 1332 ge-

2055 1342 2198 1385 nere
2226 1326 2411 1405 ip~ius
2439 1328 2684 1390 Czesaris
2718 1329 3113 1404 descendens;
3142 1354 3361 1398 nomen
3395 1339 3449 1399 ei
3471 1326 3700 1403 Fausti-

2055 1413 2292 1487 nianus,
2325 1434 2569 1477 uxorem
2603 1436 2841 1497 quoque
2869 1420 3299 1486 nobilissimam
3326 1429 3695 1491 Matthidiam

2054 1504 2294 1563 nomine
2342 1504 2586 1599 sortitus
2617 1516 2754 1599 est,
2791 1526 2858 1567 ex
2914 1528 3031 1585 qua
3081 1521 3201 1573 tres
3236 1513 3385 1577 filios
3414 1522 3698 1599 suscepit,

316 1600 575 1685 mea:,_et
605 1591 831 1685 sciouea
860 1610 991 1672 quas
1038 1590 1359 1685 unicuique
1408 1599 1676 1685 nostrum
1710 1590 1970 1685 dictabat
2050 1609 2303 1685 quorum
2332 1592 2449 1685 duo
2473 1594 2719 1685 gemini.
2762 1615 2913 1657 unus
2937 1608 3131 1660 autem
3185 1605 3282 1681 qui
3317 1615 3441 1666 erat
3464 1590 3672 1685 juni'or

312 1680 554 1760 genesis
583 1659 899 1755 accidisse,
949 1689 1006 1741 et
1050 1679 1124 1741 ab
1158 1659 1431 1760 his'quaa
1458 1679 1640 1740 rebus
1670 1690 1729 1742 et
1760 1678 1966 1759 operi-
2050 1659 2145 1741 cui
2178 1699 2395 1741 nomen
2419 1659 2724 1757 Clemens,
2754 1685 2850 1745 hic
2879 1696 2989 1746 est.
3029 1659 3097 1748 Et
3121 1659 3696 1768 cuin—lio;

315 1770 901 1861 buscompertasunt
926 1771 1264 1850 mihi,nunc
1290 1769 1489 1861 verbis
1507 1771 1817 1861 transferri
1851 1788 1967 1861 non
2052 1768 2364 1861 digitome
2392 1772 2678 1836 ostendit.
2714 1774 2947 1835 Gemini
2997 1787 3198 1840 autem
3245 1781 3352 1841 filii
3402 1784 3532 1861 ejus
3563 1793 3699 1845 sunt

314 1878 578 1938 possum.
613 1858 1169 1940 Deniquequoniam
1194 1869 1249 1919 te
1270 1859 1538 1939 apprime
1563 1858 1853 1919 imbutum
1879 1858 1967 1918 vi-
1997 1883 2030 1932 Β
2055 1858 2171 1929 isti,
2204 1860 2413 1920 Niceta
2436 1871 2493 1921 et
2529 1862 2762 1942 Aquila,
2796 1883 3050 1943 quorum
3084 1867 3240 1930 alius
3262 1858 3576 1936 Faustinus
3605 1885 3699 1936 vb-

312 1949 426 2010 deo
449 1949 509 2010 in
543 1948 1337 2028 hujuscemodidisciplinis,
1366 1946 1503 2007 audi
1526 1948 1797 2026 conjugis
1825 1966 1970 2009 mea;
2056 1947 2303 2007 cabatur
2337 1950 2523 2027 prius,
2560 1959 2618 2011 et
2650 1950 2801 2011 alius
2836 1954 3107 2018 Faustus.
3150 1955 3339 2021 Simul
3388 1970 3582 2022 autem
3636 1974 3699 2026 ut

313 2038 537 2116 thema,
572 2046 631 2097 et
681 2037 949 2098 invenies
998 2037 1241 2098 schema
1273 2036 1442 2115 cujus
1493 2036 1685 2096 exitus
1726 2035 1960 2096 accidit.

315 2126 532 2188 Habuit
562 2126 717 2186 enim
751 2129 997 2188 Matrem
1028 2143 1162 2186 cum
1198 2127 1436 2185 Venere
1461 2142 1642 2204 super
1670 2133 1965 2195 centrum,

318 2218 542 2278 Lunam
576 2232 716 2276 vero
749 2217 804 2276 in
834 2232 1045 2278 occasu
1076 2215 1134 2274 in
1166 2212 1446 2274 domibus
1498 2213 1702 2275 Martis
1730 2222 1785 2273 et
1829 2213 1965 2273 fini-

318 2307 427 2367 bus
457 2304 719 2383 Saturni,
752 2303 907 2383 quod
940 2304 1181 2363 schema
1230 2301 1528 2362 adulteras
1575 2300 1714 2363 facit
1743 2310 1803 2362 et
1832 2319 1966 2362 ser-

320 2412 420 2455 vos
448 2394 716 2473 proprios
745 2408 969 2471 amare,
1000 2392 1059 2451 in
1104 2390 1582 2470 peregrinatione
1621 2398 1679 2451 et
1707 2391 1766 2450 in
1800 2390 1968 2470 aquis

316 2483 582 2562 defungi,
616 2482 771 2563 quod
801 2488 860 2542 et
889 2481 969 2541 ita
1011 2480 1226 2540 factum
1279 2488 1410 2550 est;
1460 2478 1670 2539 incidit
1712 2497 1969 2558 namque

320 2574 379 2633 in
403 2592 669 2633 amorem
694 2572 939 2646 servi,et
974 2571 1301 2646 periculum
1333 2570 1505 2630 simul
1538 2580 1714 2649 atque
1740 2588 1964 2649 oppro-a

315 2662 509 2724 brium
545 2671 816 2723 metuens
837 2661 983 2740 fugit
1010 2679 1144 2721 cum
1197 2660 1346 2739 ipso,
1385 2668 1442 2721 et
1486 2677 1731 2738 peregre
1765 2659 1965 2739 profe-

314 2764 409 2813 cta
433 2752 534 2813 ubi
562 2753 751 2812 amori
780 2769 887 2811 suo
921 2750 1230 2820 satisfecit,
1260 2749 1433 2829 periit
1458 2748 1519 2809 in
1554 2747 1723 2809 mari.

393 2840 648 2903 XXXIII.
676 2841 750 2902 Et
772 2858 879 2918 ego
902 2839 1189 2919 respondi
1228 2861 1240 2897 :
1278 2839 1447 2901 Unde
1472 2838 1590 2899 scis
1619 2840 1755 2919 quia
1789 2855 1965 2917 pere-

319 2950 424 3010 gre
457 2949 626 2992 servo
659 2950 770 2991 suo
814 2930 1027 2996 sociata
1057 2937 1147 2990 est
1176 2938 1234 2989 et
1261 2927 1325 2988 in
1369 2928 1500 3006 ejus
1527 2928 1829 2988 consortio
1864 2946 1973 3007 po-

318 3024 426 3083 sita
475 3020 859 3099 defungitur?
916 3020 987 3080 Et
1034 3035 1217 3079 senex
1275 3036 1289 3079 :
1337 3016 1706 3090 Certissime,
1761 3017 1974 3097 inquit,

2057 2035 2295 2095 nomina
2331 2046 2528 2099 nostra
2562 2040 2895 2101 enuntiavit
2946 2042 3176 2125 Petrus,
3210 2065 3391 2110 senex
3423 2051 3700 2114 resolutis

2057 2126 2343 2185 membris
2377 2126 2856 2209 omnibus,quasi
2890 2132 3255 2214 interceptus
3287 2139 3698 2203 concidit.Nos

2052 2224 2247 2273 autem
2280 2214 2389 2305 filii
2412 2216 2716 2278 irruentes
2748 2236 2929 2298 super
2960 2240 3122 2303 eum,
3149 2226 3698 2305 complectebamnr

2052 2310 2109 2361 et
2138 2303 2856 2377 oscolabamur,verentes
2888 2309 3060 2372 simul
3100 2330 3174 2374 ne
3208 2303 3485 2394 spiritum
3512 2336 3691 2377 revo-

2052 2407 2187 2486 care
2222 2411 2337 2486 non
2359 2395 2671 2486 posset.eq
2695 2397 2988 2486 tumihaec
3021 2400 3253 2475 fierent,
3282 2405 3533 2484 populus
3557 2407 3699 2486 qui-

2052 2479 2187 2538 dem
2212 2481 2604 2544 admiratione
2637 2483 2763 2563 ipsa
2796 2485 3238 2566 obstupefactus
3262 2479 3376 2555 est:
3574 2479 3592 2486 ’
3646 2506 3649 2509 “

2133 2566 2394 2665 XXXVI.
2435 2573 2645 2633 Petrus
2668 2583 2864 2635 autem
2892 2594 3140 2655 surgere
3171 2599 3277 2640 nos
3307 2599 3342 2643 a
3369 2584 3661 2665 complexi
3690 2620 3699 2627 -

2053 2656 2174 2753 bus
2193 2659 2399 2736 patris,
2433 2678 2505 2721 ne
2538 2679 2671 2753 eum
2711 2682 3065 2726 necaremus
3110 2668 3301 2745 jubet,
3340 2679 3395 2730 et
3426 2656 3557 2751 ipse
3586 2692 3697 2753 ap-

2054 2745 2343 2841 prehensa
2368 2766 2542 2809 manu
2574 2750 2720 2828 ejus,
2765 2753 2931 2831 quasi
2954 2754 3027 2813 de
3051 2774 3262 2816 somno
3286 2745 3544 2834 quodam
3569 2745 3701 2841 pro-

2056 2833 2236 2894 fundo
2251 2836 2491 2930 elevans
2506 2857 2640 2899 eum
2660 2852 2712 2900 et
2730 2841 3031 2920 paululum
3051 2833 3701 2930 recreans,omniaqua3

2060 2929 2226 3002 gesta
2251 2924 2483 3019 fuerant
2505 2928 2833 2989 secundum
2858 2934 3160 2993 veritatem
3182 2924 3696 3019 cmpitexponere:

2062 3015 2359 3092 quomodo
2372 3016 2554 3077 frater
2567 3020 2693 3095 ejus
2709 3019 2766 3078 in
2782 3038 3045 3081 amorem
3065 3023 3341 3085 inciderit
3359 3015 3695 3103 Matthidiaz,

318 3112 465 3183 scio,
499 3128 709 3171 revera
742 3127 859 3169 non
907 3109 1046 3188 quia
1076 3107 1346 3187 nupserit
1377 3124 1571 3178 servo,
1628 3107 1848 3187 quippe
1875 3112 1976 3185 qui
2063 3112 2120 3162 et
2152 3102 2249 3162 illa
2275 3123 2406 3165 cum
2435 3116 2593 3167 esset
2621 3108 3309 3184 pudicissima,illicitum
3332 3114 3523 3176 fratris
3540 3102 3700 3178 amo-

322 3217 516 3279 neque
538 3201 649 3259 hoc
682 3197 921 3275 quidem
955 3196 1115 3276 quod
1156 3214 1290 3256 eum
1334 3205 1561 3256 amaret
1587 3213 1971 3273 agnoveram,
1994 3239 2034 3289 ε
2062 3209 2185 3289 rem
2222 3192 2343 3252 viro
2370 3195 2635 3256 indicare
2667 3198 3028 3276 noluerit,ne
3050 3200 3137 3261 vel
3165 3200 3384 3262 bellum
3419 3204 3700 3283 fratribus

318 3289 421 3349 sed
457 3297 764 3367 postquam
800 3285 1059 3365 profecta
1082 3284 1394 3355 est,frater
1416 3302 1583 3345 meus
1617 3285 1761 3345 mihi
1791 3302 1971 3344 enar-

322 3378 488 3455 ravit,
522 3376 752 3446 dicens,
780 3375 936 3453 quod
970 3376 1161 3454 primo
1194 3373 1435 3453 quidem
1470 3373 1663 3453 ipsum
1698 3372 1971 3433 adamas-

319 3477 443 3542 set;
478 3466 603 3525 sed‘
632 3464 735 3525 ille
791 3465 927 3543 quia
976 3472 1102 3524 erat
1145 3464 1453 3535 honestus,
1504 3471 1712 3542 utpote
1768 3461 1970 3534 frater,

324 3554 512 3616 noluit
545 3563 735 3615 torum
786 3552 989 3613 fratris
1023 3551 1235 3612 incesti
1270 3551 1497 3612 macula
1536 3550 1828 3631 polluere.
1856 3548 1972 3609 Sed

321 3644 422 3704 illa
445 3651 504 3703 et
532 3662 624 3703 me
652 3659 884 3715 verens,
916 3650 973 3701 et
995 3639 1383 3721 Opprobrium
1410 3658 1529 3701 non
1547 3640 1745 3702 ferens
1767 3638 1973 3701 infelix

323 3735 545 3812 (neque
567 3733 723 3793 enim
755 3731 1171 3812 imputandum
1199 3731 1251 3791 ei
1286 3738 1399 3809 est,
1434 3730 1591 3810 quod
1625 3748 1754 3790 eam
1784 3748 1971 3807 gene-

323 3822 405 3883 sis
436 3821 633 3883 facere
666 3820 1182 3901 compulit),finxit
1211 3821 1511 3880 somnium
1545 3826 1605 3879 et
1634 3820 1715 3878 ait
1742 3820 1812 3879 ad
1852 3836 1979 3879 me;

324 3911 525 3973 Astitit
556 3910 700 3972 mibi
724 3910 961 3991 quidam
996 3928 1104 3990 per
1134 3910 1344 3983 visum,
1381 3908 1482 3988 qui
1509 3908 1686 3986 jussit
1711 3926 1808 3969 me
1837 3925 1971 3969 cum

322 3999 554 4061 duobus
576 3999 829 4078 geminis
855 4000 1006 4061 meis
1027 3999 1157 4061 sine
1182 4016 1347 4059 mora
1370 4014 1438 4057 ex
1460 3994 1615 4058 Urbe
1651 3996 1968 4077 proficisci.

323 4088 459 4150 Haec
483 4107 622 4167 ergo
655 4108 788 4150 cum
820 4089 1144 4161 audissem,
1182 4106 1289 4169 pro
1309 4087 1497 4148 salute
1518 4089 1648 4164 ejus
1679 4085 1969 4146 ﬁliorum-

322 4196 443 4255 que
462 4177 1098 4257 sollicitus,conl‘estim
1120 4178 1309 4257 ipsam
1336 4184 1393 4237 et
1418 4174 1640 4236 liberos
1656 4175 1817 4236 exire
1831 4174 1969 4249 feci;

325 4286 507 4328 unum
531 4268 629 4348 qui
665 4277 792 4329 erat
807 4265 1191 4348 junior,mihi
1218 4263 1461 4336 retinui;
1497 4264 1607 4325 hoc
1642 4262 1799 4323 enim
1833 4282 1968 4324 eum

324 4356 724 4437 quiresponsa
740 4357 798 4417 in
818 4357 1047 4418 somnis
1061 4351 1966 4433 dederat,permisissedicebat.

403 4444 821 4508 XXXIV.Tum
846 4465 955 4523 ego
979 4445 1276 4516 Clemens,
1302 4443 1649 4522 intelligens
1666 4440 1824 4522 quod
1847 4442 1972 4520 ipse

324 4535 591 4597 fortassis
625 4545 783 4597 esset
813 4544 987 4617 pater
1009 4533 1485 4613 meus,lacrymis
1516 4532 1789 4613 oppletus
1811 4549 1969 4607 sum;

2060 3282 2145 3341 vel
2182 3283 2565 3371 opprobrium
2616 3286 2822 3362 generi
2880 3287 3195 3357 indiceret.
3258 3292 3363 3352 sed
3398 3282 3703 3371 sapienter

2058 3370 2352 3429 Somnium
2379 3370 2765 3452 finxerit,quo
2794 3394 2861 3435 ex
2885 3373 3043 3437 Urbe
3070 3377 3382 3455 juberetur
3414 3370 3702 3444 excedere

2058 3476 2192 3516 cum
2226 3459 2481 3549 geminis
2514 3461 2675 3535 filiis,
2708 3463 2953 3540 juniore
2998 3467 3154 3546 apud
3190 3480 3413 3545 patrem
3449 3472 3697 3549 relicto;

2060 3555 2234 3625 utque
2256 3548 2601 3627 navigantes
2626 3551 2993 3631 naufragium
3015 3555 3065 3614 vi
3092 3559 3460 3635 tempestatis
3492 3548 3697 3621 iocur?

2057 3637 2358 3729 rerint_,_et
2384 3638 2453 3698 ad
2476 3638 2740 3729 insulam
2775 3644 3139 3705 Antaradum
3177 3648 3418 3708 nomine
3447 3650 3698 3729 expulsi,

2059 3723 2359 3786 Matthidia
2389 3726 2633 3805 quidem
2686 3748 2866 3810 supra
2925 3751 3127 3793 saxum
3181 3736 3482 3814 quoddam
3518 3723 3699 3799 fluctu

2049 3814 2311 3907 jactante
2346 3816 2606 3907 projecta
2662 3819 2757 3898 sit,
2820 3821 3041 3898 gemini
3103 3841 3239 3883 vero
3276 3823 3451 3886 liberi
3480 3826 3635 3907 rapti
3667 3844 3701 3889 a

2061 3903 2263 3981 piratis
2287 3913 2345 3965 et
2376 3904 2704 3966 Caesaream
2730 3909 3334 3989 perducti,religiosze
3355 3903 3585 3975 cuidam
3622 3916 3705 3977 fe-

2061 3993 2237 4053 mina:
2269 3996 2589 4055 venundati
2641 3996 2785 4076 sint,
2835 4017 2967 4078 quae
3021 4019 3122 4061 eos
3168 4001 3225 4061 in
3262 4002 3517 4063 filiorum
3564 4006 3704 4067 loco

2059 4082 2285 4142 habens
2319 4082 2649 4145 liberaliter
2700 4086 3039 4149 educaverit
3090 4098 3147 4150 et
3200 4092 3429 4153 erudiri
3474 4095 3701 4166 fecerit,

2057 4174 2640 4251 eorumquenomina
2666 4176 2865 4254 pirata)
2891 4178 3335 4241 immutaverint
3359 4189 3415 4239 et
3440 4180 3701 4242 Niretam

2057 4262 2263 4333 alium,
2298 4262 2480 4322 alium
2537 4262 2809 4342 Aquilam
2859 4268 3283 4342 vocitaverint;
3342 4280 3525 4348 utque
3577 4279 3707 4348 post

2057 4349 2181 4409 haec
2207 4349 2540 4411 studiorum
2570 4365 2625 4414 et
2646 4356 3096 4415 consuetudinis
3118 4376 3296 4417 causa
3328 4359 3556 4419 Simoni
3589 4359 3702 4421 ad-

2056 4438 2541 4528 haaserint,atque
2561 4443 2637 4503 ab
2662 4444 2864 4515 eo,ubi
2887 4463 3117 4521 magum
3140 4456 3200 4507 et
3217 4447 3601 4528 deceptorem
3624 4449 3707 4510 vi-

2058 4527 2298 4619 derunt,
2326 4531 2519 4619 aversi
2544 4535 2909 4593 accesserint
2930 4538 2997 4593 ad
3027 4527 3551 4611 Zacchaaum,etut
3575 4547 3706 4619 post

323 4624 535 4686 fratres
566 4642 802 4706 quoque
839 4643 1007 4686 meos
1032 4625 1304 4685 volentes
1356 4622 1634 4703 prosilire
1656 4628 1715 4683 et
1740 4620 1978 4700 aperire
2000 4632 2044 4683 D
2064 4618 2187 4678 haec
2213 4618 2419 4682 sociati
2447 4633 2581 4682 sunt
2614 4624 2727 4683 sibi
2752 4624 2899 4700 used
2923 4632 2981 4684 et
3010 4623 3285 4685 Clemens
3312 4618 3609 4703 quomodo
3635 4642 3707 4690 ex

322 4714 796 4795 rem,prohibuit
817 4717 1027 4777 Petrus
1063 4714 1271 4775 dicens
1299 4733 1313 4772 :
1342 4710 1646 4783 Quiescite
1668 4708 1974 4790 quoadus-

326 4823 443 4883 que
473 4803 620 4864 mihi
664 4804 974 4885 placuerit.
1040 4800 1436 4883 Respondens
1467 4818 1611 4880 ergo
1650 4799 1860 4859 Petrus
1893 4796 1975 4859 ait

328 4894 397 4955 ad
433 4910 638 4954 senem
676 4914 689 4956 :
724 4892 893 4966 Quod
922 4909 1137 4955 nomen
1159 4900 1287 4953 erat
1302 4890 1533 4970 juniori
1565 4889 1686 4952 filio
1718 4887 1868 4949 tuo?
1898 4889 1978 4949 At

327 4982 429 5043 ille
451 4984 529 5043 ait
563 5000 576 5042 :
614 4983 915 5046 Clemens.
952 4980 1021 5044 Et
1051 4980 1261 5042 Petrus
1298 5000 1311 5041 :
1348 4979 1409 5042 Si
1445 4980 1570 5052 tibi,
1610 4977 1823 5058 inquit,
1860 4976 1972 5037 ho-

326 5071 425 5133 die
446 5072 763 5152 conjugem
788 5082 946 5134 tuam
964 5070 1363 5133 castissimam
1380 5068 1810 5147 consignavero
1839 5084 1971 5127 cum

328 5163 522 5222 tribus
549 5163 689 5223 ﬁliis
722 5162 859 5242 tuis,
895 5162 1090 5223 credis
1119 5160 1258 5241 quia
1289 5165 1485 5239 potest
1538 5156 1753 5238 pudica
1806 5171 1975 5215 mens

332 5261 531 5312 motus
563 5251 1000 5313 irrationabiles
1024 5266 1329 5331 superare,
1353 5256 1411 5310 et
1432 5248 1589 5328 quod
1617 5245 1818 5307 omnia
1842 5262 1977 5324 quae

329 5359 364 5401 a
395 5340 567 5402 nobis
595 5340 756 5403 dicta
785 5349 944 5415 sunt,
980 5356 1115 5401 vera
1146 5338 1257 5399 sint
1310 5344 1368 5399 et
1396 5339 1638 5417 genesis
1672 5334 1821 5395 nihil
1850 5334 1926 5393 sit
1948 5340 1976 5395 ’ἶ

328 5428 599 5492 Etsenex
637 5452 651 5492 :
686 5430 855 5493 Sicut
882 5426 1255 5510 impossibile
1286 5436 1397 5500 est,
1446 5426 1657 5504 inquit,
1716 5433 1771 5485 te
1802 5422 1975 5485 exhi-

335 5521 477 5581 bere
501 5520 659 5601 quod
692 5518 1129 5602 promisisti,ita
1153 5514 1530 5596 impossibile
1562 5522 1652 5575 est
1672 5521 1836 5575 extra
1865 5529 1971 5602 ge-

337 5617 526 5671 nesim
568 5601 705 5672 fieri
734 5609 981 5689 aliquid.
1017 5608 1169 5669 Tum
1197 5604 1444 5666 Petrus:
1493 5605 1721 5681 Testes,
1759 5601 1975 5681 inquit,

335 5699 555 5761 habere
607 5700 736 5761 volo
769 5716 979 5761 omnes
1009 5698 1117 5758 bos
1156 5695 1254 5775 qui
1315 5702 1635 5774 praesentes
1687 5698 1844 5766 sunt,
1882 5707 1976 5750 me

655 5861 915 5925 Persen.
962 5859 1075 5922 Gn.
1124 5856 1172 5918 ι.

2064 4707 2622 4787 Urbeiagnoscendaa
2638 4714 2757 4772 veri
2769 4713 2896 4771 tatis
2912 4730 3088 4772 causa
3109 4714 3428 4792 profectus,
3442 4733 3547 4795 per
3562 4718 3703 4777 Bar-

2062 4796 2229 4857 nabze
2248 4798 2513 4859 notitiam
2529 4802 2853 4860 Caesaream
2880 4802 3109 4862 venerit
3125 4802 3362 4879 sibique
3384 4803 3711 4866 innotuerit

2060 4896 2115 4947 et
2144 4886 2674 4965 adhaeserit,utqne
2706 4890 2777 4951 ab
2803 4909 2871 4950 eo
2904 4891 2979 4949 sit
2999 4892 3071 4953 de
3094 4892 3211 4952 fide
3233 4892 3547 4971 religionis
3570 4892 3707 4955 edo-

2060 4984 2213 5048 ctus;
2231 4977 2336 5036 sed
2356 4984 2412 5037 et
2428 4978 2684 5056 qualiter
2701 4979 2854 5059 apud
2876 4978 3243 5041 Antaradum
3262 4981 3709 5045 mendicantem

2057 5064 2351 5144 repererit
2371 5074 2428 5126 et
2442 5070 2859 5145 recognoverit
2880 5079 3154 5141 matrem,
3186 5080 3369 5151 utque
3402 5071 3599 5151 omnis
3621 5070 3713 5132 in-

2058 5154 2185 5213 sula
2214 5153 2274 5214 in
2292 5155 2421 5231 ejus
2449 5157 2854 5233 recognitione
2878 5156 3077 5235 gavisa
3102 5158 3265 5238 sit,et
3287 5160 3361 5222 de
3394 5159 3710 5241 pudicissi-

2060 5261 2172 5302 ma:
2188 5243 2839 5323 hospitzecontubernio
2854 5255 3030 5327 atque
3045 5247 3175 5327 ejus
3192 5266 3300 5328 per
3322 5250 3707 5330 semetipsum

2058 5331 2269 5392 collata
2300 5334 2568 5399 sanitate.
2609 5344 2670 5396 et
2700 5335 2774 5396 de
2799 5335 3153 5398 liberalitate
3174 5337 3500 5400 Clementis
3521 5338 3582 5399 in
3605 5355 3710 5400 eos

2059 5421 2158 5501 qui
2185 5439 2325 5497 erga
2348 5430 2595 5484 matrem
2631 5424 2889 5485 benefici
2922 5425 3308 5502 exstiterant;
3362 5436 3545 5508 utque
3579 5436 3714 5507 post

2060 5509 2186 5571 haec
2208 5510 2413 5573 Niceta
2434 5514 2720 5594 etAquila
2746 5515 3118 5592 requirentes
3141 5532 3415 5592 quasnam
3438 5526 3593 5578 esset
3606 5533 3710 5597 pe-

2060 5603 2301 5680 regrina
2336 5602 2574 5679 mulier,
2609 5622 2744 5665 cum
2777 5603 3086 5665 audissent
3117 5624 3150 5665 a
3193 5604 3499 5668 Clemente
3530 5624 3710 5668 omne

2062 5694 2390 5769 negotium,
2436 5712 2501 5755 se
2553 5710 2686 5754 esse
2716 5693 2987 5770 geminos
3016 5692 3148 5772 ejus
3184 5694 3339 5758 filios
3364 5696 3707 5757 Faustinum

3254 5856 3447 5939 45..
