4058 6206
276 435 419 502 “Si

1517 439 2148 505 RECOGNITIONUM
2202 441 2342 503 LIB.
2392 442 2465 503 X.

3490 450 3512 507 1
3524 441 3649 509 421

272 586 333 639 et
364 575 595 654 legibus
629 593 863 655 patens.
898 577 988 638 vel
1022 594 1128 658 pro
1155 579 1431 641 amicitiis
1462 578 1795 657 hominum,
1824 586 1926 637 aut
1948 592 1981 629 Α
2010 575 2161 636 sicut
2190 575 2352 654 prius
2374 576 2515 643 dixi.
2534 575 3003 656 permittiteeum
3028 577 3142 639 iter
3160 591 3433 657 agentem
3457 583 3655 646 nobis-

274 685 382 745 pro
416 664 540 725 sola
567 665 1007 727 consuetudine
1052 676 1151 727 aut
1196 667 1458 747 qualibet
1487 666 1602 727 alia
1644 686 1713 727 ex
1748 682 1922 729 causa

275 754 365 815 vel
403 753 785 831 necessitate,
830 762 888 814 et
947 772 1061 815 non
1100 764 1340 835 propter
1389 757 1573 836 ipsam
1630 754 1918 834 justitiam

272 860 467 922 neque
494 849 736 922 propter
762 841 1009 905 Deum?
1059 842 1166 916 Qui
1224 845 1378 905 enim
1442 852 1683 924 propter
1729 844 1918 904 solum

274 931 465 993 Deum
496 938 554 991 et
604 930 894 1009 justitiam
958 932 1090 1011 ejus
1142 934 1301 1011 juste
1358 933 1636 1012 vixerint,
1694 934 1802 1012 ipsi
1851 932 1920 993 ad

274 1029 556 1083 aeternam
580 1020 854 1100 requiem
886 1023 1126 1083 venient
1158 1032 1215 1082 et
1250 1023 1700 1104 perpetuitatem
1753 1022 1920 1101 regni

274 1111 531 1172 caelestis
554 1109 876 1187 accipient.
911 1111 1084 1173 Salus
1136 1110 1295 1172 enim
1328 1131 1445 1173 non
1479 1111 1533 1173 vi
1564 1112 1916 1191 acquiritur,

277 1201 380 1259 sed
418 1199 711 1270 libertate,
740 1216 848 1261 nec
876 1217 981 1278 per
1013 1200 1323 1261 hominum
1354 1202 1626 1281 gratiam,
1678 1202 1781 1261 sed
1815 1220 1921 1280 per

272 1289 381 1350 Dei
414 1288 615 1349 fidem.
643 1287 794 1350 Tum
819 1299 1107 1368 praeterea
1128 1292 1389 1369 cogitare
1405 1291 1921 1371 debes,quiaDeus

276 1378 559 1459 praescius
588 1385 753 1439 estet
779 1378 938 1439 novit
961 1380 1007 1439 si
1041 1378 1137 1440 hic
1170 1398 1313 1441 usns
1335 1390 1423 1442 est
1457 1401 1470 1455 ;
1508 1380 1663 1461 quod
1723 1379 1774 1442 si
1810 1400 1917 1441 no-

274 1467 352 1528 vit
382 1487 516 1528 eum
552 1486 666 1529 non
701 1485 855 1541 esse,
908 1468 1051 1547 quid
1104 1468 1392 1532 faciemus
1432 1470 1504 1530 ad
1559 1488 1630 1530 ea
1689 1489 1819 1550 quae
1849 1488 1918 1531 ex

273 1556 443 1617 initio
469 1563 687 1617 statuta
720 1565 858 1616 sunt
890 1557 963 1618 ab
995 1559 1113 1618 eo?
1146 1560 1205 1618 ln
1259 1578 1375 1633 quo
1407 1566 1602 1619 autem
1648 1577 1915 1638 possum,

275 1644 593 1707 consilium
624 1645 742 1719 do;
778 1664 908 1706 cum
944 1646 1308 1725 evigilaverit
1336 1656 1394 1708 et
1428 1646 1783 1720 sederimus,
1820 1666 1921 1707 vos

271 1734 443 1814 quasi
474 1734 698 1814 aliquid
725 1733 959 1795 discere
990 1739 1283 1817 volentes,
1350 1736 1665 1815 proponite
1694 1755 1763 1796 ex
1828 1735 1921 1797 bis

2005 681 2139 722 cum
2172 664 2380 725 audire
2414 682 2525 726 nos
2553 664 2774 745 aliquid
2806 664 3202 744 disputantes;
3230 668 3333 729 sed
3365 672 3647 751 quoniam

2005 751 2355 814 festinantes
2387 770 2492 815 vos
2522 752 2663 833 vidi,
2727 752 2953 815 idcirco
2985 753 3105 816 dixi
3140 760 3648 837 opportunitatem

2005 842 2413 921 quaerendam;
2438 861 2617 920 quam
2649 861 2783 904 cum
2818 842 3056 905 dederit
3083 844 3265 926 Deus,
3294 865 3396 909 vos
3416 867 3650 931 quoque

2008 932 2078 992 ad
2108 949 2177 993 ea
2206 951 2339 1012 quae
2379 932 2583 993 dixero
2612 930 3023 1012 obtemperate
3065 933 3236 999 mihi.
3305 934 3444 999 Haec
3476 930 3649 1002 nobis

2005 1022 2546 1083 sermocinantibus
2575 1022 2733 1083 venit
2764 1039 2908 1101 puer
2924 1021 3128 1083 dicens
3147 1024 3392 1103 vigilare
3406 1026 3530 1106 jam
3552 1047 3650 1108 pa-

2006 1120 2181 1186 trem;
2214 1119 2429 1173 etcum
2452 1111 2738 1172 vellemus
2772 1111 3000 1190 ingredi
3030 1114 3103 1172 ad
3137 1132 3297 1188 eum,
3324 1115 3453 1196 ipse
3483 1120 3649 1179 venit

2004 1199 2075 1259 ad
2109 1209 2305 1273 nos,et
2337 1201 2535 1263 osculo
2570 1219 2676 1261 nos
2696 1200 2985 1275 salutans,
3014 1220 3147 1262 cum
3177 1204 3643 1283 resedissemus,

2003 1289 2084 1349 ait
2119 1311 2131 1348 :
2189 1289 2430 1352 Licetne
2463 1289 2862 1371 percunctari,
2922 1288 2971 1350 si
3005 1290 3145 1371 quid
3198 1292 3354 1353 volet
3382 1294 3538 1375 quis,
3572 1314 3646 1357 an

2003 1380 2333 1441 secundum
2357 1379 2773 1460 Pythagoricos
2807 1382 3123 1443 tacendum
3153 1400 3393 1463 semper
3425 1393 3554 1449 est?
3578 1385 3644 1446 Et

2006 1470 2234 1530 Petrus:
2255 1469 2373 1531 Nos
2408 1488 2521 1531 nec
2552 1470 2731 1531 silere
2761 1487 3023 1550 semper,
3045 1489 3243 1551 neque
3272 1476 3649 1552 percunctari

2003 1559 2271 1634 cogimus
2302 1558 2652 1620 accedentes
2678 1558 2750 1620 ad
2777 1578 2908 1639 nos,
2938 1559 3038 1620 sed
3064 1560 3456 1641 relinquimus
3480 1564 3644 1643 ipso-

2002 1664 2133 1707 rum
2169 1646 2424 1709 libertati
2458 1646 2652 1707 faccre
2685 1655 2748 1708 ut
2776 1648 3007 1723 volunt,
3041 1648 3301 1711 scientes
3354 1652 3511 1732 quod
3545 1654 3645 1733 qui

2004 1753 2205 1796 curam
2236 1736 2390 1814 gerit
2414 1735 2623 1797 salutis
2655 1753 2796 1810 suae,
2833 1737 2882 1797 si
2916 1737 2972 1797 in
3005 1749 3171 1816 parte
3228 1738 3423 1820 aliqua
3470 1743 3646 1803 sentit

279 1824 563 1883 duntaxat
593 1842 726 1900 qum
756 1823 836 1884 illi
871 1825 1113 1905 expedit
1142 1827 1398 1888 discere.
1429 1836 1486 1885 et
1515 1827 1653 1887 dum
1698 1843 1807 1886 nos
1830 1826 1920 1885 lo—
1951 1824 1986 1875 Β
2008 1826 2221 1886 animae
2250 1844 2372 1887 suae
2402 1825 2695 1899 dolorem,
2737 1835 2933 1887 tacere
2961 1844 3078 1888 non
3112 1827 3350 1907 patitur.
3376 1828 3484 1902 Qui
3509 1848 3645 1893 vero

275 1914 517 1992 quimur
550 1913 705 1974 inter
727 1933 853 1993 nos,
888 1913 989 1974 ille
1012 1914 1341 1976 instruatur
1371 1912 1484 1976 Sed
1507 1922 1702 1975 tamen
1734 1914 1922 1995 primo

274 2002 587 2081 quiescite,
626 2011 689 2062 ut
710 2004 757 2062 si
784 2002 937 2062 forte
968 2002 1097 2083 ipse
1119 2004 1389 2064 videatur
1413 2004 1633 2084 aliquid
1663 2006 1919 2064 interro-

272 2108 411 2167 gare
447 2114 463 2168 ;
492 2090 651 2168 quod
682 2093 728 2152 si
758 2091 994 2163 fecerit,
1048 2092 1244 2171 aptior
1273 2094 1384 2152 erit
1414 2093 1710 2154 sermonis
1741 2112 1921 2154 occa-

274 2184 362 2240 sio
392 2203 408 2252 ;
445 2184 494 2239 si
526 2197 663 2239 vero
695 2179 824 2259 ipse
855 2179 1001 2241 nihil
1060 2181 1292 2261 quaerit,
1329 2200 1435 2242 nos
1489 2182 1561 2242 ab
1606 2182 1917 2262 alterutro,

274 2269 427 2330 sicut
458 2268 602 2342 dixi,
639 2268 871 2330 discere
901 2270 1121 2351 aliquid
1177 2271 1443 2333 volentes
1495 2290 1771 2350 rogemus
1830 2272 1918 2332 vi-

274 2357 500 2420 cissim.
537 2357 678 2419 Mihi
714 2358 790 2418 ita
814 2359 1070 2430 videtur,
1108 2360 1283 2421 etiam
1317 2359 1481 2421 vobis
1511 2360 1650 2441 quid
1695 2361 1920 2441 placeat

270 2446 472 2511 dicite.

351 2535 456 2600 Ill.
490 2539 760 2618 Cumque
782 2538 1292 2600 collaudassemus
1340 2542 1472 2619 ejus
1502 2548 1730 2601 rectum
1767 2559 1913 2600 con-

272 2626 494 2706 silium,
558 2646 663 2705 ego
699 2625 976 2688 Clemens
1007 2628 1122 2689 aio:
1159 2629 1221 2690 In
1255 2629 1533 2689 omnibus
1562 2628 1743 2690 rebus
1775 2629 1912 2708 plu-

270 2716 419 2777 rima
445 2735 514 2777 ex
549 2724 715 2796 parte
745 2716 817 2777 ad
849 2716 1083 2777 initium
1113 2717 1358 2798 reSpicit
1390 2717 1548 2791 linis,
1575 2718 1909 2799 similisque

272 2803 581 2886 principiis
605 2822 805 2864 rerum
839 2806 1031 2865 exitus
1061 2805 1272 2884 datur;
1325 2824 1498 2885 spero
1532 2825 1706 2883 ergo_
1727 2807 1905 2867 etiam

274 2893 431 2953 circa
467 2902 689 2972 patrem
724 2902 1014 2965 nostrum,
1052 2894 1331 2972 quoniam
1362 2911 1466 2972 per
1491 2903 1546 2953 te
1574 2893 1731 2955 Deus
1754 2895 1907 2956 bona

272 2982 441 3043 initia
475 2981 660 3058 dedit,
689 2982 780 3042 his
802 3000 1128 3060 congruum
1153 2998 1338 3063 seque
1361 2982 1602 3061 dignum
1628 2984 1909 3060 largietur

275 3072 548 3133 ettinem.
576 3068 1000 3132 Verumtamen
1018 3072 1190 3131 etiam
1211 3071 1351 3132 illud
1369 3073 1796 3151 suggero,si,ut
1814 3073 1905 3133 di-

2011 1914 2252 1992 negligit
2311 1915 2561 1976 salutem
2618 1933 2808 1991 suam,
2843 1915 2891 1975 si
2950 1914 3318 1995 interrogare
3374 1927 3641 1997 cogatur,

2009 2003 2154 2063 nihil
2187 2021 2255 2064 ex
2283 2003 2395 2064 hoc
2418 2003 2649 2065 utilitati
2674 2004 2801 2083 ejus
2822 2003 3141 2077 confertur,
3163 2006 3274 2067 nisi
3297 2006 3409 2069 hoc
3422 2008 3641 2085 solum,

2007 2100 2067 2150 ut
2087 2091 2384 2152 studiosus
2416 2110 2549 2153 esse
2574 2091 2843 2154 videatur
2864 2101 2922 2153 et
2943 2092 3219 2171 diligens.
3239 2093 3641 2168 Quamobrem

2007 2188 2065 2240 tu
2090 2180 2137 2240 si
2173 2179 2315 2261 quid
2345 2180 2580 2243 discere
2609 2181 2713 2255 vis,
2748 2181 3010 2261 require.

2087 2273 2156 2333 V.
2196 2269 2264 2331 Et
2295 2288 2476 2331 senex
2502 2270 2603 2332 ait:
2622 2269 2984 2349 Estquidam
3012 2288 3211 2333 sermo
3235 2273 3390 2352 apud
3412 2271 3644 2337 Graeco-

2002 2377 2132 2419 rum
2170 2358 2551 2438 philosophos
2580 2359 2666 2438 (7)
2702 2360 3030 2420 vehemens
3062 2361 3253 2435 valde,
3276 2363 3377 2441 qui
3406 2363 3641 2443 dicit,in

1998 2448 2111 2509 vita
2143 2448 2447 2510 hominum
2481 2465 2547 2509 re
2577 2447 2711 2526 ipsa
2743 2465 2938 2528 neque
2970 2448 3192 2510 bonum
3225 2468 3358 2512 esse
3390 2450 3638 2532 aliquid,

2001 2556 2193 2617 neque
2212 2537 2460 2610 malum;
2494 2534 2596 2597 sed
2629 2553 2763 2616 qua;
2787 2536 3058 2599 videntur
3080 2537 3426 2601 hominibus
3450 2558 3559 2601 usu
3583 2549 3642 2603 et

1995 2625 2425 2688 consuetudine
2456 2625 2767 2704 praesentis
2792 2623 2944 2697 vitze,
2981 2624 3104 2686 haec
3132 2635 3237 2687 aut
3257 2626 3412 2689 mala
3436 2627 3642 2691 dicunt

1994 2724 2092 2777 aut
2121 2714 2293 2776 bona.
2330 2712 2473 2775 Nam
2507 2729 2701 2793 neque
2732 2712 3119 2774 homicidium
3145 2731 3355 2775 revera
3409 2716 3632 2778 malum

1995 2814 2103 2878 est,
2137 2805 2279 2884 quia
2293 2820 2550 2864 animam
2575 2800 2826 2863 vinculis
2848 2800 3043 2862 carnis
3065 2801 3668 2885 absolvit;deuique,‘

1993 2893 2178 2963 aiunt,
2215 2901 2271 2953 et
2293 2890 2438 2971 justi
2470 2889 2694 2971 quique
2707 2891 2946 2970 judices
2965 2900 3283 2970 peccantes
3310 2893 3635 2972 perimunt.

1993 2982 2156 3054 Quod
2187 2983 2235 3041 si
2263 2979 2651 3041 homicidium
2676 2978 2901 3042 scirent
2930 2978 3151 3040 malum
3180 2998 3336 3057 esse,
3363 3000 3481 3043 non
3516 2984 3635 3044 uti-

1992 3089 2107 3150 que
2136 3071 2193 3132 id
2217 3069 2362 3148 justi
2397 3068 2668 3129 homines
2704 3070 2987 3130 lacerent.
3023 3067 3231 3150 Neque
3278 3070 3636 3133 adulterium

270 3159 435 3239 sisti,
467 3161 847 3239 cmperimus,
886 3172 1181 3239 praesente
1203 3169 1388 3240 patre,
1426 3162 1596 3236 quasi
1622 3162 1780 3223 inter
1804 3164 1972 3224 nosC
2000 3160 2214 3220 malum
2240 3176 2371 3218 esse
2404 3157 2630 3217 dicunt:
2662 3155 2713 3216 si
2728 3157 2885 3218 enim
2915 3158 3147 3235 ignoret
3165 3158 3254 3220 vir
3274 3168 3512 3221 autnon
3539 3179 3639 3221 cu-

269 3248 494 3327 aliquid
532 3249 817 3311 tractandi
846 3250 935 3310 vel
969 3249 1241 3311 discendi
1293 3252 1483 3327 gratia
1515 3249 1701 3331 loqui,
1739 3259 1798 3311 tu
1833 3253 1908 3312 mi
1995 3260 2107 3322 ret,
2143 3247 2313 3321 nihil,
2341 3246 2526 3324 aiunt,
2565 3244 2703 3305 mali
2734 3254 2845 3307 est.
2883 3244 2999 3307 Sed
3034 3264 3230 3326 neque
3259 3247 3480 3309 furtum
3514 3266 3637 3311 ma-

269 3336 511 3398 domine
537 3336 730 3409 Petre,
765 3357 884 3399 non
920 3337 1103 3399 debes
1137 3357 1270 3399 eum
1307 3338 1499 3398 locum
1531 3342 1907 3420 agere,quasi
1993 3338 2112 3399 lum
2148 3354 2301 3398 esse:
2337 3334 2491 3415 quod
2523 3333 2682 3394 enim
2716 3333 2885 3397 deest
2944 3334 3146 3408 alicui,
3180 3336 3369 3398 autert
3393 3337 3468 3398 ab
3518 3337 3635 3398 alio

268 3426 369 3502 qui
402 3425 638 3487 discere
655 3426 879 3507 aliquid
905 3426 1149 3499 debeas;
1172 3428 1285 3488 hoc
1309 3428 1469 3487 enim
1490 3428 1539 3488 si
1566 3428 1884 3504 videat,for
1992 3427 2092 3505 qui
2126 3425 2324 3498 habet,
2359 3424 2513 3503 quod
2548 3421 2791 3502 quidem
2822 3423 3133 3503 oportebat
3170 3424 3358 3486 libere
3386 3426 3540 3487 sumi
3572 3433 3634 3487 et

268 3529 425 3576 tasse
452 3517 633 3593 magis
655 3516 1015 3589 offendetur,
1078 3527 1275 3577 certus
1311 3525 1400 3576 est
1426 3518 1585 3577 enim
1617 3524 1679 3580 te
1710 3519 1907 3579 omnia
1995 3516 2271 3599 publice;
2305 3516 2409 3577 sed
2443 3513 2582 3594 quia
2604 3515 2833 3575 occulte
2866 3515 2950 3589 fit,
2988 3517 3046 3576 in
3068 3517 3181 3578 hoc
3209 3518 3392 3595 magis
3416 3518 3577 3579 illius
3598 3538 3632 3579 a

267 3605 418 3666 scire
449 3603 788 3683 diligenter,
828 3609 993 3667 sicut
1014 3616 1069 3665 et
1101 3625 1236 3666 vere
1256 3616 1366 3667 est.
1394 3605 1577 3677 Quale
1599 3625 1737 3685 ergo
1770 3608 1902 3683 erit,
1991 3627 2111 3687 quo
2146 3606 2295 3666 clam
2321 3604 2586 3665 aufertur
2610 3601 3014 3665 inhumanitas
3038 3604 3438 3684 redarguitur.
3461 3607 3629 3669 Com-

266 3694 315 3753 si
347 3703 401 3756 te
433 3695 623 3754 videat
651 3695 1040 3773 ignorantiam
1073 3696 1485 3757 simulantem?
1503 3695 1627 3757 Hoc
1649 3714 1807 3766 eum,
1843 3707 1908 3758 ut
1993 3694 2190 3756 munis
2221 3694 2378 3754 enim
2413 3711 2553 3753 usus
2570 3692 2835 3753 omnium
2855 3712 2987 3772 qua;
3007 3695 3213 3755 suntin
3238 3696 3352 3757 hoc
3379 3697 3629 3771 mundo,

266 3780 408 3855 dixi,
444 3782 631 3861 magis
664 3782 877 3847 laedere
911 3785 1149 3864 poterit,
1180 3785 1552 3846 nescientem
1588 3785 1900 3847 consilium
1988 3783 2265 3845 omnibus
2281 3800 2413 3844 esse
2434 3781 3124 3853 hominibusdebuit;sed
3143 3784 3632 3866 periniquitatem

266 3872 580 3934 tuum.Sed
616 3890 725 3933 nos
754 3873 998 3953 quidem
1033 3872 1243 3934 fratres
1270 3872 1425 3933 inter
1458 3891 1915 3936 nossermonem
2002 3875 2156 3936 alius
2189 3874 2299 3935 hoc
2322 3890 2492 3932 suum
2519 3871 2903 3951 dicitesse,et
2927 3871 3330 3955 aliusillud,et
3361 3875 3448 3937 sic
3479 3874 3637 3937 inter

263 3958 579 4041 habentes,
614 3960 667 4021 si
698 3962 758 4021 in
790 3960 992 4042 aliquo
1018 3961 1385 4034 dubitemus,
1419 3980 1453 4021 a
1499 3972 1556 4023 te
1605 3965 1915 4042 quaestioni
2004 3964 2283 4027 mortales
2309 3961 2519 4022 divisio
2539 3961 2690 4021 facta
2713 3968 2819 4021 est.
2848 3960 3115 4042 Denique
3142 3964 3482 4028 Graecorum
3507 3964 3635 4044 qui-

264 4058 487 4110 nostra;
516 4050 649 4110 finis
680 4067 975 4129 congruus
1007 4050 1183 4111 detur
1216 4072 1232 4132 ;
1267 4068 1404 4111 nam
1438 4060 1499 4112 et
1550 4051 1601 4112 si
1648 4061 1705 4113 te
1764 4072 1914 4114 cun-
2001 4055 2132 4116 dam
2170 4050 2643 4133 sapientissimus
2679 4050 2754 4129 (8)
2792 4050 2914 4110 haec
2949 4051 3029 4111 ita
3070 4053 3271 4116 sciens
3319 4071 3477 4127 esse,
3530 4054 3632 4132 ait,

263 4145 519 4199 clantem
551 4137 745 4199 videat
775 4148 875 4200 aut
905 4138 1302 4214 dubitantem,
1337 4148 1475 4199 tunc
1496 4158 1635 4201 vere
1658 4142 1903 4223 putabit,
2000 4141 2340 4205 communia
2371 4138 2591 4201 debere
2614 4157 2742 4200 esse
2774 4139 3100 4202 amicorum
3120 4142 3343 4211 omnia;
3368 4143 3425 4203 in
3444 4143 3636 4202 omni-

263 4226 422 4307 quod
455 4230 613 4308 apud
647 4227 877 4288 nullum
912 4229 1024 4288 erit
1055 4229 1307 4292 scientia
1337 4227 1621 4291 veritatis.
1992 4232 2101 4294 bus
2128 4239 2324 4292 autem
2358 4236 2494 4289 sunt
2523 4227 2654 4288 sine
2687 4226 2868 4288 dubio
2900 4237 2960 4288 et
2990 4230 3294 4309 conjuges.
3352 4228 3423 4290 Et
3480 4228 3634 4290 sicut

349 4320 449 4380 1v.
487 4318 562 4381 Et
589 4316 799 4380 Petrus
830 4320 901 4380 ad
955 4319 1080 4381 haec
1132 4321 1441 4399 respondit
1474 4341 1486 4382 :
1551 4322 1907 4384 Omittamus
1992 4340 2111 4383 non
2145 4317 2583 4401 potest,inquit,
2612 4315 2795 4377 dividi
2816 4335 2919 4377 aer
2941 4317 3438 4396 nequesjilendor
3460 4319 3625 4389 solis,

262 4406 410 4476 haec,
438 4407 579 4497 etsi
611 4407 851 4497 quidem
887 4408 1129 4486 dignum
1172 4419 1261 4470 est
1292 4419 1353 4470 ut
1387 4410 1758 4489 ingrediatur
1809 4415 1902 4492 ja-
1926 4412 2071 4497 Dite
2094 4428 2200 4472 nec
2216 4406 3474 4497 reliquaqutecommuniterinhocmundo
3494 4408 3627 4497 data

262 4513 441 4557 nuam
468 4496 616 4561 vitae.
651 4496 809 4559 Deus
839 4498 1212 4559 occasionem
1244 4508 1681 4577 competentem
1714 4500 1900 4585 dabit,
1926 4493 1957 4497 ’
1989 4508 2125 4562 sunt
2155 4495 2432 4558 omnibus
2461 4495 2532 4555 ad
2587 4493 2950 4585 habendum,
2990 4494 3173 4556 dividi
3222 4494 3467 4585 debere,
3525 4495 3628 4557 sed

264 4587 497 4664 eritque
525 4586 760 4648 initium
784 4605 853 4648 ex
882 4589 1002 4651 Deo
1037 4594 1095 4647 et
1119 4605 1235 4648 non
1252 4606 1320 4647 ex
1351 4587 1613 4649 homine.
1645 4591 1717 4653 Et
1738 4582 1896 4668 ideo,
1987 4586 2265 4654 habenda
2286 4602 2418 4648 esse
2441 4582 2808 4646 communia.
2836 4584 2974 4644 Haec
2998 4595 3194 4647 autem
3216 4584 3420 4647 dicere
3442 4586 3629 4665 votui,

1600 4752 1999 4821 COTELERII
2040 4747 2291 4814 NOTAE.

357 4911 440 4985 (7)
469 4908 853 4994 Estgujdam
871 4924 1063 4994 sermo
1080 4908 1244 4994 apud
1275 4908 1619 4994 Gygcmjum
1643 4913 1907 4994 philoso-
1990 4916 2115 4978 viro
2169 4908 2367 4994 magni
2414 4905 2638 4994 ingenii
2693 4905 3374 4994 magnaaqueudoctrinai
3418 4904 3633 4994 {canui

260 4983 438 5079 phus.
477 4983 860 5079 archelaum,
914 4983 1294 5079 Cyrenaicos,
1320 4983 1697 5079 Theodorum
1732 4996 1907 5078 ἄθεον,
1995 4983 2297 5079 Pearsono
2325 4988 2385 5079 in
2414 4983 2964 5079 Pr‘oleﬁgomenis‘ad
3016 4983 3354 5079 Hieroclem
3399 4985 3632 5079 videtur

267 5064 326 5155 et
349 5068 725 5155 Pyrrhonios:
751 5064 1002 5155 quorum
1026 5067 1318 5155 insaniam
1337 5072 1535 5155 secuti
1551 5084 1690 5135 sunt
1711 5064 1911 5155 postea

2006 5071 2211 5147 corrigi
2244 5068 2507 5155 debere:
2565 5064 2756 5133 Ἡδονὴ
2800 5064 2982 5155 fallor
3018 5068 3217 5155 1:0,.PVTN
3270 5065 3464 5155 δέγμξ,
3526 5068 3634 5125 Οὐκ

268 5143 555 5209 ϐηόεῐὶεἰ.
592 5143 788 5229 Atque
808 5151 926 5211 huc
949 5148 1275 5229 pertinebit
1297 5147 1535 5227 elegans
1553 5155 1599 5215 A
1651 5143 1907 5235 ophthe-

271 5247 364 5289 ma
390 5228 687 5290 Hieroclis
708 5230 958 5291 relatum
979 5230 1038 5288 in
1057 5228 1271 5292 Agellii
1292 5228 1584 5292 Noctibus
1609 5173 1711 5292 lib.
1739 5253 1811 5292 ιχ,
1855 5256 1908 5292 c-

2006 5161 2103 5213 ἔστι
2135 5143 2355 5229 {privata
2370 5146 2536 5205 οὐδέν’
2562 5155 2762 5225 πόρνης
2794 5143 2988 5221 δόγμα.
3025 5143 3292 5226 ΕῙυείιυθ
3316 5143 3631 5208 lectionem

2006 5237 2190 5292 firmat
2211 5229 2397 5292 codex
2438 5225 2874 5288 Tornaesianus.

271 5247 364 5311 ma
390 5227 1038 5311 Hieroclis’relatum'in
1057 5228 1584 5307 AgelliiNoctibus
1609 5227 1711 5295 lib'.
1738 5253 1816 5311 1x,
1855 5256 1908 5299 c.
1997 5227 2190 5298 firmat
2211 5229 2397 5292 codex
2438 5227 2874 5311 Tornaesianus.

2075 5314 2160 5393 (8)
2189 5311 2538 5393 Graecorum
2559 5305 2813 5385 quidam
2833 5306 3638 5393 sapientissimusLSocrates

1994 5382 2154 5476 apud
2183 5391 2505 5477 Platonem
2518 5382 2805 5477 incipere
2834 5382 2920 5444 De
2949 5382 3279 5463 republica.
3316 5383 3640 5477 Quoscideo

1995 5464 2248 5554 arguunt
2272 5466 2510 5550 plurimi
2543 5488 2567 5554 :_
2593 5464 3081 5554 defenderevero
3113 5474 3406 5554 conantur
3426 5464 3642 5554 ali_i;_ut

270 5310 330 5387 5,
368 5308 460 5393 liis
481 5308 701 5393 verbis:
736 5308 978 5393 Taurus
995 5318 1198 5372 autem
1222 5318 1446 5385 noster,
1480 5315 1712 5393 quoties
1742 5308 1909 5393 facta

267 5389 776 5470 mentioiEpicuri
793 5398 967 5470 esset,
995 5393 1060 5470 in
1080 5407 1185 5452 ore
1207 5393 1468 5469 atquein
1491 5391 1700 5470 lingua
1719 5389 1907 5458 habe-

271 5470 369 5555 ςφᾶς
390 5468 709 5555 verbath
722 5468 1013 5555 Hieroclis
1028 5468 1657 5555 Stoici,v:iri_sancliel
1672 5481 1907 5553 gravis:
1995 5468 2248 5554 arguunt
2272 5468 2510 5550 plurimi
2543 5488 2567 5555 :_
2593 5468 3081 5555 defenderevero
3113 5483 3158 5555 cf

273 5540 695 5636 'BSovﬁq‘téloq'
734 5554 934 5636 [πόρνης
993 5551 1186 5631 δόγμα,
1237 5540 1347 5607 Οὐκ
1372 5540 1725 5636 ἔπι-πορνεῖα
1759 5555 1905 5613 οὐδὲν

2006 5540 2228 5617 ὶίξεθτθ
2273 5540 2379 5610 ἐει
2432 5566 2501 5609 ex
2550 5547 2811 5636 lectione
2867 5543 3193 5636 Clementis
3249 5545 3641 5636 glexandrini

272 5631 471 5716 πόρνης
503 5628 700 5716 δᾴγμα.
729 5623 1078 5716 Dummodo
1093 5623 1166 5716 ex
1191 5647 1321 5716 mea
1341 5623 1626 5716 opinione
1654 5635 1731 5696 ita
1751 5635 1915 5714 lega-

2006 5636 2234 5716 Strom.
2264 5645 2352 5716 in,
2372 5646 2509 5716 pag.
2535 5626 2679 5716 439.²
2704 5624 2865 5716 43η
2887 5623 3207 5716 ᾼτξίιηξίῃ
3237 5623 3640 5716 βρίοεειοιίὺ.

276 5702 420 5793 ιιιῇ-τε
456 5702 856 5793 Ἥᾷοἶᾶἢτέλοε
893 5712 1094 5793 arcipan
1142 5702 1481 5793 aﬂuat»):
1534 5713 1644 5769 ἔστι
1703 5702 1915 5793 πορῖεία

2006 5734 2066 5793 ιι,
2092 5732 2146 5776 c.
2174 5715 2213 5773 4
2234 5702 2512 5793 ;L1icia_ui
2533 5702 3202 5793 inFug_itiafs;§usebii
3222 5702 3642 5793 Ρὶίιρεευρηρ.

275 5764 445 5876 «56¢;-
484 5764 1481 5876 ansam:elatave;
1513 5764 1923 5859 ε”υἱιένὲῐῖ-ὲὶὲὲ
2004 5764 3246 5876 iihfaiii',"c—.:f§_;_7iﬁ«ﬂoruissemus
3279 5764 3644 5876 paveam;

275 5867 523 5950 dogma.
551 5863 855 5949 Stemus
877 5872 1040 5933 nihil
1069 5863 1183 5933 esi:
1216 5863 1564 5935 meretrici:
1582 5875 1828 5955 degma.
1848 5876 1926 5937 At
2007 5892 2076 5936 ac
2104 5863 2325 5938 Nicetes
2351 5863 2653 5932 Choniatte
2680 5865 2787 5929 lib.
2814 5881 2869 5926 tv
2904 5863 3227 5947 Thesauri,
3256 5883 3310 5929 c.
3349 5865 3442 5929 10.
