4058 6206
443 392 594 459 1443
1266 396 1327 455 S.
1375 395 1810 459 CLEMENTIS
1854 396 1876 455 Ι
1927 389 2045 456 ROl

2220 394 2377 457 )NT.
2424 395 2670 457 OPERA
2720 393 2977 456 DUBIA.
3665 397 3822 459 1444

437 530 648 590 anima
669 535 797 602 tua,
818 532 1596 608 etquaspnsparaslicujus
1611 529 2085 610 erunt7’?ltaque
2107 536 2144 584 Α
2166 531 2395 589 rectum
2421 526 2734 588 consilium
2765 525 2971 607 perdat
2999 548 3013 602 ;
3047 527 3149 588 illa
3176 543 3310 588 vero
3332 545 3462 608 qua:
3495 527 3684 589 malos
3718 547 3828 608 pu-

437 615 687 678 festinet
707 617 775 678 ad
805 616 1210 697 paenitentiam
1240 619 1435 680 omnis
1457 627 1621 699 astas,
1648 621 1842 680 omnis
1887 639 2085 694 sexus,
2173 615 2280 690 nit,
2309 616 2819 694 perturbationem
2847 616 3032 677 menti
3056 635 3175 677 non
3198 615 3400 695 infert,
3425 616 3530 678 sed
3555 635 3738 692 unus,
3768 627 3832 678 ut

440 707 753 786 omnisque
767 705 1131 785 conditio,ut
1157 705 1330 768 vitam
1367 717 1760 788 consequatur
1782 716 2084 770 aeternam.
2173 705 2251 765 ita
2273 705 2549 785 dixerim,
2579 705 2860 785 idemque
2878 705 3124 767 aﬂ‘ectus
3143 714 3252 777 est,
3275 705 3374 786 qui
3393 715 3450 768 et
3467 704 3642 766 bonis
3663 723 3822 786 prae-

438 794 700 857 Juvenes
728 793 967 874 quidem
1002 793 1060 855 in
1093 813 1161 855 eo
1193 796 1338 873 grati
1373 797 1509 870 sint,
1547 797 1702 877 quod
1735 798 1794 859 in
1828 799 1952 878 ipso
1982 798 2087 857 im-
2175 794 2291 855 mia
2311 803 2366 855 et
2392 794 2560 856 malis
2577 794 3102 874 retribuitpoenam
3133 813 3147 869 ;
3173 813 3306 856 nam
3332 795 3383 857 si
3406 792 3581 856 bonis
3602 801 3660 854 et
3695 813 3825 856 ma-

439 893 575 964 petu
621 883 1061 945 desideriorum
1094 888 1356 946 cervices
1391 904 1524 947 suas
1571 887 1713 966 jugo
1765 887 2089 966 subjiciunt
2172 882 2244 943 lis
2267 881 2422 943 bona
2447 883 2821 964 restituat,et
2843 882 3022 944 simili
3045 883 3524 944 remuneratione
3544 884 3831 963 ergapios

435 973 988 1054 disciplinanSenes
1007 981 1066 1033 et
1086 974 1539 1053 ipsilaudabiles
1582 976 1719 1055 quia
1735 976 1899 1038 multi
1935 984 2078 1037 tem-
2165 979 2362 1033 utatur
2400 981 2456 1034 et
2482 973 2723 1054 impios,
2749 971 3006 1051 injustus
3031 972 3223 1051 potius
3245 991 3418 1052 quam
3443 972 3640 1034 bonus
3658 972 3825 1034 vide-

435 1062 595 1142 poris
627 1061 1144 1137 consuetudinem,
1179 1064 1240 1124 in
1273 1083 1388 1144 qua
1426 1064 1577 1126 male
1610 1065 1887 1146 praeventi
1916 1074 2080 1146 sunt,
2171 1059 2354 1122 bitur.

435 1168 542 1231 pro
571 1150 680 1212 Dei
712 1151 927 1212 timore
961 1161 1350 1215 commutant.
2248 1149 2445 1212 XLIX.
2483 1150 2600 1212 Sed
2628 1150 2751 1212 ais:
2783 1167 2894 1210 nec
2924 1149 3082 1210 Deus
3113 1147 3322 1210 debuit
3339 1149 3542 1210 facere
3565 1150 3815 1210 malum.

512 1237 717 1302 XLVI.
740 1237 926 1300 Nemo
955 1258 1096 1318 ergo
1118 1241 1372 1322 differat,
1400 1262 1576 1304 nemo
1599 1253 1930 1322 cunctetur;
1956 1264 2085 1324 quae
2169 1236 2386 1300 Verum
2419 1238 2605 1315 dicis;
2641 1257 2836 1319 neque
2879 1237 3039 1300 fecit.
3073 1235 3188 1298 Sed
3240 1236 3340 1317 qui
3387 1237 3458 1298 ab
3513 1256 3585 1299 eo
3635 1239 3819 1299 creati

433 1329 591 1390 enim
614 1348 790 1390 causa
812 1330 1134 1390 cunctandi
1159 1340 1246 1393 est
1267 1331 1336 1392 ad
1356 1332 1509 1393 bene
1525 1335 1816 1412 agendum
1842 1340 1868 1397 ?
1891 1342 1992 1394 aut
2014 1335 2084 1394 ti.
2168 1336 2326 1407 sunt,
2363 1329 2505 1388 dum
2533 1327 2895 1406 judicandos
2921 1345 2984 1387 se
3017 1342 3148 1386 esse
3179 1343 3298 1386 non
3319 1327 3596 1400 credunt,
3623 1326 3825 1388 indul-

433 1436 583 1489 mes,
612 1437 688 1480 ne
709 1437 843 1479 cum
866 1419 1019 1480 bene
1041 1419 1278 1501 feceris,
1300 1421 1380 1482 ibi
1406 1423 1950 1484 remunerationem
1969 1442 2082 1484 non
2168 1424 2372 1494 gentes
2404 1415 2801 1496 voluptatibus
2829 1414 2973 1490 suis,
3003 1433 3034 1474 a
3067 1413 3283 1493 pietate
3313 1422 3372 1474 et
3393 1415 3632 1493 justitia
3651 1415 3822 1476 devo—

429 1506 694 1568 invenias
724 1517 787 1570 ut
817 1508 1032 1588 putasti
1063 1517 1090 1572 ‘l
1120 1509 1190 1571 Et
1221 1510 1362 1590 quid
1395 1512 1615 1573 senties
1662 1511 1998 1573 detrimenti
2035 1514 2080 1574 si
2167 1504 2451 1568 inlisum.
2483 1504 2599 1568 36d
2625 1505 2786 1566 dices
2813 1524 2826 1564 ε
2857 1503 2917 1566 Si
2945 1505 3172 1582 jllsmm
3223 1511 3312 1563 εει
3356 1503 3569 1582 Punite
3609 1505 3820 1584 malos,

428 1594 578 1658 bene
597 1597 812 1658 feceris
838 1599 1040 1679 gratis,
1066 1618 1264 1660 nonne
1292 1600 1467 1660 etiam
1491 1602 1615 1662 sola
1643 1601 1704 1662 in
1727 1603 1816 1662 his
1851 1603 2080 1663 suﬂice-
2166 1594 2362 1655 statim
2380 1602 2442 1654 ut
2459 1595 2797 1674 maleagunt
2808 1593 3009 1674 puniri
3035 1590 3379 1653 debent.’l‘u
3395 1593 3686 1671 quidenm
3709 1594 3817 1654 be-

427 1693 517 1746 ret
547 1687 914 1747 conscientia
945 1686 969 1749 ?
998 1689 1161 1760 Quod
1212 1691 1258 1752 si
1294 1690 1595 1751 inveneris
1629 1700 1693 1750 ut
1745 1691 2073 1772 przesumis,
2163 1681 2630 1756 nefeSlinaS;Sed
2651 1681 3145 1772 illequiaternus
3169 1689 3259 1740 θεῖ
3277 1689 3532 1772 θιίίιξεὲῐη
3552 1682 3706 1772 nihil
3731 1683 3814 1742 la.

425 1793 623 1836 nonne
639 1795 743 1856 pro
764 1776 958 1857 parvis
973 1787 1272 1856 magna,et
1289 1797 1394 1858 pro
1410 1769 1836 1860 temporalibus
1853 1790 2027 1843 mtern

2208 1780 2262 1846 et,
2290 1783 2508 1851 quanto
2532 1772 2732 1833 nullus
2755 1772 2809 1832 ei
2830 1771 2999 1860 ﬁnis,
3024 1777 3287 1860 tantoet
3305 1769 3541 1860 prolixa
3575 1771 3810 1850 patien-

423 1865 680 1944 recipies
703 1865 732 1925 εδ
757 1883 965 1927 verum
995 1885 1102 1946 ego
1137 1869 1260 1928 haec
1292 1857 1896 1948 propter—incredulos
1927 1870 2024 1930 dix

2209 1882 2236 1918 a
2273 1871 2382 1935 est,
2410 1870 2468 1922 et
2499 1881 2616 1922 non
2647 1861 2718 1920 ad
2757 1859 3122 1948 velocitatem
3157 1857 3450 1948 vindictae,
3476 1860 3586 1919 sed
3613 1861 3688 1920 ad
3721 1879 3811 1921 sa-

425 1937 761 2015 Nos-autem
795 1974 927 2033 qum
969 1937 1491 2038 praatliramus,lita
1524 1977 1588 2020 se
1639 1960 1883 2031 habent,
1937 1937 2297 2040 quianlutis
2345 1949 2589 2030 ι’θερίοὶῐ
2636 1966 2883 2040 ο³υ5³ξ;
2935 1947 3266 2040 delatam?
3305 1947 3469 2040 εηξφ
3522 1967 3648 2040 ηριι
3684 1958 3806 2040 iam

427 2059 540 2104 nec
564 2043 735 2106 aliter
768 2063 899 2106 esse
931 2036 1201 2126 possunt,
1238 2036 1377 2128 qua;
1402 2047 1747 2128 prophetica
1768 2067 1911 2110 νοοθ
1931 2036 2072 2129 ῥιιο-
2158 2047 2370 2112 morte,
2390 2057 2563 2119 quam
2576 2037 2967 2129 conversione
2989 2036 3290 2129 peccantis
3305 2036 3530 2129 Rideo
3544 2037 3812 2129 denique

425 2130 604 2193 missa
627 2141 786 2196 sunt.
935 2124 946 2126 “
1189 2124 1197 2126 ⁷
1259 2124 1273 2128 ’
1402 2124 1418 2127 “
1515 2124 1528 2128 ⁷
1932 2124 1945 2129 ⁷
2158 2134 2214 2186 et
2243 2136 2516 2190 sanctum
2576 2127 2865 2208 baptisma
2915 2125 3161 2202 largitus
3211 2133 3300 2188 est
3347 2124 3706 2202 homnibus,
3738 2128 3808 2188 ad

501 2220 732 2283 XLVII.
761 2222 819 2284 Si
847 2223 980 2303 quis
1011 2242 1149 2285 νει-ο
1173 2225 1338 2304 σαρξί
1373 2225 1732 2287 examussim
1759 2225 2068 2286 veritatem
2154 2216 2308 2287 quod
2343 2215 2392 2276 si
2421 2216 2551 2297 quis
2583 2215 2788 2277 venire
2819 2214 3084 2288 festinet,
3116 2213 3277 2304 etde
3307 2213 3546 2294 reliquo
3581 2226 3813 2277 maneat

420 2320 640 2370 nostra;
671 2302 1109 2390 prasdiéationis
1140 2302 1488 2393 agnoscere,
1520 2313 1831 2374 conveniat
1855 2313 1926 2375 ad
1959 2333 2066 2374 au-
2155 2304 2530 2393 emendatus,
2557 2305 2834 2367 delentur
2853 2321 2922 2364 ex
2949 2321 3023 2364 eo
3045 2302 3245 2362 omnia
3273 2311 3684 2383 peccata,quae
3715 2324 3816 2385 per

421 2396 726 2474 diendum,
762 2409 820 2460 et
846 2400 987 2481 quid
1015 2401 1092 2461 sit
1121 2419 1296 2464 verus
1328 2391 1613 2483 propheta
1630 2418 1975 2484 cognoscat,
2009 2413 2068 2467 et
2153 2391 2545 2484 ὶεῐξονειηιὶειηι
2580 2393 2898 2484 commissa
2930 2400 3090 2484 sttui.

421 2496 559 2548 tunc
580 2488 818 2550 demum
841 2489 1035 2550 omnis
1056 2492 1113 2551 in
1137 2511 1206 2552 eo
1230 2480 1487 2552 cessabit
1509 2480 1891 2569 ambiguitas;
1909 2480 1971 2553 si
1984 2502 2066 2553 ta-
2232 2482 2296 2546 L.
2324 2485 2469 2544 Nam
2495 2482 2839 2563 phiIOSOphi
2865 2480 3008 2561 quid
3031 2483 3413 2569 contulerunt
3440 2482 3573 2543 vita:
3599 2493 3810 2544 morta-

419 2593 557 2637 men
586 2597 706 2639 non
739 2579 1056 2640 obstinatis
1100 2581 1317 2642 animis
1347 2582 1579 2643 resistat
1629 2568 1742 2661 bis,
1771 2601 1902 2662 qum
1931 2600 2064 2644 vera
2149 2571 2318 2662 lium,
2338 2571 2590 2634 dicendo
2615 2569 3103 2662 hominibusmn
3127 2568 3302 2662 irasci
3323 2569 3511 2662 09m"
3541 2575 3811 2662 ἴρθωρθ

418 2677 543 2721 esse
567 2667 1493 2740 compererit.Suntenimquidam
1510 2671 1606 2740 qui
1627 2657 2065 2741 quolibetmodo
2149 2669 2213 2720 ut
2240 2661 2528 2723 docerent
2558 2679 2662 2722 eos
2693 2659 2922 2722 nullum
2971 2657 3194 2719 habere
3242 2657 3519 2719 vindictas
3554 2661 3810 2740 alicujus

415 2743 486 2804 ad
510 2744 623 2806 hoc
639 2754 864 2808 tantum
890 2748 1217 2827 respiciunt
1237 2748 1568 2824 utvincant,
1601 2758 1660 2811 et
1685 2749 1919 2810 laudem
1959 2769 2064 2831 pro
2144 2749 2233 2810 vel
2286 2749 2497 2829 judicii
2529 2757 2774 2829 metum,
2825 2756 2888 2810 et
2931 2765 3037 2829 per
3078 2749 3191 2808 hoc
3235 2755 3352 2807 tota
3409 2749 3802 2828 peccantibus

414 2831 526 2893 hoc
543 2835 728 2913 magis
761 2853 937 2916 quam
968 2837 1214 2898 salutem
1256 2838 1766 2919 quaerant,quibus
1786 2857 1904 2900 non
1923 2857 2060 2901 eve-
2145 2837 2314 2899 frena
2333 2839 2618 2901 laxarent.
2647 2841 2766 2900 Aut
2785 2837 2928 2918 quid
2953 2836 3046 2897 illi
3065 2839 3388 2900 humanum
3415 2855 3605 2915 genus
3627 2839 3797 2917 juva-

417 2921 540 2982 niat
567 2924 655 2985 vel
689 2924 811 2986 dici
840 2925 1086 3006 aliquid,
1123 2945 1199 2988 ne
1229 2934 1286 2987 et
1337 2945 1534 2989 sermo
1567 2927 1785 2989 nobilis
1815 2927 2066 3007 patiatur
2145 2936 2302 3000 runt,
2331 2929 2430 3009 qui
2453 2928 2733 2990 dixerunt
2755 2945 2873 2988 non
2894 2944 3026 2987 esse
3054 2925 3262 3001 Deum,
3282 2926 3388 2990 sed
3426 2945 3570 2987 casu
3594 2930 3804 2989 omnia

415 3011 716 3090 injuriam,
753 3022 810 3074 et
839 3015 1070 3094 injurias
1101 3033 1222 3077 suae
1249 3034 1422 3080 reum
1452 3025 1674 3078 aeterna
1696 3025 1883 3078 morte
1913 3037 2058 3079 con-
2147 3028 2203 3079 et
2221 3017 2458 3080 fortuito
2481 3018 2604 3096 agi?
2629 3033 2828 3078 nonne
2850 3025 2912 3078 ut
2945 3016 3070 3076 haec
3094 3014 3407 3076 audientes
3435 3016 3718 3078 homines
3747 3027 3804 3079 et

413 3099 677 3164 demnet.
715 3103 868 3166 Ruid
903 3104 1060 3165 enim
1093 3114 1182 3166 est
1213 3105 1271 3166 in
1303 3125 1420 3186 quo
1451 3106 1752 3168 adversari
1784 3105 2063 3186 prmdica-
2145 3107 2501 3170 arbitrantes
2533 3106 2758 3168 nullum
2793 3122 2924 3166 esse
2949 3105 3241 3183 judicem,
3277 3103 3503 3164 nullum
3537 3108 3803 3184 proviso-

412 3187 558 3285 tioni
588 3197 800 3285 nostrae
837 3192 970 3272 quis
1002 3192 1260 3257 debeat?
1290 3201 1392 3256 aut
1441 3194 1501 3256 in
1538 3214 1652 3275 quo
1686 3203 1892 3256 contra
1939 3197 2119 3285 veriC
2144 3214 2272 3257 rem
2304 3215 2530 3276 rerum,
2563 3195 2636 3256 ad
2670 3212 2848 3256 omne
2898 3193 3156 3266 facinus,
3189 3191 3348 3272 quod
3378 3194 3468 3254 vel
3498 3193 3670 3255 furor
3712 3197 3806 3256 vel

409 3275 762 3360 honestique
795 3281 973 3344 fidem
1007 3300 1203 3344 sermo
1237 3282 1674 3363 praadicationis
1704 3293 1918 3346 nostra}
1949 3286 2059 3348 de-
2083 3275 2119 3285 ’”
2142 3285 2389 3347 avaritia
2439 3275 2529 3345 vel
2582 3282 2770 3345 libido
2819 3282 3126 3354 dictasset,
3180 3281 3484 3343 neminem
3538 3287 3806 3346 verendo

410 3367 803 3445 prehenditur
821 3374 848 3430 ?
879 3369 980 3451 qui
1004 3371 1150 3431 dicit
1181 3372 1596 3434 honorandum
1630 3391 1760 3434 esse
1787 3375 1972 3436 Deum
2001 3384 2062 3438 et
2142 3374 2480 3455 preacipites
2501 3369 2848 3452 agerentur?
2870 3370 3013 3431 Nam
3033 3369 3120 3431 illi
3140 3370 3387 3432 multum
3413 3388 3627 3433 revera
3631 3374 3803 3451 juveo

410 3455 641 3544 Patrem
675 3457 940 3520 omnium
972 3459 1372 3535 conditorem,
1409 3460 1656 3542 ejusque
1684 3460 1922 3537 Filium,
1957 3463 2057 3544 qui
2139 3470 2275 3524 runt
2307 3463 2647 3525 mortalium
2677 3461 2882 3537 vitam,
2938 3460 3038 3540 qui
3091 3458 3371 3520 dixerunt
3418 3460 3567 3521 nihil
3624 3481 3799 3542 posse

407 3543 565 3604 solus
597 3563 731 3606 eum
764 3555 821 3608 et
850 3547 1213 3610 voluntatem
1246 3550 1372 3628 ejus
1407 3549 1587 3624 novit,
1615 3549 1827 3631 cuique
1849 3551 1958 3612 soli
1979 3543 2056 3614 de
2138 3551 2268 3613 sine
2281 3551 2650 3630 genesitieri,
2678 3549 2908 3611 scilicet
2929 3558 2992 3610 ut
3013 3547 3423 3628 unusquisque
3450 3551 3684 3629 peccati
3707 3552 3798 3612 sui

409 3633 686 3696 omnibus
716 3636 1084 3700 credendum
1106 3645 1194 3700 est
1209 3658 1340 3720 quaz
1365 3638 1677 3720 praecepit;
1705 3638 1869 3700 solus
1892 3641 2052 3702 enim
2138 3661 2371 3705 causam
2389 3641 2597 3722 genesi
2618 3639 2946 3718 ascribens,
2969 3637 3356 3717 semetipsum
3378 3638 3439 3699 in
3461 3639 3797 3701 sceleribus

409 3731 498 3813 est
514 3723 613 3813 lex
645 3733 704 3785 et
725 3726 1022 3806 legislator
1045 3735 1101 3790 et
1119 3728 1297 3808 judex
1313 3729 1709 3809 justus,cujus
1735 3728 1827 3789 lex
1851 3729 2053 3792 decer—
2137 3733 2258 3794 suis
2290 3727 3053 3813 pronuntiaretinnoxium,
3069 3727 3211 3788 dum
3235 3726 3463 3787 crimen
3479 3746 3651 3789 suum
3674 3749 3798 3794 non

406 3810 494 3900 nit
513 3812 928 3898 honorandum
952 3833 1086 3878 esse
1107 3816 1292 3878 Deum
1315 3817 1632 3880 Dominum
1658 3816 1926 3879 omnium
1950 3838 2055 3899 per
2136 3810 2479 3900 paenitendo
2502 3819 2700 3895 diluit,
2730 3818 2834 3879 sed
2859 3818 3037 3877 fatum
3073 3815 3365 3895 culpando
3387 3819 3793 3896 congeminat.

406 3899 582 3990 vitam
611 3901 897 3978 sobriam,
933 3913 1178 3981 castam,
1207 3906 1450 3987 justam,
1489 3905 1968 3985 misericordem,
1992 3924 2051 3970 et
2134 3899 2278 3970 Nam
2313 3909 2388 3970 de
2414 3909 2532 3971 illis
2563 3908 2702 3989 quid
2736 3906 2932 3968 dicam
2968 3903 3363 3984 philosophis,
3388 3908 3488 3984 qui
3521 3906 3670 3968 deos
3699 3927 3801 3972 co-

403 3986 465 4048 in
494 3986 623 4076 ipso
654 3991 780 4052 solo
812 4011 1050 4053 omnem
1084 3986 1486 4056 collocandam
1519 4013 1712 4075 spem.
2132 3999 2345 4067 lendos
2378 4018 2512 4064 esse
2561 3986 3043 4071 introduxerunt,
3077 4001 3136 4054 et
3189 3995 3338 4054 tales
3367 3994 3535 4068 deos,
3589 3999 3798 4076 quales

483 4075 738 4171 XLVIIL
771 4081 889 4142 Sed
920 4081 1078 4145 dicet
1130 4082 1363 4163 aliquis,
1396 4083 1570 4145 etiam
1603 4103 1636 4145 a
1680 4084 2050 4168 philosophis
2134 4095 2306 4171 paulo
2320 4083 2899 4156 anteaudistis70uid
2913 4082 3206 4144 {uitaliud
3225 4075 3797 4165 decernere,quales

402 4166 1057 4260 hujusmodiprmcepta
1076 4171 1208 4234 dari
1231 4171 1376 4234 nihil
1409 4180 1498 4234 est
1517 4173 1714 4235 simile
1740 4193 1757 4252 ;
1801 4166 1935 4237 nam
1974 4179 2048 4240 de
2131 4166 2195 4241 ut
2219 4183 2376 4260 vitia,
2409 4179 2523 4242 nisi
2546 4185 2610 4239 ut
2641 4175 2914 4247 crimina,
2935 4171 3052 4234 nisi
3082 4177 3150 4233 ut
3171 4171 3368 4249 ﬂagita
3396 4172 3744 4237 colerentur
3773 4178 3798 4235 ζ’

397 4255 631 4336 justitia
660 4258 901 4339 quidem
931 4261 1006 4322 ab
1038 4262 1124 4323 eis
1153 4269 1212 4324 et
1241 4261 1556 4324 sobrietate
1589 4265 1923 4341 mandatur,
1943 4268 2046 4330 sed
2129 4270 2320 4334 Pudet
2350 4255 2712 4345 miseretque
2732 4281 2826 4324 me
2858 4261 3062 4335 vestri,
3085 4260 3137 4322 si
3169 4260 3413 4321 creditis
3442 4263 3601 4340 quod
3631 4263 3790 4326 indi-

402 4356 913 4412 remuneratorem
946 4352 1134 4414 Deum
1171 4359 1466 4431 gestorum
1515 4351 1806 4415 bonorum
1857 4357 2044 4418 malo-
2132 4380 2244 4440 gna
2276 4362 2400 4422 haec
2432 4362 2635 4419 essent
2671 4361 2729 4414 et
2777 4351 2962 4431 impia
2991 4358 3168 4431 atque
3215 4351 3636 4440 exsecrabilia,
3687 4368 3793 4416 aut

403 4453 654 4518 rumque
689 4458 807 4501 non
823 4440 1826 4531 norunt,etideolegesetpraecepta
1842 4463 2047 4509 eorum
2070 4439 2252 4512 Dnon
2285 4442 2767 4531 deprehendistis
2789 4529 2797 4531 Α
2819 4443 3129 4531 hactenus,
3163 4447 3281 4531 aut
3313 4439 3690 4531 deprehensa
3727 4454 3791 4504 et

401 4536 814 4614 accusatorem
849 4531 1255 4593 tantummodo
1288 4530 1592 4612 publicum
1632 4533 1836 4610 vitant,
1871 4553 2048 4596 cons—
2132 4528 2434 4601 intellecta
2463 4535 2616 4598 mala
2649 4550 2754 4614 pro
2787 4529 2958 4594 bonis
2987 4538 3046 4590 et
3077 4528 3317 4609 optimis
3349 4529 3644 4592 coluistis.

399 4612 679 4679 cientiam
693 4636 830 4681 vero
844 4619 1159 4700 puriﬁcare
1173 4638 1291 4681 non
1304 4620 2050 4700 possunt.Quidenimtim-
2214 4629 2308 4691 LI.
2343 4627 2493 4689 Tum
2528 4612 2812 4705 praeterea
2840 4628 2895 4680 et
2928 4616 3073 4680 illud
3105 4617 3283 4698 quale
3305 4631 3419 4692 est,
3435 4619 3596 4698 quod
3626 4640 3787 4702 prse-

400 4705 817 4799 eatinocculto
832 4709 1588 4799 peccare,quioccultorum
1613 4729 1744 4772 esse
1760 4710 2046 4774 arbitrum
2132 4723 2515 4799 sumpserunt
2537 4710 2812 4774 nonnulli
2836 4707 3318 4799 philosophorum
3350 4707 3438 4799 vel
3462 4710 3538 4768 de
3560 4709 3684 4770 Deo
3702 4714 3792 4772 lo-

400 4801 458 4854 et
480 4793 748 4888 judicem
780 4798 1024 4888 nescit?
1049 4799 1292 4861 Addunt
1319 4806 1569 4880 praetera
1601 4799 1940 4882 philosophi
1986 4802 2045 4864 in
2130 4793 2414 4888 qui,cum
2438 4805 2556 4866 sint
2583 4801 2890 4868 mortales,
2915 4804 2973 4857 et
2991 4796 3288 4888 opinione
3311 4796 3540 4888 solade
3573 4801 3790 4859 invisi-

398 4884 710 4965 praeceptis
733 4885 1066 4960 suis,etiam
1090 4889 1236 4950 deos
1257 4889 1358 4969 qui
1377 4897 1516 4950 sunt
1535 4889 1836 4951 daemones
1857 4891 2045 4953 hono-
2131 4884 2348 4957 hilibus
2377 4895 2579 4955 dicere
2602 4892 2690 4952 vel
2720 4889 2797 4950 de
2821 4886 3026 4947 mundi
3072 4884 3327 4965 origine,
3353 4885 3453 4946 ubi
3479 4904 3598 4947 non
3640 4893 3790 4948 ade-

395 4973 636 5055 randos,
663 4975 820 5054 quod
842 4977 1061 5057 solum,
1089 4977 1321 5038 etiamsi
1347 4978 1408 5039 in
1431 4977 1563 5039 aliis
1585 4977 1923 5058 probabiles
1953 4981 2041 5041 vi-
2127 4993 2259 5046 rant
2288 5003 2422 5046 cum
2458 4984 2654 5058 ﬁeret,
2689 4977 2779 5038 vel
2813 4975 2887 5036 de
2912 4976 3030 5035 ﬁne
3061 4975 3191 5052 ejus
3219 4979 3308 5035 vel
3339 4974 3416 5035 de
3443 4976 3785 5038 animarum

396 5059 699 5138 derentnr,
725 5065 1084 5141 gravissimae
1103 5085 1206 5127 eos
1242 5075 1432 5148 potest
1453 5067 1773 5148 impietatis
1793 5087 2043 5148 arguere
2128 5077 2185 5136 in
2204 5074 2454 5135 infernis
2480 5067 2924 5150 dispensatione
2939 5078 3000 5125 et
3010 5064 3259 5142 judicio,
3281 5065 3617 5126 nescientes
3640 5068 3786 5147 quia

398 5152 1137 5244 etpropriiscondemnare
1152 5156 1786 5237 sententiis,quiunum
1799 5158 2038 5238 quidem
2125 5163 2438 5244 praesentia
2463 5160 2705 5242 quidem
2731 5166 2791 5216 et
2823 5153 3077 5214 visibilis
3099 5170 3278 5213 nosse
3297 5152 3558 5244 hominis
3583 5168 3677 5215 est
3690 5174 3784 5217 ra—

396 5256 526 5330 esse
548 5242 929 5321 pronuntiant
953 5245 1164 5320 Deum,
1186 5263 1291 5324 pro
1316 5246 1716 5308 assentatione
1734 5258 1934 5308 tamen
1952 5265 2041 5308 er—
2127 5242 2452 5326 tionabilis,
2492 5247 2789 5330 praeterita
2822 5261 2957 5304 vero
3008 5252 3066 5303 et
3114 5244 3306 5302 futura
3349 5250 3408 5301 et
3456 5242 3783 5308 invisibilia

391 5329 546 5423 roris
560 5331 805 5423 humani
819 5332 1020 5423 plures
1034 5334 1823 5423 mandentcolendosAiunt
1842 5345 2037 5397 autem
2123 5343 2303 5423 scire,
2342 5329 2527 5402 solius
2557 5334 2921 5419 propheticaa
2939 5330 3324 5423 praescientise
3345 5341 3467 5423 est,
3484 5330 3615 5393 Non
3632 5352 3777 5414 ergo

394 5418 623 5509 et
656 5421 1017 5501 philosophi,
1051 5421 1236 5484 Deum
1287 5442 1406 5484 non
1448 5422 1648 5506 irasci,
1704 5426 2039 5489 nescientes
2124 5433 2250 5494 haec
2283 5418 2654 5509 conjecturis
2685 5434 2743 5487 et
2771 5421 3159 5503 opinionibus
3177 5420 3510 5499 colligenda
3529 5431 3778 5500 sunt,in

395 5506 535 5586 quid
548 5508 869 5577 dicantJra
880 5510 1037 5572 enim
1054 5511 1204 5573 mala
1216 5512 1436 5590 est,ubi
1454 5525 1713 5577 mentem
1732 5515 1951 5593 turbat,
1978 5528 2037 5579 ut
2123 5523 2340 5602 quibus
2356 5506 2814 5582 valdefalluntur
2833 5509 3245 5586 homines,sed
3267 5511 3387 5571 ﬁde
3408 5516 3783 5590 prophetica;

417 5798 426 5802 _
475 5732 536 5782 75
565 5732 704 5797 Luc.
741 5751 842 5814 xu,
870 5736 966 5814 t7,
1005 5737 1100 5816 19,
1133 5739 1233 5803 20.
1326 5742 1386 5791 ⁷6
1417 5742 1634 5808 Ezech.
1669 5763 1812 5826 xvn,
1845 5748 1942 5809 33.
