4058 6206
500 381 648 445 1447

1328 385 1390 448 S.
1436 386 1873 448 CLEMENTIS
1914 388 1936 447 Ι
1987 385 2170 450 ROM.

2219 383 2444 450 PONT.
2482 387 2730 451 OPERA
2778 387 3028 450 DUBIA.
3701 391 3864 455 1448

492 533 760 576 essemus
789 518 1157 592 exponimus,
1209 536 1277 578 ac
1300 520 1349 579 si
1382 518 1526 594 quid
1566 527 1763 598 posset
1807 527 1870 580 ut
1899 519 2194 598 juvaretA
2217 516 2322 578 tibi
2357 520 2576 580 amicos
2601 538 2634 579 a
2658 538 2845 594 puero
2878 520 3062 581 fuisse
3087 520 3346 594 dixeras,
3387 540 3504 581 non
3539 530 3741 583 tamen
3801 534 3866 584 ut

491 607 822 668 hortamur.
850 606 999 667 Tum
1033 608 1137 669 ille
1185 609 1632 690 promptissime
1670 611 2030 689 repromittit
2069 628 2133 671 se

492 714 626 757 eum
663 694 930 775 protinus
978 697 1340 774 fugatorum,
1376 699 1426 759 si
1486 708 1681 760 tamen
1715 698 1967 759 consilio
1999 700 2133 778 ejus

493 788 669 846 etiam
706 803 811 844 nos
840 784 1551 866 adniteremurﬁumque
1574 806 1683 847 nos
1710 788 2134 866 polliceremur

494 872 744 952 impigre
779 880 994 933 cuncta
1025 883 1322 953 gesturos,
1349 876 1648 938 ait:C:esar
1680 877 1738 936 in
1772 876 1920 937 urbe
1945 878 2133 939 Roma

494 970 550 1022 et
584 979 690 1040 per
711 962 1050 1040 provincias
1087 963 1390 1024 maleficos
1422 965 1642 1044 inquiri
1671 965 1847 1043 jussit
1874 986 1941 1026 ac
1969 967 2126 1044 peri-

497 1050 598 1122 mi,
635 1069 703 1111 ex
735 1049 953 1130 quibus
986 1050 1226 1130 plurimi
1277 1052 1401 1132 jam
1439 1055 1731 1132 perempti
1790 1061 1952 1116 sunt.
2009 1056 2128 1131 Ego

495 1139 675 1217 igitur
699 1138 1010 1214 divulgabo
1040 1157 1147 1220 per
1176 1140 1423 1209 amicos,
1454 1162 1545 1202 me
1574 1149 1638 1202 ut
1685 1142 1859 1202 istum
1896 1161 2128 1219 magum

494 1246 767 1305 caperem
806 1228 1061 1303 venisse,
1091 1238 1148 1290 et
1168 1229 1241 1288 ob
1272 1231 1383 1291 hoc
1419 1231 1661 1292 missum
1687 1233 1989 1302 aCaasare,
2019 1252 2133 1312 quo

493 1317 669 1378 etiam
704 1317 798 1377 hic
831 1335 964 1376 cum
997 1319 1228 1379 caeteris
1254 1321 1376 1380 suis
1399 1319 1581 1380 sociis
1606 1322 1902 1399 puniatur.
1934 1320 2134 1382 Vestri

494 1423 633 1484 ergo
663 1406 764 1486 qui
797 1425 928 1467 cum
959 1406 1088 1482 ipso
1120 1416 1257 1468 sunt
1285 1408 1515 1469 occulte
1538 1415 1706 1488 quasi
1731 1413 2134 1488 undecunque

495 1495 813 1571 audierint,
850 1494 1117 1557 indicent
1141 1497 1194 1555 ei
1229 1498 1386 1572 quod
1423 1516 1530 1574 ego
1559 1499 1628 1558 ad
1664 1499 1860 1578 ipsum
1898 1499 2133 1578 capien-

497 1584 635 1645 dum
656 1585 872 1644 missus
895 1583 1036 1664 sim,
1062 1595 1119 1645 et
1141 1594 1367 1646 certum
1394 1586 1673 1667 est,quod
1698 1607 1836 1647 cum
1856 1588 2131 1662 audierit,

493 1674 694 1752 fugiat:
732 1684 829 1735 aut
863 1674 911 1733 si
946 1693 1045 1733 vos
1093 1675 1312 1755 aliquid
1375 1677 1588 1738 melius
1629 1677 1865 1747 videtis,
1929 1677 2132 1740 dicite.

497 1763 648 1835 Quid
684 1762 893 1843 plora?
927 1765 1003 1824 ita
1032 1763 1246 1824 factum
1285 1773 1374 1826 est
1402 1766 1678 1826 anostris
1709 1767 1813 1846 qui
1852 1787 1984 1827 cum
2016 1768 2143 1846 ipso

499 1860 694 1920 erant.
721 1851 1069 1932 explorandi
1093 1853 1284 1930 gratia
1310 1853 1598 1916 simulati.
1635 1853 1741 1915 Ubi
1802 1856 2011 1917 didicit
2055 1855 2143 1918 Si-

2219 626 2349 666 cnm
2382 605 2621 670 Simone
2654 609 3012 688 loquereris.
3045 613 3110 670 Et
3135 617 3323 689 pater:
3362 608 3866 692 Peccavi,iuquit,

2218 695 2423 757 fateor.
2474 695 2622 757 Tum
2655 697 2936 758 Anubion
2983 720 2995 760 :
3027 697 3095 759 Et
3125 717 3258 778 ego,
3310 698 3526 775 inquit,
3563 717 3702 758 cum
3738 700 3866 778 ipso

2216 803 2359 861 rogo
2391 795 2448 846 et
2469 785 2765 864 deprecor
2787 796 2866 864 te,
2901 795 2962 847 ut
2983 787 3253 864 ignoscas
3286 788 3437 860 seni,
3472 789 3598 846 viro
3625 786 3785 848 bono
3810 799 3864 848 et

2217 892 2508 952 generoso
2539 897 2554 954 ;
2580 875 2864 936 seductus
2897 885 2983 935 est
3016 875 3218 938 infelix
3249 885 3307 936 et
3332 875 3589 937 ludibrio
3619 877 3817 938 factus
3840 896 3869 937 a

2219 965 2516 1026 nominato
2537 964 2930 1040 mago;dicam
2953 965 3114 1025 enim
3134 966 3430 1045 quomodo
3455 983 3553 1025 res
3571 975 3738 1042 gesta
3757 977 3861 1027 est:

2213 1050 2323 1113 Ubi
2348 1053 2506 1113 venit
2529 1054 2598 1114 ad
2632 1053 2980 1115 salutandos
3012 1072 3141 1127 nos,
3201 1053 3446 1131 contigit
3499 1065 3562 1114 ut
3621 1059 3684 1115 in
3739 1055 3866 1134 ipsa

2216 1142 2361 1202 hora
2390 1142 2919 1203 circumstaremus
2935 1142 3268 1217 Simonem,
3287 1142 3601 1204 audientes
3618 1162 3754 1204 eum
3777 1143 3863 1203 di-

2217 1241 2449 1292 centem
2473 1232 2631 1311 quod
2668 1231 2871 1309 fugere
2905 1231 3044 1293 velit
3066 1233 3123 1292 in
3178 1231 3306 1312 ipsa
3338 1241 3515 1292 nocte
3547 1252 3565 1304 ;
3623 1231 3860 1292 audisse

2217 1324 2376 1381 enim
2400 1339 2484 1394 se,
2513 1320 2666 1399 quod
2692 1321 2962 1382 venerint
2984 1321 3225 1401 quidam
3252 1321 3428 1382 etiam
3455 1322 3524 1380 ad
3553 1322 3863 1381 baucLao-

2219 1410 2387 1470 dicize
2417 1409 2734 1484 civitatem,
2767 1409 2867 1490 qui
2899 1428 3034 1471 eum
3064 1429 3135 1471 ex
3170 1417 3461 1489 praecepto
3487 1410 3862 1487 imperatoris

2220 1498 2980 1578 comprcliendereut;velle
3008 1509 3208 1560 autem
3241 1516 3304 1558 se
3343 1498 3402 1557 in
3427 1498 3586 1558 hunc
3620 1499 3723 1578 qui
3751 1517 3858 1558 nu-

2222 1605 2327 1666 per
2353 1587 2653 1664 ingressus
2677 1595 2767 1648 est
2784 1587 3230 1648 Faustinianum
3255 1605 3494 1648 omnem
3516 1597 3862 1648 convertere

2226 1677 2510 1737 furorem.
2536 1676 2599 1736 Et
2625 1677 2705 1736 ait
2734 1677 2806 1736 ad
2840 1695 2945 1736 nos
2981 1694 2993 1738 :
3025 1678 3299 1756 Tantum,
3329 1677 3667 1757 inquit,vos
3687 1676 3863 1738 facite

2228 1783 2363 1826 eum
2380 1783 2616 1826 coenare
2632 1764 2936 1826 nobiscum
2949 1776 3030 1840 ,et
3051 1784 3158 1844 ego
3173 1775 3539 1844 unguentum
3563 1765 3861 1845 quoddam

2229 1872 2605 1933 componam,
2639 1873 2753 1933 quo
2796 1862 3062 1915 cmnatus
3111 1866 3399 1932 perungat
3428 1855 3640 1916 faciem
3671 1872 3859 1928 suam,

499 1961 637 2002 mon
661 1950 898 2003 ventum
925 1959 1059 2003 esse
1085 1944 1157 2004 ad
1182 1960 1270 2017 se,
1307 1951 1588 2019 tauquam
1640 1944 1850 2023 ingens
1881 1945 1995 2006 sibi
2048 1946 2147 2006 be-
2173 1962 2206 2009 Β
2230 1950 2292 2002 ιιι
2325 1961 2392 2002 ex
2423 1960 2492 2003 eo
2524 1961 2722 2002 meum
2755 1942 2979 2004 vultum
3011 1943 3288 2003 omnibus
3313 1945 3534 2004 habere
3555 1945 3855 2016 videatur;

500 2030 776 2092 ueﬁcium
808 2030 1084 2100 collatum
1119 2031 1190 2091 ab
1225 2032 1308 2092 eis
1339 2031 1662 2112 accipiens,
1693 2033 1753 2093 in
1779 2034 1973 2112 fugam
2020 2053 2140 2094 ver-

499 2139 598 2181 sus
628 2131 736 2182 est.
772 2120 1103 2182 Discedens
1136 2120 1312 2198 igitur
1345 2139 1416 2182 ex
1432 2122 1773 2196 Antiochia,
1797 2142 1930 2185 cum
1960 2124 2139 2185 Athe-

502 2209 735 2271 nodoro
772 2210 887 2270 huc
914 2208 1073 2270 venit
1101 2209 1258 2271 sicut
1287 2210 1649 2273 audivimus.

583 2295 857 2360 LVI.Hoc
880 2316 1018 2376 ergo
1052 2297 1240 2358 visum
1275 2298 1550 2360 estnobis
1568 2300 1847 2362 omnibus
1869 2304 1966 2381 qui
1997 2319 2141 2380 pras-

501 2389 812 2460 cessimus,
866 2395 927 2446 ut
957 2387 1196 2448 interim
1245 2405 1401 2447 nunc
1433 2406 1553 2447 nou
1585 2389 1874 2450 ascendas
1923 2391 2138 2452 Antio-

500 2477 1036 2556 chiam,usquequo
1060 2475 1364 2536 videamus
1383 2475 1433 2538 si
1461 2477 1563 2537 illo
1576 2477 2137 2542 discedenteodium

500 2565 657 2646 quod
685 2564 759 2625 de
783 2573 840 2624 te
864 2563 1082 2644 populo
1110 2564 1444 2638 seminavit,
1489 2565 1684 2646 aliqua
1717 2585 1786 2629 ex
1843 2575 2012 2647 parte
2043 2587 2140 2628 va-

501 2665 733 2716 cuetur.
761 2654 910 2714 Cum
944 2654 1068 2714 haec
1098 2653 1452 2714 insinuasset
1505 2657 1552 2714 is
1584 2657 1684 2735 qui
1715 2661 1790 2717 de
1824 2657 2142 2719 Antiochia

502 2752 764 2816 venerat,
802 2744 1011 2804 Petrus
1043 2743 1372 2821 respiciens
1392 2742 1466 2803 ad
1493 2755 1721 2821 patrem
1749 2754 2012 2806 nostrum
2038 2746 2138 2806 ait:

503 2831 908 2905 Faustiniane,
946 2850 977 2891 a
992 2828 1237 2892 Simone
1258 2831 1426 2910 Mago
1454 2832 1907 2893 transformatus
1924 2844 2010 2894 est
2031 2835 2148 2894 vul-

507 2931 601 2984 tus
635 2930 797 3001 tuus,
832 2920 983 2981 sicut
1014 2927 1301 3000 apparet;
1338 2930 1552 3000 putans
1582 2921 1742 2982 enim
1773 2922 1932 3002 quod
1963 2942 1996 2982 a
2017 2926 2143 2985 Cae-

2226 2049 2322 2090 vos
2352 2041 2549 2092 autem
2585 2030 2790 2092 herbae
2815 2032 3125 2108 cujusdam
3160 2051 3338 2093 succo
3366 2034 3549 2094 facies
3575 2050 3836 2112 perunge

2227 2118 2368 2178 mini
2402 2121 2586 2199 prius,
2621 2129 2681 2179 ut
2713 2138 2830 2180 non
2862 2119 3146 2181 fallamiui
3180 2120 3254 2182 de
3283 2120 3700 2182 immutatione
3726 2119 3860 2179 vul-

2225 2217 2315 2267 tus
2347 2209 2498 2287 ejus,
2528 2208 2606 2269 ita
2633 2216 2716 2288 ut,
2754 2209 3018 2288 exceptis
3049 2208 3238 2285 vobis,
3288 2210 3427 2270 aliis
3455 2208 3735 2271 omnibus
3767 2205 3858 2270 Si-

2227 2314 2363 2356 mon
2398 2314 2528 2358 esse
2553 2296 2845 2359 videatur.

2305 2383 2451 2447 LIX.
2492 2387 2564 2447 Et
2595 2404 2731 2446 cum
2765 2385 2866 2446 ille
2919 2389 3044 2446 haec
3089 2385 3318 2448 diceret
3347 2388 3439 2447 aio
3463 2387 3534 2448 ad
3565 2406 3695 2448 eum
3728 2407 3742 2445 :
3788 2388 3868 2448 Et

2225 2474 2365 2553 quid
2399 2475 2502 2535 tibi
2533 2493 2601 2536 es
2633 2475 2745 2536 hoc
2765 2473 2918 2535 facto
2940 2473 3242 2535 confertur
3265 2474 3597 2536 lucri?Tum
3625 2475 3862 2538 Simon:

2227 2563 2449 2638 Primo,
2483 2564 2696 2643 inquit,
2748 2578 2809 2624 ut
2847 2564 3039 2643 ipsum
3072 2564 3586 2643 comprehendant
3616 2565 3715 2643 qui
3769 2583 3871 2624 me

2226 2662 2523 2726 quzerunt,
2557 2662 2617 2714 et
2646 2671 2741 2713 me
2773 2652 3048 2713 desinant
3075 2655 3436 2733 quarere.Si
3469 2671 3604 2713 vero
3625 2654 3872 2733 punitus

2226 2739 2406 2801 fuerit
2427 2760 2460 2802 a
2491 2743 2744 2816 Caesare,
2776 2747 2843 2803 ut
2871 2741 3094 2803 luctum
3120 2741 3443 2802 maximum
3472 2742 3723 2803 habeant
3750 2742 3868 2802 ﬁlii

2229 2840 2344 2910 sui,
2371 2832 2493 2911 qui,
2545 2851 2639 2893 me
2669 2831 2980 2911 derelicto,
3018 2833 3415 2911 confugerunt
3437 2836 3510 2895 ad
3538 2831 3776 2894 Petrum
3807 2844 3876 2894 et

2229 2932 2364 2982 sunt
2400 2921 2574 2982 modo
2608 2920 2909 2999 adjutores
2933 2919 3140 3001 ipsius.
3179 2925 3297 2999 Ego
3332 2930 3528 2982 autem
3577 2921 3875 2982 confiteor

3991 444 3993 598 |

3991 693 3993 848 Ψ

507 3028 639 3070 sare
677 3015 1044 3088 quaereretur
1069 3008 1141 3068 ad
1174 3026 1432 3088 pmnam,
1465 3012 1702 3071 territus
1723 3010 1874 3091 fugit
1896 3021 1952 3072 et
1973 3030 2142 3073 suum
2232 3008 2356 3086 tibi,
2390 3009 2748 3090 Petre,quod
2775 3027 2978 3071 verum
2997 3011 3290 3085 est;timui
3312 3020 3450 3071 tunc
3482 3010 3873 3072 Fanstiniauo

507 3097 731 3158 vultum
765 3097 870 3157 tibi
890 3097 1198 3176 imposuit,
1231 3097 1280 3157 si
1297 3096 1451 3158 forte
1477 3111 1536 3158 lu
1564 3117 1668 3178 pro
1694 3099 1823 3180 ipso
1848 3104 2146 3180 capereris
2229 3101 2490 3163 indicare
2523 3099 2669 3172 haec,
2704 3097 2807 3159 sed
2838 3099 3299 3178 nequespatium
3326 3100 3496 3159 nobis
3526 3096 3873 3180 ipseSimon

507 3198 562 3250 et
591 3186 662 3248 ad
697 3197 950 3246 mortem
982 3186 1118 3246 duci
1147 3205 1373 3267 posses,
1411 3197 1470 3247 ut
1498 3187 1636 3248 tiliis
1690 3189 1806 3249 tuis
1854 3190 2142 3251 tristitiam
2230 3189 2816 3267 dedit,utpossemus
2839 3188 3128 3249 secretius
3153 3188 3390 3269 loquiet
3413 3188 3644 3268 plenius
3661 3189 3713 3249 ei
3729 3206 3876 3249 con-

507 3284 794 3337 moveret.
832 3277 1007 3337 Pater
1036 3292 1175 3335 vero
1209 3274 1310 3335 ubi
1337 3276 1460 3336 haec
1488 3276 1733 3351 audivit,
1773 3297 1906 3339 cum
1954 3279 2144 3360 lacry-
2164 3322 2204 3371 ρ
2232 3278 2429 3340 silium
2466 3275 2725 3371 Simonis
2751 3274 3250 3355 aperire.[nterea
3272 3277 3429 3371 circa
3447 3276 3700 3371 mediam
3729 3295 3868 3338 uoc-

509 3366 620 3426 mis
650 3364 996 3426 exclamans
1023 3384 1036 3426 :
1072 3364 1279 3444 Recte,
1308 3363 1525 3445 inquit,
1577 3366 1906 3448 aestimasti,
1943 3369 2142 3448 Petre,
2169 3363 2204 3371 “
2232 3367 2590 3443 tem,Simon
2611 3363 2874 3425 Judaaam
2897 3373 3106 3444 petens
3127 3364 3630 3443 aufugit.Deduxit
3656 3383 3732 3425 au
3751 3375 3872 3426 tem

508 3473 639 3515 nam
675 3463 732 3514 et
763 3452 1040 3516 Anubion
1068 3453 1204 3533 quia
1238 3453 1382 3513 mihi
1406 3454 1577 3516 valde
1605 3455 1834 3518 amicus
1855 3466 2006 3537 erat,
2036 3457 2144 3518 sub
2231 3475 2364 3519 eum
2390 3452 2813 3518 Athenodorus
2837 3464 2892 3514 et
2941 3454 3204 3534 Appian,
3241 3473 3348 3531 ego
3371 3463 3563 3514 autem
3588 3454 3867 3515 simulavi

508 3543 787 3623 mysterio
809 3543 1065 3622 quodam
1101 3543 1245 3602 mihi
1277 3543 1548 3605 indicare
1597 3555 1860 3626 coeperat
1915 3547 1986 3608 de
2048 3548 2144 3607 in-
2229 3542 2688 3624 inaequalitatem
2715 3542 3592 3622 corporis,utdomiremauens
3611 3542 3869 3604 facerem

507 3631 676 3692 sidiis
708 3631 861 3711 ejus,
907 3631 1012 3692 sed
1060 3631 1258 3693 infelix
1296 3652 1416 3693 non
1448 3633 1791 3710 credebam,
1830 3636 1967 3716 quia
1996 3636 2143 3696 nihil
2229 3637 2384 3696 hunc
2409 3631 2672 3694 velocius
2693 3631 2770 3692 ad
2800 3650 2903 3691 vos
2937 3631 3160 3706 redire,
3197 3631 3247 3692 si
3276 3632 3426 3692 forte
3450 3631 3635 3710 possit
3663 3631 3868 3708 aliquo

506 3721 568 3782 iu
590 3739 723 3782 eum
757 3721 1174 3784 commiseram
1210 3721 1370 3783 mali.

2232 3723 2407 3784 modo
2434 3720 2718 3783 occultari
2741 3720 2898 3800 apud
2926 3739 3050 3794 vos,
3077 3737 3152 3781 ue
3183 3719 3256 3780 ab
3289 3718 3378 3780 his
3408 3719 3512 3799 qui
3559 3717 3866 3781 Simonem

589 3808 768 3872 LVII.
795 3807 1059 3890 Cumque
1085 3828 1292 3872 omnes
1318 3829 1437 3873 una
1466 3831 1602 3873 cum
1636 3821 1802 3893 patre
1825 3812 2056 3874 tristitia
2090 3821 2148 3874 et
2231 3817 2502 3893 quaerunt
2527 3808 3395 3889 comprehensus,adCzesarem
3416 3808 3781 3889 perducatur
3812 3816 3874 3868 et

511 3898 783 3977 lacrymis
799 3899 1372 3978 ageremur,interea
1392 3901 1733 3962 etAnubion
1751 3902 1911 3965 venit
1924 3902 1994 3962 ad
2015 3921 2144 3977 nos,

510 3987 781 4048 indicans
807 3985 978 4046 nobis
1013 3985 1318 4047 Simonem
1345 3989 1565 4068 fugisse
1596 4010 1706 4070 per
1758 4000 2015 4066 noctem,
2039 3991 2149 4053 Ju-

512 4077 700 4136 dteam
732 4082 1058 4155 petentem.
1098 4074 1321 4137 Videns
1346 4090 1547 4140 autem
1600 4089 1825 4159 patrem
1882 4091 2148 4141 nostrum

512 4164 892 4246 plangentom
910 4172 967 4225 et
997 4163 1420 4226 lamentantem
1451 4185 1515 4229 se
1536 4187 1603 4228 ac
1624 4168 2154 4230 dicentem:lnfeli~

511 4272 641 4315 cem
677 4272 794 4326 me,
815 4253 917 4333 qui
949 4271 1082 4314 eum
1111 4271 1342 4333 magum
1366 4255 1615 4318 audiens
1633 4276 1750 4320 non
1784 4257 2100 4319 credebam
2135 4280 2151 4330 ;

512 4343 655 4420 quid
691 4344 834 4403 mihi
870 4343 1089 4406 misero
1119 4343 1357 4420 accidit,
1382 4354 1442 4406 ut
1465 4365 1583 4407 una
1605 4347 1703 4408 die
1724 4347 2066 4426 recognitus
2081 4350 2154 4408 ab

517 4451 709 4493 uxore
739 4441 797 4493 et
827 4431 988 4511 filiis,
1010 4432 1199 4493 laetari
1224 4451 1343 4494 non
1373 4437 1666 4514 potuerim
1684 4455 1818 4497 cum
1840 4437 2064 4511 eis,sed
2083 4436 2154 4497 ad

517 4523 748 4601 priores
777 4521 1050 4582 miserias
1082 4540 1226 4601 quas
1256 4523 1316 4584 in
1342 4540 1550 4586 errore
1574 4527 1815 4606 pertuli,
1853 4525 2158 4587 revolutus

2236 3909 2438 3982 pereat
2453 3906 2723 3980 gratis,et
2742 3917 2897 3958 nunc
2921 3896 3213 3958 sollicitus
3229 3915 3332 3976 pro
3360 3898 3490 3977 ipso
3509 3897 3638 3958 veni
3660 3896 3870 3957 videre

2235 4007 2368 4050 eum
2389 3998 2447 4049 et
2467 3987 2666 4048 redire
2685 3996 3005 4066 antequam
3020 4005 3086 4047 su
3095 3987 3440 4066 perveniant
3455 3985 3672 4066 illi,qui
3691 3985 3874 4047 dedu-

2235 4087 2449 4140 xerunt
2469 4075 2879 4139 Simonem.Et
2902 4092 3230 4137 conversus
3255 4075 3328 4135 ad
3356 4073 3746 4137 nosAuubiou
3769 4075 3874 4137 ait:

2237 4168 2359 4246 Ego
2391 4165 2665 4228 Anubion
2688 4165 2869 4244 patris
2890 4164 3070 4225 vestri
3103 4173 3308 4224 verum
3331 4163 3550 4224 vultum
3579 4161 3752 4224 video
3773 4181 3882 4224 re-

2239 4275 2397 4330 vera,
2430 4256 2567 4336 quia
2591 4262 2911 4334 perunctus
2937 4271 3065 4314 sum
3101 4254 3265 4332 prius
3286 4251 3361 4312 ab
3386 4254 3509 4330 ipso
3533 4249 3784 4313 Simone
3806 4253 3888 4312 si-

2238 4354 2337 4406 cut
2367 4344 2597 4407 narravi
2625 4342 2812 4419 vobis,
2840 4352 2903 4403 ut
2933 4341 3121 4402 oculis
3167 4340 3320 4401 meis
3342 4357 3482 4402 vera
3514 4341 3895 4403 Faustiuiaui

2239 4435 2420 4497 facies
2487 4442 2821 4515 appareret,
2876 4432 3037 4493 unde
3087 4429 3229 4491 satis
3260 4439 3468 4510 stupeo
3512 4439 3570 4490 et
3621 4429 3898 4493 admiror

2240 4535 2426 4587 artem
2464 4523 2726 4584 Simonis
2754 4522 2927 4599 Magi,
2961 4522 3118 4600 quod
3157 4538 3261 4581 vos
3302 4526 3524 4580 stantes
3553 4519 3730 4579 modo
3767 4538 3896 4580 non

511 4610 620 4671 sint
648 4611 672 4670 Υ
696 4609 881 4671 Mater
902 4619 1098 4672 autem
1120 4611 1307 4674 multo
1332 4613 1573 4692 gravius
1596 4616 1816 4696 sparsis
1849 4623 1906 4676 et
1935 4615 2154 4676 lacera-
2180 4643 2224 4696 ο
2242 4613 2560 4691 agnoscitis
2587 4620 2810 4692 patrem
2842 4619 3128 4671 vestrum.
3158 4607 3469 4671 Flentibus
3491 4615 3689 4669 autem
3723 4618 3901 4689 patre

514 4701 588 4760 tis
624 4699 892 4759 crinibus
914 4699 1366 4779 plangebat;nos
1389 4721 1625 4784 quoque
1645 4705 1703 4764 in
1724 4705 2160 4784 permutatione
2243 4714 2506 4767 etmatre
2529 4721 2594 4763 ac
2626 4700 2799 4763 nobis
2823 4700 3101 4761 omnibus
3126 4717 3231 4778 pro
3252 4698 3342 4758 his
3363 4716 3494 4778 quae
3511 4698 3901 4777 acciderant,

514 4788 711 4849 vultus
738 4789 925 4868 patris
948 4797 1258 4869 stupentes
1302 4793 1470 4871 quasi
1513 4793 1748 4856 attoniti
1814 4811 2052 4855 eramus
2103 4801 2161 4854 et
2248 4800 2447 4853 motus
2469 4791 2850 4852 miseratione
2882 4788 3058 4850 etiam
3089 4784 3365 4847 Anubion
3399 4784 3602 4848 ﬂebat.

513 4887 803 4954 amentes,
830 4895 940 4938 nec
970 4878 1114 4958 quid
1141 4879 1231 4940 rei
1264 4888 1423 4941 esset
1441 4881 1776 4962 intelligere
1795 4892 2156 4962 poteramus.
2332 4879 2612 4944 LX.Tum
2627 4874 3284 4952 Petrus,misericordia
3306 4875 3902 4953 permotus,restitu-

515 4966 634 5028 Sed
666 4975 722 5027 et
747 4965 1025 5028 Anubion
1049 4985 1257 5029 omnes
1281 4987 1388 5030 nos
1419 4970 1499 5046 ita
1531 4972 1740 5034 videns
1771 4971 1980 5048 afﬂigi,
2009 4972 2168 5036 velut
2252 4980 2452 5032 turum
2479 4989 2544 5031 se
2575 4968 2861 5048 promittit
2882 4965 3091 5026 faciem
3122 4963 3304 5044 patris
3327 4962 3540 5037 nostri,
3582 4963 3797 5024 dicens
3820 4964 3904 5025 ad

518 5067 718 5119 mutus
745 5057 963 5119 stabat.
996 5058 1164 5118 Tunc
1185 5056 1395 5120 Petrus
1423 5078 1534 5121 nos
1556 5061 1790 5125 intuens
1833 5062 1985 5123 tilios
2034 5063 2165 5141 ejus
2251 5079 2412 5123 eum:
2436 5058 2616 5138 Audi,
2642 5056 3041 5129 Faustiuiaue,
3073 5071 3205 5115 cum
3229 5051 3402 5112 nobis
3429 5054 3590 5141 prius
3613 5052 3903 5141 utilitatis

517 5148 618 5207 ait:
672 5144 814 5207 Mihi
835 5145 1088 5220 credite,
1123 5147 1279 5227 quod
1323 5147 1422 5209 hic
1446 5149 1576 5228 ipse
1598 5159 1687 5211 est
1719 5159 1887 5232 pater
1917 5139 2110 5213 vester
2145 5174 2161 5229 ;
2248 5149 2473 5228 aliquid
2499 5146 2817 5208 contulerit
2842 5161 3013 5206 error
3031 5145 3143 5204 iste
3163 5139 3564 5232 transformati
3587 5139 3787 5202 vultus
3811 5143 3908 5202 tui

519 5243 764 5316 propter
780 5235 939 5315 quod
961 5243 1022 5296 et
1041 5253 1255 5297 moneo
1275 5254 1401 5313 vos,
1443 5247 1508 5299 ut
1526 5239 1694 5319 quasi
1714 5230 1941 5320 patrem
1970 5257 2164 5301 serve-
2252 5249 2310 5302 et
2339 5236 2764 5300 ministraverit
2785 5235 2855 5295 ad
2887 5251 2958 5294 ea
2984 5249 3115 5312 quae
3161 5230 3631 5320 volumus,_tuuc
3656 5247 3768 5308 ego
3792 5248 3908 5293 ve-

521 5325 595 5386 tis
616 5341 775 5387 eum.
813 5323 987 5386 Dabit
1014 5324 1174 5384 enim
1223 5325 1381 5387 Deus
1441 5329 1816 5391 occasionem
1875 5330 2156 5410 aliquam,

517 5431 634 5492 qua
664 5412 938 5494 deposito
964 5412 1226 5475 Simonis
1259 5415 1426 5476 vultu
1449 5417 1783 5478 evidentem
1820 5419 2006 5498 patris
2037 5438 2162 5480 ves-

523 5503 621 5583 tri,
644 5501 703 5562 id
734 5511 822 5562 est
853 5521 1046 5583 suam,
1075 5520 1435 5584 recuperare
1467 5507 1650 5586 possit
1675 5506 1958 5584 effigiem.

604 5589 800 5654 LVlll.
823 5593 898 5651 Et
917 5593 991 5654 ad
1018 5601 1244 5672 patrem
1268 5613 1592 5656 conversus
1623 5598 1723 5656 ait:
1754 5596 1872 5674 Ego
1899 5599 2004 5660 tibi
2034 5617 2168 5678 per-

526 5678 802 5742 miseram
835 5679 1093 5742 salutare
1120 5682 1452 5761 Appfouem
1485 5693 1544 5745 et
1582 5683 1982 5766 Auubiouem,
2017 5705 2167 5768 quos

2249 5348 2374 5392 ram
2393 5327 2499 5388 tibi
2517 5323 2799 5386 vultustui
2823 5323 3139 5399 imaginem
3157 5318 3485 5393 reddam,si
3511 5325 3708 5378 tamen
3728 5320 3914 5398 prius

2250 5437 2383 5497 quae
2403 5437 2437 5479 a
2461 5434 2554 5476 me
2580 5414 2681 5474 tibi
2703 5407 3908 5492 fuerintimperata,proﬂigaveris.(1um-

2251 5530 2365 5592 que
2389 5516 2557 5590 pater
2583 5522 2751 5566 meus
2772 5501 3153 5582 impleturum
3185 5518 3250 5562 se
3271 5506 3480 5559 cuncta
3501 5514 3634 5592 quae
3649 5497 3916 5576 juberet

2251 5586 2411 5661 omni
2431 5592 3212 5677 promitteretnisu,tautum
3236 5597 3298 5677 ut
3313 5586 3629 5677 propriam
3641 5605 3918 5677 recupe-

2251 5696 2412 5752 raret
2431 5673 2727 5762 effigiem,
2763 5680 2973 5742 Petrus
3000 5679 3082 5740 ita
3101 5676 3282 5758 capit
3306 5696 3320 5738 :
3348 5673 3484 5754 Ipse
3504 5674 3751 5736 auribus
3779 5678 3914 5737 tuis
