4058 6206
237 142 397 208 1449

1454 144 2086 211 RECOGNITIONUI
2130 149 2276 210 LIB.
2330 150 2405 210 X.

3461 162 3621 227 1450

233 280 451 341 audisti
473 278 629 358 quod
658 296 906 369 unusex
931 278 1023 340 his
1044 280 1147 358 qui
1172 279 1460 361 praemissi
1486 282 1738 369 fuerant,
1771 296 1878 339 re-
1901 290 1935 335 Α
1964 286 2086 339 tres
2121 298 2287 341 meos
2312 282 2609 360 proﬁcisci
2635 302 2767 345 cum
2790 286 2918 367 ipso
2941 288 3133 369 jubet,
3159 307 3229 352 ac
3250 290 3618 356 Mattbidiam

229 386 475 447 gressus
498 386 567 427 ex
598 367 939 439 Antiochia,
958 368 1648 448 nuntiaverit,quomodo
1672 367 1879 430 Simon

225 459 311 519 ibi
339 459 587 538 positus,
617 456 816 517 turbas
835 458 1146 517 adversum
1174 476 1267 519 me
1292 457 1886 538 concitaverit,atque

227 547 291 608 in
316 548 517 608 odium
547 546 662 606 mei
687 554 865 605 totam
896 546 1348 607 inﬂammaverit
1371 547 1701 621 civitatem;
1725 564 1884 624 mag-

230 656 372 699 num
391 656 483 697 me
497 645 554 697 et
568 634 923 697 homicidam
940 655 1007 696 ac
1020 635 1405 716 deceptorem
1423 634 1881 708 confirmans,in

228 734 453 787 tantum
479 734 540 785 ut
562 725 925 799 desiderent,
965 726 1014 785 si
1046 745 1141 787 me
1171 726 1431 805 videant,
1459 727 1636 789 etiam
1672 742 1883 787 carnes

236 834 399 877 meas
423 815 730 877 devorare.
755 813 868 875 Fac
896 833 1038 895 ergo
1069 814 1224 895 quod
1251 814 1383 877 dico
1408 815 1511 876 tibi
1540 836 1551 877 :
1579 814 1883 893 relinques

237 904 397 988 apud
422 922 515 965 me
538 903 928 977 Clementem,
939 903 1212 984 princede
1228 923 1334 965 nos
1348 903 1726 967 Antiochiam
1749 920 1881 963 cum

242 997 497 1075 conjuge
518 1004 615 1055 tua
637 1001 694 1053 et
714 992 931 1056 Fausto
956 1012 1023 1054 ac
1045 995 1322 1055 Faustino
1350 992 1485 1055 filiis
1511 994 1649 1053 tuis.
1676 990 1791 1053 Sed
1828 1002 1887 1052 et

242 1084 394 1146 alios
429 1083 654 1144 mittam
683 1094 907 1163 tecum,
941 1100 1087 1161 quos
1122 1083 1265 1144 mihi
1297 1081 1611 1157 videbitur,
1642 1081 1741 1162 qui
1776 1080 1886 1140 ob-

240 1182 580 1250 temperent
612 1172 701 1232 his
723 1190 857 1249 quae
889 1188 1250 1253 praecepero.

314 1261 458 1325 LXI.
490 1261 636 1322 Cum
668 1279 806 1339 ergo
839 1279 955 1321 una
979 1280 1111 1321 cum
1136 1261 1286 1341 ipsis
1310 1258 1682 1321 Antiochiam
1711 1275 1891 1321 vene-

231 1354 345 1424 ris,
382 1349 865 1431 quandoquidem
900 1348 1109 1411 Simon
1160 1350 1404 1426 videris,
1460 1347 1697 1428 publice
1726 1356 1886 1408 stans

233 1440 496 1521 przedica
525 1439 931 1520 paenitentiam
960 1447 1113 1500 tuam
1139 1449 1196 1500 et
1221 1439 1315 1499 dic
1343 1462 1352 1497 :
1380 1436 1500 1515 Ego
1545 1436 1750 1499 Simon
1775 1435 1883 1497 de-

242 1529 471 1590 muntio
500 1528 661 1589 vobis
694 1537 751 1589 et
796 1529 1085 1589 conﬁteor
1126 1547 1221 1589 me
1252 1529 1449 1589 omnia
1483 1526 1767 1588 fefellisse
1814 1524 1887 1586 de

1973 378 2224 429 matrem
2255 379 2514 431 nostram
2534 379 2593 433 et
2614 375 2901 452 quosdam
2921 395 2990 439 ex
3008 377 3402 443 familiaribus
3415 381 3615 444 simul.

1971 458 2091 519 Sed
2128 468 2318 520 mater
2358 459 2676 522 recusabat
2708 464 3005 543 proﬁcisci
3057 469 3230 530 simul
3263 480 3323 532 et
3368 472 3564 535 aiebat
3601 492 3613 535 :

1971 545 2147 619 Quasi
2170 549 2441 611 adultera
2478 550 2624 611 mihi
2651 551 2845 614 futura
2869 554 3091 636 videor,
3126 558 3173 618 si
3195 559 3379 623 vultui
3417 560 3616 624 Simo-

1973 636 2065 696 nis
2096 638 2416 728 conjuncta
2450 639 2561 700 sim
2596 661 2612 715 ;
2641 642 2798 722 quod
2824 642 2938 705 etsi
2962 663 3143 724 cogar
3173 649 3348 710 simul
3379 651 3489 728 ire,
3515 652 3623 713 im-

1970 726 2259 821 possibile
2291 737 2488 821 tamen
2518 738 2609 821 est
2640 742 2702 821 ut
2734 730 2795 821 in
2820 733 3031 796 eodem
3066 733 3286 797 lectulo
3326 726 3619 821 cumripso

1963 816 2224 895 jaceam,
2258 816 2365 877 sed
2391 819 2597 879 nescio
2623 820 2671 880 si
2698 820 2786 881 vel
2813 822 3107 901 proﬁcisci
3134 824 3308 886 simul
3341 816 3616 907 acquies—

1969 922 2123 966 cam.
2161 907 2390 966 Etcum
2416 907 2587 970 valde
2608 919 2911 986 renueret,
2934 911 3212 974 Anubion
3231 912 3455 976 hortari
3490 934 3619 977 eam

1972 993 2181 1083 cmpit,
2204 993 2410 1083 dicens
2436 1014 2450 1054 :
2481 995 2673 1058 Crede
2691 996 2833 1057 mihi
2860 1007 2917 1059 et
2941 1001 3143 1081 Petro,
3169 1002 3275 1063 sed
3301 1003 3502 1083 etipsa
3516 1022 3620 1065 vox

1974 1100 2092 1142 non
2127 1080 2228 1143 tibi
2260 1081 2710 1146 Faustinianum
2760 1105 2891 1148 esse
2945 1080 3273 1169 persuadet
3305 1080 3621 1171 conjugem

1978 1178 2139 1231 tuum
2174 1178 2200 1233 ?
2231 1190 2407 1250 quem
2443 1189 2584 1234 vere
2616 1193 2735 1235 non
2768 1176 2965 1237 minus
2995 1196 3103 1257 ego
3125 1178 3307 1259 diligo
3332 1200 3513 1259 quam
3538 1190 3620 1244 tu.

1976 1259 2250 1341 Denique
2283 1261 2461 1323 etiam
2494 1281 2602 1342 ego
2634 1264 2763 1344 ipse
2795 1264 3100 1328 vobiscum
3129 1270 3465 1333 veniam.Et
3487 1288 3621 1331 cum

1970 1348 2097 1439 haec
2128 1348 2370 1411 dixisset
2394 1350 2986 1434 Anubion,promisit
3006 1363 3195 1418 mater
3208 1357 3383 1419 simul
3400 1376 3463 1421 se
3476 1377 3620 1439 pro-

1971 1438 2293 1501 fecturam.

2056 1525 2251 1590 LXIII.
2278 1527 2428 1590 Tum
2454 1548 2584 1608 ego,
2606 1530 3052 1613 Competenter,
3072 1532 3367 1615 aio,Deus
3387 1537 3623 1616 negotia

234 1618 431 1689 Petro;
462 1618 561 1679 illo
585 1618 743 1678 enim
776 1636 970 1695 neque
993 1618 1274 1680 seductor
1296 1625 1405 1689 est,
1436 1634 1631 1696 neque
1657 1633 1883 1693 magus,
1920 1667 1951 1715 Η
1979 1626 2176 1677 nostra
2198 1619 2521 1699 componit;
2548 1620 2845 1682 habemus
2872 1622 3029 1682 enim
3051 1623 3363 1686 nobiscum
3386 1634 3447 1687 et
3470 1627 3629 1687 Anu-

238 1727 436 1789 neque
460 1708 782 1787 homicida,
803 1725 993 1787 neque
1018 1706 1228 1767 horum
1254 1705 1475 1786 aliquid
1521 1723 1892 1785 quaecunque
1920 1704 1951 1715 ”
1978 1704 2215 1767 bionem
2249 1707 2635 1785 astrologum,
2665 1728 2799 1770 cum
2824 1729 2940 1790 quo
2972 1711 3023 1772 si
3055 1711 3432 1775 Antiochiam
3457 1733 3628 1778 vene-

242 1808 450 1859 contra
474 1815 608 1857 eum
636 1796 869 1886 locutus
890 1813 1045 1869 sum,
1074 1798 1175 1857 sed
1196 1797 1313 1886 dixi
1338 1795 1437 1857 illa
1459 1794 1660 1886 omnia
1688 1795 1893 1886 furore
1976 1794 2185 1871 rimus,
2215 1796 2290 1857 de
2315 1799 2520 1875 genesi
2553 1798 2835 1860 attentius
2866 1799 3329 1882 disputabimus.
3360 1802 3626 1886 Cumque

240 1895 597 1948 commotus.
631 1884 895 1948 Obsecro
930 1903 1068 1963 ergo
1102 1904 1201 1946 vos
1224 1885 1351 1967 ipse
1376 1904 1506 1963 ego,
1537 1884 1888 1974 quiduduni
1979 1894 2107 1965 post
2135 1885 2397 1947 medium
2428 1888 2618 1949 noctis
2642 1897 2807 1969 pater
2828 1900 3035 1952 noster
3053 1910 3188 1953 cum
3213 1892 3305 1953 his
3328 1884 3625 1974 quosjus-

240 1993 457 2038 causas
477 1973 595 2036 odii
631 1974 792 2035 vobis
813 1984 1170 2036 contraeum
1194 1974 1580 2044 dederam,ut
1603 1972 1752 2034 nihil
1778 1972 1892 2033 tale
1975 1981 2134 2034 serat
2165 1977 2398 2049 Petrus,
2433 1981 2495 2038 et
2524 1976 2845 2039 Anubione
2892 1979 3195 2059 profectus
3225 1972 3422 2056 esset;
3457 1972 3629 2044 mane

238 2068 317 2128 de
338 2084 408 2126 eo
425 2065 692 2126 sentiatis
719 2082 733 2137 ;
763 2063 865 2125 sed
892 2063 1174 2143 deponite
1199 2063 1425 2136 odium,
1457 2071 1685 2123 cessate
1710 2061 1891 2122 abin-
1978 2063 2327 2143 priusquam
2356 2065 2711 2145 procederet
2730 2068 2800 2129 ad
2828 2068 3254 2147 disputandum
3282 2073 3515 2147 Petrus,
3533 2091 3628 2133 re-

234 2156 608 2235 dignatione,
637 2154 775 2233 quia
795 2170 939 2214 vere
961 2173 994 2213 a
1020 2154 1136 2213 Deo
1162 2153 1234 2214 ad
1259 2152 1507 2214 salutem
1528 2150 1736 2241 mundi
1755 2154 1891 2211 mis-
1973 2153 2161 2230 gressi
2196 2162 2332 2214 sunt
2364 2153 2450 2215 illi
2505 2154 2605 2235 qui
2637 2155 3025 2217 deduxerunt
3072 2156 3404 2241 Simonem,
3438 2160 3495 2221 id
3540 2170 3630 2222 est

235 2268 343 2309 sus
358 2255 443 2310 est
461 2244 789 2324 discipulus
802 2244 924 2305 veri
943 2242 1253 2323 Prophetas
1275 2252 1333 2304 et
1349 2242 1673 2323 apostolus.
1698 2240 1887 2321 Prop-
1974 2242 2204 2322 Appion
2230 2250 2281 2303 et
2306 2243 2747 2321 Athenodorus,
2775 2253 2833 2306 et
2862 2254 3160 2307 venerunt
3180 2247 3253 2308 ad
3286 2266 3394 2309 nos
3416 2250 3623 2329 requi-

238 2348 333 2398 ter
353 2336 511 2416 quod
539 2334 784 2413 suadeo,
814 2334 1020 2394 hortor
1042 2342 1099 2394 et
1123 2350 1338 2393 moneo
1363 2341 1425 2392 ut
1453 2331 1649 2412 ipsum
1675 2330 1887 2391 audia-
1973 2339 2175 2394 rentes
2206 2340 2429 2411 patrem
2484 2352 2709 2395 meum.
2741 2333 2953 2396 Petrus
2986 2352 3129 2397 vero
3172 2334 3273 2396 ubi
3323 2338 3622 2417 cognovit,

239 2422 1097 2504 tis,ipsicredatispraedicanti
1118 2421 1717 2493 vobisveritatem,ne
1736 2420 1889 2480 forte
1964 2420 2144 2499 jussit
2176 2438 2283 2481 eos
2317 2421 2587 2484 introire.
2617 2426 2688 2485 Et
2710 2441 2847 2483 cum
2879 2424 3324 2499 consedissent,
3351 2427 3468 2489 Ubi
3507 2432 3620 2503 est,

240 2518 291 2577 si
324 2514 662 2595 spreveritis
692 2531 853 2586 eum,
880 2513 1005 2591 ipsa
1038 2512 1215 2574 etiam
1244 2509 1440 2571 subito
1465 2508 1671 2570 civitas
1694 2516 1886 2570 vestra
1970 2508 2157 2581 aiunt,
2184 2508 2647 2571 Faustinianus9
2669 2513 2879 2573 Petrus
2900 2513 3231 2593 respondit:
3258 2515 3576 2579 Nescimus
3606 2537 3621 2576 :

243 2613 475 2685 pereat.
502 2602 689 2675 Quam
716 2619 849 2662 vero
873 2600 947 2661 ob
970 2618 1206 2660 causam
1234 2600 1359 2659 haec
1385 2617 1542 2659 nunc
1567 2597 1729 2658 vobis
1751 2616 1889 2657 con-
1971 2616 2222 2677 vespere
2254 2598 2415 2659 enim
2453 2608 2761 2679 postquam
2797 2600 2871 2661 ad
2915 2619 3023 2662 vos
3052 2602 3235 2677 venit,
3277 2602 3432 2664 ultra
3476 2603 3624 2665 nulli

242 2695 438 2767 ﬁtear,
466 2692 763 2753 iudicabo.
790 2691 909 2751 Aac
926 2689 1356 2768 nocteangelus
1371 2686 1774 2765 Deicorripuit
1794 2705 1889 2747 me
1971 2706 2217 2749 suorum
2252 2688 2409 2749 visus
2441 2697 2573 2760 est;
2608 2689 2895 2750 hesterno
2930 2699 3127 2751 tamen
3168 2689 3268 2751 die
3302 2709 3479 2753 mane
3525 2691 3626 2755 Si-

240 2784 516 2863 impium,
543 2790 601 2842 et
631 2799 737 2842 cur
768 2779 1044 2840 inimicus
1078 2796 1267 2840 essem
1306 2776 1570 2837 veritatis
1606 2777 1884 2855 praeconi,
1973 2794 2110 2837 mon
2135 2777 2593 2858 venit,qu:erens
2617 2795 2778 2851 eum,
2799 2785 2859 2838 et
2881 2778 3023 2857 quia
3046 2778 3194 2840 nihil
3218 2779 3625 2860 illirespondi-

242 2870 770 2934 vehementissime
784 2868 1238 2947 ﬂagellavitiﬁﬁ).
1266 2869 1571 2945 Deprecor
1594 2882 1738 2943 ergo
1764 2884 1884 2939 vos,
1917 2944 1943 2947 Α
1972 2884 2127 2945 mus,
2150 2867 2350 2926 nescio
2372 2867 2513 2947 quid
2532 2867 2587 2927 ei
2608 2866 2797 2927 visum
2821 2868 2917 2941 sit,
2938 2867 3386 2930 Faustinianum
3407 2888 3473 2931 se
3493 2888 3626 2931 esse

246 2971 314 3022 ut
341 2960 567 3021 etiamsi
592 2977 700 3037 ego
725 2959 851 3039 ipse
867 2944 1004 3036 post
1027 2959 1151 3018 haec
1173 2944 1420 3018 veniens
1441 2954 1511 3015 ad
1537 2971 1639 3014 vos
1661 2954 1885 3035 aliquid
1906 2944 1945 2992 (ἶ
1971 2944 2226 3017 dicebat.
2249 2944 2417 3027 Quod
2432 2971 2568 3016 cum
2588 2956 2641 3017 ei
2660 2974 2839 3018 nemo
2859 2957 3317 3029 crederet,ﬂens
3335 2966 3394 3018 et
3409 2958 3621 3019 dolens

244 3058 556 3112 tentavero
586 3048 893 3110 adversum
916 3045 1151 3108 Petrum
1182 3045 1401 3115 dicere,
1427 3062 1501 3104 ne
1523 3042 1885 3123 suscipiatis,
1973 3044 2448 3107 comminabatur
2478 3052 2935 3126 perempturum
2958 3047 3374 3128 semetipsum,
3397 3056 3456 3109 et
3488 3054 3623 3128 post

242 3158 358 3200 nec
391 3137 673 3199 credatis.
708 3138 1003 3199 Conﬁteor
1055 3136 1215 3197 enim
1272 3133 1460 3206 vobis,
1497 3150 1604 3211 ego
1658 3151 1884 3211 magus,

243 3248 354 3307 ego
388 3228 689 3302 seductor,
723 3246 831 3306 ego
866 3226 1151 3303 deceptor
1192 3224 1298 3297 fui,
1334 3223 1441 3283 sed
1479 3222 1884 3303 paenitentiam

242 3337 378 3398 ago;
405 3317 542 3378 licet
563 3316 721 3378 enim
757 3334 864 3395 per
887 3313 1292 3394 paenitentiam
1321 3312 1523 3393 priora
1552 3311 1703 3373 maie
1726 3319 1889 3391 gesta

250 3406 479 3467 delere.

337 3493 669 3558 LXII.Cum
688 3493 811 3553 haec
826 3488 1891 3571 Petrusintimaretpatri,illerespon-

252 3584 362 3648 dit.
390 3583 525 3645 Scio
538 3583 678 3663 quid
700 3581 869 3657 velis,
896 3601 970 3643 nc
986 3582 1219 3643 labores
1241 3582 1424 3655 ultra;
1452 3577 1886 3641 intellexienim

251 3683 311 3736 et
332 3672 643 3753 novi,quid
667 3680 939 3752 oporteat
959 3690 1093 3733 cum
1116 3670 1188 3732 ad
1211 3671 1413 3732 locum
1436 3684 1889 3747 venero,prose-

247 3764 372 3846 qui.
394 3762 466 3824 Et
485 3761 695 3823 Petrus
720 3763 937 3823 iterum
975 3759 1425 3840 suggerebatei,
1455 3756 1666 3846 dicens
1693 3774 1706 3819 :
1743 3754 1887 3818 Cum

246 3845 390 3932 ergo
418 3852 654 3913 veneris
683 3851 753 3912 ad
786 3850 981 3912 locum
1018 3858 1074 3911 et
1094 3848 1320 3911 videris
1352 3845 1634 3927 populum
1665 3863 1736 3906 ex
1768 3864 1890 3906 ser-

245 3960 425 4005 mone
454 3950 553 4002 tuo
583 3940 874 4011 converti,
910 3948 967 3999 et
1000 3938 1284 4019 depositis
1315 3933 1466 3996 odiis
1494 3933 1766 4013 recipere
1786 3934 1887 3995 de-

244 4032 539 4095 siderium
582 4029 796 4109 nostri,
832 4029 1001 4089 mitte
1034 4036 1092 4089 et
1123 4023 1342 4089 manda
1393 4022 1563 4095 mihi,
1598 4031 1651 4082 et
1684 4024 1885 4085 statim

1972 3132 2097 3194 hac
2127 3134 2271 3194 abiit
2305 3132 2375 3193 ad
2411 3152 2575 3195 mare
2607 3152 2837 3200 versus.

2053 3221 2258 3285 LXIV.
2282 3222 2421 3284 Haec
2441 3241 2580 3285 cum
2598 3225 2862 3286 audisset
2879 3225 3118 3306 Appion
3132 3234 3189 3286 et
3206 3225 3307 3305 qui
3331 3243 3468 3286 cum
3492 3227 3620 3306 ipso

1978 3312 2462 3381 erant,ululatum
2486 3312 2783 3375 dederunt
2805 3314 3399 3393 grandem,dicentes
3425 3336 3439 3379 :
3466 3312 3621 3386 Quid

1974 3401 2087 3462 hoc
2109 3400 2357 3481 fecistis,
2387 3419 2493 3463 cur
2513 3420 2628 3462 non
2654 3404 2966 3484 recepistis
2987 3421 3122 3465 eum
3147 3402 3177 3462 ?
3202 3403 3424 3465 Etcum
3446 3403 3623 3463 vellet

1975 3489 2404 3552 Athenodorus
2436 3490 2642 3552 dicere
2680 3491 2826 3553 mihi
2875 3494 3013 3573 quia
3042 3493 3172 3573 ipse
3222 3501 3347 3553 erat
3386 3492 3617 3553 Fausti-

1974 3580 2190 3641 nianus
2217 3589 2389 3659 pater
2411 3592 2576 3653 tuus,
2599 3580 2833 3661 Appion
2860 3582 3229 3663 praeveniens
3251 3600 3386 3644 eum
3408 3601 3422 3641 :
3448 3584 3620 3642 Com-

1974 3669 2263 3751 perimus,
2298 3670 2508 3748 inquit,
2543 3690 2574 3731 a
2609 3673 2866 3752 quodam
2901 3672 3006 3754 qui
3037 3690 3177 3733 cum
3210 3671 3455 3733 Simone
3488 3689 3621 3751 pro-

1974 3760 2161 3821 fectus
2183 3767 2295 3833 est,
2325 3760 2455 3839 ipso
2480 3760 2869 3823 Faustiniano
2924 3762 3282 3843 deprecante
3312 3780 3477 3834 eum,
3512 3778 3618 3840 pro

1975 3867 2044 3909 eo
2078 3847 2235 3928 quod
2262 3848 2442 3909 nollet
2477 3848 2628 3909 ﬁlios
2660 3868 2797 3911 suos
2825 3852 3050 3926 videre,
3078 3850 3217 3929 quia
3236 3850 3427 3913 Judaei
3450 3858 3619 3911 erant

1973 3937 2237 4018 (63-64).
2274 3939 2396 4000 Nos
2420 3955 2560 4017 ergo
2592 3957 2726 3999 cum
2759 3941 3137 4001 audissemus
3169 3940 3319 4020 haec,
3353 3937 3622 4001 venimus

1970 4044 2107 4089 eum
2138 4026 2237 4088 hic
2271 4029 2606 4102 requirere,
2640 4028 2747 4088 sed
2779 4029 2919 4107 quia
2950 4028 3045 4090 hic
3077 4046 3194 4089 non
3230 4035 3346 4107 est,
3371 4044 3621 4108 apparet

243 4122 503 4184 veniam.
537 4123 681 4183 Cum
712 4126 909 4179 autem
963 4134 1208 4191 venero,
1246 4114 1375 4175 sine
1409 4128 1573 4172 more
1624 4110 1886 4174 alienum
1915 4187 1948 4196 _
1973 4117 2110 4196 quia
2138 4132 2276 4176 vere
2314 4114 2460 4175 dixit
2490 4118 2590 4194 qui
2626 4116 2922 4177 nuntiavit
2949 4135 3091 4185 cum
3126 4113 3370 4176 Simone
3416 4112 3618 4193 profe-

247 4215 411 4275 hunc
442 4229 476 4272 a
505 4218 561 4271 te
584 4208 807 4270 vultum
840 4206 1137 4287 eﬂ'ugabo,
1172 4187 1231 4268 et
1264 4212 1426 4266 tuum
1458 4202 1761 4281 proprium
1789 4202 1890 4283 qui
1914 4187 2134 4267 Dc'tum
2160 4226 2176 4277 ;
2211 4203 2323 4264 hoc
2354 4220 2494 4281 ergo
2508 4187 2871 4265 'nuntiamus
2902 4204 3093 4265 vobis.
3125 4202 3242 4281 Ego
3266 4187 3462 4262 autem
3494 4199 3621 4263 Cle-

248 4306 366 4366 tuis
398 4297 676 4365 omnibus
706 4306 878 4361 notus
906 4306 998 4361 est
1026 4296 1295 4360 reddam.
1330 4290 1401 4353 Et
1434 4290 1524 4352 his
1549 4290 1725 4355 dictis
1767 4294 1890 4358 ira-

1978 4311 2150 4360 mens
2180 4292 2283 4354 ubi
2323 4291 2588 4355 intellexi
2619 4293 2937 4356 consilium
2972 4291 3155 4369 Petri,
3184 4288 3322 4371 quia
3365 4289 3621 4352 voluerit

1595 4456 2000 4525 COTELERII
2044 4451 2293 4521 ΝΟΤιΕ.

321 4624 433 4698 (62)
487 4622 952 4698 nummum
989 4614 1328 4698 ﬂagellauit;
1376 4610 1629 4698 Conferri
1703 4626 1888 4691 potest

250 4687 366 4754 bsic
394 4687 702 4768 ﬂagellatio
732 4708 863 4768 cum
884 4687 1000 4768 illa
1021 4687 1230 4768 famosa
1265 4687 1616 4768 Hieronymi.

320 4761 535 4838 (63-61)
564 4767 700 4834 Quia
716 4765 893 4822 Judan’
917 4772 1089 4821 eram.
1115 4761 1183 4820 Ut
1208 4762 1455 4833 benigne
1473 4761 1681 4838 exponi
1705 4770 1889 4838 potest

249 4854 353 4911 per
399 4833 536 4897 satis
586 4833 881 4912 cognitum
930 4850 1207 4912 errorem,
1256 4834 1635 4912 quo_ethnici
1690 4833 1890 4902 primis

248 4904 607 4982 iemporibus
652 4904 709 4966 in
740 4912 971 4982 nomine
1015 4907 1335 4982 Iudaeorum
1378 4904 1729 4964 Christianos
1758 4918 1891 4975 quo-

294 4980 953 5053 ue‘comprehendebant
988 5000 1000 5034 :
1036 4980 1109 5053 ita
1140 4986 1547 5053 etAsuspectum
1578 4990 1701 5053 esse
1723 4986 1892 5046 queat

312 5046 591 5110 bionitiéae
623 5052 765 5110 labis
796 5050 1150 5123 apocryphis
1186 5046 1550 5123 Clementinis
1601 5048 1887 5116 inspersae.

249 5124 685 5181 Confundebant
716 5119 869 5179 enim
905 5119 1156 5178 Ebibnai
1205 5119 1707 5176 Christianismum
1759 5131 1893 5173 cum

255 5195 574 5253 Judaismo.
612 5195 886 5263 Quocirca
938 5194 1247 5263 prudenter
1293 5191 1580 5263 factumga
1628 5190 1891 5263 Simeone

255 5259 652 5339 Metephraste'
681 5268 739 5323 in
775 5266 898 5323 Vita
941 5259 1250 5321 'Clementis
1276 5261 1558 5339 _Romani.
1584 5274 1713 5339 “seu
1768 5259 1895 5316 Cle-

254 5331 504 5410 mentfina
535 5336 804 5410 Epitomc.
839 5350 972 5395 cum
1003 5343 1244 5410 quatuor
1276 5333 1400 5393 loca
1434 5331 1686 5410 homilize
1715 5345 1887 5410 quar-

253 5422 321 5467 tae
354 5402 806 5466 Ciemcnt'inorum
846 5402 1082 5464 mutavit
1119 5416 1173 5463 et
1220 5408 1488 5463 correxit.
1527 5402 1753 5459 Primus
1806 5402 1895 5457 lo-

539 5563 801 5625 PATBOL.
847 5563 958 5625 Gn.
1010 5557 1055 5621 I.

1969 4637 2074 4681 cus
2103 4622 2294 4681 exstat
2312 4632 2366 4676 c.
2398 4614 2453 4673 ‘7.
2475 4613 2661 4679 Ibide
2687 4614 2994 4678 Clemente
3014 4614 3235 4679 dicitur
3260 4633 3274 4676 :
3300 4617 3434 4673 ’Υπὸ
3474 4618 3607 4695 βαρ-

1970 4698 2131 4776 ϐάρου
2175 4700 2341 4770 τινὸς,
2405 4697 2501 4763 νὴν
2554 4698 2912 4776 προσηγορίαν
2973 4696 3189 4776 Πέτρου,
3241 4699 3306 4759 τὰ
3354 4696 3620 4754 Ἰουδαίων

1971 4719 2131 4776 ῡαρου
2175 4720 2341 4770 τινος,
2405 4719 2501 4763 νην
2554 4719 2795 4775 προσηγο
2833 4719 2912 4752 ίαν
2973 4719 3189 4776 υετρου,
3241 4720 3306 4759 τα
3376 4719 3620 4754 ιουοαιων

1971 4780 2148 4837 notet»
2180 4780 2267 4832 καὶ
2294 4776 2628 4857 λέγεμίήπάτ
2638 4798 2779 4843 erat.
2799 4719 3235 4857 iletapbrastes
3255 4794 3395 4857 vero
3415 4776 3621 4857 posuit

1972 4860 2369 4938 Epitomesc,
2406 4854 2508 4938 46,
2558 4856 2623 4910 τὰ
2654 4854 3001 4933 Χριστιανῶῦ.
3054 4854 3393 4938 Secundum
3416 4854 3620 4938 locum

1971 4929 2158 5001 habes
2188 4955 2240 4998 c.
2282 4929 2374 5009 13,
2409 4938 2435 4992 ὁ
2469 4934 2521 4991 δὲ
2543 4939 2670 5010 τῶν,
2702 4929 2780 5000 ’ὡς
2814 4938 2968 5017 opai:
2992 4960 3148 5017 (parte,
3174 4937 3448 5017 βαρϐάρῳν
3482 4929 3615 4996 ἰου-

1972 5019 2130 5076 autem
2162 5017 2345 5098 λέγος,
2376 5033 2408 5076 e
2432 5033 2547 5094 quo
2563 5033 2769 5098 vocem
2790 5016 3058 5077 Ἰουδαίων
3083 5015 3328 5098 Simeon
3348 5015 3618 5098 abstulit,

1974 5113 2021 5155 c.
2063 5099 2154 5153 50.
2195 5095 2451 5166 Tertium
2482 5110 2535 5151 c.
2569 5095 2658 5165 l3,
2699 5111 2868 5166 quem
2902 5097 3077 5154 simili
3107 5097 3276 5155 modo
3321 5095 3623 5155 circumci;

1975 5170 2078 5226 dit.
2105 5166 2282 5239 c.7531.
2316 5165 2382 5222 In
2414 5176 2621 5237 quarto
2653 5165 2901 5239 denique
2934 5166 3059 5226 loco
3090 5184 3142 5225 c.
3174 5168 3264 5233 24,
3300 5169 3486 5239 Apion
3516 5183 3608 5226 no-

1981 5249 2064 5302 tat
2119 5238 2488 5303 Clementem
2566 5238 2993 5317 προσομιλοῦντοι
3065 5239 3334 5306 Ἰουδαίοις
3354 5238 3377 5304 ί,
3439 5246 3497 5301 at
3554 5258 3625 5301 ex

1980 5320 2404 5383 emendatione
2452 5317 2771 5400 breviantis
2821 5339 2872 5382 c.
2928 5322 3029 5398 53,
3076 5321 3435 5400 Χριστιανοῖς,
3475 5321 3627 5397 Lege

1979 5400 2178 5457 homil.
2222 5414 2300 5463 xI,
2334 5412 2385 5454 ο.
2420 5398 2509 5468 16,
2533 5407 2588 5457 et
2616 5400 2771 5456 alibi.

3232 5552 3313 5613 46
