4058 6206
365 281 513 343 1451
1194 272 1254 332 S.
1299 259 1728 330 CLEMENTIS
1774 260 1794 322 ῐ
1840 256 2026 320 ROM.
2069 251 2299 319 PONT.
2343 249 2593 316 OPERA
2638 251 2896 313 DUBIA.
3574 245 3735 309 145?

365 414 450 474 eis
498 409 903 491 suspicionem
948 406 1112 477 dare,
1148 401 1307 482 quod
1357 399 1428 460 ab
1463 397 1605 479 ipsis
1652 392 2010 491 quaerendus
2033 397 2070 443 A
2096 405 2173 488 ne
2202 384 2542 484 crederetis.
2562 383 2762 456 Petro,
2794 383 2897 460 qui
2929 382 3363 491 et‘languentes
3394 379 3739 491 inpnomine

367 469 859 572 essetis—enegut
892 469 1183 557 timerent.
1203 499 1261 553 et
1295 469 1589 569 fugerent,
1626 469 1776 564 coepi
1800 484 2005 562 juvare
2088 477 2220 555 ejus
2249 495 2282 536 a
2313 495 2430 572 quo
2469 474 2685 572 missus
2720 483 2808 533 est
2837 479 3121 572 curat,_et
3144 470 3446 572 daemonas
3468 469 3739 572 fugat,“

367 560 687 653 consilium
710 560 838 666 ejus
864 594 922 646 et
946 586 1037 645 aio
1062 582 1132 642 ad
1167 560 1498 659 Appioiiem
1528 599 1539 633 ε
1573 560 1756 666 ᾼυάἶ,
1785 560 1982 666 charis
2066 585 2280 666 caecos
2313 566 2628 664 illuminat,
2664 572 2723 624 et
2754 560 3089 643 paralyticis
3134 561 3393 623 salutem
3426 561 3644 635 reddit,
3681 570 3748 621 et

367 684 521 743 sime
550 653 808 757 Appioh,
847 692 952 734 nos
984 672 1138 749 quod
1193 653 1414 728 bonum
1450 664 1768 757 credimus,
1827 660 2006 721 etiam
2095 662 2367 757 mortuo-s-
2390 653 2680 757 suscitat.‘
2710 740 2722 752 .

369 740 514 849 patri
547 740 780 829 tradere
798 740 1085 823 'volum'us
1116 782 1130 834 ;
1157 758 1313 838 quod
1348 756 1396 817 si
1429 753 1690 849 noluerit
1720 754 2008 849 recipere,
2174 744 2391 848 LXVII,
2428 745 2566 805 Haac
2587 750 2645 803 et
2665 740 2989 849 hissimilia
3013 740 3196 801 multa
3312 748 3748 849 prosequente,

364 830 468 922 sed
506 858 709 936 magis,
744 863 806 914 ut
836 852 1008 931 dicis,
1044 830 1476 910 exhorrescens
1510 862 1616 903 nos
1648 841 1817 920 fugit,
1843 859 2012 917 aspe-
2095 836 2391 899 exsecrari
2424 854 2562 936 eum
2594 830 2773 913 coepit
2800 832 3077 936 populus,
3108 840 3166 892 et
3192 831 3413 936 dabant
3442 831 3650 892 ﬂetum
3693 836 3753 890 et

372 968 504 1011 rum
531 922 876 1008 sitvfortasse
899 922 1057 1021 quod
1087 939 1241 1013 dico,
1262 955 1371 997 nec
1394 951 1502 994 nos
1519 932 1592 993 de
1616 950 1686 993 eo
1710 949 2005 992 curamus.
2097 927 2549 1007 gemitum,quia
2575 922 3255 1021 peccassentin‘Petrum
3276 922 3750 1021 credenteseum

458 1056 590 1099 cum
620 1037 742 1095 haec
772 1010 1078 1101 dixissem,
1105 1010 1275 1107 quasi
1304 1031 1679 1086 exsecrantes
1702 1020 2015 1082 crudelita-
2099 1034 2231 1079 esse
2258 1034 2489 1094 magum
2516 1025 2573 1078 et
2593 1016 2862 1096 impium.
2885 1012 3110 1107 Eodem
3138 1011 3394 1107 vero-die
3420 1010 3494 1074 ad
3524 1028 3750 1107 vespe-

370 1138 485 1189 tem
514 1144 705 1187 meam
727 1100 1327 1197 discedunt,vestigia
1346 1112 1628 1186 Simonis,
1660 1108 2009 1190 utsequenti
2093 1124 2217 1197 ram
2253 1106 2524 1197 restituta
2555 1114 2642 1169 est
2673 1105 2734 1165 in
2764 1102 3143 1197 Faustiniano
3187 1100 3369 1165 facies
3394 1100 3752 1197 _propr_ia,et

369 1188 469 1277 die
502 1213 933 1293 comperimus,
970 1188 1378 1286 insequentes.
1830 1188 1839 1190 ⁷
2096 1195 2384 1293 abscessit
2413 1193 2485 1255 ab
2535 1212 2605 1255 eo
2636 1200 2911 1293 aspectus
2954 1192 3212 1293 Simonis
3260 1188 3747 1293 plagi..Audi.ens

452 1304 620 1367 LXV.
643 1279 888 1361 'lnterea
919 1279 1051 1358 cum
1084 1279 1293 1357 Petrus
1324 1312 1392 1354 ex
1418 1308 1598 1353 more
1630 1290 2016 1369 quotidie'po-
2096 1292 2291 1346 autem
2325 1282 2529 1345 Simon
2563 1284 2785 1343 vultum
2820 1300 2992 1342 suum
3016 1281 3077 1341 in
3104 1299 3174 1342 eo
3204 1280 3277 1341 ad
3305 1280 3465 1342 Petri
3496 1279 3748 1358 gloriam

371 1396 573 1477 pulum
601 1393 840 1453 doceret
872 1398 930 1449 et
961 1387 1203 1447 virtutes
1236 1384 1449 1443 multas
1479 1400 1546 1444 ac
1582 1381 1863 1442 sanitates
1895 1379 2013 1439 efﬁ-
2104 1375 2451 1475 profecisse,
2486 1374 2732 1435 festinus
2767 1371 3048 1471 przevenit
3074 1373 3317 1471 Petrum
3351 1379 3411 1432 et
3436 1388 3621 1477 agere
3652 1390 3756 1477 cu—

368 1459 554 1563 ceret,
584 1491 719 1562 post
741 1478 869 1538 dies
888 1478 1096 1537 decem
1122 1474 1281 1535 venit
1304 1473 1545 1551 quidam
1576 1480 1919 1530 nostrorum
1945 1470 2017 1528 ab
2106 1464 2281 1563 piens
2318 1473 2444 1524 arte
2493 1480 2622 1535 sua,
2651 1469 2723 1563 'ut
2752 1459 3369 1563 a_Fau.stiniano'ejus
3416 1459 3751 1563 similitudo

372 1549 686 1636 Antiochia
721 1569 936 1628 missus
978 1586 1009 1624 a
1043 1573 1229 1644 patre.
1269 1549 1635 1623 annuntians
1667 1559 1837 1619 nobis
1870 1578 2019 1638 quo-
2107 1554 2441 1644 recederet,
2475 1570 2613 1644 cum
2638 1551 2910 1644 junilioc
2926 1550 3091 1629 juxta
3108 1549 3354 1611 verbum
3375 1550 3628 1630 apostoli
3660 1550 3757 1611 sui

374 1664 550 1723 modo
577 1659 814 1741 publice
838 1638 1225 1733 staretpater,
1246 1652 1551 1714 Simonem
1579 1650 1818 1741 quidem
1844 1649 2020 1741 quiin
2108 1642 2721 1741 Qhristusimplesset.
2749 1638 3039 1704 Videntes
3057 1646 3257 1741 autem
3272 1640 3757 1741 NicetaetAqui-

371 1753 531 1813 vultu
563 1729 893 1819 videbatur,
929 1729 1240 1816 accusans,
1272 1741 1507 1801 Petrum
1541 1729 1679 1799 vero
1712 1737 2023 1797 immensis
2046 1759 2085 1809 Β
2113 1732 2164 1794 la
2195 1740 2327 1813 post
2352 1730 2838 1813 praedicationem
2876 1729 3291 1819 necessariam;
3310 1737 3608 1809 paternam
3650 1729 3752 1790 fa-

372 1841 647 1904 landibns
674 1837 990 1914 prmferens
1014 1842 1071 1894 et
1096 1832 1253 1892 omni
1283 1831 1499 1911 p0pulo
1520 1828 2026 1889 commendansac

372 1928 839 1993 desiderabilem
872 1926 1118 2002 faciens,
1155 1922 1236 1981 ita
1270 1929 1333 1981 ut
1370 1937 1578 1980 omnes
1610 1938 1676 1977 ex
1733 1919 1862 1996 ejus
1893 1934 2024 1977 ser-

378 2037 551 2081 mone
586 2017 788 2077 mutati
810 2014 1221 2075 desiderarent
1246 2029 1380 2071 eum
1408 2010 1610 2069 videre
1636 2028 1649 2081 ;
1676 2009 1890 2068 multos
1914 2026 2024 2066 au-

374 2120 491 2171 tem
520 2116 745 2168 tantum
780 2105 839 2164 in
873 2103 1029 2164 Petri
1067 2118 1331 2161 amorem
1368 2098 1628 2171 venisse,
1655 2104 1718 2156 ut
1750 2095 2027 2156 saevirent

378 2201 434 2259 in
476 2205 699 2277 patrem
735 2194 901 2274 quasi
934 2193 993 2252 in
1026 2192 1359 2262 Simonem,
1395 2198 1449 2249 et
1484 2205 1695 2247 manus
1722 2185 1773 2245 ei
1807 2184 2027 2245 vellent

375 2274 649 2368 injicere,
682 2284 844 2345 velut
867 2285 964 2362 qui
992 2289 1216 2341 tantum
1254 2278 1391 2338 mali
1423 2274 1897 2368 cominisissetin
1923 2276 2025 2334 Pe-

378 2363 534 2439 trum
568 2363 854 2454 ;propter
885 2372 1068 2447 quod,
1106 2368 1323 2444 aiebat,
1356 2383 1712 2446 appropera,
1750 2382 1823 2424 ne
1870 2363 2024 2454 forte

380 2452 749 2547 perimatur;
783 2462 839 2520 in
878 2461 1090 2522 timore
1123 2457 1281 2518 enim
1335 2473 1544 2533 magno
1578 2456 1804 2547 positus
1856 2452 2022 2512 velo-

375 2543 523 2617 citer
556 2553 713 2614 misit
744 2570 861 2631 me,
888 2560 954 2610 ut
975 2549 1104 2609 sine
1140 2565 1306 2606 mora
1336 2546 1560 2623 venias,
1582 2561 1697 2623 quo
1731 2543 2023 2603 viventem

377 2664 512 2706 eum
546 2661 828 2722 occupes,
863 2639 1037 2699 simul
1072 2645 1131 2698 et
1161 2634 1456 2697 crescenti
1490 2652 1623 2711 erga
1664 2632 1745 2722 tui
1779 2631 2020 2692 deside-

375 2736 530 2795 rium
564 2721 782 2793 civitati
848 2736 1217 2808 opportnnus
1249 2742 1554 2805 appareas.
1591 2721 1804 2784 Aiebat
1844 2723 2022 2781 etiam

377 2823 677 2902 quomodo
694 2840 826 2880 mox
848 2828 912 2879 ut
928 2816 1139 2878 urbem
1157 2814 1528 2877 Antiochiam
1550 2813 2030 2902 pateringressus

378 2901 553 2984 esset,
589 2912 753 2990 quasi
786 2909 858 2969 ad
909 2906 1217 2969 Simonem
1250 2904 1444 2963 omnis
1495 2902 1746 2983 populus
1788 2901 2028 2990 adeum

2107 1822 2262 1885 ciem
2299 1821 2655 1894 restitutam,
2701 1820 2923 1898 gratias
2972 1827 3215 1899 agentes
3258 1817 3405 1901 Deo,
3440 1837 3552 1881 non
3609 1838 3753 1881 eum

2108 1911 2507 1994 permiserunt
2536 1910 2784 1972 ulterius
2809 1910 3031 1991 alloqui
3063 1910 3370 1990 populum.

2193 1997 2478 2079 LXVIll.f
2495 2001 2700 2063 Simon
2732 2007 2928 2061 autem
2964 1998 3141 2079 C(Bpit
3196 1999 3333 2060 licet
3363 1998 3599 2061 occulte
3648 2018 3758 2080 per

2114 2090 2343 2153 amicos
2369 2109 2509 2151 suos
2541 2097 2600 2151 et
2648 2089 2970 2151 familiares
3010 2086 3341 2170 ambulare,
3391 2096 3451 2151 et
3497 2089 3761 2171 amplius

2106 2176 2285 2241 Petro
2300 2180 2589 2259 derogare
2603 2196 2779 2260 quam
2792 2175 3381 2242 antea.Tuncomnes
3392 2190 3762 2260 exspuentes

2108 2269 2167 2330 in
2199 2268 2410 2331 faciem
2444 2269 2596 2348 ejus,
2622 2268 2976 2350 expulerunt
3006 2287 3140 2330 eum
3169 2268 3242 2331 de
3271 2268 3535 2351 civitate,
3554 2268 3767 2332 dicen-

2108 2366 2198 2421 tes
2235 2379 2248 2421 :
2283 2356 2372 2419 Tu
2403 2360 2523 2420 eris
2551 2376 2692 2421 reus
2732 2359 2943 2420 mortis
2974 2366 3109 2431 tuas,
3145 2358 3196 2419 si
3237 2358 3491 2422 ulterius
3522 2359 3761 2423 locutus

2107 2456 2315 2510 contra
2336 2447 2571 2510 Petrum
2592 2449 2706 2513 huc
2726 2448 2833 2510 tibi
2850 2448 3183 2512 credideris
3204 2467 3337 2511 esse
3366 2449 3758 2515 veniendum.

2111 2535 2339 2609 Quibus
2371 2536 2642 2616 cognitis,
2677 2536 2890 2601 Petrus
2921 2546 3156 2619 postera
3188 2539 3286 2601 die
3311 2539 3642 2604 convenire
3662 2559 3764 2622 po-

2111 2626 2282 2705 pulos
2296 2626 2490 2707 jubet,
2519 2634 2577 2689 et
2599 2646 2716 2689 uno
2747 2646 2817 2691 ex
2839 2628 2933 2689 bis
2953 2628 3058 2707 qui
3083 2628 3487 2710 sequebantur
3507 2648 3644 2692 eum
3668 2648 3765 2692 or-

2111 2714 2311 2775 dinato
2343 2716 2429 2777 eis
2457 2716 2761 2799 episcopo,
2793 2717 2925 2779 aliis
2941 2718 3117 2779 etiam
3142 2717 3530 2799 presbyteris,
3572 2718 3765 2799 bapti-

2111 2803 2256 2865 zatis
2289 2822 2525 2885 quoque
2557 2806 2849 2886 plurimis,
2876 2814 2936 2868 et
2956 2806 3347 2888 omnibusqui
3376 2816 3549 2869 erant
3564 2810 3764 2870 vexati

2114 2893 2498 2972 languoribus
2523 2895 2615 2957 vel
2648 2896 3041 2973 dmmonibus,
3072 2897 3308 2959 sanitati
3336 2897 3612 2978 redditis,
3645 2897 3764 2959 de-

377 2984 663 3063 collectus
696 3008 810 3077 est,
847 3005 903 3056 et
956 2996 1129 3074 caepit
1164 2994 1443 3055 omnibus
1476 2992 1743 3053 confiteri
1797 2988 2030 3067 publice
2119 2984 2485 3077 moratusibi
2507 2984 2665 3077 aliud
2684 2984 2968 3077 triduum,
2995 2987 3235 3077 cunctis
3250 2987 3360 3077 rite
3386 2986 3761 3077 compositis,

379 3091 708 3152 secundum
742 3070 809 3148 ea
855 3104 990 3166 quae
1023 3070 1224 3164 populi
1280 3082 1633 3143 restauratio
1688 3080 1986 3170 flagitabat
2013 3098 2029 3154 ;
2049 3118 2091 3170 α
2114 3070 2457 3170 vatedicens
2477 3075 2587 3170 eis,
2613 3075 3361 3170 proficiscituraLaodicia
3381 3076 3767 3170 multumgde-

380 3199 512 3240 nam
547 3161 890 3256 quicunque
928 3161 1134 3232 omnes
1168 3171 1350 3231 simul
1385 3170 1616 3230 nobiles
1639 3178 1693 3229 et
1715 3168 1933 3229 diversi
1954 3170 2029 3227 si-
2054 3161 2090 3170 “
2114 3161 2459 3225 siderabilis
2488 3165 2983 3256 Antiochensium
3001 3166 3451 3248 plebi;etcmpit
3470 3165 3765 3247 perNice-

382 3268 501 3329 mul
534 3268 744 3329 divites
778 3285 845 3325 ac
882 3281 1175 3343 pauperes
1224 3259 1668 3331 convenissent,
1718 3266 2027 3337 sperantes

378 3361 578 3438 aliqua
600 3356 760 3418 abeo
786 3372 950 3415 more
968 3352 1138 3412 solito
1168 3350 1439 3429 prodigia
1462 3367 1635 3427 posse
1661 3348 2027 3421 fieri,omnes

382 3449 490 3507 hac
520 3465 661 3505 voce
696 3443 1021 3521 alloquitur
1058 3462 1071 3501 :

464 3534 661 3596 LXVI.
688 3534 793 3593 Diu
822 3540 911 3593 est
934 3529 1201 3606 quodme
1227 3526 1531 3588 Simonem
1558 3526 2027 3586 infelicissimum

383 3626 687 3687 hominum
720 3620 1001 3701 patientia
1021 3619 1219 3678 divina
1256 3618 1509 3678 sustinet
1539 3636 1553 3691 ;
1584 3635 1716 3675 nam
1746 3614 2029 3694 quidquid

386 3716 440 3774 in
477 3732 569 3773 me
602 3711 795 3772 mirati
827 3708 995 3779 estis,
1034 3726 1148 3766 non
1200 3706 1463 3766 veritatis
1516 3704 1871 3772 ministerio,
1925 3701 2028 3762 sed

382 3803 716 3862 daemonum
755 3799 1089 3859 mendaciis
1121 3806 1178 3855 et
1208 3794 1435 3855 artibus
1456 3804 1683 3871 gestum
1718 3802 1825 3865 est,
1859 3802 2032 3852 utve-

382 3900 563 3951 stram
598 3890 773 3949 fidem
802 3897 1129 3947 everterem
1161 3894 1218 3943 et
1241 3903 1433 3943 meum
1464 3883 1718 3942 animam
1743 3880 2031 3941 condem-

384 3996 611 4039 narem.
649 3976 947 4038 Conﬁteor
982 3993 1073 4033 me
1108 3974 1309 4032 omnia
1342 3974 1417 4032 de
1448 3976 1619 4032 Petro
1651 3972 1836 4032 fuisse
1873 3988 2036 4031 men-

385 4069 552 4127 litum
585 4067 723 4140 ;ille
750 4065 908 4125 enim
934 4080 1124 4141 neque
1148 4080 1351 4137 magus
1378 4080 1568 4139 neque
1602 4060 1904 4122 homicida
1936 4078 2039 4119 un-

385 4176 559 4237 quam
591 4156 717 4228 fuit,
754 4155 858 4214 sed
891 4172 923 4213 a
956 4152 1071 4212 er
1104 4153 1173 4211 ad
1204 4153 1454 4211 salutem
1483 4162 1741 4210 vestrum
1767 4152 2032 4211 omnium

387 4248 606 4307 missus
640 4254 747 4307 est.
790 4262 963 4323 quem
1004 4243 1052 4302 si
1087 4260 1156 4303 ex
1192 4242 1300 4302 hac
1333 4241 1477 4301 hora
1529 4240 2034 4303 contemnendum

2113 3259 2236 3312 tam
2269 3260 2328 3314 et
2356 3254 2629 3334 Aquilam
2682 3262 2796 3316 tota
2849 3256 3055 3318 civitas
3103 3256 3333 3332 audire,
3369 3255 3504 3337 quia
3547 3253 3764 3316 Petrus

2112 3340 2480 3406 adventaret.
2522 3344 2732 3408 Omnis
2763 3355 2958 3408 autem
2994 3345 3248 3427 populus
3276 3345 3594 3407 Antiochia;
3615 3343 3762 3405 civi-

2112 3431 2250 3492 tatis
2297 3433 2547 3495 audiens
2595 3436 2838 3496 Petrum
2896 3436 3124 3511 venire,
3156 3442 3543 3497 occurrerunt
3570 3434 3655 3508 ei,
3703 3442 3765 3493 et

2115 3538 2267 3599 pcne
2295 3540 2507 3585 omnes
2550 3526 2805 3605 majores
2834 3534 2973 3587 natu
3021 3534 3080 3590 et
3114 3524 3369 3601 nobiles,
3414 3526 3617 3587 cinere
3660 3541 3764 3586 as-

2115 3613 2274 3690 persi
2303 3615 2362 3675 in
2413 3615 2626 3694 capite,
2662 3615 3069 3693 paenitentiam
3104 3623 3371 3695 agentes,
3410 3615 3513 3696 qui
3555 3621 3767 3676 contra

2118 3701 2603 3778 praedicationem
2638 3705 2767 3784 ejus
2820 3724 3053 3785 magum
3106 3705 3410 3768 Simonem
3458 3704 3763 3784 suscepis-

2117 3799 2271 3853 sent.

2198 3879 2391 3944 LXIX.
2425 3880 2561 3943 Haec
2584 3891 2643 3945 et
2672 3882 2765 3946 his
2786 3884 3004 3946 similia
3026 3892 3479 3965 prosequentes,
3506 3886 3762 3948 offerunt

2121 3970 2179 4032 ei
2198 3978 2433 4032 vexatos
2455 3970 2843 4049 languoribus
2865 3980 2922 4034 et
2943 3973 3255 4035 daemoniis
3274 3974 3567 4055 fatigatos,
3586 3991 3761 4055 para-

2122 4058 2333 4138 lyticos
2349 4079 2592 4141 quoque
2614 4069 2672 4123 et
2693 4061 2923 4124 diversa
2943 4062 3206 4143 pericula
3229 4063 3540 4144 patientes;
3556 4071 3613 4125 et
3635 4071 3767 4124 erat

2124 4148 2359 4211 inﬁnita
2383 4150 2697 4212 multitudo
2720 4151 2898 4213 simul
2920 4151 3348 4232 languentium.
3374 4150 3530 4225 Quos
3550 4150 3766 4212 videns

2120 4236 2335 4302 Petrus
2370 4258 2487 4301 non
2512 4240 2702 4301 solum
2728 4241 3163 4322 pmnitudinem
3189 4258 3391 4323 agere,
3415 4240 3570 4319 quod
3593 4239 3670 4301 de
3693 4258 3771 4303 eo

390 4335 757 4414 putaveritis,
794 4341 1021 4393 certum
1059 4332 1138 4393 sit
1176 4330 1332 4411 apud
1366 4348 1466 4390 vos
1502 4329 1658 4409 quod
1682 4329 1865 4408 possit
1916 4329 2040 4408 ipsa
2122 4328 2278 4389 male
2307 4329 2759 4410 sensissentper
2776 4330 3106 4406 Simonem,
3130 4349 3335 4393 verum
3366 4336 3426 4394 et
3454 4338 3569 4392 tam
3605 4330 3769 4392 inte—

389 4425 592 4486 civitas
623 4432 814 4483 vestra
842 4434 1089 4502 repente
1122 4422 1426 4500 deperire.
1460 4418 1603 4491 Quae
1633 4428 1828 4479 autem
1864 4437 2041 4479 causa
2065 4434 2284 4502 ngram
2314 4418 2490 4480 fidem
2518 4420 2811 4483 exhibere
2831 4424 3048 4502 Deo,ut
3069 4420 3245 4483 etiam
3273 4438 3482 4483 omnes
3502 4421 3775 4482 diversas

386 4514 484 4594 sit,
509 4521 571 4573 ut
595 4515 719 4574 haec
742 4512 909 4573 vobis
937 4513 1087 4572 ultro
1113 4512 1438 4572 conﬁtear:
1468 4509 1541 4569 ab
1565 4508 1779 4588 angelo
1801 4507 1903 4570 Dei
1929 4508 2037 4569 hac

388 4613 562 4663 nocte
584 4605 969 4663 vehementer
987 4612 1297 4680 correptus
1313 4620 1468 4679 sum,
1484 4608 1663 4659 υίϐιιῐ*
1684 4598 1737 4658 ei
1754 4596 2037 4657 inimicus

388 4692 741 4764 exstiterim,
777 4690 1301 4752 vehementissime
1334 4688 1683 4767 flagellatus.
1732 4686 2035 4764 Deprecor

389 4799 530 4860 ergo
562 4800 686 4855 vos,
722 4791 784 4841 ut
818 4782 865 4841 si
897 4800 1008 4860 ego
1056 4783 1182 4859 ipse
1216 4799 1282 4841 ex
1320 4780 1426 4839 hac
1460 4781 1603 4837 hora
1630 4794 1920 4857 aperuero
1969 4794 2034 4835 os

388 4889 584 4931 meum
619 4881 827 4931 contra
858 4888 1017 4939 eum,
1055 4868 1379 4947 projiciatis
1420 4886 1511 4928 me
1544 4867 1614 4929 ab
1638 4874 1879 4945 aspectu
1928 4883 2033 4924 ve-

387 4969 509 5020 stro
535 4979 551 5033 ;
580 4959 682 5020 ille
714 4960 870 5019 enim
908 4958 1251 5018 immundus
1283 4958 1515 5017 daemon
1534 4956 1706 5017 saluti
1729 4955 2034 5015 hominum

388 5050 665 5110 inimicus
700 5067 803 5128 per
833 5068 899 5109 os
932 5066 1131 5108 meum
1166 5055 1371 5108 contra
1402 5048 1593 5126 ipsum
1625 5045 1907 5124 loquitur,
1963 5062 2037 5104 ne

386 5158 492 5219 per
523 5158 659 5200 eum
693 5158 791 5201 vos
826 5138 1173 5218 pertingatis
1204 5138 1274 5196 ad
1311 5136 1510 5196 vitam.
1546 5135 1699 5206 Quid
1746 5133 1905 5194 enim
1940 5152 2037 5195 ars

386 5234 615 5308 magica
649 5248 754 5307 per
801 5247 893 5287 me
943 5226 1106 5285 vobis
1141 5226 1328 5304 potuit
1378 5226 1608 5285 virtutis
1659 5224 1977 5284 ostendere
2006 5222 2037 5282 ?

385 5320 581 5380 Canes
606 5319 718 5380 feci
745 5335 931 5378 aereos
953 5315 1168 5377 latrare
1199 5323 1259 5377 et
1289 5322 1513 5374 statuas
1546 5314 1788 5382 moveri,
1819 5314 2037 5391 figuras

387 5411 601 5470 mutari
634 5410 945 5469 hominum
978 5415 1037 5466 et
1060 5403 1251 5465 subito
1276 5404 1347 5464 ab
1371 5404 1709 5483 aspectibus
1733 5404 2039 5464 hominum

383 5498 689 5558 absentari
719 5518 735 5571 ;
769 5506 825 5558 et
859 5514 963 5575 per
996 5496 1122 5555 haec
1177 5492 1466 5553 debuistis
1515 5502 1703 5554 artem
1751 5498 2035 5571 magicam

384 5587 705 5657 exsecrari,
743 5604 873 5665 quae
906 5593 964 5644 ut
988 5584 1155 5644 vobis
1190 5582 1542 5643 miraculum
1579 5584 1753 5643 inane
1786 5592 2038 5661 praeten-

387 5675 854 5754 derem,animas
877 5684 1097 5734 vestras
1115 5671 1425 5732 diabolicis
1445 5671 1672 5751 laqueis
1690 5670 2033 5753 innodabat,

2065 4482 2105 4533 θ
2122 4482 2510 4584 ’ἕξει-ίιυᾱίηθε
2532 4482 3161 4589 patientescrederent
3182 4528 3290 4591 per
3312 4528 3447 4571 eum
3472 4528 3644 4589 posse
3657 4511 3779 4570 sal-

2118 4596 2263 4673 vari,
2298 4599 2580 4678 eXpandit
2613 4599 2687 4661 ad
2721 4603 2934 4662 coelum
2982 4617 3191 4661 manus
3222 4617 3384 4681 suas,
3420 4608 3643 4661 etcum
3682 4602 3778 4662 la-

2119 4685 2332 4763 crymis
2374 4689 2706 4749 orationem
2741 4690 3077 4763 effundens,
3110 4689 3333 4768 gratias
3359 4690 3624 4751 referens
3650 4693 3780 4749 Deo

2119 4774 2390 4838 dicebat:
2414 4777 2714 4839 Benedico
2743 4788 2821 4855 te,
2853 4781 3027 4841 Pater
3043 4778 3443 4860 praedicande,
3462 4780 3562 4860 qui
3591 4796 3778 4840 omne

2119 4864 2366 4925 verbum
2400 4876 2460 4927 et
2480 4868 2840 4947 promissum
2866 4867 3000 4929 Filii
3026 4869 3107 4930 tui
3131 4868 3463 4948 adimplere
3480 4868 3770 4947 dignaris,

2118 4960 2188 5012 ut
2216 4964 2540 5033 cognoscat
2566 4958 2762 5018 omnis
2812 4968 3111 5035 creatura,
3141 4958 3280 5039 quia
3315 4968 3375 5019 tu
3400 4958 3564 5020 solus
3610 4959 3779 5021 Deus

2120 5044 2179 5103 in
2205 5046 2353 5105 ccelo
2386 5054 2445 5106 et
2472 5046 2532 5106 in
2565 5054 2745 5110 terra.

2199 5132 2363 5195 LXX.
2394 5133 2532 5197 Haec
2561 5144 2621 5198 et
2648 5137 2740 5198 his
2769 5138 2928 5200 simil
2949 5138 3178 5213 dicens,
3219 5136 3488 5199 ascendit
3527 5137 3585 5197 in
3612 5136 3777 5197 emi-

2124 5223 2395 5283 mentiori
2425 5225 2556 5286 loco
2578 5232 2635 5286 et
2650 5227 2837 5305 jussit
2855 5233 2996 5290 ante
3016 5244 3081 5289 se
3098 5227 3485 5308 poniomnem
3509 5225 3780 5286 multitu-

2121 5309 2325 5372 dinem
2338 5314 2935 5397 a3grotantium,quos
2960 5335 3171 5378 omnes
3190 5315 3302 5376 hac
3314 5330 3461 5377 voce
3482 5314 3784 5375 allocutus

2125 5410 2248 5464 est:
2274 5402 2541 5467 Similem
2565 5404 2731 5466 vobis
2756 5408 3063 5469 hominem
3083 5425 3176 5467 me
3199 5424 3331 5467 esse
3352 5405 3639 5479 videntes,
3667 5424 3785 5465 no-

2126 5491 2228 5553 lite
2261 5503 2473 5571 pntare
2501 5496 2657 5575 quod
2684 5514 2716 5556 a
2743 5514 2836 5557 me
2869 5496 3112 5577 possitis
3143 5512 3498 5576 recuperare
3520 5494 3780 5556 salutem

2121 5591 2401 5653 vestram,
2427 5586 2528 5645 sed
2557 5604 2663 5664 per
2687 5605 2823 5647 eum
2846 5587 2949 5665 qui
2972 5587 3046 5647 de
3065 5586 3216 5648 coelo
3238 5584 3636 5658 descendens,
3672 5603 3780 5643 os-

2122 5672 2314 5735 tendit
2329 5674 2716 5736 credentibus
2739 5676 2859 5737 sibi
2882 5677 3174 5754 integram
3198 5675 3413 5737 animae
3429 5682 3486 5734 et
3508 5674 3786 5754 corporis
