4080 6210
330 299 485 364 «457
1445 279 1965 363 nncoem'rlon

2052 299 2081 356 ι.
2117 263 2188 342 4—
2223 295 2634 364 APPENDIX.
3546 309 3701 374 1458

328 435 618 511 νηστείαις,
654 436 742 493 καὶ
785 449 903 500 τοῖς
961 432 1275 508 Σαϐϐάτοις,
1334 434 1421 491 καὶ
1469 445 1591 498 ταῖς
1621 423 1965 511 Νεομηνίαις,

2061 445 2293 507 eorum;
2320 437 2378 492 et
2406 430 2679 495 absoluto
2713 434 2992 496 renuntio
3026 439 3188 499 omni
3217 437 3597 501 Judaicorum
3621 441 3704 504 le-

330 528 416 583 καὶ
479 537 597 590 τοῖς
654 526 922 606 βρώμασι,
982 526 1069 583 καὶ
1139 537 1258 589 τοῖς
1318 526 1554 602 πόμασιν
1613 525 1782 582 αὖτῶν
1816 537 1831 554 ⁹
1889 521 1965 578 καῖ

2059 517 2403 594 gitimorum
2455 529 2574 581 tum
2614 522 2785 596 mori,
2816 530 2936 584 tum
2991 525 3373 591 institutoAd
3409 531 3532 590 haec
3554 549 3700 592 ana-

331 615 515 679 ἇπλῶς
558 615 930 691 ἂποτάσσομαι
991 617 1147 673 παντὶ
1201 614 1519 673 Ἰουδαϊκῶν
1593 614 1832 692 νομίμων
1888 611 1965 669 καῖ

2059 606 2320 671 themate
2349 609 2498 671 ferio
2529 620 2588 673 et
2622 610 2881 673 haereses
2915 631 3042 692 qua:
3075 617 3228 693 apud
3265 618 3504 680 Iudaeos
3528 620 3702 682 inve-

330 707 458 782 ἔθει,
519 704 610 764 καὶ
667 704 1050 782 ἐπιτηδεύματι
1077 723 1092 738 ⁸
1151 706 1239 762 καὶ
1283 705 1367 763 ἐπὶ
1436 706 1642 767 τούτοις
1700 705 1973 780 ἆναθεμα-

329 797 456 868 τίζω
498 797 593 858 τᾶς
653 796 795 874 παρᾶ
837 793 1109 860 Ἰουδαίοις
1166 795 1390 871 αἱρέσεις
1455 796 1544 853 καὶ
1587 795 1710 859 τοὺς
1768 797 1972 874 αἱρετι-

329 888 481 951 κούς·
515 883 920 960 Σαδδουκαίους,
974 885 1097 950 τοὺς
1150 884 1471 964 λεγομένους
1513 883 1768 961 δικαίους,
1822 882 1970 942 οἵτι-

332 999 417 1038 νες
447 979 508 1034 τὸ
550 982 762 1051 Πνεῦμα
805 975 864 1033 τὸ
911 974 1064 1054 ἅγιον
1119 973 1518 1056 βλασφημοῦσι,
1565 975 1653 1032 καὶ
1709 975 1808 1043 τὴν
1865 980 1970 1030 τῶν

334 1073 530 1146 νεκρῶν
573 1065 863 1124 ἀνάστασιν
914 1064 1176 1139 ἆθετοῦσι,
1208 1066 1297 1122 καὶ
1331 1065 1453 1129 τούς
1513 1063 1773 1145 ἀγγέλους
1825 1063 1968 1121 ἀπο-

331 1155 616 1215 ϐάλλονται
650 1170 665 1186 ⁸
720 1155 1066 1232 Φαρισαίους,
1113 1155 1236 1220 τοὺς
1280 1153 1703 1236 ἂφωρισμένους,
1751 1155 1804 1211 οἳ
1837 1155 1975 1212 κατᾶ

328 1245 572 1326 ὰυτὲρᾶν
638 1245 726 1302 καὶ
794 1243 1016 1322 πέμπτῃ
1097 1244 1469 1319 νηστεύοντες,
1548 1245 1635 1300 καὶ
1694 1244 1972 1323 πσρθενίαν

328 1337 416 1393 ὶπὶ
473 1336 686 1415 καιροὺς
749 1333 1071 1412 ὡριτμένους
1161 1335 1596 1416 ὑποκρινόμενοι,
1682 1333 1974 1407 μετέπειτα

328 1425 508 1482 λύουσι
567 1431 742 1481 πᾶσαν
786 1425 1130 1504 ἆγκράτειαν,
1190 1423 1458 1496 δοξάζουσι
1507 1422 1563 1480 δὲ
1620 1423 1970 1505 εἱμαρμένην,

327 1517 416 1572 καὶ
487 1521 554 1592 τῇ
623 1514 942 1595 ἀστρολογίᾳ
997 1514 1322 1596 σχολάζουσι
1359 1530 1373 1546 ⁸
1436 1514 1778 1589 Νασαραίοος,
1854 1515 1976 1578 τοὺς

329 1605 685 1686 ἀφηνιαστᾶς,
717 1608 772 1662 οἳ
829 1606 920 1662 τὸν
968 1606 1085 1682 περὶ
1134 1608 1323 1662 θυσιῶν
1356 1603 1413 1662 οὔ
1442 1601 1841 1684 παραδέχονται
1881 1611 1976 1662 τοῦ

331 1695 565 1761 Μωσέως
596 1696 784 1770 νόμον,
816 1697 903 1752 καὶ
937 1691 1018 1750 διὰ
1047 1701 1200 1752 τοῦτο
1243 1693 1505 1776 ἐμψύχων
1535 1692 1854 1774 ἀπέχονται,
1890 1687 1977 1752 καὶ

330 1784 470 1849 ὅλως
516 1788 576 1843 οὖ
637 1786 816 1841 θύουσι
853 1798 867 1814 ⁸

329 1888 564 1954 γραφαῖς
611 1872 816 1952 ἑτέραις
862 1873 1004 1952 παρᾶ
1031 1875 1122 1930 τὸν
1165 1873 1327 1950 νόμον
1373 1875 1672 1954 χρώμενοι,
1721 1874 1808 1929 καὶ
1851 1873 1972 1937 τούς

331 1963 545 2027 πλείους
603 1965 710 2021 τῶν
772 1970 1063 2044 προφητῶν
1134 1962 1585 2040 ἀποϐαλλόμενοι,
1658 1960 1974 2020 διδάσκαλον

329 2053 582 2133 αὐχοῦσιν
656 2052 958 2134 ἄνθρωπον,
1035 2051 1230 2120 Ἠλξα³ι
1290 2053 1641 2130 καλούμενον,
1723 2051 1831 2112 εἴτ’
1885 2063 1973 2113 οῦν

327 2141 550 2217 δύναμιν
609 2141 1042 2223 κεκαλυμμένην,
1113 2146 1204 2200 καὶ
1265 2145 1482 2223 Μαρθὼ,
1554 2143 1640 2200 καὶ
1687 2143 1972 2222 Μαρθάνην

326 2233 420 2296 τὰς
479 2233 583 2288 ὰπὸ
658 2243 752 2292 τοῦ
806 2232 988 2310 γένους
1037 2232 1197 2291 αὐτοῦ
1265 2232 1658 2313 καταγομένας,
1717 2234 1791 2296 ὡς
1849 2235 1974 2300 θεὰς

654 2319 1034 2403 Ἠρωὸιανοὺς,
1069 2323 1123 2380 οἵ
1163 2345 1305 2387 τινες
1338 2323 1428 2379 τὸν
1461 2321 1762 2398 ἂλλὸφυλον
1806 2323 1972 2400 βασι-

965 2410 1207 2490 Ἠρώδην
1248 2415 1339 2470 τὸν
1369 2411 1852 2492 σκωληκόϐρῶτον,
1898 2415 1972 2481 ὡς

1020 2501 1542 2578 Ἠμεροϐαπτιστᾶς,
1602 2509 1661 2559 οὖ
1717 2504 1782 2558 τὰ
1838 2503 1969 2560 αύτᾶ

328 2327 554 2395 τιμῶσιν
593 2339 607 2353 ⁸

327 2412 423 2469 λέα
478 2417 584 2469 τῶν
629 2410 916 2493 Ἰουδαίων,

331 2503 552 2580 Χριστὸν
613 2499 910 2572 δοξάζουσιν
944 2520 958 2534 ’

328 2601 638 2671 φρονοῦντες
681 2605 800 2657 τοῖς
831 2593 1165 2670 Φαρισαῖοις,
1204 2590 1572 2671 δογματίζουσι
1603 2593 1740 2650 κατᾶ
1793 2615 1968 2672 προσ·-

325 2683 497 2751 θήκην
553 2682 614 2737 τὸ
669 2682 748 2756 μὴ
807 2679 1048 2738 δύνασθαι
1101 2681 1376 2762 ἄνθρωπον
1441 2685 1698 2758 σωθῆναι,
1746 2681 1836 2738 ἐὰν
1890 2684 1968 2758 μὴ

323 2770 438 2828 καθ’
492 2771 724 2837 ’ἑκάστην
783 2770 986 2849 ἡμέραν
1046 2772 1354 2849 βαπτίζεται
1391 2787 1406 2804 ‘
1455 2777 1798 2847 Γραμματεῐς
1845 2770 1964 2840 ἤτοι

323 2857 830 2934 νομοδιδασοιάλους,
885 2859 941 2916 οἳ
1010 2862 1088 2936 μὴ
1166 2859 1408 2924 θέλοντες
1456 2861 1594 2917 κατὰ
1657 2861 1748 2917 τὸν
1803 2862 1966 2937 νόμον

320 2955 443 3026 ζῇν,
501 2948 640 3005 ἀλλὰ
690 2950 1020 3028 περισσεύειν
1067 2951 1247 3024 αὐτοῦ,
1296 2950 1493 3016 ξεστῶν
1536 2951 1624 3007 καὶ
1673 2951 1961 3034 ποτηρίων,

322 3041 410 3094 καὶ
455 3036 718 3112 πινάκων,
795 3041 883 3096 καὶ
926 3046 1033 3097 τῶν
1100 3038 1277 3096 ἄλλων
1349 3042 1550 3097 σκευῶν
1605 3042 1962 3118 βαπτισμοὺς,

2056 697 2328 778 niuntur,
2364 706 2421 759 et
2455 699 2614 779 ipsos
2636 700 2974 774 haereticos;
3005 699 3386 779 Sadducaeos,
3425 710 3526 787 qui
3553 709 3698 788 justi

2054 796 2357 864 vocantur,
2392 791 2612 869 quique
2644 788 2930 870 Spiritum
2955 801 3226 853 sanctum
3260 793 3697 876 blasphemant,

2056 885 2419 940 mortuorum
2458 879 2957 942 resurrectionem
2992 882 3353 964 inticiantur,
3388 895 3562 965 atque
3587 907 3698 949 an-

2053 965 2217 1044 gelos
2249 968 2545 1046 rejiciunt;
2568 969 3276 1051 Pharisaaos,segregatos
3307 975 3407 1054 qui
3441 977 3702 1039 secunda

2054 1063 2112 1116 et
2134 1055 2338 1136 quinta
2364 1058 2508 1119 feria
2534 1059 2828 1139 jojunant,
2864 1059 3264 1136 virginitatem
3304 1082 3410 1143 per
3461 1065 3706 1128 deﬁnita

2058 1151 2324 1225 tempora
2353 1146 2992 1228 simulant,posteaque
3027 1167 3266 1211 omnem
3302 1153 3533 1213 solvunt
3555 1169 3702 1216 con-

2058 1233 2385 1311 tinentiam,
2419 1237 2597 1298 fatum
2631 1245 2824 1298 autem
2853 1237 3262 1319 praedicant,et
3286 1249 3493 1302 vacant
3515 1251 3702 1304 astro-

2057 1321 2246 1400 logiaz;
2272 1323 2598 1396 Nazarazos,
2633 1325 3031 1402 refractarios,
3063 1328 3164 1408 qui
3197 1329 3388 1408 legem
3422 1349 3456 1391 a
3487 1333 3701 1412 Moyse

2061 1414 2132 1473 de
2156 1414 2460 1475 sacriﬁciis
2481 1415 2656 1477 latam
2692 1434 2810 1477 non
2844 1415 3449 1500 admittunt,ideoque
3479 1422 3706 1484 anima-

2061 1502 2135 1564 tis
2166 1503 2511 1577 abstinent,’
2537 1523 2648 1567 nec
2699 1506 2994 1567 ullatenus
3033 1508 3390 1589 sacriﬁcant;
3441 1510 3702 1589 Ossaaos,

2060 1596 2538 1676 procacissimos,
2573 1595 2673 1676 qui
2705 1596 2841 1658 aliia
2872 1615 2904 1657 a
2949 1597 3108 1674 Lege
3139 1598 3462 1678 Scripturis
3499 1601 3614 1675 usi,
3647 1608 3705 1662 et

2061 1685 2377 1766 plerosque
2412 1687 2831 1766 prophetarum
2864 1687 3230 1768 rejicientes,
3269 1690 3546 1768 magistro
3580 1693 3704 1769 glo-

929 1781 1232 1853 Ὀσσαίους,
1291 1785 1414 1849 τοὺς
1474 1783 1866 1859 ἰταμωτάτους,
1921 1784 1965 1840 oi

2059 1774 2286 1836 riantur
2317 1775 2580 1856 homine,
2607 1777 2704 1837 cui
2736 1794 2953 1838 nomen
2986 1778 3170 1851 Elxai,
3202 1778 3314 1839 hoc
3361 1788 3471 1860 est,
3505 1783 3704 1843 virtus

2059 1865 2618 1946 abscondita,atque
2640 1882 2708 1928 ex
2728 1883 2948 1945 genere
2982 1866 3166 1948 ipsius
3195 1875 3353 1929 ortas
3386 1869 3692 1944 mulieres,

2057 1952 2422 2016 Marthonem
2457 1964 2514 2016 et
2531 1955 2898 2018 Marthanam
2918 1957 3098 2018 veluti
3119 1957 3260 2018 deas
3279 1958 3500 2039 colunt;
3519 1959 3707 2020 Hero-

2057 2043 2287 2116 dianos,
2323 2045 2419 2123 qui
2463 2045 2854 2124 alienigenam
2891 2064 3093 2125 regem
3128 2047 3468 2110 Judzeorum
3510 2048 3702 2110 Hero-

2058 2132 2258 2207 dem,a
2284 2135 2584 2196 vermibus
2619 2153 2891 2210 exesum,
2913 2145 3188 2217 tauquam
3211 2137 3509 2200 Christum
3535 2139 3700 2199 cele-

2058 2222 2250 2303 brant;
2274 2223 2950 2306 llemerobaptistas,qui
2983 2227 3191 2288 eadem
3215 2228 3542 2289 sentientes
3564 2247 3701 2289 cum

2058 2314 2687 2395 Phariswis,pra3terea
2721 2315 2960 2389 docent,
2983 2318 3280 2378 neminem
3315 2318 3541 2379 salvum
3571 2319 3700 2379 ﬁeri

2059 2403 2374 2483 posse,nisi
2407 2403 2670 2484 quotidie
2703 2405 2853 2465 lavet
2880 2425 2891 2462 :
2919 2402 3156 2466 Scribas
3176 2423 3280 2467 seu
3315 2406 3462 2485 legis
3487 2406 3698 2470 docto-

2056 2493 2282 2571 res,qui
2311 2511 2424 2553 non
2451 2493 2894 2572 contentijuxta
2920 2495 3109 2574 legem
3137 2494 3467 2570 vivere,sed
3484 2498 3698 2558 volen-

2055 2592 2140 2643 tes
2163 2583 2329 2661 plura
2352 2583 2548 2643 facere
2574 2601 2746 2661 quam
2781 2583 2881 2644 illa
2906 2585 3273 2664 praescribat,
3310 2585 3696 2648 intinctiones

2052 2690 2390 2748 urceorum,
2425 2672 2698 2745 calicum,
2731 2671 3028 2733 discorum
3054 2692 3122 2735 ac
3153 2673 3400 2752 reliqua:
3433 2675 3698 2754 supelle-

2051 2761 2204 2824 ctilis
2237 2761 2593 2841 excogitant,
2619 2761 2916 2842 simulque
2948 2781 3155 2823 manus
3178 2763 3520 2842 frequenter
3546 2764 3701 2826 lava-

2053 2871 2140 2926 re,
2165 2863 2376 2912 etvasa
2411 2850 2679 2931 abluere,
2715 2861 2894 2927 atque
2928 2852 3172 2914 omnino
3209 2853 3411 2914 multis
3436 2855 3696 2914 traditio-

2051 2943 2225 3003 nibus
2248 2941 2368 3002 suis
2393 2941 2465 3001 ad
2501 2941 2692 3017 legem
2727 2939 2967 3013 additis,
3002 2959 3103 3003 eas
3151 2941 3696 3022 appellantDeute-

2052 3031 2415 3112 roses,quasi
2446 3030 2739 3092 secundas
2770 3030 2879 3094 Dei
2910 3030 3331 3113 legislationes;
3361 3040 3415 3093 et
3443 3034 3692 3113 primam

325 3129 410 3185 καὶ
443 3136 626 3207 πυγμῇ
661 3149 675 3162 ο
709 3130 802 3193 τὰς
836 3141 1033 3210 χεῖρας
1066 3129 1268 3187 νίπτειν
1300 3131 1388 3186 καὶ
1417 3131 1482 3186 τὰ
1542 3131 1707 3199 σκεύη
1751 3131 1965 3190 πλύνειν

2052 3123 2289 3202 quidem
2327 3123 2471 3184 falso
2491 3119 2844 3182 referuntad
2868 3122 3152 3201 Moysem,
3173 3122 3500 3183 settundam
3543 3141 3688 3184 vero

322 3217 615 3296 ἐπινοοῦσι,
676 3220 761 3275 καὶ
818 3218 1003 3282 ἁπλῶς
1062 3218 1266 3283 πολλὰς
1318 3217 1638 3299 παραδόσεις
1703 3219 1834 3287 ἰδίας
1889 3229 1968 3298 τῷ

321 3309 470 3382 νόμῳ
525 3309 913 3389 προστιθέντες,
975 3309 1330 3386 Δευτερώσεις
1415 3309 1610 3374 ταύτας
1683 3309 1961 3394 καλοῦσιν,

320 3398 439 3454 οἷον
471 3396 714 3476 δευτέρας
771 3406 903 3456 Θεοῦ
959 3399 1292 3476 νομοθεσίας,
1352 3400 1441 3456 καὶ
1488 3399 1588 3466 τὴν
1619 3398 1717 3474 μέν
1746 3401 1964 3478 πρώτην

319 3485 524 3560 ψευδῶς
555 3487 902 3565 ἀναφέρουσιν
952 3489 1026 3550 είς
1067 3490 1162 3544 τὸν
1207 3487 1422 3562 Μωσέα,
1468 3488 1568 3556 τὴν
1611 3487 1664 3546 δε
1721 3489 1964 3571 δευτέραν

320 3577 390 3641 εἷς
447 3577 536 3631 τὸν
596 3573 775 3634 Ῥαϐϐἶ
832 3575 1082 3652 Ἀκιόἆν,
1137 3579 1236 3646 τὴν
1289 3575 1340 3633 δὲ
1395 3578 1579 3656 τρίτην
1640 3580 1714 3645 είς
1775 3577 1966 3640 Ἀννᾶν

317 3667 409 3720 τὸν
471 3666 558 3721 καὶ
623 3663 846 3747 ⁹ἰούδαν,
879 3667 980 3734 τὴν
1009 3665 1064 3724 δὲ
1112 3667 1371 3747 τετάρτην
1418 3669 1492 3732 εἰς
1531 3669 1653 3734 τοὺς
1687 3680 1964 3748 Νασαμω-

317 3755 464 3812 ναίον
496 3753 616 3836 (68)
649 3757 816 3828 υἱοὺςι
851 3755 907 3812 οῗ
952 3779 1098 3820 τινες
1157 3759 1245 3816 καὶ
1295 3780 1356 3814 το
1414 3755 1685 3816 Σάϐϐατον
1743 3759 1798 3816 ἐν
1842 3775 1962 3827 τοῖς

317 3842 582 3919 πολέμοις
630 3845 919 3913 ἠθέτησαν.
991 3847 1196 3910 Ταύτας
1256 3849 1344 3903 οὗν
1409 3847 1809 3924 ἀναθεματίζων
1867 3853 1961 3916 τὰς

318 3930 612 3996 Ἰουδαϊκὰς
699 3935 872 3997 πάσας
946 3935 1196 4014 αἱρέσεις,
1260 3937 1344 3993 κοὶ
1411 3937 1531 4002 τοὺς
1588 3939 1960 4020 αίρεσιάρχας,

317 4022 406 4077 καὶ
461 4022 552 4084 τὰς
617 4024 989 4100 Δευτερώσεις,
1038 4025 1125 4080 καὶ
1175 4025 1298 4089 τοὺς
1362 4027 1722 4106 Δευτερωτὰς,
1770 4028 1963 4086 ἀναθε-

317 4111 520 4185 ματίζω
574 4113 710 4187 μετὰ
765 4114 963 4169 τούτων
1016 4114 1105 4171 καὶ
1163 4114 1287 4179 τοὺς
1331 4114 1430 4182 τὴν
1465 4115 1654 4192 ἑορτὴν
1684 4115 1966 4184 τελοῦντας

2053 3215 2122 3273 ad
2158 3212 2345 3274 Rabbi
2367 3211 2645 3287 Akibam,
2683 3211 2915 3272 tertiam
2948 3211 3019 3272 ad
3045 3211 3273 3272 Annam
3299 3211 3398 3292 qui
3423 3219 3480 3273 et
3507 3211 3693 3274 Judas

2052 3302 2292 3378 dicitur,
2327 3310 2590 3384 quartam
2637 3309 2834 3363 autem
2884 3301 2956 3362 ad
2999 3300 3336 3364 Asamonaei
3367 3302 3545 3376 filios,
3592 3303 3695 3382 qui

2051 3393 2226 3456 etiam
2279 3392 2597 3454 Sabbatum
2649 3390 2708 3452 in
2760 3391 2976 3471 prmliis
3051 3391 3362 3453 violarunt.
3398 3389 3517 3454 Has
3547 3410 3684 3471 ergo

2047 3483 2548 3545 anathematizans
2570 3481 2846 3544 Judaicas
2878 3500 3085 3544 omnes
3117 3483 3375 3544 hazreses
3405 3490 3461 3543 et
3495 3482 3690 3544 haere-

2047 3572 2606 3652 siarchas,itemque
2631 3569 2986 3633 Deuteroses
3011 3591 3146 3633 cum
3165 3571 3691 3643 Deuterolis,ama-

2047 3662 2359 3722 thematizo
2409 3679 2541 3721 cum
2593 3661 2710 3721 illis
2762 3661 2936 3723 etiam
2971 3680 3075 3723 eos
3106 3662 3206 3742 qui
3239 3663 3450 3722 festum
3502 3662 3692 3723 vocati

2048 3752 2396 3812 Mardochaai
2429 3750 2828 3812 celedrantad
2865 3750 3126 3824 primum
3158 3750 3478 3813 Sabbatum
3513 3750 3688 3814 Chri-

2045 3841 2218 3903 stiani
2242 3840 2482 3921 jejunii;
2512 3849 2568 3900 et
2601 3841 2800 3920 utique
2833 3841 2990 3920 ligno
3017 3843 3308 3904 Amanem
3343 3841 3522 3902 clavis
3552 3841 3686 3903 affi-

2047 3945 2214 4009 gunl,
2249 3932 2467 3993 deinde
2507 3931 2562 3992 ei
2616 3934 2866 3992 miscent
2915 3933 3110 3992 crucis
3159 3927 3419 4010 signum,
3455 3950 3694 4012 unaque

2049 4021 2430 4102 comburunt,
2463 4039 2532 4083 ac
2562 4021 2756 4082 omnis
2788 4040 2957 4100 geuen
2981 4023 3029 4082 is
3079 4021 3611 4102 imprecationibus
3637 4029 3696 4083 et

2049 4111 2411 4175 anathemati
2443 4108 2808 4173 Christianos
2839 4109 3184 4190 subjiciunt.

317 4209 409 4259 τοῦ
449 4199 740 4278 λέγομένου
787 4200 1125 4283 Μαρδοχαίου
1156 4204 1291 4260 κατὰ
1319 4203 1380 4260 τὸ
1415 4209 1624 4284 πρῶτον
1671 4205 1944 4266 Σάϐϐατον
2001 4215 2107 4266 τῶν
2155 4209 2536 4275 Χριστιανικῶν
2586 4203 2843 4267 νηστειῶν
2876 4204 2959 4257 καὶ
3011 4200 3146 4274 Ξύλνρ
3190 4199 3342 4266 δῆθεν
3395 4203 3486 4256 τὸν
3517 4201 3688 4275 ’.ιμᾶν

315 4289 736 4365 ποοσηλοῦντας,
765 4291 889 4348 εἶτα
930 4292 1215 4370 μιγνύντας
1247 4293 1388 4368 αύτῷ
1418 4294 1480 4349 τὸ
1511 4303 1731 4368 σταυροῦ
1762 4311 2018 4374 σημεῖον,
2050 4298 2138 4354 καὶ
2175 4289 2678 4372 συγκαταταίοντας,
2714 4290 2872 4367 ἀραῖς
2904 4312 2958 4344 τε
2993 4292 3261 4354 παντοίαις
3284 4292 3370 4344 καὶ
3402 4287 3689 4363 ἀναθέματι

313 4380 433 4444 τοὺς
479 4381 820 4455 Χριστιανοὺς
849 4378 1266 4447 ὑποϐάλλοντας.

393 4468 792 4544 ’Λναθεματίζω
835 4470 967 4548 πρὸς
1026 4482 1145 4534 τοῖς
1198 4469 1474 4537 παλαιοῖς,
1541 4469 2022 4555 Ἀρχιραϐὄίταςῐ)

311 4560 392 4614 κοὶ
422 4558 542 4621 τοὺς
589 4557 742 4614 νέουσ
796 4564 902 4614 τῶν
943 4555 1209 4617 Ἰουδαίων
1267 4557 1777 4642 κακοδιδασκάλους,
1840 4561 1954 4620 Λά-

310 4649 466 4726 ζαρὸν
524 4671 684 4727 φημι,
733 4649 825 4703 τὸν
882 4648 981 4715 τὴν
1037 4647 1266 4724 ἄθεσμον
1323 4651 1516 4727 ἑορτὴν
1546 4649 1820 4730 ἓξευρόντα
1859 4653 1956 4721 τῆς

311 4736 611 4814 λεγομένης
656 4735 781 4815 παρ’
816 4741 997 4800 αὺτοῖς
1033 4736 1431 4817 Μονοποδαρίας
1464 4739 1616 4819 (69),
1649 4743 1739 4798 καὶ
1769 4741 1956 4799 Ἠλίαν

310 4829 402 4883 τὸν
456 4826 653 4884 ἐκείνου
701 4828 839 4884 κατὰ
886 4827 985 4894 τὴν
1028 4825 1333 4886 δυσσέϐειαν
1380 4832 1474 4886 οὒκ
1518 4830 1800 4908 ἐλάττονα,
1851 4841 1956 4888 Βε-

311 4917 484 4991 νιαμίν
513 4937 570 4972 τε
602 4917 687 4972 καὶ
719 4914 1026 4996 Ζεϐεδαῖον,
1086 4917 1173 4973 καὶ
1209 4914 1529 4998 Ἀϐράμιον,
1589 4922 1678 4977 καὶ
1728 4919 1951 4997 Συμϐα-

309 5029 446 5081 τιον,
485 5007 572 5062 καὶ
617 5007 737 5070 τοὺς
769 5005 1012 5071 λοιπούς.
1060 5006 1157 5064 Καὶ
1207 5006 1291 5063 ἐπὶ
1348 5014 1476 5064 πᾶσι
1508 5009 1721 5075 τούτοις
1755 5009 1952 5068 ἀναθε-

309 5099 536 5170 ματίζω,
589 5097 678 5152 καὶ
733 5097 1206 5172 καταναθεματίζω
1263 5098 1356 5152 τὸν
1426 5099 1568 5178 παρὰ
1649 5105 1755 5155 τῶν
1813 5099 1952 5158 ἰου-

308 5186 469 5243 δαίων
513 5185 958 5266 προσδοκώμενον
999 5187 1069 5252 ὡς
1121 5189 1344 5264 Χριστὸν
1396 5188 1697 5247 ἐλεύσεσθαι
1731 5193 1949 5273 Μεσίαν,

309 5276 415 5332 εἴτ’
474 5283 562 5333 οὖν
619 5275 942 5352 εἰλημμένον
1003 5274 1146 5357 (70),
1185 5276 1390 5352 μᾶλλον
1447 5276 1500 5334 δὲ
1556 5276 1947 5362 Ἀντίχριστον·

308 5366 396 5422 καὶ
447 5364 882 5442 ἂποτασσόμενος
955 5367 1098 5441 αὖτῴ
1169 5366 1526 5444 συντάσσομαι
1585 5376 1662 5445 τῷ
1717 5371 1954 5447 ἀληθινῷ

389 5557 518 5636 (68)
567 5569 781 5633 Νασαμ.
817 5559 952 5636 Leg.
992 5559 1192 5634 Ἀσαμ.
1225 5558 1448 5623 COTEL.

395 5635 512 5717 (69)
558 5637 824 5699 Μονοποδ.
861 5635 1040 5702 Forte
1071 5638 1227 5721 quod
1251 5658 1431 5722 super
1454 5656 1572 5703 uno
1595 5640 1747 5723 pede
1774 5641 1958 5705 salta-

2122 4475 2191 4535 ll.
2223 4467 2668 4533 Anathematizo
2704 4476 2918 4548 prazter
2948 4476 3205 4541 veteres,
3244 4463 3688 4528 Archirahbitas

2040 4580 2274 4646 quoque
2305 4571 2360 4623 et
2397 4576 2582 4620 novos
2604 4557 2942 4621 Judazorum
2975 4557 3159 4646 malos
3181 4555 3690 4646 doctores;il.aza-_-

2039 4644 2199 4727 rum,
2224 4651 2487 4731 inquam,
2526 4647 2894 4710 inventorem
2932 4645 3141 4707 nefarii
3176 4645 3307 4706 festi
3339 4645 3496 4722 quod
3531 4644 3688 4725 apud

2039 4744 2170 4805 illos
2219 4739 2553 4820 appellatur
2582 4736 3008 4816 Mouopodaria
3042 4756 3056 4808 ;
3092 4735 3230 4795 item
3265 4733 3449 4795 Eliam
3486 4734 3570 4794 illi
3628 4735 3686 4794 in

2040 4831 2344 4905 impietate
2378 4827 2716 4889 nullatenus
2739 4825 3094 4898 cedentem;
3124 4823 3544 4904 Benjaminum
3581 4843 3687 4904 pa-

2039 4923 2185 4983 riter
2207 4940 2273 4981 ac
2297 4915 2669 4988 Zebedaaum,
2708 4913 3080 4993 Abramium,
3117 4912 3511 4992 Symbatium,
3549 4913 3688 4974 reli-

2036 5028 2326 5092 quosque.
2363 5006 2448 5068 Ad
2483 5006 2608 5066 hazc
2640 5005 2838 5065 omnia
2855 5004 3171 5066 anathema
3189 5013 3250 5066 et
3281 5003 3690 5064 catanathema

2038 5098 2350 5182 pronuntio
2380 5097 2440 5157 in
2471 5114 2606 5156 eum
2641 5093 2740 5174 qui
2772 5113 2804 5154 a
2830 5094 3046 5156 Iudicis
3079 5103 3381 5167 venturus,
3418 5102 3481 5182 ut
3509 5092 3686 5155 Chri—

2037 5181 2165 5253 Stus
2189 5193 2584 5268 exspectatur,
2621 5183 2890 5246 Messiam
2917 5202 3019 5244 seu
3047 5191 3314 5262 unctum,
3337 5181 3518 5260 magis
3550 5199 3688 5241 vero

2039 5278 2513 5343 Anti-Christum
2546 5295 2558 5335 :
2595 5284 2652 5336 et
2693 5275 3046 5336 renuntians
3096 5273 3170 5345 ei,
3215 5291 3308 5333 me
3342 5272 3581 5333 confero
3607 5279 3678 5332 ad

2036 5387 2240 5434 verum
2275 5365 2590 5442 solumque
2620 5363 2920 5426 Christum
2952 5381 3020 5424 ac
3052 5361 3466 5426 Deum.Credo
3501 5362 3559 5421 in
3580 5363 3690 5423 Pa-

2040 5571 2191 5624 rent.
2237 5557 2339 5620 Vel
2377 5575 2410 5618 a
2443 5556 2668 5618 mensis
2703 5553 3102 5634 monopodiis.
3139 5555 3226 5618 lu.

2123 5643 2236 5717 (70,
2274 5636 2631 5713 Εὶλημμένον,
2670 5637 2809 5716 [οε.
2843 5634 3184 5712 ἧλειμμένον.
3223 5637 3306 5699 ID.
