4058 6206
385 207 543 273 1459

1153 278 1157 283 ,
1217 205 1277 267 s.
1324 202 1758 269 CLEMENTIS
1797 205 1821 264 1
1865 202 2051 267 non.

2097 199 2323 266 PONT.
2369 200 2621 266 OPERA
2664 200 2923 266 DUBIA.
3608 203 3777 269 1460

383 353 560 421 trem,
592 341 809 406 Filium
837 348 895 404 et
923 339 1213 421 Spiritum
1242 346 1539 413 sanctum,
1574 346 2018 419 sanctam,con-

2109 338 2187 395 xxi
2217 336 2366 413 μόνῳ
2408 342 2619 415 Χριστῷ
2676 336 2763 393 καὶ
2822 342 2963 411 Θεῷ.
3025 337 3125 395 Kdi
3154 338 3393 395 πιστεύω
3424 342 3496 405 εἰς
3539 342 3756 416 Πατέρα

382 432 834 498 substantialem
868 438 926 493 et
954 428 1317 507 individuam
1348 427 2027 492 Trinitatem.Conﬁteor

382 523 857 587 Incarnationem
890 527 948 581 et
975 518 1046 581 ad
1082 519 1356 580 homines
1412 518 1734 580 adventum
1790 518 1963 579 unius
1994 536 2027 580 e

386 622 588 675 sancta
645 610 956 689 Trinitate,
990 607 1217 670 scilicet
1258 606 1393 669 Filii
1426 606 1719 686 unigeniti
1748 626 1816 669 ac
1846 605 2024 670 Verbi

386 703 518 778 Dei,
552 720 586 763 a
617 704 787 763 Patre
814 709 951 761 ante
980 697 1185 761 omnia
1213 696 1429 759 saecula
1473 696 1678 776 geniti,
1714 715 1818 776 per
1846 715 2023 775 quem

386 790 589 853 omnia
617 790 769 852 facta
796 798 934 850 sunt
967 806 982 863 ;
1016 805 1152 849 eum
1185 784 1368 848 credo
1399 804 1531 847 esse
1562 785 1833 848 Messian:
1870 787 2027 866 quia

384 881 541 959 Lege
559 888 618 942 et
630 877 937 960 prophetis
968 876 1283 957 praedictus
1314 874 1443 949 fuit;
1476 884 1824 956 certumque
1837 875 2025 937 habeo

384 971 541 1051 quod
565 971 690 1050 jam
723 970 783 1029 in
818 978 1036 1029 terram
1071 965 1297 1028 venerit
1329 973 1572 1047 propter
1586 966 1832 1027 humani
1850 983 2027 1044 gene-

383 1060 467 1122 ris
498 1059 776 1133 salutem;
800 1057 957 1137 quod
982 1074 1117 1118 vere
1147 1055 1339 1117 factus
1370 1055 1446 1117 sit
1476 1056 1804 1131 homo,nec
1830 1063 2026 1116 tamen

385 1168 421 1211 a
450 1150 689 1230 propria
740 1146 1043 1209 divinitate
1088 1144 1436 1226 excesserit;
1487 1144 1643 1225 quod
1677 1145 1832 1206 idem
1889 1163 2026 1206 vere

380 1238 539 1301 Deus
570 1240 667 1310 sit,
700 1256 770 1299 ac
801 1255 937 1298 vere
968 1234 1402 1315 homo,absque
1437 1234 2019 1308 confusionc,muta-

384 1328 550 1392 tione
581 1336 639 1389 et
664 1326 1039 1399 alteratione,
1071 1324 1131 1385 in
1167 1343 1288 1385 una
1306 1341 1565 1405 persona
1590 1332 1649 1385 et
1671 1323 1898 1385 duabus
1914 1342 2020 1385 na-

382 1417 557 1493 turis;
588 1416 870 1497 quodque
932 1422 1142 1494 sponte
1190 1422 1403 1475 cuncta
1460 1430 1667 1493 passus
1713 1413 1912 1488 fuerit,
1962 1422 2021 1475 et

383 1524 562 1570 carne
574 1503 1227 1580 cruciﬁxus,divinitate
1242 1503 1319 1563 im
1329 1502 1589 1582 passibili
1605 1513 2014 1584 permanente,

2107 428 2195 483 xxi
2227 426 2344 483 rtbv
2368 427 2455 483 καὶ
2505 425 2658 504 ἅγιον
2719 431 2955 506 Πνεῦμα,
3014 425 3113 495 τὴν
3142 427 3297 505 ἁγίαν
3348 429 3438 485 καὶ
3467 430 3762 505 ὁμοούσιον

2107 518 2193 574 καὶ
2236 515 2537 596 ἀχώριστον
2586 513 2803 595 Τριάδα.
2852 513 2955 577 Καὶ
3006 516 3103 583 τὴν
3162 514 3475 596 ’Ἔνσαρκον
3539 522 3764 576 οἰκονο-

2109 606 2258 681 μίαν,
2306 606 2392 660 καὶ
2450 606 2580 683 πρὸς
2625 603 2931 684 ἀνθρώπους
2990 604 3276 681 ὶπιδημίαν
3320 606 3605 687 ὁμολογῶν
3662 617 3763 667 τοῦ

2108 696 2206 764 τῆς
2250 693 2402 771 ἁγίας
2475 691 2694 772 Τριάδος
2756 694 2895 771 ἑνὸς,
2957 701 3048 751 τοῦ
3115 706 3436 774 μονογενοῦς
3495 698 3619 755 Υίοῦ
3673 701 3766 755 καὶ

2110 784 2282 861 Λόγου
2323 790 2416 842 τοῦ
2465 788 2619 859 Θεοῦ,
2678 789 2771 840 τοῦ
2827 782 2887 839 ix
2949 785 3154 863 [ἰατρὸς
3212 787 3314 860 πρὸ
3372 787 3589 843 πάντων
3650 794 3763 845 τῶν

2110 872 2314 929 αἰώνων
2344 870 2711 953 γεννηθέντος,
2757 869 2823 929 δι’
2868 879 2928 931 οῦ
2970 874 3036 929 τὰ
3078 871 3251 931 πάντα
3298 872 3537 954 ἰγένετο,
3597 877 3768 935 αύτὸν

2109 962 2370 1041 ὑπάρχειν
2425 962 2659 1019 πιστεύω
2733 963 2827 1020 τὸν
2894 963 3037 1042 παρὰ
3106 972 3198 1023 τοῦ
3273 966 3438 1039 νόμου
3502 967 3592 1023 καὶ
3651 971 3765 1024 τῶν

2110 1056 2399 1130 προφητῶν
2445 1052 2887 1132 προκηρυχθέντα
2931 1054 3126 1108 Μεαίαν
3155 1068 3170 1083 ⁸
3232 1055 3291 1109 ὃν
3321 1056 3408 1111 καὶ
3436 1053 3541 1122 ἤδη
3577 1054 3758 1113 ἐλθειν

2108 1138 2194 1197 ἐπὶ
2237 1144 2340 1219 γῆς
2396 1144 2863 1220 πληροφοροῦμαι,
2915 1138 3000 1199 διὰ
3041 1140 3143 1209 τὴν
3187 1143 3454 1213 σωτηρίαν
3497 1152 3591 1202 τοῦ
3652 1146 3758 1201 ἆν-

2105 1229 2365 1308 θρῶπίνου
2406 1230 2616 1308 γένους,
2675 1232 2763 1288 καὶ
2828 1229 3069 1309 γενέσθαι
3151 1234 3288 1289 κατά
3334 1231 3595 1299 ἀλήθειαν
3654 1234 3763 1289 ἅν-

2105 1322 2339 1395 θρωπον,
2392 1321 2470 1397 μὴ
2500 1320 2760 1376 ἱκστάντα
2802 1324 2904 1387 τῆς
2960 1321 3155 1388 οἰκείας
3196 1323 3477 1399 θεότητυς,
3539 1325 3628 1380 καὶ
3679 1326 3769 1381 εἶ-

2102 1430 2184 1465 ναι
2229 1410 2319 1466 τὸν
2363 1408 2521 1466 αῦτὸν
2566 1411 2695 1466 Θεὸν
2750 1407 2989 1484 ἀληθῶς,
3024 1412 3111 1468 καὶ
3169 1410 3443 1490 ἄνθρωπον
3504 1412 3761 1494 ἀληθῶς,

2099 1496 2445 1579 ἀσυγχύτως,
2477 1498 2752 1578 ἀτρέπτως
2787 1500 2875 1555 xxi
2902 1498 3307 1575 ἄναλλοιώτως,
3368 1501 3424 1557 ὲν
3468 1503 3765 1563 δποστάσει

383 1595 651 1676 sepultus
682 1594 952 1665 fuerit,ac
983 1594 1157 1654 tertia
1186 1592 1283 1654 die
1313 1592 1703 1666 resurexerit,
1730 1601 1932 1673 postea
1956 1594 2017 1654 in

2109 1594 2194 1659 αιᾷ
2235 1590 2321 1645 xxi
2350 1587 2461 1645 δυσὶ
2513 1590 2747 1668 φύσεσιν,
2809 1588 3061 1654 ἑκουσίως
3091 1612 3148 1646 τε
3194 1591 3366 1647 πάντα
3399 1595 3619 1672 παθεῖν,
3656 1598 3759 1652 xxi

383 1684 599 1748 caelum
621 1683 1388 1762 ascenderit,venturusque
1409 1683 1483 1742 sit
1501 1681 1561 1742 in
1593 1682 1800 1762 gloria,
1834 1691 1897 1744 ut
1920 1683 2020 1763 ju-
2044 1721 2080 1770 Β

384 1774 543 1836 dicet
575 1775 729 1835 vivos
757 1783 817 1835 et
839 1771 1324 1836 mortuos.Credo
1346 1790 1413 1832 ac
1440 1772 2019 1852 proﬁteor,sanctam

381 1863 679 1943 virginem
711 1866 977 1932 Mariam,
1012 1880 1144 1941 quae
1191 1860 1522 1923 secundum
1577 1878 1817 1922 carnem
1852 1862 2018 1923 illum

384 1954 701 2034 peperit,et
720 1957 853 2031 post
874 1958 1103 2031 partum
1124 1952 1277 2028 virgo
1300 1950 1791 2031 permansit,vere
1809 1969 1876 2011 ac
1891 1970 2022 2030 pro-

385 2043 513 2123 prie
545 2060 675 2104 esse
701 2041 810 2103 Dei
839 2041 1218 2120 genitricem,
1257 2058 1507 2121 eamque
1528 2058 1780 2101 veneror
1808 2049 1867 2101 et
1906 2041 2018 2101 lio-

382 2152 530 2195 noro
562 2141 839 2213 tanquam
871 2150 1007 2193 vere
1039 2131 1409 2194 matremDei
1439 2130 2023 2211 incarnati,ideoque

383 2221 686 2285 dominam
718 2230 776 2283 et
797 2222 1078 2283 heramin
1103 2221 1292 2300 gratia
1323 2220 1535 2281 factam
1554 2220 1843 2282 universae
1860 2239 2022 2282 crea-

382 2320 555 2373 turae.
586 2309 798 2372 Adhuc
829 2327 1039 2391 panem
1071 2318 1128 2370 et
1157 2309 1384 2383 vinum,
1418 2327 1552 2389 qua;
1606 2309 1760 2389 apud
1814 2308 2022 2371 Cbris»

383 2401 575 2462 tianos
605 2401 849 2479 mystice
866 2398 1819 2479 consecrantur,quemadmodum
1854 2400 1914 2461 in
1934 2400 2015 2462 di-

385 2488 537 2550 vinis
564 2488 751 2552 sacris
782 2496 1264 2568 sumunt,certus
1303 2506 1459 2569 sum,
1490 2488 1806 2562 conﬁteor,
1841 2492 2020 2552 credo

386 2596 519 2639 esse
575 2595 783 2640 revera
829 2596 1046 2657 corpus
1099 2585 1157 2638 et
1203 2578 1552 2657 sanguinem
1608 2576 1840 2638 Domini
1882 2580 2021 2641 Jesu

386 2668 630 2749 Christi,
662 2675 1049 2729 transmutata
1080 2684 1187 2747 per
1214 2666 1471 2728 divinam
1518 2666 1676 2727 illius
1703 2670 2022 2743 potentiam

384 2755 871 2820 intellectualiter
898 2765 958 2819 et
987 2756 1373 2819 invisibiliter
1422 2773 1602 2837 super
1640 2774 1877 2817 omnem
1915 2777 2023 2818 ua-

385 2846 636 2908 turalem
667 2847 1112 2927 cogitationem,
1143 2846 1652 2927 quemadmodum
1704 2845 1866 2907 solus
1899 2848 2025 2926 ipse

385 2936 569 3009 novit;
624 2935 828 3017 sicque
858 2955 964 3015 ego
996 2936 1206 2998 horum
1259 2934 1606 3015 participem
1641 2952 1736 2995 me
1765 2934 1891 2997 fore
1920 2954 2022 2997 as-

2103 1679 2467 1756 σταυρωθῆναι
2498 1681 2675 1757 σαρκί,
2729 1682 2828 1746 τῆς
2875 1679 3128 1746 θεότητος
3172 1679 3406 1743 ἀπαθοῦς
3456 1682 3749 1763 μεινάσης,

2102 1767 2189 1823 καὶ
2230 1772 2484 1848 ταφῇναι,
2541 1769 2626 1824 καὶ
2676 1770 2962 1847 τριήμερον
2997 1767 3313 1847 ἀναστῆναι,
3350 1772 3439 1826 καὶ
3472 1764 3562 1836 είς⁶
3579 1775 3762 1850 οὖρα-

2102 1856 2218 1922 νοὺς
2246 1854 2641 1932 ἀναληφθῆναι,
2699 1858 2785 1914 καὶ
2842 1856 2984 1925 ἥξειν
3017 1858 3071 1913 ἐν
3100 1856 3227 1933 δόξῃ
3260 1858 3531 1934 μέλλοντα
3561 1874 3756 1937 κρῖναι

2102 1948 2301 2016 ζῶντας
2358 1946 2446 2002 xxi
2503 1946 2714 2024 νεκρούς
2748 1961 2762 1976 ⁸
2803 1948 2891 2003 καὶ
2929 1947 3022 2015 τὴν
3051 1947 3189 2005 κατὰ
3237 1947 3409 2025 σάρκα
3439 1958 3622 2007 τοῦτον
3655 1971 3751 2005 τε-

2104 2055 2298 2091 κουσαν
2346 2035 2502 2114 ἁγίαν
2570 2034 2825 2114 παρθένον
2883 2037 3108 2116 Μαρίαν,
3171 2037 3256 2093 καὶ
3313 2038 3567 2113 μείνασαν
3620 2041 3760 2115 με·εᾶ⁵

2104 2125 2260 2180 τόκον
2304 2124 2583 2203 παρθένον,
2642 2125 2829 2202 κυρίως
2909 2126 2994 2183 καὶ
3066 2124 3277 2193 ἀληθῶς
3341 2127 3607 2184 Θεοτόκον
3669 2131 3761 2185 xxi

2105 2214 2336 2271 πιστεύω
2392 2215 2479 2271 καὶ
2544 2213 2712 2294 λέγω,
2772 2215 2860 2270 καὶ
2913 2216 2986 2279 ὡς
3045 2216 3179 2272 κατὰ
3231 2214 3487 2283 ἀλήθειαν
3544 2218 3759 2296 μητέρα

2106 2314 2233 2365 Θεοῦ
2260 2308 2762 2385 ὲνανθρωπήσαντος
2817 2309 2903 2363 καὶ
2934 2305 3020 2364 διὰ
3062 2314 3219 2365 τοῦτο
3272 2310 3450 2386 κυρίαν
3512 2312 3603 2366 xxi
3658 2309 3751 2367 δέ-

2102 2418 2323 2453 σποιναν
2370 2395 2423 2452 ἐν
2464 2396 2645 2476 χάριτι
2703 2396 3070 2475 γεγενημένην
3137 2398 3318 2464 πάσης
3359 2403 3459 2466 τῆς
3522 2399 3753 2462 κτίσεως

2106 2490 2382 2565 προσκυνῶ
2432 2487 2521 2542 καὶ
2564 2486 2730 2561 τιμῶ.
2778 2485 2881 2545 Καί
2928 2487 3021 2542 τὸν
3061 2488 3205 2565 παρά
3247 2495 3594 2566 Χριστιανοὶς
3650 2514 3760 2566 μυ-

2106 2581 2301 2639 στικῶς
2354 2576 2783 2655 ίερουργούμενον
2834 2574 2989 2655 ἄρτον
3034 2578 3121 2633 καὶ
3172 2579 3263 2633 τὸν
3322 2578 3501 2657 οἶνον,
3565 2580 3645 2641 ὡς
3702 2580 3758 2636 ὲν

2110 2677 2229 2729 ταῖς
2254 2664 2413 2731 θείαις
2472 2664 2715 2730 τελεταις
2765 2663 3255 2742 μεταλαμϐάνουσι,
3319 2668 3606 2743 πείθομαι,
3668 2673 3763 2728 καὶ

2108 2753 2387 2832 ὁμολογῶ,
2411 2755 2499 2811 καὶ
2547 2755 2801 2830 πιστεύω,
2841 2754 2997 2830 σῶμα
3026 2756 3112 2813 καὶ
3144 2760 3283 2832 αἷμα
3313 2758 3453 2813 κατά
3499 2757 3756 2827 ἀλήθειαν

2106 2844 2247 2900 εἶναι
2276 2850 2369 2901 τοῦ
2421 2844 2607 2922 Κυρίου
2657 2842 2837 2911 Ἰησοῦ
2872 2851 3121 2924 Χριστοῦ,
3184 2844 3628 2923 μεταϐαλλόμενα
3682 2856 3755 2924 τῇ

2103 2934 2302 2989 ἱκείνου
2328 2933 2485 3010 θεϊκῇ
2541 2932 2755 3009 δυνάμει
2816 2941 3010 3012 νοερῶς
3066 2956 3125 2990 τε
3170 2937 3258 2991 xxi
3316 2936 3558 3012 ἀοράτως
3621 2938 3757 3014 ὑπὲρ

385 3025 633 3101 sentior,
658 3036 721 3087 ut
753 3043 891 3087 vere
920 3044 988 3086 ac
1023 3044 1233 3106 reapse
1266 3027 1458 3087 carnis
1510 3032 1568 3084 et
1610 3022 1913 3104 sanguinis
1947 3025 2020 3087 il-

2109 3028 2276 3080 πᾶσαν
2320 3024 2545 3102 φυσικὴν
2610 3022 2836 3099 ἔννοιαν,
2904 3025 2977 3087 ὡς
3036 3021 3148 3080 οἶδε
3208 3023 3370 3100 μόνος
3429 3027 3616 3091 αὐτός·
3664 3032 3760 3085 καὶ

386 3113 527 3194 lius,
555 3122 613 3175 et
640 3114 702 3175 in
732 3116 1101 3178 sanctitatem
1133 3115 1347 3176 animai
1379 3122 1437 3175 et
1464 3113 1757 3192 corporis,
1805 3116 2015 3176 vitam--

386 3221 502 3283 que
531 3207 843 3285 aaternam,
875 3222 943 3265 ac
973 3222 1218 3284 regnum
1252 3203 1535 3265 ccelorum
1568 3210 1749 3279 atque
1773 3203 2024 3265 haeredi-

387 3301 566 3355 tatem
597 3311 800 3355 eorum
833 3294 933 3372 qui
964 3300 1226 3373 sumunt,
1266 3294 1315 3353 si
1348 3292 1407 3353 in
1434 3291 1550 3353 ﬁde
1575 3291 1835 3371 perfecta
1865 3312 2023 3355 com-

386 3382 716 3443 municent.
750 3384 1031 3445 Sanctum
1066 3391 1355 3463 praeterea
1376 3380 1593 3444 Christi
1630 3381 2021 3461 baptisma,ex

386 3490 535 3552 puro
564 3472 944 3553 candidoque
972 3474 1170 3533 animo
1201 3479 1262 3533 et
1295 3471 1497 3551 corde,
1533 3471 1769 3552 ﬁdeque
1793 3470 2026 3534 sincera

383 3560 659 3641 accipere
690 3563 911 3640 ﬂagito,
946 3562 1124 3642 plene
1172 3580 1493 3641 persuasus
1544 3560 1692 3624 illud
1726 3579 1865 3622 vero
1896 3580 2027 3624 esse

383 3648 794 3712 lustrationem
833 3670 963 3732 quae
1006 3658 1203 3713 mente
1236 3652 1583 3731 percipitur,
1624 3659 1682 3711 et
1710 3667 2029 3728 regenera-

386 3739 607 3802 tionem
632 3741 848 3803 animaa
880 3750 940 3804 et
969 3740 1260 3822 corporis.

469 3998 569 4063 IlI.
596 3999 667 4061 Et
693 4016 832 4061 vero
863 3998 1021 4060 cultu
1053 3999 1292 4079 dignam
1341 4015 1578 4074 crucem
1611 3998 1881 4079 ejusdem
1908 4000 2029 4061 veri

384 4089 602 4154 Christi
633 4089 864 4170 Deique
894 4090 1105 4164 nostri,
1136 4088 1292 4150 velut
1321 4107 1439 4150 non
1461 4087 1715 4169 amplius
1750 4089 2031 4151 interitus

385 4200 454 4244 ac
484 4179 789 4244 maledicti
817 4178 1422 4259 instrumentum,sed
1456 4177 1749 4241 libertatis
1780 4180 2031 4259 vitaeque

387 4270 1071 4352 perpetuaa,signumque
1102 4268 1361 4331 victoriae
1389 4269 1671 4332 adversus
1698 4278 1947 4329 mortem
1975 4276 2031 4329 et

384 4359 691 4422 diabolum
716 4368 1103 4441 partae;atque
1126 4359 1317 4421 adhuc
1339 4357 1712 4421 venerandae
1739 4358 2033 4436 imagines

2104 3110 2241 3168 οὕτω
2309 3112 2460 3190 κάγὼ
2515 3110 2914 3189 μεταλήψεσθαι
3001 3113 3203 3171 τούτων
3277 3116 3613 3190 συντίθεμαι,
3679 3119 3753 3180 ὡς

2105 3202 2237 3257 κατὰ
2270 3200 2520 3271 ἀλήθειαν
2564 3201 2728 3265 ὄντως
2787 3204 2981 3281 σαρκός
3020 3224 3077 3259 τε
3134 3205 3223 3259 καὶ
3268 3203 3501 3277 αἵματος
3568 3206 3758 3287 αὺτοῦ,

2104 3292 2191 3347 xxi
2234 3292 2305 3355 εἰς
2350 3292 2616 3369 ἁγιασμὸν
2659 3296 2844 3371 ψυχῆς
2892 3312 2949 3347 τε
2994 3295 3081 3348 καὶ
3130 3291 3403 3367 σώματος,
3458 3294 3548 3349 καὶ
3610 3297 3758 3365 ζωὴν

2104 3381 2340 3457 αἰώνιον,
2401 3382 2487 3436 καὶ
2542 3380 2811 3457 βασιλείαν
2869 3380 3103 3459 οὒρανῶν
3157 3383 3520 3459 κληρονομίαν
3579 3406 3757 3460 μετα-

2109 3467 2550 3546 λαμϐανομόνων,
2605 3483 2723 3535 τοῖς
2777 3472 2948 3528 αὐτῶν
3003 3474 3061 3527 ἒν
3112 3473 3283 3528 πίστει
3343 3471 3520 3545 τελείᾳ
3592 3476 3759 3550 μετέ-

2110 3580 2290 3638 χουσι.
2354 3556 2458 3620 Καὶ
2510 3560 2571 3615 τὸ
2612 3559 2764 3638 ἅγιον
2825 3568 2916 3617 τοῦ
2974 3568 3202 3640 Χριστοῦ
3256 3560 3557 3637 βάπτισμα,
3621 3567 3761 3639 μετὰ

2108 3652 2338 3725 καθαρᾶς
2394 3649 2480 3704 καὶ
2526 3647 2717 3708 ἀδόλου
2746 3654 2933 3729 ψυχῆς
2990 3652 3079 3706 καὶ
3135 3649 3374 3729 καρδίας,
3409 3653 3644 3716 πίστεως
3676 3656 3757 3710 εί-

2111 3737 2372 3816 λικρινοῦς
2423 3736 2661 3809 ἐπιζητῶ
2717 3736 2975 3815 δέξασθαι,
3043 3738 3545 3819 πληρογορούμενος
3593 3742 3741 3809 ἀλη-

2110 3830 2213 3891 θῶς
2268 3826 2515 3906 κάθαρσιν
2571 3825 2698 3884 αὐτὸ
2758 3829 2956 3896 νοητὴν
3012 3829 3181 3901 εἶναι,
3250 3830 3335 3885 καὶ
3390 3830 3741 3907 ἀναγέννησιν

2112 3919 2295 3996 ψυχῆς
2327 3935 2384 3971 τε
2413 3916 2500 3972 καὶ
2543 3916 2817 3991 σώματος.

2196 4015 2235 4063 Κ
2274 4004 2289 4025 “
2352 4005 2380 4061 ὸ
2500 4001 2563 4060 ϐ’
2780 4004 2835 4061 δὲ
3056 4007 3070 4025 ⁸
3236 4014 3258 4024 ⁹
3334 4007 3347 4029 ’
3424 4009 3451 4022 ⁹
3511 4009 3524 4027 '
3730 4012 3755 4023 ⁸

2240 4027 2293 4062 αι
2318 4026 2349 4061 τ
2384 4026 2410 4060 ν
2439 4026 2497 4060 σε
2536 4026 2727 4081 ασμιον
2887 4026 3113 4085 σταυρον
3168 4029 3262 4065 του
3292 4030 3453 4066 αυτου
3501 4009 3756 4077 αληθινου

2118 4094 2340 4174 Χριστοῦ
2375 4094 2463 4151 καὶ
2494 4101 2624 4151 Θεοῦ
2670 4097 2826 4171 ἡμῶν
2880 4097 2954 4160 ὡς
3013 4098 3108 4155 οῦκ
3157 4095 3232 4152 ἔτι
3264 4101 3459 4178 φθορᾶς
3488 4100 3578 4156 καὶ
3623 4100 3755 4172 ἀρᾶς

2114 4184 2354 4263 ὄργανον,
2404 4181 2523 4241 ἀλλ’
2570 4182 2862 4263 ἐλευθερίας
2906 4186 2993 4240 καὶ
3050 4186 3195 4256 ζωῆς
3228 4188 3460 4261 αἰωνίου,
3506 4190 3594 4245 καὶ
3658 4211 3762 4255 ση-

2116 4286 2271 4340 μεῖον
2314 4279 2413 4340 τῆς
2458 4275 2595 4331 κατὰ
2646 4273 2736 4330 τοῦ
2777 4273 3003 4332 θανάτου
3032 4275 3235 4331 καὶτοῦ
3266 4274 3515 4334 διαϐόλου
3547 4278 3701 4344 νίκης
3737 4297 3750 4312 ·

2115 4363 2191 4419 ἔτι
2224 4361 2280 4419 δὲ
2320 4364 2407 4419 καὶ
2436 4364 2529 4429 τὰς
2588 4362 2905 4439 σεϐασμίους
2956 4364 3161 4428 εἰκόνας
3193 4370 3292 4432 τῆς
3321 4388 3378 4422 τε
3421 4368 3556 4424 κατά
3590 4368 3762 4445 σάρκα

386 4457 509 4512 tum
544 4450 876 4529 praesentia;
899 4452 1007 4513 Dei
1036 4448 1220 4512 Verbi
1247 4448 1575 4511 secundum
1600 4464 1839 4509 carnem
1874 4447 2023 4509 inter

2116 4454 2242 4529 πρὸς
2272 4452 2574 4531 ἀνθρώπους
2632 4452 2939 4533 ἐπιφανείας
2972 4462 3063 4510 τοῦ
3117 4461 3249 4511 Θεοῦ
3301 4456 3497 4536 Λόγου,
3532 4457 3621 4512 καὶ
3661 4461 3758 4524 τῆς

385 4538 685 4620 homines,
721 4548 842 4601 tum
871 4540 1207 4620 purissimas
1236 4538 1485 4617 virginis
1506 4537 1608 4599 Dei
1641 4538 1843 4600 Matris
1900 4556 2032 4615 qua:

387 4629 767 4691 ineﬁ‘abiliter
779 4648 912 4692 eum
926 4629 1285 4709 genuit,tum
1299 4628 1638 4690 divinorum
1657 4627 2026 4706 angelorum,

385 4729 509 4782 tum
544 4720 804 4797 denique
833 4729 1174 4781 sanctorum
1205 4717 2029 4798 omnium,recipio,honoro,

384 4810 714 4889 amplector
746 4809 907 4872 velut
936 4809 1203 4889 symbola
1233 4818 1289 4870 et
1318 4807 1538 4870 indicia
1570 4815 2025 4889 prototyporum

385 4917 493 4963 seu
505 4898 933 4979 exemplarium
962 4920 976 4963 :
1001 4901 1165 4980 ipsos
1185 4908 1383 4960 autem
1399 4916 1602 4959 sacros
1622 4897 1991 4975 angelos,om
2012 4934 2020 4942 -

382 5006 613 5071 nosque
642 4997 900 5065 sanctos,
936 5007 1056 5050 non
1087 4990 1278 5050 solum
1324 4990 1599 5068 antiquos
1659 4994 1857 5067 patres
1889 5005 2021 5047 cum

383 5080 715 5161 prophetis,
748 5079 854 5142 sed
879 5085 937 5140 et
956 5078 1276 5159 apostolos,
1313 5076 2020 5157 martyres,confessores,

385 5169 679 5245 doctores,
715 5175 972 5244 sanctos,
1016 5167 1159 5229 item
1219 5184 1427 5229 omnes
1463 5165 1705 5227 omnino
1749 5166 1848 5246 qui
1895 5166 2020 5245 jam

386 5266 518 5321 orto
549 5258 783 5322 Christo
815 5257 1188 5339 placuerunt,
1224 5266 1500 5337 tanquam
1532 5255 1692 5316 illius
1730 5273 1931 5316 servos
1958 5273 2027 5316 ac

380 5348 590 5411 ﬁdeles
619 5348 873 5411 famulos
896 5349 1152 5419 honoro,
1173 5354 1702 5426 veneror.propter
1731 5345 2020 5406 honorem

381 5437 467 5500 illi
499 5438 789 5501 debitum.
817 5437 887 5500 Et
913 5437 995 5500 ita
1016 5456 1085 5500 ex
1119 5446 1239 5501 toto
1271 5437 1470 5499 animo
1497 5443 1554 5497 et
1583 5434 1787 5515 corde,
1844 5453 2021 5497 vero-

378 5545 495 5609 que
526 5530 826 5611 proposito
859 5529 1029 5591 venio
1043 5529 1116 5591 ad
1132 5527 1312 5591 ﬁdem
1348 5523 2020 5599 Christianorum.Quod

2116 4543 2393 4622 ἀςρράστως
2451 4541 2610 4600 αὺτὸν
2648 4543 2909 4610 τεκούσης
2949 4544 3113 4622 ἀγνῇς
3164 4544 3419 4623 παρθένω
3479 4548 3567 4602 καὶ
3614 4553 3755 4602 Θεο-

2117 4635 2372 4713 μήτορος,
2404 4633 2492 4689 καὶ
2524 4638 2630 4689 τῶν
2680 4631 2923 4690 θεοειδῶν
2969 4632 3237 4712 ἀγγέλων,
3277 4635 3365 4690 καὶ
3424 4640 3530 4690 τῶν
3586 4635 3751 4713 ἁγίων

2118 4722 2386 4802 ἁπάντων,
2434 4725 2505 4785 ὡς
2553 4721 2792 4797 σύμϐολα
2818 4729 2926 4779 τῶν
2969 4725 3330 4802 πρωτοτύπων
3387 4727 3474 4780 καὶ
3524 4723 3756 4805 δέχομαι

2119 4814 2204 4868 καὶ
2258 4813 2399 4885 τιμῶ
2456 4812 2543 4868 καὶ
2573 4812 2873 4888 ἀσπάζομαι
2911 4829 2928 4847 θ
2980 4813 3067 4868 καὶ
3099 4812 3285 4877 αὖτοὺς
3330 4811 3385 4869 δὲ
3427 4815 3549 4877 τοὺς
3580 4816 3750 4892 ἱεροὺς

2106 4899 2361 4980 ἀγγέλους
2393 4902 2478 4958 καὶ
2508 4902 2629 4964 τοὺς
2679 4902 2857 4981 ἁγίους
2914 4902 3179 4973 ἅπαντας,
3224 4905 3285 4960 οῦ
3318 4905 3479 4977 μόνον
3536 4904 3751 4983 προπα-

2105 5013 2264 5069 τορας
2296 4996 2381 5047 καί
2435 4992 2739 5072 προφήτας,
2797 4990 2936 5050 ἀλλά
2978 4992 3065 5050 καὶ
3109 4990 3441 5057 ἀποστόλους
3500 4995 3585 5049 καὶ
3615 4993 3753 5072 μάρο

2108 5103 2261 5161 τυρας
2332 5081 2419 5138 καὶ
2476 5081 2819 5160 ὁμολογητὰς
2876 5084 2963 5139 καὶ
3030 5078 3372 5146 διδασκάλους
3426 5084 3514 5139 καὶ
3574 5084 3751 5145 ὁσίους

2109 5175 2195 5225 καὶ
2228 5170 2431 5235 πάντας
2460 5170 2644 5233 ἁπλῶς
2702 5172 2823 5236 τοὺς
2853 5178 2930 5245 τῷ
2989 5168 3092 5239 ἤδη
3149 5169 3348 5228 ἐλθόντι
3394 5176 3606 5252 Χριστῷ
3662 5172 3753 5227 εῦ-

2108 5261 2525 5338 αρεστήσαντας,
2562 5262 2635 5323 ὡς
2667 5258 2881 5326 δούλους
2940 5259 3137 5318 ἐκείνου
3180 5262 3270 5318 καὶ
3319 5263 3537 5327 πιστοὺς
3580 5261 3744 5340 θερά-

2109 5370 2304 5413 ποντας
2338 5355 2479 5425 τιμῶ
2520 5351 2608 5406 καὶ
2650 5346 2899 5427 σέϐομαι,
2947 5349 3032 5407 διὰ
3077 5350 3174 5417 τὴν
3231 5352 3362 5429 πρὸς
3406 5350 3614 5408 ἐκεῖνον
3665 5372 3752 5406 τι-

2107 5441 2237 5514 μήν,
2299 5438 2403 5501 Καὶ
2461 5438 2627 5505 οὕτως
2674 5437 2727 5505 εξ
2796 5440 2930 5508 ὅλης
2997 5444 3183 5519 ψυχῆς
3245 5442 3334 5496 καὶ
3387 5438 3602 5519 καρδίας
3665 5440 3754 5495 καὶ

2107 5527 2460 5611 προαιρέσεως
2518 5527 2768 5605 ἀληθοῦς,
2832 5528 3207 5611 προσέρχομαι
3280 5528 3347 5607 τῇ
3398 5530 3573 5587 πίστει
3646 5536 3751 5587 τῶν
