4058 6206
317 307 462 372 1461

1353 309 1991 376 RECOGNITIONES.
2036 345 2115 357 —
2157 316 2573 382 APPENDIX.

3525 316 3548 379 l
3561 314 3681 379 462

313 454 661 527 Χριστιανῶν.
697 448 753 504 Εἰ
821 446 876 502 δὲ
906 446 1025 521 μεθ’
1091 448 1416 527 ὑποκρίσεως
1448 450 1537 505 καὶ
1591 446 1748 507 δόλου
1777 447 1932 508 ταῦτά

2024 444 2075 508 si
2107 465 2215 525 per
2247 447 2693 511 simulationem
2718 448 3127 510 etdolumista
3158 452 3449 518 dico.non
3472 458 3670 513 autem

313 560 477 619 φημι,
510 538 598 593 καὶ
656 539 749 594 οὒκ
797 536 858 591 ἑκ
920 536 1146 599 πίστεως
1178 535 1455 617 ὁλοψύχου
1501 539 1588 595 καὶ
1617 538 1830 617 καρδίας
1859 541 1932 596 τὸς

2033 551 2104 596 ex
2152 535 2269 598 ﬁde
2304 536 2483 599 totius
2517 536 2700 597 animi
2748 545 2915 609 teste,
2955 538 3223 600 et'corde
3246 539 3547 602 Christum
3580 538 3684 619 qui

308 625 413 696 ἢδη
444 626 661 684 ἰλθόντα
709 624 932 701 Χριστόν
989 625 1313 705 ἀγαπώσης,
1342 624 1479 684 ἀλλά
1507 624 1591 684 διά
1619 647 1738 685 τινα
1808 628 1946 705 βίαν,

308 717 346 784 ἢ
404 716 667 793 ἀνάγκην,
702 714 739 782 ἢ
771 711 957 793 φόϐον,
988 714 1024 782 ἢ
1055 713 1331 794 ἐπήρειαν,
1364 716 1400 785 ἢ
1443 717 1650 798 πενίαν,
1696 717 1732 787 ἢ
1764 717 1946 798 χρέος,

307 806 345 874 ἢ
375 804 623 884 ἔγκλημα
670 802 789 861 κατ’
838 802 966 877 ἐμοῦ
1024 805 1355 879 κινούμενον,
1388 805 1425 874 ἢ
1457 804 1543 862 διὰ
1623 807 1787 876 τιμὴν
1844 829 1946 864 κο-

310 895 534 970 σμικὴν,
568 894 604 962 ἢ
633 893 929 972 εὐεργεσίας
958 894 1129 968 τινάς,
1166 894 1203 963 ἢ
1245 896 1532 975 χρήματα,
1564 894 1600 963 ἤ
1658 896 1947 974 πράγματα

311 986 452 1063 παρά
507 1006 647 1048 τινος
693 983 1113 1063 ὑπισχνούμενα,
1168 984 1204 1053 ἢ
1280 983 1419 1050 ὅλως
1478 983 1571 1042 διὰ
1630 983 1947 1056 οἱανδήποτε

311 1073 590 1155 ὠφέλειαν,
648 1072 683 1141 ἦ
738 1073 1059 1153 προστασίαν
1112 1073 1467 1154 ἀιθρωπίνην,
1522 1075 1558 1143 ἢ
1632 1073 1698 1131 δι’
1749 1072 1854 1153 ἔριν
1907 1074 1944 1142 ἢ

307 1163 628 1244 φιλονεικίαν
705 1163 837 1241 πρός
914 1185 1059 1228 τινας
1116 1163 1408 1243 γενομένην
1480 1170 1588 1222 τῶν
1645 1164 1947 1242 ὁμοπίστων

303 1253 459 1328 ἐμοῦ,
505 1251 541 1320 ἤ
570 1254 644 1317 ὣς
702 1251 1025 1329 βουλόμενος
1074 1254 1308 1311 ἐντεῦθεν
1337 1253 1631 1331 ἀμὺνασθαι
1690 1260 1947 1328 Χριστια-

300 1343 423 1403 νοὺς
492 1342 565 1405 ὡς
628 1339 878 1411 ζηλωτὴς
909 1339 1063 1409 δῆθεν
1095 1344 1184 1398 τοῦ
1212 1343 1399 1417 νόμου,
1432 1343 1468 1411 ἢ
1489 1344 1578 1400 καὶ
1608 1342 1735 1422 παρ’
1775 1342 1945 1399 αὗτῶν

300 1427 593 1509 ἀδικηθεὶς,
633 1428 747 1509 ἄρτι
779 1430 876 1504 μὲν
908 1431 1313 1510 σχηματίζομαι
1377 1431 1609 1510 γίνεσθαι
1683 1439 1942 1510 Χριστια-

300 1520 418 1594 νὸς,
448 1517 663 1597 ὕστερον
727 1516 782 1574 δὲ
824 1517 1037 1589 θελήσω
1105 1520 1457 1600 ἀρνήσασθαι,
1510 1523 1599 1576 καὶ
1653 1522 1785 1599 πρὸς
1841 1520 1942 1587 τὴν

301 1606 623 1676 Ἰουδαϊκὴν.
697 1608 1029 1689 ὑποστρέψαι
1085 1607 1246 1666 πάλιν
1312 1609 1619 1689 θρησκείαν,
1667 1608 1704 1677 ἢ
1750 1610 1943 1689 εὑρεθῶ

302 1699 583 1758 συνεσθίων
653 1711 773 1762 τοῖς
835 1697 1127 1773 Ἰουδαίοις,
1161 1697 1196 1766 ἤ
1226 1696 1608 1777 συνεορτάζων,
1682 1699 1717 1766 ἢ
1749 1721 1943 1766 συννη-

298 1787 524 1861 στεύων,
582 1787 618 1855 ἢ
689 1785 986 1860 συνομιλῶν
1016 1789 1198 1851 αὒτοϊς
1229 1786 1416 1869 λάθρα,
1453 1788 1540 1845 καὶ
1570 1789 1659 1846 τὸν
1692 1794 1941 1866 Χριστια-

299 1878 488 1952 νισμὸν
557 1874 871 1949 διαϐάλλων,
946 1875 982 1945 ἦ
1039 1879 1170 1956 πρὸς
1206 1878 1303 1942 τὰς
1360 1878 1671 1957 συναγωγὰς
1717 1879 1808 1934 καὶ
1846 1879 1941 1941 τὰς

298 1966 604 2046 προσευχὰς
663 1967 834 2024 αὖτῶν
860 1965 1058 2047 ἀπιὼν,
1092 1968 1178 2023 καὶ
1208 1966 1466 2041 ἀνανεῶν,
1527 1966 1563 2034 ἤ
1624 1968 1941 2047 περιποιού-

298 2077 458 2131 μενος
513 2056 731 2129 ταύτας,
780 2056 866 2111 καὶ
899 2056 1022 2135 οῦχὶ
1054 2053 1260 2132 μᾶλλον
1302 2056 1541 2135 φανερῶς
1565 2055 1780 2136 ἐλέγχω
1810 2056 1938 2113 τού-

298 2168 447 2220 τους,
507 2147 603 2209 τὰς
630 2147 829 2201 τούτων
898 2145 1137 2225 πράξεις,
1194 2147 1283 2203 καὶ
1325 2146 1515 2208 ἀθετῶ,
1543 2146 1641 2214 τὴν
1708 2147 1938 2221 ματαίαν

297 2238 477 2292 πίστιν
506 2234 701 2292 αὐτῶν
735 2236 823 2290 νῦν
844 2236 942 2310 μὲν
973 2233 1171 2292 ἔλθοιεν
1192 2234 1276 2292 ἐπ’
1308 2235 1403 2311 ἐμὲ
1429 2241 1595 2292 πᾶσαι
1627 2238 1679 2292 αἱ
1710 2241 1937 2313 κατᾶραι

295 2325 358 2388 ἃς
402 2324 456 2380 ἐν
482 2330 557 2397 τῷ
590 2323 979 2399 Δευτερονομίῳ
1011 2325 1212 2393 Μωσῆς
1237 2324 1459 2404 ἔγραψε,
1497 2326 1587 2381 καὶ
1647 2326 1675 2381 ὁ
1736 2323 1937 2402 τρόμος

300 2421 393 2471 τοῦ
466 2414 621 2487 Κάϊν,
667 2414 755 2470 καὶ
784 2415 820 2482 ἡ
869 2411 1039 2490 λέπρα
1083 2423 1175 2473 τοῦ
1204 2419 1383 2486 Γιεζῆ,
1423 2417 1555 2493 πρὸς
1586 2420 1663 2488 τῷ
1687 2414 1775 2469 καὶ
1814 2425 1936 2477 ταῖς

303 2516 514 2566 ποιναῖς
567 2504 673 2560 τῶν
732 2501 1022 2559 πολιτικῶν
1092 2502 1270 2577 νόμων
1321 2503 1461 2559 εἶναί
1532 2524 1598 2576 με
1656 2503 1936 2559 ὑπεύθυνον

301 2593 699 2670 ἀπαραιτήτως,
761 2594 898 2649 κατά
942 2589 997 2648 δὲ
1042 2594 1134 2649 τὸν
1180 2590 1445 2668 μέλλοντα
1501 2593 1668 2649 αἰῶνα
1717 2591 1808 2659 εἴη
1839 2613 1935 2667 μοι

297 2683 532 2758 ἀνάθεμα
604 2684 690 2739 καὶ
716 2683 1010 2762 κατάθεμα,
1043 2682 1133 2738 καὶ
1160 2684 1195 2751 ἡ
1220 2684 1373 2762 ψυχή
1403 2704 1505 2759 μου
1546 2683 1773 2763 ταχθείη
1803 2682 1939 2758 μετά

297 2782 391 2832 τοῦ
415 2778 629 2829 Σατανᾶ
658 2774 744 2829 καὶ
771 2778 879 2829 τῶν
908 2770 1194 2847 δαιμόνων.

2027 623 2151 704 jam
2176 626 2411 687 advenit
2460 626 2746 706 diligente
2778 654 2792 700 ;
2842 643 3048 688 verum
3087 639 3331 707 prapter
3359 628 3679 708 quamdam

2032 712 2623 796 vim,necessitatem,
2650 725 2896 787 metum,
2922 716 3230 798 damnum,
3255 726 3681 798 paupertatem,

2032 801 2766 879 debitum,accusationem
2800 805 3091 867 adversus
3124 823 3219 867 me
3251 818 3680 880 motam,saecu—

2028 890 2211 954 larem
2234 894 2907 975 dignitatem,beneﬁcia
2934 894 3226 976 quasdam,
3265 895 3563 974 pecunias,
3588 914 3685 958 res

2026 997 2062 1042 a
2089 1000 2387 1062 quoquam
2415 985 2760 1063 promissas;
2811 992 2909 1046 aut
2948 984 3122 1063 plane
3156 984 3479 1063 cujuslibet
3509 984 3673 1045 utili-

2030 1071 2166 1132 tatis
2190 1090 2354 1148 ergo;
2390 1074 2480 1135 vel
2512 1073 2760 1135 humani
2792 1073 3076 1153 prmsidii,
3104 1072 3448 1134 veldissidii
3469 1091 3678 1146 causa,

2030 1159 2121 1221 vel
2153 1162 2550 1223 contentionis
2583 1181 2718 1223 cum
2745 1161 3048 1223 nonnullis
3082 1161 3223 1224 ﬁdei
3249 1180 3397 1223 mea:
3420 1161 3683 1222 homini-

2030 1246 2303 1329 bus,,aut
2318 1251 2487 1330 quasi
2510 1252 2717 1312 volens
2738 1251 2880 1312 hinc
2892 1251 3176 1313 ultionem
3195 1268 3408 1329 capere
3423 1249 3496 1311 de
3515 1251 3686 1313 Chri-

2030 1336 2259 1417 stianis,
2324 1352 2605 1421 tanquam
2652 1340 2929 1403 videlicet
2981 1339 3129 1419 legis
3175 1339 3503 1419 aemulator,
3560 1339 3683 1401 sive

2030 1435 2090 1489 et
2121 1427 2194 1488 ab
2227 1428 2372 1508 ipsis
2423 1429 2705 1509 injuriam
2756 1448 2985 1510 passus,
3022 1447 3181 1490 nunc
3231 1427 3472 1509 quidem
3524 1429 3681 1508 ﬁngo

2026 1515 2392 1580 Christianus
2431 1518 2586 1590 ﬁeri,
2614 1521 2854 1598 posthac
2891 1528 3089 1582 autem
3144 1536 3367 1597 negare
3395 1518 3667 1593 voluero,

2025 1605 2359 1688 iterumque
2388 1608 2460 1669 ad
2492 1608 2798 1671 Iudaicam
2825 1609 3177 1688 religionem
3210 1608 3551 1674 reverti.vel
3578 1609 3677 1669 in-

1964 1704 2233 1771 gventus
2264 1696 2427 1759 l‘uero
2482 1716 2599 1759 una
2642 1717 2776 1759 cum
2826 1695 3051 1760 Judaeis
3104 1698 3494 1769 manducare,
3528 1696 3679 1758 festa

2026 1803 2335 1865 peragere,
2357 1786 2657 1867 jejunare,
2686 1786 2837 1848 clam
2871 1804 3005 1847 cum
3040 1784 3158 1846 illis
3188 1784 3473 1866 colloqui,
3502 1784 3678 1848 Chri-

2025 1874 2401 1956 stianamque
2435 1875 2613 1936 ﬁdem
2646 1876 3065 1955 infamare,aut
3088 1876 3158 1937 ad
3188 1892 3395 1936 eorum
3420 1893 3670 1955 synago-

2022 1983 2128 2044 gas
2160 1973 2215 2025 et
2239 1966 2603 2044 proseuchas
2642 1965 2963 2045 proﬁcisci,
2990 1982 3171 2025 easve
3195 1963 3534 2025 instaurare
3564 1983 3672 2026 seu

2023 2055 2198 2118 tutari
2227 2075 2241 2115 :
2276 2061 2334 2115 et
2365 2073 2483 2116 non
2508 2055 2699 2133 gotius
2734 2052 3047 2134 praedictos
3074 2052 3312 2115 Judzeos
3342 2071 3677 2133 eorumque

2023 2153 2189 2205 actus
2215 2144 2410 2222 palam
2435 2142 2836 2224 reprehendo,
2866 2159 3199 2221 vanamque
3222 2140 3461 2202 illorum
3497 2141 3672 2203 ﬁdem

2021 2232 2295 2312 improbo
2327 2253 2340 2291 :
2369 2252 2529 2293 nunc
2557 2233 2796 2314 quidem
2822 2232 3064 2292 veniant
3116 2247 3297 2309 super
3336 2250 3432 2292 me
3463 2250 3674 2293 omnes

2022 2322 2166 2386 dirae
2206 2341 2352 2400 quas
2385 2323 2445 2383 in
2482 2320 2945 2384 Deuteronomio
3002 2322 3196 2383 Moses
3227 2320 3487 2400 scripsit,
3523 2321 3672 2382 item

2024 2421 2253 2473 tremor
2278 2410 2468 2490 Calui,
2502 2419 2559 2472 et
2610 2411 2777 2490 lepra
2828 2406 3019 2472 Giezis
3067 2408 3434 2489 iusuperque
3483 2410 3676 2489 poenis

2023 2519 2170 2582 quas
2200 2501 2363 2580 legt-s
2392 2499 2598 2562 civiles
2629 2500 2986 2579 decernunt,
3019 2498 3132 2559 sim
3160 2498 3385 2577 absque
3416 2498 3534 2560 ulla
3568 2517 3674 2579 spe

2025 2590 2209 2652 veniae
2236 2590 2555 2670 obnoxius;
2591 2589 2651 2649 in
2704 2589 2901 2650 futuro
2932 2598 3133 2649 autem
3172 2588 3391 2649 saeculo
3422 2586 3498 2648 sit
3529 2587 3676 2648 mihi

2020 2680 2336 2744 anathema
2377 2689 2435 2742 et
2484 2678 2839 2751 catathema,
2873 2676 3194 2756 animaque
3247 2695 3377 2737 mea
3404 2676 3671 2739 colloce-

2020 2778 2117 2833 tur
2145 2772 2363 2833 Sataua
2392 2778 2451 2831 et
2475 2765 2874 2829 daemonibus.

1322 2938 1418 2998 ΙΙΙ.
1452 2942 1541 2998 Ad
1568 2940 1661 2999 lib.
1698 2954 1772 3010 IV,
1806 2958 1927 3016 cap.
1958 2941 2026 2999 27
2058 2942 2143 3012 (ea:
2178 2940 2357 2998 eodem
2385 2938 2608 3009 codice).

294 3088 493 3178 "Cum:
579 3094 689 3175 χρὴ
734 3095 1160 3178 ,ἀναθεματίζειν
1216 3096 1491 3178 ἐγγράφως
1566 3096 1667 3164 τὴν
1722 3099 1928 3177 αἳρεσιν

2021 3090 2138 3178 auo
2180 3090 2353 3178 modo
2389 3090 2668 3153 harest'm
2707 3088 3479 3178 suanhscrfptz‘sbporteqt
3506 3102 3664 3178 una:

374 3174 615 3259 αὐτῶν,
669 3176 790 3239 τοὺς
868 3177 975 3234 ἀπὸ
1063 3174 1405 3259 Μανιχαίων’
1461 3174 1807 3259 προσιόνταςζ
1859 3182 1928 3253 τῇ

372 3254 496 3336 ἁγίᾳ
527 3257 645 3336 ,τοῦ
714 3263 844 3313 Θεοῦ
913 3257 1168 3336 καθολικῇ
1206 3254 1303 3315 ’καὶ
1366 3256 1723 3335 ἀποπολικῇ.
1793 3255 1937 3317 Ἐκ-’

370 3332 589 3407 κλησίᾳ,

369 3423 763 3503 Ἀναθεματίζω
811 3430 1052 3488 Μάνεντα
1126 3434 1216 3489 τὸν
1280 3434 1365 3490 καὶ
1451 3439 1760 3513 Μανιχαϊον
1839 3433 1927 3487 καὶ

291 3512 604 3597 Κούϐρικον,
628 3516 685 3582 ὅς
707 3517 1007 3594 ὶτόλμησεν
1057 3521 1241 3580 ἑαυτὸν
1312 3512 1660 3601 Παράκλητον
1720 3519 1927 3595 ὀνομά-

284 3610 418 3678 ζειν,
466 3609 556 3662 καὶ
626 3605 957 3668 Ἀπόστολον
988 3608 1165 3677 Ἰησοῦ
1224 3618 1471 3691 Χριστοῦ.
1530 3608 1930 3686 Ἀναθεματίζω

285 3695 598 3768 Σκυθιανὸν,
670 3698 759 3753 καὶ
800 3696 1104 3776 Τερέϐινθον
1134 3699 1224 3756 τὸν
1251 3701 1340 3756 καὶ
1387 3698 1587 3758 Κουδᾶν
1620 3697 1773 3779 (71),
1805 3701 1928 3761 τοὺς

284 3783 556 3848 Μάνεντος
630 3783 992 3851 διδασκάλους.
1087 3787 1482 3865 Ἀναθεματίζω
1541 3787 1805 3871 Ζαράδην,
1869 3788 1928 3845 ὅν

280 3874 311 3928 ὁ
387 3873 568 3941 Μάνης
624 3876 741 3931 θεὸν
763 3875 923 3957 ἔλεγε,
972 3878 1074 3955 πρὸ
1130 3876 1288 3935 αὐτοῦ
1316 3877 1544 3957 φανέντα
1574 3877 1696 3957 παρ’
1740 3876 1926 3941 Ἰνδοῖς

281 3963 374 4017 καὶ
433 3962 678 4038 Πέρσαις,
734 3967 821 4021 καὶ
910 3956 1119 4023 ”¹Ηλιον
1142 3956 1421 4023 ἀπεκάλει·
1450 3967 1539 4023 σὺν
1571 3956 1715 4043 αὐτῷ
1756 3966 1809 4025 δὲ
1840 3970 1928 4025 καὶ

280 4050 380 4112 τὰς
438 4051 744 4131 Ζαραδείους
803 4054 1198 4130 ὀνομαζομένας
1281 4056 1468 4136 εὐχάς.
1534 4056 1927 4133 Ἀναθεματίζω

275 4139 482 4202 πάντας
539 4139 624 4203 οὕς
673 4144 700 4199 ὃ
757 4144 936 4210 Μάνης
1010 4143 1274 4202 ἀνέπλασε
1330 4145 1504 4210 θεούς⁸
1538 4146 1658 4213 ἦτοι
1690 4147 1784 4202 τὸν
1827 4168 1921 4204 τε-

274 4229 663 4309 τραπρόαωπον
684 4231 885 4303 πατέρα
957 4240 1047 4292 τοῦ
1104 4233 1384 4314 μεγέθους,
1444 4236 1653 4292 καὶτὸν
1696 4235 1926 4317 λεγόμες

274 4340 370 4374 νυν
427 4320 636 4397 πρῶτον
687 4319 983 4403 ἄνθρωπον,
1039 4324 1128 4379 καὶ
1188 4324 1279 4380 τὸν
1339 4325 1774 4406 Στεφανηφόρον,
1837 4328 1924 4384 καὶ

274 4408 371 4464 τὸν
431 4408 818 4485 ὀνομαζόμενον
867 4410 1127 4491 Παρθένον
1196 4423 1288 4473 τοῦ
1317 4415 1518 4495 φωτὸς,
1553 4418 1637 4472 καὶ
1673 4416 1767 4472 τὸν
1798 4437 1925 4496 φεγ-

2092 3171 2499 3234 thematizare.
2526 3188 2626 3233 eos
2654 3173 2761 3249 qui
2788 3187 2818 3228 θ
2850 3166 3207 3229 Μαηίοὴωἰε
3246 3166 3555 3249 incaedan
3582 3167 3666 3249 _ad

2088 3260 2369 3315 sanctam
2401 3252 2510 3313 Dei
2531 3244 2894 3314 catholicam
2924 3253 2983 3309 et
3016 3246 3418 3327 apostolicam
3451 3244 3664 3307 Eccle-

2097 3349 2251 3394 stam
2266 3376 2282 3393 ο

2092 3426 2136 3488 l.
2174 3425 2564 3489 Anathemate
2601 3422 2750 3484 ferio
2781 3422 3103 3496 Manetem,
3135 3439 3240 3482 seu
3266 3419 3656 3482 Mauiclueum

2012 3527 2071 3582 et
2093 3518 2442 3595 Cubricum,
2472 3512 2571 3595 qui
2594 3532 2658 3574 se
2681 3529 2863 3574 ausus
2900 3522 2988 3575 est
3022 3510 3394 3575 Paracletum
3420 3518 3478 3571 et
3499 3511 3661 3591 Apo-

2009 3607 2225 3670 stolum
2257 3604 2398 3668 Jesu
2427 3602 2648 3666 Christi
2681 3602 3005 3683 appellare.
3040 3598 3481 3663 Auathematizo
3512 3602 3659 3680 Scy-

2010 3696 2276 3759 thiauum
2329 3712 2398 3755 ac
2443 3691 2873 3755 Terebinthum
2923 3693 3023 3772 qui
3075 3700 3132 3754 et
3160 3689 3377 3763 Budas,
3416 3688 3661 3751 Manetis

2011 3793 2434 3868 praeceptores.
2458 3780 2905 3844 Anathematizo
2929 3781 3431 3860 Zaradem,quem
3455 3780 3662 3841 Manes

2012 3875 2193 3938 deum
2219 3872 2365 3935 dixit
2396 3880 2533 3933 ante
2559 3890 2623 3932 se
2656 3870 3008 3951 apparuisse
3032 3869 3187 3950 apud
3218 3869 3398 3932 ludos
3425 3877 3479 3930 et
3513 3870 3656 3932 Per-

2009 3961 2650 4043 sas,quemqueSo|em
2676 3959 2937 4022 vocavit:
2965 3960 3219 4022 cumillo
3252 3971 3449 4021 autem
3481 3958 3657 4020 etiam

2008 4052 2437 4117 auathematizo
2470 4068 2681 4131 preces
2710 4049 2997 4112 Zaradeas
3040 4049 3250 4112 dictas.
3291 4050 3655 4111 Anathoma-

2013 4145 2121 4205 tizo
2141 4150 2388 4205 cunctos
2404 4159 2437 4202 a
2459 4139 2626 4201 Mane
2649 4138 2969 4202 fabricatos
2994 4141 3138 4201 deos
3162 4157 3174 4201 :
3212 4138 3483 4199 videlicet
3505 4158 3656 4218 qua-

2007 4233 2349 4293 drifonnem
2398 4239 2623 4310 patrem
2659 4229 3105 4310 magnitudinis,
3130 4236 3187 4289 et
3224 4246 3359 4287 eum
3393 4228 3492 4306 qui
3529 4228 3652 4306 pri-

2007 4341 2140 4384 mus
2170 4323 2347 4384 homo
2396 4319 2635 4399 dicitur,
2674 4328 2732 4381 et
2791 4318 3248 4397 Coronigerum,
3282 4335 3350 4377 ac
3382 4334 3516 4377 eum
3552 4317 3652 4397 qui

2006 4411 2350 4473 nominatur
2381 4406 2559 4488 Virgo
2591 4408 2757 4475 lucis,
2809 4416 2931 4468 tum
2985 4405 3215 4467 lumine
3276 4406 3561 4476 aﬁlatum,
3600 4415 3657 4466 et

272 4498 619 4579 γοκάστοχον
649 4499 801 4580 (72ὶ,
846 4504 933 4559 καὶ
964 4502 1118 4559 πέντε
1150 4505 1302 4582 νοερά
1331 4505 1530 4585 φέγγη,
1575 4509 1665 4563 καὶ
1696 4508 1788 4563 τὸν
1816 4529 1923 4563 κα-

2021 4503 2272 4585 ιιιίυιιυθ
2297 4501 2707 4582 intelligentiis
2743 4499 3030 4579 praeditos
3061 4499 3436 4581 splendores,
3479 4515 3652 4562 voca-

269 4585 533 4677 λοῦμενον
561 4592 926 4669 Δημιουργόν,
958 4595 1047 4650 καὶ
1072 4594 1164 4650 τὸν
1182 4594 1273 4652 ὑπ’
1326 4595 1488 4653 αὖτου
1554 4595 1921 4677 προϐληθέντα

269 4675 477 4732 δίκαιον
527 4679 737 4756 κριτὴν,
804 4683 891 4737 καὶ
952 4684 1042 4739 τὸν
1100 4684 1382 4764 ὠμοφόρον
1441 4687 1533 4743 τὸν
1593 4675 1922 4764 βαστάζοντα

268 4766 375 4832 τὴν
424 4770 549 4846 γῆν,
591 4769 679 4824 καὶ
753 4771 845 4826 τὸν
934 4770 1259 4853 Πρεσϐύτην,
1317 4776 1407 4832 καὶ
1465 4775 1670 4843 πάντας
1732 4777 1918 4842 ἁπλῶς

270 4854 363 4920 οὓς
430 4858 458 4912 ὁ
508 4858 690 4926 Μάνης
742 4858 969 4917 πλάττει
1008 4862 1155 4925 θεοὺς
1217 4864 1305 4923 καὶ
1371 4865 1575 4931 Αίῶνας
1653 4869 1741 4924 καὶ
1812 4869 1918 4925 τῶν

270 4944 490 5037 Αίώνων
535 4947 758 5029 Αίῶνας,
834 4951 919 5007 καὶ
971 4949 1071 5008 ὅσα
1134 4954 1277 5027 αὖτῷ
1333 4952 1740 5035 ἐπραγματεὺθη
1800 4958 1917 5037 περὶ

268 5034 545 5112 γιγάντων
621 5038 708 5094 καὶ
780 5037 1160 5118 ἐκτρωμάτων.
1243 5034 1637 5121 Ἀναθεματίζω
1713 5034 1915 5109 πάντας

268 5124 393 5216 τοὺς
422 5124 668 5216 εἰπόντας
703 5126 736 5195 ἦ
766 5128 1018 5207 λέγοντας
1046 5130 1079 5199 ἢ
1110 5129 1355 5197 λέξοντας
1385 5132 1474 5191 δύο
1536 5134 1711 5216 ἀρχὰς
1744 5138 1914 5215 ἀγεν-

269 5212 461 5304 νήτοῦς
517 5214 974 5282 ἀπικαθεστώαας
1015 5218 1302 5295 ἀλλήλαις,
1367 5224 1466 5291 τὴν
1683 5212 1910 5304 ἀγαθὴν,

267 5301 369 5369 τὴν
405 5300 459 5357 δὲ
494 5306 757 5382 πονηράν.
791 5306 1185 5385 Ἀναθεματίζω
1218 5314 1525 5392 Μαρκίωνα,
1558 5316 1645 5371 καὶ
1676 5300 1915 5372 Οῦαλενέι

2006 4601 2249 4675 tumque
2278 4591 2658 4673 Opiﬁcem,et
2679 4591 2750 4651 ab
2770 4591 2881 4652 hoc
2908 4589 3204 4669 prolatum
3224 4589 3451 4666 justum
3478 4586 3650 4668 judi-

2002 4701 2159 4764 cem,
2184 4700 2417 4743 necnon
2450 4680 2711 4760 bajulum
2741 4680 2839 4759 qui
2876 4685 3068 4759 portat
3100 4687 3341 4757 terram,
3379 4677 3516 4739 item
3554 4679 3654 4739 Se-

2002 4783 2544 4850 nem,cunctosque
2569 4789 2812 4853 prorsus
2834 4789 2986 4852 quos
3001 4770 3198 4833 Manes
3223 4768 3463 4846 conligit
3482 4768 3647 4847 deos,

2001 4865 2246 4945 Eones,
2280 4882 2347 4924 ac
2369 4861 2618 4923 [Eanum
2642 4862 2893 4935 1E0nes,
2912 4878 3281 4941 quaecunque
3313 4860 3552 4919 domum
3578 4857 3652 4918 ab

2001 4975 2071 5018 eo
2105 4953 2403 5017 elaborata
2433 4959 2570 5013 sunt
2601 4951 2675 5011 de
2703 4949 3045 5028 gigantibus
3069 4957 3128 5010 et
3150 4946 3458 5009 abortivis.
3487 4946 3647 5007 Aua-

2001 5043 2317 5108 thematizo
2373 5058 2583 5102 omnes
2640 5040 2741 5120 qui
2794 5040 3078 5102 dixerunt
3135 5046 3233 5099 aut
3290 5036 3496 5098 dicunt
3553 5044 3654 5096 aut

1999 5133 2221 5197 dicturi
2247 5139 2383 5193 sunt
2415 5131 2534 5192 duo
2581 5127 2875 5208 principia
2908 5127 3197 5209 ingenita,
3233 5126 3347 5188 sibi
3399 5125 3649 5186 invicem

1998 5223 2301 5303 Opposita:
2324 5222 2576 5282 alterum
2606 5217 3114 5290 bonum,alterum
3142 5214 3655 5277 malum.Anathe-

1998 5313 2207 5375 matizo
2233 5310 2596 5374 Mar'cioaem
2630 5326 2765 5370 cum
2800 5305 3118 5370 Valentino
3143 5315 3202 5368 et
3228 5304 3651 5377 Basilide,om-

268 5404 442 5472 ττνον,
502 5395 588 5450 καὶ
621 5395 953 5474 Βασιλείδην,
982 5398 1073 5456 καὶ
1127 5400 1301 5459 πάντα
1327 5401 1601 5482 ἂνθρωπον
1630 5405 1721 5461 τὸν
1778 5403 1911 5462 τολ-

2021 5419 2253 5483 temque
2275 5400 2581 5461 hominem
2615 5397 2714 5478 qui
2743 5415 2923 5459 ausus
2946 5394 3373 5475 fuit,audetvel
3397 5412 3649 5457 ausurus

351 5625 466 5701 (71)
500 5627 720 5695 Κουδᾶν,
759 5633 895 5713 Leg.
933 5632 1153 5699 Bou3&~:.
1185 5638 1403 5703 ϐοτη,

2085 5635 2210 5718 (7‘2)
2239 5635 2716 5717 Φεγγοκάστοχον.
2752 5634 2890 5717 Leg.
2926 5634 3352 5715 φεγγοκάτοχον.
3388 5634 3470 5697 Ιυ.
