4058 6206
410 341 568 407 4463

1269 348 1328 409 S.
1374 346 1811 414 CLEMENTIS
1855 346 1877 407 Ι
1925 345 2106 409 ROM.
2153 343 2381 409 PONT.
2424 339 2670 408 OPERA
2712 340 2963 407 DUBIA.

3646 346 3809 413 1‘64

411 482 502 537 est
531 473 953 555 blasphemare
986 474 1269 540 adversus
1285 478 1470 541 Vetus
1488 488 1586 542 aut
1605 482 1833 544 Novum
1855 480 2062 545 Testa-

2151 482 2392 556 μήσαντα
2447 480 2481 548 ἧ
2513 478 2803 556 τολμῶντα
2836 478 2870 547 ἤ
2899 478 3246 556 τολμήσοντα
3277 481 3627 562 βλασψημεϊν
3667 486 3811 542 κατά

414 570 772 642 mentum,et
793 566 1104 646 aspernari
1124 585 1195 629 ac
1230 569 1594 632 contumelia
1614 569 1857 632 afﬁcere
1877 570 2067 633 Abra-

412 654 679 727 hamum,
712 654 1001 736 Isaacum,
1034 655 1351 731 Jacobum,
1385 656 1591 720 Jesum
1648 660 1836 722 ﬁlium
1875 660 2057 736 Nave,

412 742 1691 830 Samuelem,Davidem,Eliam,caeterosque
1707 770 1915 811 omnes
1931 769 2062 832 pro-

414 834 621 913 phetas
652 852 984 915 eorumque
1004 836 1345 916 scripta.Ad
1366 856 1685 921 summam,
1704 842 2060 902 anathema-

414 922 523 985 tizo
555 939 657 983 eos
696 922 795 1003 qui
846 923 1183 986 obtrectant
1230 945 1367 988 vero
1407 928 1673 989 universi
1728 927 2056 1011 Conditori,

414 1030 607 1093 neque
653 1015 1017 1078 conﬁtentur
1056 1036 1237 1079 unum
1266 1020 1662 1101 eumdemque
1685 1040 1816 1082 esse
1840 1022 2053 1083 veteris

415 1121 484 1164 ac
508 1103 640 1164 novi
664 1103 1029 1168 Testamenti
1045 1107 1381 1181 Deum,nec
1398 1119 1637 1171 sanctos
1660 1113 1883 1191 Deique
1902 1112 2059 1174 ami-

415 1211 518 1254 cos
540 1212 671 1255 esse
696 1194 952 1257 credunt
973 1198 1189 1276 eosqui
1214 1197 1275 1258 in
1298 1208 1547 1280 utroque
1569 1201 1948 1262 Testamento
1970 1202 2061 1263 ef-

414 1281 1182 1348 fulserunt.Anathematizo
1207 1306 1444 1350 omnem
1468 1308 1629 1365 eum,
1654 1290 1751 1370 qui
1777 1310 1895 1353 non
1916 1310 2062 1354 con-

417 1374 622 1434 ﬁtetur
652 1392 830 1439 unum
865 1374 1057 1436 solum
1092 1394 1222 1438 esse
1247 1396 1448 1439 verum
1491 1381 1702 1450 Deum,
1752 1379 1971 1440 bonum
2006 1388 2066 1441 et

421 1462 622 1524 mundi
643 1462 1130 1546 Opiﬁcem,atque
1153 1486 1245 1527 om
1258 1467 1895 1547 nipoteutem,Domini
1922 1488 2062 1530 nos-

418 1549 493 1611 tri
522 1548 662 1612 Jesu
695 1552 914 1613 Christi
931 1555 1199 1635 Patrem;
1235 1555 1336 1635 qui
1366 1575 1503 1617 cum
1532 1556 1635 1617 illo
1673 1565 1729 1619 et
1756 1577 1890 1619 cum
1921 1556 2062 1637 Spi-

417 1647 511 1698 rtu
545 1648 749 1700 sancto
771 1659 843 1702 ex
859 1660 973 1702 non
990 1644 1451 1726 exstantibus,et
1476 1645 1635 1707 nullo
1672 1665 1916 1726 prorsus
1933 1665 2063 1708 mo-

416 1727 492 1791 do
521 1728 935 1806 existentibus,
969 1742 1115 1793 nutu
1162 1734 1480 1795 voluntatis
1512 1735 1789 1815 produxit
1821 1736 2060 1812 ccelum,

418 1825 839 1897 terram,mare
857 1830 1191 1903 cunctaque
1214 1823 1287 1884 iis
1310 1832 1612 1896 contenta;
1636 1826 1855 1905 quique
1874 1836 2065 1887 mate-

413 1906 664 1988 ria,quaa
688 1928 903 1991 nempe
934 1912 1199 1973 nondum
1226 1922 1503 1994 erat,non
1524 1914 1925 1994 indiguit,nec
1947 1916 2068 1996 pel-

416 1996 593 2073 libus,
630 1999 855 2074 nervis,
889 2002 1266 2081 corporibus,
1302 2003 1743 2085 sudoribusque
1778 2006 2065 2067 malorum

418 2087 938 2171 principum,quos
964 2094 1165 2153 Manes
1184 2102 1558 2155 commentus
1580 2094 2065 2157 est.Anathema-

417 2177 536 2239 tito
559 2177 827 2241 dicentes
845 2182 1280 2259 corpusamalo
1301 2183 1591 2264 principio
1614 2186 1834 2246 editum
1855 2185 2061 2267 fuisse,

417 2276 475 2327 et
506 2267 660 2328 mala
679 2276 889 2331 natura
919 2270 1532 2333 esse.Anathematizo
1559 2273 1809 2334 deliram
1852 2278 2061 2336 Mane-

416 2355 488 2415 tis
518 2354 870 2438 fabulam,in
896 2378 1011 2439 qua
1040 2360 1186 2422 dicit
1211 2379 1584 2441 nequaquam
1610 2362 1862 2423 similem
1893 2363 2064 2424 nobis

414 2441 538 2503 Deo
566 2443 883 2509 formatum
896 2466 1028 2510 esse
1044 2447 1296 2529 primum
1316 2451 1768 2531 hominem;hoc
1794 2452 2068 2525 est,Ada-

418 2535 717 2623 mum,sed
745 2534 966 2599 aSacla
989 2541 1175 2618 stupri
1206 2539 1473 2620 principe
1500 2549 1556 2602 et
1578 2540 2061 2623 Nebroda,quam

413 2622 492 2681 ait
520 2638 653 2684 esse
684 2625 1208 2702 materiam,factos
1244 2629 1426 2690 fuisse
1447 2629 1742 2691 Adamum
1778 2639 1836 2692 et
1858 2622 2060 2704 Evam;

414 2729 482 2771 ac
504 2711 673 2773 illum
700 2713 938 2793 quidem
975 2725 1240 2779 creatum
1285 2737 1418 2781 esse
1449 2718 1639 2781 ferina
1665 2720 1876 2790 forma,
1912 2723 2065 2782 hanc

414 2818 553 2862 vero
586 2801 940 2881 inanimam;
970 2816 1149 2884 atque
1182 2807 1665 2889 Evamquidema
1689 2811 1948 2872 mascula
1969 2830 2067 2873 vo-

414 2897 539 2980 cata
568 2892 791 2971 virgine
821 2894 995 2957 vitam
1028 2896 1355 2979 accepisse,
1391 2898 1682 2959 Adamum
1721 2913 1921 2962 autem
1957 2920 2067 2980 per

418 2979 592 3041 Evam
646 2981 877 3071 feritate
936 2984 1276 3049 liberatum.
1323 2989 1777 3050 Anathematizo
1830 3008 1934 3050 eos
1960 2979 2067 3071 qui

413 3080 690 3132 asserunt
710 3070 1025 3136 Dominum
1051 3084 1319 3138 nostrum
1350 3078 1552 3139 Jesum
1585 3076 1885 3141 Christum
1925 3080 2064 3157 Opi-

2147 576 2244 637 τῆς
2275 569 2514 633 Παλαιᾶς
2548 570 2845 644 Διαθήκης,
2878 569 2913 637 ἤ
2956 575 3054 638 τῆς
3090 571 3316 652 Καινῆς,
3344 574 3433 628 καὶ
3465 573 3685 629 ἀθετεῖν
3717 567 3811 631 καῖ

2147 657 2364 739 ὑϐρίζειν
2429 657 2693 739 Ἀϐραὰμ,
2754 659 2839 715 xui
2881 658 3086 736 Ἰσαὰκ,
3138 660 3229 716 xui
3261 658 3481 740 Ἰακὼϐ,
3541 663 3633 718 xui
3687 662 3807 731 ’1η-

2147 756 2270 806 σοῦν
2298 750 2389 806 τὸν
2463 754 2557 806 τοῦ
2622 748 2795 828 Ναυῆ,
2857 752 2944 805 καὶ
2991 749 3271 825 Σαμουὴλ,
3334 751 3424 807 καὶ
3459 748 3649 826 Δαϐἶδ,
3715 756 3800 810 xui

2149 836 2356 916 Ἠλίαν,
2428 838 2518 894 xui
2572 836 2692 901 τοὺς
2751 835 2968 901 λοιποὺς
3011 837 3214 904 πάντας
3246 840 3551 920 προφῆτας,
3591 842 3689 897 xui
3732 844 3793 899 τὰ

2147 925 2272 1005 παρ’
2334 925 2506 983 αὖτῶν
2567 926 2956 1009 συγγραφέντα.
3012 928 3111 985 Καὶ
3157 926 3369 1003 ἁπλῶς,
3426 928 3797 1005 ἀναθεματίζω

2144 1015 2265 1081 τοὺς
2294 1014 2747 1095 βλασφημοῦντας
2779 1017 2871 1073 τὸν
2892 1016 3139 1084 ἀληθινὸν
3173 1026 3267 1077 τοῦ
3296 1019 3495 1081 παντὸς
3529 1020 3800 1095 ποιητὴν,

2145 1106 2233 1161 καὶ
2282 1105 2359 1181 μὴ
2388 1103 2789 1184 ὁμολογοῦντας
2820 1104 2911 1163 ἕνα
2940 1106 3028 1162 καὶ
3070 1108 3162 1163 τὸν
3193 1108 3351 1164 αὐτὸν
3382 1107 3524 1163 εἶναι
3553 1107 3806 1172 παλαϊας

2148 1195 2235 1250 καὶ
2282 1197 2476 1263 καινῆς
2540 1195 2822 1265 Διαθήκης
2876 1196 3032 1270 Θεὸν,
3065 1198 3152 1253 xui
3194 1196 3314 1262 τοὺς
3347 1196 3401 1253 ἐν
3431 1197 3649 1277 ἑκατέρᾳ
3678 1200 3801 1255 δια-

2148 1281 2486 1358 λάμψαντας,
2514 1283 2692 1361 ἁγίους
2740 1284 2880 1341 εἶναι
2903 1285 3246 1350 πιστεύοντας
3278 1286 3367 1342 καὶ
3396 1285 3569 1367 φίλους
3624 1295 3782 1347 Θεοῦ.

2146 1371 2539 1447 Ἀναθεματίζω
2610 1372 2785 1429 πάντα
2835 1372 3105 1453 ἄνθρωπον
3158 1387 3249 1431 τὸν
3294 1377 3374 1449 μὴ
3426 1377 3795 1454 ὁμολογοῦντα

2146 1460 2238 1518 ἕνα
2262 1460 2424 1535 μόνον
2454 1462 2597 1518 ε’ίναι
2628 1463 2757 1518 Θεὸν
2799 1462 3071 1539 ἀληθινὸν,
3106 1464 3303 1543 ἀγαθόν
3324 1486 3382 1522 τε
3409 1466 3498 1521 xui
3529 1463 3800 1545 81“;me-

2144 1552 2236 1627 γὸν
2308 1551 2395 1607 καὶ
2424 1551 2848 1632 παντοκράτορα,
2886 1554 2978 1610 τὸν
3010 1553 3219 1633 Πατέρα
3262 1562 3356 1611 τοῦ
3399 1557 3589 1633 Κυρίου
3638 1556 3797 1631 ἡμῶν

2148 1637 2325 1706 ’ῐησοῦ
2390 1646 2636 1718 Χριστοῦ,
2665 1641 2756 1697 τὸν
2798 1642 2890 1697 σὺν
2943 1643 3085 1699 αύτῶ
3134 1643 3223 1700 xui
3282 1651 3361 1718 τῷ
3402 1644 3539 1722 ἁγίῳ
3623 1647 3801 1701 Πνεύ-

2148 1750 2275 1804 ματι
2306 1727 2366 1786 ἐκ
2413 1728 2489 1805 μὴ
2550 1730 2716 1787 ὅντων
2767 1730 2855 1786 καί
2906 1729 3135 1807 μηδαμῆ
3194 1731 3459 1809 μηδαμῶς
3504 1733 3801 1810 ὄντων,τῇ

2091 1816 2286 1894 Βροπῇ
2342 1824 2435 1874 τοῦ
2482 1816 2789 1894 θελήματος
2848 1820 3218 1899 προαγαγόντα
3278 1843 3367 1878 τον
3420 1823 3642 1900 ὠρανὸν
3713 1825 3801 1878 xui

2149 1906 2245 1976 τὴν
2303 1906 2403 1985 γῆν
2466 1909 2552 1964 xui
2597 1909 2695 1975 τὴν
2716 1908 2984 1967 θάλασσαν
3035 1912 3122 1967 καὶ
3165 1912 3337 1968 πάντα
3388 1912 3455 1968 τα
3484 1914 3538 1967 ἓν
3581 1916 3797 1985 αῦτοῐς,

2150 1997 2237 2053 xui
2291 1996 2370 2072 μὴ
2395 1994 2646 2064 δεηθέντα
2701 1997 2833 2067 ὕλης
2865 2004 2963 2067 τῆς
2996 1998 3221 2076 μηδέπω
3253 2001 3440 2075 οὔσης,
3474 2002 3616 2074 μήτε

2152 2090 2257 2142 σῶν
2329 2087 2415 2142 καὶ
2476 2086 2667 2164 νεύρων
2717 2089 2805 2144 καὶ
2855 2089 3119 2165 σωμάτων
3172 2090 3260 2146 καὶ
3279 2088 3514 2168 ἱδρώτων
3544 2095 3656 2147 τῶν
3687 2113 3799 2146 πο-

2152 2178 2324 2255 νηρῶν
2383 2175 2683 2256 ἀρχόντων,
2744 2175 2881 2241 ούςὸ
2944 2177 3128 2245 Μαίνης
3175 2177 3495 2243 ἀνέπλασεν,
3564 2178 3800 2235 Ἀναθε-

2146 2265 2349 2341 ματίζω
2419 2266 2540 2329 τοὺς
2591 2264 2843 2344 λέγοντας
2874 2265 3039 2324 ὅτιτὸ
3068 2270 3223 2343 σῶμα
3286 2268 3347 2323 ἐκ
3401 2273 3501 2334 τῆς
3550 2274 3797 2347 πονηρᾶς

2146 2353 2319 2433 ἀρχῆς
2377 2352 2606 2428 ὑπέστη,
2637 2355 2724 2411 xui
2755 2353 2835 2411 ὅτι
2866 2355 3018 2436 φύσει
3071 2355 3181 2413 ἔστι
3212 2357 3278 2413 τὰ
3337 2357 3503 2419 κακά.
3568 2357 3796 2413 Ἀναθε-

2148 2441 2350 2518 ματίζω
2403 2442 2493 2497 τὸν
2551 2441 2767 2521 ληρώδη
2824 2445 3089 2511 Μάνεντος
3147 2450 3331 2525 μῦθον,
3365 2445 3418 2501 ἐν
3449 2453 3495 2520 ᾦ
3528 2468 3662 2525 φησι
3719 2448 3799 2521 μή

2147 2531 2333 2608 ὅμοιον
2362 2530 2500 2609 ἡμῖν
2557 2530 2945 2591 διαπεπλάσθαι
2987 2536 3087 2592 ὑπὸ
3131 2544 3222 2593 τοῦ
3262 2538 3393 2594 Θεοῦ
3425 2538 3518 2593 τὸν
3578 2543 3798 2613 πρῶτον

2148 2622 2441 2702 ἄνθρωπον,
2501 2623 2736 2680 τουτέστι
2782 2625 2874 2681 τὸν
2925 2623 3120 2705 Ἀδὰμ,
3154 2623 3290 2683 ἀλλὰ
3318 2626 3418 2681 ὑπὸ
3466 2634 3559 2683 τοῦ
3606 2625 3796 2682 Σακλᾶ

2148 2718 2241 2768 τοῦ
2268 2712 2367 2777 τῆς
2388 2712 2629 2791 πορνείας
2659 2712 2950 2795 ἄρχοντος,
2984 2717 3072 2771 καὶ
3117 2715 3211 2782 τῆς
3244 2712 3475 2793 Νεϐρὼδ,
3547 2715 3610 2781 ἤν
3643 2716 3793 2771 εἶναι

2148 2801 2246 2867 τὴν
2287 2798 2420 2868 ὕλην
2490 2804 2642 2883 φῆσὶ,
2689 2802 2929 2880 γενέσθαι
3000 2806 3089 2860 τὸν
3137 2801 3307 2879 Ἀδὰμ
3337 2804 3422 2859 xui
3468 2804 3569 2871 τὴν
3627 2804 3790 2862 Εὕαν*

2145 2891 2235 2947 καὶ
2316 2891 2405 2946 τὸν
2455 2891 2552 2966 μὲν
2583 2892 2941 2970 θηριόμορφον
2971 2892 3274 2963 κτισθῆναι,
3321 2892 3420 2959 τὴν
3452 2891 3507 2948 δὲ
3544 2892 3798 2972 ἄψυχον*

2148 2980 2235 3035 καὶ
2304 2979 2403 3047 τὴν
2435 2980 2531 3055 μὲν
2577 2979 2711 3038 Εὔαν
2741 2982 2843 3038 ὑπὸ
2874 2981 2969 3049 τῆς
3000 2980 3278 3061 ἀρῤενικῆς
3310 2981 3609 3059 λεγομένης
3643 3004 3793 3059 παρ-

2147 3068 2296 3126 θένου
2367 3068 2693 3145 μεταλαϐεῖν
2763 3076 2930 3150 ζωῆς,
2964 3073 3057 3128 τὸν
3089 3070 3259 3149 Ἀδὰμ
3293 3071 3346 3129 δὲ
3379 3074 3481 3129 ὑπὸ
3526 3077 3626 3139 τῆς
3662 3072 3801 3137 Εὔας

419 3160 600 3222 nione
623 3162 1052 3225 manifestatum
1087 3164 1273 3227 fuisse
1296 3166 1543 3241 mundo,
1574 3185 1683 3228 nec
1710 3156 2065 3248 proﬁtentur

2151 3156 2523 3237 ἀπαλλαγῆναι
2581 3159 2675 3227 τῆς
2731 3159 3036 3239 θηριωδίας.
3071 3161 3463 3237 Ἀναθεματίζω
3511 3163 3637 3225 τοὺς
3714 3161 3798 3218 λέο

422 3251 615 3330 ipsum
644 3268 790 3313 vere
821 3271 1061 3315 carnem
1085 3255 1480 3335 assumpsisse
1512 3275 1581 3317 ex
1606 3265 1808 3318 sancta
1838 3258 2065 3337 virgine

2151 3269 2337 3326 γοντας
2388 3249 2478 3303 τὸν
2548 3250 2734 3326 Κύριον
2790 3252 2946 3326 ἡμῶν
3004 3249 3211 3319 Ἰησοῦν
3280 3252 3505 3330 Χριστὸν
3566 3250 3795 3321 δοκήσει

423 3340 601 3401 Maria
633 3359 668 3403 a
699 3341 923 3405 Davide
954 3350 1106 3419 orta,
1140 3363 1379 3407 carnem
1414 3347 1728 3408 humanam
1774 3348 2065 3426 nobisque

424 3430 1015 3509 consubstantialem,
1033 3444 1209 3516 atque
1238 3435 1494 3516 perfecte
1515 3436 1819 3498 hominem
1842 3437 2061 3499 factum

2147 3340 2544 3417 πεφανερῶσθαι
2601 3344 2677 3412 τῷ
2704 3339 2912 3415 κόσμῳ,
2947 3341 3036 3397 xui
3066 3341 3143 3416 μῆ
3175 3340 3568 3418 ὁμολογοῦντας
3628 3343 3792 3397 αὺτὸν

2147 3429 2507 3503 σεσαρκῶσθαι
2559 3428 2771 3496 ἀληθῶς
2801 3430 2863 3485 kx
2918 3435 3016 3497 τῆς
3049 3431 3203 3508 ἁγίας
3259 3429 3517 3508 παρθένου
3587 3432 3798 3506 Μαρίας

424 3535 582 3591 esse;
605 3519 677 3581 ab
695 3539 883 3603 eaque
905 3513 1155 3603 Virgine
1184 3513 1447 3603 genitum
1486 3525 1670 3586 fuisse
1686 3534 2064 3605 posttempus

2151 3520 2244 3581 τῆς
2304 3515 2364 3572 ἐκ
2410 3513 2569 3573 Δαϐὶδ
2626 3517 3018 3598 καταγομένης,
3072 3519 3239 3596 σάρκα
3296 3519 3393 3585 τὴν
3453 3520 3800 3597 ἀνθρωπίνην

426 3626 637 3672 novem
663 3613 979 3687 mensium,
1016 3614 1157 3676 item
1184 3614 1256 3675 ad
1292 3616 1655 3693 trigesimum
1682 3633 1902 3675 annum
1931 3633 2062 3675 cum

428 3700 767 3762 hominibus
820 3711 1115 3764 versatum
1156 3704 1363 3785 fuisse,
1396 3705 1537 3766 dein
1593 3704 1946 3785 baptizatum
2007 3704 2063 3764 in

424 3788 685 3851 Jordane
745 3809 778 3852 a
834 3793 1209 3854 sanctissimo
1267 3812 1636 3871 pracursore
1695 3803 1753 3853 et
1807 3793 2068 3874 Baptista

425 3882 674 3953 Joanne,
722 3898 791 3941 ac
817 3883 1221 3943 testimonium
1278 3884 1552 3946 retulisse
1581 3903 1614 3945 a
1645 3884 1892 3959 caelesti,
1933 3903 2066 3945 vero

427 3966 703 4048 bonoque
733 3971 930 4051 Patre,
963 3970 1119 4050 quod
1151 3972 1279 4051 ipse
1301 3973 1433 4052 ejus
1466 3982 1621 4035 esset
1656 3974 1861 4055 Filius,
1896 3992 2068 4036 verus

430 4058 589 4118 Deus
639 4066 815 4141 atque
856 4059 912 4119 ei
961 4059 1509 4138 consubstantialis,
1562 4079 1667 4144 per
1712 4064 2069 4126 incarnatio-

430 4164 566 4208 nem
618 4166 687 4212 ex
740 4147 981 4228 Virgine
1028 4149 1217 4213 factus
1268 4152 1468 4228 homo,
1504 4172 1821 4216 remanens
1874 4162 2069 4215 tamen

429 4238 611 4303 Deus.

509 4406 583 4470 II.
617 4409 1065 4474 Anatbematizo
1095 4411 1293 4492 igitur,
1328 4421 1391 4475 ut
1434 4413 1658 4476 dictum
1693 4425 1804 4489 est,
1839 4432 1941 4475 eos
1969 4414 2073 4493 qui

2148 3606 2235 3661 xui
2293 3605 2432 3680 ἡμῖν
2481 3606 2785 3687 ὁμοούσιον,
2859 3609 2945 3686 xui
2994 3606 3208 3671 τελείως
3238 3607 3668 3685 ἐνανθρωπ-ῆσαι,
3705 3612 3803 3666 καὶ

2149 3697 2407 3774 τεχθῆναι
2460 3693 2512 3760 ἐξ
2570 3697 2737 3764 αὐτῆς
2807 3696 2875 3753 δι’
2933 3698 3307 3772 ἒνναμηνιαίου
3332 3698 3553 3777 χρόνου,
3587 3701 3676 3753 καὶ
3705 3698 3803 3755 ἐπὶ

2148 3785 2459 3862 τριακοστὸν
2505 3786 2622 3849 ἕτος
2654 3786 2945 3865 ἀνθρώποις
3012 3792 3525 3867 συναναστραφῆναι,
3558 3796 3646 3843 χαι
3671 3788 3789 3861 βα-

2150 3876 2433 3941 πτισθῆναι
2495 3875 2597 3931 ὑπὸ
2641 3873 2885 3934 Ἰωάννου
2959 3882 3051 3933 τοῦ
3110 3877 3416 3951 ἁγιωτάτου
3482 3873 3798 3954 προδρόμου

2151 3964 2238 4019 καὶ
2269 3971 2569 4023 Βαπτιστοῦ
2625 3964 2680 4021 ἐν
2739 3972 2814 4041 τῷ
2866 3964 3126 4043 Ἰορδάνῃ,
3184 3967 3272 4022 καὶ
3303 3967 3406 4023 ὑπὸ
3438 3972 3529 4022 τοῦ
3549 3965 3802 4046 οὒρανίου

2153 4053 2241 4110 καὶ
2310 4052 2560 4122 ἀληθινοῦ
2585 4054 2672 4111 καὶ
2729 4055 2924 4134 ἀγαθοῦ
2960 4058 3355 4135 μαρτυρηθῆναι
3422 4057 3657 4131 Πατρὸς,
3722 4059 3800 4120 ὡς

2155 4144 2311 4209 αὐτὸς
2340 4144 2431 4211 εἵη
2463 4145 2491 4201 ὀ
2522 4146 2640 4210 Υἱὸς
2683 4148 2842 4205 αὐτοῦ
2870 4146 2897 4201 ό
2926 4144 3175 4212 ἀληθινὸς
3201 4146 3331 4207 Θεὸς
3375 4145 3462 4201 xui
3507 4146 3802 4219 ὀμοούσιος

2154 4233 2318 4307 αὐτῷ,
2371 4234 2634 4312 σαρκώσει
2692 4240 2760 4312 τῇ
2806 4234 2866 4291 ἐκ
2886 4235 3149 4315 Παρθένου
3194 4234 3478 4313 γενόμενος
3512 4234 3794 4314 ἄνθρωπος

2156 4325 2291 4400 μετὰ
2321 4331 2415 4382 τοῦ
2446 4337 2629 4399 μεῖναι
2664 4325 2821 4390 Θεός.

2236 4412 2631 4491 ’Λναθεματίζω
2686 4422 2796 4489 οῦν,
2870 4416 2941 4481 ὡς
2971 4414 3209 4492 εἴρηται,
3240 4414 3360 4477 τοὺς
3420 4414 3563 4492 παρὰ
3633 4417 3804 4473 ταῦτα

432 4509 638 4564 contra
666 4502 793 4563 haec
820 4501 1106 4577 sentiunt,
1135 4510 1191 4565 et
1224 4504 1404 4565 alium
1434 4504 1672 4585 quidem
1710 4504 1910 4565 volunt
1943 4522 2065 4565 esse

2158 4510 2500 4587 φρονοῦντας,
2559 4505 2647 4562 καὶ
2678 4503 2839 4562 ἄλλον
2871 4505 2969 4581 μὲν
2990 4504 3246 4583 λέγοντας
3282 4509 3422 4560 εἶναι
3474 4506 3567 4560 τὸν
3598 4525 3803 4582 γεννη-

433 4610 568 4653 eum
602 4591 707 4669 qui
740 4601 915 4652 natus
946 4591 1023 4651 sit
1046 4569 1117 4653 ei
1146 4569 1579 4674 Maria,qui.ppe
1612 4594 1936 4675 baptizatus
1969 4613 2065 4655 seu

2156 4569 2309 4650 θέντα
2368 4594 2427 4650 ἐκ
2469 4569 2696 4674 έίαρίας,
2728 4596 2814 4651 καὶ
2839 4596 3216 4672 βαπτισθέντα,
3250 4592 3451 4670 μᾶλλον
3484 4591 3538 4648 δὲ
3573 4596 3651 4657 ὡς
3701 4596 3804 4651 αὖ·

431 4681 711 4743 intinctus
742 4682 989 4761 sit,imo,
1012 4689 1075 4743 ut
1095 4682 1503 4762 ipsidelirant,
1530 4683 1863 4755 demersus;
1894 4684 2070 4744 alium

432 4788 569 4832 vero
602 4790 737 4833 eum
770 4770 869 4852 qui
903 4790 969 4832 ex
994 4790 1142 4851 aqua
1173 4773 1530 4854 ascenderit,
1551 4774 2073 4852 testimoniumque

430 4861 933 4941 acceperit,quem
958 4862 1357 4940 etingenitum
1380 4866 1579 4924 Jesum
1597 4882 1662 4926 ac
1680 4867 1904 4926 Lumen
1926 4882 2073 4924 nun-

433 4959 652 5031 cupant
674 4950 773 5032 qui
806 4950 867 5013 in
895 4952 1080 5031 ﬁgura
1102 4952 1362 5014 hominis
1387 4956 1751 5035 apparuerit;
1784 4966 1963 5034 atque
1993 4954 2070 5013 il-

432 5040 553 5102 lum
577 5040 820 5120 quidem
846 5040 1185 5104 fabulantur
1200 5061 1382 5104 essea
1407 5045 1560 5105 malo
1588 5044 2074 5125 principio,hunc

434 5137 628 5192 autem
660 5148 695 5191 a
724 5129 905 5195 bono.
932 5132 1375 5195 Anathematizo
1402 5152 1504 5195 eos
1534 5134 1634 5214 qui
1669 5134 1835 5196 aiunt
1863 5133 2072 5197 Domi-

436 5239 575 5281 num
600 5229 866 5283 nostrum
893 5222 1093 5284 Iesum
1139 5224 1435 5285 Christum
1470 5223 1906 5285 existimatione
1950 5222 2075 5283 sola

434 5328 667 5392 passum
701 5330 856 5392 esse,
917 5319 974 5374 et
1014 5311 1198 5376 alium
1245 5312 1487 5395 quidem
1543 5332 1674 5374 esse
1712 5332 1845 5374 eum
1879 5314 1977 5393 qui
2012 5313 2073 5373 in

432 5419 632 5476 cruce,
659 5401 840 5463 alium
872 5420 1009 5465 vero
1040 5403 1140 5485 qui
1163 5403 1366 5486 procul
1391 5404 1464 5464 ab
1495 5422 1563 5466 ea
1592 5403 2073 5477 stabat,riilebat-

433 5510 553 5569 que
583 5500 863 5573 tanquam
880 5490 995 5555 alio
1017 5512 1127 5574 pro
1150 5513 1215 5556 se
1228 5494 2073 5577 perpetiente.Anathematizo

432 5580 1039 5663 itapueillos,quinon
1060 5584 1419 5646 conﬁtentur
1439 5585 1636 5665 ipsum
1664 5602 1798 5647 esse
1811 5583 2071 5646 Verbum

434 5668 620 5734 Deum
650 5691 683 5736 e
713 5682 919 5737 sancta
952 5674 1204 5757 Deipara
1233 5690 1593 5757 semperque
1636 5673 1863 5756 virgine
1894 5674 2076 5739 Maria

2155 4685 2236 4741 τοὶ
2287 4682 2503 4763 ληροῦσι
2558 4684 2883 4764 βυθισθὲντα,
2907 4683 3068 4741 ἄλλον
3110 4682 3163 4739 δὲ
3222 4686 3339 4740 -τὸν
3380 4685 3443 4739 ὲκ
3487 4690 3580 4740 τοῦ
3611 4682 3804 4747 ὕδατος

2155 4772 2437 4831 ἀνελθοντα
2482 4775 2569 4831 xui
2599 4774 3016 4853 μαρτυρηθέντα,
3046 4773 3103 4830 ὃν
3141 4774 3227 4829 xui
3260 4772 3551 4851 ἀγέννητον
3582 4772 3805 4839 Ἰησοῦν

2158 4864 2244 4918 xui
2273 4862 2481 4943 Φὲγγος
2542 4864 2919 4939 ὀνομάζουσιν,
2983 4864 3037 4920 ἐν
3063 4865 3316 4943 σχήματι
3365 4861 3642 4938 ἀνθρώπου
3688 4884 3805 4942 φα-

2156 4948 2330 5031 νάντα,
2400 4954 2486 5009 xui
2515 4953 2604 5009 τὸν
2628 4954 2726 5030 μὲν
2756 4957 2895 5010 εἶναι
2939 4958 3037 5020 τῆς
3069 4957 3242 5019 κακῆς
3274 4950 3475 5030 ἆρχῆς,
3510 4952 3600 5006 τὸν
3629 4950 3682 5007 δὲ
3697 4958 3803 5018 τῆς

2156 5042 2357 5121 ἀγαθῆς
2416 5041 2815 5122 μυθολογοῦσιν,
2894 5040 3289 5117 Ἀναθεματίζω
3357 5041 3479 5102 τοὺς
3544 5039 3803 5118 λέγοντας

2156 5128 2372 5200 δοκήσει
2402 5134 2591 5189 παθεῖν
2621 5133 2710 5189 τὸν
2745 5132 2931 5209 Κύριον
2972 5130 3125 5208 imp.ch
3160 5130 3367 5197 ἰησοῦν
3404 5130 3652 5207 Χριστὸν,
3711 5132 3805 5186 xui

2156 5218 2315 5279 ἄλλον
2374 5220 2471 5296 μὲν
2514 5222 2656 5279 εἶναι
2686 5223 2778 5279 τὸν
2809 5222 2863 5278 ἐν
2894 5229 3123 5300 σταυρῷ,
3169 5219 3346 5297 ἕτερον
3378 5218 3432 5275 δὲ
3464 5221 3554 5275 τὸν

2154 5312 2240 5367 θεν
2297 5309 2501 5367 ἑστῶτα
2563 5314 2649 5368 xvi
2678 5312 2941 5392 γελῶντα,
2969 5312 3042 5375 ὡς
3066 5310 3229 5368 ἄλλου
3251 5307 3363 5365 ἀντ’
3397 5310 3552 5365 αὖτοῦ
3586 5312 3802 5365 παθόνθ-

2154 5422 2272 5464 τος,
2303 5399 2693 5476 Ἀναθεματίξω
2720 5403 2891 5461 τοίνυν
2943 5402 3064 5466 τοὺς
3111 5401 3186 5477 μὴ
3239 5401 3637 5475 ὸμολογοῦντας
3700 5402 3803 5455 αὖ-

2156 5492 2247 5546 τὸθ
2276 5490 2418 5547 εῖναι
2476 5492 2566 5547 τὸν
2595 5494 2655 5547 εκ
2708 5498 2803 5559 τῆς
2835 5492 2987 5570 ἁγίας
3020 5490 3282 5548 Θεοτόκου
3312 5489 3397 5546 xui
3453 5488 3806 5565 ἀειπαρθένου

2158 5582 2358 5661 Μαρίας
2410 5581 2741 5660 σαρκωθέντα
2773 5584 2903 5641 Θεὸν
2970 5582 3164 5662 Λόγον,
3202 5582 3289 5638 xui
3322 5578 3663 5659 γεννηθέντα,
3717 5580 3807 5635 καὶ

2156 5668 2274 5732 κατ’
2323 5671 2574 5743 ἀλήθειαν
2640 5671 3002 5756 σταυρωθέντα
3062 5673 3237 5755 σαρκὶ,
3306 5671 3394 5728 xui
3466 5670 3806 5731 ἀποθανόντα
