4058 6206
303 381 464 446 1465

1395 376 2031 442 RECOGNITIONES.
2060 407 2137 420 —
2168 372 2576 438 APPENDIX.

3519 375 3669 440 1466

295 514 511 582 ἀληθῶς
571 513 745 591 σαρκὶ,
806 512 893 567 καὶ
965 512 1250 590 τριήμερον
1312 512 1611 570 ἀναστάντα
1655 514 1729 576 ὡς
1784 512 1931 570 Θεόν.

2023 507 2493 584 incarnatum,et
2522 509 3055 590 genitum,necnon
3086 529 3295 574 revera
3328 527 3508 575 carne
3534 529 3675 573 cru—

297 602 689 679 Ἀναθεματίζιι
749 602 868 664 τοὺς
927 602 1017 658 τὸν
1075 602 1296 680 Χριστὸν
1361 599 1613 680 λέγοντας
1645 602 1788 660 εἶναι
1841 603 1931 658 τὸν

287 691 471 773 ἥλιον,
524 692 613 748 καὶ
684 690 1009 770 εὐχομένους
1042 697 1120 765 τῷ
1146 688 1307 771 ἡλίῳ,
1339 689 1375 758 ἦ
1404 696 1472 768 τῇ
1502 688 1725 768 σελὴνῃ,
1759 695 1796 764 ἥ
1815 705 1932 756 τοῖς

289 778 534 862 ἄστροις,
581 781 669 838 καὶ
725 777 863 846 ὅλως
906 783 1090 842 αὒτοτς
1121 781 1194 843 ὡς
1225 783 1370 845 θεοῖς
1429 780 1816 863 προσέχοντας,
1847 783 1936 839 καὶ

287 871 618 951 φανοτάτους
672 869 822 934 θεοὺς
881 867 1305 934 ἀποκαλοῦντας·
1373 871 1463 926 καί
1500 871 1619 933 τοὺς
1679 871 1757 946 μὴ
1803 871 1934 950 πρὸς

291 960 557 1024 ἀνατολάς
611 959 774 1035 μόνον
823 965 900 1033 τῷ
929 957 1128 1026 ἀληθεῖ
1161 966 1277 1034 Θιῷ
1306 959 1656 1040 εὐχομένους,
1706 957 1843 1016 ἀλλά
1869 965 1938 1036 τῇ

292 1061 389 1112 τοῦ
442 1049 590 1119 ἡλίου
615 1050 823 1120 κινήσει
871 1048 1426 1130 συμπεριφερομένους
1471 1047 1527 1104 ἐν
1571 1062 1694 1112 ταῖς
1727 1049 1938 1127 μυρίαις

295 1142 470 1198 αὐτῶν
511 1150 868 1218 προσευχαῖς.
903 1136 1295 1214 Ἀναθεματίζω
1337 1138 1458 1202 τοῦς
1519 1139 1612 1195 τὸν
1673 1135 1935 1218 Ζαράδην,

295 1231 388 1287 καὶ
438 1230 528 1286 τὸν
589 1225 812 1302 Βουδᾶν,
843 1229 929 1285 καὶ
957 1229 1048 1285 τὸν
1080 1229 1337 1306 Χριστὸν,
1370 1228 1572 1285 καὶτὸν
1602 1235 1936 1308 Μανιχαϊον,

288 1321 380 1377 καὶ
409 1319 502 1374 τὸν
530 1316 708 1392 ἥλιον,
734 1317 825 1373 ἕνα
854 1318 942 1374 καὶ
975 1319 1064 1374 τὸν
1099 1318 1256 1374 αὐτὸν
1288 1317 1430 1373 εἶναι
1464 1315 1742 1396 λέγοντας.
1773 1313 1937 1372 Ἀνα-

289 1408 563 1484 θεματίζω
627 1407 749 1470 τοὺς
820 1406 911 1462 τὸν
999 1403 1371 1484 Παράκλητυν,
1455 1405 1512 1463 ὅν
1575 1403 1937 1485 ἐπηγγείλατο

288 1498 526 1573 πέμπειν
549 1496 578 1553 ὃ
611 1497 820 1573 Κύριος,
851 1494 1164 1571 τολμῶντας
1198 1494 1373 1573 λέγειν
1404 1496 1493 1552 τὸν
1539 1492 1768 1550 δείλαιον
1819 1494 1937 1550 Μά-

2017 597 2242 679 cilium,
2273 616 2412 661 vere
2444 617 2621 661 carne
2644 599 3264 682 mortuum,tertioque
3292 600 3391 663 die
3413 601 3672 662 suscita-

2018 695 2162 758 tum,
2191 695 2398 768 utpote
2420 687 2632 750 Deum.
2667 686 3111 750 Anathematizo
3133 707 3236 750 eos
3257 689 3357 771 qui
3382 690 3675 753 afﬁrmant

2019 775 2322 839 Christum
2359 795 2494 839 esse
2509 776 2791 851 solem,et
2813 777 2884 838 ad
2903 777 3216 852 solem,vel
3238 778 3672 859 lunam,velas-

2024 873 2112 926 tra
2145 882 2355 944 preces
2386 866 3060 948 deferunt,omninoque
3091 865 3212 929 illis
3244 874 3307 928 ut
3336 867 3451 930 diis
3471 877 3669 932 atten-

2021 954 2534 1037 dunt,vocantque
2555 955 2700 1018 deos
2724 955 3296 1018 lucidissimoszitem
3318 973 3421 1018 eos
3438 959 3539 1036 qui
3555 977 3672 1021 non

2023 1043 2202 1106 modo
2231 1043 2304 1106 ad
2336 1041 2646 1107 Orientem
2675 1063 2817 1108 vero
2845 1047 2965 1109 Deo
2997 1046 3358 1128 supplicant,
3380 1045 3486 1109 sed
3505 1047 3674 1127 juxta

2021 1141 2246 1198 motum
2262 1133 2405 1195 solis
2429 1135 2860 1198 circumferunt
2879 1153 2944 1198 se
2965 1137 3024 1196 in
3047 1137 3171 1197 suis
3193 1136 3522 1198 innumeris
3545 1156 3674 1199 ora-

2021 1221 2767 1286 tionibus.Anathematizo
2789 1224 2924 1287 illos
2939 1224 3040 1305 qui
3063 1225 3346 1288 Zaradem
3370 1233 3427 1288 et
3448 1226 3671 1288 Budam

2021 1325 2076 1374 et
2103 1311 2406 1374 Christum
2439 1322 2498 1375 et
2528 1313 2922 1377 Manichaeum
2949 1324 3009 1377 et
3037 1315 3249 1392 solem,
3289 1335 3474 1377 unum
3499 1334 3672 1378 eum-

2022 1400 2280 1482 demque
2295 1420 2427 1464 esse
2449 1401 3139 1467 dicunt.Anathematizo
3163 1424 3266 1468 eos
3281 1405 3382 1486 qui
3403 1404 3674 1468 Paracle-

2027 1498 2152 1552 tum
2190 1509 2368 1572 quem
2392 1491 2685 1554 Dominus
2708 1496 3032 1557 missurum
3055 1513 3120 1558 se
3151 1495 3673 1576 promisit,audent

285 1609 470 1662 νεντα,
527 1587 616 1643 καὶ
667 1585 746 1661 μὴ
803 1582 1199 1663 ὁμολογοῦντας
1231 1586 1320 1642 τὸν
1363 1584 1614 1652 ἀληθινὸν
1643 1581 1931 1663 Παράκλη-

2024 1579 2228 1642 dicere
2248 1580 2535 1643 miserum
2556 1583 3082 1665 Manetem,neque
3094 1585 3454 1647 conﬁtentur
3466 1601 3668 1646 verum

285 1701 380 1736 τον
453 1678 514 1733 τὸ
569 1682 783 1751 Πνεῦμα
807 1676 904 1741 τῆς
948 1671 1221 1754 ἀληθείας,
1255 1672 1426 1738 ὅτοϊς
1474 1673 1654 1752 ἁγίοις
1715 1681 1931 1753 Χριστοῐ

2027 1667 2398 1732 Paracletum
2431 1667 2718 1750 Spiritum
2743 1672 3136 1754 veritatis,qui
3162 1673 3221 1734 in
3236 1679 3477 1736 sanctos
3491 1672 3664 1736 Chri-

287 1771 566 1845 μαθηταῖς
613 1766 703 1822 καὶ
732 1762 1060 1828 ἀποστόλοις
1103 1762 1452 1844 ἐπεφοίτησεν
1489 1764 1544 1821 ὲν
1573 1769 1641 1840 τῇ
1665 1769 1765 1832 τῆς
1795 1769 1937 1822 Πεν-

2023 1759 2098 1820 sti
2130 1757 2542 1840 discipulosac
2560 1761 2858 1842 apostolos
2886 1761 3200 1824 descendit
3221 1761 3319 1824 die
3340 1761 3670 1825 Pentecos-

285 1859 564 1925 τηκοστῆς
604 1854 803 1934 ἡμέρᾳ,
837 1851 902 1910 δι’
937 1857 996 1910 οὗ
1038 1853 1249 1917 καὶτὰς
1297 1855 1399 1910 ὑπὸ
1430 1855 1518 1910 τὸν
1557 1853 1775 1934 οὐρανὸν
1819 1850 1931 1910 δια-

2026 1854 2136 1928 tes,
2163 1865 2269 1928 per
2289 1866 2469 1926 quem
2495 1857 2552 1911 et
2582 1850 2767 1912 totius
2795 1851 2956 1913 orbis
2987 1851 3216 1929 linguas
3239 1861 3408 1915 notas
3435 1851 3666 1914 habue-

287 1948 508 2010 λεκτους
540 1945 802 2024 ἔγνωσαν,
829 1946 917 2002 καὶ
951 1944 1162 2023 νεκροὺς
1215 1942 1454 2022 ἤγειραν,
1530 1945 1622 2000 καὶ
1678 1943 1744 2001 τὰ
1797 1941 1936 1999 ἀλλα

287 2034 558 2117 παράδοξα
615 2035 946 2113 εἰργάσαντο,
1010 2031 1404 2107 Ἀναθεματίζω
1445 2034 1567 2096 τοὺς
1598 2033 1693 2097 τάς
1738 2032 1935 2110 ἀνθρω-

287 2127 444 2190 πίνας
493 2123 673 2203 ψυχὰς
729 2122 986 2202 λέγοντας
1018 2121 1328 2197 ὁμοουσίους
1371 2122 1520 2179 εἶναι
1553 2129 1628 2194 τῷ
1660 2128 1797 2197 Θεῷ,
1850 2121 1938 2178 καὶ

287 2217 392 2272 ὑπὸ
448 2219 546 2281 τῆς
605 2211 739 2279 ὕλης
792 2215 1189 2285 καταποθῆναι,
1235 2212 1324 2268 καὶ
1353 2211 1659 2282 καθέζεσθαι
1713 2218 1800 2268 νῦν
1845 2211 1936 2266 τὸν

292 2307 447 2381 Θεὸν,
479 2305 566 2360 καὶ
597 2303 792 2368 ταύτας
823 2301 1123 2368 ἐξαντελεῖν
1153 2301 1387 2358 κάτωθεν
1422 2299 1507 2357 διά
1535 2308 1628 2357 τοῦ
1662 2300 1815 2368 ἡλίου
1846 2300 1936 2356 καὶ

291 2402 389 2462 τῆς
459 2392 715 2464 σελὴνης,
747 2392 784 2448 ἅ
830 2393 915 2448 καὶ
979 2390 1148 2448 πλοῖα
1205 2389 1481 2453 καλοῦσιν.
1546 2387 1937 2464 Ἀναθεματίζω

294 2485 415 2550 τοὺς
471 2486 568 2549 τὴν
617 2481 1042 2561 μετεμψύχωσιν
1099 2477 1408 2550 δοξάζοντας
1454 2478 1521 2545 ἤν
1552 2481 1700 2536 αὐτοὶ
1730 2477 1936 2534 καλοῦ-

297 2595 378 2629 σιν
435 2573 799 2650 μεταγγισμδν
843 2571 1056 2650 ψυχῶν,
1091 2570 1178 2624 καὶ
1208 2568 1328 2633 τοὺς
1361 2569 1454 2630 τας
1483 2569 1708 2645 βοτάνας
1750 2567 1843 2624 καὶ
1871 2566 1937 2622 τὰ

2021 1944 2258 2014 runt,ac
2278 1945 2540 2000 mortuos
2552 1940 3191 2023 suscitarunt,aliaque
3219 1941 3503 2004 miracula
3520 1961 3667 2024 Ope-

2020 2026 2130 2088 rati
2162 2034 2322 2091 sunt.
2355 2027 2802 2092 Anathematizo
2830 2049 2933 2092 eos
2979 2031 3076 2112 qui
3123 2031 3414 2094 humanas
3443 2033 3672 2094 animas

2021 2119 2144 2179 Deo
2177 2115 2712 2180 consubstantiales
2735 2120 3033 2195 dicunt,et
3052 2138 3085 2180 a
3106 2121 3352 2182 materia
3369 2119 3664 2183 absorbe-

2021 2203 2386 2282 ri,nuncque
2416 2205 2629 2269 sedere
2640 2207 2830 2270 Deum
2850 2227 2916 2272 ac
2933 2228 3034 2272 eas
3053 2209 3291 2272 haurire
3317 2211 3388 2272 ab
3417 2213 3535 2272 imo
3561 2230 3669 2292 per

2017 2294 2204 2355 solem
2221 2294 2661 2377 etlunam,qua3
2690 2297 2867 2360 etiam
2901 2299 3135 2376 navigia
3155 2301 3666 2364 vocant.Anathe—

2019 2382 2228 2445 matizo
2261 2401 2368 2446 eos
2400 2384 2502 2465 qui
2545 2388 3109 2468 metempsycbosim
3139 2387 3666 2471 admittunt,quam

2017 2471 2133 2551 ipsi
2157 2473 2470 2536 nominant
2509 2474 2852 2536 animarum
2879 2475 2954 2538 de
2983 2494 3118 2539 vase
3148 2478 3210 2540 in
3238 2496 3338 2540 vas
3370 2478 3669 2559 migratio-

2028 2579 2164 2624 nem
2196 2582 2210 2624 :
2238 2571 2524 2642 praeterea
2571 2581 2674 2626 eos
2719 2565 2821 2646 qui
2874 2565 3111 2648 herbas,
3144 2567 3394 2648 plantas,
3428 2587 3666 2648 aquam,

294 2661 426 2740 φυτά
471 2664 562 2718 καὶ
613 2663 676 2719 τὸ
719 2658 855 2739 ὕδωρ
884 2661 972 2716 καὶ
1002 2659 1068 2715 τά
1093 2655 1229 2713 ἄλλα
1261 2659 1457 2737 πάντα,
1521 2651 1746 2737 ἔμψυχα
1807 2660 1927 2712 εἶνα

2029 2661 2363 2734 caeteraque
2400 2653 2601 2716 omnia
2650 2660 2858 2735 putant
2905 2672 3040 2719 esse
3069 2657 3348 2729 animata,
3386 2657 3670 2738 aiuntque

302 2748 801 2830 ὑπολαμϐάνοντας,
831 2749 919 2806 καὶ
947 2748 1069 2810 τοὺς
1099 2757 1264 2806 ταῦτα
1297 2746 1614 2821 κόπτοντας,
1646 2745 1766 2813 ἤτοι
1846 2742 1931 2802 λέ-

2028 2760 2232 2804 eorum
2269 2751 2530 2806 sectores
2549 2743 3017 2807 antcollectores
3049 2747 3104 2808 in
3137 2746 3236 2807 illa
3257 2753 3669 2808 transmutan-

303 2862 520 2918 γοντας,
582 2841 655 2904 εἷς
715 2839 898 2896 ἐκεῖνα
936 2833 1430 2908 μεταϐληθήσεσθαι
1489 2837 1810 2915 φάσκοντας,
1858 2834 1931 2891 καῖ

2030 2832 2160 2909 dos;
2188 2851 2296 2894 nos
2315 2841 2511 2895 autem
2545 2832 2942 2913 Christianos,
2978 2835 3075 2914 qui
3106 2834 3448 2915 hujusmodi
3491 2835 3666 2896 fabu-

295 2932 441 3004 ἡμᾶς
487 2930 606 2993 τοὺς
663 2928 1001 3008 Χριστιανούς
1058 2927 1175 2992 τούς
1237 2927 1315 3003 μὴ
1345 2924 1811 3006 παραδεχομένους
1843 2926 1931 2990 τὰς

2022 2920 2182 2982 losos
2212 2939 2524 2984 sermones
2551 2922 2796 2985 minime
2820 2924 3476 3005 recipimus,appellant
3503 2925 3666 2987 Sim-

289 3019 539 3084 τοιαύτας
600 3016 915 3095 μυθὸλογίας
969 3014 1261 3080 καλοῦντας
1315 3014 1654 3094 Ἀπλαρίους.
1713 3015 1931 3072 Ἀναθε-

2023 3010 2685 3090 plices.Anathematizo
2700 3030 2803 3074 eos
2829 3021 2949 3073 tum
2977 3011 3076 3092 qui
3108 3012 3452 3076 inﬁciantur
3471 3014 3670 3075 carnis

293 3106 501 3181 ματίζω
544 3109 668 3172 τοὺς
724 3105 1071 3184 ἀρνουμένους
1090 3105 1192 3173 τὴν
1224 3106 1329 3162 τῶν
1362 3110 1571 3182 σαρκῶν
1618 3105 1933 3182 ἀνάστασιν,

289 3198 378 3254 καὶ
434 3195 556 3260 τοὺς
581 3196 954 3274 ἀπανθρωπίαν
1011 3193 1378 3274 διδάσκοντας,
1422 3195 1509 3250 καὶ
1569 3195 1646 3270 μὴ
1699 3215 1929 3273 συγχωο

2019 3100 2529 3163 resurrectionem
2559 3120 2575 3177 ;
2615 3110 2735 3164 tum
2769 3101 2868 3183 qui
2903 3103 3392 3164 inhumanitatem
3424 3102 3662 3177 docent,

1977 3241 1992 3274 ,
2019 3208 2132 3252 nec
2163 3190 2498 3253 conceduut
2518 3190 2839 3272 quidquam
2863 3191 2989 3255 dari
3022 3192 3539 3272 pauperibus;tum
3565 3198 3663 3274 qui

281 3291 504 3364 ροῦντας
547 3282 774 3340 δίδοσθαι
803 3282 1026 3359 πένησι,
1059 3283 1148 3340 καί
1176 3284 1298 3347 τούς
1331 3285 1393 3340 τὸ
1416 3283 1746 3348 αὐτεξούσιον
1770 3283 1926 3338 ἀναι-

2018 3277 2228 3341 tollunt
2257 3277 2515 3342 liberum
2532 3281 2866 3356 arbitrium,
2879 3282 3376 3362 pronuntiantque
3397 3299 3516 3344 non
3537 3299 3668 3343 esse

288 3379 528 3452 ροῦντας,
551 3372 732 3449 καίμή
762 3371 846 3452 ἐφ’
874 3374 1011 3448 ἡμῖν
1043 3372 1184 3429 εἶναι
1208 3371 1462 3451 λέγοντας
1490 3373 1549 3428 τὸ
1571 3373 1714 3428 εἶναι
1738 3371 1927 3435 καλοῖς

283 3461 320 3528 ἤ
345 3474 556 3538 κακοῖς,
581 3460 804 3524 καίτοῦς
825 3461 1122 3541 βρωμάτιον
1149 3461 1444 3542 ἀπέχεσθαι
1468 3461 1926 3538 προστάττοντας,

289 3549 326 3605 ἅ
355 3552 382 3606 ὁ
408 3551 536 3614 Θεὸς
560 3549 763 3607 ἔκτισεν
795 3551 866 3613 εἷς
893 3548 1220 3626 μετάληψιν,
1244 3549 1646 3625 Ἀναθεματίζω
1668 3550 1787 3612 τούς
1809 3562 1929 3613 τοῖς

287 3638 502 3704 οἰκείοις
581 3638 749 3720 οὔροις
809 3639 1022 3702 ἑαυτούς
1056 3641 1390 3714 μιαίνοντας,
1422 3640 1512 3696 καί
1543 3640 1621 3714 μὴ
1653 3638 1928 3719 ἀνεχομέ-

287 3751 410 3791 νους
467 3730 562 3792 τὰς
620 3729 894 3808 ρυπαρίας.
964 3730 1137 3785 αὑτῶν
1166 3728 1316 3786 ὕδατι
1348 3726 1692 3808 ἀποπλύνειν,
1727 3728 1820 3784 ’ίνα
1852 3730 1929 3804 μὴ

283 3818 545 3896 μολυνθῇ,
607 3819 756 3899 φασί,
788 3821 851 3876 τὸ
870 3817 1030 3898 ὓδωρ.
1065 3818 1469 3894 Ἀναθεματίζω
1498 3818 1617 3882 τούς
1661 3819 1758 3887 τὴν
1790 3820 1931 3895 παρά

281 3907 440 3987 φύσιν
499 3911 884 3990 ἀσχημοσύνην
931 3907 1440 3988 κατεργαζομένους,
1496 3910 1556 3965 οῦ
1607 3910 1767 3982 μόνον
1827 3907 1926 3963 ἅν-

282 3997 434 4077 δρας,
488 3997 626 4055 ἀλλά
681 4000 768 4056 καί
823 4011 1102 4076 γυναῖκας,
1136 4000 1227 4054 τὸν
1257 3996 1310 4053 δὲ
1342 3996 1513 4076 γάμον
1545 3995 1926 4073 ἀποϐαλλομέ-

279 4108 425 4166 νους,
473 4089 564 4145 καί
613 4093 711 4155 τῆς
755 4087 1142 4164 νενομισμένης
1173 4089 1304 4166 πρὸς
1331 4089 1425 4150 τὰς
1464 4099 1720 4163 γυναῖκας
1749 4109 1930 4144 συνου-

279 4177 400 4239 σίας
470 4176 874 4257 ἀπεχομένους,
929 4176 1022 4233 ’ίνα
1053 4177 1130 4251 μὴ
1166 4175 1616 4250 παιδοποιήσωσι,
1654 4176 1806 4256 φασί,
1839 4169 1930 4232 καί

290 4267 475 4346 ψυχὰς
547 4268 619 4329 εἰς
679 4267 768 4322 τὸν
796 4263 1050 4346 βόρϐορον
1077 4266 1184 4322 τῶν
1225 4264 1563 4334 ἀνθρωπίνων
1613 4265 1774 4346 ψχῶν
1804 4286 1930 4320 κατ-

289 4357 593 4434 αγάγωσιν,

370 4444 778 4521 Ἀναθεματίζω
847 4445 934 4500 καὶ
979 4443 1382 4519 καταθεματίζω
1415 4442 1610 4506 πάντας
1643 4443 1763 4507 τοὺς
1811 4449 1931 4498 Μα-

289 4535 532 4614 νιχαίους
581 4534 672 4592 καὶ
722 4535 788 4592 τὰ
852 4533 1052 4591 τούτων
1122 4532 1435 4613 φρονήματα
1514 4534 1601 4589 καὶ
1669 4530 1930 4611 δόγματα,

2015 3369 2073 3429 in
2106 3375 2307 3430 nostra
2349 3376 2642 3449 potestate
2676 3377 2738 3431 ut
2789 3369 2930 3431 boni
2973 3377 3072 3431 aut
3101 3369 3248 3432 mali
3282 3370 3494 3450 simus,
3542 3378 3663 3432 tum

2015 3457 2118 3537 qui
2149 3458 2501 3540 przecipiunt
2550 3457 2851 3521 abstinere
2879 3459 3050 3540 cibis,
3085 3477 3234 3541 quos
3271 3459 3431 3523 Deus
3463 3468 3526 3521 ut
3557 3479 3663 3522 su-

2018 3553 2256 3610 mantur
2288 3547 2529 3612 creavit.
2556 3549 3000 3610 Anatbematizo
3032 3567 3136 3610 eos
3167 3549 3266 3630 qui
3298 3567 3362 3610 se
3395 3566 3502 3610 sua
3531 3550 3660 3610 uri-

2015 3654 2090 3696 na
2119 3636 2574 3713 sordidant,nec
2607 3637 2903 3699 sustinent
2931 3657 3081 3720 aqua
3113 3657 3248 3700 suas
3279 3638 3486 3701 sordes
3501 3637 3665 3701 ablu-

2014 3743 2141 3806 ere,
2195 3727 2495 3802 inquiunt,
2522 3745 2678 3804 aqua
2729 3727 3050 3807 polluatur.
3084 3727 3532 3791 Anathematizo
3565 3747 3666 3790 eos

2014 3816 2114 3896 qui
2144 3823 2370 3878 natura;
2419 3816 2776 3877 contrariam
2829 3816 3262 3898 turpitudinem
3297 3825 3662 3897 perpetrant,

2014 3925 2133 3967 non
2169 3905 2360 3968 solum
2392 3906 2572 3978 viros,
2604 3905 2708 3967 sed
2743 3913 2800 3967 et
2831 3905 3105 3988 feminas;
3145 3907 3378 3987 nuptias
3407 3925 3545 3968 vero
3575 3925 3667 3968 re-

2002 3995 2309 4076 jiciunt,et
2355 3994 2616 4075 legitima
2667 4012 2799 4056 cum
2838 3995 3189 4058 mulieribus
3221 3995 3662 4058 consuetudine

2009 4083 2333 4159 abstinent,
2376 4103 2452 4146 ne
2495 4084 2716 4146 liberos
2741 4085 3399 4168 suscipiant,inquiunt,
3427 4087 3667 4147 animos

2011 4192 2126 4256 que
2171 4175 2245 4237 ad
2297 4193 2531 4237 omnum
2595 4176 2991 4238 humanarum
3067 4174 3402 4236 animarum
3463 4174 3660 4236 dedu-

2018 4272 2175 4327 cant.

2097 4433 2198 4497 III.
2233 4432 2623 4496 Anatbemate
2652 4442 2711 4495 et
2735 4432 3130 4496 catathemate
3162 4431 3428 4511 percutio
3447 4446 3665 4492 omnes

2016 4521 2392 4594 Manichaeos,
2430 4541 2755 4604 eorumque
2780 4521 3106 4584 sententias
3131 4529 3187 4583 et
3220 4521 3658 4599 dogmala,cum

285 4630 382 4680 συν
414 4623 601 4688 αὐταῖς
661 4623 872 4703 ψυχαῖς
922 4645 980 4679 τε
1025 4624 1113 4679 καὶ
1143 4623 1379 4698 σώμασι,
1437 4623 1522 4679 καὶ
1590 4623 1655 4678 τά
1700 4621 1926 4699 μυσαρὰ,

2018 4613 2160 4694 ipsis
2218 4612 2528 4675 animabus
2587 4622 2643 4674 et
2667 4610 3108 4703 corporibus,et
3133 4610 3661 4703 abominanda,im-

284 4715 373 4771 καὶ
431 4713 724 4784 ἀκάθαρτα,
779 4713 867 4770 καὶ
897 4713 1146 4790 γοητείας
1196 4711 1380 4790 πλήρη
1409 4714 1694 4792 μυστήρια,
1756 4713 1842 4768 καὶ
1871 4713 1931 4767 τὸ

280 4802 610 4878 καλούμενον
682 4803 849 4860 αὐτῶν
909 4803 1087 4880 Βῇμα,
1147 4803 1234 4858 καὶ
1304 4802 1474 4858 πάντα
1531 4801 1633 4859 ὅσα
1692 4800 1927 4858 τελοῦσιν

279 4892 475 4967 ἀθέως,
546 4892 583 4948 ἆί
644 4905 763 4958 ταῖς
799 4898 1197 4971 Μανίχαῖκαϊς,
1224 4890 1428 4966 μᾶλλον
1461 4890 1515 4948 δὲ
1545 4905 1925 4971 γοητευτικαϊς

281 4985 454 5039 αὐτῶν
516 4982 827 5062 περιέχεται
896 4979 1142 5058 βιϐλίοις.
1193 4978 1586 5055 Ἀναθεματίζω
1643 4982 1815 5038 πάντα
1859 4982 1925 5036 τὰ

279 5072 524 5150 δόγματα
580 5073 670 5130 καὶ
730 5071 1122 5150 συγγράμματα
1149 5078 1242 5128 τοῦ
1289 5070 1579 5144 Μοίνεντος,
1603 5073 1690 5128 καὶ
1731 5073 1792 5128 τὸ
1821 5075 1927 5126 τῶν

282 5157 619 5219 Ἐπιστολῶν
672 5163 828 5218 αὐτοῦ
859 5159 1085 5236 βιϐλίον,
1151 5162 1239 5217 καὶ
1298 5160 1471 5224 πάσας
1501 5162 1594 5226 τὰς
1648 5167 1928 5240 Μανιχαῖ-

289 5253 388 5316 κάς
449 5249 681 5327 βίϐλους·
744 5252 864 5308 οἷον
920 5251 980 5306 τὸ
1038 5252 1350 5329 νεκροποιὸν
1403 5252 1545 5325 αὒτῷ
1574 5249 1703 5327 (73)
1755 5253 1927 5326 Εὐαγ-

288 5339 486 5421 γέλιον,
550 5342 678 5419 ὅπερ
759 5341 862 5410 ζῶν
921 5345 1162 5396 καλοῦσι·
1226 5343 1313 5397 καὶ
1383 5342 1475 5396 τὸν
1518 5341 1779 5414 θησαυρὸν
1839 5344 1930 5394 τοῦ

283 5430 530 5504 θανάτου,
566 5429 624 5486 ὅν
679 5429 889 5508 λέγουσι
945 5432 1218 5509 Θησαυρὸν
1279 5431 1444 5502 ζωῆςο
1482 5431 1568 5486 καὶ
1599 5430 1694 5497 τὴν
1727 5427 1928 5486 καλου⁹

287 5517 456 5595 μένην
517 5520 830 5598 Μυστηρίων
882 5517 1084 5595 βίϐλον,
1130 5520 1183 5576 ἐν
1242 5527 1276 5596 ᾖ
1331 5518 1641 5599 ἀνατρέπειν
1697 5525 1930 5598 πειρῶν-

372 5696 499 5780 (73)
536 5697 710 5774 Αὐτῷ.
747 5699 886 5777 [ιθς.
918 5700 1112 5767 αὐτῶν.
1146 5699 1360 5764 CO'I'EL.

2016 4721 2162 4783 pura
2193 4705 2742 4784 praestigiarumqne
2784 4700 2960 4780 plena
2997 4700 3366 4780 mysteria,et
3395 4709 3660 4762 vocatum

2016 4792 2250 4871 illorum
2282 4797 2484 4866 Bema;
2511 4792 2830 4871 omniaque
2848 4809 2979 4871 qum
3011 4790 3191 4869 impie
3217 4797 3664 4870 peragunt,qu:e

2010 4870 2070 4944 in
2107 4881 2709 4960 Manichaicis,inagis
2733 4870 2930 4942 autem
2964 4878 3430 4960 prmstigiatoriis
3455 4895 3659 4941 eorum

2012 4973 2180 5034 libris
2210 4973 2608 5036 continentur.
2629 4971 3077 5036 Anatliematizo
3113 4988 3324 5031 omnes
3347 4969 3662 5048 opiniones

2010 5081 2078 5125 ac
2109 5063 2294 5124 libros
2324 5063 2596 5137 Manetis,
2626 5072 2807 5139 atque
2844 5058 3255 5139 Epistolarum
3297 5057 3455 5119 illius
3487 5057 3659 5118 volu-

2015 5161 2529 5234 men,cunctaque
2561 5152 2781 5230 scripta
2812 5148 3206 5212 Manichaica:
3246 5147 3420 5208 veluti
3447 5146 3660 5206 morti-

2012 5243 2202 5304 ferum
2239 5260 2444 5302 eorum
2481 5237 3081 5320 Evangelium,quod
3104 5238 3302 5299 vivum
3333 5234 3656 5316 appellant;

2011 5353 2079 5395 ac
2111 5332 2481 5394 Thesaurum
2513 5326 3154 5408 mortis,quemdicunt
3184 5325 3655 5388 Thesaurumvi-

2012 5434 2113 5498 tce;
2150 5431 2207 5484 et
2240 5420 2453 5483 librum
2487 5421 2654 5482 titulo
2676 5415 3206 5499 Mysteriorum,in
3238 5435 3353 5496 quo
3388 5415 3576 5493 legem
3591 5432 3657 5475 ac

2012 5514 2338 5597 prophetas
2353 5520 2621 5576 evertere
2640 5510 2875 5571 nituntu
2889 5525 2942 5590 r;
2958 5515 3016 5570 et
3029 5505 3246 5575 librum
3263 5506 3311 5566 Α
3319 5505 3655 5593 ροογμρὴοι-
