4058 6206
268 276 300 330 1
316 268 433 333 469

1342 264 1974 333 RECOGNITIONES.
2010 302 2083 315 —
2114 268 2526 333 APPENDIX.

3492 269 3644 332 H70

252 403 755 484 ἀποστρεφομένοις
799 406 896 479 μὲν
940 412 1031 461 τοῦ
1087 406 1262 479 τιμίου
1304 404 1539 479 α’ίματος
1584 407 1672 462 xui
1715 407 1903 480 σώμα-

1992 405 2258 485 signavit;
2288 405 2361 467 iis
2393 422 2628 487 quoque
2658 408 2756 488 qui
2779 408 3091 470 fastidiunt
3120 406 3360 489 quidem
3393 406 3644 486 pretiosi

249 518 352 561 τος
396 494 489 550 τοῦ
533 500 763 570 Χριστοῦ
805 492 1108 569 κοινωνίαν,
1157 491 1515 575 ἀποδέχεσθαι
1588 491 1642 550 δὲ
1702 498 1903 563 ταύτην

249 581 785 666 σχηματιζομένοις,
818 584 907 640 καὶ
962 590 1169 641 νοοῦσιν
1219 584 1333 640 ἀντὶ
1380 584 1577 652 ταύτης
1628 584 1694 640 τὰ
1722 584 1903 663 ῥήμα-

247 698 327 733 τα
353 673 451 743 τῆς
484 674 581 730 τοῦ
611 680 836 751 Χριστοῦ
866 670 1225 747 διδασκαλίας,
1281 672 1379 748 ὧν,
1411 674 1560 753 φασὶ,
1596 672 1905 746 μεταδιδοὺς

248 776 378 829 τοῖς
417 760 737 826 ἀποστόλοις
781 760 934 840 ἔλεγε
971 777 984 791 ·
1036 760 1262 836 Λάϐετε,
1318 762 1541 842 φάγετε,
1585 762 1730 819 πίετε
1767 782 1778 795 ·
1818 766 1906 821 καὶ

254 851 681 929 μυσαττομένοις
746 851 845 926 μὲν
889 852 951 908 τὸ
1006 851 1309 931 βάπτισμα,
1362 852 1799 930 ὑποκρινομένοις
1852 852 1907 908 δὲ

255 952 419 1003 τοῦτὸ
476 942 592 1018 περὶ
647 939 850 997 πολλοῦ
904 942 1156 1017 τίθεσθαι,
1202 942 1291 998 καὶ
1353 949 1527 999 νοοῦσι
1578 941 1690 999 ἀντ’
1748 942 1909 1000 αύτοῦ

258 1034 358 1090 τὸν
410 1031 632 1111 Χριστὸν
685 1031 778 1086 τὸν
844 1029 1092 1109 λέγοντα,
1150 1033 1329 1112 φασὶν,
1377 1030 1457 1087 ὅτι
1504 1029 1648 1109 Ἐγώ
1700 1032 1807 1105 εἰμι
1846 1034 1908 1089 τὸ

256 1120 402 1200 ὕδωρ
457 1123 519 1177 τὸ
562 1118 666 1192 ζῶν
701 1135 716 1150 ⁶
763 1121 852 1176 καὶ
884 1132 1004 1184 τοῖς
1050 1120 1463 1197 ἐκτραπομένοις
1496 1118 1595 1195 μὲν
1626 1120 1725 1188 τὴν
1756 1124 1914 1178 καθοο

255 1210 420 1278 λιγὴν
448 1208 801 1283 Ἐκκλησίαν,
836 1216 995 1283 τιμᾷν
1038 1209 1092 1265 δὲ
1138 1209 1353 1287 λέγουσι
1406 1209 1607 1277 ταύτην
1634 1212 1721 1267 καὶ
1753 1221 1910 1271 νοοῦ-

254 1322 344 1357 σιν
387 1297 503 1357 ἀντ’
534 1303 697 1367 αὒτῆς
726 1299 793 1358 τά
851 1320 908 1355 τε
963 1298 1075 1356 ἴδια
1136 1298 1375 1377 συνέδρια
1426 1299 1513 1356 xui
1556 1301 1908 1380 συνακτήρια,

253 1391 347 1447 xui
378 1389 636 1457 Ἰωάννην
670 1387 790 1469 (76)
814 1388 903 1445 τὸν
926 1387 1154 1470 ἀδελφὸν
1181 1388 1388 1446 Παύλου
1418 1391 1511 1446 τοῦ
1532 1392 1630 1457 τῆς
1658 1389 1908 1466 αἱρέσεως

251 1480 432 1536 αὐτῶν
475 1478 725 1557 ἀρχηγοῦ
738 1526 750 1539 .

340 1566 606 1643 Ἀνάθεμα
663 1567 837 1624 τοίνυν
884 1572 1014 1623 πᾶσι
1066 1579 1183 1631 τοῖς
1215 1567 1543 1649 εἰρημένοις,
1575 1569 1665 1625 xui
1694 1580 1813 1634 τοῖς
1842 1569 1911 1625 τὰ

252 1659 419 1734 ὅμοια
452 1664 700 1737 φρονοῦσι
735 1676 751 1692 ο
787 1657 873 1714 καὶ
901 1654 1361 1733 ἇποϐαλλομένοις
1404 1658 1500 1735 μὶν
1528 1658 1624 1722 τὰς
1666 1658 1909 1727 Ἐκκλη-

1990 495 2294 573 sanguinis
2309 502 2365 557 et
2387 496 2649 576 cerporis
2671 494 2886 559 Christi
2903 497 3638 578 communionem,appro-

1990 582 2133 646 bare
2158 592 2353 646 autem
2398 603 2526 647 eam
2553 585 2924 664 conﬁngunt,
2961 595 3019 647 et
3046 586 3178 648 loco
3209 586 3373 647 illius
3406 585 3637 647 intelli-

1990 681 2134 752 gunt
2154 672 2332 735 verba
2364 673 2585 737 Christi
2616 673 3638 756 doctrinae,qum,inquiunt,tradens

1990 763 2291 844 apostolis,
2316 762 2465 825 dixit
2491 781 2504 826 :
2533 764 3426 844 Αοοὸρίτεωιαηάιισαιεψίόίτθε
3464 765 3637 827 simi-

1992 852 2127 915 liter
2157 852 2229 916 iis
2258 854 2359 934 qui
2410 852 2652 930 quidem
2695 852 2991 935 baptisma
3025 854 3413 929 detestantur,
3449 855 3640 916 simu-

1992 942 2115 1005 lant
2138 950 2335 1005 tamen
2377 941 2522 1003 illud
2556 941 2796 1022 plurimi
2848 944 3065 1018 facere,
3103 951 3282 1018 atque
3313 961 3417 1024 pro
3449 962 3519 1006 eo
3543 943 3641 1006 in-

1991 1031 2271 1111 telligunt
2301 1031 2627 1105 Christum,
2650 1032 2775 1113 qui,
2813 1032 3109 1113 inquiunt,
3128 1032 3273 1094 dixit
3307 1053 3320 1095 :
3357 1033 3483 1113 Ego
3504 1052 3637 1096 sum

1992 1140 2157 1202 aqua
2174 1122 2335 1196 viva;
2363 1129 2489 1182 tum
2524 1120 2596 1182 iis
2624 1122 2725 1201 qui
2749 1121 3076 1184 Ecclesiam
3108 1121 3349 1201 quidem
3384 1122 3639 1184 catholi-

1992 1229 2121 1274 cam
2155 1218 2527 1291 aversantur,
2563 1229 2691 1273 eam
2726 1229 2867 1272 vero
2898 1211 2957 1274 in
2997 1211 3186 1292 pretio
3210 1210 3432 1273 habere
3451 1213 3637 1282 aiunt.

1992 1300 2449 1381 intelliguntque
2483 1317 2587 1380 pro
2620 1300 2718 1362 illa
2748 1318 3063 1362 consessus
3090 1318 3230 1361 suos
3280 1306 3453 1381 atque
3485 1321 3637 1363 con-

1993 1395 2228 1464 ventus,
2269 1396 2326 1450 et
2354 1391 2642 1452 Joannem
2675 1390 2914 1452 fratrem
2951 1388 3120 1452 Pauli
3165 1388 3462 1451 haereseos
3495 1389 3637 1451 illo—

1995 1496 2129 1540 rum
2156 1476 2349 1540 ducis.

2076 1568 2144 1628 V.
2180 1566 2514 1629 Anathema
2544 1583 2683 1646 ergo
2712 1567 2995 1629 omnibus
3024 1566 3223 1641 dictis,
3263 1567 3404 1629 item
3433 1569 3503 1629 iis
3534 1568 3643 1644 qui

1993 1658 2209 1721 similia
2239 1658 2646 1741 opinantur;et
2677 1657 3151 1721 Christianorum
3186 1678 3336 1741 quos
3376 1660 3492 1739 ipsi
3518 1657 3637 1722 lio-

254 1750 376 1809 σίας
420 1753 526 1803 τῶν
571 1747 922 1827 Χριστιανῶν,
959 1748 1047 1810 οὓς
1098 1748 1241 1806 αὐτοὶ
1285 1748 1501 1807 καλοῦσι
1557 1746 1851 1821 Ῥωμαίους
1887 1764 1901 1779 ⁸

1992 1766 2201 1810 manos
2249 1755 2484 1823 vocant,
2520 1748 2820 1810 Ecclesias
2863 1749 3170 1828 rejiciunt;
3206 1756 3460 1830 suntque
3491 1768 3643 1811 con-

254 1838 348 1894 xui
378 1836 640 1915 ὕϐριζουσι
685 1836 784 1911 μὲν
839 1836 937 1904 τὴν
997 1837 1150 1914 ἁγίαν
1213 1836 1475 1894 Θεοτόκον
1534 1838 1760 1916 Μαρίαν,
1821 1840 1911 1895 καὶ

258 1928 354 1983 τὸν
380 1929 556 2003 τίμιον
588 1928 834 2003 σταυρὸν,
868 1928 957 1983 καὶ
986 1927 1082 1992 τὰς
1111 1928 1252 2005 ἱερὰς
1298 1926 1530 2007 εἰκόνας,
1574 1927 1663 1983 καὶ
1689 1927 1752 1983 τὸ
1794 1950 1908 1984 σω-

260 2018 450 2087 τήριον
493 2015 769 2092 βάπτισμα
806 2035 821 2050 ⁸
868 2018 960 2074 xui
1006 2016 1494 2097 ἀποστρεφομένοις
1544 2016 1645 2093 μὲν
1675 2017 1772 2084 τὴν
1802 2025 1909 2075 τῶν

258 2110 414 2164 θείων
474 2107 777 2184 μυστηρίων
838 2105 1166 2186 μετάληψιν,
1245 2107 1515 2187 ὸμφαλοῖς
1587 2105 1642 2162 δὲ
1700 2107 1906 2187 βρεφῶν

264 2196 615 2272 κεκαυμένοις
670 2198 742 2262 εἷς
788 2197 1060 2275 κάθαρσιν,
1109 2196 1312 2273 μᾶλλον
1352 2197 1408 2253 δὲ
1469 2197 1742 2274 μολυσμὸν
1802 2203 1911 2273 ψυο

262 2292 408 2367 χῶν,
474 2284 864 2366 κεχρημένοις,
918 2287 1004 2343 xui
1034 2287 1099 2343 τὰ
1126 2285 1237 2343 ἴδια
1266 2287 1525 2365 βρώματα
1567 2289 1773 2351 τούτοις
1805 2309 1909 2343 κα-

261 2376 658 2451 ταμιαίνουσιν.
689 2372 964 2451 Ἀνάθεμα
1021 2390 1140 2439 τοῖς
1197 2382 1264 2451 τῇ
1325 2376 1520 2453 βρώσει
1570 2383 1677 2433 τῶν
1719 2380 1909 2444 θνησι-

262 2467 437 2542 μαίων
473 2463 822 2541 μολυομιὶνοις
859 2481 872 2495 ’
932 2464 1020 2521 καὶ
1063 2477 1183 2527 τοῖς
1216 2471 1391 2521 πᾶσαν
1443 2465 1540 2539 μὲν
1569 2464 1900 2546 ἐκτρεπομέ-

262 2578 371 2618 νοις
413 2554 789 2633 Χριστιανικὴν
832 2556 1103 2634 νηστείαν,
1152 2554 1289 2611 κατὰ
1332 2552 1384 2609 δὲ
1428 2555 1520 2610 τὸν
1576 2560 1760 2633 καιρὸν
1804 2558 1900 2619 τῖς

259 2643 515 2711 δοκούσης
574 2642 755 2708 αὐτοῖς
798 2649 1265 2723 Τεσσαρακοστῆς,
1323 2652 1480 2721 τυροῦ
1536 2665 1593 2699 τε
1653 2645 1743 2701 καὶ
1803 2644 1902 2722 γά-

257 2733 452 2797 λακτος
501 2732 940 2814 ἱμφορουμένοις.
987 2732 1252 2806 Ἀνάθεμα
1300 2746 1419 2797 τοῖς
1463 2733 1808 2811 ἀρνουμένοις
1861 2733 1896 2801 ἢ

254 2826 521 2881 νοθεύουσι
587 2823 652 2877 τὰ
720 2820 950 2901 τέσσαρα
998 2829 1093 2878 τοῦ
1142 2829 1364 2900 Χριστοῦ
1423 2821 1746 2902 Εύαγγέλια,
1810 2823 1898 2878 καὶ

251 2937 263 2950 α
292 2913 349 2976 ἷῑς
378 2920 469 2969 τοῦ
524 2912 676 2990 ἁγίου
742 2910 951 2971 Παύλου
1008 2921 1101 2971 τοῦ
1152 2911 1455 2969 ἀποστόλου
1517 2911 1838 2976 Ἐπιστολάς
1876 2930 1891 2946 ·

275 3004 344 3059 ιαὶ
372 3002 488 3058 ἀντὶ
530 3002 628 3076 μὶν
671 3004 765 3057 τοῦ
819 3000 1144 3080 δημιουργοῦ
1171 3002 1277 3058 τῶν
1330 3001 1578 3057 ἁπάντων
1610 3009 1765 3071 Θεοῦ,
1798 3024 1897 3057 σε-

255 3088 505 3165 ϐομένοις
533 3090 623 3146 τὸν
654 3088 943 3169 λεγομένον
969 3090 1210 3170 ἄρχοντα
1261 3097 1353 3148 τοῦ
1395 3089 1599 3166 κόσμου
1654 3092 1843 3151 τούτου
1876 3107 1890 3122 '
1916 3124 1958 3179 α

255 3179 370 3235 ἀντὶ
417 3178 469 3235 δὲ
518 3187 612 3236 τοῦ
643 3179 944 3239 ἀποστόλου
1000 3179 1233 3255 Παύλου,
1279 3182 1370 3237 τὸν
1412 3179 1509 3247 τῆς
1576 3179 1896 3249 Καλλινίκης

256 3270 367 3325 υἱὸν
412 3267 626 3325 Παῦλον
672 3276 888 3344 τιμῶσι,
943 3271 1031 3326 καὶ
1085 3270 1206 3333 τοὺς
1265 3269 1362 3342 μὲν
1428 3268 1684 3347 τέσσαρας
1742 3274 1906 3331 αὐτοῦ

259 3359 502 3435 μαθητὰς
534 3360 609 3422 εἷς
661 3360 826 3415 τύπον
864 3364 971 3415 τῶν
1019 3358 1353 3437 Εὑαγγελίων
1405 3357 1747 3439 δεχομένοις,
1784 3373 1904 3424 τοῖς

256 3447 311 3505 δὲ
343 3447 542 3525 ἑτέροις
574 3449 711 3527 τρισὶ
741 3450 800 3504 τὸ
847 3453 945 3515 τῆς
998 3446 1213 3525 Τριάδος
1267 3448 1676 3527 ἒπιφημίζουσιν
1706 3449 1901 3524 ὄνομα.

254 3536 522 3610 ’Λνάθᾶμα
577 3549 696 3601 τοῖς
757 3537 1225 3617 συμφθειρομένοις
1283 3536 1487 3618 ἀδελφῇ
1533 3539 1621 3594 καὶ
1679 3543 1902 3617 πενθερᾷ

250 3626 339 3682 xui
363 3626 541 3705 νύμφη
574 3641 588 3655 ⁸
624 3628 709 3683 καὶ
750 3627 872 3689 τοῖς
924 3628 1059 3683 κατὰ
1111 3628 1208 3695 τὴν
1255 3629 1472 3704 πρώτην
1504 3627 1597 3684 τοῦ
1627 3626 1900 3685 ’[αννουαο

251 3718 360 3793 ρίου
402 3716 601 3788 μηνὸς,
661 3717 734 3778 εἷς
790 3716 977 3793 ἑορτὴν
1032 3715 1186 3786 δῆθεν
1227 3716 1643 3794 ἀθροιζομένοις,
1680 3718 1813 3793 μετὰ
1843 3717 1897 3774 δὲ

248 3806 349 3873 τὴν
407 3805 690 3883 ἐσπερινὴν
745 3804 912 3879 μέθην
971 3805 1378 3866 ἀποσϐεννύουσι
1429 3808 1497 3862 τὰ
1544 3813 1716 3887 φῶτα,
1772 3829 1894 3883 cup-

254 3894 421 3957 κικῶς
451 3915 509 3950 τε
538 3893 800 3964 ἀλλήλοις
844 3894 1295 3975 ἔνασελγαίνουσι,
1335 3898 1421 3951 καὶ
1453 3893 1719 3971 μηδεμιᾶς
1754 3896 1897 3960 ὅλως

250 3980 581 4062 φειδομένως
613 3984 821 4064 φύσεως
865 3983 900 4052 ἢ
958 3984 1236 4061 συγγενίας
1288 3984 1324 4052 ἢ
1353 3982 1592 4052 ἡλικίας.
1630 3983 1897 4059 Ἀνάθεμα

252 4085 373 4135 τοῖς
399 4070 665 4146 μηδέποτε
692 4071 758 4129 δι’
791 4071 945 4150 ὅρκου
1003 4072 1369 4145 ἀληθεύουσιν,
1428 4070 1548 4128 ἀλλ’
1592 4072 1896 4141 ὲξεπίτηδες

1996 1837 2295 1900 tumeliosi
2327 1838 2385 1899 in
2426 1847 2689 1899 sanctam
2721 1838 2829 1902 Dei
2880 1838 3229 1917 genitricem
3260 1839 3532 1911 Mariam,
3579 1839 3637 1900 in

1994 1926 2392 1990 venerandam
2413 1946 2880 2008 crucem,sacras
2905 1928 3281 2009 imagines,et
3310 1931 3631 1991 salutarem

1995 2018 2351 2099 baptismum
2384 2018 2645 2099 denique
2686 2017 3086 2097 sumptionem
3117 2019 3359 2099 quidem
3395 2020 3632 2081 divino-

1991 2127 2123 2170 rum
2156 2109 2572 2185 mysteriorum
2606 2106 3193 2180 oilerunt,umbilicis
3224 2109 3635 2172 auteminfan-

1994 2199 2140 2259 tium
2173 2197 2503 2259 combustis
2534 2204 2783 2258 utuntur
2802 2198 2876 2258 ad
2907 2203 3237 2259 animarum
3272 2199 3637 2277 purificatio-

1993 2304 2151 2362 nem,
2179 2304 2286 2348 seu
2318 2287 2513 2366 potius
2539 2286 3080 2366 inquinamentum,
3106 2298 3284 2368 atque
3318 2305 3457 2349 suos
3476 2287 3639 2348 cibos

1990 2375 2065 2437 iis
2086 2389 2511 2457 conspurcant.
2537 2376 2872 2438 Anathema
2904 2375 2979 2437 iis
3009 2378 3113 2457 qui
3146 2394 3250 2438 esu
3285 2377 3634 2439 morticino-

1984 2485 2117 2529 rum
2150 2485 2215 2528 se
2247 2466 2546 2546 polluunt;
2577 2466 2802 2547 quique
2832 2483 3013 2528 omne
3059 2466 3299 2546 quidem
3344 2467 3635 2529 Christia-

1986 2575 2125 2619 num
2177 2556 2475 2636 jejunium
2537 2564 2845 2637 respuunt,
2900 2565 3170 2635 tempore
3216 2573 3354 2617 vero
3386 2556 3458 2616 ab
3490 2555 3637 2636 ipsis

1985 2645 2331 2708 existimatas
2344 2644 3034 2723 Quadragesimae,caseo
3052 2653 3110 2707 et
3122 2646 3275 2707 lacte
3289 2663 3353 2705 se
3369 2647 3630 2726 explent.

1982 2737 2314 2800 Anathema
2335 2735 2408 2795 iis
2430 2734 2529 2814 qui
2559 2743 2661 2795 aut
2691 2743 3036 2815 negant,aut
3068 2743 3459 2813 corrumpunt
3481 2753 3629 2815 qua-

1983 2834 2115 2887 tuor
2173 2823 2393 2887 Christi
2445 2823 2787 2905 Evangelia,
2823 2828 3135 2905 sanctique
3165 2824 3417 2903 apostoli
3462 2823 3628 2886 Pauli

1979 2913 2296 2995 Epistolas;
2321 2913 2544 2995 quique
2578 2914 2704 2975 loco
2738 2913 2982 2995 quidem
3017 2923 3365 2976 cunctorum
3402 2914 3633 2995 opiﬁcis

1983 3003 2473 3078 Dei,colunteum
2501 3003 2604 3084 qui
2630 3004 2910 3083 princeps
2938 3004 3117 3084 hujus
3146 3003 3350 3065 mundi
3381 3003 3627 3085 dicitur;

1984 3093 2113 3155 loco
2146 3112 2284 3155 vero
2331 3093 2581 3175 apostoli
2606 3093 2796 3168 Pauli,
2832 3094 3079 3155 Paulum
3112 3092 3299 3155 ﬁlium
3333 3093 3635 3156 Callinicus

1989 3184 2303 3260 honorant,
2339 3192 2396 3247 et
2421 3201 2555 3245 cum
2590 3191 2847 3264 quatuor
2880 3184 3011 3264 ejus
3031 3183 3357 3263 discipulos
3389 3184 3448 3244 in
3483 3185 3627 3264 ﬁgu-

1985 3292 2110 3335 ram
2129 3282 2381 3354 quatuor
2400 3272 2856 3350 Evangeliorum
2873 3273 3355 3354 suscipiunt,tum
3381 3283 3630 3336 caeteros

1990 3363 2432 3427 tresTrinitalis
2456 3363 3069 3442 nomineinsigniunt.
3092 3363 3508 3427 Analhemaiis
3532 3365 3629 3444 qui

1987 3452 2390 3515 concumbunt
2425 3471 2554 3513 sum
2591 3470 2818 3527 sorore,
2872 3460 2930 3513 et
2959 3471 3159 3526 socru,
3198 3463 3255 3514 et
3288 3471 3469 3529 nuru;
3522 3472 3634 3516 nec

1986 3560 2104 3603 non
2153 3542 2226 3602 iis
2271 3542 2372 3621 qui
2406 3541 2598 3621 primo
2634 3542 2857 3604 mensis
2888 3541 3153 3604 Januarii
3180 3543 3278 3604 die
3307 3542 3379 3604 ad
3412 3542 3626 3604 festum

1985 3632 2346 3711 congregati,
2374 3640 2506 3711 post
2536 3634 2934 3710 vespertinam
2969 3630 3377 3693 temulentiam
3402 3632 3630 3692 exstin-

1983 3730 2173 3799 guunt
2202 3722 2450 3797 lumina,
2485 3729 2542 3782 et
2577 3724 2736 3783 inter
2757 3741 2822 3783 se
2844 3739 3023 3784 carne
3045 3722 3500 3794 lasciviunt,nec
3521 3721 3627 3782 ulli

1982 3812 2226 3873 omnino
2258 3820 2506 3892 parcunt
2532 3812 2725 3892 sexui,
2769 3812 3219 3894 propinquitati,
3253 3811 3430 3875 aetati.
3465 3812 3626 3873 Ana-

1980 3901 2179 3964 tbema
2205 3901 2282 3963 iis
2302 3900 2402 3982 qui
2434 3918 2734 3982 nunquam
2765 3903 2822 3962 in
2853 3902 3193 3981 juramento
3226 3920 3363 3964 vera
3407 3900 3626 3981 praedi-

1981 3990 2253 4071 cant,sed
2279 3990 2353 4052 de
2384 3991 2687 4053 industria
2720 4009 2961 4073 semper
2992 3991 3360 4054 mentiuntur
3379 4009 3448 4054 ac
3473 3992 3629 4071 peje—

1980 4088 2128 4142 rant.
2134 4080 2301 4160 juxta
2336 4080 2667 4142 doctrinam
2687 4083 2939 4144 maxime
2967 4082 3324 4143 exsecrandi
3347 4082 3624 4153 Manetis,

243 4162 328 4217 ἀεὶ
389 4159 732 4237 ψευδομένοις
791 4164 880 4218 καὶ
936 4164 1264 4241 ἒπιορκοῦσι,
1325 4162 1462 4219 κατᾶ
1521 4162 1620 4230 τήν
1666 4172 1761 4221 τοῦ
1792 4185 1903 4241 τρι-

1990 4170 2086 4250 qui
2136 4159 2221 4231 sic
2264 4169 2568 4250 loquitur:
2603 4170 2733 4232 Non
2784 4190 2915 4233 sum
2977 4171 3429 4245 immisericors,
3476 4169 3630 4230 sicut

240 4251 543 4329 καταράτου
626 4253 893 4315 Μάνεντος
964 4250 1328 4324 διδασκαλίαν,
1389 4251 1529 4309 οὕτω
1591 4251 1846 4331 λέγοντος
1884 4268 1900 4285 ⁸

1990 4260 2399 4336 Christus,nec
2422 4260 2650 4339 negabo
2667 4279 2800 4323 eum
2822 4261 2921 4341 qui
2945 4279 3041 4322 me
3065 4278 3263 4322 coram
3286 4258 3627 4321 hominibus

243 4344 353 4399 Οὔκ
380 4342 488 4415 είμὶ
528 4338 881 4422 ἄσπλαγχνος
926 4342 1106 4419 ὥσπερ
1138 4345 1165 4398 ὸ
1214 4344 1466 4423 Χριστὸς,
1526 4340 1649 4402 οὐδὲ
1678 4344 1903 4418 ἀρνήσο-

1990 4350 2311 4430 negaverit;
2348 4338 2614 4431 quini’mo
2636 4368 2774 4413 enm
2801 4338 2898 4427 qui
2934 4350 3189 4430 proprize
3217 4349 3421 4410 salutis
3451 4365 3628 4409 causa

244 4452 344 4538 μαέ
372 4432 462 4485 τὸν
524 4430 896 4509 ἀρνησάμενόν
956 4454 1021 4507 με
1071 4432 1369 4512 ἔμπροσθεν
1418 4434 1528 4488 τῶν
1588 4431 1900 4509 ἀνθρώπων,

1992 4440 2272 4500 mentitus
2300 4430 2499 4516 fuerit,
2534 4458 2789 4520 eumque
2814 4438 2915 4521 qui
2942 4456 3049 4519 per
3080 4439 3350 4513 timorem
3378 4455 3625 4515 negave-

242 4516 383 4575 ἀλλὰ
439 4521 527 4575 καὶ
584 4521 675 4576 τὸν
725 4519 1047 4597 ψευδόμενον
1100 4520 1186 4578 διὰ
1228 4524 1324 4590 τὴν
1368 4523 1565 4578 οίκείαν
1597 4520 1887 4599 σωτηρίαν,

1990 4528 2061 4591 rit
2083 4547 2246 4591 suam
2282 4529 2485 4601 ﬁdem,
2511 4548 2642 4591 cum
2676 4516 2898 4608 gaudio
2921 4516 3403 4609 recipiam.Quod
3427 4528 3476 4588 si
3500 4528 3624 4589 haec

240 4609 331 4665 xui
358 4609 450 4664 τὸν
503 4607 587 4665 διὰ
636 4607 797 4689 φόϐον
828 4610 1147 4687 ἀρνούμενον
1190 4613 1289 4678 τὴν
1334 4609 1465 4667 ἰδίαν
1494 4612 1694 4689 πίστιν,
1756 4611 1891 4683 μετὰ

1990 4627 2098 4679 Loto
2132 4637 2199 4680 ex
2229 4619 2427 4680 animo
2462 4638 2577 4680 non
2609 4607 2801 4680 sentio
2832 4636 2900 4679 ac
2930 4607 3088 4692 dico,
3126 4636 3234 4698 ego
3268 4617 3392 4691 ille,
3420 4635 3620 4678 verum

242 4704 417 4778 χαρᾶς
449 4696 829 4775 προσδέξομαι.
866 4697 993 4761 Ἐὰν
1021 4698 1076 4755 δὲ
1108 4701 1186 4775 μὴ
1241 4700 1292 4766 ἐξ
1343 4699 1475 4766 ὅλης
1507 4703 1693 4779 ψυχῆς
1725 4705 1891 4754 ταῦτα

1990 4726 2109 4772 Bum
2144 4709 2524 4770 simulatione
2556 4707 2902 4787 praapositos
2928 4696 3453 4768 anathematismos
3483 4707 3622 4784 feci,

241 4794 419 4878 φρονῶ
447 4789 534 4844 καὶ
591 4786 753 4866 λέγω,
807 4790 916 4869 ἐγὼ
968 4792 995 4846 ὁ
1046 4788 1217 4864 δεῖνα,
1253 4788 1389 4846 ἀλλὰ
1421 4788 1536 4864 μεθ’
1565 4789 1890 4878 ὑποκρίσεως

1990 4798 2119 4859 nihl
2151 4799 2227 4859 sit
2257 4799 2574 4860 anathema
2607 4786 3176 4878 eticatathema,tam
3202 4796 3260 4856 in
3290 4796 3397 4857 hoc
3428 4814 3618 4857 smcu-

239 4876 471 4943 ἐποίησα
528 4877 649 4942 τοὺς
703 4878 1082 4957 προκειμένους
1149 4877 1634 4954 ἀναθεματισμοῦς,
1697 4877 1888 4934 ἀνάθε-

1990 4908 2031 4949 o
2054 4906 2228 4968 quam
2257 4889 2314 4948 in
2336 4887 2556 4961 futuro,
2588 4885 2906 4968 animaque
2938 4876 3065 4948 mea
3101 4886 3530 4947 condemnetur
3550 4904 3619 4947 ac

238 4969 317 5044 μά
351 4991 443 5043 μοι
476 4969 568 5035 εἴη
598 4971 688 5026 xui
717 4972 1015 5051 κατάθεμα,
1049 4970 1100 5027 ἕν
1146 4993 1203 5027 τε
1245 4978 1323 5044 τῷ
1374 4978 1461 5027 νῦν
1494 4971 1668 5040 αἰῶνι,
1703 4969 1789 5024 xui
1839 4971 1893 5024 ἓν

1990 4986 2180 5057 pereat
2212 4984 2266 5039 et
2304 4976 2595 5059 perpetim
2629 4976 2689 5036 in
2718 4974 2965 5038 Tartaro
2997 4976 3292 5057 pnniatur.

236 5064 318 5131 τῷ
361 5056 640 5133 μέλλοντι,
695 5062 783 5115 καὶ
840 5060 1179 5139 κατακριθείη
1238 5061 1326 5117 καὶ
1379 5058 1637 5115 ἀπόλοιτο
1667 5060 1701 5125 ἡ
1736 5055 1892 5136 ψυχή

237 5169 361 5216 μου,
401 5148 488 5204 καὶ
518 5145 779 5215 διηνεκῶς
813 5150 1183 5229 ταρταροθείη.

314 5240 489 5293 Ταῦτα
538 5239 633 5294 τοῦ
692 5239 1125 5320 προσερχομένου
1164 5239 1413 5318 λέγοντος
1445 5236 1530 5294 ἔπ’
1576 5236 1887 5310 ἐκκλησίας,

2058 5236 2158 5298 Vl.
2184 5233 2322 5297 Haec
2346 5233 2591 5297 dicente
2622 5253 2692 5297 eo
2725 5235 2828 5316 qui
2852 5233 3083 5297 accedit
3112 5252 3309 5296 coram
3336 5234 3611 5310 ecclesia,

236 5335 497 5400 ποιοῦμεν
554 5326 713 5382 αὐτὸν
769 5331 1105 5407 Χριστιανὸν,
1168 5328 1275 5385 εἴτ’
1334 5330 1423 5383 οὖν
1494 5326 1760 5405 ἥγούμεθα
1812 5327 1887 5389 ὡς

1990 5324 2225 5387 ’acimus
2256 5343 2391 5385 eum
2424 5325 2983 5400 Christianum,sive
3012 5326 3299 5387 habemus
3324 5342 3425 5404 pro
3446 5324 3617 5385 Chri-

230 5413 558 5472 ἀϐάπτιστον
611 5421 946 5497 Χριστιανὸν,
1009 5419 1114 5484 οἷα,
1163 5418 1332 5499 τυχόν
1363 5418 1476 5473 ἐστι
1507 5418 1574 5472 τὰ
1600 5423 1706 5471 τῶν
1753 5422 1883 5492 Χρι-

1990 5415 2165 5477 stiano
2187 5415 2449 5476 nondum
2475 5413 3008 5495 baptisato,quales
3027 5416 3154 5477 fere
3172 5422 3310 5477 sunt
3331 5414 3613 5477 Christia-

318 5610 445 5691 (76)
484 5611 584 5691 Καὶ
613 5611 820 5675 Ἰωάνν.
854 5613 1032 5678 Forte
1062 5610 1286 5694 aliquid
1318 5610 1513 5674 deest.
1538 5608 1687 5673 Vide
1721 5612 1886 5675 Petr.

1991 5629 2073 5691 c.,
2110 5630 2169 5692 p.
2196 5608 2276 5673 50
2307 5613 2389 5673 In.
