4058 6206
454 308 593 373 1471

1274 314 1334 374 8.
1378 304 1815 376 CLEMENTIS
1860 314 1877 376 l
1926 314 2107 375 ROM.
2159 312 2357 376 PONT
2431 308 2675 374 OPERA
2727 314 2980 376 DUBIA.

3685 318 3832 381 447?

448 462 659 506 norum
713 444 880 525 pueri
932 447 1029 526 qui
1087 446 1421 526 baptizandi
1452 455 1609 511 sunt:
1644 448 1908 510 secundo
1936 464 2072 511 vero

2179 452 2380 505 tttavtiiv
2410 445 2589 505 παιδία
2617 448 2683 505 τὰ
2733 446 3000 523 μέλλοντα
3051 449 3402 526 βαπτίζεσθαι
3434 467 3449 483 ⁸
3505 458 3580 529 τῇ
3616 447 3672 508 δὲ
3703 451 3821 510 δεον

448 532 545 595 die
594 532 1056 597 adnumeramus
1108 535 1575 611 ratechumenis,
1629 537 2089 618 pronuntiantes

447 641 624 705 super
655 642 788 686 eum
833 624 1189 698 orationem,
1238 644 1413 704 quam
1446 644 1629 706 super
1660 645 1878 708 pueros
1923 636 2083 689 cate-

449 713 779 775 chumenos
810 714 1075 775 solemus
1105 714 1328 778 dicere:
1354 716 1488 777 dein
1522 717 1796 797 sequenti
1820 718 1915 779 die
1941 736 2085 795 pre-

449 801 616 863 cibus
647 803 1116 866 exorcismorum
1152 805 1370 866 utimur
1404 824 1418 869 :
1452 805 1659 888 sicque,
1689 808 1897 869 ordine
1922 825 2087 889 pera-

448 892 642 970 gimus
664 900 907 954 cunctos
936 892 1211 974 baptismi
1235 896 1407 957 ritus.

2171 536 2293 615 τὲρα
2346 537 2517 617 ἡμέρᾳ
2558 549 2675 602 τοῖς
2723 537 3157 618 κατηχουμένοις
3211 542 3678 621 συναριθμοῦμεν,
3736 542 3828 600 λέ-

2169 646 2351 705 γοντες
2379 626 2464 683 ἔπ’
2491 630 2634 702 αὖτῷ
2664 628 2759 695 τὴν
2790 626 2961 707 εὖχῆν
3011 627 3076 695 ἣν
3128 629 3215 685 ἰπὶ
3252 634 3359 685 τῶν
3393 632 3820 711 κατηχουμένων

2171 714 2369 772 παίδων
2416 716 2585 795 φαμέν
2622 736 2634 750 ⁸
2668 718 2753 773 καὶ
2798 722 2865 793 τῇ
2896 714 3019 784 ἑξῆς
3046 718 3303 797 χρώμεθα
3347 732 3479 783 ταῖς
3537 726 3634 776 τῶν
3664 722 3809 799 {Eap-

2172 814 2375 884 κισμῶν
2430 808 2624 889 εὖχαϊς
2663 825 2677 839 ⁸
2743 809 2829 864 καὶ
2880 807 3047 873 οὕτως
3098 807 3401 875 ἀκολούθως
3485 810 3806 889 ἰπιτελοῦριν

2173 897 2343 954 πάντα
2372 898 2437 954 τὰ
2472 898 2557 954 ἐπὶ
2587 904 2663 972 τῷ
2683 897 3009 974 βαπτίσματι
3044 898 3427 974 νενομισμένα.

1266 1043 1378 1114 (ιν.
1410 1044 1495 1101 Ad
1524 1044 1615 1102 tib.
1652 1059 1705 1103 v.
1733 1060 1859 1117 cap.
1888 1046 1976 1101 eo.
2009 1044 2100 1114 (ει
2123 1044 2281 1101 codd.
2304 1041 2432 1117 aug.
2464 1042 2783 1115 919,1769,
2816 1043 2999 1115 me).

527 1180 759 1262 Jupiter
791 1183 1092 1246 adinvenit
1122 1193 1307 1248 artem
1353 1186 1803 1267 navigatoriam;
1856 1188 2089 1267 Neptu-

450 1290 563 1333 nus
586 1273 1088 1351 guhernatoriam;
1114 1273 1437 1356 Vulcanus,
1469 1275 1769 1351 fabrilem;
1816 1274 2088 1338 [Escula-

455 1362 604 1439 pius,
643 1362 961 1437 medicam;
989 1364 1233 1445 Apollo,
1259 1366 1569 1442 musicam;
1603 1365 2089 1435 Minerva,texto-

450 1451 623 1524 riam;
688 1450 888 1523 Diana,
949 1454 1303 1535 venaticam;
1340 1456 1514 1529 Juno,
1549 1455 1847 1535 vestitum;
1880 1455 2085 1523 Ceres.

449 1540 895 1617 agriculturam;
922 1543 1264 1621 Pbmnices,
1300 1544 1553 1621 litteras;
1579 1544 1900 1624 Homerus,
1936 1562 2086 1623 poe-

451 1629 588 1703 sim;
615 1631 771 1692 Zeno
792 1631 1045 1705 Eleates,
1072 1632 1464 1709 dialecticam;
1497 1637 1683 1695 Corax
1716 1632 2089 1714 Syracusfus,

450 1721 831 1795 rhetoricam;
867 1722 1353 1802 Aristaeus,apum
1374 1722 2088 1802 fructum;Triptolemus,

451 1810 731 1872 frumenti
764 1814 1120 1885 sementim;
1156 1810 1339 1874 Solon
1374 1812 1757 1874 Atheniensis
1784 1820 1840 1871 et
1865 1812 2092 1892 Lycur-

2254 1187 2313 1247 1.
2358 1186 2419 1245 Ὀ
2451 1194 2573 1252 Ζεύς
2605 1186 2785 1267 ἐφεῦρε
2816 1184 3137 1257 πλευστιιιήν
3174 1185 3329 1265 (77)⁸
3383 1187 3696 1266 Ποσειδῶν,
3733 1211 3826 1243 κυ-

2172 1276 2490 1355 ϐερνητικήν
2526 1292 2539 1306 ⁸
2604 1275 2937 1356 "Septunce,
3010 1274 3374 1356 χαλκευτικήν
3414 1292 3429 1307 ⁸
3490 1276 3844 1344 Ἀσκληπιὸς

2170 1368 2410 1445 ίατρικήν
2444 1381 2459 1397 ⁸
2496 1364 2798 1439 Ἀπόλλων,
2847 1366 3110 1441 μουσικήν
3142 1380 3157 1395 ⁸
3209 1364 3433 1441 Ἀθηνᾶ,
3478 1368 3791 1446 ὑφαντικήν
3828 1383 3844 1399 ⁸

2170 1454 2461 1536 ⁹⁹Αρτεμις,
2509 1456 2864 1535 κυνηγετικήν
2900 1472 2913 1486 ⁸
2950 1454 3128 1536 ’Ἢρα,
3162 1455 3453 1532 στολισμόν
3482 1471 3497 1486 ⁸
3538 1457 3843 1535 Δημήτηρ,

2172 1546 2432 1626 γεωργίαν
2463 1561 2478 1576 ⁸
2510 1547 2775 1626 Φοίνικες,
2830 1545 3121 1623 γράμματα
3154 1560 3169 1576 ⁸
3226 1544 3509 1619 ⁸⁹Ομηρος,
3554 1546 3788 1612 ποίησιν
3823 1560 3837 1573 ⁸

2175 1636 2409 1706 Ζήνωνὸ
2465 1633 2749 1711 Ἐλεάτης,
2810 1632 3145 1705 διαλεκτικήν
3180 1650 3193 1664 ⁸
3258 1632 3429 1700 Κόραξ
3473 1638 3503 1691 ὀ
3556 1635 3842 1713 Συρακοῦ-

2174 1747 2308 1799 σιος,
2339 1725 2627 1803 ῥητορικήν
2657 1742 2670 1755 ⁸
2724 1724 3051 1802 Ἀρισταῖος,
3109 1727 3375 1786 μελισσῶν
3407 1726 3614 1804 καρπόν
3653 1744 3669 1759 ⁸
3704 1735 3839 1801 Τρι-

2176 1814 2468 1894 πτόλεμος,
2531 1815 2674 1871 σίτου
2727 1814 2925 1893 σπόρον
2961 1830 2974 1843 ⁸
3029 1813 3213 1871 Σόλων
3271 1816 3298 1870 ὃ
3347 1813 3644 1881 Ἀθηναῖος
3689 1816 3779 1871 καὶ
3811 1817 3838 1869 ὁ

450 1920 563 1977 gus
612 1900 928 1980 Spartiata,
955 1902 1140 1980 leges;
1165 1900 1536 1982 Palamedes,
1585 1901 2086 1963 constructionem

2179 1904 2510 1983 Σπαρτιάτης
2542 1910 2860 1981 Λυκοῦργος,
2896 1902 3090 1978 νόμους
3128 1923 3144 1941 ⁸
3176 1906 3203 1960 ὁ
3257 1901 3617 1981 Παλαμήδης,
3648 1926 3844 1981 γραμ-

450 1989 775 2053 litterarum
804 2010 1104 2071 numeros,
1140 2010 1449 2054 mensuras
1481 2000 1537 2053 et
1586 1992 1873 2072 pondera;
1907 1990 2085 2071 Egy-

452 2080 537 2153 tii,
564 2081 985 2159 geometriam;
1034 2080 1353 2150 Chaldezei,
1403 2082 1779 2160 astrologiam
1814 2090 1870 2143 et
1901 2099 2087 2157 gene-

451 2169 843 2247 thlialogiam;
873 2172 1092 2232 Arabes
1132 2190 1200 2232 ac
1243 2172 1525 2252 Phryges,
1572 2173 1908 2250 augurium;
1934 2170 2088 2234 Medi

451 2266 511 2318 et
542 2260 760 2338 Persas,
814 2260 1087 2337 magiam,
1124 2260 1446 2340 praestigias
1502 2270 1678 2342 atque
1708 2262 2087 2342 veneﬁcium;

453 2346 766 2426 Tyrrheni,
803 2348 978 2410 urbes
1012 2350 1191 2409 muris
1217 2350 1481 2429 cingere.

530 2439 702 2516 Nota,
738 2438 977 2518 quinam
1010 2439 1340 2502 exstiterint
1368 2441 1579 2501 artium
1613 2449 1671 2501 et
1699 2441 2086 2502 scientiarum

450 2533 746 2599 auctores,
778 2528 1365 2607 Apelles,herbaria3;
1407 2531 1857 2605 Demosthenes,
1890 2530 2089 2591 rheto-

449 2616 609 2694 ricae;
646 2618 1024 2695 Papinianus,
1044 2618 1557 2698 jurisprudentim;
1584 2621 1837 2683 Antiuus
1858 2620 1950 2681 vel
1975 2620 2091 2682 An-

452 2706 627 2786 tylus,
659 2706 1061 2769 fabricationis
1085 2708 1450 2784 lancearum;
1482 2709 1817 2791 Eurynous,
1844 2710 2089 2789 sagitta-

453 2796 579 2871 riaa;
614 2796 984 2876 Eurydamus
1014 2798 1569 2873 Messenius,bellici
1606 2799 2094 2874 thoracis;Evan-

450 2886 584 2961 iter,
610 2904 803 2948 ocreae
828 2894 886 2948 et
915 2887 1128 2967 clypei;
1162 2885 1467 2968 Oppianus
1492 2887 2092 2969 piscatoriae;Tripto-

451 2975 660 3051 lamus,
689 2977 939 3039 sationis
962 2976 1538 3058 tritici;Pamphi|us,
1576 2976 2089 3059 pictura);Typhis,

2179 2979 2389 3057 πιανὸς,
2452 2975 2760 3045 ἁλιευτικῆς
2796 2994 2812 3012 ⁸

450 3065 724 3143 nauticae;
760 3065 974 3146 Argus,
1017 3067 1481 3129 constructionis
1532 3066 1793 3142 navium,
1827 3086 1859 3128 a
1884 3058 2001 3147 quo
2035 3075 2090 3129 et

2179 3066 2480 3147 Πάμφιλος,
2524 3068 2865 3146 ζωγραφικῆς
2899 3083 2914 3101 ⁸
2975 3068 3159 3147 Τίφυς,
3213 3069 3465 3133 ναυτικῆς
3504 3082 3519 3097 ⁸

450 3157 829 3234 Argonautas;
855 3156 1272 3235 Archimedes,
1300 3156 1685 3220 mechanica.

2170 1994 2351 2069 μάτων
2384 1992 2644 2073 σύνταξιν,
2680 1993 2953 2070 ἀριθμοὺς,
3017 1992 3184 2072 μέτρα
3237 1994 3324 2049 καὶ
3357 1994 3624 2066 σταθμούς
3665 2012 3680 2027 ⁸
3734 1997 3850 2050 Αἱ·-

2170 2083 2402 2162 γύπτιοι,
2448 2084 2773 2161 γεωμετρίαν
2812 2101 2825 2115 ⁸
2876 2080 3166 2161 Χαλδαΐοι,
3198 2080 3551 2159 ἀστρολογίαν
3602 2084 3695 2137 καὶ
3742 2104 3845 2160 γε-

2176 2171 2531 2250 νεθλιαλογίαν
2565 2187 2577 2201 ⁸
2642 2168 2883 2248 ’Ἄραϐες
2940 2174 3026 2228 καὶ
3084 2174 3311 2250 Φρύγες,
3386 2173 3784 2228 οἰωνοσκοπίαν
3823 2189 3837 2201 ⁸

2175 2260 2343 2329 Μῆδοι
2376 2264 2461 2318 καὶ
2502 2261 2719 2340 Πέρσαι,
2772 2262 2993 2339 μαγείαν
3024 2263 3107 2317 καὶ
3158 2261 3411 2338 γοητείαν
3465 2262 3554 2317 καὶ
3604 2284 3835 2341 φαρμα-

2173 2352 2340 2412 κείαν.
2374 2349 2649 2429 Τυῤῥηνοὶ,
2682 2351 2935 2430 τειχίζειν
2974 2349 3176 2416 πόλεις,

2253 2439 2312 2503 9,
2347 2440 2676 2516 Σημείωται,
2705 2440 2838 2506 τίνες
2882 2442 3162 2519 γεγόνασιν
3213 2440 3451 2520 ἀρχηγοὶ
3500 2445 3714 2523 τεχνῶν
3746 2450 3839 2503 καὶ

2174 2536 2507 2603 επιστημῶν.
2578 2526 2875 2606 Ἀπελλῆς,
2962 2529 3663 2606 βοτανιιής-Δημοσθὲννις,
3734 2533 3828 2608 ῥη-

2170 2624 2408 2694 τορικῆς.
2466 2620 2809 2693 Παπινιανὸς,
2868 2619 3205 2694 νομοθεσίας,
3257 2616 3493 2685 Ἀντίνος
3538 2621 3646 2700 (al.
3696 2621 3830 2678 'Av-

2173 2707 2373 2780 τύλος),
2404 2706 2758 2788 λογχοποιίας
2790 2706 2891 2785 (al.
2926 2706 3267 2788 λοχοποιίας)
3300 2724 3314 2738 ⁸
3353 2710 3634 2790 Εὒρύνοος,
3674 2710 3833 2776 τοξι-

2171 2798 2267 2865 κῆς
2301 2796 2404 2877 (al.
2434 2797 2735 2869 τοξοσύνης)
2773 2813 2786 2828 ⁸
2854 2796 3188 2878 Εὐρύδαμνος
3236 2800 3524 2879 Μεσήνιος,
3584 2800 3838 2879 θώραεος

2174 2888 2470 2963 πολεμικοῦ
2502 2903 2516 2918 ⁸
2582 2884 2861 2964 Εὔανδρος,
2915 2886 3181 2961 κνημῖδος
3224 2888 3313 2945 καὶ
3360 2886 3581 2951 ἀσπίδος
3618 2904 3632 2918 ⁸
3687 2888 3832 2947 Ὀπ-

2901 2976 3289 3057 Τριπτόλεμος,
3362 2983 3563 3055 σπορᾶς
3623 2978 3777 3036 σίτου
3816 2998 3831 3013 ⁸

3583 3064 3832 3148 "Apyoc,

2174 3157 2494 3238 ναυπηγίας,
2528 3156 2580 3223 ἒξ
2636 3164 2698 3215 οὗ
2751 3159 2839 3215 καὶ
2863 3154 3212 3235 Ἀργοναῦται
3247 3172 3261 3187 ⁸
3312 3154 3696 3238 Ἀρχιμήδης,
3728 3182 3833 3235 μη-

2175 3268 2408 3329 χανικης
2420 3294 2434 3309 .

1791 3386 1857 3445 v.
1891 3386 1978 3445 Ad
2011 3386 2103 3445 tib.
2137 3399 2197 3454 ι,
2225 3400 2347 3459 cap.
2381 3386 2468 3442 ιο.

530 3525 599 3587 Et
644 3532 849 3605 pater:
876 3523 1143 3604 Ignosce.
1187 3526 1399 3606 inquit,
1439 3524 1521 3587 ﬁli
1564 3543 1576 3588 :
1615 3524 1876 3587 nondum
1932 3524 2090 3585 enim

453 3633 623 3677 usum
678 3614 924 3676 multum
962 3616 1021 3677 in
1053 3616 1147 3677 bis
1184 3615 1541 3678 habeoznam
1574 3623 1637 3678 et
1666 3615 1942 3677 hesterni
1966 3632 2091 3675 ser-

454 3723 659 3767 mones
683 3706 768 3766 tui
791 3705 1033 3767 veritate
1055 3705 1181 3787 ipsa
1204 3706 1629 3768 concluserunt
1654 3712 1842 3779 me,ut
1874 3702 1981 3766 tibi
1997 3721 2094 3763 ac-

452 3796 848 3875 quiescerem;
883 3795 942 3855 in
976 3797 1343 3858 conscientia
1376 3805 1571 3858 tamen
1604 3813 1739 3856 mea
1764 3805 1904 3855 sunt
1923 3793 2092 3875 quasi

449 3884 717 3964 quasdam
741 3883 1007 3964 reliquiae
1037 3882 1457 3961 febrium,qua3
1481 3883 1781 3965 paululum
1811 3902 1904 3945 me
1923 3901 1957 3945 a
1982 3883 2098 3945 ﬁde

455 3974 625 4053 quasi
652 3991 687 4034 a
714 3974 965 4036 sanitate
997 3975 1329 4047 retrahunt;
1361 3974 1689 4036 discrucior
1744 3973 1903 4036 enim
1956 3973 2097 4055 quia

450 4065 577 4125 scio
608 4062 790 4125 multa
820 4062 990 4142 mihi,
1015 4062 1135 4123 imo
1169 4081 1321 4143 pene
1343 4062 1542 4124 omnia
1573 4062 1862 4125 accidisse
1884 4081 2090 4125 secun-

2259 3529 2355 3587 Καὶ
2384 3528 2413 3583 ὁ
2449 3526 2621 3604 πατήρ
2653 3540 2666 3554 ⁸
2718 3523 2990 3603 Σόγγνώθι
3021 3544 3136 3599 μοι,
3169 3526 3214 3579 ὦ
3243 3521 3429 3580 τέκνον
3465 3538 3479 3553 ⁸
3516 3522 3566 3579 οί
3605 3523 3710 3599 μὲν
3740 3524 3838 3601 γὰρ

2176 3616 2305 3697 χθές
2348 3638 2443 3676 σου
2470 3615 2620 3693 λόγοι
2651 3613 2872 3682 ἀληθεῖς
2907 3612 3053 3679 ὄντες
3102 3610 3504 3691 συνελογίσαντό
3534 3635 3630 3687 μοι
3696 3635 3833 3669 συν-

2173 3706 2355 3764 θέσθαι
2412 3722 2535 3762 σοι’
2677 3702 2734 3760 δὲ
2781 3704 2888 3771 ivli;
2949 3703 3240 3771 συνείδησις
3298 3702 3461 3780 μικρά
3514 3724 3584 3777 με
3646 3702 3838 3779 ὥσπερ

2180 3802 2406 3875 πυρετοῦ
2459 3792 2724 3870 ἔλλειμμα
2772 3794 2904 3871 πρὸς
2946 3792 3198 3849 ἀπιστίαν
3255 3791 3467 3871 βραχέα
3496 3792 3768 3868 βασανίζει
3816 3806 3831 3821 ⁸

2180 3884 2391 3945 σύνοιδα
2419 3885 2518 3965 γάρ
2548 3883 2762 3959 ἐμαυτῷ
2805 3882 2871 3939 τὰ
2913 3887 3013 3949 τῆς
3066 3881 3323 3960 γενέσεως
3357 3882 3524 3939 πάντα
3555 3903 3644 3956 μοι
3676 3880 3826 3937 ἀπο-

2179 3975 2508 4037 τελεσθέντα,
2568 3971 2736 4052 Κάγὼ
2767 3970 3137 4047 ἀπεκρινάμην
3169 3988 3187 4006 ⁸
3250 3970 3553 4039 Συννόησόν
3604 3992 3724 4045 μοι,
3783 3970 3830 4025 ὦ

2178 4066 2367 4145 πάτερ,
2412 4065 2533 4123 οἵαν
2590 4064 2743 4145 φύσιν
2800 4062 2918 4144 ἔχει
2964 4064 3026 4121 τὸ
3079 4063 3329 4139 μάθημα,
3375 4061 3428 4128 ἑξ
3472 4064 3547 4119 ὦν
3591 4060 3701 4141 ἒγώ
3746 4085 3833 4119 σοι

453 4152 593 4213 dum
626 4153 916 4230 genesim.
946 4151 1015 4213 Et
1038 4171 1144 4232 ego
1168 4152 1472 4233 respondi:
1508 4152 1665 4215 Audi
1697 4171 1862 4232 ergo,
1897 4160 2088 4233 pater,

2179 4153 2535 4229 συμϐουλεύω.
2614 4151 2984 4229 Μαθηματικῷ
3055 4150 3365 4232 συμϐαλὼν,
3428 4152 3542 4208 εἰπὲ
3607 4158 3831 4229 πρῶτον

451 4260 583 4323 qua
604 4243 683 4304 sit
696 4243 979 4306 mathesis
992 4251 1290 4317 natura,et
1307 4243 1478 4306 facito
1508 4243 1843 4307 secundum
1872 4261 1942 4304 ea
1962 4260 2095 4323 qua

451 4333 585 4395 dico
617 4332 905 4396 tibi.Vide
926 4333 1501 4410 mathematicum;et
1521 4333 1617 4395 dic
1648 4333 1703 4395 ei
1727 4330 2091 4413 primo,quia

454 4423 586 4485 talia
618 4422 888 4503 quaedam
925 4422 1068 4484 mihi
1103 4422 1448 4484 acciderunt
1478 4421 1630 4483 mala
1651 4422 1713 4483 in
1743 4422 1845 4483 illo
1867 4428 2066 4502 tempe

452 4512 609 4573 unde
641 4530 803 4591 ergo,
838 4519 939 4572 aut
969 4511 1293 4591 quomodo,
1320 4520 1418 4572 aut
1450 4529 1558 4591 per
1594 4529 1740 4592 quas
1773 4509 1922 4573 mihi
1944 4510 2095 4573 acci-

454 4598 649 4660 derint
678 4599 902 4673 stellas,
938 4600 1169 4663 discere
1203 4600 1353 4662 volo.
1379 4598 1790 4680 Respondebit
1826 4598 1927 4660 tibi
1963 4598 2094 4661 sine

451 4688 802 4770 dubio,quia
833 4696 1103 4770 tempora
1135 4698 1232 4751 tua
1259 4690 1591 4753 malitiosus
1621 4690 1884 4769 suscepit
1915 4688 2091 4769 Mars,

450 4788 550 4839 aut
581 4777 894 4855 Saturnus;
947 4788 1048 4842 aut
1088 4779 1302 4861 aliquis
1350 4797 1557 4842 eorum
1600 4779 2095 4857 apocatastaticus

450 4868 581 4943 fuit;
612 4878 713 4930 aut
737 4868 952 4945 aliquis
979 4888 1197 4930 annum
1225 4880 1386 4930 tuum
1418 4868 1645 4949 aspexit
1676 4887 1745 4929 ex
1778 4868 2091 4949 diametro,

450 4967 550 5019 aut
573 4960 945 5038 conjunctus,
992 4966 1091 5020 aut
1121 4959 1180 5020 in
1212 4969 1442 5039 centro;
1486 4958 1576 5020 vel
1608 4958 1720 5020 alia
1752 4959 1845 5019 his
1875 4958 2095 5020 similia

451 5047 835 5128 respondebit
868 5068 881 5111 :
916 5047 1141 5110 addens
1164 5048 1302 5126 quia
1335 5049 1395 5110 in
1437 5048 1530 5110 his
1572 5048 1851 5109 omnibus
1878 5048 2096 5129 aliquis

460 5149 561 5200 aut
585 5138 908 5219 asyndetus
941 5138 1051 5199 fuit
1080 5158 1212 5200 cum
1249 5137 1886 5215 malo,autinvisibilis,
1915 5149 2012 5200 aut
2037 5137 2097 5199 in

454 5229 885 5302 schemate,aut
912 5236 1074 5290 extra
1094 5228 1484 5307 heresim,aut
1514 5227 1821 5301 deﬁciens,
1852 5236 1952 5289 aut
1977 5246 2094 5289 non

454 5320 785 5398 contigens,
806 5327 904 5379 aut
934 5317 993 5379 in
1025 5317 1297 5379 obscuris
1328 5317 1537 5391 stellis;
1571 5325 1628 5378 et
1654 5315 1833 5377 multa
1858 5318 1974 5377 alia
2001 5316 2094 5379 his

453 5409 695 5485 similia,
728 5406 1055 5469 secundum
1086 5407 1347 5470 rationes
1380 5405 1649 5488 proprias
1678 5406 2093 5487 respondebit,

450 5509 508 5560 et
536 5498 611 5561 de
642 5496 890 5577 singulis
918 5495 1260 5576 assignabit.
1306 5500 1448 5561 Post
1496 5496 1653 5558 hunc
1704 5496 1890 5559 alium
1938 5495 2094 5558 adito

530 5694 655 5775 (77)
706 5695 1060 5765 Ηλευστικὴν.
1109 5693 1290 5759 Forte
1317 5691 1652 5762 πλαστικὴν.

2173 4245 2318 4320 αὒτῷ
2349 4243 2429 4301 ὅτι
2458 4241 2581 4301 τάδε
2610 4265 2701 4319 μοι
2731 4242 2904 4324 φαῦλα
2934 4242 2987 4299 ἐν
3017 4242 3150 4317 τῴδε
3210 4249 3287 4306 τῷ
3320 4242 3505 4322 χρόνῳ
3546 4240 3775 4319 γέγονεν
3811 4256 3826 4270 ⁸

2174 4333 2235 4392 ἐκ
2262 4355 2405 4397 τινος
2446 4331 2545 4411 ἄρα
2576 4354 2666 4407 μοι
2696 4334 2803 4389 τῶν
2829 4332 3061 4411 ἀστέρων
3120 4330 3305 4410 γέγονε
3361 4333 3556 4406 μαθεῖν
3607 4328 3827 4396 ἤθελον.

2177 4427 2276 4483 Καὶ
2306 4423 2417 4503 ἐρεῖ
2447 4422 2527 4479 ὅτι
2573 4422 2695 4485 τοὺς
2753 4423 2981 4502 χρόνους
3012 4422 3309 4483 κακοποιὸς
3340 4417 3607 4484 διεδέξατο
3638 4416 3827 4497 ’Ἄρης

2174 4513 2210 4581 ἢ
2241 4511 2442 4592 Κρόνος
2483 4511 2518 4580 ἢ
2550 4512 2745 4569 τούτων
2806 4532 2884 4577 τις
2942 4510 3441 4571 ἀποκαταστατικὸς
3498 4506 3715 4586 ἐγένετο
3751 4525 3765 4539 ⁸
3797 4508 3833 4574 η’

2177 4603 2267 4659 τὸν
2299 4602 2536 4658 ἐνιαυτὸν
2593 4599 2778 4657 τοῦτόν
2832 4621 2909 4666 τις
2952 4599 3317 4679 ὶπεθεώρησεν
3370 4598 3430 4654 ἐκ
3459 4597 3831 4676 τετραγώνου,

2176 4696 2211 4764 ἥ
2243 4690 2546 4771 διαμέτρου,
2604 4692 2636 4760 ἢ
2694 4692 2888 4771 συνὼν,
2948 4692 2983 4757 ἣ
3012 4688 3440 4767 κεκεντρωμένος
3473 4688 3509 4755 ἢ
3540 4688 3687 4765 παρά
3732 4688 3831 4743 αἶ·-

2177 4802 2341 4863 ρεσιν,
2374 4781 2519 4858 ὀμῶς
2569 4782 2655 4838 καὶ
2690 4779 2828 4838 ἄλλα
2875 4782 3030 4861 μυρία
3081 4781 3252 4837 είπεῐν
3302 4778 3421 4859 ἔχει
3460 4796 3473 4810 ⁸
3510 4778 3640 4854 πρὸς
3699 4778 3827 4834 τού-

2176 4894 2287 4937 τοις
2335 4870 2413 4945 δὶ,
2457 4872 2494 4938 ἢ
2555 4870 2876 4949 ἀγαθοποιὸς
2937 4874 3086 4944 κακῷ
3144 4869 3395 4933 ἀσύνετος
3430 4872 3524 4947 ἦν,
3558 4868 3594 4933 ἦ
3625 4866 3823 4923 ἀνεπι-

2175 4960 2463 5040 θεώρητος,
2496 4961 2532 5028 ἢ
2564 4959 2617 5016 iv
2648 4961 2916 5041 σχήματι,
2963 4962 3000 5028 ἢ
3054 4958 3195 5038 παρά
3225 4958 3460 5037 αἵρεσιν,
3495 4958 3532 5023 ἦ
3556 4960 3613 5013 ἓν
3643 4955 3829 5013 ὶκλεί-

2178 5054 2292 5126 ψει,
2324 5050 2359 5118 ἢ
2421 5048 2827 5127 ἀνεπισύναφος,
2884 5051 2920 5117 ἦ
2969 5049 3025 5107 ἐν
3080 5049 3344 5129 ἀμαυροῖς
3407 5046 3633 5125 ἀστροτς
3665 5065 3679 5082 ⁸
3744 5047 3833 5102 καὶ

2178 5141 2325 5214 ὁμῶς
2361 5136 2572 5195 πολλῶν
2622 5139 2934 5217 προφάσεων
2979 5140 3170 5213 οὐσῶν,
3223 5138 3350 5218 πρὸς
3408 5135 3442 5192 ἃ
3499 5134 3697 5203 ἤκουσε
3736 5136 3831 5197 τὰς

2179 5226 2469 5293 ἀποδείξεις
2512 5234 2821 5309 παρασχεῠν
2875 5227 3020 5308 ἔχει,
3077 5229 3223 5287 Μετά
3251 5236 3436 5286 τοῦτον
3468 5228 3556 5284 οὖν
3588 5226 3683 5281 τὸν
3718 5247 3830 5300 μα·

2177 5320 2472 5392 θηματικον
2524 5316 2687 5396 ἑτέρῳ
2747 5318 3071 5398 προσελθὼν,
3132 5319 3198 5376 τὰ
3256 5317 3464 5375 ἕναντία
3496 5314 3633 5371 cliti“
3693 5312 3830 5372 ’Ὅτι

2175 5408 2293 5465 τόδε
2317 5430 2408 5482 μοι
2436 5408 2497 5463 τὸ
2525 5407 2717 5486 ἀγαθὸν
2750 5408 2805 5465 ἐν
2834 5407 2969 5483 τῷδε
2999 5415 3071 5483 τῷ
3098 5406 3281 5489 χρόνῳ
3338 5407 3531 5485 γέγονε
3566 5420 3581 5434 ⁸
3646 5404 3711 5461 σὺ
3772 5400 3825 5459 δὲ

2179 5499 2267 5554 τὸν
2312 5496 2507 5579 χρόνον
2536 5498 2626 5555 τὸν
2657 5499 2813 5558 αὐτὸν
2842 5497 2965 5579 λέγε
3002 5514 3016 5530 ⁸
3064 5499 3272 5556 ἀπαίτει
3325 5495 3378 5554 δὲ
3429 5496 3490 5552 ἐκ
3521 5497 3672 5559 τίνος
3728 5492 3827 5571 ἄρα
