4058 6206
283 275 439 372 1473

1369 273 2003 358 RECOGNITIQNES.
2050 313 2115 324 —
2144 276 2557 346 APPENDIX.

3490 281 3644 347 1474

261 427 369 489 τῆς
389 425 662 502 γενέσεως
706 434 858 485 τοῦτο
909 421 1096 503 γέγονε
1131 439 1145 455 ⁸
1179 421 1267 478 καὶ
1310 417 1480 495 ὅμως,
1525 421 1600 482 ὡς
1626 430 1907 497 προεῖπον,

2000 413 2776 503 mathematicum,etdicito
2796 419 3093 480 contraria
3118 440 3133 481 :
3159 418 3310 492 Quia
3326 419 3474 482 illud
3493 421 3644 484 mihi

258 508 407 593 ἔχει,
452 536 546 571 σου
592 511 1088 590 καταψευσαμένου,
1123 511 1280 574 αὐτὸς
1330 507 1390 565 ἒκ
1431 507 1647 566 πολλῶν
1679 505 1911 587 σχημά-

256 623 371 658 των
429 601 484 658 ἕν
539 627 591 660 τι
649 606 820 683 εὑρεῖν
853 605 1072 683 σχῆμα,
1100 600 1189 657 καὶ
1248 597 1511 678 δεύτερον,
1564 599 1652 655 καὶ
1709 597 1905 674 τρίτον,

257 694 353 748 καὶ
398 691 640 769 πλείονα,
703 695 773 759 ὡς
863 693 989 752 αὖτὸ
1056 691 1370 770 ἐνεργῆσαν,
1441 686 1556 745 ὅθεν
1618 688 1685 744 τὰ
1739 686 1910 764 ἀγαθὰ

258 778 380 860 ἐρεῖ
433 786 748 862 γεγενῆσθαι
783 802 798 817 ·
859 779 1108 838 ἀδύνατον
1169 780 1269 859 γὰρ
1301 777 1356 834 ἂν
1386 778 1534 855 πάσῃ
1579 775 1783 856 γενέσει
1813 777 1908 830 ἀν.

260 869 517 949 θρώπων,
572 871 650 947 μὴ
712 871 766 927 ἐν
822 871 972 948 πάσῃ
1021 869 1132 948 ὥρᾳ
1187 870 1292 925 τῶν
1351 866 1609 945 ἀστέρων,
1663 866 1786 929 τοὺς
1818 863 1917 940 μὲν

264 958 450 1023 καλῶς
492 962 722 1033 κεῖσθαι,
769 960 892 1024 τοὺς
953 958 1006 1015 δὲ
1065 957 1247 1020 κάκῶς
1281 977 1296 993 ·
1359 952 1556 1018 κύκλος
1614 955 1713 1034 γάρ
1775 954 1917 1010 ἐστιν

271 1049 530 1127 ἰσομερὴς
587 1048 851 1123 ποικίλος,
924 1048 1176 1125 ἀπείρους
1229 1046 1377 1126 ἔχων
1446 1045 1541 1109 τὰς
1602 1043 1918 1124 προφάσεις,

274 1139 410 1215 πρὸς
441 1137 502 1201 ἂς
533 1137 753 1204 ἕκαστος
786 1140 955 1195 εἰπεῖν
987 1135 1105 1218 ἔχει
1156 1136 1184 1192 ὃ
1231 1134 1371 1192 θέλει
1404 1154 1419 1170 ·
1475 1134 1533 1192 ὅν
1577 1133 1678 1212 γὰρ
1727 1133 1922 1212 τρόπον

270 1226 360 1284 ἐπὶ
413 1232 518 1284 τῶν
574 1225 742 1294 λοξῶν
789 1227 1003 1306 ὀνείρων
1055 1225 1219 1283 ἐνίοτε
1272 1223 1420 1283 οὐδὲν
1471 1231 1718 1302 νοοῦμεν,
1775 1227 1912 1278 απο-

271 1313 482 1376 ϐάντων
513 1314 564 1374 δὲ
597 1317 930 1386 οἰκειοτάτην
992 1315 1352 1396 προσφέρομεν
1409 1313 1644 1373 ἰπίλυσιν
1673 1331 1690 1350 ⁸
1747 1310 1914 1376 οὕτως

272 1406 364 1462 καὶ
417 1407 478 1462 τὸ
535 1405 757 1483 μάθημα
792 1426 807 1442 ο
868 1406 970 1486 πρὸ
1019 1412 1110 1463 τοῦ
1163 1427 1211 1461 τι
1265 1401 1706 1477 ἀποτελεσθῆναι,
1770 1398 1916 1459 οὐδὲν

273 1494 439 1576 σαφὲς
492 1497 627 1572 ἡμῖν
687 1505 916 1572 μηνῦσαι
978 1492 1190 1552 δύναται
1225 1512 1238 1530 ⁸
1275 1493 1411 1570 μετὰ
1438 1490 1619 1560 δὲτὴν
1648 1497 1739 1548 τοῦ
1762 1511 1918 1570 γενο-

268 1585 433 1661 μένου
461 1586 712 1664 ἱστορίαν,
765 1585 883 1642 τότε
946 1582 1214 1664 πρόδηλος
1257 1585 1291 1651 ἡ
1322 1588 1420 1650 τῆς
1473 1579 1738 1645 ἐκϐάσεως
1782 1579 1919 1636 αἰτία

271 1675 514 1752 φαίνεται
550 1690 564 1706 ⁵
599 1673 858 1736 πολλάκις
889 1675 986 1750 μὲν
1045 1676 1134 1730 οὖν
1191 1674 1238 1730 οἱ
1265 1670 1616 1750 προλέγοντες
1645 1669 1916 1742 πταίουσι,

273 1765 366 1818 καὶ
411 1764 544 1838 μετὰ
599 1764 696 1832 τὴν
755 1760 968 1820 ἔκϐασιν
1018 1761 1229 1824 ἔαυτοὺς
1289 1760 1610 1840 μέμφονται,
1671 1758 1918 1837 λέγοντες

276 1852 359 1909 ὅτι
389 1852 506 1909 τόδε
537 1853 602 1921 ἧν
633 1856 693 1910 τὸ
729 1859 983 1933 ποιῆσαν,
1017 1853 1105 1908 καὶ
1151 1854 1249 1910 οῦκ
1287 1848 1527 1926 εἴδομεν.
1573 1851 1646 1908 Τὸ
1686 1848 1784 1925 μὲν
1831 1846 1920 1904 οὖν

278 1945 368 1998 καὶ
396 1944 516 2008 τοὺς
576 1942 703 2000 πάνυ
745 1941 1106 2018 ἱπιστήμονας
1162 1939 1398 2014 πταίειν,
1461 1939 1659 2018 γίνεται
1721 1935 1805 1994 διὰ
1857 1936 1918 1993 τό

274 2035 355 2110 μὴ
387 2033 596 2104 εἰδέναι,
659 2037 732 2098 ὡς
792 2035 922 2116 χθὲς
977 2033 1136 2112 ἔφην,
1187 2044 1322 2089 ποτα
1374 2031 1586 2093 πάντως
1636 2035 1737 2098 τῆς
1770 2029 1917 2109 γενέ-

275 2144 413 2188 σεως
445 2123 596 2181 α’ίτια
628 2122 752 2203 (78)
781 2123 1004 2202 γίνεται,
1041 2135 1172 2180 ποτα
1203 2120 1258 2177 δὲ
1289 2122 1348 2178 o6
1394 2120 1633 2192 πάντως,
1665 2120 1752 2176 καὶ
1782 2131 1917 2175 ποῖα

274 2214 486 2279 πάντως
545 2212 764 2280 ποιῆσαι
816 2215 1189 2288 ἐπιθυμοῦμεν,
1253 2211 1313 2266 o6
1352 2209 1566 2271 πάντως
1623 2206 1677 2263 δὲ
1722 2209 1914 2264 ποιοῦ-

273 2323 373 2378 μεν
406 2317 420 2331 ⁹
479 2300 560 2357 ὅτι
591 2299 682 2368 ἥδε
731 2303 765 2369 ἡ
798 2302 933 2358 αἰτία
983 2302 1120 2375 ἡμὶν
1178 2311 1296 2363 τοῖς
1349 2298 1638 2373 μυστήριον
1673 2299 1916 2372 μεμαθη-

273 2393 419 2472 κόσι,
449 2392 625 2469 σαφής
673 2390 817 2447 ἰστιν
847 2406 862 2424 ⁶
909 2387 990 2446 ὅτι
1044 2388 1314 2467 ἐλεύθερον
1374 2387 1598 2467 ἔχοντες
1629 2385 1916 2466 λογισμὸν,

275 2481 438 2537 ἐνίοτε
485 2479 702 2560 ἰπέχειν
767 2481 964 2547 ταύτην
1022 2477 1458 2556 βουλευσέμενοι,
1510 2477 1864 2550 νενικήκαμεν
1899 2493 1912 2508 ο

280 2573 327 2626 οἱ
356 2567 408 2625 δὲ
451 2569 766 2648 ἀστρολόγοι
824 2575 980 2626 τοῦτο
1022 2569 1147 2624 αὒτὸ
1205 2568 1266 2624 τὸ
1311 2567 1626 2645 μυστήριον,
1659 2566 1776 2644 περὶ
1807 2565 1918 2622 πά-

280 2680 380 2726 σης
426 2658 780 2738 προιιρέσεως
830 2657 1231 2738 ἀποφηνάμενοι
1283 2655 1336 2721 ἒξ
1365 2655 1566 2734 ἀρχῆς,
1599 2656 1920 2720 πταίσαντες

280 2750 401 2812 τοὺς
448 2748 816 2826 κλιμακτῆρας
871 2745 1185 2819 ἐπενόησαν,
1251 2747 1324 2808 είς
1374 2743 1682 2811 ἀδηλότητα
1732 2747 1916 2802 ποιού-

281 2860 433 2912 μενοι
489 2839 590 2902 τὴν
645 2837 972 2915 προαίρεσιν,
1022 2837 1096 2899 ὼς
1153 2834 1282 2914 χθὲς
1341 2831 1709 2908 ἀπεδείξαμεν.
1761 2833 1834 2889 Σὺ
1863 2831 1916 2889 δὲ

281 2933 374 2982 τοῦ
419 2926 608 2983 λοιποῦ
636 2929 768 3004 πρὸς
796 2931 960 2982 ταῦτα
1010 2925 1061 2980 εἴ
1115 2946 1167 2980 τι
1227 2922 1374 3004 ἔχεις
1406 2923 1602 2996 εἰπεῖν,
1636 2920 1786 3000 λέγε.
1825 2931 1922 2987 Καὶ

1997 501 2136 564 boni
2162 504 2410 584 contigit
2438 504 2500 566 in
2532 502 2632 565 illo
2678 511 2948 586 tempore
2981 529 2996 588 ;
3035 516 3271 589 tempus
3299 518 3499 571 autem
3536 512 3646 572 hoc

1995 592 2152 654 idem
2187 593 2367 655 dicito
2401 615 2414 653 :
2443 601 2502 655 et
2528 597 2772 675 require
2789 613 2858 657 ex
2876 595 3098 675 quibus
3123 597 3389 679 partibus
3407 600 3647 679 genesis

1995 683 2108 744 hoc
2139 683 2245 745 tibi
2274 684 2540 748 evenerit
2564 684 2702 746 boni
2728 707 2742 755 ;
2773 692 2832 747 et
2857 692 3147 766 tempora.
3184 697 3246 751 ut
3281 688 3643 764 dlxi,eadem

1999 791 2130 852 qua;
2162 773 2236 834 de
2266 774 2435 836 malis
2459 773 3282 852 interrogaveras,custodito:
3308 796 3563 860 cumque
3584 788 3642 839 tu

1999 860 2286 924 lefelleris
2311 865 2385 925 de
2417 863 2812 944 temporibus,
2847 865 2982 927 vide
3007 875 3226 946 quanta
3257 866 3362 926 tibi
3387 867 3648 930 inveniet

2001 952 2447 1033 schemata,per
2476 971 2607 1034 quae
2634 953 2906 1014 ostendat
2947 954 3106 1032 quod
3142 954 3248 1015 tibi
3274 955 3331 1016 in
3354 955 3474 1017 illis
3501 957 3646 1035 ipsis

2003 1041 2376 1122 temporibus
2399 1043 2640 1104 evenire
2673 1042 2994 1104 debuerint
3049 1043 3202 1106 bona
3233 1065 3246 1104 :
3278 1044 3648 1124 impossibile

2008 1131 2168 1192 enim
2204 1141 2293 1193 est
2328 1131 2637 1194 hominum
2669 1131 2936 1211 genesim
2996 1133 3406 1208 tractantibus,
3445 1153 3562 1195 non
3587 1135 3646 1195 in

1997 1219 2162 1282 omni
2191 1239 2364 1300 quam
2402 1221 2605 1282 dicunt
2623 1221 2871 1299 regione
2889 1221 3195 1283 stellarum
3217 1241 3458 1304 semper
3477 1223 3647 1285 inve-

2000 1307 2132 1370 nire
2157 1308 2449 1388 quasdam
2476 1308 2630 1370 bene
2657 1310 2877 1389 positas
2895 1309 3118 1384 stellas,
3144 1319 3204 1372 et
3223 1311 3506 1392 quasdam
3528 1330 3647 1374 ina—

1999 1397 2077 1458 le:
2104 1397 2367 1459 circulus
2390 1398 2550 1458 enim
2595 1408 2686 1458 est
2715 1399 3026 1480 aequaliter
3050 1418 3118 1461 ex
3144 1401 3307 1465 omni
3332 1411 3496 1481 parte
3517 1402 3646 1463 col-

2003 1485 2194 1547 lectus
2219 1487 2549 1549 secundum
2579 1487 3182 1568 mathesim,diversas
3205 1497 3263 1551 et
3290 1489 3480 1551 varias
3499 1491 3648 1551 acci-

2005 1576 2174 1656 piens
2197 1593 2432 1651 causas,
2461 1596 2528 1637 ex
2543 1575 2758 1656 quibus
2771 1577 3146 1639 occasionem
3161 1579 3647 1658 capiantdicendi

2003 1665 2160 1745 quod
2186 1665 2586 1728 volunt.Sicut
2604 1669 2760 1727 enim
2787 1667 2915 1729 fieri
2935 1667 3086 1730 solet
3110 1667 3207 1729 ubi
3226 1667 3459 1730 somnia
3481 1669 3644 1730 obli«-

2003 1774 2119 1836 qua
2147 1755 2404 1819 viderint
2437 1758 2728 1838 homines,
2767 1767 2824 1818 et
2879 1758 3026 1820 nihil
3064 1760 3213 1820 certi
3267 1759 3640 1839 intelligunt;

2002 1865 2141 1907 cum
2174 1845 2388 1926 aliquis
2419 1848 2746 1909 occurrerit
2795 1848 2986 1909 exitus
3020 1866 3244 1930 rerum,
3282 1859 3418 1911 tunc
3450 1849 3522 1910 ad
3575 1869 3644 1912 ea

2000 1953 2136 2015 quae
2159 1935 2489 1997 acciderint
2518 1945 2722 2017 aptant
2744 1939 2916 1998 etiam
2942 1938 3157 1999 somnii
3191 1939 3408 2011 visum;
3446 1942 3523 2000 ita
3554 1951 3647 2001 est

2001 2035 2057 2086 et
2084 2024 2384 2086 mathesis:
2408 2035 2720 2106 antequam
2754 2026 2974 2106 aliquid
3007 2029 3105 2088 ﬁat
3135 2029 3281 2090 certi
3310 2030 3456 2090 nihil
3497 2049 3642 2111 pro-

1999 2114 2325 2195 nuntiatur;
2359 2124 2561 2195 postea
2583 2134 2722 2178 vero
2753 2135 2928 2198 quam
2977 2116 3198 2198 aliquid
3224 2116 3536 2194 acciderit,
3558 2119 3646 2180 rei

1991 2205 2115 2284 jam
2140 2214 2318 2282 gestas
2333 2205 2612 2284 colligunt
2626 2223 2854 2268 causas.
2870 2206 3136 2288 Denique
3155 2207 3492 2288 frequenter
3509 2225 3643 2269 cum

1999 2295 2347 2370 erraverint,
2383 2305 2440 2357 et
2484 2295 2655 2357 aliter
2685 2315 2781 2357 res
2821 2297 3132 2377 acciderit,
3163 2299 3516 2379 semetipsos
3547 2298 3643 2358 in-

1999 2385 2541 2465 crepant,di‘centes
2561 2391 2703 2462 quia
2721 2386 2820 2446 illa
2843 2385 2953 2447 fuit
2968 2387 3142 2450 stella
3159 2405 3292 2468 quae
3312 2386 3646 2468 impedivit,

2001 2493 2133 2555 quae
2152 2475 2437 2550 occurrit,
2475 2486 2532 2536 et
2561 2494 2678 2535 non
2700 2476 2988 2556 vidimus;
3024 2475 3366 2555 ignorantes
3389 2476 3531 2553 quia
3556 2495 3646 2538 er-

2001 2581 2104 2624 ror
2132 2581 2336 2625 eorum
2374 2582 2492 2624 non
2519 2582 2589 2626 ex
2617 2565 2763 2624 artis
2796 2565 3328 2642 imprudentia,setl
3365 2584 3433 2627 ex
3465 2565 3644 2626 totius

2004 2653 3487 2732 causainconvenientiadescendit:ignorantenim
3509 2673 3641 2734 qua:

2001 2744 2283 2821 sint,quae
2302 2741 2498 2804 facere
2519 2741 2754 2822 quidem
2779 2743 3413 2822 concupiscamus.non
3444 2753 3641 2804 tamen

2003 2830 2419 2908 indulgeamus
2440 2831 2962 2911 concupiscentiis.
3001 2832 3122 2894 Nos
3152 2842 3349 2892 autem
3383 2832 3482 2912 qui
3515 2853 3641 2914 my-

2005 2921 2171 2982 sterii
2195 2920 2372 3000 hujus
2392 2920 2708 2981 didicimus
2740 2921 3282 2994 rationem,scimus
3300 2931 3359 2982 et
3376 2939 3644 2997 causam;

283 3013 484 3088 ὀμόσας
523 3013 645 3092 (79)
706 3013 1046 3092 ἀπεκρίνατο,
1103 3010 1269 3089 μηδὲν
1313 3013 1514 3069 τούτων
1567 3009 1914 3088 ἀληθέστερον

2005 3011 2141 3092 quia
2162 3009 2492 3072 libertatem
2528 3009 2813 3071 habentes
2833 3010 3396 3091 arbitrii,interdum
3422 3030 3643 3072 concu-

283 3105 422 3158 εἶναι
453 3105 527 3158 ὦν
560 3104 742 3169 εἶπας.

2007 3099 2314 3182 piscantiis
2339 3098 2708 3174 obsistimus,
2745 3100 3042 3162 interdum
3075 3099 3385 3162 cedimus:
3423 3110 3481 3163 et
3510 3100 3646 3162 ideo

277 3189 670 3253 humanorum
702 3199 1005 3268 gestorum
1037 3191 1308 3253 incertus
1338 3197 1430 3253 est
1458 3189 1672 3269 exitus;
1698 3189 1838 3270 quia
1857 3190 1917 3252 in
1951 3191 2227 3253 libertate
2253 3189 2474 3269 pendet
2496 3188 2750 3250 arbitrii.
2783 3187 2926 3251 Nam
2955 3189 3496 3270 concupiscentiam
3519 3190 3651 3270 qui-

270 3278 435 3360 dem,
471 3298 646 3361 quam
681 3289 962 3361 operatur
991 3280 1248 3360 maligna
1271 3277 1476 3354 virtus,
1511 3287 1705 3360 potest
1736 3279 2006 3342 indicare
2034 3279 2489 3342 mathematicus
2523 3299 2536 3341 :
2571 3279 2678 3342 sed
2707 3279 2756 3339 si
2780 3278 3466 3360 concupiscentitehujus
3485 3288 3650 3340 actus

272 3369 362 3430 vel
398 3371 591 3432 exitus
624 3369 862 3452 impleri
887 3370 1095 3450 possit,
1125 3387 1237 3431 nec
1268 3387 1370 3447 ne,
1403 3369 1542 3450 quia
1566 3367 1629 3430 in
1659 3367 1888 3430 arbitrii
1920 3369 2196 3430 libertate
2227 3377 2337 3444 est,
2377 3368 2521 3430 sciri
2550 3379 2690 3432 ante
2722 3369 2998 3431 allectum
3029 3370 3118 3430 rei
3143 3387 3177 3429 a
3209 3368 3370 3430 nullo
3405 3376 3600 3450 potest
3629 3389 3647 3430 :

279 3467 341 3524 et
370 3460 483 3522 hoc
512 3467 602 3522 est
629 3459 787 3542 quod
818 3459 1162 3540 ignorantes
1191 3457 1475 3540 astrologi
1501 3458 1856 3520 invenerunt
1881 3458 2020 3530 sibi,
2056 3467 2116 3519 ut
2140 3458 2512 3520 climacteras
2544 3459 2834 3533 dicerent,
2867 3458 2957 3521 rei
2989 3457 3216 3520 scilicet
3241 3458 3484 3520 incertae
3516 3475 3652 3539 per-

279 3549 465 3628 fugia,
500 3549 656 3611 sicut
681 3550 963 3612 hesterno
993 3548 1342 3630 plenissime
1373 3548 1769 3613 ostendimus.
1802 3546 1886 3609 Ad
1919 3547 2042 3608 hinc
2076 3547 2127 3610 si
2159 3549 2300 3629 quid
2329 3547 2438 3612 tibi
2464 3548 2786 3612 dicendum
2811 3547 3063 3620 videtur,
3103 3546 3308 3610 dicito.
3340 3546 3411 3609 Et
3433 3557 3597 3628 pater
3627 3568 3644 3613 :

237 3669 241 3672 ~
286 3637 447 3702 Nihil
476 3644 695 3722 verius,
727 3639 943 3720 inquit,
977 3639 1085 3716 ﬁli,
1115 3639 1209 3702 his
1242 3658 1374 3723 qua
1404 3645 1760 3722 prosecutus
1795 3654 1882 3700 es.

373 3819 424 3893 (7
433 3817 498 3897 8)
527 3818 706 3880 Αἴτια.
741 3817 834 3880 ΑΙ.
869 3821 1030 3882 αἰτία.

2099 3818 2222 3897 (79)
2250 3816 2355 3880 Καὶ
2382 3819 2540 3896 όμόσ.
2573 3817 2666 3880 Al.
2696 3819 2783 3876 καὶ
2813 3821 2840 3875 ὁ
2871 3821 3067 3898 πατήρ.
