4060 6362
1731 465 2542 597 ELENCHUS

698 761 1223 837 AUCTOBUM
1275 760 1387 833 ET
1433 758 1816 833 OPEHUM
1867 758 2091 842 ουλε
2140 757 2225 830 IN
2278 755 2465 829 HOC
2512 753 2775 827 TOMO
2826 755 2872 825 I.
2924 752 3605 827 CONTINENTUB

1439 1342 1507 1402 S.
1572 1342 1922 1404 CLEMENS
1966 1342 1988 1402 Ι
2031 1338 2411 1403 PONTIFEX
2466 1338 2857 1402 ROMANUS.

453 1479 698 1542 SCRIPTA
726 1493 1004 1541 GENUINA.
3745 1470 3864 1532 199

529 1584 795 1661 Epistola
823 1584 847 1644 Ι
866 1589 943 1645 ad
962 1583 1324 1646 Corinthios.
3738 1575 3865 1637 399

528 1691 794 1769 Epistola
822 1690 872 1750 ll
889 1739 902 1751 .

530 1797 811 1875 Epistolas
840 1802 969 1859 dum
1008 1802 1083 1859 ad
1126 1800 1386 1874 virgines
1418 1796 1680 1878 (Syriace
1710 1807 1767 1856 et
1798 1795 2052 1874 Latine),
2088 1799 2404 1872 interprete
2432 1792 2505 1855 D.
2547 1793 2641 1857 Cl.
2686 1793 3036 1864 Villecourt,

653 1906 719 1971 S.
762 1904 846 1967 R.
880 1906 957 1966 Ε.
996 1908 1283 1966 cardinali
3736 1897 3860 1958 349

456 2011 699 2073 Sanum
734 2028 903 2072 DUBIA

534 2118 1000 2181 Constitutiones
1028 2122 1389 2197 apostolica).
3737 2111 3863 2174 509

531 2227 1019 2303 Recognitiones.
3698 2219 3855 2281 H57

1974 2621 2298 2684 LECTORI
2313 2672 2327 2687 .

545 2785 854 2846 Prodeunt
898 2787 1166 2863 feliciter,
1200 2787 1428 2845 erudite
1465 2782 1695 2859 Lector,
1744 2787 1868 2845 haec
1900 2786 2083 2844 nostri
2139 2783 2461 2844 Clementis
2489 2781 2699 2860 Opera,
2734 2786 2858 2844 sive
2902 2786 3186 2860 genuina,
3237 2788 3363 2845 sive
3410 2787 3521 2861 ipsi
3554 2787 3860 2859 supposita

452 2895 527 2952 ab
600 2896 877 2952 omnibus
934 2892 1304 2967 antiquitatis
1349 2894 1761 2952 ecclesiasticae
1806 2894 2086 2952 studiosis
2132 2895 2279 2952 tanti
2324 2895 2616 2954 facienda.
2675 2889 2812 2952 ΗεΒο
2841 2910 2971 2968 qua:
3002 2901 3193 2967 antea,
3245 2895 3341 2953 hic
3372 2895 3495 2953 illic
3526 2908 3750 2967 sparsa,
3802 2892 3862 2948 in

456 3002 948 3060 bibliothecarum
998 3001 1233 3075 angulis
1274 3001 1694 3059 delitescebant
1731 3009 1787 3059 et
1828 3017 1976 3075 pene
2018 3002 2321 3074 sigillatim
2352 3002 2580 3074 sepulta
2615 3001 2912 3075 jacebant,
2948 3017 3056 3059 nos
3088 3001 3260 3075 primi
3302 3004 3363 3059 in
3394 3016 3580 3060 unum
3611 2999 3860 3073 collegi-

459 3122 592 3163 mus
636 3114 692 3164 et
742 3123 895 3165 nova
944 3108 1075 3164 luce
1120 3106 1503 3167 donavimus.
1553 3103 1807 3165 Grandis
1849 3107 2089 3179 quidem
2132 3107 2316 3179 labor,
2369 3107 2472 3165 sed
2520 3108 2637 3180 cui,
2691 3114 2988 3165 annuente
3039 3103 3178 3180 Deo,
3214 3123 3333 3165 non
3389 3109 3646 3181 impares
3681 3106 3867 3163 fuisse

454 3213 840 3273 conﬁdimus.
880 3209 1016 3272 Hmc
1048 3215 1220 3272 nobis
1268 3215 1343 3272 sit
1372 3231 1596 3273 merces
1642 3231 1750 3272 nos
1780 3216 1849 3271 de
1877 3214 2159 3286 religione
2193 3210 2526 3272 Christiana
2554 3216 2705 3272 bene
2754 3213 2993 3272 meritos
3043 3214 3304 3273 fatearis.
3355 3211 3497 3272 Vale
3540 3222 3597 3271 et
3646 3213 3870 3270 nostris

454 3321 765 3379 conatibus
792 3322 951 3378 fave.
2972 3340 2975 3343 ί
3498 3374 3505 3379 _
3742 3331 3751 3334 ‘
