4060 6362
201 369 292 435 υ
1104 377 1325 439 PRIMI
1369 371 1744 440 ECCLESLE
1785 368 2070 434 SMULI
2112 373 2680 441 SCRIPTORIBUS.
3513 374 3590 441 3O

204 502 454 584 quidem
489 514 550 568 et
577 524 613 566 a
640 504 1092 568 successoribus
1131 505 1262 584 ejus
1308 505 1630 584 diligenter
1673 504 1855 567 fuisse
1877 509 1914 558 Α
2017 503 2224 589 Neque
2247 527 2387 572 vero
2421 509 2621 591 prima
2654 510 2937 572 duntaxat
2965 510 3140 592 hujus
3169 511 3393 575 schola
3419 510 3592 575 initia

201 603 533 676 servatum,
569 595 790 666 nullus,
817 595 1052 675 opinor,
1073 595 1486 674 negaverit.At
1503 613 1680 677 porro
1711 596 1762 655 si
1792 594 1862 656 iis
1947 593 2170 658 indicat
2194 597 2516 680 Eusebius,
2552 618 2753 662 verum
2779 602 2954 661 ctiam
2987 601 3127 682 quid
3178 600 3238 662 in
3287 619 3358 663 ea
3384 600 3590 665 doceri

207 682 356 746 locis
387 683 447 744 in
479 683 697 764 quibus
726 683 1044 745 docentem
1075 684 1319 747 Paulum
1355 693 1439 748 tot
1464 684 1732 764 tantique
1751 684 1864 746 dis-
1949 685 2314 768 tractarique
2356 687 2599 770 soleret,
2656 689 2992 751 inculenter
3036 698 3156 750 tum
3205 689 3416 770 aperit,
3451 708 3584 752 cum

201 771 388 851 cipuli
419 773 762 849 audierunt,
801 791 1017 834 nomen
1040 772 1261 836 schola
1286 773 1574 853 deneges,
1602 771 1711 836 tibi
1733 772 1859 848 qui-
1948 792 2075 835 eam
2110 794 2410 839 sacrarum
2466 777 2792 842 litterarum
2850 779 3116 841 scholam
3157 777 3438 859 appellat.
3486 778 3593 841 His

201 859 350 922 dem
385 881 502 922 non
551 863 795 923 omnino
852 861 1362 943 repugnabimus;
1401 861 1579 924 modo
1624 861 1696 923 ad
1729 861 1864 923 illos
1945 862 2243 940 siquidem
2276 865 2469 928 verbis
2512 867 2610 928 ille
2643 868 2813 930 nobis
2858 878 3062 945 aperte
3106 866 3372 929 declarat
3391 885 3591 929 sacras

196 953 465 1029 primam
498 950 967 1014 Christianarum
1011 951 1349 1014 scholarum
1381 951 1671 1032 originem
1689 953 1865 1014 redu-
1947 950 2200 1029 litteras,
2237 954 2292 1015 id
2318 963 2428 1030 est,
2457 973 2662 1019 sacros
2690 955 2925 1019 Veteris
2955 965 3013 1017 et
3042 955 3188 1018 Novi
3223 955 3588 1019 Testamenti

191 1044 468 1105 condam
497 1062 632 1106 esse
658 1043 977 1105 concedas.
1946 1039 2136 1102 libros
2163 1039 2241 1104 ibi
2263 1061 2297 1104 a
2320 1044 2667 1107 doctoribus
2699 1055 2756 1107 et
2783 1045 3083 1126 magistris
3106 1044 3286 1108 fuisse
3319 1046 3587 1126 explica‘

281 1133 485 1198 Primo
521 1143 719 1197 tamen
747 1135 1031 1198 Ecclesia
1059 1134 1303 1208 saculo,
1337 1135 1600 1196 nondum
1631 1133 1862 1214 elapso,
1946 1129 2184 1193 tos.Nec
2213 1132 2524 1196 obscurius
2557 1136 2730 1216 paulo
2762 1145 2893 1216 post
2926 1136 3102 1197 tradit
3123 1135 3261 1197 huic
3282 1153 3584 1198 sacrarum

198 1225 490 1304 quasdam
523 1225 991 1290 Christianorum
1051 1224 1306 1294 scholas.
1360 1224 1599 1306 proprie
1651 1224 1861 1287 dictas.
1946 1220 2389 1300 Scripturarum
2419 1225 3104 1306 explicationiadjectam
3126 1224 3457 1287 divinorum
3484 1225 3589 1285 do.

195 1312 328 1392 jam
359 1314 659 1376 institutas
703 1313 1176 1389 fuisse,detlucto
1211 1332 1282 1376 ex
1309 1312 1546 1376 Eusebii
1577 1312 1863 1377 Historia
1944 1309 2240 1388 gmatibus
2269 1312 2744 1392 explanationem
2779 1314 3178 1378 -Diniuorum
3209 1315 3586 1396 inquit,dog-

203 1419 332 1466 non
365 1402 476 1464 levi
509 1404 684 1484 plane
711 1413 1086 1482 argumento,
1117 1401 1321 1481 colligi
1356 1421 1529 1482 posse
1561 1411 1860 1482 putamus.
1945 1410 2184 1461 malum
2217 1400 2524 1466 thesauros
2543 1406 2846 1483 seposuit.

208 1491 302 1554 lbi
331 1491 493 1553 enim
525 1494 603 1555 de
632 1492 933 1573 Pantano,
955 1491 1378 1555 Alexandrina
1413 1491 1634 1554 schola
1657 1491 1862 1572 praie-
2024 1487 2148 1560 Qua
2173 1498 2370 1552 autem
2401 1493 2682 1554 methodo
2715 1492 2771 1554 ἱιὶ
2804 1494 2998 1569 ﬁeret,
3049 1492 3135 1554 sic
3185 1494 3310 1572 ipse
3359 1490 3584 1555 ibidem

203 1580 463 1654 cto,hac
489 1581 813 1661 leguntur‘:
839 1583 950 1644 Per
981 1583 1137 1644 idem
1163 1580 1744 1660 tempus,(.‘ommodo
1765 1581 1859 1641 ni-
1947 1577 2157 1639 docet:
2200 1578 2436 1642 Partim
2458 1583 2598 1645 viva
2631 1600 2793 1653 voce.
2830 1581 3021 1662 inquit
3065 1582 3290 1662 partim
3319 1581 3584 1662 scriptis.

205 1668 430 1733 mirum
455 1670 1083 1750 imperante,]idcliam
1107 1669 1330 1731 scholae
1346 1676 1616 1750 praeerat
1640 1671 1736 1730 vir
1755 1669 1862 1731 do.
1949 1668 1968 1730 Ι
1978 1685 2013 1727 ιι
2048 1667 2156 1728 hac
2180 1686 2322 1748 ergo
2352 1669 2771 1734 Alexandrina
2793 1672 3076 1734 Ecclesia
3103 1670 3304 1732 schola
3335 1679 3394 1731 et
3423 1689 3591 1733 sacra

202 1761 423 1820 ctrina:
469 1777 651 1822 causa
683 1759 1126 1834 celeberrimus,
1187 1760 1431 1821 nomine
1481 1757 1865 1832 Pontanus;
1947 1757 2283 1838 Scriptura,
2339 1767 2398 1819 et
2455 1760 2654 1822 divina
2715 1760 2849 1822 ﬁdei
2913 1760 3262 1823 Christiana
3316 1760 3591 1838 dogmata

466 1852 598 1930 jam
631 1850 774 1954 inde
799 1869 838 1952 (ξ
863 1850 1081 1954 priscis
1545 1863 1863 1954 sacrarum
1887 1906 1924 1954 Β
2192 1847 2316 1954 viva
2351 1867 2514 1954 voce,
2540 1849 2776 1954 partim.
2814 1848 3585 1954 scriptisespl‘anabantur,

197 1939 551 2002 tuleramus
578 1939 874 2019 schola,in
889 1939 1096 2002 eadem
1118 1937 1858 2014 civitatc,Alea:andriua,
1889 1935 1924 1954 "
1947 1937 2018 1996 At
2048 1954 2182 1998 cum
2214 1935 2508 2001 Eusebius
2537 1937 2685 2002 illud
2724 1939 2880 2001 idem
2911 1958 2950 2002 α
2972 1941 3192 2020 priscis
3223 1940 3592 2019 temporibus

195 2030 412 2106 fuerat
440 2031 743 2103 instituta,
781 2048 912 2096 duo
948 2028 1183 2108 quidem
1212 2037 1426 2090 nostra
1455 2034 1635 2089 atate
1662 2026 1863 2089 adhuc
1945 2025 2160 2087 factum
2195 2045 2328 2088 esse
2358 2035 2681 2110 assereret,
2716 2029 2914 2094 nullus
2945 2029 3150 2109 procul
3193 2028 3374 2091 dubio
3410 2047 3585 2108 nega-

193 2126 564 2199 pcrscvcrat.
639 2117 821 2196 Atqui
911 2119 1281 2180 Commodus
1352 2116 1426 2179 ab
1517 2133 1674 2177 anno
1745 2116 1863 2180 l80
1946 2115 2092 2178 verit
2113 2117 2385 2180 eamdem
2413 2117 2668 2181 docendi
2692 2119 3038 2182 methodum
3072 2118 3589 2200 inantiquioribus

197 2208 282 2270 ad
391 2227 611 2270 annum
692 2206 803 2270 I93
865 2205 1114 2268 Romani
1189 2204 1424 2286 imperii
1504 2203 1670 2264 frena
1730 2223 1860 2264 mo-
1946 2205 2214 2283 eiusdem
2247 2207 2522 2270 Ecclesia
2553 2208 2794 2285 scholis,
2830 2209 3247 2288 quidametin
3283 2207 3416 2270 aliis
3447 2207 3585 2288 plu-

195 2298 556 2361 derabatnr.
599 2299 717 2360 Per
745 2296 857 2358 hoc
889 2314 1032 2375 ergo
1065 2304 1304 2376 tempus
1334 2296 1650 2358 Pantanus
1678 2294 1858 2355 scho-
1945 2293 2131 2369 ribus,
2173 2295 2354 2358 fuisse
2402 2297 2794 2359 observatam.
2856 2301 3037 2360 Porro
3095 2306 3294 2360 autem
3347 2307 3487 2358 ante
3529 2307 3587 2357 et

197 2387 284 2451 la
331 2385 754 2451 Alexandrinae
793 2384 1045 2466 prafuit.
1096 2386 1242 2448 Cum
1302 2383 1503 2464 itaque
1563 2382 1860 2444 Eusebius
1909 2393 2077 2462 post
2105 2385 2360 2465 scriptos
2397 2397 2574 2468 atque
2628 2385 2954 2466 publicatos
2989 2385 3123 2448 novi
3153 2385 3397 2449 foederis
3425 2385 3587 2446 codi-

199 2477 482 2542 eamdem
509 2477 771 2539 scholam
805 2493 840 2536 α
870 2474 1090 2555 priscis
1130 2475 1496 2554 temporibus
1525 2472 1854 2534 institutam
1944 2491 2065 2552 ces,
2100 2473 2350 2553 apostoli
2394 2493 2721 2553 eorumque
2760 2475 3034 2555 discipuli
3084 2475 3437 2538 Christianis
3487 2494 3587 2536 ea-

199 2568 396 2632 fnisse
442 2575 687 2639 asserat,
737 2564 875 2626 inde
925 2563 1187 2645 profecto
1241 2582 1360 2624 non
1396 2561 1852 2642 improbabilem
1940 2562 2074 2624 dem
2105 2563 2480 2644 explicabant
2547 2565 2661 2626 ﬁdei
2695 2564 2992 2644 dogmata,
3027 2583 3214 2646 eaque
3261 2564 3587 2644 prapheta-

201 2656 491 2720 ducimus
519 2656 949 2735 conjecturam,
977 2654 1096 2733 jam
1141 2672 1172 2713 a
1201 2652 1390 2733 primo
1425 2653 1706 2716 Ecclesia
1736 2671 1850 2713 sa-
1941 2670 2072 2714 rum
2104 2653 2385 2728 oraculis,
2419 2651 2675 2736 aliisque
2726 2653 2946 2716 veteris
2997 2654 3381 2717 lnstrumenti
3417 2652 3585 2714 testi-

201 2749 346 2811 culo
364 2749 524 2829 jacta
553 2746 735 2807 fuisse
757 2743 978 2805 schola
994 2742 1156 2804 illius
1179 2741 1702 2821 fundamenta,nec
1719 2760 1850 2802 eam
1939 2742 2181 2814 mouiis,
2215 2761 2282 2804 ac
2304 2743 2541 2806 tandem
2584 2764 2700 2805 non
2726 2745 2917 2805 solum
2957 2743 3157 2805 divina
3190 2741 3410 2805 Christi
3439 2761 3583 2804 auc-

200 2839 390 2902 alium
443 2839 693 2898 fortasse
723 2849 898 2914 quam
948 2834 1211 2894 Marcum
1244 2830 1688 2908 evangelistam,
1725 2831 1852 2910 pri-
1937 2833 2194 2907 toritate,
2228 2834 2522 2916 variisque
2554 2834 2879 2914 miraculis,
2925 2835 3054 2912 ejus
3102 2832 3347 2894 nomine
3378 2831 3583 2904 editis,

205 2935 374 2990 mum
434 2925 810 2990 Alexandria
863 2921 1206 3002 episcopum
1239 2969 1257 3002 ,
1317 2919 1590 2982 habuisse
1645 2928 1853 2982 aucto-
1937 2922 2386 2988 confirmabant.
2419 2924 2522 2985 sed
2556 2923 2885 3004 saepissime
2916 2922 3048 2985 fuso
3081 2922 3261 2984 etiam
3294 2919 3590 3001 sanguine

201 3033 366 3083 nm.
1937 3013 2390 3091 consignabant.

289 3207 323 3256 ι
351 3203 598 3279 Euseb.,
627 3201 732 3266 tib.
765 3219 804 3264 ν
835 3203 1016 3273 mss,
1052 3218 1185 3282 cap.
1216 3151 1312 3266 to.
