4060 6362
474 275 550 346 35
1617 269 1720 343 AD
1765 271 1826 341 S.
1872 269 2345 344 CLEMENTEM
2389 269 2709 344 IPAPAM
3779 274 3869 342 36

478 427 611 478 sunt
642 415 955 497 quisquam
1009 413 1259 476 transire
1302 415 1372 476 ad
1419 430 1551 489 nos;
1585 432 1734 494 quos
1765 422 1822 477 et
1853 415 2016 494 ipsos
2045 416 2300 476 mundos
2336 414 2816 495 appellavit,cum
2847 416 2926 477 ait
2960 433 2976 475 :
3013 413 3294 479 Oceanus
3325 414 3867 479 intransmeabilis

475 513 560 568 est
591 505 968 578 hominibus,
993 513 1046 567 et
1079 503 1186 584 qui
1219 511 1389 565 trans
1421 505 1616 583 ipsum
1660 513 1801 565 sunt
1848 504 2089 576 mundi,
2122 509 2230 584 qui
2257 502 2352 565 his
2384 505 2572 566 eidem
2621 505 3026 566 dominatori:
3063 504 3177 566 Dei
3208 504 3714 586 disputationibus
3742 523 3868 585 gu-

478 593 786 658 bernatur.
820 593 1146 673 Paucisque
1179 593 1640 672 interjectis.....
1674 591 1756 655 Ex
1790 593 1884 655 his
1917 603 2112 654 tamen
2145 611 2274 673 qua!
2322 592 2599 655 Clemens
2650 594 2812 655 visus
2843 603 2929 656 est
2964 593 3229 656 indicare
3263 614 3398 657 cum
3433 594 3576 655 dicit
3607 614 3620 654 :
3657 592 3860 656 Ocea—

473 701 590 746 nus
619 688 726 763 qui
753 681 1275 744 iutransmeubilis
1306 690 1395 743 est
1415 681 1839 754 hominibus,et
1869 683 1934 744 hi
1963 683 2176 743 mundi
2201 683 2310 761 qui
2329 690 2459 762 post
2489 685 2700 762 ipsum
2720 691 2861 745 sunt
2889 704 2908 744 :
2932 684 3033 760 qui
3059 692 3189 762 post
3210 684 3400 764 ipsum
3437 693 3574 744 sunt
3608 682 3864 744 mundos

479 771 785 853 pluraliter
811 771 1146 845 nominans,
1186 789 1338 847 quos
1370 780 1425 832 et
1459 770 1667 832 eadem
1717 770 1822 832 Dei
1874 770 2239 852 providentia
2284 771 2378 850 agi
2428 773 2670 852 regique
2721 772 3037 850 signiﬁcat,
3073 773 3302 833 semina
3363 773 3630 853 quaedam
3688 771 3864 833 nobis

478 858 820 940 hujusmodi
854 858 1260 938 intelligentiae
1290 859 1520 921 videtur
1551 877 1891 940 aspergere,
1927 880 2040 940 quo
2076 868 2316 940 putetur
2368 860 2562 921 omnis
2611 859 2853 940 quidem
2885 861 3238 922 universitas
3291 880 3494 923 eorum
3545 879 3674 942 qua:
3720 867 3864 922 sunt

474 958 650 1030 atque
707 948 1056 1028 subsistunt,
1119 949 1446 1011 caelestium
1509 957 1564 1008 et
1621 949 2162 1029 superccelestium,
2229 960 2603 1011 terrenarum
2662 950 3176 1030 infernorumque,
3242 971 3394 1013 unus
3454 961 3507 1012 et
3563 950 3864 1032 perfectus

477 1039 736 1101 mundus
808 1037 1172 1117 generaliter
1243 1036 1358 1097 dici
1418 1053 1432 1098 :
1497 1037 1651 1098 intra
1710 1057 1883 1118 quem
1944 1038 2031 1099 vel
2089 1057 2121 1099 a
2178 1057 2296 1118 quo
2356 1039 2423 1115 (si
2486 1039 2587 1119 qui
2646 1038 2728 1100 illi
2793 1050 2945 1111 sunt)
3018 1039 3256 1121 putandi
3313 1047 3457 1101 sunt
3535 1039 3860 1101 contineri.

478 1129 662 1208 Epist.
736 1129 790 1207 Ι,
845 1145 977 1206 cap.
1041 1127 1140 1188 2".

1345 1205 1510 1280 lusa,
1545 1213 1612 1269 in
1641 1207 1979 1283 Ezechiet.,
2016 1226 2147 1288 cap.
2181 1207 2241 1281 8,
2279 1216 2416 1269 tem.
2453 1206 2552 1287 lli,
2589 1227 2718 1288 pag.
2751 1206 2892 1287 422,
2935 1211 3008 1271 A.

562 1317 702 1382 Φησὶ
732 1313 785 1371 δὲ
816 1318 844 1370 ὁ
879 1314 1108 1388 Κλνῗμης
1144 1331 1158 1349 ⁸
1193 1317 1448 1378 ’-νκεανὸς
1506 1315 1765 1392 ἂπέρατος
1805 1316 2124 1392 ἀνθρώποις,
2293 1314 2417 1376 Dici

2293 1314 2445 1376 Dicit.
2476 1334 2712 1396 quoque
2743 1316 3055 1378 Clemens:
3083 1315 3363 1380 Oceanus
3384 1317 3868 1397 impcrmeabilis

479 1406 564 1461 καὶ
620 1407 666 1459 οἱ
709 1403 826 1475 μετ’
884 1403 1042 1460 αὐτὸν
1097 1404 1291 1479 κόσμοι
1355 1405 1632 1466 τοσαύταις
1693 1402 1974 1483 διαταγαῖς
2035 1413 2124 1462 τοῦ
2207 1405 2413 1467 homin

2235 1405 2576 1481 taminibus,
2601 1411 2657 1466 et
2687 1406 2797 1484 qui
2823 1413 2952 1484 post
2981 1423 3119 1468 eum
3149 1407 3384 1487 mundi,
3407 1410 3591 1469 tantis
3618 1407 3868 1469 Domini

481 1495 748 1550 Δεσπότου
779 1492 1122 1555 διοικοῦνται,

561 1691 976 1769 Μεμαρτύρηται
1007 1687 1176 1745 δὲκαὶ
1225 1691 1369 1770 παρὰ
1420 1703 1540 1754 τοῖς
1583 1688 1803 1762 ἔθνεσιν,
1847 1688 1926 1745 ὅτι
1984 1691 2120 1748 πολ-

2207 1495 2702 1556 ordinationibus
2727 1496 3166 1571 gubernantur.
3192 1495 3376 1576 Epist.
3413 1498 3470 1568 1,
3505 1515 3633 1577 cap.
3670 1496 3771 1558 20.

997 1592 1168 1669 lnam,
1201 1592 1267 1653 in
1292 1589 1500 1665 Joan.,
1538 1600 1678 1651 tom.
1713 1587 1819 1666 IX,
1855 1601 2006 1671 part.
2038 1607 2103 1665 ιι,
2139 1610 2269 1674 pag.
2307 1591 2437 1667 H3,
2471 1591 2616 1654 edit.
2652 1591 2827 1653 Huet.
2860 1591 3097 1675 Colon.,
3129 1594 3305 1656 1685.

2292 1689 2568 1753 Relatum
2592 1701 2788 1752 autem
2809 1700 2986 1772 atque
3003 1700 3277 1754 testatum
3297 1693 3450 1774 apud
3473 1694 3723 1772 gentiles
3741 1704 3861 1769 est,

479 1778 561 1836 λοί
591 1801 731 1844 τινες
771 1777 1033 1855 λοιμικῶν
1087 1778 1476 1853 ἐνσκηψάντων
1525 1779 1847 1854 νοσημάτων
1908 1779 2123 1844 ἑαυτοὺς
2211 1781 2417 1841 multos

2235 1781 2426 1841 nultos
2448 1799 2581 1842 cum
2609 1779 2956 1858 pestilentes
2983 1781 3174 1843 morbi
3197 1792 3636 1859 grassarentur,
3670 1801 3736 1844 se
3766 1784 3866 1864 ip-

479 1869 674 1948 σφάγια
715 1869 846 1946 ὑπὲρ
888 1876 980 1927 τοῦ
1023 1875 1200 1924 κοινοῦ
1242 1866 1647 1948 παραδεδώκασι
1681 1888 1698 1904 ο
1751 1869 1840 1924 καὶ
1896 1867 2124 1947 παραδὲ-
2208 1888 2306 1931 sos
2339 1878 2401 1930 ut

2240 1888 2306 1930 os
2339 1878 2401 1930 ut
2433 1869 2706 1931 victimas
2741 1888 2846 1949 pro
2880 1873 3068 1950 patria
3112 1871 3434 1934 tradidisse
3468 1892 3483 1933 :
3529 1883 3701 1954 atque
3729 1873 3863 1935 haec

479 1977 639 2037 χεται
691 1957 836 2019 ταῦθ’
880 1956 1048 2024 οὕτως
1096 1977 1225 2036 γεγο
1237 1956 1369 2013 θὲναι
1435 1959 1529 2014 οὐκ
1577 1954 1788 2035 ἀλόγως
1837 1960 2124 2023 πιστεύσας

2208 1960 2291 2022 ita
2315 1959 2584 2020 evenisse
2616 1958 2876 2019 admittit
2903 1978 3022 2021 non
3042 1961 3174 2022 sine
3197 1980 3397 2036 causa,
3435 1963 3699 2024 historiis
3715 1979 3864 2026 cre-

476 2060 603 2112 ταῖς
630 2049 886 2127 ἱστορίαις
942 2050 970 2105 ὁ
1001 2050 1192 2110 πιστὸς
1245 2045 1498 2123 Κλήμης,
1544 2047 1648 2104 ὑπὸ
1680 2043 1890 2104 Παύλου
1919 2069 2125 2125 μαρτυ-
2209 2048 2359 2110 dens
2379 2050 2417 2112 C

2235 2048 2359 2110 lens
2379 2047 2658 2112 Clemens
2684 2047 2786 2108 ille
2809 2047 3136 2124 ﬁdelis,cui
3157 2050 3562 2112 testimonium
3588 2051 3865 2132 perhibet

473 2138 748 2217 ρούμενος,
779 2135 1034 2217 λὲγοντος
1058 2153 1075 2171 ⁶
1114 2137 1265 2194 Μετὰ
1299 2135 1632 2216 Κλήμεντος,
1667 2158 1723 2198 ιι.
1755 2158 1809 2196 τ.
1845 2135 1900 2199 λ,

734 2465 928 2538 Rufino
964 2466 1246 2539 interprete
1258 2505 1274 2522 .

521 2549 705 2631 Hujus
729 2551 1050 2614 Clementis
1087 2550 1338 2632 epistola
1369 2548 1554 2612 habe-

485 2658 581 2704 tur
608 2644 680 2704 ad
713 2644 1055 2706 Corinthios
1085 2643 1549 2725 scripta,przeci-

481 2755 593 2817 pua
647 2738 822 2817 plane
876 2747 933 2798 et
982 2737 1149 2798 valde
1212 2733 1548 2798 mirabilis:

473 2848 648 2916 quam
674 2830 830 2891 velut
855 2848 922 2891 ex
977 2847 1229 2910 persona
1274 2828 1556 2891 Romanae

475 2923 758 2985 Ecclesiae
789 2924 1060 3004 dictavit,
1093 2942 1227 2984 cum
1261 2923 1552 2984 dissensio

471 3018 624 3095 apud
687 3016 1028 3078 Corinthios
1082 3015 1292 3078 fuisset
1321 3024 1547 3077 exorta.

476 3110 663 3181 Quam
688 3111 999 3190 epistolam
1045 3110 1106 3171 in
1133 3109 1404 3191 plurimis
1435 3108 1549 3171 Ec-

476 3201 674 3266 clesiis
707 3201 942 3283 publice
974 3203 1180 3281 legi,et
1202 3210 1466 3264 veterum
1491 3215 1551 3266 et

478 3294 700 3356 nostris
731 3297 906 3358 etiam
971 3294 1340 3376 temporibus
1368 3314 1550 3356 cons-

475 3397 580 3454 tat.
639 3387 859 3451 Verum
915 3390 990 3452 de
1047 3387 1340 3450 seditione
1399 3387 1552 3450 facta

474 3483 630 3563 apud
662 3483 1002 3547 Corinthios
1057 3502 1124 3544 ac
1179 3483 1551 3545 dissensione

475 3575 688 3658 plebis,
722 3577 889 3638 testis
917 3575 1085 3638 valde
1131 3574 1324 3638 ﬁdelis
1356 3573 1545 3654 Hege-

475 3671 684 3752 sippus
715 3669 961 3733 indicat.

739 3856 932 3928 Ruﬁno
963 3858 1273 3931 interprete.

551 3941 829 4006 Clemens
859 3943 921 4005 in
946 3943 1198 4025 epistola
1219 3960 1394 4024 quam
1428 3941 1543 4005 Co-

474 4033 715 4097 rinthiis
737 4035 965 4110 scribit,
1001 4035 1272 4099 meminit
1303 4035 1545 4117 Episto—

477 4129 548 4190 lm
600 4127 770 4192 Pauli
817 4130 892 4192 ad
938 4128 1242 4204 Hebraeos,
1276 4138 1336 4191 et
1363 4128 1549 4190 utitur

480 4222 614 4301 ejus
657 4222 1038 4285 testimoniis.
1090 4219 1265 4286 Unde
1294 4227 1544 4292 constat,

481 4316 642 4396 quod
695 4317 1013 4398 Apostolus
1082 4324 1363 4394 tanquam
1423 4316 1547 4380 He-

482 4408 658 4472 braeis
681 4409 1033 4474 mittendam
1063 4411 1252 4492 patrio
1273 4427 1402 4471 eam
1428 4427 1556 4472 ser.

483 4522 661 4568 mone
721 4504 1168 4586 conscripserit,
1204 4511 1263 4567 et
1310 4512 1372 4565 ut
1414 4503 1551 4586 qui-

483 4598 615 4662 dam
648 4598 907 4673 tradunt,
948 4596 1185 4659 .Lucam
1217 4596 1550 4677 evangelis—

483 4707 628 4779 tam,
657 4696 758 4758 alii
781 4704 976 4758 autem
1014 4696 1170 4757 hunc
1200 4695 1397 4778 ipsum
1428 4693 1555 4756 Cle-

482 4800 739 4853 mentem
753 4789 1206 4867 interpretatum
1222 4785 1552 4860 esse.Quod

481 4894 542 4948 et
574 4884 761 4963 magis
792 4901 994 4945 verum
1025 4890 1136 4962 est,
1170 4880 1308 4962 quia
1332 4891 1389 4942 et
1437 4890 1553 4962 sty-

478 4977 570 5039 lus
600 4977 730 5058 ipse
759 4975 1025 5056 epistola
1054 4975 1383 5038 Clementis
1415 4993 1549 5036 cum

483 5071 591 5132 hac
621 5070 964 5141 concordat,
1019 5079 1078 5131 et
1125 5086 1340 5133 sensus
1365 5068 1548 5130 nimi-

478 5182 608 5226 rum
641 5165 956 5242 utriusque
988 5163 1305 5245 Scriptura:
1359 5162 1550 5243 pluri—

481 5277 636 5321 mam
668 5258 1121 5322 similitudinem
1181 5257 1401 5320 ferunt.
1437 5256 1546 5321 Di-

477 5351 636 5414 citur
665 5362 858 5412 tamen
886 5369 1020 5413 esse
1048 5359 1109 5412 et
1129 5351 1244 5413 alia
1272 5351 1548 5414 Clemen-

472 5443 546 5506 tis
575 5443 844 5524 epistola,
887 5446 1052 5523 cujus
1104 5463 1214 5508 nos
1269 5444 1541 5508 notitiam

471 5554 593 5600 non
622 5537 986 5618 accepimus.

2212 2244 2342 2307 cap.
2375 2226 2475 2288 55.

2131 2361 2230 2424 ιν.

1637 2463 1944 2537 Ensnnws,
1963 2465 2258 2532 Hist.eect.,
2290 2467 2699 2539 lib.ul,cap.16.

1716 2554 1912 2611 Τούτου
1973 2552 2039 2622 δὴ
2112 2556 2201 2612 οὗν
2243 2564 2335 2614 τοῦ
2391 2554 2698 2631 Κλήμεντος

1636 2644 2044 2726 ὁμολογουμὶνη
2098 2649 2194 2723 μία
2252 2646 2510 2716 ἐπιστολὴ
2555 2646 2702 2727 φὲρε-

1636 2761 1748 2819 ται,
1786 2738 1996 2818 μεγάλη
2032 2762 2088 2796 τε
2144 2743 2233 2798 καὶ
2289 2741 2573 2817 θαυμασία,
2635 2739 2699 2806 ἢν

1638 2837 1710 2898 ὡς
1767 2835 1872 2892 ἀπὸ
1919 2836 2016 2904 τῆς
2050 2836 2322 2912 Ῥωμαίων
2381 2834 2700 2904 Ἐχκϐησίας

1637 2936 1704 3006 τῇ
1764 2931 2044 3008 Κορινθίων
2107 2929 2488 3005 διετυπώσατο,
2566 2931 2702 2986 στά-

1640 3045 1772 3087 σεως
1827 3021 2075 3091 τηνικάδε
2122 3026 2258 3081 κατὰ
2316 3029 2415 3093 τὴν
2450 3026 2701 3104 Κόρινθον

1637 3118 1954 3195 γενομὲνης.
1991 3119 2200 3184 Ταύτην
2243 3116 2296 3174 δὲ
2328 3119 2416 3174 καί
2459 3117 2513 3173 ἰν
2543 3116 2699 3174 πλεί-

1637 3232 1787 3270 σταις
1820 3210 2164 3278 Ἐκκλησίαις
2187 3210 2271 3267 ἐπὶ
2302 3221 2392 3269 τοῦ
2421 3209 2600 3268 κοινοῦ
2628 3209 2703 3266 δε-

1634 3303 2060 3381 δημοσιευμένην
2111 3304 2276 3362 πάλαι
2344 3327 2400 3361 τε
2452 3307 2541 3361 καὶ
2583 3302 2700 3361 καθ’

1634 3400 1778 3474 ἡμᾶς
1809 3399 1994 3463 αὐτοὺς
2025 3398 2291 3477 ἳγνωμεν,
2356 3400 2455 3457 Καὶ
2505 3396 2584 3455 ὅτι
2640 3419 2700 3477 γε

1630 3493 1767 3548 κατὰ
1810 3493 1900 3548 τὸν
1931 3490 2298 3568 δηλούμενον,·
2329 3493 2395 3549 τὰ
2436 3490 2532 3558 τῆς
2594 3499 2700 3547 Ko-

1629 3586 1832 3665 ρινθίων
1888 3587 2138 3652 κεχίνητο
2206 3588 2470 3660 στάσεως,
2552 3582 2700 3651 ἄξιό-

1628 3700 1806 3759 χρεως
1839 3678 2037 3758 μάρτυς
2069 3680 2096 3735 ὁ
2124 3677 2496 3757 Ἡγήσιππος,
2542 3675 2702 3756 Lego

1625 3770 2046 3848 Nlcnenonnn,
2079 3765 2185 3830 lib.
2215 3783 2301 3844 ιιι,
2336 3785 2466 3850 cap.
2504 3767 2600 3832 16.

1721 3862 1887 3930 locu,
1918 3861 2076 3932 ibid.,
2106 3861 2208 3921 lib.
2241 3874 2328 3930 tu,
2361 3876 2489 3934 cap.
2519 3861 2609 3920 38.

1708 3958 1812 4009 Τοῦ
1841 3947 2153 4024 Κλήμεντος
2208 3947 2262 4005 ἰν
2318 3953 2386 4025 τῇ
2415 3945 2700 4024 ἀνωμολο-

1627 4040 1841 4120 γημὶνη
1872 4041 2016 4120 παρᾶ
2042 4047 2228 4117 πᾶσιν,
2263 4040 2332 4109 ἣν
2384 4039 2445 4097 ἐκ
2484 4041 2702 4118 προσώ-

1627 4158 1730 4193 που
1783 4136 1881 4204 τῆς
1935 4134 2213 4213 Ῥωμαίων
2261 4133 2589 4202 Ἐκκλησίας
2635 4136 2702 4211 τῇ

1633 4228 1910 4308 Κορινθίων
1943 4226 2328 4293 διετυπώσατο,
2363 4228 2451 4285 Ἐν
2508 4230 2545 4305 ᾗ
2599 4232 2700 4296 τῆς

1634 4325 1765 4402 πρὸς
1798 4319 2066 4402 Ἐϐραίους
2098 4321 2272 4381 πολλὰ
2310 4324 2555 4397 νοήματα
2589 4343 2700 4379 πα-

1635 4416 1828 4495 ραθεὶς,
1875 4413 1980 4482 ἤδη
2011 4413 2063 4472 δὲ
2092 4416 2182 4472 καὶ
2206 4414 2468 4480 αὖτολεξει
2512 4415 2700 4493 ῥητοῖς

1635 4530 1770 4565 τισιν
1801 4506 1855 4574 ιξ
1886 4507 2049 4575 αὐτῆς
2101 4508 2467 4590 χρησάμενος,
2530 4506 2700 4588 σαφὲ-

1636 4623 1802 4658 στατα
1835 4602 2150 4680 παρίστησιν
2173 4599 2254 4658 ὅτι
2287 4601 2367 4678 μὴ
2398 4600 2512 4659 νὶον
2541 4601 2706 4680 ὑπάρ-

1636 4717 1726 4777 χει
1756 4718 1819 4753 το
1862 4697 2206 4776 σύγγραμμα,
2259 4693 2426 4754 ’Ὅθεν
2487 4694 2702 4759 εἰκότως

1638 4788 1830 4866 ἔδοξεν,
1887 4791 2011 4848 αὒτὸ
2041 4803 2160 4854 τοῖς
2215 4788 2429 4854 λοιποῖς
2466 4789 2700 4867 ἐγκατα-

1635 4878 1894 4960 λεχθῆναι
1953 4880 2228 4959 γράμμασι
2276 4879 2369 4937 τοῦ
2432 4878 2700 4937 Ἀποστά-

1636 4973 1752 5055 λου³
1787 4973 2045 5051 Ἑϐραίοις
2095 4975 2197 5054 γὰρ
2226 4972 2310 5031 διὰ
2338 4980 2440 5043 τῆς
2481 4974 2700 5052 πατρίου

1635 5065 1880 5147 γόώττης
1911 5067 2191 5148 ἐγγράφως
2222 5067 2565 5145 ὡμιληκότος
2607 5074 2701 5124 τοῦ

1637 5160 1865 5233 Παύλου,
1931 5164 1980 5218 οἱ
2022 5161 2118 5238 μὲν
2177 5163 2264 5219 τὸν
2322 5161 2700 5240 εὖαγγελιστὴν

1633 5261 1865 5329 Λουκᾶν,
1897 5257 1945 5312 οἱ
1975 5253 2029 5310 δὲ
2057 5255 2149 5312 τὸν
2202 5253 2488 5330 Κλήμεντα
2517 5263 2700 5312 τοῦτον

1628 5348 2164 5428 αὐτὸνλέρμηνιῦσαι
2184 5347 2399 5428 λὲγουσι
2429 5347 2527 5416 τὴν
2559 5369 2696 5425 γρα-

1625 5445 1751 5527 φήν,
1795 5424 1881 5500 "Ov
1901 5444 1989 5500 καὶ
2019 5441 2222 5519 μᾶλλον
2256 5424 2348 5510 εἴη
2381 5443 2443 5498 ἃν
2474 5440 2692 5521 ἀληθὲς,

1623 5545 1702 5616 τῷ
1731 5539 1825 5595 τὸν
1854 5534 2040 5616 ὅμοιον
2067 5541 2166 5608 τῆς
2227 5537 2471 5619 φράσεως
2515 5559 2696 5619 χαρα-

1623 5637 1793 5714 κτῆρα
1822 5633 1920 5707 τὴν
1945 5655 2003 5690 τε
2060 5640 2152 5692 τοῦ
2210 5633 2518 5716 Ιςλήμεντος
2573 5632 2697 5689 ἐπι-

1619 5726 1843 5809 στολὴν³
1918 5729 2007 5786 καὶ
2061 5731 2159 5800 τὴν
2237 5732 2368 5809 πρὶς
2430 5729 2700 5811 Ἐϐραίους

2211 2138 2428 2201 Paulus
2482 2137 2690 2200 dicens
2743 2155 2757 2199 :

2824 2139 2978 2200 Cum
3037 2139 3364 2221 Clemente,
3395 2151 3510 2204 etc.
3545 2138 3728 2223 Epist.
3792 2144 3858 2218 1,

3061 2470 3264 2531 Valerio
3290 2474 3594 2546 interprete.

2865 2552 3054 2635 Hujus
3083 2557 3260 2636 igitur
3288 2557 3610 2621 Clementis
3665 2567 3859 2620 exstat

2787 2648 3037 2727 epistola
3067 2668 3184 2711 uno
3238 2668 3536 2712 consensu
3587 2657 3855 2730 recepta,

2789 2742 3001 2804 eximia
3033 2761 3277 2824 prorsus
3329 2753 3505 2825 atque
3538 2744 3854 2819 mirabilis,

2788 2853 2963 2914 quam
2993 2836 3235 2898 nomine
3255 2836 3538 2898 Ecclesiae
3574 2838 3865 2898 Romanae

2786 2929 2857 2990 ad
2875 2927 3648 2993 CorinthiorumEcclesiam
3671 2931 3864 3011 scrip-

2786 3023 2884 3098 sit,
2944 3042 3078 3083 cum
3138 3026 3292 3105 apud
3351 3044 3452 3085 eos
3481 3023 3669 3102 gravis
3699 3032 3865 3086 esset

2787 3127 2988 3179 exorta
3019 3118 3334 3181 dissensio.
3365 3117 3529 3180 Hanc
3559 3122 3615 3177 in
3649 3117 3864 3198 pleris-

2785 3229 2903 3291 que
2926 3210 3212 3272 Ecclesiis
3240 3221 3296 3273 et
3351 3224 3555 3272 nostra
3591 3223 3645 3273 et
3679 3230 3863 3292 supe-

2785 3302 2929 3364 riori
3001 3304 3288 3366 memoria
3358 3304 3549 3382 palam
3620 3303 3859 3364 recitari

2788 3397 3168 3458 consuevisse
3201 3397 3621 3478 comperimus.
3672 3395 3859 3458 Porro

2789 3492 3113 3572 supradicti
3204 3492 3525 3556 Clementis
3587 3501 3860 3571 tempore

2788 3585 3146 3648 seditionem
3180 3586 3338 3647 inter
3356 3585 3694 3648 Corinthios
3721 3601 3859 3648 esse

2785 3688 3141 3742 commotam
3171 3679 3670 3761 locupletissimus
3693 3676 3860 3740 testis

2785 3781 2875 3836 est
2902 3773 3297 3855 Hegesippus.

3057 3866 3266 3925 Valesio
3293 3868 3596 3940 interprete.

2830 3950 3156 4016 Clementis
3178 3948 3649 4032 illa(epistola)ab
3667 3949 3863 4011 omni-

2786 4044 2899 4107 bus
2922 4054 3186 4126 recepta,
3230 4063 3403 4127 quam
3431 4041 3710 4107 Ecclesiae
3730 4044 3860 4106 Ro-

2787 4158 2978 4202 manae
3000 4140 3242 4202 nomine
3294 4137 3370 4201 ad
3412 4137 3858 4202 Corinthiorum

2786 4233 3113 4297 Ecclesiam
3149 4232 3414 4314 scripsit.
3460 4234 3528 4296 In
3572 4249 3688 4313 qua
3719 4249 3857 4292 cum

2786 4327 3001 4389 multas
3023 4326 3244 4388 inserat
3261 4324 3585 4389 sententias
3608 4323 3862 4386 desum-

2787 4428 2917 4501 ptas
2938 4438 3007 4482 ex
3031 4418 3298 4500 Epistola
3316 4419 3388 4480 ad
3413 4416 3717 4497 Hebraeos,
3742 4415 3860 4477 iis-

2785 4511 3045 4594 demque
3065 4511 3366 4574 interdum
3391 4511 3585 4574 vcrbis
3635 4518 3855 4584 utatur,

2787 4603 2934 4666 satis
2990 4602 3216 4664 indicat
3270 4621 3420 4683 opus
3451 4599 3595 4664 illud
3627 4615 3860 4676 nequa-

2786 4715 2962 4779 quam
3009 4715 3222 4758 recens
3268 4714 3422 4760 esse.
3457 4692 3858 4768 Quamobrem

2787 4809 2920 4852 cum
2938 4787 3454 4868 reliquisApostoli
3478 4786 3714 4867 scriptis
3738 4801 3862 4846 non

2786 4883 2918 4945 sine
2948 4901 3126 4944 causa
3156 4883 3270 4943 hoc
3296 4884 3470 4942 etiam
3493 4878 3858 4942 recensitum

2783 4975 3189 5039 videtur.Cum
3211 4975 3370 5037 enim
3387 4971 3744 5037 adHebrzeos
3763 4987 3864 5050 pa-

2786 5071 2898 5133 trio
2923 5088 3204 5131 sermone
3234 5068 3571 5148 scripsisset
3614 5064 3855 5140 Paulus,

2783 5162 3108 5225 aliiLucam
3127 5160 3546 5241 evangelistam
3560 5158 3689 5239 ,alii
3701 5158 3865 5220 hunc

2784 5253 2858 5313 de
2921 5271 3035 5333 quo
3108 5250 3406 5331 loquimur
3459 5245 3862 5327 Clementem,

2781 5343 3112 5426 Epistulam
3150 5342 3308 5406 illam
3342 5359 3474 5403 esse
3505 5340 3868 5420 interpreta-

2783 5444 2906 5497 tum
2933 5435 3155 5497 ferunt.
3204 5433 3371 5507 Quod
3393 5432 3639 5515 quidem
3663 5429 3868 5493 verius

2780 5531 3178 5607 videtur,cum
3194 5527 3522 5610 praesertim
3534 5524 3873 5610 etClemen-

2787 5626 2885 5710 tis,
2916 5634 2974 5687 et
3006 5622 3106 5688 illa
3159 5630 3232 5684 ad
3293 5618 3575 5683 Hebraeos
3603 5617 3869 5710 Epistola

2791 5705 3067 5788 eumdem
3127 5715 3389 5806 habeant
3437 5713 3678 5798 stylum,
3751 5705 3872 5794 nec
