4060 6362
476 292 557 369 39

1615 304 1720 372 AD
1758 303 1818 367 8.
1849 299 2324 368 CLEMENTEM
2369 298 2397 362 Ι
2438 296 2693 363 ΡΑΡΑΜ

3783 281 3873 350 40

474 462 571 506 σας
622 444 652 499 ὂ
709 441 1097 523 προειρημένος
1141 441 1339 524 φοῖνιξ,
1394 446 1483 500 καὶ
1547 440 1746 505 τέλειος
1810 440 1928 502 οἷος
1984 445 2054 517 ἦν
2095 438 2168 493 ὃΑ

2212 435 2545 514 Paucisque
2569 431 2899 524 interjeetis
2933 451 2946 495 :
2981 430 3192 524 Postea
3243 425 3483 524 phoauir
3538 421 3867 524 praedictus

476 530 749 609 πρότερος,
808 532 986 611 φοῖνιξ
1037 532 1349 611 γενόμενος,
1408 533 1686 590 ἀνίπταται
1747 541 1984 601 τοιοῦτος
2043 536 2117 597 εἷς

472 619 621 698 ἂέρα,
680 620 801 685 οἶος
876 624 964 678 καὶ
1053 622 1448 693 ἱτετελευτήκει
1526 623 1863 704 σαφεστάτην
1920 627 2118 706 νεκρῶν

475 708 763 768 ἀνάστασιν
793 711 1089 790 ἀνθρώποις
1120 711 1403 779 ἆπιδείξας,

2203 510 2537 606 plumescit,
2569 510 3207 605 perfectusque,qualis
3235 523 3361 606 erat
3394 514 3582 597 prior,
3617 510 3869 595 phmnix

2200 604 2412 696 iactus,
2448 615 2508 677 in
2529 604 2668 677 aera
2692 611 2826 675 talis
2852 608 3067 683 avolat,
3095 604 3290 685 qualis
3320 612 3449 668 erat
3479 621 3615 665 cum
3649 619 3865 664 more-

2200 718 2386 788 retur,
2423 701 2927 767 evidentissimam
2952 704 3342 788 mortuorum
3367 700 3859 788 resurrectouem

2201 783 2548 862 hominibus
2585 797 2914 855 ostentans.
2948 785 3137 870 Epist.
3160 786 3220 863 1,
3255 801 3387 867 cap.
3416 783 3523 846 25.

1236 993 1623 1075 Eprpnamus,
1658 998 1905 1063 Advers.
1937 906 2168 1080 Carpi;

2204 996 2391 1069 asios,
2429 990 2654 1056 Haeresi
2674 994 2776 1068 27,
2810 1006 2978 1052 num.
3011 987 3073 1053 6.

558 1102 714 1183 Λέγει
743 1102 844 1184 γὰρ
874 1103 928 1161 ἒν
979 1109 1078 1182 μιᾷ
1132 1110 1239 1162 τῶν
1294 1103 1589 1163 ιπιστολῶν
1620 1109 1776 1165 αὐτοῦ
1808 1126 1824 1144 ⁸
1868 1107 2121 1188 Ἀναχω-

475 1192 576 1272 ρῶ,
619 1191 833 1269 ὂὶπειμι⁹
890 1194 1193 1265 ἔνσταθήτω
1249 1196 1277 1252 ὁ
1330 1193 1461 1261 λαὸς
1490 1204 1584 1254 τοῦ
1614 1202 1744 1254 Θεοῦ
1772 1214 1785 1229 ⁸
1817 1198 1921 1255 τισὶ
1963 1207 2119 1257 τοῦτο

475 1278 849 1357 συμϐουλεύων
889 1299 905 1315 ⁸
966 1280 1185 1362 εὕρομεν
1238 1283 1339 1363 γὰρ
1396 1282 1449 1341 ἔν
1502 1306 1640 1343 τισιν
1702 1286 2115 1362 ὑπομνηματισ-

473 1381 602 1444 μοῖς
644 1380 799 1432 τοῦτο
842 1370 1172 1452 ἕγκείμενον.

2282 1101 2438 1165 Dicit
2469 1101 2625 1163 enim
2673 1094 3003 1180 (Clemens)
3053 1093 3114 1155 in
3158 1111 3277 1156 una
3297 1091 3680 1174 epistolarum
3703 1105 3854 1180 sua-

2204 1210 2335 1256 rum
2371 1209 2387 1256 :
2422 1175 2863 1271 Recedo,'abeo,
2887 1175 3076 1249 instet
3106 1181 3365 1266 populus
3394 1182 3551 1263 Dei;
3585 1175 3853 1271 nonnul-

2203 1281 2276 1346 lis
2332 1280 2607 1343 videlicet
2655 1267 2769 1341 hoc
2825 1267 3000 1339 modo
3045 1271 3365 1336 consulens
3402 1294 3413 1331 :
3449 1289 3583 1333 nam
3617 1270 3675 1331 in
3706 1267 3849 1349 qui-

2197 1371 2452 1434 busdam
2507 1364 2958 1432 commentariis
3017 1363 3096 1429 ita
3145 1361 3432 1444 scriptum
3488 1358 3850 1442 reperimus.

2195 1460 2383 1545 Epist.
2429 1462 2483 1538 1,
2517 1477 2647 1541 cap.
2672 1456 2773 1519 54.

1381 1565 1550 1651 lusu,
1585 1569 1843 1634 Advers.
1877 1569 2227 1652 Ebionaeos,
2259 1566 2485 1632 Han-esi
2504 1566 2605 1642 30,
2638 1581 2807 1627 num.
2839 1562 2937 1625 15.

558 1672 723 1738 Αὒτὸς
760 1672 988 1750 Κλήμης
1041 1672 1227 1737 αὐτοὺς
1286 1676 1420 1731 κατὰ
1478 1676 1650 1733 πάντα
1683 1677 1900 1757 ἐλέγχει
1926 1677 2016 1760 ἀφ’
2046 1680 2121 1735 ὧν

473 1760 700 1841 ἔγραψεν
759 1762 1057 1820 ἓπιστολῶν
1114 1762 1429 1841 ἐγκυκλίων,
1503 1771 1611 1822 τῶν
1668 1765 1723 1823 ἐν
1771 1768 1898 1833 ταῖς
1942 1768 2118 1846 ἁγιαις

2283 1675 2573 1739 Clemens
2615 1671 2743 1753 ipse
2772 1666 3053 1732 omnibus
3096 1665 3230 1727 illos
3263 1663 3621 1740 (Ebionaeos)
3654 1661 3853 1753 modis

2200 1764 2506 1844 redarguit
2536 1762 2608 1825 iis
2632 1752 2899 1841 epistolis
2923 1754 3472 1837 circularibus,qua‘
3497 1757 3669 1844 abeo
3694 1752 3848 1814 scri-

474 1846 819 1918 Ἐκκλησίαις
851 1851 1387 1933 ἀναγινωσκομένων,
1421 1853 1501 1910 ὅτι
1546 1853 1708 1914 ἄλλον
1757 1855 1878 1936 ἕχει
1937 1843 2117 1936 χαρα-
2143 1850 2168 1900 Ε

2203 1862 2317 1937 pta;
2346 1843 2406 1916 in
2439 1848 2836 1915 sacrosanctis
2866 1845 3149 1911 Ecclesiis
3173 1844 3478 1937 leguntur.
3514 1843 3851 1937 Esuquibus

472 1942 642 2016 κτῆρα
701 1941 735 2009 ἡ
799 1941 987 1998 ἑαυτοῦ
1048 1942 1221 2004 πίστις
1290 1944 1374 2000 καὶ
1419 1945 1446 2000 ὁ
1490 1944 1671 2022 λόγος,
1718 1946 1861 2020 παρὰ
1902 1948 1968 2000 τὰ
2014 1947 2118 2003 ὑπὸ

471 2027 669 2086 τούτων
702 2030 776 2093 εἷς
833 2029 1000 2106 ὄνομα
1059 2035 1218 2090 αὐτοῦ
1265 2032 1320 2087 ἐν
1369 2046 1490 2097 ταῖς
1549 2032 1818 2110 Περιόδοις
1874 2038 2116 2091 νενοθευ-

468 2116 603 2192 μένα
637 2133 675 2161 ⁸-
706 2120 862 2183 αυτὸς
921 2120 1020 2198 γὰρ
1072 2122 1354 2200 παρθενίαν
1406 2121 1659 2198 διδάσκει,
1718 2124 1808 2180 καὶ
1852 2124 1997 2180 αὐτοὶ
2054 2124 2113 2181 οὐ

468 2204 717 2287 δέχονται
755 2223 769 2238 ⁸
806 2208 965 2272 αὐτὸς
1023 2210 1122 2289 γὰρ
1183 2210 1505 2290 ἐγκωμιάζει
1538 2210 1746 2289 Ἠλίαν,
1793 2214 1881 2268 καὶ
1929 2211 2107 2293 nam,

467 2297 556 2351 καὶ
601 2299 867 2380 Σαμψὼν,
922 2299 1010 2356 καὶ
1053 2299 1257 2364 πάντας
1302 2301 1419 2367 τοὺς
1476 2303 1774 2382 προφήτας,
1830 2303 1916 2369 οὓς
1969 2301 2110 2359 οὗτοι

464 2382 854 2461 βδελύττονται.
1045 2387 1049 2391 ’

2200 1932 2456 2019 constat,
2485 1941 2662 2020 longe
2692 1937 2765 2000 ab
2791 1937 2865 1999 iis
2895 1955 3030 2018 qua:
3061 1938 3118 1996 in
3153 1934 3529 1998 Circuilibus
3571 1932 3686 1995 illis
3732 1932 3848 1994 sub

2200 2034 2332 2114 ejus
2356 2030 2599 2095 nomine
2618 2026 2954 2091 adulterina
2976 2024 3392 2100 exstant,illius
3421 2023 3607 2114 ﬁdem
3620 2042 3687 2114 ac
3712 2042 3847 2084 ser-

2195 2112 2434 2184 monem
2464 2115 3119 2183 abhorruisse.Etenim
3155 2114 3548 2193 virginitatem
3572 2112 3851 2174 Clemens

2197 2211 2455 2285 edocuit,
2485 2218 2541 2270 et
2572 2210 2665 2271 isti
2696 2207 3015 2289 repudiant
3052 2225 3065 2268 :
3094 2204 3192 2267 ille
3224 2203 3437 2268 Etiam.
3475 2202 3754 2265 Davidem
3788 2209 3847 2263 et

2195 2302 2587 2381 Sampsonem
2647 2314 2978 2380 omnesque
3056 2294 3378 2378 prOpbetas
3435 2292 3845 2373 commendat,

2197 2408 2344 2471 quos
2376 2388 2437 2451 hi
2459 2388 2853 2451 detestantur.

2096 2487 2227 2554 VII.

868 2583 1282 2662 Hisnomus,
1314 2586 1423 2649 lib.
1458 2586 1543 2650 De
1569 2589 1719 2651 viris
1749 2588 2115 2669 illustribus,
2150 2606 2280 2669 cap.
2318 2589 2417 2661 15,
2451 2606 2585 2649 cum
2619 2596 2818 2650 vetere
2849 2585 3053 2648 Graeco
3090 2582 3437 2663 interprete.

552 2689 806 2769 Κλήμης,
841 2695 960 2766 περὶ
1021 2697 1083 2751 οὖ
1133 2692 1339 2758 Παῦλος
1395 2695 1422 2752 ὁ
1471 2694 1797 2761 Ἀπόστολος
1828 2698 1958 2776 πρὸς
2009 2704 2114 2753 Φι-

2270 2694 2653 2771 Clemens,de
2670 2712 2787 2775 quo
2812 2691 3119 2774 apostolus
3155 2688 3371 2752 Paulus
3393 2687 3462 2749 ad
3486 2685 3845 2767 Philippen-

468 2778 785 2849 λιππησίους
842 2783 1084 2864 γράφων,
1142 2782 1288 2864 λέγει
1325 2802 1341 2819 ·
1404 2786 1551 2841 Μετὰ
1621 2788 1709 2843 καὶ
1773 2785 2111 2862 Κλήμεντος,

2203 2803 2286 2848 ses
2312 2790 2420 2863 (Iv,
2457 2783 2512 2856 3)
2543 2783 2815 2848 scribens
2845 2784 2966 2845 ait:
3019 2783 3169 2843 Cum
3205 2778 3510 2842 Clemente
3538 2786 3595 2839 et
3615 2782 3846 2839 ceteris

466 2869 615 2946 κτλ.,
641 2870 887 2949 τέταρτος
919 2872 1057 2947 μετὰ
1088 2872 1289 2953 Πέτρον
1322 2865 1536 2951 Ῥώμης
1598 2876 1891 2943 ὶπίσκοπος
1928 2895 1941 2909 ⁸
1989 2875 2112 2932 δεύ-

467 2958 617 3038 τέρος
650 2960 749 3039 γὰρ
781 2966 940 3044 Δῖνος
999 2961 1233 3041 ἐγένετο,
1291 2966 1465 3040 τρίτος
1510 2956 1899 3044 Ἀνὲγκλητος,
1952 2965 2112 3021 εἶκαὶ

469 3047 656 3107 πολλοὶ
709 3058 816 3107 τῶν
861 3041 1137 3126 Ῥωμαίων
1198 3041 1659 3134 ὁπολαμϐάνουσι,
1706 3041 1945 3135 δεύτερον
1976 3054 2112 3130 μετὰ

2193 2872 2684 2955 cooperatoribus
2705 2873 3148 2954 meis,quorum
3169 2871 3416 2933 nomina
3452 2870 3680 2948 scripta
3703 2874 3845 2930 sunt

2193 2964 2258 3026 in
2275 2963 2433 3025 libro
2456 2964 2865 3044 vittezquartus
2882 2960 3267 3043 postPetrum
3288 2962 3493 3022 Romae
3504 2957 3839 3038 episcopus:

2191 3051 2505 3134 siquidem.
2526 3053 2825 3116 secundus
2855 3050 3036 3114 Linus
3062 3049 3198 3132 fuit,
3235 3049 3443 3112 tertius
3475 3048 3798 3111 Anacletus
3824 3070 3839 3119 ;

469 3140 561 3195 τὸν
587 3138 885 3197 ἀπόστολον
918 3140 1113 3219 Πέτρον
1157 3146 1474 3221 γεγενῆσθαι
1538 3133 1917 3219 Κλήμενταζη
1931 3152 2105 3222 Εγρα-
2127 3156 2167 3207 C

2203 3133 2427 3204 tametsi
2444 3141 2713 3224 plerique
2732 3140 3076 3205 Latinorum
3090 3138 3441 3221 ,secundum
3462 3136 3843 3219 postPetrum

472 3233 569 3305 ψεν
601 3229 660 3285 ἐκ
718 3230 1004 3309 προσώπου
1058 3236 1153 3299 τῆς
1198 3229 1519 3299 Ἐκκλησίας
1572 3226 1785 3310 Ῥώμης
1834 3234 1965 3312 πρὸς
2012 3234 2112 3300 τὴν

464 3321 521 3375 ἰν
580 3319 812 3397 Κορίνθῳ
869 3317 1197 3386 Ἐκκλησίαν
1244 3321 1535 3391 επιστολὴν
1593 3325 1730 3379 πάνυ
1772 3322 2104 3397 θαυμαστὴν,

466 3407 586 3477 ἥτις
619 3406 672 3464 ἐν
704 3421 950 3490 φανεροῖς
1007 3408 1213 3491 τόποις,
1252 3408 1483 3488 δημοσίᾳ
1539 3412 1982 3491 ἀναγινώσκεται,
2035 3418 2112 3486 τῷ

467 3501 775 3578 χαρακτῆρι
845 3502 944 3566 τῆς
1007 3500 1141 3579 πρὸς
1201 3489 1472 3577 Ἐϐραίους
1531 3489 1853 3568 Ἐπιστολῆς
1904 3499 2111 3558 Παύλου

467 3585 784 3669 συνᾴδουσα,
842 3586 900 3644 οὗ
957 3589 1119 3664 μόνον
1175 3591 1461 3671 νοήμασιν,
1494 3589 1630 3647 ἀλλὰ
1656 3592 1741 3647 καὶ
1771 3589 1975 3671 λόγοις,
2015 3592 2111 3648 Καὶ

467 3673 651 3740 ἁπλῶς
711 3677 938 3757 μεγίστη
986 3678 1123 3735 ἐστὶν
1173 3678 1227 3735 ἐν
1274 3681 1495 3760 ἐκατερᾳ
1553 3682 1829 3756 ὁμοίωσις,
1886 3680 2109 3757 Φέρεται

468 3768 557 3822 καὶ
615 3766 771 3845 ἑτέρα
825 3766 877 3832 ἐξ
928 3768 1192 3844 ὀνόματος
1235 3770 1396 3826 αυτοῦ
1451 3770 1593 3827 εἶναι
1652 3768 1931 3844 ἐπιστολὴ,
1989 3768 2108 3837 ἥτις

466 3855 611 3935 παρὰ
651 3857 865 3913 πάντων
925 3854 1397 3934 ἀποδοκιμάζεται.
1456 3861 1555 3917 Καὶ
1610 3856 1852 3937 διάλογος
1912 3857 2111 3933 Πέτρου

464 3944 554 4002 καὶ
610 3941 871 4011 Ἀπίωνος
932 3968 1119 4024 μακρῳ
1176 3945 1321 4026 λὸγῳ
1366 3948 1715 4028 ωνταγεῖσα,
1766 3947 1951 4015 ἥντινα
2001 3947 2109 4005 Εὐ-

464 4032 639 4098 σέϐιος
702 4036 896 4094 εὐθύνει
954 4036 1009 4093 ἐν
1079 4043 1157 4111 τῷ
1224 4037 1384 4117 τρίτῳ
1450 4043 1551 4105 τῆς
1624 4037 2107 4106 Ἐκκλησιαστικῆς

464 4125 697 4204 ἱστορίας
752 4125 967 4206 τεύχει.
1016 4126 1243 4200 Τελευτᾷ
1299 4135 1378 4202 τῷ
1429 4128 1587 4208 τρίτῳ
1633 4126 1857 4202 ἐνιαυτῷ
1898 4138 2105 4206 Τραϊα-

464 4215 578 4294 νοῦ,
610 4215 698 4270 καὶ
728 4215 826 4283 τὴν
853 4215 1040 4273 τούτου
1069 4216 1292 4292 μνήμην
1321 4216 1449 4297 ἄχρι
1479 4219 1711 4298 τήμερον
1739 4217 1793 4273 ἒν
1821 4224 1891 4294 τῇ
1927 4208 2106 4296 ’Ῥώμῃ

463 4300 877 4380 οἰκοδομηθεῖσα
897 4301 1158 4372 ἐκκλησία
1187 4302 1462 4385 φυλάττει,

2195 3231 2529 3314 apostolum
2586 3239 2791 3312 putent
2843 3230 3024 3292 fuisse
3055 3229 3449 3293 Clementem.
3494 3226 3743 3308 Scripsit
3771 3243 3844 3287 ex

2197 3339 2449 3402 persona
2471 3321 2756 3384 Romanae
2773 3318 3054 3385 Ecclesiae
3070 3318 3143 3381 ad
3158 3316 3491 3389 Ecclesiam
3509 3315 3845 3379 Corinthio-

2193 3429 2326 3472 rum
2349 3409 2519 3472 valde
2544 3409 2750 3471 utilem
2776 3408 3248 3491 epistolam,quaz
3269 3416 3328 3470 et
3348 3408 3409 3468 in
3432 3404 3733 3469 nonnullis
3754 3406 3841 3467 lo-

2195 3500 2282 3562 cis
2313 3498 2550 3581 publice
2581 3498 2820 3579 legitur,
2884 3514 3014 3580 quae
3070 3497 3214 3559 mihi
3244 3496 3485 3560 videtur
3514 3496 3840 3560 cbaracteri

2192 3588 2639 3672 Epistolm,qua3
2652 3587 2761 3650 sub
2786 3586 2952 3651 Pauli
2973 3587 3216 3650 nomine
3236 3586 3309 3649 ad
3328 3584 3611 3648 Hebraeos
3629 3584 3833 3660 fertur,
3932 3628 3947 3638 .

2192 3674 2661 3742 convenire.Sed
2685 3684 2744 3740 et
2767 3677 2969 3739 multis
2995 3677 3069 3740 de
3093 3677 3298 3739 eadem
3326 3674 3726 3758 epistola,non
3748 3694 3841 3737 so-

2192 3768 2317 3830 lum
2340 3767 2753 3845 sensibus,sed
2780 3768 2947 3847 juxta
2968 3768 3283 3830 verborum
3309 3784 3544 3848 quoque
3569 3765 3839 3827 ordinem

2191 3854 2735 3920 a‘butiturﬂmnino
2758 3855 2998 3934 grandis
3021 3856 3082 3919 in
3099 3864 3349 3938 utraque
3373 3855 3701 3919 similitudo
3728 3864 3838 3917 est.

2188 3949 2402 4009 Fertur
2430 3954 2489 4008 et
2519 3945 2782 4008 secunda
2814 3946 2943 4026 ejus
2974 3946 3218 4008 nomine
3240 3946 3651 4027 cpistola,quas
3680 3964 3714 4006 a
3736 3964 3842 4007 ve-

2190 4034 2417 4099 teribus
2456 4033 2833 4115 reprobatur.
2885 4033 2958 4096 Et
2980 4034 3296 4116 disputatio
3319 4033 3481 4097 Petri
3511 4044 3569 4098 et
3593 4034 3844 4116 Apionis

2191 4124 2365 4203 longo
2389 4141 2671 4188 sermone
2697 4123 3245 4206 conscripta,quam
3273 4124 3566 4187 Eusebius
3586 4125 3648 4186 in
3672 4126 3843 4188 tertio

2189 4214 2480 4279 Historiae
2529 4214 2955 4277 ecclesiastica:
3002 4214 3304 4278 volumine
3358 4214 3642 4295 coarguit.
3688 4212 3847 4279 Obiit

2189 4302 2368 4367 tertio
2399 4301 2645 4383 Trojani
2692 4321 2872 4380 anno,
2909 4312 2970 4365 et
3014 4304 3279 4366 nominis
3337 4308 3464 4383 ejus
3497 4304 3844 4367 memoriam

2188 4412 2377 4476 usque
2404 4394 2590 4456 hodie
2619 4391 2823 4454 Romae
2857 4400 3158 4458 exstructa
3187 4395 3445 4459 ecclesia
3475 4393 3751 4457 custodit.

1470 4484 1637 4565 lusu,
1670 4482 1776 4546 lib.
1809 4501 1828 4546 ι
1862 4484 2097 4550 advers.
2126 4485 2549 4558 Iovinianum,
2582 4500 2718 4563 cap.
2752 4487 2814 4545 7.

545 4570 636 4635 Ad
668 4572 783 4635 bos
811 4570 1173 4652 (eunuchos)
1203 4581 1262 4636 et
1290 4570 1567 4635 Clemens
1591 4588 1903 4636 successor
1920 4574 2171 4655 apostoli
2191 4572 2372 4649 Petri,
2398 4574 2571 4652 cujus
2595 4573 2815 4635 Paulus
2838 4572 3139 4653 apostolus
3164 4572 3435 4636 meminit
3462 4572 3842 4657 Philip.1v,3)

470 4659 681 4724 scribit
710 4660 1018 4742 epistolas,
1050 4680 1414 4744 omnemque
1443 4679 1599 4744 pene
1628 4680 1969 4725 sermonem
2001 4681 2171 4726 suum
2205 4662 2281 4727 de
2305 4661 2663 4741 virginitatis
2690 4661 2949 4742 puritate
2979 4663 3282 4726 contexuit

1496 4752 1663 4827 ΙοΕιι,
1694 4751 1802 4816 lib.
1833 4769 1930 4815 xxv
1964 4755 2295 4818 Comment.
2323 4755 2391 4815 in
2419 4750 2547 4815 Isa.
2578 4768 2681 4833 ιιι,
2717 4753 2817 4815 13.

544 4840 829 4931 Clemens
853 4840 942 4903 vir
970 4839 1356 4931 apostolicus,
1388 4842 1488 4921 qui
1537 4849 1669 4922 post
1723 4839 1959 4905 Petrum
2013 4842 2176 4907 rexit
2218 4841 2575 4922 Ecclesiam,
2631 4839 2839 4905 scribit
2867 4841 2942 4904 ad
2976 4841 3314 4905 Corinthios
3358 4863 3371 4907 :
3405 4841 3718 4924 Scriptum
3743 4846 3851 4931 De;

465 4932 762 4997 Dominus
787 4929 965 4996 Iesus
987 4929 1290 5010 Christus,
1334 4946 1460 4994 non
1508 4936 1679 4995 venit
1724 4932 1791 4995 in
1810 4933 2116 5013 jactontia
2161 4934 2478 5015 superbire,
2533 4947 2670 4994 cum
2714 4931 2907 5011 possit
2955 4933 3187 5014 omnia,
3238 4932 3348 4997 sed
3376 4934 3443 4996 in
3473 4929 3845 5011 humilitate,

468 5021 653 5105 Epist.
687 5022 748 5099 1,
776 5037 910 5104 cep.
952 5021 1054 5087 16.

1336 5111 1503 5189 lusu,
1535 5108 1638 5175 lib.
1672 5125 1689 5173 ι
1719 5110 2055 5174 Comment.
2086 5116 2152 5173 in
2180 5111 2383 5193 Epist.
2417 5109 2499 5172 ad
2529 5106 2786 5189 Ephes.,
2820 5125 2885 5172 ιι.
2920 5114 2981 5171 2.

544 5199 879 5273 Qumrimus
907 5216 1146 5283 quoque
1174 5199 1318 5282 quid
1347 5201 1463 5265 sit:
1500 5198 1575 5263 In
1602 5201 1814 5280 quibus
1860 5200 2193 5281 aliquando
2244 5197 2603 5263 ambulaslis
2643 5198 2980 5261 secundum
3028 5199 3313 5264 saculum
3357 5206 3575 5269 muiidi
3616 5206 3796 5286 huius
3832 5240 3848 5282 ε

463 5298 809 5380 utrumnam
838 5296 902 5353 et
926 5290 1090 5353 aliud
1091 5290 1395 5380 faculam
1427 5291 1525 5367 sit,
1558 5290 1856 5380 quodnon
1886 5291 2179 5372 pertith
2207 5289 2282 5353 ad
2312 5288 2601 5380 mundum
2632 5286 2835 5365 istum,
2875 5289 2981 5351 sed
3012 5290 3086 5354 ad
3124 5292 3379 5357 mundos
3409 5295 3581 5378 alios,
3616 5297 3694 5360 de
3711 5298 3853 5380 qui-

467 5380 584 5447 bus
609 5387 675 5445 et
699 5379 978 5445 Clemens
999 5380 1060 5443 in
1088 5378 1355 5463 Epistula
1379 5398 1487 5444 sua
1509 5378 1754 5445 scribit:
1789 5377 2089 5454 Oceanus,
2118 5388 2172 5444 et
2202 5379 2418 5444 mundi
2445 5377 2553 5458 qui
2582 5382 2755 5469 trans
2787 5383 2989 5460 ipsum
3016 5387 3181 5448 sunt.
3213 5382 3405 5465 Epist.
3445 5387 3506 5467 1,
3534 5377 3667 5469 cap.
3693 5377 3796 5452 Ξῖ).

1628 5469 1799 5547 lusu,
1832 5470 2013 5554 tm,
2036 5469 2144 5536 lib.
2178 5486 2243 5546 ιι,
2273 5469 2347 5533 ad
2369 5485 2503 5549 cap.
2535 5482 2618 5542 IV,
2655 5466 2713 5529 1.

545 5558 727 5649 Cujus
755 5562 843 5624 rei
874 5570 936 5629 et
965 5561 1245 5649 Clemens
1290 5560 1364 5626 ad
1410 5559 1755 5627 Corinthios
1789 5564 1958 5627 testis
1986 5570 2076 5627 est
2110 5578 2126 5626 :
2162 5558 2487 5625 Vinculum
2534 5554 2861 5621 charilatis
2908 5564 3033 5643 Dei
3068 5565 3206 5648 quis
3247 5568 3481 5649 poterit.
3502 5574 3851 5633 enarrare?

462 5636 655 5723 Epist:
689 5642 755 5725 1,
786 5658 921 5725 cap.
951 5642 1033 5705 49
