4060 6362
527 341 600 406 4⁸1

1654 329 1755 397 AD
1796 329 1860 396 S.
1901 321 2373 395 CLEMENTEM
2419 331 2444 393 Ι
2487 327 2741 398 ΡΑΡΑΜ

3809 331 3892 398 48

533 474 705 557 nymi
761 475 1106 537 versionem
1157 467 1442 557 Latinam
1484 461 1772 557 incidere
1829 464 2169 557 contigerit,
2191 486 2230 525 Α
2253 482 2380 526 cem
2405 463 2680 547 Operam
2699 467 3042 550 Fulgentii;
3070 477 3248 550 atque
3266 477 3508 534 utinam
3540 470 3603 533 id
3622 471 3897 549 aliquan-

540 552 722 646 quam
773 566 841 625 in
896 558 1276 623 bibliothecis
1305 554 1538 616 alicubi
1565 553 1775 646 latere,
1809 569 1974 646 spem
2002 552 2174 616 nobis

530 641 681 736 facit
700 657 1008 734 catalogus
1023 650 1290 712 codicum
1304 649 1567 736 fratrum
1580 641 1974 736 _L_obicnsium
1983 662 2174 736 ,quem

532 730 701 807 domi
730 730 1016 805 habeatus
1035 738 1332 816 scriptum
1362 738 1505 795 ante
1532 731 1652 795 400
1671 747 1890 810 annos,
1919 733 2002 792 ad
2045 730 2174 793 cal-

2255 557 2333 617 do
2353 559 2603 633 eveniat,
2653 567 2707 621 et
2747 578 2881 641 spes
2909 569 3132 624 nostra:
3162 579 3285 623 non
3305 562 3521 624 inanes
3551 561 3896 640 deprehen-

2256 645 2491 707 dantur
2520 653 2532 708 ι

1018 960 1106 1020 Ex
1137 951 1426 1035 epistolla
1457 950 1692 1035 Gallica
1722 952 1902 1035 VCA.
1934 951 2300 1035 Hieronymi
2330 955 2398 1019 Bi

2401 956 2618 1039 gnonii
2647 956 3087 1039 adHugonem
3113 962 3423 1038 Grotium,

1624 1031 1767 1094 data
1795 1032 2057 1094 Lutetiae
2083 1049 2143 1095 a.
2174 1031 2236 1097 ἃ.
2273 1035 2310 1099 7
2338 1031 2606 1115 Augusti
2639 1037 2816 1101 1633.

619 1149 810 1211 Velim
836 1147 992 1211 scire
1016 1143 1315 1225 quodnam
1345 1139 1423 1200 sit
1447 1146 1610 1199 tuum
1627 1138 1919 1217 judicium
1945 1139 2018 1200 de
2041 1139 2170 1219 epi-

535 1240 683 1302 stola
708 1236 1029 1301 Clementis
1056 1250 1247 1313 nuper
1273 1230 1332 1290 iu
1360 1227 1572 1306 Anglia
1593 1228 1772 1291 edita.
1795 1228 1970 1290 Fides
1997 1229 2168 1290 codi-

536 1331 622 1392 cis
650 1325 1064 1406 manuscripti,
1087 1322 1189 1402 qui
1211 1338 1283 1382 ex
1305 1318 1552 1381 Oriente
1573 1316 1852 1406 advectus
1874 1317 2091 1380 dicitur
2113 1327 2172 1380 et

534 1424 608 1480 M.
635 1404 1102 1491 Britanniaeiregi
1132 1404 1734 1488 donatus,sinceritas
1755 1407 1991 1468 Patricii
2014 1406 2169 1469 Junii

533 1507 635 1588 qui
657 1526 788 1569 eam
815 1498 1366 1588 edidit,testimouia
1383 1515 1416 1557 a
1431 1493 1735 1588 veteribus
1751 1513 1818 1556 ex
1835 1514 1904 1558 ea
1920 1496 2170 1588 epistola

529 1585 1044 1677 deprompta,quaa
1060 1591 1122 1651 in
1143 1590 1253 1650 hac
1268 1587 1592 1677 etiamnum
1602 1585 2166 1677 leguntur,primum

529 1673 725 1746 veram
753 1673 816 1746 ut
844 1682 1157 1744 crederem
1172 1674 1501 1738 Clementis
1523 1673 1831 1753 epistolam
1856 1693 1952 1735 me
1972 1674 2164 1736 addu-

530 1782 766 1838 xerunt.
801 1775 1014 1836 Postea
1041 1767 1169 1849 styli
1203 1765 1470 1847 quaedam
1504 1763 1651 1824 ratio
1698 1770 1758 1824 et
1802 1765 2069 1845 spiritus,
2103 1775 2168 1825 ut

531 1865 610 1925 ita
639 1863 860 1942 dicam,
894 1858 1098 1921 saeculi
1126 1858 1208 1917 ita
1237 1854 1292 1916 ei
1341 1855 1540 1914 inesse
1569 1851 1946 1942 videbantur,
1983 1863 2044 1914 ut
2074 1854 2170 1914 vix

533 1941 853 2014 dubitandi,
865 1955 1025 2012 esset
1048 1947 1236 2008 locus.
1259 1941 1709 2016 Attamen,dum
1738 1961 1865 2004 eam
1899 1945 2051 2022 lego,
2078 1942 2168 2003 fa-

534 2049 662 2103 teor
687 2043 832 2103 mihi
848 2036 1117 2119 quaedam
1141 2035 1204 2096 in
1221 2052 1291 2096 ea
1309 2047 1625 2094 occurrere
1640 2032 1832 2111 astylo
1853 2031 2172 2112 apostolico

2251 1142 2413 1204 ximo
2433 1143 2832 1224 apostolorum
2861 1145 3153 1226 discipulo
3177 1167 3192 1228 ;
3218 1148 3488 1228 quamvis
3510 1150 3607 1228 qui
3633 1165 3770 1208 eum
3795 1164 3895 1207 se-

2250 1233 2370 1294 cuti
2391 1241 2551 1308 sunt,
2577 1251 2646 1294 eo
2673 1245 3018 1312 argumento
3051 1236 3144 1296 usi
3170 1237 3308 1309 sint,
3331 1236 3437 1297 sed
3465 1244 3672 1298 contra
3694 1235 3895 1297 ethni-

2248 1338 2350 1381 cos
2380 1328 2441 1381 et
2473 1320 2882 1402 philosophos,
2915 1324 3103 1404 inque
3151 1324 3389 1405 scriptis
3435 1323 3582 1386 alius
3631 1324 3896 1404 generis,

2251 1427 2425 1490 quam
2458 1419 2548 1471 est
2577 1411 2826 1492 epistola
2849 1413 2921 1475 ad
2951 1411 3280 1475 Ecclesiam
3313 1414 3698 1494 apostolicam
3731 1417 3894 1492 data,

2251 1516 2503 1579 quaeque
2533 1498 2877 1580 aliquandiu
2933 1519 3038 1583 pro
3070 1503 3356 1564 canonica
3393 1502 3594 1564 habita
3624 1511 3733 1564 est.
3769 1502 3893 1565 Oc-

2250 1589 2433 1648 currit
2466 1588 2643 1649 etiam
2689 1589 2877 1666 locus,
2913 1592 2972 1652 in
3019 1611 3136 1672 quo
3178 1591 3514 1654 oblationes
3569 1593 3686 1653 vult
3738 1593 3890 1666 loco,

2253 1683 2520 1757 tempore
2534 1686 2593 1738 et
2604 1679 2769 1740 horis
2781 1681 2961 1742 certis
2973 1681 3329 1763 oﬂ'erri.pag.
3341 1683 3418 1743 52
3432 1691 3492 1745 et
3504 1681 3703 1749 53.ubi
3717 1682 3892 1743 etiam

2251 1763 2466 1844 legitur
2496 1766 2700 1829 vocula
2730 1768 2942 1846 laicus,
2977 1789 3109 1852 quae
3141 1771 3286 1833 mihi
3318 1781 3600 1852 suspecta
3629 1779 3740 1834 est.
3773 1772 3892 1831 Pa-

2250 1854 2386 1934 gina
2408 1854 2586 1916 etiam
2612 1855 2689 1919 62
2707 1854 3032 1922 Ecclesiam
3058 1860 3425 1922 Corinthiam
3450 1862 3678 1942 ἀρχαίαν
3703 1869 3893 1933 vocat.

2251 1948 2408 2035 quod
2435 1948 2527 2009 vix
2556 1948 2853 2013 Clementi
2875 1952 3194 2015 convenire
3217 1963 3412 2034 queat.
3437 1945 3728 2035 Denique,
3755 1971 3894 2014 cum

2252 2034 2541 2116 scriptum
2570 2037 2897 2117 genuinum
2952 2061 3252 2117 censeam,
3290 2034 3649 2105 crediderim
3695 2051 3895 2103 tamen

529 2132 745 2222 aliena.
774 2134 981 2222 Insunt
1005 2123 1415 2204 frequentiora
1435 2121 1719 2222 epitheta,
1744 2122 2172 2222 amplificandi-
2194 2172 2232 2222 Β
2256 2125 2457 2217 plures
2479 2125 2774 2222 clausulas
2791 2137 2850 2190 et
2880 2149 3054 2192 voces
3086 2131 3140 2222 ei
3166 2130 3492 2222 additasab
3527 2129 3601 2222 iis
3623 2149 3672 2222 a_
3688 2127 3905 2210 quibus

533 2239 649 2302 que
678 2219 975 2298 formulae,
1010 2233 1141 2296 quae
1172 2230 1359 2276 aevum
1409 2211 1728 2302 posterius,
1757 2211 2174 2291 Liturgiasque
2194 2211 2231 2222 ”
2257 2215 2464 2295 postea
2488 2214 2781 2296 exscripta
2805 2226 2931 2294 est;
2960 2218 3116 2299 quod
3142 2220 3321 2282 etiam
3351 2219 3484 2281 aliis
3506 2217 3773 2298 ejusdem
3799 2237 3907 2280 an‘

529 2299 588 2372 et
615 2308 977 2386 Euchologia
1022 2305 1363 2368 Graecorum
1397 2315 1610 2379 sapere
1641 2299 1936 2363 videntur.
1971 2303 2172 2379 Argu-

529 2406 796 2461 mentum
828 2415 861 2458 e
915 2395 1192 2475 phoenice
1248 2391 1520 2468 ductum,
1553 2391 1806 2470 ejusque
1854 2390 2176 2471 descriptio

527 2489 749 2567 aliena,
775 2503 908 2548 meo
925 2483 1170 2564 quidem
1186 2478 1438 2561 judicio,
1464 2484 1603 2538 sunt
1627 2477 2009 2555 aClemente,
2030 2497 2174 2559 pro-

2260 2304 2546 2388 tiquitatis
2575 2305 2836 2388 scriptis,
2864 2307 3096 2388 ipsique
3125 2309 3276 2370 adeo
3311 2310 3600 2372 Clementi
3634 2308 3903 2386 contigit.

2258 2393 2543 2458 Libenter
2563 2395 2890 2460 audiverim
2921 2398 3065 2476 quid
3097 2397 3171 2461 de
3207 2417 3271 2460 re
3290 2401 3512 2462 sentias
3545 2411 3628 2476 tu,
3657 2401 3752 2461 cui
3787 2419 3906 2460 non

2260 2484 2458 2564 facile,
2489 2483 2562 2546 ad
2596 2485 2736 2548 talia
2764 2489 3000 2567 egregie
3032 2489 3307 2569 sapienti,
3344 2490 3572 2569 imponi
3621 2499 3817 2571 queat.

634 2696 820 2773 Hugo
850 2687 1104 2758 Grotius
1132 2684 1382 2768 epistol.
1411 2684 1490 2748 ad
1518 2683 1727 2778 Gallos
1753 2697 1910 2778 ων,
1937 2683 2012 2778 ad
2047 2686 2508 2778 amplissimum
2537 2687 2744 2778 virum
2775 2691 3230 2778 Hieronymum
3275 2694 3678 2776 Bignonium,
3713 2697 3776 2759 in

1323 2781 1621 2846 supremo
1662 2767 1894 2828 Senatu
1936 2766 2357 2832 Pariensiensi
2397 2768 2785 2833 Advocatum
2834 2766 3130 2855 Regium.

628 2881 948 2963 Epistolam
971 2897 1101 2959 quae
1120 2873 1442 2939 Clementis
1457 2874 1527 2934 ad
1551 2871 2179 2963 Corinthiosinscribi-

542 2984 662 3050 tur,
687 2962 782 3034 vir
828 2968 1218 3050 amplissime,
1247 2963 1320 3025 ab
1369 2963 1581 3040 Anglis
1629 2962 1980 3044 promissam
2031 2962 2174 3025 mihi

533 3066 657 3145 jam
682 3061 940 3143 pridem,
971 3076 1104 3120 cum
1129 3053 1452 3130 Hamburgi
1473 3057 1689 3145 frustra
1714 3052 1815 3145 diu
1845 3060 2174 3145 exspectas-

537 3142 696 3230 sem,
715 3169 876 3212 nunc
907 3151 1179 3222 demum,
1211 3153 1518 3225 postquam
1545 3142 1993 3205 Francofurtum
2019 3143 2173 3217 veni,

539 3243 654 3304 viri
685 3239 950 3311 maximi,
985 3243 1312 3301 Succorum
1344 3233 1490 3312 regii
1519 3231 1853 3293 cancellarii
1881 3241 2111 3304 vocatu,
2142 3249 2176 3292 a

534 3331 753 3394 familia
777 3328 1084 3407 Anglicani
1105 3323 1282 3404 legati
1301 3323 1554 3402 accipio.
1574 3321 1748 3382 Nolui
1773 3337 1910 3381 vero
1937 3321 2008 3381 ad
2035 3339 2172 3382 mo-

532 3441 660 3483 ram
685 3421 858 3495 hanc,
890 3423 1022 3479 sine
1043 3433 1174 3477 mea
1196 3415 1368 3493 culpa
1389 3421 1610 3485 natam,
1629 3410 1802 3472 aliain
1825 3410 1895 3470 ad
1898 3413 2169 3488 jungere,

539 3510 806 3592 quamvis
822 3525 933 3570 nec
951 3507 1168 3568 litterae
1188 3512 1300 3565 tum
1315 3501 1532 3582 quibus
1551 3517 1903 3592 responsum
1927 3508 2045 3560 tam
2069 3499 2172 3561 diu

2256 2875 2544 2955 λοπρεπές,
2605 2877 3117 2955 ἀπροσωπολήπτως
3175 2881 3592 2959 ῥιψοκινδύνως,
3637 2883 3898 2939 mutaueri-

2258 2985 2428 3040 νετος,
2485 2964 2904 3045 ἑργοπαρέκτης,
2959 2969 3348 3048 ἀξιαγάπητος,
3387 2976 3896 3052 μωμοσκοπεῖσθκι,

2260 3053 2608 3134 ἑτεροκλινὲς,
2667 3057 3053 3134 ἑτερογνώμον,
3118 3067 3198 3138 et,
3257 3078 3373 3138 quo
3453 3059 3639 3121 Lucas
3690 3061 3896 3134 utitur,

2258 3141 2674 3221 ἀντοφθαλμεῖν,
2697 3143 2929 3225 aliaque
2950 3146 3192 3208 similia.
3217 3146 3288 3209 Et
3309 3148 3436 3227 ipse
3452 3166 3675 3224 sermo,
3696 3168 3816 3210 non
3839 3161 3904 3211 ut

2259 3229 2657 3310 ἐϐραὶζουσινὶη
2688 3233 2969 3296 minutias
2989 3236 3430 3310 conscisus,sed
3447 3236 3668 3314 largius
3680 3239 3898 3302 fluens.

2256 3322 2408 3384 Nam
2440 3327 2499 3380 et
2531 3319 2752 3384 lectum
2785 3322 2857 3383 ab
2888 3322 2991 3384 illo
3043 3323 3392 3404 Euripidem
3427 3334 3486 3387 et
3535 3327 3898 3408 Sephoclem

2254 3408 2900 3475 ostenduntsententim
2910 3413 3150 3475 exillius
3162 3415 3754 3497 PhoenissismujusA
3765 3420 3900 3495 iace

2255 3497 2570 3560 translatae.
2591 3500 2906 3562 Accedunt
2934 3502 3155 3564 indicia
3189 3522 3308 3565 non
3331 3504 3624 3566 simulata;
3652 3513 3904 3568 vetusta-

544 3586 760 3674 debeo,
791 3603 992 3658 essent
1020 3595 1097 3655 ad
1149 3608 1414 3672 manum,
1448 3607 1641 3669 neque
1680 3587 1995 3662 librorum,
2025 3606 2234 3668 quosc
2261 3587 2334 3648 tis
2361 3586 2577 3676 {Quod
2610 3591 2686 3650 de
2715 3590 2954 3653 Christo
2985 3608 3226 3673 semper
3253 3592 3539 3676 loquitur,
3561 3613 3676 3656 non
3699 3605 3766 3656 ut
3798 3614 3902 3675 po-

535 3690 838 3769 inspectos
869 3685 1110 3764 vellem,
1131 3683 1326 3761 copia.
1353 3679 1520 3751 Quod
1542 3697 1726 3740 unum
1748 3677 1931 3759 potui,
1957 3678 2174 3769 episto-
2255 3675 2537 3769 sterioaes
2561 3678 3059 3758 πλατωνικώτῑρον,
3096 3681 3199 3742 sed
3234 3675 3588 3763 simpliciter
3617 3683 3813 3766 plane,
3839 3697 3898 3748 et

538 3766 654 3840 iam
686 3777 845 3838 illam
896 3774 1012 3852 legi
1067 3771 1371 3850 relegique
1414 3769 1754 3848 aliquoties,
1788 3777 1848 3830 et
1894 3766 2172 3830 omnibus
2255 3775 2319 3828 ut
2347 3766 3474 3856 Paulusapostolussolet.Aliaquoque
3496 3775 3768 3854 dogmata
3781 3795 3897 3856 po-

533 3876 816 3950 quantum
852 3880 1116 3926 mearum
1149 3858 1481 3950 estvirium
1512 3860 1807 3950 expensis,
1838 3859 2012 3924 aliter
2036 3857 2168 3950 exi-
2254 3863 2381 3950 stea
2409 3854 2690 3950 subtilius
2735 3858 3028 3950 explicata
3057 3868 3266 3922 tractat
3308 3862 3677 3944 ἀφελέστερον,
3700 3873 3759 3925 et
3785 3854 3895 3927 vo-
4022 3941 4023 3944 η

538 3943 786 4020 stiniare
807 3972 926 4015 non
954 3952 1139 4033 potui,
1162 3947 1302 4029 quin
1326 3948 1452 4009 haec
1483 3948 1559 4007 sit
1580 3947 1791 4010 eadem
1822 3967 1999 4029 quam
2033 3947 2171 4028 legit

540 4049 807 4097 Dhntins-
833 4044 1006 4097 cuius
1030 4050 1296 4097 tempore
1323 4055 1458 4097 cum
1481 4036 1793 4097 exstiterit.
1813 4057 1930 4097 non
1955 4039 2169 4097 mirum

2254 3943 2422 4006 cibus
2495 3946 2764 4023 κλήσεως,
2827 3949 3062 4026 χλητῶν,
3122 3950 3414 4028 ἐκλεκτῶν,
3477 3943 3669 4015 sensui
3719 3953 3900 4034 plena
4022 3963 4023 3970 ‘

2254 4034 2505 4097 Paulino
2536 4035 2755 4097 utitur:
2787 4039 2945 4097 auod
2977 4039 3038 4097 in
3068 4037 3304 4097 Veteris
3330 4039 3718 4097 Instrumenti
3749 4043 3899 4097 locis
4021 3983 4023 4097 i

538 4049 810 4125 Photius,
833 4044 1006 4122 cujus
1030 4050 1296 4120 tempore
1323 4055 1458 4099 cum
1481 4036 1793 4110 exstiterit,
1813 4057 1930 4101 non
1955 4039 2169 4103 mirum
2254 4034 2505 4098 Paulino
2536 4035 2755 4113 utitur;
2787 4039 2945 4118 quod
2977 4039 3038 4099 in
3068 4037 3304 4102 Veteris
3330 4039 3718 4105 Instrumenti
3749 4043 3899 4108 locis

541 4147 652 4214 est,
679 4138 728 4198 si
753 4135 828 4196 ad
849 4139 1052 4195 nostra
1070 4137 1339 4208 tempore
1358 4129 1417 4188 in
1435 4125 1830 4189 sanctioribus
1849 4129 2017 4193 libris
2038 4148 2172 4192 ser-
2254 4125 2633 4204 purissimam
2667 4144 2861 4208 neque
2911 4128 3108 4192 adhuc
3161 4129 3579 4212 interpolatam
3628 4133 3906 4210 sequitur

538 4235 667 4288 vata
686 4225 881 4286 fuerit.
906 4220 1111 4300 Neque
1135 4235 1269 4278 vero
1297 4234 1488 4278 causae
1515 4216 1833 4296 quidquam
1864 4221 2173 4296 video,cur
2253 4216 2640 4296 Septuaginta
2659 4233 2871 4278 senum
2884 4219 3372 4284 versionem.Sed
3396 4221 3900 4301 necillosspernit

537 4314 758 4377 autilla
780 4330 956 4393 quam
1006 4309 1250 4372 Photius
1268 4306 1432 4387 legit,
1469 4324 1588 4367 non
1614 4309 1823 4369 eadem
1848 4311 2077 4372 sitcum
2100 4326 2172 4370 ea
2253 4304 2975 4385 Hebraeorumlibrosgui
2990 4308 3321 4370 secundum
3338 4308 3904 4378 Vetuslnstrumen-
4020 4383 4021 4388 η

538 4423 712 4486 quam
744 4401 1140 4481 Hieronymus
1170 4405 1228 4458 et
1256 4406 1392 4457 ante
1422 4413 1558 4457 eum
1601 4396 1883 4486 Clemens
1911 4400 2172 4462 Alexan-
2259 4406 2380 4456 tum
2400 4395 2568 4486 apud
2602 4395 3072 4486 Christianorum
3105 4397 3547 4479 antiquissimos
3577 4406 3902 4470 auctorita-
4019 4403 4021 4486 λ

539 4482 1140 4573 drinus,propiusque
1156 4485 1476 4549 Clementis
1497 4485 2026 4569 Romanitempora
2047 4488 2175 4550 lre-
2261 4493 2378 4546 tem
2399 4482 2688 4573 habuere;
2709 4486 2866 4564 quod
2894 4485 3086 4548 verbis
3109 4487 3409 4568 rebusque
3439 4492 3624 4558 utitur
3645 4500 3902 4559 desum-

538 4571 1066 4663 nazus,habuerunt
1089 4595 1105 4640 :
1131 4583 1236 4639 aut
1257 4593 1363 4636 cur
1385 4574 1474 4634 illi
1497 4573 1650 4636 alius
1672 4575 1905 4638 dandus
1927 4576 2175 4640 sitscri-
2263 4573 2377 4663 ptis
2408 4590 2485 4633 ex
2517 4571 2590 4633 iis
2621 4591 2752 4654 qua)
2782 4574 3022 4650 Paulus,
3054 4573 3265 4636 Petrus
3295 4592 3355 4637 et
3383 4577 3482 4640 alii
3517 4583 3592 4644 ad
3621 4583 3909 4648 Hebraeos

539 4681 693 4754 ptor,
711 4662 904 4750 quam
938 4670 988 4729 is
1017 4668 1146 4748 ipse
1177 4665 1455 4754 Clemens
1476 4666 1805 4740 Romanus,
1827 4669 1985 4747 quod
2016 4675 2177 4730 tanto
2199 4738 2241 4754 ἢ
2264 4662 2589 4743 scripsere,
2628 4681 2746 4723 non
2777 4663 2954 4726 etiam
2988 4682 3059 4726 ex
3088 4663 3210 4726 illis
3237 4665 3405 4728 libris
3427 4686 3557 4749 quae
3586 4671 3911 4752 Evangelia

537 4738 830 4823 consensu
859 4757 935 4820 ab
966 4738 1244 4819 omnibus
1275 4752 1570 4835 proditum
1596 4762 1705 4814 est.
1734 4738 1865 4817 Non
1896 4756 2025 4818 loca
2048 4765 2176 4817 tau-
2199 4738 2369 4813 l’nos
2389 4738 2698 4843 vocamus,
2732 4772 2988 4834 quaeque
3017 4764 3150 4836 post
3177 4738 3471 4836 Epistolas
3515 4738 3907 4843 prodierunt;
4018 4805 4019 4816 1

537 4861 659 4913 tum
678 4848 902 4929 omnia,
926 4865 1058 4928 quae
1078 4845 1152 4907 ab
1171 4843 1433 4922 antiquis
1451 4843 1847 4925 adducuntur,
1874 4844 1972 4907 hic
1989 4862 2172 4926 appa-
2259 4840 2415 4922 quod
2448 4840 2606 4931 dicta
2655 4843 2924 4921 quaedam
2981 4852 3228 4925 usurpat
3255 4863 3376 4907 non
3423 4840 3670 4931 scripta,
3706 4852 3811 4913 sed
3845 4840 3911 4911 ut
4018 4849 4019 4931 ᾗ

538 4949 694 5018 rent,
718 4940 824 5001 sed
851 4948 909 5000 et
929 4954 1028 4999 res
1047 4936 1367 5017 ipsae,quas
1388 4932 2177 5015 observatPhotius,etquod
2259 4930 2794 4994 memoriarecente
2809 4949 3139 5012 permanus
3163 4934 3407 5017 tradita;
3433 4930 3586 5019 quod
3608 4956 3906 5017 nusquam

541 5031 890 5109 maximum,
924 5028 1235 5088 character
1267 5021 1604 5110 Hiieronyno
1634 5021 1847 5098 dictus,
1879 5025 1953 5085 ad
2011 5025 2176 5086 illum
2260 5020 2812 5110 meminitexsortis
2842 5021 3002 5086 illius
3052 5023 3469 5104 episcoporum
3500 5028 3905 5110 auctoritatis,

538 5121 642 5200 qui
668 5119 847 5181 estin
876 5108 1138 5198 Epistola
1183 5112 1258 5175 ad
1306 5109 1590 5172 Hebraeos
1639 5113 1950 5176 accedere.
1998 5113 2178 5194 Cujus
2261 5128 2392 5200 quae
2417 5108 2700 5172 Ecclesiae
2729 5112 3186 5189 consuetudine,
3223 5123 3355 5194 post
3402 5119 3586 5180 Marci
3622 5108 3906 5197 mortem,

539 5199 718 5272 causa
748 5226 868 5270 non
897 5207 1011 5268 alia
1039 5212 1152 5280 est,
1175 5219 1348 5282 quam
1379 5201 1540 5280 quod
1574 5201 1668 5262 hic
1699 5201 1996 5280 Clemens,
2023 5213 2084 5265 ut
2119 5212 2182 5265 et
2261 5199 2884 5282 Alexandrinae,atque
2908 5219 2978 5264 eo
3002 5205 3276 5284 exemplo
3301 5203 3911 5288 alibi,introducica:-
4015 5215 4017 5234 ‘

541 5295 1105 5378 Lucas,etquisquis
1126 5293 1230 5354 ille
1250 5300 1339 5355 est
1366 5289 1710 5370 scriptorad
1729 5293 2017 5354 Hebraeos
2033 5291 2178 5373 Epi-
2265 5289 2370 5370 pit,
2395 5291 2499 5352 sed
2523 5290 2696 5371 plane
2729 5301 2792 5352 ut
2822 5293 3041 5354 Paulus
3069 5293 3394 5374 apostolus,
3422 5298 3683 5360 ostendit
3706 5297 3912 5362 eccle-
4016 5295 4017 5378 ξ

548 5345 1090 5466 stolae,’au‘iequiam
1118 5379 1436 5473 Christiani
1479 5345 1712 5461 tierent,
1749 5379 2017 5444 Graecum
2047 5345 2180 5444 serar-
2264 5345 2382 5473 sies
2407 5345 2721 5473 canimuni
2746 5345 3258 5466 presbyteroibm,
3285 5346 3394 5465 qui,
3413 5384 3596 5450 iidem
3622 5405 3834 5451 omnes
3854 5393 3916 5450 et
4015 5345 4017 5473 4

546 5497 783 5542 monem
801 5496 876 5541 ex
900 5473 1157 5540 eruditis
1176 5469 1514 5535 auctoribus
1527 5470 1868 5554 hauserant,
1893 5474 2064 5553 cujus
2085 5471 2181 5534 ni-
2265 5469 2530 5551 episcopi
2551 5470 2664 5551 ipsi
2687 5469 2868 5534 Paulo
2891 5473 3195 5556 dicuntur,
3221 5474 3470 5538 consilio
3497 5476 3678 5541 fuisse
3695 5478 3917 5558 guber-

543 5577 663 5648 tor,
688 5568 792 5631 ubi
821 5585 943 5629 non
970 5564 1168 5627 aliena
1193 5562 1374 5639 dicta,
1398 5569 1498 5624 aut
1524 5577 1598 5626 ex
1625 5563 1812 5624 sacris
1836 5563 2046 5626 litteris
2075 5562 2171 5624 de-

2269 5567 2455 5623 natas.
2515 5561 2664 5624 Nam
2723 5563 2882 5642 quod
2939 5563 3210 5644 ἀργιιρέα,
3274 5565 3482 5633 λευίτας
3557 5577 3614 5629 et
3687 5569 3914 5634 λαϊκοὺς

551 5668 822 5742 prompta
843 5654 1021 5719 verba
1042 5654 1168 5717 suis
1188 5650 1610 5742 inserunt,_s_ed
1628 5649 1897 5742 lib‘eriori
1924 5651 2188 5716 dictione
2269 5650 2561 5742 nominat,
2585 5652 2786 5742 omnia
2808 5651 2924 5715 ista
2945 5654 3191 5717 nomina
3210 5672 3331 5719 non
3351 5656 3427 5719 ad
3447 5657 3916 5735 Ecclesiam,sed
4013 5677 4015 5742 λ

546 5739 825 5828 utuntur,
865 5746 1040 5813 facile
1064 5743 1464 5827 cognoscitur.
1488 5739 1640 5804 Hinc
1659 5739 1776 5804 illae
1794 5759 1992 5821 voces,
2010 5763 2187 5824 μιγα-
2268 5741 2346 5804 ad
2369 5740 2659 5822 templum
2684 5741 3268 5827 Hierosolymiticum
3292 5747 3632 5831 pertinent;
3654 5748 3814 5815 unde
3828 5750 3920 5814 ἰη-
4014 5739 4015 5831 ξ

4013 5809 4015 5931 φ

4019 4419 4021 4555 ι

4011 6159 4013 6267 l
