4060 6362
198 351 287 423 49

204 564 404 645 magis
433 566 805 631 Christianis.
839 566 1101 651 Tempus
1128 568 1322 649 ipsum
1355 588 1473 651 quo
1503 567 1723 647 scripta
1770 573 1859 627 est

206 652 342 716 hac
377 655 655 738 epistola,
688 675 795 737 ego
824 656 896 719 ad
933 659 1112 720 linem
1149 658 1429 739 Neronis,
1465 665 1564 719 aut
1593 664 1754 719 certe
1785 654 1857 716 ad

204 760 320 805 eos
344 762 538 808 annos
559 747 657 829 qui
681 746 1361 829 Vespasianiimperium
1384 752 1856 819 antecesserunt,

198 833 505 899 referam.
528 836 678 899 Nam
698 834 1064 899 oblationum
1089 836 1383 919 meminit,
1400 855 1534 915 qua:
1558 838 1614 897 in
1640 833 1859 915 templo

200 939 281 984 ex
317 925 452 1005 lege
486 925 721 1005 ﬁerent,
742 924 901 987 sicut
926 932 985 988 et
1012 925 1085 987 ad
1115 925 1399 989 Hebraeos
1427 923 1702 1005 scriptor,
1732 928 1863 1004 post

199 1012 383 1092 cujus
457 1014 767 1092 epistolam
829 1016 982 1078 hanc
1042 1016 1223 1078 credo
1285 1017 1601 1097 scriptam:
1667 1030 1859 1093 eoque

201 1101 344 1164 ﬁeri
373 1113 434 1165 ut
455 1103 651 1184 aliqua
676 1102 819 1166 inde
840 1114 1079 1186 sumpta
1098 1123 1223 1168 suae
1246 1105 1570 1177 intexuerit
1596 1102 1859 1186 epistola

203 1189 517 1254 Clemens.
558 1192 780 1254 Mirum
810 1193 1000 1256 videri
1034 1194 1219 1274 possit
1250 1193 1493 1256 dissidia
1522 1196 1632 1256 ista
1653 1192 1856 1257 Corin-

206 1279 472 1345 thiorum
507 1280 982 1351 Christianorum
1009 1284 1081 1345 ad
1105 1282 1221 1345 vim
1240 1302 1452 1367 usque,
1479 1293 1535 1345 et
1562 1291 1625 1344 ut
1659 1282 1856 1362 loqui-

208 1376 331 1440 tur,
357 1368 671 1445 bellum,id
692 1379 806 1453 est,
830 1370 1045 1452 rixam,
1071 1372 1533 1454 progressa,nisi
1549 1378 1607 1434 et
1632 1370 1708 1432 de
1727 1369 1861 1432 aliis

208 1475 282 1519 es
294 1458 553 1522 Hebraea
569 1468 748 1540 gente
761 1460 1114 1524 Christianis
1124 1460 1348 1524 similia
1365 1479 1492 1525 com
1503 1466 1862 1522 memoraret

209 1547 274 1608 in
308 1545 574 1627 Epistola
598 1548 883 1614 Jacobus.
908 1550 995 1614 Ex
1029 1551 1101 1612 iis
1127 1558 1349 1627 autem,
1372 1568 1623 1632 quorum
1644 1547 1717 1610 ad
1745 1547 1859 1610 vim

209 1656 403 1718 usque
430 1654 742 1718 progressa
762 1648 890 1701 erat
913 1640 1097 1702 animi
1121 1639 1489 1721 impotentia,
1518 1637 1802 1720 quosdam
1826 1656 1861 1699 a

208 1726 655 1804 magistratibus
674 1728 736 1791 in
759 1747 1063 1793 carcerem
1086 1729 1279 1811 datos,
1307 1748 1428 1792 non
1452 1738 1540 1791 est
1562 1726 1721 1805 quod
1750 1726 1856 1788 mi-

204 1832 445 1880 remur.
479 1821 692 1898 Neque
727 1818 885 1881 enim
923 1818 998 1882 de
1023 1819 1207 1882 nihilo
1239 1828 1351 1894 est,
1384 1818 1540 1900 quod
1591 1814 1855 1883 Ponticis

202 1904 561 1970 Christianis
616 1907 893 1972 scribens
941 1911 1151 1973 Petrus
1176 1907 1202 1952 ’τ
1234 1909 1255 1931 ⁴¹
1284 1916 1405 1971 tam
1455 1907 1708 1971 sollicite
1751 1925 1856 1977 eos

1482 346 1855 431 raomum
1896 340 2322 410 vnuoauu.

201 470 326 536 fert
356 477 558 541 omnia
586 483 749 538 certo
785 476 998 541 ordine
1044 477 1299 560 agenda,
1333 478 1383 541 si
1410 476 1655 554 Judaeis,
1687 484 1878 538 tanto.

1939 486 2165 553 monet,
2222 480 2298 553 μὴ
2354 479 2455 557 γάρ
2506 501 2585 542 τις
2660 480 2807 553 ὑμῶν
2863 478 3120 558 πασχὲτω
3170 479 3244 539 ὡς
3291 471 3569 554 φονιὺς,ῖί

3504 334 3589 402 50

3541 471 3569 492 η

1941 565 2201 634 κλὲπτης,
2234 568 2269 635 ἢ
2321 568 2634 630 κακοποιός.
2697 565 2801 628 Has
2856 572 2993 628 sunt
3047 583 3259 640 causae,
3293 580 3402 625 cur
3459 580 3569 641 ego

1942 656 2095 718 hanc
2125 655 2434 737 epistolam
2471 674 2587 717 non
2615 655 2794 718 modo
2823 654 3142 733 genuinam
3165 652 3442 723 arbitrer,
3467 650 3570 713 sed

1944 753 2002 806 et
2030 745 2189 806 nulla
2220 745 2278 805 in
2310 764 2380 807 ea
2407 763 2616 808 manus
2645 745 2933 809 adulteras
2956 742 3199 823 vestigia
3231 758 3570 819 agnoscam.

1942 834 2207 897 Alteram
2229 833 2540 912 epistolam
2554 834 2745 915 ,cujus
2760 834 3159 914 fragmentum
3176 830 3446 894 additum
3462 838 3571 903 est,

1941 942 2277 1005 quanquam
2303 925 2631 988 Clementis
2662 934 2722 986 et
2770 926 2899 1007 ipsa
2946 924 3009 987 in
3054 924 3223 986 libris
3271 920 3575 984 nonnullis

1942 1031 2158 1077 nomen
2193 1013 2472 1095 praetulit,
2506 1034 2625 1077 non
2656 1033 2790 1078 esse
2814 1022 3013 1077 tamen
3065 1014 3121 1076 ei
3172 1009 3576 1090 tribuendam,

1940 1102 2115 1165 etiam
2140 1111 2369 1165 veteres
2380 1103 2726 1183 judicarunt
2745 1125 2757 1163 :
2778 1122 3034 1185 quorum
3057 1098 3391 1164 auctoritati
3410 1116 3579 1161 acce-

1940 1190 2026 1251 dit
2057 1191 2418 1253 characteris
2448 1191 2779 1254 diversitas.
2831 1193 3041 1273 Neque
3095 1199 3291 1254 tamen
3340 1186 3569 1261 dubito,

1939 1279 2087 1356 quin
2122 1280 2294 1360 primi
2326 1280 2526 1343 saeculi
2552 1281 2629 1342 sit
2657 1300 2827 1363 opus,
2863 1282 3148 1362 scriptum
3178 1284 3319 1341 ante
3349 1276 3572 1339 consti-

1946 1376 2135 1431 tutum
2166 1369 2553 1431 ecclesiarum
2577 1388 2872 1432 consensu
2889 1387 3204 1448 canonem,
3230 1374 3289 1427 et
3309 1365 3463 1427 forte
3480 1365 3569 1427 al-

1942 1458 2128 1520 terius
2159 1458 2410 1539 alicujus
2438 1456 2781 1522 Clementis.
2800 1458 2938 1522 Haec
2966 1477 3097 1540 quae
3120 1456 3269 1518 mihi
3295 1455 3439 1529 visa,
3466 1473 3575 1517 ea-

1943 1546 2077 1609 dem
2096 1546 2365 1609 libertate
2383 1566 2500 1628 qua
2515 1548 2777 1629 colloqui
2793 1556 2987 1610 tecum
3008 1546 3154 1608 mihi
3169 1561 3576 1621 concesseras,

1941 1637 2015 1698 ad
2039 1636 2486 1699 exactissimum
2499 1637 2575 1699 de
2596 1636 2777 1700 rebus
2797 1636 3071 1699 omnibus
3079 1632 3372 1716 judicium
3387 1641 3575 1707 tuum,

1940 1726 2029 1789 vir
2048 1726 2210 1788 omni
2233 1745 2300 1789 ex
2325 1732 2493 1808 parte
2515 1720 3577 1808 incomparabilis,defero,etc.Fran-

1880 1792 1916 1841 θ
1938 1816 2149 1880 cofurti
2183 1816 2256 1879 47
2286 1792 2424 1879 Julii
2455 1817 2632 1881 1634.

808 2193 897 2256 Ex
924 2190 1048 2255 alia
1074 2190 1341 2273 epistola
1369 2191 1655 2273 ejusdem
1688 2193 2001 2275 Biguonii,
2034 2211 2071 2258 a
2101 2196 2162 2260 d.
2198 2197 2275 2261 28
2312 2198 2582 2277 Augusti
2619 2196 2769 2262 1634
2803 2198 2971 2261 data.

286 2325 521 2388 Gratias
552 2324 658 2386 tibi
690 2343 825 2403 ago,
860 2325 1078 2387 eruditi
1111 2332 1170 2387 et
1199 2324 1374 2386 solidi
1406 2325 1493 2387 tui
1517 2325 1757 2405 judicii,
1784 2324 1859 2389 de

196 2414 535 2495 Clemente,
558 2433 757 2476 causa.
785 2413 960 2477 Solus
981 2414 1161 2477 hodie
1179 2415 1342 2477 horae
1364 2423 1664 2477 momento
1690 2417 1855 2496 ejus-

202 2503 368 2567 modi
400 2522 499 2566 res
529 2503 813 2567 dirimere
853 2512 1046 2585 potes,
1078 2503 1259 2583 idque
1292 2505 1477 2567 cuivis
1530 2505 1745 2567 saculo
1801 2514 1859 2567 et

201 2596 508 2675 scriptori,
535 2594 692 2677 quod
719 2594 774 2656 ei
795 2592 1360 2675 debetur,reddere,
1390 2603 1448 2656 et
1468 2593 1858 2675 fructum,qui

202 2700 277 2745 ex
312 2702 384 2745 eo
415 2685 544 2764 capi
575 2683 780 2766 possit,
806 2683 1148 2744 ostendere.
1176 2681 1534 2747 Rationibus
1560 2685 1674 2746 tuis
1706 2682 1855 2746 nihil

204 2776 307 2834 est
324 2773 484 2851 quod
509 2773 841 2852 objiciatur,
862 2772 1197 2853 judiciique
1222 2772 1306 2834 tui
1321 2773 1725 2835 auctoritatem
1765 2773 1853 2836 ir-

202 2862 626 2941 refragabilem
661 2880 791 2925 esse
821 2881 928 2943 par
958 2870 1067 2924 est.
1095 2861 1433 2925 Genuiuum
1459 2863 1704 2943 quidem
1727 2881 1852 2926 om-

1946 2327 2213 2407 ptoribus
2229 2329 2579 2392 Christianis
2606 2337 2810 2411 postea
2829 2328 3117 2406 adhibita,
3143 2328 3383 2409 scriptis
3405 2329 3580 2408 primi

1943 2419 2310 2480 successoris
2336 2420 2738 2500 apostolorum
2774 2419 3064 2499 Principis
3096 2437 3215 2481 non
3265 2426 3350 2480 sat
3401 2417 3584 2495 digna

1946 2506 2206 2582 videtur,
2233 2509 2561 2589 praesertim
2587 2518 2671 2573 tot
2694 2509 2890 2573 verbis
2910 2506 3446 2589 exposita.Alioqui
3472 2508 3583 2569 mi-

1942 2614 2074 2658 rum
2106 2598 2293 2660 videri
2326 2619 2443 2662 non
2476 2601 2662 2680 possit
2706 2618 2842 2662 eum
2892 2617 3023 2661 esse
3074 2615 3244 2660 usum
3294 2596 3580 2677 opinione

1943 2694 2083 2748 tunc
2118 2688 2399 2766 temporis
2428 2697 2689 2771 recepta,
2725 2698 2790 2752 ut
2837 2688 3112 2751 ethnicos
3147 2686 3220 2749 ad
3270 2685 3577 2749 veritatem

1940 2775 2225 2839 doctrinas
2239 2777 2591 2841 Christiana;
2605 2779 2836 2859 plenius
2848 2774 3581 2847 admittendaminvitaret;

1939 2867 2242 2945 quomodo
2256 2877 2315 2930 et
2330 2869 2545 2930 Paulus
2556 2888 2701 2931 usus
2713 2867 3201 2947 estinscriptione
3213 2865 3581 2945 DeiignoiiS.

207 2952 353 3013 nino
378 2959 834 3015 monumentum
862 2952 973 3014 hoc
1000 2969 1134 3015 esse
1156 2952 1629 3033 putaveram,sed
1654 2955 1852 3034 suspi-
1939 2956 2210 3033 quamvis
2240 2957 2537 3020 sententia
2567 2957 2801 3019 diversa
2828 2958 2901 3018 ab
2932 2955 3214 3036 opinione
3235 2955 3460 3033 vulgari
3491 2964 3578 3017 at-

206 3039 393 3103 cabar
426 3042 483 3103 ei
514 3040 795 3122 periodos
825 3048 928 3102 aut
955 3059 1131 3103 voces
1157 3039 1383 3122 aliquot
1411 3060 1446 3103 ι
1474 3041 1735 3105 librariis
1751 3062 1853 3106 as-
1938 3063 2052 3125 que
2076 3044 2483 3126 inscriptionis
2504 3045 2633 3108 basi
2650 3065 2769 3110 arm
2786 3044 3417 3125 insculpta.Putabam
3436 3063 3579 3125 ergo

202 3138 392 3194 satas.
418 3130 505 3192 Tu
532 3149 673 3192 vero
702 3130 1075 3193 dubitatione
1100 3130 1204 3192 illa
1228 3148 1323 3192 me
1347 3130 1531 3204 levas,
1558 3132 1668 3193 nisi
1692 3132 1853 3211 quod
1872 3195 1911 3217 η
1938 3133 2402 3214 descriptionem
2422 3136 2719 3216 phmnicis
2740 3136 3031 3217 adjectam
3050 3134 3123 3195 ab
3140 3133 3254 3197 alio
3266 3133 3451 3195 fuisse
3473 3153 3581 3196 nu-

202 3220 475 3282 narratio
491 3220 567 3281 de
579 3220 859 3301 phoenice
876 3238 970 3283 me
983 3221 1307 3283 etiamnum
1324 3195 1592 3282 nonnihil
1609 3195 1855 3285 attendit
1872 3195 1912 3246 Ο
1937 3224 2027 3285 da:
2050 3195 3113 3304 ejus,vaVCleinedte‘obiter
3147 3195 3385 3303 injectus
3408 3244 3423 3305 ;
3468 3223 3575 3286 sed

199 3310 429 3391 quippe
449 3330 583 3391 quae
600 3310 901 3391 copiosior
918 3318 1719 3393 estetaaqwuxmépzquam
1744 3322 1856 3394 sty-
1936 3314 1997 3375 in
2030 3313 2281 3378 meliore
2339 3324 2437 3379 tua
2487 3316 2791 3379 sententis
2837 3316 3172 3396 acquiesco,
3205 3331 3321 3378 nec
3380 3331 3579 3377 meum

200 3402 297 3463 lus
324 3400 689 3480 apostolicus
714 3402 990 3482 patiatur.
1022 3402 1105 3464 Ea
1126 3400 1344 3482 fabula,
1369 3401 1636 3483 quamvis
1656 3422 1690 3464 a
1711 3402 1855 3465 scri-
1937 3411 2030 3467 est
2062 3414 2253 3467 tecum
2285 3405 2673 3470 contendere.

236 3562 528 3635 (Βίτων-ραι
565 3562 678 3619 hac
704 3571 829 3618 sunt
859 3575 888 3618 e
918 3562 1239 3621 testimoniis
1268 3560 1332 3620 de
1353 3560 1636 3634 Bianonio,
1669 3577 1789 3704 9x
1816 3563 1875 3625 al

1665 3660 1691 3698 ⁸
1825 3661 1878 3716 Ρι

1939 3565 2229 3717 r‘iﬁteadjtioni
2246 3564 2510 3625 Parisiiue
2537 3564 2917 3624 qularun
2959 3564 3207 3637 Mareulﬁ
3233 3564 3368 3627 anni
3394 3562 3538 3627 .1665

1665 3660 1788 3704 sunt
1825 3660 2068 3716 prtum.

1104 3921 1615 4017 HERMAN
1636 3923 1703 4015 N
1726 3922 1866 4017 US
1947 3922 2706 4019 CUNRINGIUS

853 4129 1233 4194 JOACHIMO
1272 4130 1549 4195 JOANNI
1594 4132 1927 4210 MADERO,
1975 4131 2158 4195 VIRO
2200 4129 2643 4195 DOCTISSIMO
2689 4132 2752 4193 S.
2798 4128 2866 4193 P.
2912 4131 2983 4193 D.
3022 4132 3025 4135 “

282 4334 568 4398 Plaaclare
585 4333 659 4395 de
672 4331 906 4413 publico
923 4336 1197 4415 mereris,
1230 4333 1572 4397 doctissime
1586 4333 1844 4408 Madere,
1875 4345 1878 4387 ι

1939 4336 2119 4409 nium,
2159 4337 2359 4398 induti
2378 4335 2502 4416 jam
2538 4334 2788 4417 proinde
2817 4333 2992 4397 stolis
3023 4330 3321 4405 candidis,
3347 4340 3403 4394 et
3434 4338 3584 4396 ante

194 4426 333 4495 illas
350 4428 552 4500 horas,
575 4442 727 4499 quas
745 4423 1060 4485 succidere
1085 4423 1191 4485 tibi
1216 4424 1356 4487 licet
1378 4423 1681 4485 ordinario
1715 4442 1853 4484 mu-

194 4518 356 4599 neri,
392 4517 451 4578 in
486 4517 541 4577 id
574 4515 954 4594 impendens,
982 4524 1046 4576 ut
1068 4516 1409 4578 hominibus
1430 4519 1651 4579 nostris
1683 4516 1853 4578 exhi-

196 4608 347 4691 beas
376 4607 585 4688 primze
614 4605 779 4668 illius
802 4622 999 4667 aureae
1022 4606 1391 4685 tempestatis
1416 4625 1547 4687 qua:
1571 4615 1856 4686 superant

198 4706 614 4761 monumenta.
650 4693 775 4756 Etsi
806 4693 965 4754 enim
995 4692 1023 4736 9
1047 4694 1347 4775 perfectus
1390 4696 1475 4757 sit
1522 4695 1848 4758 divinarum

194 4786 671 4864 Scripturarum
704 4790 991 4858 ranon,et
1012 4782 1364 4863 jamdudum
1400 4803 1531 4846 cum
1555 4788 1618 4846 S.
1645 4787 1850 4862 Augu-

194 4876 383 4950 stino,
395 4871 451 4918 ⁸ο
463 4873 881 4953 didicerimus,
898 4875 1044 4934 solis
1065 4872 1195 4936 illis
1212 4874 1382 4937 libris
1394 4873 1853 4936 hunchonorem

182 4968 605 5042 timoremque
615 4962 935 5041 deferrent
949 4960 1187 5025 nullum
1196 4981 1413 5026 eorum
1423 4965 1735 5026 scribendo
1748 4964 1854 5025 ali-

196 5052 353 5134 quid
369 5070 628 5133 errasse,
660 5053 1005 5131 ﬁrmissime
1024 5052 1345 5115 credamus
1374 5070 1387 5114 :
1424 5071 1531 5134 per
1559 5062 1753 5114 tamen
1778 5055 1852 5112 si-

196 5141 327 5227 mul
349 5150 442 5204 est
458 5142 790 5221 jucundum
811 5150 989 5221 atque
1013 5140 1592 5223 utile,aposto|orum
1612 5159 1850 5224 quoque

199 5232 539 5311 discipulos
554 5230 975 5311 auditoresque
991 5232 1330 5307 consulere,
1351 5231 1489 5312 quid
1508 5231 1594 5292 illi
1619 5231 1850 5293 scilicet

194 5321 449 5401 atauus
482 5320 779 5398 magistris
800 5319 1163 5400 acceperint,
1186 5328 1285 5382 aut
1307 5328 1470 5382 certe
1495 5330 1713 5403 quanta
1733 5320 1850 5383 ﬁde

199 5410 535 5479 doctrinam
558 5418 861 5490 acceptam
881 5410 1191 5485 servarint,
1223 5410 1326 5490 qui
1358 5428 1473 5471 non
1506 5409 1848 5472 dubitavere

196 5497 550 5581 sanguinem
589 5515 765 5563 suum
801 5497 1162 5579 profundere
1191 5498 1252 5561 in
1299 5498 1523 5564 Christi
1579 5499 1847 5561 testimo-

1936 4428 2222 4487 thronum
2247 4425 2361 4487 Dei
2376 4426 2688 4487 constituti
2704 4424 2979 4486 serviunt
3000 4420 3099 4483 illi
3119 4421 3221 4483 die
3236 4438 3308 4483 ac
3325 4428 3496 4485 nocte
3515 4422 3584 4482 in

1940 4517 2167 4592 templo
2189 4514 2455 4590 eius,illo
2467 4516 2574 4594 qui
2586 4514 2746 4575 sedet
2764 4514 2831 4575 in
2846 4511 3060 4573 throno
3072 4510 3391 4573 habitante
3401 4528 3582 4592 super

1938 4604 2072 4665 illos
2092 4603 2162 4678 Η,
2184 4622 2306 4680 quo
2340 4603 2531 4682 elogio
2560 4611 2846 4684 martyres
2878 4600 3135 4682 Spiritus
3163 4607 3405 4661 sanctus
3437 4618 3579 4681 pro-

1936 4701 2175 4755 secutus
2206 4698 2315 4754 est.
2351 4691 2569 4754 Saltem
2594 4690 2695 4753 illa
2719 4689 2885 4752 nefas
2908 4696 3002 4752 est
3025 4694 3578 4767 contemnere,qum

1938 4782 2173 4863 publica
2204 4781 2504 4844 auditione
2535 4780 2666 4863 ipsa
2686 4788 2853 4842 vetus
2875 4786 2934 4840 et
2964 4784 3168 4840 sancta
3194 4774 3461 4839 Ecclesia
3487 4774 3575 4836 di-

1936 4881 2107 4950 gnata
2127 4882 2214 4934 est
2240 4891 2253 4934 :
2277 4880 2336 4932 ut
2360 4870 2669 4954 Polycarpi
2692 4869 3001 4951 epistolam
3032 4868 3100 4929 in
3122 4868 3286 4928 Asiae
3306 4882 3571 4928 conven-

1939 4960 2462 5032 tibus,Clemenlis
2476 4953 2552 5022 in
2574 4957 2890 5022 nonnullis
2907 4957 3053 5019 locis
3076 4953 3310 5035 publice
3337 4953 3570 5015 lectita-

1938 5062 2050 5111 tam
2080 5059 2302 5124 esse,et
2319 5048 2560 5112 Eusebii
2582 5057 2639 5112 et
2660 5052 2720 5112 S.
2747 5044 3088 5127 Hieronymi
3114 5042 3453 5105 testimonio
3469 5062 3572 5104 no-

1935 5140 2210 5202 vimus“.
2228 5139 2395 5201 Hanc
2416 5148 2581 5201 certe
2598 5145 2912 5219 utramque
2933 5132 3257 5216 Epistolam
3281 5131 3566 5210 magnifa-

1932 5248 2069 5291 cere
2102 5247 2205 5308 par
2235 5237 2345 5298 est,
2380 5227 2471 5289 vel
2501 5226 2636 5289 ideo
2668 5226 2954 5308 quoniam
2985 5222 3059 5284 ad
3092 5228 3426 5303 utramque,
3452 5240 3561 5283 ceu

1931 5319 2000 5381 ad
2035 5318 2453 5380 secundarium
2476 5314 2796 5395 quemdam
2820 5312 3070 5374 sincerae
3093 5309 3234 5373 ﬁdei
3254 5327 3569 5386 canonem,

1923 5410 2046 5490 jam
2082 5416 2201 5469 tum
2226 5406 2365 5468 olim
2386 5405 2668 5468 adversus
2699 5402 2963 5466 haereses
2993 5399 3086 5464 sui
3117 5398 3320 5490 saeculi
3352 5418 3569 5481 provo-

1930 5488 2151 5560 caverit
2170 5494 2581 5558 sanctissimus
2604 5500 2828 5573 martyr
2845 5493 3107 5556 lrenasus
3131 5488 3205 5554 ιθ.
3233 5488 3299 5551 In
3318 5498 3568 5571 utraque

278 5687 338 5739 Τ
365 5686 394 5752 Ι
423 5685 820 5763 Petr.1v,‘15.
904 5686 939 5738 8
966 5687 1099 5749 Act.
1145 5700 1284 5762 xm,
1336 5682 1439 5750 23.
1522 5683 1557 5737 9
1582 5682 1765 5766 Vino.
1792 5684 2094 5752 Lirinens.
2172 5678 2233 5766 f0
2259 5679 2446 5766 Epist.
2480 5697 2603 5750 xix.
2643 5681 2719 5759 ad
2748 5678 2914 5748 Hier.
2996 5678 3048 5726 “
3094 5679 3286 5764 Apoc.
3336 5691 3436 5759 vn,
3472 5674 3570 5740 15.

202 5766 259 5819 ³
286 5768 423 5840 Lib.
454 5782 521 5835 In
540 5760 805 5851 Hum,-
835 5766 973 5834 Lib.
1007 5767 1081 5833 de
1103 5760 1395 5850 scriptor.
1424 5767 1636 5832 mles.
1721 5765 1775 5813 ‘3
1794 5766 1927 5834 Lib.
1958 5782 2043 5844 tu,
2074 5782 2131 5830 c.
2161 5760 2223 5829 3.
2308 5760 2329 5766 ⁷
2732 5778 2735 5781 ‘
