4060 6362
454 398 561 491 ει

1568 423 1669 487 AD
1712 422 1772 485 s.
1820 374 2364 485 CLEMEN'i‘EM‘I
2407 376 2665 485 PAPAM

3747 414 3828 478 52

456 538 654 625 autem
679 561 781 624 illa
797 560 1151 643 publicanda
1166 560 1451 643 hactenus
1469 569 1624 623 tuam
1645 580 1882 641 operam
1905 564 2094 629 collO-
2113 564 2154 611 Α
2181 555 2608 634 perant.plane
2634 552 3135 634 quemadmodum
3172 551 3492 643 Epistolam
3525 550 3684 643 illam
3715 550 3838 611 lau-

459 644 627 711 Casti,
658 642 915 722 primum
948 642 1282 724 Polycarpi,
1314 662 1473 703 nunc
1504 648 1562 704 et
1592 643 1919 708 Clementis
1963 660 2103 709 san-

460 743 582 797 ctas
613 732 743 794 illas
772 733 1001 794 litteras
1040 732 1248 794 edens.

545 822 747 899 Neque
770 839 908 883 vero
924 822 1246 900 quidquam
1274 823 1445 884 video
1465 840 1678 903 causae,
1705 843 1810 885 cur
1835 827 2104 905 suspice-

464 930 597 974 mur
627 910 771 973 alias
805 929 936 972 esse
987 910 1119 970 illas
1157 919 1388 973 nostras
1426 911 1499 971 ab
1533 911 1604 971 iis
1636 931 1783 988 quas
1839 924 1996 976 tanto
2048 917 2105 976 in

465 1002 654 1081 pretio
688 998 882 1079 prisca
922 998 1188 1061 Ecclesia
1237 1000 1465 1061 habuit.
1498 1002 1559 1061 In
1612 1002 1913 1083 Polyrarpi
1964 1022 2104 1066 sane

463 1091 711 1170 epistola
742 1087 1201 1168 deprehendere
1234 1096 1323 1150 est
1350 1090 1537 1169 ipsam
1574 1089 1733 1151 illam
1771 1093 1845 1152 de
1879 1092 1994 1154 Deo
2046 1102 2104 1155 et

465 1180 714 1243 Domino
740 1185 940 1239 nostro
963 1179 1101 1239 Jesu
1126 1179 1360 1240 Chrism
1380 1198 1581 1240 sanam
1610 1180 1965 1257 doctrinam,
1991 1201 2099 1243 cu-

456 1270 558 1349 jus
580 1268 825 1329 nomine
847 1267 1194 1329 refellendis
1218 1269 1309 1328 sui
1332 1269 1532 1330 saeculi
1551 1270 2102 1351 hazresihiis,tmvm~

466 1360 631 1425 τάτην
663 1358 822 1418 illam
860 1358 1259 1437 pronuntiavit
1289 1359 1842 1439 commendavilque
1884 1364 1945 1424 S.
1975 1360 2103 1423 Ire-

465 1466 629 1512 naeus
658 1466 670 1508 ;
698 1446 1159 1526 deprehendere
1191 1456 1282 1509 est
1326 1450 1522 1509 locum
1572 1450 1865 1525 integrum
1920 1470 2101 1513 unum

464 1539 857 1616 alterumque,
892 1555 1066 1616 quem
1100 1537 1342 1599 adducit
1365 1536 1751 1619 Eusebius“,
1780 1550 1839 1601 et
1871 1550 2000 1618 post
2026 1540 2102 1601 il-

465 1627 585 1686 lum
620 1624 992 1705 Nicephorus
1012 1626 1313 1698 Callistus,
1336 1636 1394 1688 et
1415 1627 1655 1707 quidem
1686 1629 1765 1691 ita
1796 1640 1857 1689 ut
1881 1629 2103 1709 liquido

467 1715 990 1795 appareat,fraude
1008 1716 1169 1776 nulla
1192 1716 1447 1777 insertos
1468 1734 1600 1777 esse
1618 1739 1628 1770 :
1655 1718 2108 1796 deprehendere

2189 644 2345 705 davit
2374 646 2435 706 S.
2466 644 2727 706 Irenzeus
2750 644 2979 715 46.Quae
3012 643 3295 706 Clemens
3324 640 3760 703 Alexandrinus
3778 650 3838 702 et

2191 734 2479 812 Origenes
2504 735 2561 784 l7
2586 754 2659 796 ex
2696 734 2796 795 illa
2828 733 3094 813 Epistola
3117 731 3445 811 proferunt,
3474 730 3670 791 verbis
3697 731 3840 790 toti-

2191 824 2325 886 dem
2358 824 2416 884 in
2446 837 2646 886 nostra
2674 825 3147 904 reperiuntur.et
3169 820 3409 901 quidem
3436 822 3508 881 ita
3533 829 3595 879 ut
3619 819 3698 879 ibi
3723 839 3833 880 ua-

2189 922 2247 974 ta
2277 913 2518 987 dixeris,
2553 932 2669 974 non
2705 922 2897 973 autem
2933 910 3139 971 dolosa
3176 928 3350 970 manu
3376 904 3835 972 iuducia.Euse-

2190 1002 2393 1064 bius‘3
2424 1022 2659 1083 quoque
2693 1000 3160 1082 prodit,dissidio
3190 999 3343 1079 apud
3366 996 3706 1061 Corinthios
3729 1017 3832 1058 or-

2189 1103 2272 1170 to,
2307 1091 2587 1170 scriptam
2620 1110 2653 1152 a
2684 1090 2990 1153 Clemente
3022 1099 3220 1149 nostro
3245 1087 3566 1166 Epistolam
3608 1090 3679 1151 ὼς
3726 1090 3832 1143 ἀπὸ

2184 1187 2280 1249 τῆς
2316 1174 2587 1256 Ῥωμαίων
2644 1180 2990 1258 Ἐκκλησίας,
3022 1186 3119 1239 aut
3170 1187 3230 1238 ut
3259 1176 3399 1239 alibi
3450 1176 3729 1254 loquitur,
3768 1178 3828 1233 ἐκ

2184 1272 2469 1348 προσώπου
2497 1277 2595 1339 τῆς
2622 1261 2895 1345 Ῥωμαίων
2931 1261 3278 1341 Ἐκκλησίας,
3316 1285 3571 1342 eamque
3613 1266 3827 1326 dictio-

2188 1360 2280 1420 nis
2300 1360 2643 1421 charactere
2680 1367 2735 1420 et
2764 1357 3076 1419 sententiis
3104 1375 3238 1418 cum
3285 1355 3546 1435 Epistola
3574 1355 3643 1416 ad
3698 1352 3824 1416 He-

2190 1452 2379 1511 braeos
2413 1449 2736 1527 plurimum
2769 1449 3085 1510 convenire
3123 1464 3134 1507 :
3171 1465 3303 1526 quae
3349 1445 3547 1505 omnia
3600 1445 3696 1505 hic
3731 1445 3829 1505 lu»

2188 1537 2593 1599 culentissiwe
2624 1546 2936 1617 apparent.
2961 1536 3203 1607 Qualem
3238 1553 3374 1595 vero
3402 1533 3715 1612 epistolam
3754 1535 3827 1595 il-

2189 1626 2304 1687 lam
2336 1625 2655 1705 Eusebius,
2694 1626 2867 1686 talem
2902 1633 2961 1687 et
2989 1627 3053 1685 S.
3080 1621 3545 1704 Hieronymus‘9
3573 1642 3702 1683 eam
3730 1642 3835 1683 uo.

2195 1715 2283 1775 bis
2313 1715 2630 1795 descripsit
2661 1733 2674 1777 :
2703 1724 2764 1776 ut
2796 1714 3045 1794 proinde
3076 1722 3279 1773 nostra
3310 1715 3431 1774 haec
3454 1714 3526 1774 ab
3558 1712 3653 1774 illa
3698 1731 3834 1791 quae

467 1812 556 1866 est
579 1822 649 1865 ex
672 1804 864 1883 prima
880 1804 1041 1865 Petri
1062 1806 1327 1885 Epistola
1348 1806 1702 1886 deprompta
1722 1808 1878 1867 haud
1898 1826 2102 1887 pauca,
2132 1813 2167 1861 Β
2189 1800 2552 1883 Hieronymo
2590 1804 2662 1865 ad
2696 1822 2931 1864 manum
2965 1801 3252 1882 fuit,nihil
3276 1800 3595 1864 abeat.Sed
3623 1810 3681 1861 et
3701 1820 3835 1881 quae

464 1911 596 1974 qua:
616 1893 771 1954 idem
795 1893 1087 1956 Eusebius
1108 1904 1437 1956 notaverat:
1460 1897 1910 1976 deprehendere
1931 1897 2105 1958 deni-

470 2002 585 2061 que
615 1997 706 2045 est
737 1983 880 2044 illud
906 2002 1104 2057 omne,
1132 1985 1287 2064 quod
1313 1984 1581 2058 Photius,
1618 1986 2108 2047 accuratissimus

474 2071 760 2134 librorum
795 2091 1029 2147 censor,
1067 2073 1127 2135 in
1166 2074 1319 2135 lecta
1353 2075 1659 2155 Polycarpi
1693 2076 1940 2155 epistola
1971 2076 2105 2136 ani—

470 2162 1095 2238 madverterat,multz's
1115 2165 1413 2225 nimirum
1438 2169 1717 2241 refertam
1735 2166 2106 2227 admonitio-

470 2252 672 2330 nibus,
736 2256 869 2326 μετὰ
948 2256 1234 2332 σαφηνείας
1303 2256 1388 2310 καὶ
1468 2254 1768 2321 ἁπλότητος
1828 2257 1963 2312 κατὰ
2018 2259 2109 2311 τὸν

474 2341 919 2409 ἑκκὶησιαστικὸν
975 2348 1075 2408 τῆς
1134 2345 1414 2421 ἑρμηνείας
1470 2346 1659 2423 τύπον,
1711 2344 1992 2423 quodque
2050 2344 2108 2404 in

470 2448 540 2492 ea
574 2429 728 2491 dicat
757 2437 964 2490 auctor
992 2449 1054 2492 se
1073 2431 1306 2511 Ignatii
1327 2433 1607 2509 epistolas
1638 2432 1719 2494 ad
1748 2434 2113 2513 Philippen-

465 2536 557 2580 ses
583 2524 1159 2599 niz'sisse,pete1'eque
1180 2521 1255 2582 ab
1281 2523 1413 2582 illis
1434 2522 1677 2583 edoceri
1697 2527 1753 2582 si
1773 2524 1919 2601 quid
1940 2524 2013 2583 de
2043 2541 2109 2585 eo

468 2608 816 2671 inaudiant.
850 2608 1101 2683 Horum,
1135 2609 1401 2688 inquam,
1437 2610 1701 2670 omnium
1735 2612 2107 2673 desideratur

470 2698 645 2759 nihil.
681 2697 768 2760 Ad
802 2699 939 2778 hoc,
964 2697 1159 2778 ipsum
1181 2698 1461 2777 Epistolas
1478 2700 1785 2761 exordium
1821 2703 2101 2777 ostendit,

477 2786 756 2867 scriptam
788 2786 972 2867 illam,
1006 2808 1122 2867 quo
1174 2798 1444 2870 tempore
1474 2806 1592 2853 non
1644 2793 1817 2851 unius
1855 2792 2106 2853 exsertis

475 2876 739 2955 episcopi
769 2876 829 2936 in
866 2894 1045 2938 manu
1068 2877 1351 2941 Ecclesiae
1381 2887 1507 2940 erat
1522 2880 1971 2954 administratio,
2000 2885 2103 2944 sed

473 2966 776 3028 communi
818 2966 1299 3046 presbyterorum
1350 2969 1603 3030 consilio
1657 2978 1714 3031 et
1758 2971 2107 3032 auctoritate

473 3054 675 3117 omnia
695 3063 1085 3133 regerentur:
1117 3057 1273 3136 quod
1296 3076 1412 3118 non
1440 3058 1539 3119 diu
1570 3066 1699 3139 post
1722 3060 2104 3139 l’olycarpum

2190 1893 2345 1954 idem
2378 1892 2842 1973 S.Hieronymus
2858 1890 2913 1934 ²⁰
2933 1892 3116 1953 semel
3146 1891 3482 1971 iterumque
3506 1910 3572 1952 ex
3602 1892 3802 1969 Episto
3824 1928 3837 1937 ο

2190 1983 2246 2044 la
2270 1982 2366 2042 illa
2397 1982 2454 2042 in
2488 1980 2749 2043 medium
2781 1981 3135 2057 aﬂ‘ert,haud
3173 1981 3230 2041 in
3266 1989 3462 2041 nostra
3492 1981 3835 2041 desideran-

2191 2081 2291 2131 tur
2325 2088 2337 2132 :
2375 2071 2620 2150 perinde
2649 2081 2714 2133 ut
2743 2072 2841 2132 hic
2873 2072 3172 2151 reperitur
3198 2070 3372 2131 etiam
3412 2069 3511 2130 illa
3544 2068 3833 2149 plirenicis

2191 2163 2888 2239 commemoratio,quam
2908 2179 2977 2222 ex
3002 2159 3323 2221 Clementis
3348 2159 3594 2237 epistola
3623 2159 3839 2239 produ-

2191 2250 2271 2312 cit
2309 2250 2558 2330 Cyrillus
2611 2250 3187 2331 Hierosolymitanus
3207 2247 3285 2311 ἰ.
3318 2247 3493 2311 Omni
3547 2267 3613 2309 ex
3669 2257 3837 2328 parte

2192 2358 2426 2419 quoque
2446 2341 2782 2401 nostrahwc
2804 2341 3129 2419 respondet
3152 2341 3237 2401 illi
3258 2339 3641 2418 descriptioni
3660 2356 3836 2417 quam

2192 2428 2434 2490 Photius
2465 2430 2521 2489 in
2547 2428 2917 2491 Bibliotheca
2946 2430 3501 2507 habet,argumento
3533 2427 3838 2505 videlicet,

2193 2519 2454 2579 dictione
2484 2527 2547 2581 et
2576 2520 2845 2580 doctrina
2878 2519 2953 2580 de
2979 2519 3187 2579 Inundi
3223 2528 3387 2578 trans
3422 2535 3723 2579 occasum.
3764 2517 3840 2576 de

2192 2608 2477 2671 Phoenice
2508 2617 2568 2670 et
2592 2609 2666 2671 de
2698 2608 2914 2669 Christi
2953 2607 3491 2688 persona.Tantum
3516 2608 3686 2667 deest
3709 2606 3833 2666 for-

2194 2698 2365 2758 tassis
2389 2698 2545 2777 quod
2579 2696 2640 2761 S.
2697 2698 2961 2760 Justinus
2994 2708 3211 2777 martyr
3231 2696 3303 2775 99,
3336 2698 3456 2756 sive
3515 2696 3649 2775 quis
3684 2695 3835 2757 alius

2189 2797 2395 2849 auctor
2410 2789 2892 2868 Responsion.ad
2923 2789 3313 2849 orthodoxex
3348 2785 3716 2866 Epistolailla
3738 2804 3830 2846 re-

2191 2877 2608 2957 fert,quodque
2639 2897 2745 2939 ceu
2778 2878 3070 2938 Clementi
3094 2877 3314 2938 dictum
3348 2876 3545 2938 laudat
3575 2876 3827 2937 Basilius

2190 2966 2259 3026 ad
2282 2965 3023 3046 Amphilochium.Verum
3059 2986 3176 3027 non
3207 2974 3296 3028 est
3326 2964 3479 3045 quod
3514 2975 3830 3044 propterea

2192 3057 2436 3133 sequius
2467 3060 2861 3135 susliicemur,
2887 3074 3021 3116 cum
3041 3064 3293 3132 quatuor
3314 3054 3540 3133 integra
3562 3054 3697 3115 folia
3730 3074 3833 3115 no-

477 3145 741 3207 mutavit.
768 3146 885 3207 Sed
908 3154 967 3209 et
990 3146 1191 3208 videre
1207 3157 1296 3209 est
1321 3147 1593 3210 damnata
1616 3150 1828 3227 placita
1848 3152 2107 3213 Marcio-
2128 3182 2167 3231 ο
2194 3144 2285 3206 bis
2318 3146 2527 3205 deesse
2560 3154 2813 3208 testetur
2835 3146 2887 3207 is
2900 3146 2993 3206 cui
3021 3144 3344 3205 editionem
3371 3145 3618 3223 primam
3649 3144 3801 3205 debe
3819 3178 3833 3188 -

474 3234 567 3296 nis
614 3235 690 3298 de
737 3252 916 3297 carne
964 3243 1023 3298 et
1070 3236 1347 3315 passione
1398 3237 1637 3317 Christi,
1672 3242 2110 3301 resurrectione

474 3326 614 3387 item
648 3336 707 3385 et
732 3324 960 3403 judicio
994 3331 1391 3399 mortuorum,
1418 3326 1699 3407 illamque
1720 3330 1869 3389 adeo
1895 3330 2111 3389 solem-

471 3432 607 3475 nem
642 3421 699 3474 et
731 3413 833 3473 uni
863 3413 950 3474 illi
995 3416 1235 3495 martyri
1286 3417 1586 3495 propriam
1623 3419 2105 3499 detestationem,

474 3519 589 3582 qua
618 3501 852 3563 obviam
884 3504 995 3563 sibi
1027 3501 1231 3566 Romae
1274 3506 1491 3565 factum
1536 3506 1897 3567 Marcionem
1931 3526 2107 3568 exce-

475 3592 635 3672 pisse
660 3589 1074 3673 Polycarpum,
1110 3596 1446 3673 npw'coro'xou
1495 3594 1721 3656 scilicet
1751 3606 1841 3652 τοῦ
1874 3606 2103 3671 Σατανᾶ,

474 3691 763 3743 memorat
793 3684 1055 3744 Irenwus
1080 3682 1154 3742 45.
1183 3682 1265 3744 Ex
1294 3684 1562 3757 adverso,
1599 3685 1818 3763 quibus
1850 3685 2105 3759 Flacius,

478 3788 739 3847 eumque
753 3770 1328 3852 secutialii,dubiam
1342 3773 1933 3855 reddereEpistolam
1950 3777 2108 3837 illam

478 3868 805 3944 tentavere,
836 3861 978 3924 talia
1007 3870 1145 3923 sunt
1190 3872 1253 3924 ut
1308 3863 1369 3924 in
1423 3865 1800 3925 commodum
1856 3867 2109 3944 συλλογι-

477 3943 613 4015 σμὸν
640 3940 869 4004 referre
898 3960 1179 4022 nequeas,
1213 3944 1483 4025 quamvis
1515 3946 1769 4006 coneris.
1806 3940 2112 4027 Simplicii-

478 4038 571 4093 ιω
605 4038 768 4093 certe
798 4030 1075 4093 dictionis
1107 4043 1164 4094 et
1192 4032 1595 4095 inelaboratus
1623 4053 1845 4109 sermo,
1871 4055 2008 4113 quae
2028 4036 2111 4100 illi

473 4127 1077 4201 causantur,arguunt
1091 4122 1284 4202 potius
1304 4141 1337 4183 a
1350 4123 1699 4203 postolicam
1717 4134 1952 4186 aetatem
1972 4127 2116 4187 scri-

477 4209 957 4290 ptionemque,ut
976 4230 1111 4287 quae
1136 4212 1239 4272 uni
1261 4212 1347 4273 illi
1370 4214 1702 4293 tempestati
1729 4224 1787 4276 et
1809 4215 1952 4275 solis
1973 4233 2087 4297 apo
2106 4256 2111 4259 -

471 4299 662 4374 stolis,
699 4317 1027 4381 eorumque
1058 4300 1367 4381 discipulis
1396 4302 1719 4365 familiaria
1749 4304 1988 4366 fuerint.

554 4391 667 4450 Par
692 4389 844 4450 ratio
878 4398 967 4450 est
994 4389 1379 4453 Clementinae
1411 4392 1572 4453 illius
1594 4392 1872 4473 Epistola;
1894 4397 1963 4456 ad
1993 4397 2112 4456 Co-

2198 3252 2347 3313 mus,
2376 3234 2663 3296 Patricius
2683 3232 2897 3296 Junius
2934 3254 2946 3295 :
2983 3245 3042 3295 et
3072 3233 3323 3295 Basilius
3354 3234 3497 3307 (sive
3526 3233 3676 3293 alius
3701 3231 3838 3294 libri

2193 3325 2352 3385 illius
2374 3324 2649 3402 scriptor)
2697 3324 2798 3385 illa
2829 3343 2934 3385 sua
2966 3344 3035 3385 ex
3087 3325 3197 3386 hac
3248 3322 3505 3402 Epistola
3539 3325 3689 3385 forte
3722 3342 3839 3383 non

2196 3414 2573 3493 prompserit.
2610 3413 2763 3473 Nihil
2795 3432 2936 3474 sane
2987 3431 3054 3474 ex
3112 3413 3275 3473 omni
3322 3412 3669 3491 antiquitate
3700 3432 3836 3492 pro-

2194 3504 2434 3565 duxeris
2456 3502 2530 3563 de
2563 3502 2882 3565 Clementis
2908 3504 3006 3563 illa
3036 3521 3319 3582 germana
3351 3502 3638 3581 Epistola,
3673 3504 3831 3583 quod

2195 3594 2403 3654 merito
2427 3611 2601 3671 quem
2636 3593 2844 3654 fecerit
2868 3592 2942 3653 de
2974 3602 3174 3653 nostra
3197 3591 3492 3653 dubitare.

2272 3680 2403 3744 Jam
2439 3700 2582 3743 vero
2607 3700 2737 3742 cum
2773 3699 2915 3742 cura
2950 3690 3207 3742 nostram
3241 3682 3392 3741 hanc
3423 3681 3641 3759 legenti
3688 3680 3833 3743 nihil

2195 3771 2453 3832 occurrit
2474 3771 2652 3831 fucati
2674 3780 2775 3832 aut
2805 3770 3038 3831 subdoli
3081 3791 3095 3845 ;
3127 3778 3184 3831 et
3215 3780 3413 3831 tamen
3441 3772 3640 3830 omnia
3669 3771 3827 3831 refe--

2196 3869 2332 3920 runt
2363 3860 2535 3940 plane
2560 3860 2882 3939 apostolica
2902 3860 3542 3939 tempora.charactere
3574 3859 3834 3921 scriben-

2196 3950 2279 4024 di,
2316 3958 2373 4011 et
2394 3949 2661 4011 doctrina
2692 3949 2840 4029 ipsa.
2900 3948 3065 4021 Quod
3116 3950 3284 4009 firmo
3322 3957 3411 4009 est
3462 3957 3834 4026 argumento,

2198 4040 2403 4100 saltem
2430 4058 2498 4101 ex
2527 4039 2625 4100 illo
2656 4058 2775 4100 aevo
2808 4040 2878 4099 ad
2908 4058 3018 4099 nos
3062 4038 3383 4118 Epistolam
3418 4038 3578 4099 illam
3642 4057 3843 4117 perve-

2200 4128 2498 4207 nisse,etsi
2526 4129 2601 4189 de
2648 4136 2885 4190 auctore
2919 4127 3067 4189 forte
3100 4146 3214 4188 non
3261 4136 3579 4189 constaret.
3636 4126 3843 4189 Sermo

2195 4236 2338 4279 sane
2374 4218 2421 4278 is
2451 4228 2560 4290 est,
2596 4218 2830 4296 qualem
2855 4236 3123 4278 summus
3146 4217 3386 4279 criticus
3413 4216 3661 4277 Photius
3686 4218 3813 4293 judi

2197 4306 2374 4387 cavit,
2458 4308 2654 4370 ἁπλοῦς
2748 4308 2880 4363 κατὰ
2954 4307 3053 4373 τὴν
3110 4308 3294 4385 φολίσιν
3365 4308 3453 4361 καὶ
3504 4308 3698 4385 σαφὴς,
3756 4309 3842 4363 καὶ

2197 4397 2352 4475 ἐγγὺς
2415 4405 2505 4453 τοὺ
2537 4396 2977 4463 ἐκκ)τ,σιαστικοῠ
3012 4402 3353 4473 χιχρκκτῖερος
3382 4413 3401 4470 ,'
3453 4403 3611 4454 extra
3644 4405 3839 4454 autem

473 4478 937 4589 rinlthios,quam
965 4498 1033 4541 ex
1057 4481 1459 4543 vetustissimo
1483 4482 1886 4545 Alexandrino
1912 4484 2115 4546 codice
2143 4541 2180 4589 ο
2201 4487 2453 4565 primum
2480 4486 2623 4547 illud
2659 4485 2939 4547 Ecclesiae
2958 4501 3144 4545 aevum
3172 4484 3386 4543 frustra
3410 4484 3654 4543 formam
3678 4484 3837 4543 illam

475 4567 650 4630 nobis
666 4586 783 4629 non
805 4568 955 4630 adeo
980 4570 1213 4649 pridem
1233 4571 1522 4634 Patricius
1546 4572 1753 4634 Junius
1774 4573 1859 4633 vir
1885 4575 2112 4647 clariss,

475 4659 1024 4740 commnnicavit,et
1050 4667 1106 4721 tu
1133 4660 1310 4721 hodie
1335 4679 1406 4721 ex
1424 4660 1788 4722 Londinensi
1810 4663 1971 4742 expri
1984 4663 2115 4724 mis.

472 4746 662 4808 Etiam
686 4748 785 4810 hic
814 4748 974 4809 enim
1000 4750 1265 4811 invenire
1290 4758 1400 4829 est,
1430 4768 1561 4829 qua:
1591 4769 1722 4811 cum
1747 4751 1822 4812 de
1855 4751 1973 4823 illa,
1997 4761 2117 4813 tum

475 4857 547 4901 ex
583 4838 684 4900 illa
713 4848 944 4903 veteres
988 4859 1196 4903 omnes
1256 4842 1667 4920 prodiderunt.
1723 4842 2122 4905 Observamus

472 4947 617 4991 sane
642 4936 701 4993 et
725 4931 909 4987 στάσιν
941 4933 1035 4987 οὒκ
1067 4932 1255 5008 ὀλίγην
1288 4931 1559 4992 Corinthi
1594 4940 1783 4993 ortam
1820 4932 1977 4993 inter
2006 4932 2112 4993 fra-

473 5028 618 5099 tres,
656 5037 1038 5099 progressum
1073 5019 1357 5080 nimirum
1398 5020 1471 5081 ad
1502 5020 1616 5080 vim
1652 5030 1709 5081 et
1740 5021 2118 5098 bellum,sive

470 5108 705 5172 duella:
734 5108 1083 5171 etBomanaa
1104 5108 1534 5183 Ecclesiae,non
1565 5118 1758 5170 autem
1787 5113 1963 5171 unius
1988 5110 2115 5172 Cle-

472 5197 691 5259 mentis
714 5201 957 5261 nomine
981 5206 1251 5260 exaratas
1273 5198 1499 5260 litteras
1528 5219 1543 5275 ;
1572 5218 1789 5280 easque
1810 5200 1881 5260 ad
1906 5218 2109 5280 pacem

471 5293 532 5348 et
553 5288 933 5350 concordiam
959 5287 1294 5352 Corinthios
1316 5289 1645 5365 ﬂectentes,
1682 5299 2107 5351 memorantes-

469 5394 586 5457 que
605 5394 810 5439 eorum
832 5379 1009 5441 ﬁdem
1022 5428 1036 5454 ,
1057 5396 1232 5461 quam
1245 5387 1526 5441 recenter
1542 5378 1616 5441 ab
1631 5379 1912 5459 apostolis
1931 5397 2107 5442 acce-

537 5579 593 5624 N
623 5581 752 5646 Lib.
784 5599 849 5645 ιιι
880 5584 1062 5662 Hist,
1090 5602 1145 5649 c.
1178 5584 1279 5657 36;
1314 5585 1355 5646 l.
1386 5601 1468 5662 IV,
1502 5603 1555 5646 c.
1591 5584 1685 5648 14.

460 5662 600 5806 ιξῖὶ
621 5665 827 5747 ἀρχῶν.
913 5661 968 5705 ¹⁸
997 5663 1125 5733 Lib.
1160 5680 1232 5755 ⁴ιιι
1263 5664 1424 5727 Hist.
1459 5683 1519 5756 ο..
1566 5662 1638 5723 1-2
1693 5671 1753 5725 et
1809 5661 1906 5735 3:2.

601 5745 760 5810 tecti.
784 5746 885 5808 18.
964 5741 1027 5787 ³³
1048 5745 1237 5827 Resp.
1269 5745 1349 5810 74
1377 5745 1585 5826 Barth,
1626 5760 1681 5808 c.
1714 5745 1815 5808 29.

1772 5581 1825 5625 ‘5
1860 5586 1994 5646 Loo.
2051 5585 2207 5645 citat.

1997 5661 2049 5707 ‘9
2095 5664 2185 5728 De
2222 5668 2502 5748 scriptor.

2203 4574 2502 4636 scribendi
2544 4576 2875 4655 quaesieris.
2913 4576 3009 4636 Sic
3044 4574 3197 4653 quod
3261 4574 3510 4652 epistola
3561 4575 3843 4634 Romanae

2204 4663 2504 4734 Ecclesiae,
2537 4683 2653 4724 non
2687 4682 2824 4724 vero
2858 4662 3119 4743 episcopi
3157 4672 3213 4721 et
3239 4663 3713 4741 presbyterorum
3742 4672 3843 4720 aut

2205 4755 2467 4834 episc0pi
2504 4756 2683 4815 solius
2731 4753 2971 4815 nomine
3003 4764 3235 4813 exarata
3297 4766 3404 4828 est,
3471 4753 3639 4812 alteri
3691 4752 3845 4813 mtati

2207 4864 2377 4925 quam
2410 4844 2515 4904 soli
2550 4844 2888 4921 apostolicae
2915 4863 3027 4902 non
3063 4844 3359 4903 convenit:
3401 4842 3673 4921 paulatim
3711 4860 3845 4901 cre-

2202 4944 2405 4995 scente
2437 4934 2785 4994 auctoritate
2830 4936 3082 5011 primum
3133 4933 3365 5010 collegii
3403 4931 3843 5010 presbyteralis,

2200 5024 2339 5084 inde
2375 5024 2547 5084 unius
2571 5027 2856 5102 episcopi,
2890 5034 2945 5082 et
2969 5023 3188 5083 sensim
3225 5042 3257 5081 a
3291 5022 3594 5082 curatione
3646 5038 3846 5080 sacra-

2204 5130 2329 5172 rum
2368 5129 2567 5172 rerum
2618 5120 2844 5173 remoto
2882 5116 3118 5191 pOpulo.
3159 5109 3424 5189 Sequens
3450 5113 3624 5170 etiam
3660 5127 3843 5169 zevum

2202 5200 2371 5280 longe
2403 5201 2668 5261 aliterde
2705 5218 2957 5281 persona
2991 5200 3207 5261 Christi
3246 5205 3501 5259 locutum
3540 5209 3619 5258 est
3658 5219 3669 5259 :
3706 5217 3841 5257 cum

2197 5291 2291 5351 hic
2320 5310 2432 5351 non
2467 5292 2589 5351 fere
2622 5296 2733 5351 alia
2757 5290 3229 5370 reperias,quam
3267 5290 3363 5349 illa
3383 5289 3598 5369 quibus
3630 5286 3842 5349 S.l’au'

2195 5381 2285 5441 lus
2315 5388 2401 5442 est
2425 5379 2814 5441 usus.Videre
2838 5380 3016 5441 etiam
3047 5380 3138 5439 hic
3173 5389 3255 5439 est
3282 5379 3338 5438 in
3375 5378 3585 5439 ordine
3617 5379 3841 5438 hierar-

2295 5584 2347 5672 ¹⁴ξ
2372 5585 2502 5648 Lib.
2549 5602 2643 5672 tu,
2697 5604 2749 5672 ο.
2818 5587 2911 5647 l3.
2998 5582 3047 5625 ¹’¹
3076 5583 3219 5672 Lib.
3267 5600 3323 5646 iv
3374 5582 3771 5672 Strom.;ﬁlih.
3806 5597 3846 5642 ιι

2590 5662 2647 5716 ³ο
2705 5667 2770 5729 lu
2819 5683 2949 5747 cap.
3006 5681 3081 5727 LII
3112 5663 3247 5728 lsai.
3284 5671 3342 5726 et
3369 5681 3502 5744 cap.
3536 5680 3590 5726 ιν
3626 5662 3845 5745 Ephes.
