4060 6362
150 334 241 400 53

1428 337 1797 403 PROCEMIA
1840 338 2271 405 VARIORUM.

3465 337 3546 407 54

146 473 335 537 chico
368 478 669 539 numerari
703 496 824 539 non
870 477 1018 540 alios
1039 496 1216 560 quam
1248 476 1560 557 episcopos
1591 483 1649 536 et
1677 474 1809 536 dia-
1833 481 1871 531 Α
1899 481 2099 535 mento
2130 474 2547 557 deprehendas
2577 476 2736 556 quod
2768 476 3015 541 Photius
3042 474 3285 553 notavit,
3320 491 3539 555 nempe

140 582 366 645 conos,
402 568 669 647 episcopi
700 567 943 629 nomine
974 585 1184 628 omnes
1222 565 1606 647 presbyteros
1632 582 1801 626 com-

142 654 562 726 prehendente
596 676 608 714 :
640 674 816 718 secus
846 674 1020 737 quam
1052 656 1203 717 infra
1236 655 1559 736 apostolica
1589 662 1645 715 et
1666 673 1804 734 apo-

140 742 386 805 stolicis
415 745 699 807 viciniora
727 754 994 825 tempora
1015 745 1295 807 obtinuit.
1334 746 1478 806 Huic
1511 745 1609 805 uni
1646 742 1801 805 aatati

139 832 332 893 etiam
367 853 626 913 congrua
655 842 746 897 est
771 834 1197 897 sacriﬁciorum
1220 834 1542 896 celebratio
1567 833 1626 894 in
1653 832 1800 893 Hie-

137 922 577 1001 rosolymitano
611 925 1035 1004 templo,cujus
1066 925 1192 985 haec
1224 923 1487 1004 Epistola
1512 921 1796 983 meminit.

146 1009 343 1072 Multa
372 1013 488 1075 alia
520 1032 638 1075 non
670 1013 965 1076 simulatae
989 1013 1300 1075 vetustatis
1324 1012 1545 1073 indicia
1562 1029 1804 1089 conges-

146 1098 235 1159 sit
265 1102 432 1181 Hugo
465 1103 726 1175 Grotius,
760 1102 849 1163 vir
878 1120 1168 1182 summus,
1192 1101 1443 1181 epistola
1464 1101 1713 1182 quadam
1730 1102 1802 1162 ad

149 1187 581 1272 Hieronymum
616 1192 1000 1271 Bignoniam,
1026 1210 1159 1273 qua;
1190 1192 1250 1253 in
1296 1191 1451 1252 libro
1472 1191 1801 1271 Epistolar.

146 1279 239 1341 ad
270 1280 482 1344 Gallos
529 1290 617 1344 est
644 1298 779 1344 CLIV
812 1302 826 1342 :
864 1300 996 1361 quae
1041 1300 1160 1342 non
1206 1299 1443 1361 possum
1490 1299 1608 1340 non
1666 1298 1805 1359 pro-

148 1364 305 1429 bare
340 1388 353 1430 :
385 1368 497 1431 nisi
522 1370 577 1429 in
608 1389 679 1431 eo
721 1370 1003 1431 erraverit
1033 1369 1133 1429 ille
1166 1373 1193 1425 ὸ
1243 1371 1399 1441 πάνυ,
1436 1368 1595 1445 quod
1628 1379 1804 1446 neget

142 1456 525 1519 Clementem
545 1459 771 1540 aliquid
784 1476 858 1522 ex
879 1458 1380 1538 Evangeliis,quze
1401 1457 1800 1538 appellamus,

140 1543 498 1622 adduxisse,
526 1568 659 1610 cum
691 1558 889 1611 tamen
921 1565 995 1611 ex
1045 1546 1108 1611 S.
1160 1550 1337 1611 Lucas
1366 1566 1498 1628 cap.
1530 1564 1591 1609 γι
1619 1546 1804 1609 verba

146 1636 397 1697 Domini
450 1637 638 1699 nostri
691 1638 811 1699 sint
858 1637 1133 1717 repetita.
1169 1635 1320 1699 Satis
1349 1653 1493 1698 vero
1525 1634 1613 1697 vel
1640 1635 1742 1697 illa
1771 1654 1805 1697 a

146 1724 331 1786 nobis
354 1726 681 1789 allatasunt
712 1726 878 1808 paria
898 1726 1267 1788 vindicandae
1291 1744 1413 1787 sua:
1434 1724 1701 1802 dignitati
1719 1725 1805 1786 illi

1888 566 2152 621 νουθεσίαν
2182 568 2268 622 καὶ
2301 568 2600 641 παραίνεσιν
2632 567 2929 637 κρείττονος
2961 569 3097 642 βίου,
3135 569 3220 623 atati
3279 567 3330 622 ἰν
3381 567 3529 645 ἆρχῆ

1886 655 1945 708 τὸ
1976 655 2225 732 κήρυγμα
2255 664 2479 734 Χριστοῦ
2529 668 2620 717 τοῦ
2671 664 2820 714 Θεοῦ.
2860 654 3081 731 Solam,
3117 655 3420 726 nimirum,
3456 654 3532 714 il-

1886 738 2000 800 lam
2056 742 2305 822 primam
2360 764 2492 806 cum
2553 746 2718 807 omni
2778 744 3129 825 antiquitate
3187 761 3535 824 germanam

1887 850 2142 905 agnosco
2183 853 2198 892 :
2232 834 2476 895 alteram
2513 854 2630 896 non
2683 834 2851 915 item,
2888 836 2998 896 etsi
3058 836 3135 896 sit
3190 840 3441 906 vetusta,
3476 839 3536 894 et

1888 917 2062 998 longe
2092 922 2355 984 melioris
2386 935 2565 1004 noun,
2595 936 2773 1005 atque
2824 932 2960 987 sunt
3012 924 3129 986 illae
3171 943 3304 1005 quae
3356 922 3534 1001 vulgo

1888 1009 2045 1086 apud
2084 1011 2322 1073 Latinos
2354 1013 2676 1076 Clementis
2730 1016 2975 1076 nomine
3004 1014 3527 1075 circumferuntur.

1890 1096 1959 1157 Et
1988 1116 2127 1161 vero
2151 1102 2386 1163 nonnisi
2409 1104 2645 1165 unicam
2679 1122 2712 1164 a
2740 1102 3051 1166 Clemente
3073 1102 3379 1184 epistolam
3402 1118 3533 1181 pro-

1891 1186 2101 1249 fectam
2136 1207 2291 1265 esse,
2322 1192 2556 1271 reliqua
2586 1210 2724 1254 vero
2756 1192 2981 1269 omnia,
3016 1210 3150 1271 quae
3197 1193 3322 1253 sive
3373 1188 3531 1253 Con-

1888 1276 2256 1340 stitutionum
2314 1280 2796 1361 apostolicamm,
2844 1283 2965 1343 sive
3011 1280 3532 1360 Recognitionum,

1888 1364 2010 1426 sive
2043 1368 2424 1447 epistolarum
2482 1372 2725 1435 nomine
2753 1374 3016 1447 veniunt,
3054 1371 3292 1434 mentiri
3321 1378 3531 1433 aucto-

1886 1472 2035 1529 rem,
2074 1457 2161 1518 vel
2189 1457 2332 1520 illud
2364 1480 2548 1521 unum
2593 1478 2699 1541 pro
2725 1461 3061 1525 sufﬁciente
3093 1468 3183 1523 est
3211 1478 3533 1539 argumen-

1887 1552 1969 1618 to,
2003 1545 2158 1625 quod
2193 1549 2257 1608 S.
2290 1547 2555 1612 Irenaeus
2598 1550 2839 1613 nonnisi
2871 1550 3105 1612 unicam
3136 1548 3297 1611 illam
3336 1547 3534 1610 laudet

1886 1633 1947 1694 in
1978 1634 2238 1698 veritatis
2268 1639 2581 1702 cathollcze
2611 1641 3042 1715 testimonium,
3090 1640 3232 1702 dum
3263 1638 3532 1700 studiose

1889 1733 2185 1802 oppugnat
2208 1726 2927 1810 haereses,episcoporum
2952 1728 3357 1792 Romanorum
3383 1747 3532 1790 con-

148 1823 377 1877 nostra:
408 1817 671 1897 epistolae
704 1837 718 1880 :
753 1834 945 1897 eoque
976 1814 1124 1876 nihil
1154 1814 1363 1876 attinet
1393 1814 1558 1894 plura
1582 1813 1643 1875 in
1666 1832 1804 1875 con-
1828 1848 1867 1898 Β
1890 1830 2090 1877 sensu.
2120 1815 2244 1875 Imo
2278 1817 2423 1878 tanti
2453 1825 2543 1880 est
2570 1818 2805 1881 roboris
2835 1818 2939 1881 illa
2967 1819 3179 1882 lrenaei
3220 1836 3533 1881 commen-

148 1903 557 1966 ﬁrmationem
590 1926 749 1967 nunc
782 1903 1217 1986 producere.El
1246 1922 1389 1966 sane
1407 1902 1511 1963 tibi
1534 1902 1801 1983 quidem,

146 1994 236 2053 mi
272 1994 545 2076 Madeve,
570 1995 825 2057 fortasse
848 1994 992 2055 satis
1023 2002 1111 2055 est
1142 1993 1227 2067 id,
1262 1992 1416 2073 quod
1444 1992 1684 2054 nemine
1702 1991 1805 2053 ad-

142 2092 428 2146 versante
457 2103 668 2146 omnes
697 2082 965 2162 omnino,
989 2100 1172 2163 penes
1202 2100 1350 2163 quos
1375 2080 1553 2143 hodie
1582 2081 1805 2144 critica:

142 2188 411 2250 regnum
446 2182 557 2254 est,
588 2172 911 2254 Epistolam
946 2174 1100 2234 hanc
1130 2180 1191 2234 ut
1213 2189 1555 2250 germanam
1580 2169 1803 2232 admit-

146 2270 301 2322 tant.
336 2260 554 2333 Quidni
581 2264 739 2324 enim
779 2269 901 2323 tuto
926 2260 1197 2342 sequaris
1228 2261 1338 2322 hac
1360 2260 1418 2321 in
1449 2278 1516 2321 re
1537 2258 1796 2335 Grotios,

141 2350 497 2418 Salmasios.
536 2352 809 2425 Calixtos,
860 2350 1179 2424 Horneios,
1227 2349 1492 2423 Vossios,
1530 2349 1795 2429 Rivetos,

148 2440 522 2511 Blondellos,
548 2440 858 2515 Seldenos,
888 2439 1180 2513 Petavios,
1206 2437 1801 2518 Patricios,aliosque

141 2548 436 2592 censores
462 2529 749 2592 librorum
780 2527 1223 2592 exactissimos?
1242 2526 1575 2590 Praesertim
1602 2527 1653 2589 si
1687 2545 1798 2588 ne-

144 2638 249 2680 mo
282 2619 521 2682 doctior
536 2619 949 2693 dissentiat,ut
976 2618 1073 2680 hic
1094 2616 1563 2696 dissentit,quod
1586 2616 1796 2692 sciam,

147 2727 356 2772 DORIO.

236 2800 478 2878 Loquor
507 2817 672 2873 vero,
705 2800 786 2860 uti
821 2796 1294 2865 novisti,tantum
1320 2796 1395 2858 de
1418 2794 1679 2875 Epistola
1702 2794 1804 2855 illa

150 2888 479 2961 prolixiore
510 2888 585 2949 ad
617 2887 977 2961 Corinthios,
1015 2906 1135 2948 non
1157 2887 1231 2947 de
1251 2885 1434 2948 altera
1465 2884 1601 2963 ista,
1635 2884 1805 2964 cujus

145 2976 552 3056 fragmentum
569 2977 774 3039 itidem
802 2976 1120 3057 publicavit
1143 2976 1425 3037 Patricius
1447 2974 1547 3035 ille
1564 2974 1791 3036 Junius.
1818 3013 1856 3062 ο

143 3065 504 3146 Quanquam
524 3074 584 3125 et
603 3067 757 3128 hanc
778 3065 1116 3127 existimem
1138 3083 1274 3127 esse
1290 3064 1454 3126 illam
1481 3062 1686 3125 Photio
1708 3064 1796 3125 le-

138 3156 457 3228 ctam,imo
482 3156 643 3216 illam
678 3155 850 3233 cujus
867 3153 1674 3233 Eusebius,Hieronymus,et
1694 3153 1791 3213 alii

140 3246 652 3323 meminerunt,ut
680 3242 970 3306 Clementi
1001 3243 1244 3319 quidem
1277 3243 1501 3305 auctori
1540 3241 1791 3321 tributae,

138 3334 249 3397 sed
314 3352 652 3414 perperam.
706 3331 921 3413 Utique
979 3332 1138 3394 enim
1199 3333 1259 3394 in
1306 3333 1419 3394 hoc
1476 3332 1603 3411 ipso
1634 3332 1791 3409 frag-

1888 1901 2067 1983 datio,
2102 1913 2301 1985 utpar
2349 1907 2424 1968 sit
2467 1908 2838 1985 reliquorum
2887 1908 3066 1971 etiam
3115 1907 3533 1989 episcOporum

1888 1991 2296 2055 Romanorum
2332 1997 2463 2076 ejus
2483 1996 2589 2059 aevi
2614 1996 2903 2078 epistolis,
2924 2015 3069 2079 quas
3088 1995 3352 2060 Isidorus
3373 1999 3533 2061 Mer-

1888 2089 2052 2142 cator
2082 2082 2286 2157 edidit,
2342 2086 2476 2148 falsi
2516 2088 2975 2151 convencendis.
3002 2087 3174 2162 Quod
3196 2087 3363 2149 ulcus
3395 2094 3530 2149 tan-

1886 2187 2030 2245 gere
2061 2188 2177 2231 non
2209 2178 2300 2233 est
2330 2174 2509 2254 hujus
2532 2174 2807 2236 instituti.

1967 2260 2042 2323 Ut
2088 2260 2330 2323 redeam
2364 2263 2538 2342 igitur
2581 2262 2655 2325 ad
2686 2264 2953 2344 epistolae
3004 2266 3183 2343 hujus
3231 2282 3379 2327 meo
3409 2265 3531 2327 ini-

1887 2349 2030 2409 tium
2062 2349 2419 2413 laudabilem
2474 2353 2739 2432 profecto
2794 2372 3038 2435 operam
3100 2361 3342 2434 praestas
3371 2352 3528 2416 bono

1887 2437 2147 2517 publico,
2182 2439 2272 2501 vir
2291 2440 2665 2517 doctissime,
2693 2462 2875 2506 aurea
2928 2443 3027 2505 illa
3075 2442 3383 2525 primitivze
3408 2444 3526 2506 Ec-

1884 2528 2082 2590 clesim
2115 2540 2523 2605 monumenta,
2557 2530 2785 2594 rariora
2810 2534 3053 2596 inventu
3096 2532 3265 2595 hisce
3294 2533 3356 2594 in
3408 2533 3529 2596 oris

1886 2626 1943 2677 et
1976 2617 2181 2696 paucis
2214 2618 2387 2699 lecta,
2424 2620 2647 2684 nostris
2675 2622 2821 2703 typis
2855 2621 3187 2699 publicans.
3232 2623 3365 2686 Non
3387 2640 3531 2702 pos-

1886 2724 2015 2765 sum
2037 2724 2180 2767 sane
2212 2726 2321 2783 ego
2348 2728 2468 2770 non
2499 2710 2605 2772 tibi
2630 2720 2837 2772 auctor
2857 2728 3013 2792 esse,
3045 2712 3107 2773 in
3125 2711 3229 2773 illo
3258 2711 3531 2773 instituto

1887 2804 2126 2857 strenue
2158 2798 2467 2875 pergendi.
2501 2798 2811 2878 Ejusmodi
2843 2801 3047 2880 utique
3075 2801 3293 2882 scripta
3323 2800 3527 2863 volve-

1886 2902 1975 2958 re,
2012 2885 2185 2963 longe
2239 2886 2632 2964 praestabilius
2662 2888 2982 2971 utiliusque
3022 2898 3135 2971 est,
3159 2908 3333 2970 quam
3366 2891 3530 2953 rixo-

1887 2973 1989 3046 sis,
2027 2974 2145 3033 imo
2196 2976 2646 3037 contumeliosis
2691 2976 2912 3040 libellis
2969 2977 3238 3058 legendis
3297 2988 3533 3061 tempus

1882 3065 2312 3143 terere,quales
2334 3066 2458 3127 haec
2482 3075 2682 3128 nostra
2701 3076 2841 3129 astas
2860 3075 3082 3129 aeterna
3116 3088 3251 3131 cum
3281 3070 3523 3132 infamia

1878 3151 2001 3212 edit
2034 3154 2249 3233 passim
2287 3154 2602 3231 plurimos.

1959 3242 2123 3321 Vale,
2170 3242 2250 3301 mi
2278 3243 2542 3324 Madere,
2570 3250 2632 3308 et
2665 3244 2827 3307 salve
2874 3246 3218 3325 plurimum.
3251 3247 3529 3312 Helmes-

1880 3330 2017 3392 tadii
2049 3332 2110 3391 in
2146 3331 2328 3393 Acad.
2362 3333 2520 3396 Julia
2548 3334 2730 3413 1654,
2763 3351 2823 3398 v1
2853 3333 2984 3398 Kal.
3016 3336 3335 3401 Decembr.

630 3724 1442 3852 JOACHIMI
1554 3719 2292 3850 JOANNIS
2390 3722 3053 3855 MADERI

538 3966 543 3969 ’
1023 3984 1179 4076 AD
1259 3976 1931 4074 LECTUREM
2028 3977 2718 4079 PRzEFATlO.

226 4208 517 4290 Properat
545 4216 617 4277 ad
653 4217 952 4290 te,Lector
982 4213 1295 4285 benevole,
1319 4213 1446 4276 haac
1468 4213 1795 4276 Clementis

143 4298 224 4386 ad
248 4303 600 4365 Corinthios
625 4306 873 4386 epistola
894 4308 1195 4373 izstha'tn
1226 4308 1311 4362 xxi
1330 4304 1796 4381 Ozupzsia,juxla

1877 4211 2095 4275 nebula
2127 4231 2321 4295 nuper
2355 4215 2642 4279 voluisset
2671 4214 2999 4294 obducere,
3032 4224 3093 4279 et
3118 4216 3296 4297 hujus
3323 4216 3533 4297 scripti

1878 4304 2203 4380 γνησιότητα
2237 4311 2461 4367 temere
2494 4306 2673 4367 nimis
2730 4314 2904 4387 atque
2940 4306 3381 4369 inconsiderate
3413 4324 3524 4368 ne-

142 4382 437 4453 lrenaaum
474 4404 528 4454 et
552 4382 895 4469 Eusebium,
925 4394 1122 4456 multis
1138 4395 1259 4473 jam
1291 4392 1523 4455 saeculis
1553 4392 1794 4453 desiile-
1824 4409 2044 4471 Dgare.
2080 4390 2236 4453 Sane
2258 4394 2316 4453 in
2348 4395 2685 4457 verminoso
2720 4382 2873 4457 libro
2905 4415 3010 4458 suo
3042 4414 3221 4476 quem
3253 4396 3521 4477 interim,

150 4481 464 4543 rata.Luci
488 4482 645 4545 illam
678 4503 796 4544 non
825 4489 899 4546 ita
934 4483 1161 4562 pridem
1192 4482 1685 4543 donavitrursum
1714 4484 1798 4542 vir

149 4567 525 4632 clarissimus
588 4572 877 4634 Patricius
924 4571 1156 4642 Junius,
1224 4570 1617 4643 serenissimi,
1680 4571 1794 4632 heu

149 4657 477 4738 quondam!
517 4662 946 4723 Britanniarum
981 4662 1140 4741 regis
1170 4660 1677 4732 bibliothecarius,
1704 4662 1796 4721 cui

154 4755 476 4828 propterea
509 4751 792 4813 maximas
818 4759 978 4813 certe
1001 4751 1213 4828 gratias
1234 4749 1798 4820 debemusQuantze

152 4854 298 4898 vero
328 4840 486 4918 apud
518 4849 752 4903 veteres
782 4840 955 4902 fuerit
991 4840 1374 4914 auctoritatis,
1412 4849 1493 4899 tot
1526 4838 1630 4900 tibi
1656 4840 1793 4901 illo--

152 4944 320 5001 rum,
349 4945 496 5007 quos
540 4929 826 5009 deinceps
865 4930 1235 4998 exhibemus,
1270 4938 1599 5007 suggerunt
1624 4930 1792 4989 testi-

138 5016 379 5095 monia;
417 5038 547 5098 qua:
579 5039 692 5080 una
723 5038 855 5080 cum
888 5019 1019 5081 aliis
1050 5019 1410 5099 propheticis
1425 5020 1793 5098 apostolicis-

153 5126 275 5184 que
296 5106 535 5188 scriptis
558 5109 672 5188 legi
696 5109 835 5169 olim
870 5109 929 5169 in
959 5109 1310 5190 quibusdam
1344 5108 1628 5170 Ecclesiis
1651 5108 1795 5169 soli-

158 5197 489 5268 tam,lidem
517 5199 759 5279 faciunt,
789 5198 1113 5280 itidemque
1142 5199 1217 5260 de
1248 5217 1421 5261 causa
1455 5198 1797 5277 scriptionis

156 5299 221 5350 et
238 5287 373 5365 styli
392 5306 613 5365 genere
633 5300 690 5350 te
715 5288 1027 5350 certiorem
1054 5288 1468 5351 reddunt.N0n
1485 5306 1623 5366 ergo
1646 5296 1794 5366 erat,

160 5384 358 5459 quote
378 5379 631 5457 amplius
663 5397 950 5455 morarer,
978 5378 1460 5461 quandoquidem
1497 5395 1794 5458 nunquam

158 5465 587 5531 satislaudatus
601 5467 892 5529 Patricius
916 5486 1021 5530 sua
1036 5467 1108 5529 ad
1124 5469 1432 5530 Lectorem
1455 5465 1798 5546 praefatione

159 5566 420 5621 veterem
452 5557 808 5621 testimoniis
837 5574 1017 5640 supra
1049 5557 1337 5629 subnexa,
1371 5555 1432 5616 in
1464 5554 1712 5635 reliquis
1731 5555 1799 5615 ti-

160 5646 219 5712 bi
249 5653 482 5732 poterat
508 5647 855 5712 satisfacere
886 5666 900 5712 :
934 5648 991 5709 ni
1015 5647 1222 5710 fuisset
1236 5646 1340 5727 qui
1360 5652 1575 5708 tantam
1600 5644 1794 5707 lucem

1882 4480 2021 4540 dum
2056 4480 2129 4542 de
2161 4481 2269 4542 hac
2303 4483 2564 4545 editione
2595 4484 2811 4565 cogito,
2843 4485 2905 4546 in
2937 4486 3143 4566 vulgus
3174 4486 3523 4559 emisit,tam

1880 4570 2163 4631 audacter
2190 4570 2404 4633 famam
2451 4574 2579 4653 ejus
2603 4576 2848 4649 orrodit,
2883 4583 2944 4637 ut
2967 4593 3043 4637 ne
3073 4575 3247 4636 tineis
3281 4574 3522 4655 quidem

1880 4659 2272 4738 trucibusque
2303 4660 2521 4736 blattis,
2557 4682 2689 4745 quae
2740 4664 3023 4726 damnum
3073 4664 3182 4745 ipsi
3234 4665 3359 4744 jam
3388 4671 3527 4726 ante

1880 4765 2177 4808 summum
2214 4749 2955 4826 intulerant,mordacitate
2982 4751 3307 4818 cedaLNec
3328 4760 3529 4815 tamen

1878 4836 2066 4897 virum
2103 4836 2277 4898 istum
2303 4840 2449 4901 alias
2482 4843 2884 4923 magnum,vel
2915 4844 3068 4905 hanc
3093 4841 3527 4922 epistolam,vel

1881 4926 2009 4987 loca
2038 4935 2341 4989 auctorum
2371 4947 2406 4989 a
2435 4930 2647 5010 quibus
2696 4931 3031 4993 testimonia
3061 4930 3266 5010 sumit,
3300 4936 3525 4991 attente

1880 5035 2139 5095 unquam
2167 5034 2305 5078 reor
2325 5016 2543 5097 legisse
2576 5028 2633 5081 et
2660 5021 2846 5101 probe
2875 5019 3268 5094 examinasse,
3301 5017 3407 5079 sed
3437 5017 3526 5079 fu-

1879 5124 2013 5166 cum
2052 5108 2245 5185 potius
2272 5107 2735 5188 simplicioribus
2794 5127 2998 5190 parum
3056 5108 3130 5171 ab
3178 5105 3529 5187 antiquitate

1880 5194 2185 5255 instructis
2214 5194 2410 5256 facere
2441 5198 2722 5263 voluisse.
2760 5200 2835 5261 Ut
2865 5202 3027 5260 enim
3062 5196 3299 5258 silentio
3329 5194 3526 5257 invol-

1880 5303 2008 5344 vam
2042 5285 2243 5345 frivola
2272 5285 2385 5345 ista
2411 5287 2487 5347 de
2521 5287 2707 5349 minio
2739 5289 3075 5368 rubro,quo
3106 5286 3334 5348 lacuum
3350 5283 3413 5347 in
3432 5300 3531 5346 su-

1885 5375 2119 5453 periore
2148 5373 2409 5435 editione
2443 5393 2651 5455 magna
2693 5376 2999 5457 diligentia
3029 5383 3167 5438 sunt
3197 5381 3439 5449 notatae,
3470 5380 3530 5436 et

1882 5480 2010 5543 qua:
2043 5471 2327 5541 praeterea
2353 5463 2429 5525 de
2445 5464 2574 5546 styli
2592 5464 2972 5546 simplicitate
2994 5472 3053 5527 et
3072 5462 3378 5526 incondita
3396 5462 3527 5543 ejus

1880 5553 2249 5617 connexione
2281 5554 2531 5637 profert,
2566 5555 2998 5637 utjamdudum
3028 5554 3143 5637 ipsi
3173 5551 3381 5617 Photio
3410 5551 3525 5615 ob-

1881 5651 2111 5709 servata
2137 5660 2153 5678 ·
2189 5643 2449 5725 primum
2480 5645 2897 5730 imprudenter
2921 5647 3064 5710 satis
3092 5644 3525 5708 consarcinata-
