4060 6362
206 301 299 366 85
1513 305 1883 372 PROCEMIA
1927 306 2351 372 VABIORUM.
3518 307 3598 374 86

631 474 3540 508 Ἢ

1757 603 2058 735 III.

797 846 1023 974 EX
1118 844 1953 1006 EDITIONE
2074 760 2999 984 GALLANDI.

1239 1073 1352 1136 Yet.
1394 1077 1552 1138 Patr.
1587 1078 1625 1137 Ι.
1658 1077 1698 1147 I,
1732 1078 1928 1138 Venet.
1958 1079 2116 1147 1765,
2147 1068 2363 1146 iu-toL,
2396 1093 2451 1151 p.
2473 1080 2578 1152 XI.)

1126 1412 1661 1499 SYNOPSIS
1747 1411 2709 1511 DISSERTATIONIS.

1733 1561 1999 1626 SECTIO
2043 1563 2088 1625 I.

282 1728 320 1784 l.
361 1726 639 1784 Nonnulla
675 1726 738 1782 de
767 1727 1028 1784 Clemente
1068 1726 1128 1798 RV.
1166 1725 1320 1796 cujus
1356 1729 1593 1798 quatuor
1618 1731 1896 1797 supersunt
1934 1723 2186 1795 epistolae.
2219 1722 2290 1778 Et
2309 1724 2554 1795 primum
2576 1725 2874 1798 guidemde
2911 1725 3119 1782 duabus
3147 1724 3220 1782 ad
3248 1725 3579 1784 Corinthios.

199 1797 452 1855 Studium
482 1800 536 1853 in
576 1798 646 1855 iis
671 1798 754 1854 hic
783 1800 976 1855 iterum
1006 1795 1284 1860 evulgatis,
1313 1795 1630 1853 adhibitum.

278 1871 349 1927 II.
383 1870 604 1928 Prioris
650 1871 882 1943 episton
931 1866 1291 1926 Corinthiacus
1311 1868 1631 1940 [mmtantia
1668 1872 1718 1925 et
1741 1867 2031 1939 integritas
2069 1873 2294 1927 asserta.
2347 1868 2672 1940 Conjecturai
2735 1866 2797 1923 de
2834 1867 2985 1925 illius
3027 1869 3451 1942 interpolatione
3475 1884 3583 1928 ea:-

193 1943 382 2070 Pl‘li‘lt.‘
400 2013 726 2071 Posterioris
760 2013 890 2068 item
918 2012 1206 2069 sinceritas
1231 2010 1496 2068 astruitur
1525 2017 1574 2068 et
1601 2010 1980 2082 confirmatur.

273 2085 368 2142 IV.
415 2085 868 2142 Adversariorum
899 2083 1216 2154 objectiones
1253 2083 1534 2139 tolluntur
1563 2100 1577 2139 :
1612 2080 1835 2154 quorum
1864 2082 2040 2154 prima
2070 2099 2099 2140 e
2125 2080 2570 2154 dissimilitudine
2597 2081 2724 2154 styli
2762 2082 3052 2154 desumpta.

273 2157 335 2210 V.
368 2155 532 2213 Falso
561 2157 900 2212 existimatur
927 2152 1028 2214 illa
1065 2154 1234 2227 fuisse
1262 2172 1293 2208 a
1322 2155 1526 2211 sanctis
1564 2152 1828 2212 Patribus
1856 2152 2166 2228 reprobata.
2200 2153 2453 2228 Suspecta
2479 2152 2608 2226 ﬁdes
2637 2152 2880 2211 Eusebii.
2913 2152 3158 2227 Dionysii
3184 2153 3584 2215 Corinthiorum

191 2228 436 2301 episcopi
466 2229 610 2301 locus
647 2228 940 2301 discussus.

271 2299 359 2382 Ill:
377 2296 646 2382 'Eiusdem
668 2299 908 2382 gpistolag
936 2297 1281 2382 cumprime
1292 2312 1603 2382 consensus.
1631 2296 1816 2369 judice
1844 2296 1929 2353 vel
1957 2297 2072 2368 ipso
2100 2297 2315 2355 Photio.

274 2374 294 2414 ‘-
317 2371 382 2428 ll.
424 2368 858 2428 Pseudeustini
887 2370 1028 2426 locus
1064 2368 1337 2427 immerito
1375 2368 1626 2440 objeetus.

267 2443 437 2525 VIII._
452 2444 742 2525 Solvuntur
761 2448 1104 2525 argumenta.
1127 2441 1329 2525 .quibus
1349 2439 1566 2525 ncillam
1590 2441 1892 2525 suspicatur
1920 2441 2208 2525 epistolam
2227 2439 2531 2525 [germanus
2551 2439 2799 2525 _Venema:
2833 2439 3076 2525 Clemeng
3331 2442 3574 2525 gentilis,

191 2531 306 2570 non
331 2513 564 2572 Judteus.
600 2510 1058 2580 Christianismus.
1089 2510 1201 2585 ejus
1239 2519 1413 2581 (etate,
1445 2513 1597 2584 longe
1626 2510 1834 2586 lateque
1862 2510 2206 2585 propagatus.
2248 2513 2508 2584 Epistolas
2541 2513 2566 2568 1
2600 2510 2748 2569 locus
2775 2510 2999 2584 insignis
3028 2512 3093 2568 de
3123 2510 3353 2570 Cliristi
3369 2510 3578 2571 divini-'-

192 2591 301 2643 ωε
331 2592 722 2658 propugnatus.

259 2658 350 2716 IX.
401 2657 616 2716 Tempus
644 2675 742 2716 auo
766 2664 982 2716 utraque
1010 2655 1230 2716 epistola
1267 2655 1476 2716 scripta
1505 2654 1696 2716 fuerit.
1731 2654 1941 2716 inquiri

339 2655 350 2712 ζ
401 2655 616 2729 Tempus
644 2675 742 2730 quo
766 2664 982 2730 utraque
1010 2655 1230 2728 epistola
1267 2655 1476 2727 scripta
1503 2655 1696 2727 fuerit,
1731 2655 2051 2726 inquiritur.

1681 2741 1941 2807 SEllTlO
1986 2743 2057 2806 Il.

263 2847 326 2926 li:
362 2847 616 2926 Ejusdem
643 2845 922 2926 Clementis
951 2844 1209 2926 Epistolis
1299 2845 1381 2926 ad
1418 2842 1660 2926 Virgines
1687 2859 1866 2926 nuper
1911 2843 2088 2926 editae.
2131 2843 2281 2926 Noua
2309 2845 2610 2926 recensione
2651 2845 2739 2926 hic
2778 2843 2948 2926 denuo
2985 2845 3129 2926 typis
3153 2860 3388 2926 excusas.

261 2918 348 2976 Xl.
385 2916 721 2991 Argumenta
757 2916 1165 2991 quibusbarum
1194 2917 1542 2989 epistolarum
1570 2916 1872 2988 ingenuitas
1904 2917 2271 2986 conﬁrmatur,
2303 2918 2421 2974 alia
2451 2917 2929 2985 externa,intsrna
2957 2916 3094 2972 alia.
3141 2916 3445 2990 Epiphanii
3471 2923 3578 2974 tes-

187 2987 777 3048 timonium'emcutilur'
787 3004 850 3045 ac
868 2987 1186 3060 defenditur.

264 3061 388 3143 ΧΠ...
415 3060 804 3143 Testimonium
821 3057 944 3143 item
973 3059 1293 3143 [fierenymi
1321 3074 1618 3143 expensum,
1661 3057 1988 3116 illustratum
2016 3064 2401 3131 assertumgue.
2435 3058 2576 3117 Aliis
2603 3060 2769 3118 etiam
2796 3058 3064 3116 nonnullis
3108 3060 3371 3118 Patribus
3417 3060 3576 3118 anti-

185 3132 684 3207 quioribus‘eoedem
720 3133 952 3207 epistola:
990 3130 1128 3207 baud
1166 3130 1530 3207 incomperta.

263 3204 405 3262 XIII.
446 3201 794 3277 characteres
820 3205 1038 3277 interni
1059 3201 1584 3277 propositi—Aliquot
1609 3201 2650 3277 sentent_iw_Syria_carum_epistolarum,
2685 3203 2742 3258 in
2772 3201 3130 3277 Corinthiacis
3158 3217 3363 3274 quoque
3387 3218 3574 3261 occur-

174 3285 347 3348 runt.
360 3276 576 3348 Eadem
605 3277 880 3348 utrobique
910 3272 1182 3348 scribendi
1218 3281 1266 3331 et
1296 3272 2011 3348 ratiocinandi__methodus._
2033 3272 2207 3348 Mores
2240 3272 2461 3348 denique
2486 3290 2608 3348 pere
2637 3274 2912 3348 apostolici

250 3347 394 3405 XIV.
429 3346 664 3420 Diluitur
687 3348 752 3404 de
781 3343 976 3420 Grapte
1025 3347 1201 3420 cujus
1220 3345 1412 3420 mentio
1461 3345 1604 3420 apud
1651 3343 1914 3420 Hermum,
1947 3344 2227 3420 Clementis
2262 3343 2497 3420 Romani
2541 3343 2726 3420 uxore,
2774 3347 3010 3420 lepidum
3049 3346 3311 3420 Her-mani
3337 3345 3570 3404 Venema

167 3424 551 3476 commentum.
584 3419 708 3476 Duo
736 3414 967 3491 epistolas
1000 3414 1123 3491 la'd
1162 3417 1466 3491 Corinthios
1490 3414 1623 3491 loca
1646 3415 1946 3473 vindicata.
1989 3414 2120 3491 Quos
2161 3433 2284 3474 vero
2349 3417 2652 3489 Virginibus
2699 3414 3093 3484 inscribuntur,
3139 3417 3341 3476 Graecis
3372 3420 3569 3478 litteris

163 3492 346 3559 fuisse
365 3491 601 3564 primum
631 3488 877 3548 exarata:
899 3488 1267 3563 perhibentur,
1301 3489 1547 3547 Ecclesia
1585 3488 1644 3544 in
1673 3502 1808 3561 pace
1839 3489 2151 3545 constituta.

1611 3765 2006 3852 SECTIO
2095 3768 2154 3858 Ι.

1116 3922 1211 3983 DE
1253 3919 1555 3982 DUABUS
1596 3916 1979 3981 EPlSTOLIS
2019 3920 2122 3981 AD
2165 3919 2648 3983 CORINTHIOS.

264 4048 311 4108 ι.
347 4043 622 4107 Clemens
655 4047 976 4126 Romanus,
1011 4054 1348 4106 sanctorum
1371 4045 1606 4106 Patrum
1653 4051 1832 4122 quot-
1857 4051 1892 4098 Α
1917 4043 2201 4121 apostolis
2224 4043 2524 4114 hauserat,
2561 4051 2764 4106 sancte
2793 4043 3144 4108 custoditam
3195 4050 3254 4105 et
3288 4043 3568 4124 religiose

173 4144 328 4217 quot
374 4143 605 4196 exstant
661 4135 1111 4215 vetustissimus,
1165 4151 1360 4214 neque
1413 4152 1530 4194 uno
1589 4132 1830 4192 nomine
1914 4139 2227 4206 servatam,
2265 4132 2524 4195 ﬁdeliter
2553 4133 2625 4195 ad
2659 4152 2766 4195 nos
2813 4151 3003 4213 usque
3049 4131 3396 4196 transmisit.
3438 4135 3563 4198 Ha-

174 4227 430 4307 primus,
465 4226 713 4286 chorum
744 4225 907 4286 ducit
943 4243 956 4287 :
992 4225 1071 4285 vir
1137 4224 1309 4303 plane
1338 4221 1722 4303 apostolicus,
1757 4220 1830 4280 ab
1914 4238 2046 4282 rum
2078 4220 2212 4282 duae
2250 4221 2478 4301 priores
2508 4223 2829 4286 Corinthiis
2862 4223 3349 4302 inscriptaa,circa
3380 4224 3567 4304 elapso

173 4314 331 4394 ipsis
361 4333 576 4393 nempe
607 4314 888 4394 apostolis
922 4312 1420 4392 institutus,Petri
1452 4329 1690 4392 quoque
1710 4311 1828 4371 dis-
1913 4310 2115 4372 saeculi
2141 4312 2424 4387 medium;
2460 4312 2592 4374 duae
2622 4331 2758 4374 vero
2779 4313 3141 4393 posteriores
3167 4311 3242 4374 de
3273 4312 3570 4391 virginitai

171 4404 410 4484 cipulus
440 4413 497 4464 et
529 4402 693 4463 Pauli
736 4406 982 4482 συνεργός
1013 4425 1028 4478 ;
1063 4405 1155 4464 cui
1192 4401 1446 4482 proinde
1491 4400 1564 4461 ab
1616 4399 1824 4461 iisdem
1913 4407 1969 4460 te
2004 4409 2462 4482 pertractantes,
2493 4421 2686 4483 nuper
2735 4403 2972 4464 demum
3005 4420 3037 4464 e
3069 4401 3563 4466 bibliothecarum

167 4491 971 4574 apostolorumprincipibus
995 4491 1361 4570 evangelium
1412 4508 1672 4569 ipsorum
1698 4507 1828 4550 san-
1914 4489 2174 4550 tenebris
2203 4499 2407 4567 erutm,
2453 4491 2513 4552 in
2545 4493 2739 4554 lucem
2776 4492 3144 4573 prodierunt.
3183 4493 3266 4554 De
3297 4491 3563 4573 utrisque

171 4581 360 4660 guine
388 4600 601 4642 recens
624 4582 936 4661 signatum,
969 4580 1378 4663 concreditum
1411 4579 1596 4640 fuisse
1623 4579 1823 4659 perhi-
1915 4578 2086 4639 nobis
2147 4581 2468 4657 agendum.
2515 4584 2687 4644 Nunc
2737 4599 2882 4644 vero
2934 4581 3006 4643 de
3038 4580 3267 4643 duabus
3296 4580 3562 4661 epistolis

175 4671 376 4744 betur;
411 4671 584 4750 cujus
606 4671 829 4750 scripta
859 4679 1085 4732 tantum
1123 4687 1237 4732 non
1266 4670 1622 4743 Oednvsueu;
1658 4668 1829 4747 cujus
1911 4668 2324 4731 Corinthiacis.

171 4759 437 4841 denique
467 4761 853 4832 uomen,dum
885 4761 1079 4822 adhuc
1111 4760 1171 4820 in
1199 4758 1372 4820 terris
1402 4757 1826 4837 ageret,Spiri-
1989 4757 2106 4819 Has
2135 4758 2334 4838 itaque
2357 4777 2511 4821 anno
2542 4759 2758 4837 1633,e
2785 4759 3186 4823 vetustissimo
3219 4778 3332 4820 ms.
3353 4760 3560 4822 codice

171 4861 234 4910 tu
261 4859 462 4910 sancto
483 4850 1117 4930 testante33,scriptum
1137 4857 1269 4910 erat
1295 4846 1530 4909 inlibro
1550 4847 1825 4908 vitmllic
1909 4846 2311 4908 Alexandrino
2345 4849 2534 4910 edidit
2561 4847 2772 4912 Oxonii
2809 4852 3034 4929 primus
3065 4848 3330 4909 omnium
3365 4849 3557 4910 Patri-

166 4936 353 5016 igitur
371 4955 639 5000 summus
659 4939 945 5002 Ecclesiae
969 4938 1266 5000 universae
1290 4936 1578 5016 pontifex,
1628 4943 1826 5015 pastor
1906 4936 2036 4997 cius
2067 4936 2278 4998 Junius
2306 4959 2318 4996 :
2358 4939 2616 5017 priorem
2654 4939 2919 5019 quidem,
2956 4939 3156 4999 addita
3184 4937 3392 4998 Latina
3421 4956 3559 4999 ver-

163 5036 219 5089 et
253 5026 464 5088 doctor
493 5029 792 5106 egregius,
823 5030 994 5109 plura
1029 5046 1173 5088 sane
1209 5024 1818 5107 perseripseritapos-
1905 5025 2074 5086 sione
2105 5025 2380 5106 notisque
2414 5028 2790 5104 illustratam;
2835 5026 3179 5108 posterioris
3219 5044 3358 5087 vero
3408 5027 3556 5088 reli-

163 5115 358 5177 tolicaa
400 5115 686 5178 doctrinae
729 5124 1138 5196 monumenta,
1185 5115 1404 5196 quibus
1427 5113 1813 5176 Christianam
1904 5115 2075 5190 quias
2107 5117 2313 5177 Graece
2339 5124 2566 5178 tantum
2595 5116 2662 5178 ad
2696 5116 2914 5182 calcem
2950 5116 3228 5194 rejectas.
3261 5114 3390 5187 Quo
3419 5133 3556 5178 vero

159 5205 514 5283 religionem
532 5206 854 5268 illustraret
877 5207 1612 5284 conﬁrmaretquezverum
1635 5221 1701 5264 ex
1723 5201 1817 5263 his
1899 5221 2070 5263 suum
2103 5222 2350 5282 pensum
2376 5208 2487 5266 rite
2517 5205 2853 5267 absolveret
2881 5203 3100 5279 editor,
3133 5221 3309 5266 voces
3330 5203 3554 5284 deper-

162 5293 313 5356 nihil
349 5293 535 5357 ferme
557 5295 714 5357 aliud
738 5305 828 5358 est
857 5296 1070 5376 reliqui
1101 5294 1214 5356 nisi
1233 5302 1482 5375 quatuor
1509 5291 1810 5371 Epistolae,
1899 5291 2073 5372 ditas,
2099 5300 2160 5352 ut
2186 5292 2436 5372 ipsemet
2469 5293 2527 5354 in
2554 5293 2898 5374 praefatione
2926 5301 3191 5364 testatur,
3231 5300 3290 5354 et
3333 5292 3562 5362 litteras

163 5381 384 5464 quibus
441 5382 579 5446 ﬁdei
626 5402 694 5447 ac
753 5385 989 5465 pietatis
1047 5383 1480 5447 institutionem
1533 5399 1708 5462 quam
1739 5382 1812 5443 ab
1897 5389 2186 5444 vetustate
2216 5399 2447 5462 exesas,
2482 5383 2696 5464 spatiis
2728 5391 2785 5446 et
2832 5383 3172 5449 interstitiis
3229 5386 3556 5449 accuratis-

252 5592 307 5646 δι
341 5592 602 5680 Philipp.
638 5615 715 5674 ιν,
748 5597 808 5662 3.
