4060 6362
501 327 567 391 91
1645 331 1744 392 AD
1787 331 1848 393 S.
1897 331 2120 395 CLEM]

2228 328 2366 391 [‘EM
2417 332 2441 391 Ι
2486 332 2739 395 ΡΑΡΑΜ

3800 336 3882 400 92

490 462 771 545 recitare,
805 464 912 527 sed
944 482 1049 547 pro
1104 464 1345 527 arbitrio
1394 482 1502 527 suo
1558 483 1715 526 nunc
1757 465 2135 538 contrahere,
2160 470 2201 519 Δ
2223 460 2381 523 drini
2414 480 2481 525 ex
2509 483 2628 545 quo
2660 464 3025 545 descriptum
3076 473 3166 529 est
3213 467 3539 548 pretiosum
3572 468 3716 532 illud
3753 493 3878 529 κει-

494 571 651 615 nuuc
701 553 775 615 de
832 573 937 615 suo
987 554 1278 627 inserere,
1331 553 1446 616 alia
1486 554 1783 635 omittere,
1819 554 1932 616 alia
1961 555 2135 616 variis
2221 552 2439 626 μήλιον,
2479 560 2598 615 tum
2635 571 2704 615 ex
2740 562 3003 616 veterum
3038 558 3276 618 Patrum
3338 559 3721 633 testimoniis,
3763 581 3877 623 nos

494 642 685 706 modis
728 652 975 707 mutare.
1023 678 1095 689 —
1155 642 1216 707 Si
1264 644 1335 706 ad
1395 645 1519 707 haec
1579 644 1785 706 sedulo
1835 644 2129 721 attendas,

493 751 798 812 agnosces,
824 734 915 812 pie
945 733 1171 803 Lector,
1202 752 1455 807 mecum,
1488 753 1554 795 ex
1582 732 1981 795 Alexandrino
2015 751 2131 794 non

491 820 904 900 interpolatam
942 822 1143 896 fuisse,
1178 822 1351 884 toties
1399 824 1474 883 ab
1534 822 1802 884 Ecclesia
1858 823 2132 903 primaeva

491 910 845 972 celebratam
873 911 1167 986 laudibus,
1202 912 1320 972 imo
1355 919 1567 973 etcum
1595 912 1784 973 sacris
1808 909 2132 992 Scripturis

492 998 952 1078 publicelectam
975 1002 1234 1064 Romani
1257 999 1576 1063 Clementis
1606 999 2132 1080 EpistolammHaec

492 1087 823 1167 Wottonus;
863 1090 955 1151 cui
990 1098 1183 1152 tamen
1219 1090 1525 1170 praeiverat
1553 1092 1812 1152 Joannes
1860 1093 2131 1154 Potterus

494 1178 582 1238 vir
611 1179 825 1243 clar.in
857 1180 1470 1242 animadversionibus
1502 1179 1573 1240 ad
1598 1178 1962 1242 Clementem
1992 1181 2129 1243 Ale-

488 1268 837 1330 xandrinum
861 1270 1008 1349 (lt),
1037 1270 1135 1330 ubi
1163 1269 1500 1330 summatim
1532 1269 1802 1351 quidem,
1829 1269 1929 1331 scd
1969 1272 2125 1332 acri-

488 1363 578 1417 ter
610 1358 887 1419 Bernardi
916 1359 1374 1437 conjectationes
1406 1358 1581 1420 elisit.

566 1446 753 1526 Hujus
770 1467 906 1509 vero
923 1448 1115 1509 critici
1138 1448 1305 1527 Angli
1326 1448 1563 1527 vestigia
1589 1467 1792 1529 presso
1827 1450 1973 1529 pede
1998 1468 2124 1531 per-

484 1536 751 1616 sequitur
778 1537 1035 1600 Joannes
1051 1537 1401 1599 Laurentius
1420 1538 2121 1618 Mosbemius(19),quem

484 1644 529 1686 Sl
562 1626 786 1699 audias,
824 1628 1147 1690 Clementis
1196 1626 1441 1706 epistola
1498 1630 1517 1690 1
1578 1638 1785 1707 quarta
1838 1627 1926 1688 sui
1960 1637 2126 1708 parte

488 1715 823 1776 mulctanda
849 1716 952 1777 tibi
985 1716 1095 1778 erit
1120 1717 1258 1778 hinc
1293 1724 1350 1776 et
1383 1716 1608 1789 illinc,a
1640 1716 1831 1796 capite
1853 1718 1888 1777 9
1914 1717 1983 1777 ad
2017 1719 2117 1781 55.

2220 640 2487 701 eamdem
2524 642 2768 705 omnino
2800 642 3111 724 epistolam
3172 645 3418 722 habere,
3453 667 3626 729 quam
3662 648 3875 713 habuit

2217 738 2440 791 vetusta
2462 729 2752 807 Ecclesia;
2786 752 2961 813 quam
3014 734 3331 799 audierunt
3360 737 3420 797 in
3450 738 3639 800 sacris
3692 740 3870 800 coeti-

2215 817 2325 879 bus
2358 820 2614 899 primaevi
2639 823 2984 904 Christiani,
3014 825 3152 885 dum
3188 827 3382 889 adhuc
3425 828 3557 906 ejus
3594 828 3870 891 lectionis

2216 926 2355 998 usus
2373 911 2619 987 vigeret;
2648 932 2820 993 quam
2849 914 3105 994 denique
3122 914 3389 994 legerunt
3417 915 3729 998 Dionysius
3748 917 3865 981 Co-

2216 997 2490 1073 rinthius,
2527 1001 2802 1064 Clemens
2835 1004 3556 1086 Alexandrinus,Cyrillus
3579 997 3869 1069 Hieroso-

2218 1086 2553 1167 lymitanus,
2588 1090 3009 1172 Hieronymus,
3046 1094 3343 1156 etcaateri.

2270 1179 2515 1267 .Verum
2570 1181 2619 1241 si
2661 1182 2836 1242 altius
2868 1181 3060 1244 adhuc
3114 1186 3538 1248 assurrexisset
3568 1186 3655 1247 vir
3686 1186 3860 1262 clar.,

2212 1267 2455 1328 vetustis
2510 1268 2626 1330 illis
2684 1269 2964 1333 Ecclesiae
3025 1273 3419 1352 scriptoribus
3481 1276 3862 1338 vetustiorem

2212 1357 2387 1418 etiam
2434 1358 2655 1422 addere
2701 1368 2930 1440 poterat
2962 1361 3376 1443 Polycarpum,
3413 1364 3860 1426 sanctissimum

2211 1447 2631 1527 Smyrnensem
2657 1449 2998 1530 episcopum
3023 1457 3080 1511 et
3105 1454 3553 1534 martyrem,qui
3586 1453 3863 1517 eamdem

2210 1535 2643 1598 Clementinam
2705 1538 3033 1617 Epistulam
3096 1560 3270 1603 manu
3303 1560 3590 1618 versasse,
3624 1543 3771 1624 quin
3802 1554 3863 1604 et

2210 1624 2489 1685 nonnulla
2513 1644 2579 1688 ex
2603 1646 2671 1688 ea
2696 1646 2848 1707 pene
2878 1629 3059 1689 verbo
3096 1637 3264 1691 tenus
3294 1642 3573 1711 excerpta
3603 1632 3660 1692 in
3689 1650 3859 1693 suam

2207 1713 2278 1773 ad
2299 1714 2712 1794 Philippenses
2739 1718 3067 1797 Epistulam
3087 1720 3453 1783 transtulisse
3481 1722 3856 1802 perhibetur.

483 1800 598 1863 Sed
626 1823 740 1865 non
775 1806 971 1884 priora
1001 1805 1238 1885 quidem
1296 1804 1502 1865 decem
1546 1805 1757 1885 capita,
1796 1824 1863 1866 eo
1890 1806 2117 1886 judice,
2149 1798 2182 1845 Β
2206 1804 2411 1883 Neque
2455 1806 2701 1868 fortasse
2733 1808 2988 1869 otiosum
3032 1808 3228 1890 fuerit,
3279 1830 3408 1889 quae
3438 1798 3575 1871 viris
3610 1812 3861 1873 eruditis

484 1890 556 1951 ab
584 1891 1043 1972 interpolatione
1072 1903 1205 1953 sunt
1238 1912 1475 1972 prorsus
1499 1893 1780 1955 immunia
1840 1894 2123 1957 Atinania

485 1996 617 2041 esse
639 2000 705 2042 ac
724 1981 911 2044 futilia
930 1982 1244 2045 ‘Moshemii
1266 1992 1612 2060 argumenta
1638 1982 1694 2043 in
1714 1984 1902 2046 oculis
1928 1986 2121 2063 posuit

2208 1894 2497 1972 nobisque
2522 1895 2832 1958 observata
2864 1897 2937 1956 de
2990 1897 3410 1979 l‘olycarpiana
3461 1898 3721 1961 lectione
3745 1920 3860 1961 oc-

2206 1991 2473 2056 currunt,
2509 1984 2564 2043 in
2600 2004 2781 2045 unum
2808 1994 3085 2061 congesta
3113 1994 3286 2067 atque
3320 1988 3574 2050 invicem
3608 2009 3851 2069 compa-

474 2067 734 2132 Joannes
770 2073 1095 2134 Ludovicus
1127 2071 1272 2152 Frey
1303 2071 1415 2145 (13)
1444 2090 1455 2134 :
1482 2072 1774 2150 siquidem
1801 2074 2011 2134 invicte
2029 2072 2122 2133 vir
2204 2080 2327 2131 rata
2367 2073 2424 2132 in
2474 2074 2731 2135 medium
2768 2076 3058 2154 proferre.
3093 2076 3177 2137 En
3207 2078 3403 2159 itaque
3433 2078 3697 2140 locorum
3731 2067 3855 2140 ali-

482 2159 748 2220 eruditus
772 2162 985 2223 evincit
1004 2180 1132 2223 cum
1165 2180 1230 2222 ex
1257 2162 1600 2242 antiquitate
1617 2164 1837 2223 codicis
1858 2164 2116 2224 Alexan-

719 2257 909 2334 Epist.
946 2259 977 2318 I
1015 2257 1340 2321 Clementis
1374 2257 1453 2318 ad
1484 2256 1851 2320 Corinthios.

558 2351 701 2429 Cap.
748 2350 791 2412 Ι.
854 2352 1085 2419 Γυναιξιν
1114 2375 1170 2408 τε
1203 2388 1274 2398 —
1316 2351 1732 2433 παρηγγέλλετε,
1798 2356 2116 2433 στεργούσας

2205 2170 2343 2242 quot
2377 2163 2838 2241 parallelismum
2872 2164 3224 2226 institutum.

2530 2257 2729 2337 Epist.
2768 2257 3092 2338 Polycarpi
3122 2260 3204 2320 ad
3237 2260 3509 2341 Philipp.

2281 2348 2423 2430 Cap.
2482 2349 2577 2410 IV.
2636 2350 2933 2427 Διδάξωμεν
2991 2387 3066 2397 -
3115 2355 3207 2419 τὰς
3267 2372 3525 2433 γυναῖκας
3580 2360 3840 2431 {mxim—

480 2442 817 2507 καθηκόντως
896 2442 1015 2508 τοὺς
1086 2441 1271 2521 ἄνδρας
1332 2444 1529 2499 ἑαυτῶν
1584 2477 1660 2486 -
1716 2443 1851 2499 πάνυ
1910 2467 2115 2524 σῶφρον
2199 2441 2512 2518 στεργούσας
2556 2441 2675 2503 τοὺς
2720 2442 2913 2496 ἓκυττιῦν
2966 2439 3149 2517 ἄνδρας
3186 2443 3238 2498 ἐν
3283 2445 3427 2521 πάσῃ
3490 2445 3709 2520 ἦληθείᾳ
3760 2446 3849 2504 καὶ

473 2530 684 2593 νούσας,

555 2619 696 2698 Cap.
752 2618 822 2681 ν.
858 2623 1049 2698 Πέτρος
1097 2657 1169 2667 -
1202 2622 1338 2678 οὕτω
1378 2624 1683 2699 ματυρήσας
1737 2623 1993 2701 ἐπορεύθη
2048 2625 2117 2689 εἷς

475 2711 564 2765 τὸν
585 2709 925 2789 ὀφειλόμενον
957 2714 1118 2769 τόπον
1144 2716 1240 2781 τῆς
1274 2710 1450 2779 δόξης.

554 2797 696 2877 Cap.
731 2797 858 2864 VII.
892 2804 983 2857 Διὸ
1018 2800 1388 2876 ἀπολείπωμεν
1419 2803 1511 2864 τάς
1554 2803 1706 2866 κενάς
1756 2806 1844 2861 καὶ
1892 2804 2113 2878 ματαίας

2200 2562 2277 2573 —-
2309 2529 2361 2583 ἐν
2394 2534 2536 2605 πασῃ
2570 2530 2847 2607 ἐγκρατείᾳ

2283 2618 2423 2698 Cap.
2461 2617 2554 2680 IX.
2596 2619 2787 2696 Πέτρος
2825 2622 2912 2676 καὶ
2946 2620 3147 2683 Παῦλος
3179 2655 3256 2665 —
3286 2621 3425 2678 cii-ot
3460 2624 3733 2687 πὶντες-
3772 2630 3848 2690 εἰς

2200 2710 2292 2765 τὸν
2324 2706 2665 2787 ὀφειλόμενον
2700 2709 2880 2774 αυτοῖς
2914 2711 3074 2765 τόπον
3110 2712 3207 2767 sini
3239 2712 3377 2790 παρὰ
3412 2719 3482 2786 τῷ
3517 2715 3705 2790 Κυρίῳ.

2282 2796 2422 2876 Cap.
2475 2796 2601 2860 VII.
2672 2801 2764 2854 Διὸ
2822 2799 3174 2863 ἀπολιπόντες
3229 2801 3325 2867 τὴν
3371 2804 3705 2877 ματαιότητι
3737 2808 3847 2862 τῶν

473 2888 765 2967 φροντίδας,
821 2893 905 2949 καὶ
955 2890 1188 2968 ἔλθωμεν
1237 2892 1320 2948 ἐπὶ
1372 2894 1463 2949 τὸν
1524 2891 1713 2959 εὖκλεῆ
1778 2896 1863 2949 καὶ
1923 2895 2114 2968 σεμνὸν
2197 2887 2412 2945 πολλῶν
2442 2924 2499 2932 -ίι
2555 2888 2638 2943 ἐπὶ
2668 2890 2759 2944 τὸν
2790 2888 2841 2953 ἐξ
2871 2889 3046 2967 ἀρχῆς
3098 2891 3233 2957 ἡμῖν
3280 2889 3631 2968 παραδοθέντα
3683 2893 3846 2973 λόγον

471 2984 569 3045 τῆς
602 2979 751 3058 ἁγίας
783 2980 1026 3051 κλήσεως
1054 2984 1211 3056 ἡμῶν
1252 2982 1466 3039 κανόνα.

554 3069 695 3149 Cap.
732 3069 827 3133 IX.
877 3073 968 3127 Διὸ
1017 3073 1395 3145 ὑπακούσωμεν
1455 3078 1520 3148 τῇ
1570 3071 1969 3150 μεγαλοπρεπεῖ
2026 3074 2107 3131 mi

472 3156 660 3234 ἐνδόξῳ
716 3160 966 3237 βουλήσει
1020 3160 1177 3218 αυτοῦ
1236 3158 1405 3243 [Θεοῦ]
1466 3197 1539 3206 -
1599 3161 1953 3225 ἀπολιπόντες
2015 3163 2110 3229 τὴν

472 3251 877 3328 ματαιοπονίαν,
912 3252 1097 3319 τήνςτε
1125 3250 1253 3330 ἔριν,
1288 3274 1341 3313 κ,
1375 3273 1427 3313 τ,
1458 3249 1507 3312 λ,

552 3341 692 3420 Cap.
758 3338 913 3401 Xlll.
981 3339 1319 3414 Μεμνημὲνοι
1376 3347 1480 3398 τῶν
1550 3340 1721 3419 λόγων
1787 3349 1878 3398 τοῦ
1928 3344 2110 3419 Κυρίου

472 3429 669 3503 Ἰησοῦ,
694 3432 780 3493 οὒς
813 3428 1068 3497 ἐλάλησεν
1110 3427 1388 3493 διδάσκων,
1453 3465 1511 3473 -
1544 3432 1588 3505 ᾧ
1619 3429 1796 3509 μέτρῳ
1839 3443 2105 3508 μετρεῖτε,

2196 2978 2622 3057 ἰπιστρέψωμεν.

2277 3067 2417 3147 Cap.
2452 3069 2522 3130 ll.
2563 3068 2651 3123 Διὸ
2682 3067 3077 3143 ἀναζωσάμενοι
3130 3069 3220 3132 τάς
3256 3070 3477 3146 ὀσφύας,
3528 3068 3841 3130 δουλεύσατε

2196 3163 2269 3233 τῷ
2301 3164 2413 3230 Θεῴ
2435 3158 2488 3213 ἐν
2519 3156 2665 3237 φόὸιρ
2696 3159 2781 3213 καὶ
2810 3156 3048 3231 ἀληθείᾳ,
3112 3156 3465 3223 ἀπολιπόντες
3522 3162 3621 3228 τὴν
3680 3164 3845 3230 στενὴν

2196 3247 2596 3324 ματαιολογίαν,
2632 3249 2716 3303 καὶ
2746 3248 2842 3314 τὴν
2874 3250 2976 3302 tu)»:
3011 3246 3221 3303 πολλῶν
3253 3246 3483 3315 πλάνην.

2276 3337 2415 3416 Cap.
2450 3335 2520 3398 ΙΙ.
2562 3336 3028 3411 Μνημονεόσαντες
3059 3334 3111 3391 δὲ
3143 3340 3215 3393 ὧν
3244 3339 3399 3393 εἶπεν
3444 3342 3470 3394 ὁ
3520 3342 3703 3417 Κύριος
3754 3340 3844 3399 δι-

2193 3424 2601 3482 δάσκωνο--ἒν
2659 3424 2705 3499 ᾧ
2752 3423 2928 3501 μέτρῳ
2987 3437 3253 3503 μετρεῖτε,
3323 3426 3842 3506 ἀντιμετρηθήσεται

2193 3518 2339 3573 ὑμῖν.

2272 3606 2392 3684 Cap
2478 3602 2574 3664 IV.
2629 3604 2852 3666 l‘uu'wx.
2888 3636 2961 3648 —-
2995 3601 3074 3659 ὅτι
3135 3602 3185 3683 [ὁ
3245 3603 3396 3686 Θεὸς]
3453 3607 3624 3663 πάντα
3682 3609 3840 3681 ἡμῶι

2190 3708 2469 3753 σκοπεϊται
2505 3744 2521 3774 ,
2584 3696 2671 3750 καὶ
2727 3693 2946 3761 λέληθεν
3005 3694 3156 3750 αὐτὸν
3214 3692 3361 3753 οὐδὲν
3390 3744 3407 3776 ,
3458 3694 3575 3752 οῖτε
3642 3695 3836 3775 λογισ-

2188 3792 2327 3867 μῶν,
2393 3783 2509 3842 οὔτε
2563 3784 2800 3857 ἐννοιῶν,
2860 3784 2976 3840 οὔτε
3040 3806 3088 3840 τι
3140 3790 3247 3839 τῶν
3298 3789 3541 3860 κρυπτῶν
3569 3792 3667 3853 τῆς
3698 3809 3841 3865 καρ-

470 3518 524 3575 ὲν
556 3524 694 3594 αὐτῷ
717 3521 1102 3594 μετρηθήσεται
1133 3521 1283 3595 ὑμῖν,

550 3606 691 3687 Cap.
724 3606 873 3670 ΧΧΙ.
910 3606 1152 3684 ’Ίδωμεν
1183 3616 1298 3672 πῶς
1331 3609 1484 3688 ἐγγύς
1509 3609 1651 3666 ἐστιν
1688 3607 1735 3691 [ὅ
1771 3611 1990 3691 Κύριος]
2022 3613 2107 3667 καὶ

466 3698 549 3755 ὅτι
581 3698 726 3756 οὗδὲν
757 3698 973 3765 λέληθςν
1030 3700 1181 3755 αὐτὸν
1210 3703 1313 3756 τῶν
1361 3700 1578 3757 ἐνναιῶν
1626 3701 1806 3775 ἡμῶν,
1857 3698 1971 3756 οὔδε
2002 3707 2108 3757 τῶν

468 3785 827 3868 διαλογισμῶν
884 3790 958 3845 ὧν
1006 3790 1296 3864 ποιούμεθα
1359 3820 1430 3833 -
1465 3788 1749 3867 ἰρευνητής
1809 3790 1908 3869 γάρ
1966 3789 2106 3846 ἐστιν

468 3876 682 3934 ἐννοιῶν
712 3879 797 3933 καὶ
826 3877 1184 3953 ἐνθυμήσεων,
2189 3875 2321 3939 δίας.

546 3965 697 4031 Ibid.
764 3967 894 4031 Τοὺς
939 3969 1084 4031 νεοὺς
1155 3966 1519 4043 παιδεύσωμεν
1576 3992 1674 4036 την
1738 3967 1972 4025 παιδείαν
2015 3978 2109 4026 του
2270 3963 2420 4027 Ibid.
2486 3961 2785 4037 Διδάξωμεν
2847 3996 2912 4007 -
2978 3965 3071 4027 τὰς
3154 3975 3411 4041 γυναῖκας
3490 3967 3636 4040 ὑμῶν
3698 3965 3840 4045 [πο-

466 4055 626 4137 φόϐου
656 4065 746 4114 τοῦ
779 4064 930 4113 Θεοῦ⁶
986 4059 1078 4119 τὰς
1140 4071 1396 4134 γυναῖκας
1452 4061 1607 4133 ἡμῶν
1667 4060 1747 4115 επὶ
1802 4081 1861 4115 το
1912 4060 2106 4136 ἀγαθὸν
2190 4050 2442 4135 ρεύεσθαι]
2502 4052 2551 4108 ἐν
2613 4060 2681 4129 τῇ
2728 4051 2933 4129 δοθείσῃ
3008 4054 3195 4117 αὔταῒς
3259 4053 3428 4109 πίστει
3492 4057 3581 4111 καὶ
3644 4056 3836 4134 ἀγάπῃ

465 4143 887 4223 διορθωσώμεθα⁶
947 4148 1008 4202 τὸ
1080 4146 1439 4225 ἀξιαγάπητον
1508 4148 1603 4215 τῆς
1679 4150 1889 4226 ἁγνείας
1973 4150 2102 4214 ἦθος
2188 4150 2275 4203 καὶ
2330 4144 2511 4222 ἁγνείᾳ
2539 4175 2620 4188 ---
2649 4144 2736 4198 καὶ
2784 4142 3072 4220 ἀγαπώσας
3133 4143 3335 4205 πάντας
3373 4142 3423 4209 ἐξ
3452 4141 3574 4200 ἴσου
3603 4148 3659 4200 ἒν
3689 4147 3841 4222 πάσῃ

466 4232 892 4299 Musaeum-
949 4269 1025 4279 -—
1056 4236 1154 4303 τὴν
1186 4236 1401 4313 ἀγάπην
1436 4240 1606 4295 αὐτῶν
1658 4241 1733 4310 μη
1766 4239 1901 4293 κατὰ
1932 4259 2100 4313 προσ·-
2187 4235 2485 4313 ὶγκρατεῖᾳ·
2520 4234 2604 4288 καὶ
2638 4233 2701 4287 τὰ
2732 4232 2887 4287 τέκνα
2922 4229 3189 4287 παιδεύειν
3218 4232 3318 4298 τὴν
3346 4231 3585 4289 παιδείαν
3618 4237 3837 4312 10396--

464 4322 682 4403 6λίσεις,
727 4324 862 4380 ἀλλά
905 4331 1062 4380 πᾶσιν
1094 4338 1210 4388 τοῖς
1242 4324 1590 4404 φοϐουμένοις
1623 4329 1712 4383 τὶρν
1745 4329 1873 4383 Θεὸν
1920 4328 2099 4401 ὁσίως,

465 4413 591 4480 ἴσην
622 4412 1025 4493 παρεχέτωσαν.

544 4500 623 4563 Ex
657 4503 942 4563 hactenus
972 4502 1167 4563 allatis
1196 4502 1546 4584 collatisque
1598 4503 1747 4566 locis
1800 4505 2106 4566 manifeste
2133 4539 2172 4588 ο

2189 4327 2282 4400 βου
2314 4331 2404 4380 τοῦ
2449 4330 2598 4381 Θεοῦ.

2193 4509 2362 4563 reant
2394 4499 2782 4563 Clementiuaa
2804 4498 3232 4577 vestigia;hanc
3266 4518 3439 4561 unam
3473 4500 3548 4561 ob
3567 4517 3839 4583 causam,

464 4590 1002 4672 liquet,utquidem
1027 4591 1385 4666 arbitror,ab
1412 4594 1613 4653 ultima
1636 4612 1825 4674 usque
1847 4594 2095 4672 antiqui-
2192 4591 2503 4663 Bernardi,
2537 4589 2745 4653 Clerici
2788 4607 2854 4649 ac
2903 4588 3211 4650 Moshemii
3262 4591 3727 4670 conjectationes
3759 4591 3839 4655 de

464 4690 581 4742 tate
616 4678 1205 4761 l‘olycarpo,Joannis
1238 4681 1607 4759 evangelista
1638 4683 2100 4763 discipulo,fuis-
2194 4682 2369 4761 hujus
2411 4679 2643 4741 laciniis
2672 4698 2738 4740 ex
2773 4678 3078 4742 Clemente
3108 4680 3513 4741 Alexandrino
3547 4680 3838 4762 desump-

465 4770 781 4851 perlectam
817 4769 1137 4831 Clementis
1196 4770 1442 4832 Romani
1491 4771 1811 4851 Epistulam
1863 4793 1977 4854 qua
2027 4774 2101 4835 de
2199 4770 2291 4845 tis,
2326 4771 2568 4831 omnino
2601 4777 2952 4831 evanescant
2982 4777 3234 4849 oportet.

460 4859 711 4937 agimus,
764 4876 1013 4937 eamque
1075 4878 1193 4938 pra:
1249 4860 1439 4921 oculis
1500 4860 1776 4922 habuisse
1828 4875 2098 4924 sanctum
2265 4859 2469 4939 Neque
2497 4859 2594 4920 alii
2630 4858 2889 4938 profecto
2916 4857 3260 4937 desunt,qui
3296 4857 3563 4937 ejusdem
3601 4857 3838 4939 Episto-

461 4951 881 5028 Smyrnensem
935 4949 1279 5029 antistitem,
1317 4949 1456 5009 dum
1516 4968 1681 5012 suam
1716 4952 2004 5013 scriberet
2027 4952 2097 5013 ad
2188 4950 2255 5011 lae
2273 4946 3004 5011 sinceritatemindubium
3035 4953 3334 5027 revocent;
3364 4950 3521 5028 quod
3547 4947 3834 5010 nimirum

460 5037 875 5119 Philippenses
906 5059 919 5101 :
957 5037 1111 5099 unde
1145 5047 1271 5099 orta
1303 5037 1633 5101 similitudo
1671 5040 1791 5122 illa,
1820 5060 1951 5122 quae
1982 5061 2098 5103 non
2186 5038 2469 5099 nonnulla
2502 5036 2764 5100 fabulosa
2793 5055 2916 5117 prae
2937 5054 2999 5096 se
3022 5035 3192 5111 ferat;
3228 5037 3383 5115 quod
3437 5036 3636 5117 aliqua
3672 5037 3729 5097 in
3766 5057 3841 5099 ea

455 5128 643 5189 solum
679 5127 956 5188 eumdem
991 5128 1201 5208 stylum
1239 5129 1588 5209 ubique,setl
1623 5142 1833 5191 eadem
1860 5149 2099 5211 quoque
2183 5128 2648 5189 desiderantura
2679 5131 2919 5185 vetustis
2946 5124 3219 5185 Patribus
3249 5124 3520 5201 allegata,
3556 5136 3671 5190 etc.
3705 5127 3833 5189 Sed

459 5236 611 5299 pene
642 5217 820 5278 verba
842 5217 1068 5278 referre
1118 5217 1271 5278 haud
1305 5218 1489 5279 semel
1524 5218 1773 5282 videtur.
1800 5219 1944 5281 Cum
1984 5220 2099 5281 ita-
2185 5219 2291 5279 hos
2325 5217 2682 5278 morosiores
2714 5215 2885 5276 critic
2902 5232 2969 5275 os
2995 5215 3204 5275 missos
3230 5214 3498 5276 facimus:
3528 5225 3645 5276 tum
3676 5216 3843 5297 quod

456 5325 571 5388 que
620 5307 681 5368 in
713 5306 1136 5387 Polycarpiana
1178 5307 1453 5386 perbrevi
1497 5307 1756 5387 Epistola
1796 5318 1877 5370 tot
1909 5327 2095 5390 appa-
2184 5326 2389 5370 eorum
2423 5306 2792 5386 objectiones
2818 5305 2976 5365 ﬂuxo
3005 5303 3152 5365 adeo
3186 5303 3300 5364 talo
3336 5304 3705 5383 nitantur,ut
3731 5322 3842 5386 pe-

2267 5482 2320 5561 (t
2340 5481 2396 5561 3)
2435 5480 2663 5543 Praefat.
2715 5478 2784 5541 ad
2838 5476 3022 5561 Epist.
3077 5475 3182 5541 SS.
3243 5476 3355 5541 PP.
3390 5478 3641 5560 apostol.
3677 5477 3848 5543 circa

542 5479 591 5561 (t
613 5480 670 5559 1)
699 5476 922 5543 Potter.
951 5480 1021 5542 ad
1050 5481 1240 5544 Clem.
1278 5482 1447 5546 Alex.
1486 5484 1707 5544 Strom.
1744 5482 1848 5547 lib.
1879 5498 2100 5564 1v,cap.
2267 5482 2320 5561 (t

548 5608 564 5625 .
599 5579 656 5625 υ.
699 5561 839 5625 610.
874 5568 996 5622 not.
1022 5562 1084 5624 4.
2190 5561 2325 5625 med

470 5559 564 5636 l8,
598 5579 656 5641 p.
699 5561 839 5641 610,
874 5568 996 5622 not.
1022 5562 1084 5624 4.

540 5640 661 5719 (I2)
695 5640 1285 5706 Instit.htst.0hrist.
1312 5642 2101 5725 major.m.i,p.242-915.
