4060 6362
205 355 288 418 93

1501 356 1865 418 PRCKEMIA
1916 354 2339 419 VARIORUM.
3526 363 3600 426 94

201 498 341 561 dem
375 519 509 561 cum
545 489 794 578 singulis
820 497 1095 560 conferre
1128 495 1286 558 haud
1316 495 1616 574 expediat,
1648 489 1857 554 tumin
1879 495 1920 543 Α
1947 507 2122 566 porro
2157 509 2230 553 ne
2276 490 2437 553 illam
2493 492 2730 572 quidam
2775 498 3215 562 Corinthiorum
3247 501 3485 562 nomine
3518 499 3600 561 si-

205 587 416 668 primis
447 588 602 668 quod
627 607 660 650 a
686 587 990 668 plerisque
1020 585 1161 648 viris
1201 585 1450 647 eruditis
1479 602 1577 646 res
1627 579 1866 645 abunde

199 677 342 738 satis
362 677 539 739 fuerit
562 675 1225 758 pertractata.Firmnm
1247 673 1423 751 igitur
1439 681 1755 748 ratumque
1770 670 1862 745 sit,

200 784 550 845 germanam
584 766 831 828 omnino
855 783 990 826 esse
1015 765 1272 844 priorem
1298 761 1625 826 Clementis
1651 760 1867 840 episto—

200 853 484 936 lam,quaa
515 855 739 917 utinam
771 853 844 917 ad
875 872 986 916 nos
1018 855 1248 933 integra
1278 852 1668 934 pervenisset!
1698 848 1867 930 quid-

206 943 353 1025 quid
376 946 535 1006 enim
569 944 630 1005 in
665 962 734 1006 ea
765 943 1127 1016 continetur,
1162 951 1434 1022 tempora
1483 941 1656 1022 plane
1683 957 1865 1019 apos-

209 1033 387 1095 tolica
415 1034 623 1105 refert;
659 1051 854 1113 neque
881 1031 1068 1094 ullum
1111 1049 1180 1093 ex
1222 1030 1385 1092 omni
1415 1038 1576 1092 retro
1604 1027 1864 1108 antiqui-

211 1131 334 1184 tate
363 1122 652 1203 quispiam
684 1130 894 1184 testem
925 1121 1403 1201 produxerit,qui
1433 1119 1710 1181 homines
1726 1133 1863 1179 cor-

214 1210 386 1274 datos
409 1212 483 1273 de
522 1211 677 1273 illius
708 1210 1011 1275 siceritate
1046 1210 1256 1272 merito
1288 1209 1578 1290 ancipites
1608 1208 1868 1271 reddere

211 1301 429 1362 valeat.
1161 1356 1165 1358 -

294 1389 395 1454 Ill.
420 1388 781 1452 Posterioris
811 1390 952 1452 item
969 1387 1042 1450 ad
1068 1387 1411 1455 Corinthios
1440 1385 1715 1468 Epistolas
1736 1387 1866 1450 Cle-

211 1477 522 1550 mentinae,
575 1485 715 1539 sunt
746 1477 844 1558 qui
891 1495 1006 1541 non
1058 1475 1250 1538 solum
1282 1475 1618 1544 veritatem.
1662 1493 1862 1538 verum

206 1568 386 1630 etiam
410 1567 822 1646 antiquitatem
847 1565 1329 1647 impugnantﬂis
1361 1584 1549 1645 nuper
1578 1565 1753 1627 etiam
1772 1583 1865 1627 ac-

203 1659 390 1720 cessit
420 1656 573 1719 haud
605 1655 926 1719 incelebris
953 1654 1871 1718 criticosHermannusVenema

204 1747 270 1809 in
324 1745 599 1828 Epistolis
650 1745 949 1823 Harlingaa
1003 1744 1311 1824 evulgatis,
1360 1763 1429 1806 eo
1487 1745 1860 1823 potissimum

206 1835 478 1911 nomine,
514 1855 630 1917 quo
664 1834 1052 1916 epistularum
1089 1833 1416 1897 Clementis
1444 1851 1480 1897 a
1509 1835 1650 1896 clar.
1689 1833 1859 1897 Wet-

1950 589 2187 656 gnatam
2228 599 2295 642 ex
2329 581 2597 662 ejusdem
2629 583 2874 646 indicnli
2896 588 3134 650 silentio
3161 591 3296 667 jure
3328 597 3558 669 arguat?

2035 671 2239 747 Neque
2269 670 2406 731 item
2441 671 2742 733 silentium
2770 693 2876 736 nos
2895 687 3125 739 moveat
3153 677 3598 760 Eusebii,etqni

1953 776 2086 848 eum
2119 759 2304 821 secuti
2325 760 2837 844 sunt,llieronymi
2863 774 3040 846 atque
3072 768 3299 847 Ruﬁni;
3331 769 3431 848 qui
3455 768 3596 828 dum

1952 846 2232 927 Epistolas
2282 851 2564 913 secunda;
2612 853 3040 930 meminerunt,
3076 846 3361 918 Ecclesiae
3386 857 3558 920 Corin
3589 895 3592 899 -

1953 937 2146 1000 thiace
2176 938 2359 1002 fuisse
2391 940 2546 1002 illam
2575 941 2917 1022 inscriptam
2946 964 3060 1006 non
3089 945 3426 1026 perhibent.
3455 947 3596 1008 Cum

1951 1027 2108 1087 enim
2142 1027 2364 1090 laudati
2396 1029 2811 1111 scriptores,ut
2842 1043 3007 1096 recte
3039 1035 3446 1114 Constantius,
3482 1053 3601 1096 me-

1954 1125 2176 1178 morata
2208 1117 2405 1198 priore
2428 1119 2749 1183 Clementis
2797 1123 2875 1186 ad
2921 1123 3271 1187 Corinthios
3311 1123 3595 1204 Epistola,

1951 1207 2142 1267 statim
2176 1206 2428 1270 subdant
2460 1230 2472 1272 :
2510 1212 2730 1272 Fertur
2759 1223 2813 1274 et
2839 1216 3061 1294 altera,
3099 1231 3295 1294 neque
3340 1213 3410 1274 ad
3447 1213 3595 1274 alios

1952 1295 2104 1357 hanc
2135 1297 2380 1358 alteram
2404 1298 2683 1380 scriptam
2709 1319 2842 1363 esse
2864 1302 3335 1380 designent,eam
3359 1321 3600 1381 quoque

1952 1384 2024 1444 ad
2057 1385 2298 1447 eosdem
2332 1389 2612 1468 scriptam
2648 1387 2982 1470 intelligere
3013 1391 3220 1454 merito
3254 1392 3599 1455 existiman-

1952 1481 2047 1534 tur
2081 1495 2094 1537 :
2129 1474 2472 1556 alioquin,si
2507 1477 2561 1539 id
2593 1479 2743 1539 alios
2775 1480 3016 1542 missam
3049 1488 3517 1561 nossent,neque
3538 1480 3596 1542 id

1954 1561 2312 1638 innuisscnt,
2335 1565 2460 1626 hinc
2491 1565 2752 1644 ipsorum
2779 1569 3093 1632 reticentia
3117 1571 3256 1650 jure
3285 1587 3352 1632 ac
3387 1569 3594 1630 merito

1961 1652 2333 1730 negligentiae
2361 1654 2654 1734 culpanda
2684 1656 3004 1722 videretur.
3035 1657 3185 1730 Quid
3219 1658 3375 1738 quod
3409 1660 3598 1722 Doro—

1955 1741 2126 1802 tlieus
2149 1741 2902 1824 archin1andrita,loannes
2916 1746 3322 1810 Damascenns
3334 1755 3389 1808 et
3409 1745 3595 1809 Nicon

1948 1831 2271 1891 monachus
2297 1833 2625 1894 secundum
2650 1833 2974 1898 Clementis
3006 1837 3356 1916 Epistolam,
3392 1845 3448 1897 et
3469 1835 3599 1912 qni-

207 1926 407 1988 stenio
459 1924 614 1987 haud
672 1924 751 1986 ita
813 1924 1046 2004 pridem
1104 1921 1397 1986 editurum
1465 1918 2081 2002 integritatedeem
2143 1919 2222 1981 ad
2278 1920 2628 1985 Corinthios
2685 1925 2964 2004 scriptam
3021 1925 3312 2005 legerunt,
3347 1925 3596 2004 ejusque

210 2023 551 2077 everteret:
589 2033 706 2096 qua
736 2013 812 2074 de
841 2031 908 2075 re
941 2031 1070 2074 mox
1098 2013 1370 2075 inferius,
1399 2016 1484 2075 Ne
1507 2013 1707 2093 itaque
1737 2014 1863 2075 ofﬁ-

207 2105 310 2166 cio
339 2113 540 2166 nostro
567 2103 781 2165 deesse
801 2101 1130 2173 videamur,
1166 2103 1552 2178 Cotelerium,
1602 2103 1862 2178 Bullum,

220 2193 642 2256 Constantium
666 2191 932 2271 aliosque
962 2191 1114 2252 viros
1137 2190 1343 2252 doctos
1358 2192 1868 2268 assectati,adver-

206 2282 508 2344 sariorum
541 2279 1044 2362 objectationibus
1095 2280 1288 2342 facere
1319 2281 1463 2344 satis
1495 2300 1694 2362 operae
1726 2301 1866 2363 pre-

206 2372 361 2433 tium
397 2371 826 2432 existimamus.

294 2460 743 2524 Observandum
777 2459 976 2539 itaque
1009 2458 1263 2538 primum
1294 2458 1610 2538 epistolam
1646 2470 1866 2524 utram-

221 2569 342 2632 que
373 2569 443 2612 ex
474 2568 594 2611 uno
614 2551 935 2629 superstite
957 2547 1361 2609 vetustissimo
1386 2549 1594 2612 codice
1619 2550 1867 2613 Alexan-

215 2640 393 2702 drino
427 2642 487 2700 in
518 2639 708 2699 lucem
744 2636 1336 2718 prodiisse.Scilicet,
1370 2638 1555 2701 codex
1592 2640 1700 2701 iste
1723 2659 1866 2721 qua-

214 2737 353 2791 tuor
373 2727 777 2790 voluminibus
807 2731 1112 2799 constans,
1147 2727 1447 2807 praeﬁxum
1500 2728 1675 2791 liabet
1708 2730 1864 2792 indi-

216 2819 418 2884 culnm
453 2816 738 2879 librorum
771 2816 1085 2897 utriusque
1107 2816 1483 2892 Fmderis,ab
1509 2819 1776 2898 ejusdem
1803 2820 1870 2880 ti-

216 2907 403 2970 brarii
435 2925 613 2968 manu
643 2905 1089 2967 characteribus
1141 2905 1476 2968 uncialibus
1507 2917 1808 2971 exaratum
1846 2933 1860 2974 :

212 3015 394 3078 quem
418 2997 715 3074 integrum
751 2993 989 3057 exhibet
1012 2995 1370 3074 Beveregins
1391 2996 1604 3075 (l4),et
1621 2999 1862 3079 quidem

207 3104 451 3148 summa
472 3086 590 3147 ﬁde
610 3083 1161 3163 descriptum,adeo
1177 3091 1240 3145 ut
1262 3103 1338 3146 ne
1361 3085 1603 3148 lacunas
1623 3088 1863 3169 quidem

208 3173 718 3256 suppleverit,sed
753 3171 851 3234 ubi
886 3173 1096 3235 litterae
1125 3174 1345 3254 quaevis
1372 3184 1543 3236 erant
1572 3185 1865 3240 vetustate

203 3263 552 3339 abraseﬁbi
585 3261 905 3324 interstitio
930 3273 1206 3324 accurate
1227 3262 1500 3326 dimensa
1529 3265 1858 3346 reliquerit:

1953 2028 2143 2070 unum
2169 2011 2496 2073 alterumve
2528 2013 2920 2090 fragmentum
2955 2016 3109 2095 apud
3146 2015 3277 2077 illos
3299 2019 3595 2077 servatum

1951 2099 2271 2160 etiamnum
2306 2101 2671 2181 reperimus?
2702 2104 2854 2177 Quid
2886 2105 3041 2185 quod
3074 2105 3164 2166 vel
3197 2107 3322 2180 ipse
3353 2103 3598 2167 Photius

1952 2187 2136 2250 semel
2161 2189 2494 2270 iterumque
2519 2192 2708 2270 palam
2745 2202 3011 2267 testatur,
3045 2193 3394 2256 sibilcctum
3419 2193 3592 2255 libel-

1952 2277 2073 2339 lum
2094 2279 2158 2340 in
2183 2296 2301 2358 quo
2327 2282 2650 2343 Clementis
2682 2282 2969 2364 Epistolae
2986 2283 3120 2346 dum
3143 2283 3224 2345 ad
3239 2281 3598 2345 Corinthios

1951 2366 2426 2438 continebantur,
2452 2370 2702 2450 ejusque
2728 2372 2802 2433 de
2832 2385 3082 2452 utraque
3109 2371 3406 2452 judicium
3443 2370 3594 2433 mire

1951 2467 2236 2519 consonat
2261 2477 2394 2519 cum
2414 2458 2485 2519 iis
2507 2477 2643 2536 quae
2663 2460 2856 2523 adhuc
2877 2466 3234 2540 supersunt?
3256 2459 3595 2522 Consulesis

1951 2545 2105 2606 intra
2155 2556 2418 2608 veterum
2473 2549 2811 2611 testimonia
2862 2549 3142 2630 Epistolis
3202 2547 3596 2612 Clementinis

1953 2634 2278 2716 praemissa,
2312 2635 2639 2715 fragmenta
2672 2637 2882 2702 iisdem
2916 2639 3207 2718 subjecta.
3231 2638 3293 2700 Si
3324 2637 3465 2714 quid
3491 2654 3592 2699 er-

1951 2743 2022 2802 go
2047 2725 2266 2804 negotii
2320 2725 2612 2789 facessant
2648 2727 3048 2809 antiquiorum
3081 2727 3343 2802 Eusebii,
3377 2725 3594 2788 Hiero-

1951 2813 2110 2893 nymi
2135 2832 2203 2876 ac
2229 2816 2424 2877 Ruﬁni
2457 2817 2585 2879 loca
2606 2818 2760 2879 haud
2787 2819 2932 2879 satis
2970 2816 3363 2898 aperta,quod
3397 2827 3592 2878 tamen

1951 2904 2042 2964 vix
2072 2902 2440 2981 admiserim,
2479 2907 2617 2969 hinc
2646 2909 2848 2987 procul
2882 2907 3064 2970 dubio
3095 2905 3415 2968 difﬁcultas
3463 2924 3598 2966 orn-

1951 2992 2043 3052 nis
2079 2993 2315 3056 tollatur
2334 3004 2590 3077 oportet;
2613 3016 2751 3059 cum
2781 2997 2998 3058 diserta
3032 2997 3430 3078 posteriorum
3455 2993 3594 3056 scri-

1951 3089 2184 3161 ptorum
2225 3086 2430 3160 verba,
2482 3086 2744 3166 priorum
2783 3096 2840 3148 et
2885 3087 3240 3148 sententiam
3281 3085 3599 3165 explanent

1949 3182 2008 3232 et
2042 3171 2377 3234 testimonia
2407 3175 2790 3239 conﬁrment.

2030 3260 2108 3322 Ex
2143 3261 2235 3323 his
2265 3266 2464 3344 itaque
2487 3273 2858 3344 compertum
2894 3264 3204 3334 habemus,
3230 3272 3288 3326 ut
3317 3262 3592 3344 equidem

203 3354 368 3436 quod
407 3352 612 3415 itidem
678 3350 954 3431 praestitit
1000 3369 1069 3414 ex
1126 3351 1448 3432 Bevercgio
1503 3348 2240 3422 HumfredusCexistimo,
2298 3351 2450 3413 baud
2505 3371 2711 3434 parum
2775 3353 3058 3430 υοηάθτίε
3106 3353 3178 3415 ad
3206 3351 3590 3416 asserenda!“

202 3441 440 3506 Bodius
473 3444 615 3521 (l5);
649 3451 710 3503 et
737 3439 1046 3520 deinceps,
1095 3449 1155 3501 at
1203 3459 1320 3502 non
1369 3443 1492 3522 pari
1553 3443 1864 3524 religione,

203 3530 479 3596 Joannes
500 3529 786 3593 Ernestns
815 3527 1068 3592 Grabius
1097 3528 1324 3605 (16).ln
1357 3531 1471 3592 hoc
1502 3532 1677 3610 igitur
1707 3534 1865 3596 indi-

217 3620 361 3684 culo
388 3619 501 3683 sub
525 3617 950 3693 ﬁnem,litteris
969 3618 1386 3698 grandioribus
1409 3619 1632 3702 absque
1653 3642 1872 3688 accen-

220 3709 386 3772 tibus
423 3718 483 3772 et
511 3707 820 3789 spiritibus
845 3705 1060 3788 quibus
1091 3717 1274 3784 caret,
1309 3709 1664 3801 siclegmir:

469 3805 884 3858 ΚΛΗΜΕΝΓΟΣ
934 3805 993 3857 E.
1046 3844 1058 3857 .
1117 3848 1130 3860 .
1186 3847 1197 3860 .
1255 3847 1268 3860 .
1323 3847 1332 3857 .
1385 3806 1474 3857 ΛΗ
1525 3814 1560 3857 Α

681 3895 893 3946 euros
943 3896 999 3947 ε.
1058 3937 1071 3949 .
1123 3935 1138 3948 .
1189 3931 1204 3947 .
1259 3934 1266 3941 .
1326 3937 1338 3950 .
1388 3881 1562 3946 Λιίῖ

297 3976 458 4051 Quas
487 3984 685 4040 autem
720 3993 842 4056 pra;
865 3994 932 4036 se
961 3975 1073 4038 fert
1103 3975 1200 4038 hic
1232 3975 1532 4039 indiculus
1553 3979 1702 4042 duas
1731 3981 1868 4045 Cle-

205 4067 435 4129 mentis
461 4065 779 4145 Epistolas,
808 4083 908 4126 eas
940 4064 1179 4128 exhibet
1230 4064 1299 4126 ad
1337 4064 1561 4128 calcem
1595 4069 1869 4148 ejusdem

203 4175 323 4218 ms.
354 4155 582 4218 codicis
604 4155 880 4216 volumen
904 4163 1200 4235 quartum:
1233 4154 1490 4235 priorem
1524 4158 1761 4237 quidem
1785 4161 1870 4221 sic

205 4245 619 4323 inscriptam,
712 4251 1124 4302 ΚΔΗΜΕΝΤΟΣ
1211 4251 1381 4301 ΠΡΟΣ
1470 4255 1867 4305 Ruptueiorx

210 4341 558 4393 εΠιΣΤΟΔΗ
626 4344 690 4408 A;
726 4331 1116 4412 posteriorem
1183 4350 1322 4393 vero
1379 4333 1485 4406 sic,
1552 4342 1867 4395 ΚΛΗΜΕΝ-

213 4430 346 4483 1'02
402 4429 739 4481 ΕΠΙΣΤΟΛΒ
799 4430 834 4478 Β
891 4440 906 4480 :
958 4429 1018 4481 ut
1064 4419 1265 4482 videre
1328 4431 1416 4483 est
1482 4421 1638 4502 apud
1699 4425 1875 4485 Wot-

215 4520 449 4576 tonum.
511 4509 962 4572 solertissimum
1022 4509 1242 4570 laudati
1282 4510 1504 4571 codicis
1550 4513 1875 4592 exscripto-

207 4617 371 4661 rem.
406 4597 485 4660 Ex
519 4599 630 4660 hoc
663 4597 842 4678 igitur
881 4597 1281 4659 Alexandrino
1323 4597 1646 4678 exemplari
1701 4618 1869 4662 com-

219 4697 460 4770 pertum
483 4695 594 4759 est,
627 4688 997 4768 primo,duas
1016 4686 1312 4766 Epistolas
1342 4687 1710 4750 Clementem
1729 4690 1874 4752 scri-

1953 3439 2244 3508 Clementi
2262 3442 2532 3504 Romano
2550 3445 2701 3505 hanc
2720 3443 3043 3504 secundam
3057 3441 3592 3522 Epistolam,bahe-

1951 3547 2016 3590 re
2031 3531 2440 3592 auctoritatem
2465 3531 2690 3594 codicis
2709 3532 3391 3611 Alexandrini,proximo
3421 3539 3485 3590 ut
3517 3528 3597 3591 vi-

1957 3617 2132 3680 detur
2169 3618 2388 3682 saeculo
2445 3633 2576 3700 post
2629 3621 2948 3684 concilium
2999 3620 3301 3683 Nicmnnm
3334 3637 3406 3681 ex
3437 3617 3592 3679 anti-

1955 3707 2166 3786 quiore
2191 3709 2454 3789 profecto
2483 3711 2809 3792 exemplari
2853 3710 3158 3791 descripti.
3191 3708 3268 3771 Ex
3316 3727 3387 3770 eo
3435 3706 3593 3769 enim

1956 3796 2140 3877 liquet
2171 3805 2483 3879 utramque
2513 3800 2938 3862 Clementinam
2974 3799 3294 3880 Epistulam
3327 3815 3446 3858 non
3496 3815 3585 3858 so-

1957 3886 2078 3946 lum
2105 3886 2259 3948 inter
2281 3888 2598 3951 canonicas
2619 3890 2950 3968 Scripturas
2972 3887 3220 3969 perinde
3238 3887 3592 3949 recensitam

1955 3975 2159 4043 fuisse,
2191 3995 2259 4038 ac
2289 3977 2338 4038 si
2397 3988 2644 4059 utraque
2674 3997 2810 4040 vere
2841 3978 3126 4040 canonica
3175 3984 3352 4052 esset,
3386 3991 3594 4036 verum

1955 4064 2133 4128 etiam
2148 4067 2359 4129 ambas
2385 4078 2696 4149 prapterea
2714 4067 2772 4128 in
2795 4085 3101 4129 sacrorum
3123 4065 3435 4130 Librorum
3451 4081 3595 4124 cen-

1953 4174 2021 4216 su
2037 4155 2229 4216 locum
2255 4155 2799 4238 babuisse,unaque
2813 4175 2946 4220 cum
2971 4155 3098 4219 aliis
3113 4154 3413 4218 canonicis
3436 4152 3602 4214 libris

1955 4244 2136 4305 fulsse
2160 4255 2518 4324 compactas,
2555 4247 2710 4326 quod
2757 4256 3002 4327 utraque
3055 4256 3194 4307 tunc
3225 4243 3512 4324 temporis
3542 4242 3598 4302 in

1957 4333 2208 4395 coetibus
2238 4335 2658 4398 ecclesiasticis
2702 4337 2789 4398 vel
2841 4337 2958 4417 legi
2994 4336 3235 4414 soleret,
3262 4334 3356 4394 vel
3387 4332 3595 4393 saltem

1958 4441 2142 4485 sacrae
2170 4423 2420 4504 publica;
2461 4425 2701 4487 lectioni
2733 4425 3132 4487 destinaretur
3163 4423 3328 4496 Quod
3359 4421 3598 4502 quidem

1961 4513 2144 4588 magis
2176 4513 2370 4574 adhuc
2389 4515 2774 4576 conﬁrmatur
2797 4531 2865 4578 ex
2883 4513 3214 4576 canonibus
3235 4508 3596 4590 apostolicis,

1957 4602 2113 4663 circa
2147 4602 2346 4662 saeculi
2378 4620 2440 4664 ut
2475 4603 2731 4666 medium
2763 4604 3028 4664 collectis
3059 4620 3073 4664 :
3110 4603 3168 4662 in
3205 4601 3412 4662 horum
3440 4598 3597 4658 cnim

1956 4711 2248 4753 canonum
2292 4692 2526 4772 ultimo,
2570 4712 2873 4756 sacrarum
2929 4692 3340 4771 Sripturarum
3384 4705 3599 4749 recen-

213 4777 433 4858 psisse;
461 4775 678 4838 deinde
712 4785 1018 4857 utramque
1065 4775 1250 4837 fuisse
1297 4775 1622 4838 Corinthiis
1652 4777 1870 4840 inscri-
1899 4781 2183 4853 Dsionem
2213 4780 2576 4860 proferente,
2615 4796 2745 4860 post
2780 4790 3157 4844 ennmeratas
3192 4777 3596 4858 apostolorum

211 4864 572 4947 ptam.Licet
603 4865 758 4927 enim
790 4865 1186 4944 posterior,ex
1225 4864 1870 4930 librariorumfortasse
1956 4868 2244 4950 Epistolas
2277 4871 2467 4931 statim
2515 4873 2916 4950 subjiciuntur
2966 4871 3274 4941 Κλήμεντος
3327 4865 3601 4922 inmolari

205 4953 964 5035 incuria,praanotata1:pbc
1004 4955 1298 5032 Κοριιθίους
1331 4954 1484 5015 haud
1509 4965 1869 5034 compareat;
1956 4958 2046 5015 δύο
2083 4979 2095 5018 :
2133 4977 2262 5038 quae
2289 4959 2545 5039 profecto
2579 4962 2797 5022 eaedem
2841 4961 3023 5020 fuisse
3049 4957 3322 5018 videntur
3361 4973 3492 5014 cum
3529 4952 3602 5012 iis

203 5043 421 5126 quidni
455 5053 512 5106 et
540 5062 668 5105 eam
694 5043 768 5105 ad
799 5043 1142 5107 Corinthios
1178 5042 1415 5104 missam
1441 5043 1870 5106 existimemus.
1959 5066 2104 5128 quas
2125 5047 2508 5110 Alexandrini
2541 5049 2763 5112 codicis
2794 5049 3094 5109 indiculus
3126 5043 3385 5121 exhibet;
3415 5060 3484 5100 eo
3513 5040 3598 5100 vel

203 5151 356 5196 cum
391 5133 604 5213 prioris
639 5133 948 5214 inscriptio
977 5134 1085 5194 hac
1109 5131 1185 5193 de
1208 5149 1272 5193 re
1301 5132 1444 5194 satis
1469 5135 1875 5213 superqnein-
1961 5137 2214 5198 maxime
2250 5139 2403 5218 quod
2437 5138 2646 5198 eodem
2708 5139 2878 5218 plane
2925 5135 3133 5196 ordine
3183 5152 3299 5212 quo
3334 5130 3600 5192 laudatus

205 5222 437 5285 dubios
470 5241 580 5284 nos
630 5222 870 5285 reddat?
900 5221 1214 5284 Enimvero
1251 5239 1446 5302 neque
1478 5222 1638 5302 prior
1663 5222 1875 5300 legitur
1958 5226 2276 5306 indiculus,
2306 5244 2492 5287 canon
2528 5227 2634 5286 iste
2667 5225 3024 5306 apostolicus
3069 5223 3198 5284 illas
3225 5219 3451 5299 digerat
3487 5238 3500 5278 :
3539 5225 3600 5277 ut

205 5312 275 5375 in
329 5310 590 5374 indiculo
635 5313 818 5375 fuisse
850 5312 920 5374 ad
954 5310 1292 5377 Corinthios
1336 5311 1692 5393 perscripta.
1731 5311 1873 5385 Quis
1959 5315 2205 5394 proinde
2232 5316 2388 5376 nulla
2410 5315 2596 5375 subsit
2623 5312 3264 5395 dubitatio,quominns
3294 5308 3598 5388 utriusque

294 5471 765 5566 619d._c_¢_zp.
800 5471 971 5566 Eccl.
1007 5469 1356 5566 prim.,_l.i.b.
1390 5487 1454 5553 il,
1488 5491 1616 5554 cap.
1648 5471 1739 5566 9..
1936 5495 1981 5566 'A
2018 5476 2163 5566 μϐ)
2197 5475 2534 5554 Prolegom.
2583 5475 2652 5537 ad
2689 5493 2820 5538 vers
2891 5473 3068 5550 LXX,
3105 5481 3248 5534 tom.
3281 5472 3327 5552 l,
3361 5487 3490 5550 cap.
3535 5468 3587 5545 1,

203 5551 426 5701 64815)
463 5552 550 5616 De
581 5554 739 5618 Bibl.
793 5560 941 5616 (ext.
984 5551 1174 5632 ἀνέθη
1240 5551 1346 5617 lib.
1405 5551 1481 5630 Iv,
1535 5551 1668 5638 cap.
1713 5553 1772 5630 4,
1809 5571 1870 5634 p.
1954 5551 2074 5637 δῖ.
