4088 6360
465 317 570 382 m
1580 326 1684 390 AD
1730 324 1793 387 s.
1842 314 2316 391 CLEMENTEM
2367 330 2389 389 1
2438 329 2693 393 PAPAM
3738 326 3855 390 172

460 459 674 523 sacula
691 468 855 523 certo
874 466 1145 539 tempore
1160 459 1221 520 in
1248 459 1505 538 publicis
1529 458 1922 522 conventibus
1944 460 2110 522 Chri-
2134 472 2165 516 Α
2190 458 2449 522 Joannes
2480 464 2780 541 apostolus
2800 462 2863 524 'et
2898 465 3279 545 evangelista,
3316 465 3569 525 dilectus
3621 464 3841 526 Christi

462 551 786 611 stianorum
814 550 971 611 lecta
994 549 1382 628 fuerit,prout
1406 569 1473 610 ex
1499 549 1778 629 Dionysio
1806 549 2113 611 Corinthio
2198 550 2547 629 discipulus,
2574 553 2673 629 qui
2700 560 2785 626 (ut
2808 554 3010 630 phrasi
3040 553 3319 617 Ecclesia
3362 554 3595 633 loquar)
3612 557 3843 630 ﬂuenta

462 649 701 702 enarrat
730 638 1045 714 Eusebius,
1083 646 1140 700 et
1194 657 1299 699 suo
1345 639 1540 700 adhuc
1574 651 1846 717 tempore
1898 640 2110 699 factum
2196 639 2525 719 Evangelii
2543 642 2616 702 de
2642 644 2772 722 ipso
2791 643 3281 704 sacro/)ominici
3299 644 3846 723 pectoristontepo-

463 748 595 792 esse
612 729 779 790 divus
799 727 1193 808 Hieronymus
1219 736 1503 789 testatur:
1529 728 1873 805 spectabant
1900 745 2113 805 nempe

464 817 755 881 Corinthii
783 819 935 880 hanc
957 817 1269 897 epistolam
1296 824 1575 897 tanquam
1599 816 1984 878 fortissimum
2011 835 2112 875 an-

465 909 715 969 tidotum
750 908 1035 970 adversus
1065 906 1290 967 futuras
1314 906 1676 979 seditiones;
1701 906 2107 985 deprehende-

467 998 605 1059 bant
642 997 808 1078 plura
845 999 904 1058 in
937 1015 1004 1057 ea
1038 1014 1220 1057 sacra
1253 993 1573 1073 Scriptura
1605 995 1732 1055 loca
1756 998 1864 1057 cla:
1888 998 1977 1055 ius
2006 1013 2111 1055 ex-

466 1089 675 1167 posita,
712 1095 770 1148 et
802 1086 1069 1147 moribus
1098 1084 1490 1147 emendandis
1519 1085 1776 1145 feliciter
1806 1083 2109 1145 adhibita:

464 1177 848 1237 inveniebant
879 1175 1235 1255 apostolicas
1267 1174 1617 1235 traditiones
1648 1193 1681 1234 a
1715 1174 2113 1235 celeberrimo

465 1267 866 1345 apostolorum
885 1265 1177 1343 discipulo
1200 1263 1315 1324 sibi
1339 1263 1731 1342 conscriptas;
1758 1262 2032 1340 legebant
2053 1262 2112 1321 in

466 1356 672 1416 eadem
706 1356 865 1431 leges
896 1354 1224 1433 disciplina
1244 1354 1367 1431 jam
1401 1350 1472 1412 ab
1505 1371 1625 1411 avo
1659 1352 1980 1429 apostolico
2015 1350 2110 1411 in-

466 1444 768 1507 troductas
790 1463 808 1519 ,'
832 1454 1007 1523 atque
1040 1450 1129 1503 sat
1153 1443 1313 1503 clare
1344 1460 1418 1502 ex
1455 1441 1659 1503 eadem
1697 1440 1977 1502 Romana
2001 1439 2112 1500 Ec-

465 1532 662 1594 clesia
692 1551 869 1612 supra
897 1539 1141 1593 cateras
1184 1529 1543 1608 colligebant
1585 1530 2108 1609 principalitatem.

2200 730 2479 804 tacit,qui
2510 748 2683 808 porro
2707 738 2956 791 testante
2982 730 3114 790 divo
3144 729 3515 807 Hieronymo
3540 731 3659 809 (38)
3692 740 3842 793 totas

2198 817 2350 877 Asia
2401 818 2691 889 fundavit,
2724 819 2988 899 rexitque
3036 820 3371 881 Ecclesias:
3412 822 3615 881 Roma
3643 830 3837 881 autem

2189 907 2309 982 jam
2344 908 2619 986 martyrio
2650 909 2891 968 affectos
2923 927 3051 969 esse
3082 909 3249 969 divos
3278 909 3572 987 apostolos
3600 908 3836 970 Petrum

2199 1002 2254 1054 et
2274 995 2543 1071 Paulum,
2574 997 2628 1056 id
2657 1007 2818 1057 certe
2842 996 3165 1058 Ecclesiam
3201 995 3562 1058 Corinthium
3594 998 3840 1059 minime

2197 1082 2432 1145 latebat.
2468 1083 2537 1144 Et
2571 1085 2956 1146 nihilominus
2988 1106 3101 1146 non
3139 1086 3491 1164 legationem
3525 1086 3595 1145 ad
3639 1087 3838 1147 divum

2194 1170 2608 1244 Joannem,sed
2627 1176 2694 1234 ad
2713 1172 3039 1234 Ecclesiam
3063 1176 3390 1234 Romanam
3413 1174 3551 1235 etad
3566 1175 3837 1254 ejusdem

2200 1259 2513 1322 Prasulem
2541 1264 2839 1324 destinant
2864 1263 3158 1323 Corinthii
3191 1262 3333 1334 Quis
3355 1281 3423 1321 ex
3447 1262 3559 1323 hoc
3583 1282 3699 1323 non
3724 1263 3840 1323 col-

2198 1349 2357 1428 ligat,
2394 1351 2731 1413 Corinthlos
2760 1353 2952 1412 divum
2989 1350 3351 1413 Clementem
3389 1371 3494 1412 t-eu
3521 1352 3698 1412 totius
3724 1352 3841 1413 Ec-

2198 1439 2391 1498 clesia
2425 1451 2618 1520 caput,
2642 1450 2699 1500 et
2728 1441 2994 1501 omnium
3029 1442 3501 1502 Christianorum
3531 1455 3756 1522 patrem
3783 1450 3843 1502 et

2197 1527 2497 1588 doctorem
2525 1529 2704 1589 fuisse
2728 1528 3081 1590 veneratos‘?
3100 1540 3157 1590 et
3178 1548 3279 1609 per
3305 1531 3456 1590 hanc
3480 1529 3666 1609 ipsam
3694 1532 3752 1591 in
3775 1550 3842 1592 re

464 1620 583 1686 Cur
609 1624 767 1684 enim
792 1621 1057 1683 Ecclesia
1078 1620 1383 1682 Corinthia
1405 1620 1474 1680 ad
1500 1620 1825 1682 Romanam
1853 1618 2115 1693 confugit
2140 1669 2174 1717 Β
2198 1620 2380 1678 ardua
2403 1618 2736 1679 cessionem
2760 1639 2826 1679 ac
2850 1619 3278 1699 obedientiam,
3295 1620 3397 1679 ubi
3419 1619 3583 1679 zelus
3607 1620 3842 1680 invidia

464 1712 791 1775 Ecclesiam
818 1733 832 1791 ;
862 1711 975 1771 nisi
997 1711 1056 1770 in
1078 1711 1190 1770 hac
1213 1711 1345 1789 ipsa
1370 1709 1643 1787 superius
1667 1707 1969 1783 quoddam
1995 1726 2109 1766 ma-
2141 1707 2311 1785 "jam
2379 1717 2677 1768 exarserat
2728 1717 2886 1781 ante,
2936 1710 3119 1770 fuisse
3171 1710 3495 1787 confesws,
3523 1710 3677 1789 quod
3731 1712 3839 1789 ipsi

465 1800 1358 1880 gisterium,auteminentiorem
1375 1798 1686 1878 quamdam
1702 1798 2109 1857 auctoritatem
2193 1796 2328 1856 divo
2352 1796 2646 1859 Clementi
2665 1801 2727 1859 in.
2761 1799 2933 1859 beato
2969 1798 3140 1859 Petro
3163 1800 3479 1879 pascendi,
3503 1809 3560 1861 et
3587 1801 3843 1877 regendi

464 1888 1082 1968 agnovisset?Nonne
1108 1889 1358 1949 aderant
1387 1888 1729 1967 complures
1764 1887 1936 1964 longe
1970 1886 2108 1947 vici-
2197 1888 2375 1966 (quod
2400 1888 2726 1961 sqiritualia
2748 1889 2980 1966 attinet)
3018 1897 3072 1949 et
3104 1889 3485 1965 gubernandi
3520 1890 3838 1950 universa-

466 1979 671 2039 niores
698 1978 982 2041 Ecclesia
1013 1978 1235 2057 pariter
1285 1976 1358 2037 ab
1406 1975 1691 2055 apostolis
1721 1974 1999 2053 fundata,
2034 1975 2105 2034 ad
2196 1979 2309 2036 tem
2335 1976 2670 2037 Ecclesium
2702 1978 2885 2054 plena
2914 1985 3174 2056 potestas
3202 1980 3284 2037 sit
3318 1980 3547 2039 tradita
3577 1980 3600 2037 Ρ
3633 2000 3657 2034 »
3693 1976 3841 2037 Hac-

467 2088 613 2148 quas
635 2067 956 2145 confugere
983 2067 1157 2143 longe
1179 2066 1407 2126 facilius
1431 2065 1732 2144 potuisset,
1758 2063 1807 2124 si
1832 2064 2108 2139 agnovis-
2202 2073 2374 2126 tenus
2406 2066 2768 2126 clarissimus
2809 2067 3123 2128 Fuhlensis
3155 2067 3482 2145 theologus.

466 2169 555 2219 set
575 2161 631 2220 in
658 2160 742 2219 eis
766 2156 1055 2233 aqualem
1080 2155 1322 2216 omnino
1347 2173 1480 2214 cum
1514 2155 1782 2213 Romana
1808 2153 2118 2214 auctorila-
2774 2154 3188 2219 ARTICULUS
3234 2155 3281 2220 ll

470 2256 584 2309 tem
612 2248 636 2309 Υ
666 2246 876 2309 Nonne
908 2246 1006 2305 illo
1042 2254 1328 2323 tempore,
1368 2262 1486 2319 quo
1519 2241 1783 2303 Ecclesia
1817 2240 2119 2303 Corinthia
2617 2260 3087 2307 OBSERVATIONES
3128 2263 3420 2308 MORALES.

466 2342 537 2401 ad
569 2343 899 2403 Romanam
934 2336 1220 2416 confugit,
1246 2335 1317 2395 ad
1340 2334 1575 2414 imperii
1607 2339 1837 2396 clavum
1872 2333 2115 2395 sedebat
2199 2332 2229 2412 §
2260 2332 2301 2391 Ι.
2346 2334 2426 2395 De.
2458 2334 2839 2410 humilitate,
2878 2343 2937 2395 et
2982 2337 3301 2410 charitate,
3339 2338 3604 2415 vitioque
3653 2336 3838 2396 eidem

464 2432 859 2504 Domitianus,
896 2447 1260 2511 persequens
1293 2427 1612 2488 crudeliter
1635 2426 2026 2499 Christianos,
2054 2426 2110 2486 in
2629 2430 2919 2504 opposito,
2996 2424 3405 2487 aemulatione.

464 2523 611 2583 urbe
642 2522 906 2583 Romana
925 2519 1296 2599 potissimum
1331 2516 1644 2577 dominans
1666 2525 1723 2575 et
1741 2514 2111 2575 Christianos
2280 2512 3010 2594 Humilitas.l£.rumplum
3028 2514 3821 2576 humilitatisinsanctaPer

464 2610 686 2672 ibidem
712 2611 1109 2685 exagitans,ut
1131 2625 1199 2668 ex
1224 2604 1477 2666 Eusebio
1500 2605 1817 2665 discimus?
1836 2603 1953 2665 Cur
1973 2623 2106 2663 cum
2192 2621 2339 2664 sana
2356 2602 3016 2675 Sulvatoris.—Quoad
3053 2605 3337 2664 uxoralem
3364 2605 3549 2664 sancti
3570 2603 3843 2666 Clemen-

464 2708 625 2762 tanto
664 2700 928 2781 periculo
962 2698 1102 2758 illuc
1132 2697 1353 2768 legatos
1386 2702 1485 2755 aut
1534 2697 1741 2755 saltem
1798 2693 2107 2772 epistolam
2194 2692 2271 2752 tis
2299 2692 2659 2765 doctrinam,
2695 2711 2767 2752 en
2800 2692 3139 2771 pulchriora
3168 2693 3315 2764 loca,
3350 2712 3481 2773 qua
3512 2711 3582 2753 ex
3610 2693 3841 2753 duabus

464 2790 781 2871 mittit,nisi
807 2786 1130 2849 Ecclesiam
1155 2784 1508 2857 Romanam,
1538 2784 1901 2863 reliquarum
1928 2781 2109 2860 magi-
2194 2781 2755 2861 epistolisexcerpta
2771 2799 2897 2841 eam
2916 2781 3841 2861 respiciunt.Loqutturprimode

456 2870 880 2941 stramfuisset
908 2886 1185 2935 venerata
1210 2878 1238 2935 ’t
1268 2874 1483 2934 Nonne
1516 2874 1628 2932 hoc
1659 2872 1787 2950 ipso
1840 2880 2107 2948 tempore
2197 2871 2533 2931 humilitate
2564 2870 2921 2949 Christiana,
2954 2873 3203 2949 ejusque
3230 2873 3453 2950 praxim
3481 2882 3721 2932 sanctus
3745 2871 3837 2931 hic

456 2969 750 3030 ﬂorebant
802 2964 946 3026 varii
1005 2964 1198 3023 adhuc
1259 2962 1575 3041 apostolici
1628 2960 1760 3033 viri,
1798 2969 1853 3020 et
1906 2962 2166 3041 plures"
2198 2961 2455 3039 pontifex
2488 2960 2764 3021 fidelibus
2797 2960 3479 3036 commendat;exhibet
3500 2962 3837 3040 exemplum

698 3064 755 3117 et
775 3053 1179 3135 apostolorum
1204 3026 1476 3130 discipuli
1498 3051 1529 3110 ‘3
1547 3051 1617 3111 ad
1645 3026 1791 3130 quos
1820 3026 1991 3128 longe
2017 3049 2106 3109 fa-
2128 3026 2168 3074 θ
2193 3026 2657 3130 ipsiusmetJesu
2682 3049 3006 3123 Christi,de
3028 3068 3145 3129 quo
3174 3026 3297 3110 hac
3323 3050 3498 3112 habet
3520 3049 3648 3129 (39}
3671 3026 3842 3112 {Sceo

457 3147 630 3209 cilius
653 3145 939 3226 potuisset
965 3139 1298 3203 accedere?
1330 3158 1434 3200 cur
1456 3139 1530 3199 ab
1562 3138 1727 3199 hisce
1760 3158 1875 3198 non
1912 3139 2109 3217 pmius
2189 3150 2396 3220 pirum
2426 3141 2755 3213 maiestatis
2775 3138 3204 3217 Dei,Dommus
3234 3147 3439 3200 ηοειεν
3462 3141 3640 3201 Jews
3673 3140 3845 3202 (πυ-ί-

459 3236 742 3300 auxilium
772 3232 918 3315 petit
945 3234 970 3293 7
1001 3232 1113 3291 nisi
1136 3230 1223 3291 vel
1257 3230 1315 3290 hi
1341 3229 1454 3308 ipsi
1487 3248 1520 3289 a
1550 3228 1818 3289 Romana
1846 3227 2109 3289 Ecclesia
2190 3237 2462 3306 atus,n0n
2486 3232 2649 3290 venit
2674 3230 2733 3288 in
2756 3230 3063 3304 iactantia
3098 3232 3492 3307 arrogantiae,
3516 3246 3706 3305 neque
3732 3248 3839 3290 su-

461 3326 781 3407 quamdam
815 3321 1271 3402 dependentiam
1298 3319 1549 3378 fuissent
1580 3317 1871 3396 professi;
1912 3336 2107 3407 nonne
2186 3320 2579 3398 perbiu',cum
2604 3327 2814 3397 potens
2836 3320 2941 3390 sit;
2964 3318 3065 3379 sed
3087 3322 3149 3379 in
3169 3317 3839 3398 humilitate,quemad-

460 3405 562 3476 ille
588 3418 732 3495 ipse,
761 3414 817 3473 in
837 3430 1011 3492 quem
1041 3409 1387 3470 fundaverat
1417 3427 1587 3469 suam
1618 3407 1941 3467 Ecclesiam
1970 3405 2105 3467 Sal-
2192 3410 2433 3468 modum
2460 3410 2728 3487 Spiritus
2747 3415 2995 3469 sanctus
3020 3408 3092 3469 de
3112 3411 3241 3487 ipso
3262 3408 3494 3469 locutus
3516 3415 3621 3469 est.
3652 3408 3838 3470 Dein-

460 3514 629 3565 vator
649 3501 1042 3564 nosterJesus
1067 3498 1355 3577 Christus,
1381 3499 1571 3573 quoad
1598 3514 1913 3575 personam
1941 3514 2107 3555 suam
2197 3514 2336 3576 ceps
2361 3506 2487 3576 post
2508 3498 2762 3557 adducta
2795 3496 2895 3556 illa
2927 3497 3235 3576 propheta
3256 3495 3421 3557 Isaia
3445 3497 3592 3567 loca,
3624 3499 3680 3557 in
3703 3497 3838 3576 qui-

456 3595 577 3675 jam
613 3592 926 3653 defunctus
959 3600 1084 3649 erat
1134 3608 1267 3647 cum
1327 3588 1457 3645 divo
1510 3586 1687 3646 Paulo
1742 3584 2111 3675 zelosi_ssimo
2202 3586 2308 3645 bus
2352 3586 2427 3646 de
2459 3585 2771 3646 tormentis
2824 3596 2882 3646 et
2922 3585 3354 3675 adjectiouibus
3383 3585 3705 3648 Salvatoris
3752 3594 3844 3646 est

464 3673 725 3763 gentium
759 3680 1127 3760 apostolo?et
1159 3677 1549 3737 nihilominus
1579 3675 1651 3735 ab
1676 3676 1881 3735 eadem
1912 3673 2116 3735 Eccle-
2200 3693 2420 3755 sermo,
2457 3676 2535 3735 ita
2595 3675 2921 3749 concludit,
2967 3674 3039 3735 ad
3106 3674 3445 3736 Corinthios
3502 3693 3838 3737 sermonem

462 3774 567 3853 sia,
600 3773 658 3834 in
692 3789 806 3851 qua
838 3769 1070 3829 crudeli
1102 3766 1524 3847 persecutione
1571 3765 1743 3825 vitam
1798 3772 2117 3844 posuerant
2202 3774 2595 3826 convertens:
2626 3766 2918 3836 Cernitis,
2945 3765 3072 3827 viri
3098 3766 3288 3837 chori,
3323 3767 3485 3845 quod
3532 3768 3843 3844 exemplar

462 3862 638 3924 ambo
661 3855 1818 3941 apostoli,subsidiumetinstructionem
1849 3862 2114 3933 tempore
2195 3854 2367 3916 nobis
2397 3856 2600 3917 datum
2618 3857 2693 3917 sit
2719 3854 2742 3915 Υ
2765 3873 2906 3916 nam
2922 3856 2977 3917 si
3010 3856 3303 3917 Dominus
3333 3854 3483 3916 adeo
3524 3854 3843 3917 humiliter

466 3940 775 4019 seditionis
803 3958 859 4009 et
891 3946 1292 4009 contentionis
1325 3945 1477 4005 inter
1526 3943 1689 4020 ipsos
1745 3940 2115 4005 Christianos
2193 3963 2257 4006 se
2276 3948 2480 4024 gessit,
2503 3946 2649 4025 quid
2676 3946 2967 4023 faciemus
2988 3962 3115 4017 nos,
3143 3946 3252 4025 qui
3268 3946 3606 4027 subjugum
3625 3947 3843 4024 gratia

470 4049 690 4101 exorta
718 4039 861 4118 petit
892 4036 1157 4097 Ecclesia
1189 4033 1497 4096 Corinthia
1524 4038 1536 4091 !
1570 4041 1627 4093 et
1657 4050 1763 4092 cur
1794 4032 1963 4103 illud,
2000 4030 2117 4091 nisi
2195 4034 2331 4112 ejus
2349 4052 2466 4113 per
2485 4036 2677 4113 ipsum
2700 4037 3027 4096 venimus?

468 4129 531 4191 in
561 4132 685 4209 ipsa
710 4126 979 4191 Ecclesia
1002 4124 1264 4185 Romana
1288 4130 1638 4203 potestatem
1665 4122 1783 4182 divi
1816 4120 1977 4183 Petri
2006 4121 2110 4181 ad-

472 4218 586 4279 huc
608 4227 729 4278 tum
754 4217 953 4293 vigere
983 4212 1285 4274 novisset?
1311 4221 1367 4273 et
1388 4212 1653 4290 demum,
1679 4213 1859 4283 unde,
1887 4228 2114 4287 quaso,

2282 4124 2423 4185 Alia
2437 4124 2711 4204 exempla
2741 4124 3110 4186 humilitatis
3138 4126 3203 4185 in
3220 4125 3605 4204 patriarchis
3624 4131 3682 4187 et
3697 4142 3807 4205 pro
3823 4157 3846 4169 -

2199 4212 2415 4288 phetis.
2446 4212 2673 4273 —Post
2707 4214 2967 4273 divinum
3003 4214 3115 4274 hoc
3148 4213 3519 4286 bumiiitatis,
3549 4214 3845 4291 abjectio-

471 4316 673 4369 tantus
705 4306 842 4366 huic
874 4304 1139 4382 epistola
1182 4302 1527 4371 Clementis,
1562 4310 1662 4361 aut
1714 4302 2116 4361 Romanorum
2144 4336 2185 4385 ι)
2206 4301 2415 4377 nisque
2437 4302 2761 4382 exemplar,
2782 4313 3019 4363 sanctus
3045 4303 3317 4365 Pontifex
3345 4302 3517 4363 nobis
3542 4304 3616 4364 ob
3640 4304 3850 4365 oculos

474 4397 741 4469 effectus,
762 4403 823 4455 ut
845 4394 905 4453 in
927 4392 1193 4454 Ecclesia
1217 4391 1525 4451 Corinthia
1547 4389 1960 4450 contentiones
1982 4406 2119 4452 ces-

474 4484 947 4560 sent,seditionis
974 4482 1124 4560 ignis
1156 4483 1580 4558 exstinguatur,
1612 4499 1717 4559 pax
1746 4479 2122 4540 redeat?cur

476 4576 591 4637 lel
606 4572 932 4636 Clementis
949 4570 1197 4652 epistola
1215 4580 1371 4630 tanta
1390 4571 1765 4630 veneratione
1778 4568 2117 4648 suscipitur,

2206 4390 2371 4469 ponit
2397 4390 2715 4469 perfectam
2766 4392 3155 4452 humilitatem
3202 4401 3538 4453 sanctorum
3592 4395 3853 4474 prophe-

2208 4494 2395 4539 tarum
2425 4480 2592 4553 Elia,
2615 4478 2810 4541 Elisai
2838 4490 2894 4541 et
2923 4479 3273 4542 Ezechielis.
3300 4481 3558 4543 Abraha
3598 4482 3848 4543 humili-

2205 4577 2387 4629 tatem
2414 4570 2791 4631 commendat
2818 4570 2939 4651 (40)
2966 4572 3023 4631 in
3056 4570 3182 4632 istis
3206 4570 3472 4650 ejusdem
3504 4572 3853 4650 patriarcha

473 4674 537 4725 ut
561 4664 909 4745 quantocius
932 4661 1127 4722 cuncti
1152 4658 1345 4721 eidem
1373 4659 1650 4719 obediant
1676 4665 1702 4720 ?
1725 4676 1832 4719 cur
1860 4666 2015 4717 tanta
2042 4665 2122 4717 ei-

477 4754 612 4815 dem
644 4752 926 4815 tribuitur
947 4750 1373 4829 revereotia,ut
1397 4758 1528 4829 post
1552 4750 1718 4828 plura
1749 4747 1964 4808 sacula
1990 4764 2117 4807 eam

2206 4658 2402 4718 verbis
2429 4680 2441 4721 :
2466 4660 2597 4739 Ego
2615 4669 2809 4722 autem
2829 4678 2959 4721 sum
2979 4667 3141 4722 terra
3163 4667 3219 4722 et
3242 4662 3401 4722 cinis
3417 4659 3475 4710 28
3498 4677 3513 4735 ;
3539 4661 3849 4724 humilita—

2207 4756 2321 4808 tem
2349 4747 2459 4810 Job
2495 4750 2553 4810 in
2593 4750 2903 4812 verissima
2934 4751 3064 4827 hac,
3099 4769 3275 4832 quam
3336 4751 3539 4832 tradit,
3562 4752 3847 4817 veritate:

474 4844 535 4904 in
564 4841 952 4903 conventibus
979 4838 1233 4917 publicis
1256 4838 1817 4918 legant,nisidivum
1843 4836 2121 4897 Clemen-
2204 4836 2392 4900 Nemo
2418 4841 2682 4900 mundus
2726 4858 2763 4901 ιι
2807 4841 3009 4919 sorde,
3043 4851 3100 4902 et
3137 4841 3194 4902 si
3223 4840 3411 4903 unius
3442 4842 3573 4902 diei
3611 4844 3691 4904 sit
3722 4842 3853 4904 vita

473 4941 588 4994 tem
618 4952 726 4993 ceu
751 4930 936 4991 sancti
963 4932 1122 4991 Petri
1149 4928 1555 5005 apostolorum
1587 4926 1870 5003 Principis
1890 4944 2125 4985 succes-
2207 4921 2338 4995 ejus
2358 4919 2418 4969 29
2450 4940 2465 4993 ;
2492 4920 2880 4981 humilitatem
2933 4921 3148 5000 Moysis
3198 4920 3256 4980 in
3306 4922 3637 4995 aversione,
3675 4940 3850 5002 quam

474 5040 670 5085 sorem
704 5021 953 5081 fuissent
1000 5016 1283 5087 venerati,
1327 5017 1438 5077 nisi
1475 5035 1594 5096 pra
1642 5016 1888 5094 reliquis
1940 5015 2115 5075 etiam
2210 5008 2331 5071 Deo
2391 5019 2632 5070 testatus
2695 5019 2810 5083 est,
2868 5029 2902 5071 a
2950 5009 3243 5072 sumendo
3304 5011 3595 5090 regimine
3650 5013 3853 5093 populi

469 5110 853 5172 sanctissimis
872 5108 1009 5169 viris
1038 5106 1322 5185 majorem
1354 5106 1673 5184 quamdam
1703 5104 2113 5165 auctoritatem
2200 5098 2501 5161 Israelitici
2532 5103 2624 5157 5“:
2662 5100 3064 5162 humilitatem
3106 5099 3366 5179 Davidis,
3402 5119 3535 5180 qua
3597 5104 3855 5163 maxime

474 5201 667 5261 eidem
704 5198 1100 5259 tribuissent?
1134 5195 1255 5256 lloc
1289 5196 1422 5276 ipso
1455 5212 1599 5256 sane
1626 5204 1915 5273 tempore,
1956 5202 2014 5252 ut
2045 5211 2114 5253 ex
2199 5188 2259 5248 in
2316 5190 2542 5267 psalmo
2590 5208 2619 5250 L
2662 5190 2988 5270 reperitur,
3023 5189 3122 5250 ubi
3179 5207 3350 5250 verus
3402 5189 3497 5250 hic
3552 5189 3855 5270 pauitans

475 5289 728 5351 Eusebio
789 5287 1094 5362 discimus,
1154 5286 1370 5347 vivebat
1435 5285 1630 5346 adhuc
1680 5284 1895 5364 Eplnsi
1950 5284 2116 5343 divus
2200 5280 2599 5341 humilitatem
2633 5281 2826 5342 cordis
2859 5280 2949 5339 sui
2983 5278 3322 5340 manifestat
3345 5279 3490 5357 (4t).

1772 5445 1835 5495 30
1864 5444 2047 5506 Exod.
2085 5460 2173 5519 ιιι,
2213 5446 2302 5506 tl.

2292 5581 2424 5654 (4ο)
2455 5577 2630 5650 Ibid.,
2666 5598 2798 5658 cap.
2840 5577 2929 5640 ιτ.

2294 5662 2418 5741 (41)
2456 5659 2562 5739 Ep.
2605 5670 2655 5737 t,
2684 5678 2814 5738 cap.
2856 5658 2948 5721 18.

1211 5448 1270 5497 29
1291 5445 1426 5509 Job.
1462 5464 1581 5520 xw,
1616 5446 1677 5507 4.

559 5584 682 5662 (38)
716 5587 799 5644 Ue
832 5582 1173 5661 Hieronym.
1206 5585 1287 5643 [)0
1315 5587 1499 5662 scrip.
1531 5580 1800 5644 ecclesia
1824 5580 2119 5658 Catalugo.

564 5667 685 5743 (39)
724 5662 906 5742 Epist.
948 5667 995 5731 l,
1037 5680 1166 5741 cap.
1208 5668 1299 5723 lt}.

556 5452 611 5500 εδ
640 5454 788 5513 Cen.
826 5467 989 5515 xvm.
1024 5447 1124 5510 27.
