  <div class='ocr_page' id='page_1' title='image "/cluster/home/n/w/nwhite01/storage/ocr_20150623/1/hvd.32044073501413/110.png"; bbox 0 0 4088 6360; ppageno 0'>
   <div class='ocr_carea' id='block_1_1' title="bbox 510 413 627 483">
    <p class='ocr_par' dir='ltr' id='par_1_1' title="bbox 510 413 627 483">
     <span class='ocr_line' id='line_1_1' title="bbox 510 413 627 483; baseline 0.017 -2"><span class='ocrx_word' id='word_1_1' title='bbox 510 413 627 483; x_wconf 81' lang='lat'><strong>203</strong></span> 
     </span>
    </p>
   </div>
   <div class='ocr_carea' id='block_1_2' title="bbox 510 549 2494 632">
    <p class='ocr_par' dir='ltr' id='par_1_2' title="bbox 510 549 2494 632">
     <span class='ocr_line' id='line_1_2' title="bbox 510 549 2494 632; baseline -0.004 -21"><span class='ocrx_word' id='word_1_2' title='bbox 510 567 642 632; x_wconf 82' lang='lat' dir='ltr'><strong>qua</strong></span> <span class='ocrx_word' id='word_1_3' title='bbox 666 549 1524 632; x_wconf 82' lang='lat' dir='ltr'><strong>incolitCorinthum,vocatis,</strong></span> <span class='ocrx_word' id='word_1_4' title='bbox 1555 549 1935 612; x_wconf 81' lang='lat' dir='ltr'><strong>sanctiﬁcatis</strong></span> <span class='ocrx_word' id='word_1_5' title='bbox 1954 549 2014 609; x_wconf 89' lang='lat' dir='ltr'><strong>in</strong></span> <span class='ocrx_word' id='word_1_6' title='bbox 2043 569 2151 610; x_wconf 82' lang='grc' dir='ltr'>νο·</span> <span class='ocrx_word' id='word_1_7' title='bbox 2175 565 2215 613; x_wconf 77' lang='grc' dir='ltr'><strong>Α</strong></span> <span class='ocrx_word' id='word_1_8' title='bbox 2239 549 2494 629; x_wconf 82' lang='grc' dir='ltr'>[Ῥώμην,</span> 
     </span>
    </p>
   </div>
   <div class='ocr_carea' id='block_1_3' title="bbox 508 636 2155 720">
    <p class='ocr_par' dir='ltr' id='par_1_3' title="bbox 508 636 2155 720">
     <span class='ocr_line' id='line_1_3' title="bbox 508 636 2155 720; baseline -0.002 -19"><span class='ocrx_word' id='word_1_9' title='bbox 508 638 734 702; x_wconf 87' lang='lat' dir='ltr'><strong>luntate</strong></span> <span class='ocrx_word' id='word_1_10' title='bbox 763 639 871 701; x_wconf 87' lang='lat' dir='ltr'><strong>Dei</strong></span> <span class='ocrx_word' id='word_1_11' title='bbox 899 658 1004 720; x_wconf 89' lang='lat' dir='ltr'><strong>per</strong></span> <span class='ocrx_word' id='word_1_12' title='bbox 1062 641 1382 702; x_wconf 90' lang='lat' dir='ltr'><strong>Dominum</strong></span> <span class='ocrx_word' id='word_1_13' title='bbox 1434 648 1702 702; x_wconf 88' lang='lat' dir='ltr'><strong>nostrum</strong></span> <span class='ocrx_word' id='word_1_14' title='bbox 1732 638 1934 701; x_wconf 87' lang='lat' dir='ltr'><strong>Jesum</strong></span> <span class='ocrx_word' id='word_1_15' title='bbox 1981 636 2155 701; x_wconf 90' lang='lat' dir='ltr'><strong>Chri-</strong></span> 
     </span>
    </p>
   </div>
   <div class='ocr_carea' id='block_1_4' title="bbox 1292 382 3112 484">
    <p class='ocr_par' dir='ltr' id='par_1_4' title="bbox 1292 382 3112 484">
     <span class='ocr_line' id='line_1_4' title="bbox 1292 382 3112 484; baseline -0.002 -3"><span class='ocrx_word' id='word_1_16' title='bbox 1292 419 1357 484; x_wconf 90' lang='lat' dir='ltr'><strong>s.</strong></span> <span class='ocrx_word' id='word_1_17' title='bbox 1400 413 1835 482; x_wconf 85' lang='lat' dir='ltr'><strong>CLEMENTIS</strong></span> <span class='ocrx_word' id='word_1_18' title='bbox 1875 415 1902 479; x_wconf 93' lang='lat' dir='ltr'>I</span> <span class='ocrx_word' id='word_1_19' title='bbox 1945 414 2128 478; x_wconf 72' lang='lat' dir='ltr'><strong>non.</strong></span> <span class='ocrx_word' id='word_1_20' title='bbox 2177 382 2402 478; x_wconf 88' lang='lat' dir='ltr'><strong>PONT.</strong></span> <span class='ocrx_word' id='word_1_21' title='bbox 2449 414 2695 480; x_wconf 82' lang='lat' dir='ltr'><strong>OPERA</strong></span> <span class='ocrx_word' id='word_1_22' title='bbox 2739 414 3112 482; x_wconf 80' lang='lat' dir='ltr'><strong>GENUINA.</strong></span> 
     </span>
    </p>
   </div>
   <div class='ocr_carea' id='block_1_5' title="bbox 3764 415 3884 484">
    <p class='ocr_par' dir='ltr' id='par_1_5' title="bbox 3764 415 3884 484">
     <span class='ocr_line' id='line_1_5' title="bbox 3764 415 3884 484; baseline 0.017 -2"><span class='ocrx_word' id='word_1_23' title='bbox 3764 415 3884 484; x_wconf 69' lang='lat'><strong>204</strong></span> 
     </span>
    </p>
   </div>
   <div class='ocr_carea' id='block_1_6' title="bbox 2595 550 3875 635">
    <p class='ocr_par' dir='ltr' id='par_1_6' title="bbox 2595 550 3875 635">
     <span class='ocr_line' id='line_1_6' title="bbox 2595 550 3875 635; baseline 0.006 -29"><span class='ocrx_word' id='word_1_24' title='bbox 2595 557 2662 627; x_wconf 78' lang='grc' dir='ltr'><strong>τῇ</strong></span> <span class='ocrx_word' id='word_1_25' title='bbox 2745 550 3038 624; x_wconf 81' lang='grc' dir='ltr'><strong>Ἐκκλησίᾳ</strong></span> <span class='ocrx_word' id='word_1_26' title='bbox 3126 560 3216 610; x_wconf 82' lang='grc' dir='ltr'>τοῦ</span> <span class='ocrx_word' id='word_1_27' title='bbox 3305 561 3434 609; x_wconf 81' lang='grc' dir='ltr'><strong>Θεοῦ</strong></span> <span class='ocrx_word' id='word_1_28' title='bbox 3507 560 3575 630; x_wconf 81' lang='grc' dir='ltr'><strong>τῇ</strong></span> <span class='ocrx_word' id='word_1_29' title='bbox 3647 554 3875 635; x_wconf 76' lang='grc' dir='ltr'>πα[ροι-</span> 
     </span>
    </p>
   </div>
   <div class='ocr_carea' id='block_1_7' title="bbox 2240 637 3884 724">
    <p class='ocr_par' dir='ltr' id='par_1_7' title="bbox 2240 637 3884 724">
     <span class='ocr_line' id='line_1_7' title="bbox 2240 637 3884 724; baseline 0.004 -29"><span class='ocrx_word' id='word_1_30' title='bbox 2240 639 2432 714; x_wconf 63' lang='lat' dir='ltr'><strong>multm</strong></span> <span class='ocrx_word' id='word_1_31' title='bbox 2484 637 2603 718; x_wconf 74' lang='lat'><strong>(82)</strong></span> <span class='ocrx_word' id='word_1_32' title='bbox 2681 640 2947 719; x_wconf 78' lang='grc' dir='ltr'>Κόρινθον,</span> <span class='ocrx_word' id='word_1_33' title='bbox 3035 640 3281 722; x_wconf 77' lang='grc' dir='ltr'>κλητοῖς,</span> <span class='ocrx_word' id='word_1_34' title='bbox 3367 641 3770 724; x_wconf 70' lang='grc' dir='ltr'><strong>ἡγι[ασ;ιέν]οις</strong></span> <span class='ocrx_word' id='word_1_35' title='bbox 3829 647 3884 702; x_wconf 69' lang='grc' dir='ltr'>ἐν</span> 
     </span>
    </p>
   </div>
   <div class='ocr_carea' id='block_1_8' title="bbox 1861 757 2560 823">
    <p class='ocr_par' dir='ltr' id='par_1_8' title="bbox 1861 757 2560 823">
     <span class='ocr_line' id='line_1_8' title="bbox 1861 757 2560 823; baseline 0.001 -1"><span class='ocrx_word' id='word_1_36' title='bbox 1861 757 2264 823; x_wconf 78' lang='lat' dir='ltr'><strong>VABIORUM</strong></span> <span class='ocrx_word' id='word_1_37' title='bbox 2309 757 2560 822; x_wconf 66' lang='lat' dir='ltr'><strong>NOTJE.</strong></span> 
     </span>
    </p>
   </div>
   <div class='ocr_carea' id='block_1_9' title="bbox 513 879 2160 953">
    <p class='ocr_par' dir='ltr' id='par_1_9' title="bbox 513 879 2160 953">
     <span class='ocr_line' id='line_1_9' title="bbox 513 879 2160 953; baseline -0.002 -13"><span class='ocrx_word' id='word_1_38' title='bbox 513 882 646 940; x_wconf 76' lang='lat' dir='ltr'><strong>dua</strong></span> <span class='ocrx_word' id='word_1_39' title='bbox 676 881 934 949; x_wconf 74' lang='lat' dir='ltr'><strong>unitatis,</strong></span> <span class='ocrx_word' id='word_1_40' title='bbox 986 897 1109 953; x_wconf 85' lang='lat' dir='ltr'><strong>qua</strong></span> <span class='ocrx_word' id='word_1_41' title='bbox 1156 882 1356 939; x_wconf 90' lang='lat' dir='ltr'><strong>ﬁdeles</strong></span> <span class='ocrx_word' id='word_1_42' title='bbox 1409 883 1716 953; x_wconf 83' lang='lat' dir='ltr'><strong>universos</strong></span> <span class='ocrx_word' id='word_1_43' title='bbox 1763 879 2160 953; x_wconf 73' lang='lat' dir='ltr'><strong>coniunxerat.</strong></span> 
     </span>
    </p>
   </div>
   <div class='ocr_carea' id='block_1_10' title="bbox 512 951 2159 1025">
    <p class='ocr_par' dir='ltr' id='par_1_10' title="bbox 512 951 2159 1025">
     <span class='ocr_line' id='line_1_10' title="bbox 512 951 2159 1025; baseline 0.001 -18"><span class='ocrx_word' id='word_1_44' title='bbox 512 955 565 1009; x_wconf 84' lang='lat' dir='ltr'><strong>vi</strong></span> <span class='ocrx_word' id='word_1_45' title='bbox 640 960 696 1025; x_wconf 85' lang='lat' dir='ltr'><strong>et</strong></span> <span class='ocrx_word' id='word_1_46' title='bbox 759 951 1100 1025; x_wconf 75' lang='lat' dir='ltr'><strong>necessitate</strong></span> <span class='ocrx_word' id='word_1_47' title='bbox 1135 969 1268 1025; x_wconf 87' lang='lat' dir='ltr'><strong>esse</strong></span> <span class='ocrx_word' id='word_1_48' title='bbox 1293 954 1651 1025; x_wconf 87' lang='lat' dir='ltr'><strong>repetendas.</strong></span> <span class='ocrx_word' id='word_1_49' title='bbox 1688 951 1958 1025; x_wconf 74' lang='lat' dir='ltr'><strong>Quisquis</strong></span> <span class='ocrx_word' id='word_1_50' title='bbox 2006 953 2159 1025; x_wconf 79' lang='lat' dir='ltr'><strong>enim</strong></span> 
     </span>
    </p>
   </div>
   <div class='ocr_carea' id='block_1_11' title="bbox 516 1022 2164 1095">
    <p class='ocr_par' dir='ltr' id='par_1_11' title="bbox 516 1022 2164 1095">
     <span class='ocr_line' id='line_1_11' title="bbox 516 1022 2164 1095; baseline -0.002 -13"><span class='ocrx_word' id='word_1_51' title='bbox 516 1023 787 1082; x_wconf 85' lang='lat' dir='ltr'><strong>Ecclesia</strong></span> <span class='ocrx_word' id='word_1_52' title='bbox 823 1024 1074 1095; x_wconf 83' lang='lat' dir='ltr'><strong>cujusvis</strong></span> <span class='ocrx_word' id='word_1_53' title='bbox 1107 1022 1426 1081; x_wconf 76' lang='lat' dir='ltr'><strong>membrum</strong></span> <span class='ocrx_word' id='word_1_54' title='bbox 1459 1024 1742 1091; x_wconf 80' lang='lat' dir='ltr'><strong>audiebat,</strong></span> <span class='ocrx_word' id='word_1_55' title='bbox 1763 1022 1891 1095; x_wconf 80' lang='lat' dir='ltr'><strong>aliis</strong></span> <span class='ocrx_word' id='word_1_56' title='bbox 1922 1023 2164 1095; x_wconf 85' lang='lat' dir='ltr'><strong>quibus-</strong></span> 
     </span>
    </p>
   </div>
   <div class='ocr_carea' id='block_1_12' title="bbox 516 1093 2158 1165">
    <p class='ocr_par' dir='ltr' id='par_1_12' title="bbox 516 1093 2158 1165">
     <span class='ocr_line' id='line_1_12' title="bbox 516 1093 2158 1165; baseline 0 -15"><span class='ocrx_word' id='word_1_57' title='bbox 516 1110 744 1165; x_wconf 91' lang='lat' dir='ltr'><strong>cunque</strong></span> <span class='ocrx_word' id='word_1_58' title='bbox 781 1093 1044 1165; x_wconf 78' lang='lat' dir='ltr'><strong>protinus</strong></span> <span class='ocrx_word' id='word_1_59' title='bbox 1096 1095 1553 1165; x_wconf 74' lang='lat' dir='ltr'><strong>adnectebatur;</strong></span> <span class='ocrx_word' id='word_1_60' title='bbox 1594 1102 1648 1151; x_wconf 91' lang='lat' dir='ltr'><strong>et</strong></span> <span class='ocrx_word' id='word_1_61' title='bbox 1677 1094 1774 1165; x_wconf 87' lang='lat' dir='ltr'><strong>qui</strong></span> <span class='ocrx_word' id='word_1_62' title='bbox 1843 1093 1913 1149; x_wconf 89' lang='lat' dir='ltr'><strong>ab</strong></span> <span class='ocrx_word' id='word_1_63' title='bbox 1969 1094 2158 1163; x_wconf 88' lang='lat' dir='ltr'><strong>aliqua</strong></span> 
     </span>
    </p>
   </div>
   <div class='ocr_carea' id='block_1_13' title="bbox 515 1165 2160 1237">
    <p class='ocr_par' dir='ltr' id='par_1_13' title="bbox 515 1165 2160 1237">
     <span class='ocr_line' id='line_1_13' title="bbox 515 1165 2160 1237; baseline -0.001 -15"><span class='ocrx_word' id='word_1_64' title='bbox 515 1177 801 1223; x_wconf 80' lang='lat' dir='ltr'><strong>meruerat</strong></span> <span class='ocrx_word' id='word_1_65' title='bbox 833 1166 984 1237; x_wconf 82' lang='lat' dir='ltr'><strong>ejici,</strong></span> <span class='ocrx_word' id='word_1_66' title='bbox 1019 1167 1088 1222; x_wconf 93' lang='lat' dir='ltr'><strong>ab</strong></span> <span class='ocrx_word' id='word_1_67' title='bbox 1131 1169 1417 1224; x_wconf 85' lang='lat' dir='ltr'><strong>universis</strong></span> <span class='ocrx_word' id='word_1_68' title='bbox 1453 1166 1653 1237; x_wconf 89' lang='lat' dir='ltr'><strong>utique</strong></span> <span class='ocrx_word' id='word_1_69' title='bbox 1699 1165 1944 1221; x_wconf 90' lang='lat' dir='ltr'><strong>extorris</strong></span> <span class='ocrx_word' id='word_1_70' title='bbox 1984 1165 2160 1222; x_wconf 91' lang='lat' dir='ltr'><strong>habe-</strong></span> 
     </span>
    </p>
   </div>
   <div class='ocr_carea' id='block_1_14' title="bbox 516 1237 2158 1307">
    <p class='ocr_par' dir='ltr' id='par_1_14' title="bbox 516 1237 2158 1307">
     <span class='ocr_line' id='line_1_14' title="bbox 516 1237 2158 1307; baseline -0.001 -14"><span class='ocrx_word' id='word_1_71' title='bbox 516 1237 888 1301; x_wconf 87' lang='lat' dir='ltr'><strong>batur.Unde,</strong></span> <span class='ocrx_word' id='word_1_72' title='bbox 924 1239 1207 1294; x_wconf 81' lang='lat' dir='ltr'><strong>referente</strong></span> <span class='ocrx_word' id='word_1_73' title='bbox 1237 1238 1612 1306; x_wconf 91' lang='lat' dir='ltr'><strong>Tertulliano,</strong></span> <span class='ocrx_word' id='word_1_74' title='bbox 1657 1237 1736 1292; x_wconf 90' lang='lat' dir='ltr'><strong>De</strong></span> <span class='ocrx_word' id='word_1_75' title='bbox 1768 1251 1994 1307; x_wconf 74' lang='lat' dir='ltr'><strong>prascr.</strong></span> <span class='ocrx_word' id='word_1_76' title='bbox 2058 1237 2158 1292; x_wconf 86' lang='lat' dir='ltr'><strong>ad-</strong></span> 
     </span>
    </p>
   </div>
   <div class='ocr_carea' id='block_1_15' title="bbox 515 1307 2158 1366">
    <p class='ocr_par' dir='ltr' id='par_1_15' title="bbox 515 1307 2158 1366">
     <span class='ocr_line' id='line_1_15' title="bbox 515 1307 2158 1366; baseline 0.002 -6"><span class='ocrx_word' id='word_1_77' title='bbox 515 1323 705 1365; x_wconf 78' lang='lat' dir='ltr'><strong>versus</strong></span> <span class='ocrx_word' id='word_1_78' title='bbox 734 1310 921 1364; x_wconf 65' lang='lat' dir='ltr'><strong>haeres.</strong></span> <span class='ocrx_word' id='word_1_79' title='bbox 955 1328 976 1366; x_wconf 88' lang='lat'><strong><em>:</em></strong></span> <span class='ocrx_word' id='word_1_80' title='bbox 1012 1307 1101 1363; x_wconf 84' lang='lat' dir='ltr'><strong>Tot</strong></span> <span class='ocrx_word' id='word_1_81' title='bbox 1139 1327 1197 1365; x_wconf 88' lang='lat' dir='ltr'><strong>ac</strong></span> <span class='ocrx_word' id='word_1_82' title='bbox 1226 1315 1391 1365; x_wconf 68' lang='lat' dir='ltr'><strong>tanta;</strong></span> <span class='ocrx_word' id='word_1_83' title='bbox 1422 1308 1677 1366; x_wconf 75' lang='lat' dir='ltr'><strong>Ecclesia</strong></span> <span class='ocrx_word' id='word_1_84' title='bbox 1706 1323 1818 1363; x_wconf 82' lang='lat' dir='ltr'><strong>mia</strong></span> <span class='ocrx_word' id='word_1_85' title='bbox 1849 1313 1926 1363; x_wconf 78' lang='lat' dir='ltr'><strong>est</strong></span> <span class='ocrx_word' id='word_1_86' title='bbox 1956 1308 2053 1363; x_wconf 86' lang='lat' dir='ltr'><strong>illa</strong></span> <span class='ocrx_word' id='word_1_87' title='bbox 2093 1307 2158 1363; x_wconf 85' lang='lat' dir='ltr'><strong>ab</strong></span> 
     </span>
    </p>
   </div>
   <div class='ocr_carea' id='block_1_16' title="bbox 516 1380 2157 1452">
    <p class='ocr_par' dir='ltr' id='par_1_16' title="bbox 516 1380 2157 1452">
     <span class='ocr_line' id='line_1_16' title="bbox 516 1380 2157 1452; baseline -0.001 -18"><span class='ocrx_word' id='word_1_88' title='bbox 516 1380 774 1450; x_wconf 81' lang='lat' dir='ltr'><strong>apostolis</strong></span> <span class='ocrx_word' id='word_1_89' title='bbox 793 1380 992 1450; x_wconf 85' lang='lat' dir='ltr'><strong>prima,</strong></span> <span class='ocrx_word' id='word_1_90' title='bbox 1015 1397 1079 1434; x_wconf 75' lang='lat' dir='ltr'><strong>ea:</strong></span> <span class='ocrx_word' id='word_1_91' title='bbox 1111 1397 1232 1452; x_wconf 15' lang='lat' dir='ltr'><strong>iqua</strong></span> <span class='ocrx_word' id='word_1_92' title='bbox 1263 1397 1480 1449; x_wconf 79' lang='lat' dir='ltr'><strong>omnes;</strong></span> <span class='ocrx_word' id='word_1_93' title='bbox 1530 1381 1606 1452; x_wconf 64' lang='lat' dir='ltr'><strong>sic</strong></span> <span class='ocrx_word' id='word_1_94' title='bbox 1653 1394 1830 1452; x_wconf 82' lang='lat' dir='ltr'><strong>omnes</strong></span> <span class='ocrx_word' id='word_1_95' title='bbox 1870 1382 2058 1452; x_wconf 74' lang='lat' dir='ltr'><strong>prima</strong></span> <span class='ocrx_word' id='word_1_96' title='bbox 2111 1389 2157 1432; x_wconf 86' lang='lat' dir='ltr'><strong>et</strong></span> 
     </span>
    </p>
   </div>
   <div class='ocr_carea' id='block_1_17' title="bbox 515 1449 2160 1523">
    <p class='ocr_par' dir='ltr' id='par_1_17' title="bbox 515 1449 2160 1523">
     <span class='ocr_line' id='line_1_17' title="bbox 515 1449 2160 1523; baseline -0.002 -17"><span class='ocrx_word' id='word_1_97' title='bbox 515 1449 690 1506; x_wconf 63' lang='lat' dir='ltr'><strong>omnes</strong></span> <span class='ocrx_word' id='word_1_98' title='bbox 721 1449 1048 1522; x_wconf 71' lang='lat' dir='ltr'><strong>apbstaticai,</strong></span> <span class='ocrx_word' id='word_1_99' title='bbox 1085 1449 1206 1504; x_wconf 71' lang='lat' dir='ltr'><strong>dam</strong></span> <span class='ocrx_word' id='word_1_100' title='bbox 1236 1467 1413 1506; x_wconf 82' lang='lat' dir='ltr'><strong>imam</strong></span> <span class='ocrx_word' id='word_1_101' title='bbox 1440 1451 1668 1523; x_wconf 67' lang='lat' dir='ltr'><strong>probant</strong></span> <span class='ocrx_word' id='word_1_102' title='bbox 1701 1449 1980 1506; x_wconf 76' lang='lat' dir='ltr'><strong>unitatem.</strong></span> <span class='ocrx_word' id='word_1_103' title='bbox 2016 1449 2160 1505; x_wconf 85' lang='lat' dir='ltr'><strong>Com-</strong></span> 
     </span>
    </p>
   </div>
   <div class='ocr_carea' id='block_1_18' title="bbox 514 1523 2157 1594">
    <p class='ocr_par' dir='ltr' id='par_1_18' title="bbox 514 1523 2157 1594">
     <span class='ocr_line' id='line_1_18' title="bbox 514 1523 2157 1594; baseline 0.002 -20"><span class='ocrx_word' id='word_1_104' title='bbox 514 1523 812 1577; x_wconf 84' lang='lat' dir='ltr'><strong>municatio</strong></span> <span class='ocrx_word' id='word_1_105' title='bbox 839 1525 1008 1592; x_wconf 83' lang='lat' dir='ltr'><strong>pacis,</strong></span> <span class='ocrx_word' id='word_1_106' title='bbox 1044 1527 1093 1577; x_wconf 85' lang='lat' dir='ltr'><strong>et</strong></span> <span class='ocrx_word' id='word_1_107' title='bbox 1124 1524 1416 1594; x_wconf 74' lang='lat' dir='ltr'><strong>appellatio</strong></span> <span class='ocrx_word' id='word_1_108' title='bbox 1448 1523 1838 1593; x_wconf 79' lang='lat' dir='ltr'><strong>fraternitatis.</strong></span> <span class='ocrx_word' id='word_1_109' title='bbox 1884 1527 1935 1594; x_wconf 86' lang='lat' dir='ltr'><strong>et</strong></span> <span class='ocrx_word' id='word_1_110' title='bbox 1951 1529 2157 1577; x_wconf 83' lang='lat' dir='ltr'><strong>contes-</strong></span> 
     </span>
    </p>
   </div>
   <div class='ocr_carea' id='block_1_19' title="bbox 512 1593 2155 1665">
    <p class='ocr_par' dir='ltr' id='par_1_19' title="bbox 512 1593 2155 1665">
     <span class='ocr_line' id='line_1_19' title="bbox 512 1593 2155 1665; baseline 0 -19"><span class='ocrx_word' id='word_1_111' title='bbox 512 1594 709 1648; x_wconf 74' lang='lat' dir='ltr'><strong>seratio</strong></span> <span class='ocrx_word' id='word_1_112' title='bbox 739 1594 1120 1665; x_wconf 71' lang='lat' dir='ltr'><strong>hospitalitatis</strong></span> <span class='ocrx_word' id='word_1_113' title='bbox 1151 1593 1313 1664; x_wconf 47' lang='lat' dir='ltr'><strong>(qua;</strong></span> <span class='ocrx_word' id='word_1_114' title='bbox 1323 1595 1458 1665; x_wconf 83' lang='lat' dir='ltr'><strong>jura</strong></span> <span class='ocrx_word' id='word_1_115' title='bbox 1487 1611 1593 1648; x_wconf 77' lang='lat' dir='ltr'><strong>non</strong></span> <span class='ocrx_word' id='word_1_116' title='bbox 1647 1595 1762 1648; x_wconf 90' lang='lat' dir='ltr'><strong>atia</strong></span> <span class='ocrx_word' id='word_1_117' title='bbox 1807 1593 1944 1665; x_wconf 74' lang='lat' dir='ltr'><strong>ratio</strong></span> <span class='ocrx_word' id='word_1_118' title='bbox 1997 1595 2155 1664; x_wconf 83' lang='lat' dir='ltr'><strong>regit,</strong></span> 
     </span>
    </p>
   </div>
   <div class='ocr_carea' id='block_1_20' title="bbox 514 1664 2151 1735">
    <p class='ocr_par' dir='ltr' id='par_1_20' title="bbox 514 1664 2151 1735">
     <span class='ocr_line' id='line_1_20' title="bbox 514 1664 2151 1735; baseline 0 -17"><span class='ocrx_word' id='word_1_119' title='bbox 514 1680 682 1735; x_wconf 81' lang='lat' dir='ltr'><strong>quam</strong></span> <span class='ocrx_word' id='word_1_120' title='bbox 701 1664 936 1735; x_wconf 77' lang='lat' dir='ltr'><strong>ejusdem</strong></span> <span class='ocrx_word' id='word_1_121' title='bbox 963 1668 1303 1721; x_wconf 80' lang='lat' dir='ltr'><strong>sacramenti</strong></span> <span class='ocrx_word' id='word_1_122' title='bbox 1327 1664 1440 1721; x_wconf 70' lang='lat' dir='ltr'><strong>una</strong></span> <span class='ocrx_word' id='word_1_123' title='bbox 1476 1665 1726 1720; x_wconf 74' lang='lat' dir='ltr'><strong>traditio.</strong></span> <span class='ocrx_word' id='word_1_124' title='bbox 1793 1664 1966 1735; x_wconf 83' lang='lat' dir='ltr'><strong>Cujus</strong></span> <span class='ocrx_word' id='word_1_125' title='bbox 2024 1665 2151 1730; x_wconf 79' lang='lat' dir='ltr'><strong>Viri,</strong></span> 
     </span>
    </p>
   </div>
   <div class='ocr_carea' id='block_1_21' title="bbox 515 1735 2155 1804">
    <p class='ocr_par' dir='ltr' id='par_1_21' title="bbox 515 1735 2155 1804">
     <span class='ocr_line' id='line_1_21' title="bbox 515 1735 2155 1804; baseline 0.002 -15"><span class='ocrx_word' id='word_1_126' title='bbox 515 1745 794 1804; x_wconf 87' lang='lat' dir='ltr'><strong>prarupta</strong></span> <span class='ocrx_word' id='word_1_127' title='bbox 832 1737 982 1801; x_wconf 91' lang='lat' dir='ltr'><strong>licet,</strong></span> <span class='ocrx_word' id='word_1_128' title='bbox 1016 1735 1197 1791; x_wconf 88' lang='lat' dir='ltr'><strong>valida</strong></span> <span class='ocrx_word' id='word_1_129' title='bbox 1237 1751 1400 1792; x_wconf 82' lang='lat' dir='ltr'><strong>sensa</strong></span> <span class='ocrx_word' id='word_1_130' title='bbox 1444 1737 1650 1803; x_wconf 86' lang='lat' dir='ltr'><strong>verbis,</strong></span> <span class='ocrx_word' id='word_1_131' title='bbox 1712 1743 1770 1790; x_wconf 94' lang='lat' dir='ltr'><strong>ut</strong></span> <span class='ocrx_word' id='word_1_132' title='bbox 1798 1735 1964 1798; x_wconf 85' lang='lat' dir='ltr'><strong>solet,</strong></span> <span class='ocrx_word' id='word_1_133' title='bbox 2032 1751 2155 1792; x_wconf 89' lang='lat' dir='ltr'><strong>ma-</strong></span> 
     </span>
    </p>
   </div>
   <div class='ocr_carea' id='block_1_22' title="bbox 518 1804 2155 1877">
    <p class='ocr_par' dir='ltr' id='par_1_22' title="bbox 518 1804 2155 1877">
     <span class='ocr_line' id='line_1_22' title="bbox 518 1804 2155 1877; baseline 0.001 -16"><span class='ocrx_word' id='word_1_134' title='bbox 518 1808 605 1877; x_wconf 86' lang='lat' dir='ltr'><strong>gis</strong></span> <span class='ocrx_word' id='word_1_135' title='bbox 655 1807 926 1877; x_wconf 63' lang='lat' dir='ltr'><strong>Romanis</strong></span> <span class='ocrx_word' id='word_1_136' title='bbox 973 1806 1129 1863; x_wconf 75' lang='lat' dir='ltr'><strong>eﬁert</strong></span> <span class='ocrx_word' id='word_1_137' title='bbox 1159 1808 1496 1877; x_wconf 84' lang='lat' dir='ltr'><strong>Cyprianus,</strong></span> <span class='ocrx_word' id='word_1_138' title='bbox 1529 1806 1645 1863; x_wconf 85' lang='lat' dir='ltr'><strong>Lib.</strong></span> <span class='ocrx_word' id='word_1_139' title='bbox 1690 1805 1753 1860; x_wconf 85' lang='lat' dir='ltr'><strong>de</strong></span> <span class='ocrx_word' id='word_1_140' title='bbox 1785 1807 2004 1877; x_wconf 78' lang='lat' dir='ltr'><strong>imitate</strong></span> <span class='ocrx_word' id='word_1_141' title='bbox 2045 1804 2155 1862; x_wconf 83' lang='lat' dir='ltr'><strong>Ec-</strong></span> 
     </span>
    </p>
   </div>
   <div class='ocr_carea' id='block_1_23' title="bbox 516 1875 2153 1949">
    <p class='ocr_par' dir='ltr' id='par_1_23' title="bbox 516 1875 2153 1949">
     <span class='ocr_line' id='line_1_23' title="bbox 516 1875 2153 1949; baseline 0 -16"><span class='ocrx_word' id='word_1_142' title='bbox 516 1875 690 1949; x_wconf 67' lang='lat' dir='ltr'><strong>clesia</strong></span> <span class='ocrx_word' id='word_1_143' title='bbox 730 1893 744 1933; x_wconf 89' lang='lat'><strong>:</strong></span> <span class='ocrx_word' id='word_1_144' title='bbox 796 1875 1155 1949; x_wconf 64' lang='lat' dir='ltr'><strong>EpireOpatus</strong></span> <span class='ocrx_word' id='word_1_145' title='bbox 1175 1875 1315 1935; x_wconf 70' lang='lat' dir='ltr'><strong>titius</strong></span> <span class='ocrx_word' id='word_1_146' title='bbox 1345 1883 1444 1947; x_wconf 73' lang='lat' dir='ltr'><strong>est,</strong></span> <span class='ocrx_word' id='word_1_147' title='bbox 1472 1879 1626 1949; x_wconf 78' lang='lat' dir='ltr'><strong>cujus</strong></span> <span class='ocrx_word' id='word_1_148' title='bbox 1667 1894 1709 1949; x_wconf 0' lang='lat' dir='ltr'><strong>ac</strong></span> <span class='ocrx_word' id='word_1_149' title='bbox 1727 1877 1955 1949; x_wconf 70' lang='lat' dir='ltr'><strong>singulis</strong></span> <span class='ocrx_word' id='word_1_150' title='bbox 1985 1876 2045 1949; x_wconf 80' lang='lat' dir='ltr'><strong>in</strong></span> <span class='ocrx_word' id='word_1_151' title='bbox 2072 1892 2153 1933; x_wconf 81' lang='lat' dir='ltr'><strong>so-</strong></span> 
     </span>
    </p>
   </div>
   <div class='ocr_carea' id='block_1_24' title="bbox 515 1946 2148 2020">
    <p class='ocr_par' dir='ltr' id='par_1_24' title="bbox 515 1946 2148 2020">
     <span class='ocr_line' id='line_1_24' title="bbox 515 1946 2148 2020; baseline 0.003 -20"><span class='ocrx_word' id='word_1_152' title='bbox 515 1946 684 2020; x_wconf 60' lang='lat' dir='ltr'><strong>lidum</strong></span> <span class='ocrx_word' id='word_1_153' title='bbox 729 1946 864 2020; x_wconf 59' lang='lat' dir='ltr'><strong>pars</strong></span> <span class='ocrx_word' id='word_1_154' title='bbox 891 1946 1091 2003; x_wconf 79' lang='lat' dir='ltr'><strong>tenetur</strong></span> <span class='ocrx_word' id='word_1_155' title='bbox 1121 1967 1138 2011; x_wconf 82' lang='lat'><strong>,°</strong></span> <span class='ocrx_word' id='word_1_156' title='bbox 1169 1959 1222 2005; x_wconf 86' lang='lat' dir='ltr'><strong>et</strong></span> <span class='ocrx_word' id='word_1_157' title='bbox 1259 1946 1492 2019; x_wconf 79' lang='lat' dir='ltr'><strong>Optatus</strong></span> <span class='ocrx_word' id='word_1_158' title='bbox 1527 1946 1906 2008; x_wconf 44' lang='lat' dir='ltr'><strong>&#39;Milevitan&#39;us.</strong></span> <span class='ocrx_word' id='word_1_159' title='bbox 1943 1948 2021 2004; x_wconf 90' lang='lat' dir='ltr'><strong>lib</strong></span> <span class='ocrx_word' id='word_1_160' title='bbox 2067 1960 2148 2005; x_wconf 83' lang='lat' dir='ltr'><strong>lt:</strong></span> 
     </span>
    </p>
   </div>
   <div class='ocr_carea' id='block_1_25' title="bbox 519 2017 2151 2092">
    <p class='ocr_par' dir='ltr' id='par_1_25' title="bbox 519 2017 2151 2092">
     <span class='ocr_line' id='line_1_25' title="bbox 519 2017 2151 2092; baseline -0.001 -18"><span class='ocrx_word' id='word_1_161' title='bbox 519 2017 674 2092; x_wconf 77' lang='lat' dir='ltr'><strong>Totus</strong></span> <span class='ocrx_word' id='word_1_162' title='bbox 729 2017 879 2076; x_wconf 72' lang='lat' dir='ltr'><strong>orbis</strong></span> <span class='ocrx_word' id='word_1_163' title='bbox 933 2021 1243 2076; x_wconf 82' lang='lat' dir='ltr'><strong>commercio</strong></span> <span class='ocrx_word' id='word_1_164' title='bbox 1269 2017 1891 2092; x_wconf 51' lang='lat' dir='ltr'><strong>linmataruminyna</strong></span> <span class='ocrx_word' id='word_1_165' title='bbox 1915 2036 2151 2092; x_wconf 74' lang='lat' dir='ltr'><strong>commu-</strong></span> 
     </span>
    </p>
   </div>
   <div class='ocr_carea' id='block_1_26' title="bbox 515 2090 2150 2161">
    <p class='ocr_par' dir='ltr' id='par_1_26' title="bbox 515 2090 2150 2161">
     <span class='ocr_line' id='line_1_26' title="bbox 515 2090 2150 2161; baseline 0.002 -18"><span class='ocrx_word' id='word_1_166' title='bbox 515 2091 696 2146; x_wconf 79' lang='lat' dir='ltr'><strong>nionis</strong></span> <span class='ocrx_word' id='word_1_167' title='bbox 751 2095 995 2147; x_wconf 79' lang='lat' dir='ltr'><strong>societate</strong></span> <span class='ocrx_word' id='word_1_168' title='bbox 1043 2090 1338 2148; x_wconf 64' lang='lat' dir='ltr'><strong>concordat</strong></span> <span class='ocrx_word' id='word_1_169' title='bbox 1421 2092 1566 2149; x_wconf 84' lang='lat' dir='ltr'><strong>Hinc</strong></span> <span class='ocrx_word' id='word_1_170' title='bbox 1629 2091 1686 2146; x_wconf 86' lang='lat' dir='ltr'><strong>S.</strong></span> <span class='ocrx_word' id='word_1_171' title='bbox 1746 2090 1999 2161; x_wconf 85' lang='lat' dir='ltr'><strong>lgnatius</strong></span> <span class='ocrx_word' id='word_1_172' title='bbox 2081 2092 2150 2146; x_wconf 94' lang='lat' dir='ltr'><strong>ad</strong></span> 
     </span>
    </p>
   </div>
   <div class='ocr_carea' id='block_1_27' title="bbox 512 2161 2149 2233">
    <p class='ocr_par' dir='ltr' id='par_1_27' title="bbox 512 2161 2149 2233">
     <span class='ocr_line' id='line_1_27' title="bbox 512 2161 2149 2233; baseline 0.002 -18"><span class='ocrx_word' id='word_1_173' title='bbox 512 2162 854 2233; x_wconf 74' lang='lat' dir='ltr'><strong>§myrnaos,</strong></span> <span class='ocrx_word' id='word_1_174' title='bbox 923 2162 1213 2232; x_wconf 85' lang='lat' dir='ltr'><strong>Ephesios,</strong></span> <span class='ocrx_word' id='word_1_175' title='bbox 1261 2164 1602 2233; x_wconf 86' lang='lat' dir='ltr'><strong>Magnesios,</strong></span> <span class='ocrx_word' id='word_1_176' title='bbox 1661 2161 2149 2233; x_wconf 80' lang='lat' dir='ltr'><strong>Philadelphicos,</strong></span> 
     </span>
    </p>
   </div>
   <div class='ocr_carea' id='block_1_28' title="bbox 513 2231 2152 2303">
    <p class='ocr_par' dir='ltr' id='par_1_28' title="bbox 513 2231 2152 2303">
     <span class='ocr_line' id='line_1_28' title="bbox 513 2231 2152 2303; baseline 0 -15"><span class='ocrx_word' id='word_1_177' title='bbox 513 2231 817 2303; x_wconf 87' lang='lat' dir='ltr'><strong>Trallesios</strong></span> <span class='ocrx_word' id='word_1_178' title='bbox 848 2241 902 2289; x_wconf 90' lang='lat' dir='ltr'><strong>et</strong></span> <span class='ocrx_word' id='word_1_179' title='bbox 934 2231 1218 2290; x_wconf 77' lang='lat' dir='ltr'><strong>Romanos</strong></span> <span class='ocrx_word' id='word_1_180' title='bbox 1250 2231 1518 2303; x_wconf 77' lang='lat' dir='ltr'><strong>epistolas</strong></span> <span class='ocrx_word' id='word_1_181' title='bbox 1557 2234 1819 2302; x_wconf 86' lang='lat' dir='ltr'><strong>scripsit;</strong></span> <span class='ocrx_word' id='word_1_182' title='bbox 1891 2232 2152 2303; x_wconf 86' lang='lat' dir='ltr'><strong>Polycar-</strong></span> 
     </span>
    </p>
   </div>
   <div class='ocr_carea' id='block_1_29' title="bbox 510 2302 2145 2376">
    <p class='ocr_par' dir='ltr' id='par_1_29' title="bbox 510 2302 2145 2376">
     <span class='ocr_line' id='line_1_29' title="bbox 510 2302 2145 2376; baseline 0 -17"><span class='ocrx_word' id='word_1_183' title='bbox 510 2318 620 2373; x_wconf 90' lang='lat' dir='ltr'><strong>pus</strong></span> <span class='ocrx_word' id='word_1_184' title='bbox 641 2304 712 2359; x_wconf 89' lang='lat' dir='ltr'><strong>ad</strong></span> <span class='ocrx_word' id='word_1_185' title='bbox 742 2302 1136 2376; x_wconf 89' lang='lat' dir='ltr'><strong>Philippenses</strong></span> <span class='ocrx_word' id='word_1_186' title='bbox 1160 2323 1178 2370; x_wconf 89' lang='lat'><strong><em>;</em></strong></span> <span class='ocrx_word' id='word_1_187' title='bbox 1209 2302 1542 2376; x_wconf 18' lang='lat' dir='ltr'><strong>Dionysius,</strong></span> <span class='ocrx_word' id='word_1_188' title='bbox 1563 2305 1632 2361; x_wconf 86' lang='lat' dir='ltr'><strong>ad</strong></span> <span class='ocrx_word' id='word_1_189' title='bbox 1663 2302 2145 2376; x_wconf 78' lang='lat' dir='ltr'><strong>Lacedamonios,</strong></span> 
     </span>
    </p>
   </div>
   <div class='ocr_carea' id='block_1_30' title="bbox 509 2373 2147 2444">
    <p class='ocr_par' dir='ltr' id='par_1_30' title="bbox 509 2373 2147 2444">
     <span class='ocr_line' id='line_1_30' title="bbox 509 2373 2147 2444; baseline 0.001 -13"><span class='ocrx_word' id='word_1_190' title='bbox 509 2373 947 2444; x_wconf 40' lang='lat' dir='ltr'><strong>Athenienses]</strong></span> <span class='ocrx_word' id='word_1_191' title='bbox 985 2373 1450 2437; x_wconf 61' lang='lat' dir='ltr'><strong>Nicomediens&#39;es,</strong></span> <span class='ocrx_word' id='word_1_192' title='bbox 1516 2375 1834 2443; x_wconf 84' lang='lat' dir='ltr'><strong>Cretenses,</strong></span> <span class='ocrx_word' id='word_1_193' title='bbox 1883 2373 2147 2432; x_wconf 84' lang='lat' dir='ltr'><strong>Ponticos</strong></span> 
     </span>
    </p>
   </div>
   <div class='ocr_carea' id='block_1_31' title="bbox 510 2445 2148 2517">
    <p class='ocr_par' dir='ltr' id='par_1_31' title="bbox 510 2445 2148 2517">
     <span class='ocr_line' id='line_1_31' title="bbox 510 2445 2148 2517; baseline -0.001 -15"><span class='ocrx_word' id='word_1_194' title='bbox 510 2455 564 2502; x_wconf 91' lang='lat' dir='ltr'><strong>et</strong></span> <span class='ocrx_word' id='word_1_195' title='bbox 594 2446 918 2512; x_wconf 81' lang='lat' dir='ltr'><strong>Romanos;</strong></span> <span class='ocrx_word' id='word_1_196' title='bbox 949 2445 1265 2517; x_wconf 84' lang='lat' dir='ltr'><strong>Cyprianus</strong></span> <span class='ocrx_word' id='word_1_197' title='bbox 1295 2447 1366 2503; x_wconf 92' lang='lat' dir='ltr'><strong>ad</strong></span> <span class='ocrx_word' id='word_1_198' title='bbox 1391 2447 1607 2504; x_wconf 91' lang='lat' dir='ltr'><strong>clerum</strong></span> <span class='ocrx_word' id='word_1_199' title='bbox 1633 2447 1944 2502; x_wconf 77' lang='lat' dir='ltr'><strong>Romanum</strong></span> <span class='ocrx_word' id='word_1_200' title='bbox 1980 2461 1997 2514; x_wconf 89' lang='lat'><strong>;</strong></span> <span class='ocrx_word' id='word_1_201' title='bbox 2027 2446 2148 2502; x_wconf 86' lang='lat' dir='ltr'><strong>cle-</strong></span> 
     </span>
    </p>
   </div>
   <div class='ocr_carea' id='block_1_32' title="bbox 508 2517 2142 2588">
    <p class='ocr_par' dir='ltr' id='par_1_32' title="bbox 508 2517 2142 2588">
     <span class='ocr_line' id='line_1_32' title="bbox 508 2517 2142 2588; baseline 0.001 -15"><span class='ocrx_word' id='word_1_202' title='bbox 508 2529 638 2588; x_wconf 87' lang='lat' dir='ltr'><strong>rum</strong></span> <span class='ocrx_word' id='word_1_203' title='bbox 668 2526 721 2574; x_wconf 92' lang='lat' dir='ltr'><strong>et</strong></span> <span class='ocrx_word' id='word_1_204' title='bbox 742 2518 962 2588; x_wconf 88' lang='lat' dir='ltr'><strong>plebem</strong></span> <span class='ocrx_word' id='word_1_205' title='bbox 1004 2519 1424 2588; x_wconf 86' lang='lat' dir='ltr'><strong>Hispaniarum,</strong></span> <span class='ocrx_word' id='word_1_206' title='bbox 1473 2519 1542 2575; x_wconf 91' lang='lat' dir='ltr'><strong>ad</strong></span> <span class='ocrx_word' id='word_1_207' title='bbox 1573 2517 1861 2585; x_wconf 87' lang='lat' dir='ltr'><strong>Numidas,</strong></span> <span class='ocrx_word' id='word_1_208' title='bbox 1913 2517 2142 2587; x_wconf 87' lang='lat' dir='ltr'><strong>Thyba-</strong></span> 
     </span>
    </p>
   </div>
   <div class='ocr_carea' id='block_1_33' title="bbox 504 2587 2138 2659">
    <p class='ocr_par' dir='ltr' id='par_1_33' title="bbox 504 2587 2138 2659">
     <span class='ocr_line' id='line_1_33' title="bbox 504 2587 2138 2659; baseline 0.001 -15"><span class='ocrx_word' id='word_1_209' title='bbox 504 2587 752 2652; x_wconf 40' lang='lat' dir='ltr'><strong>ritanos,’</strong></span> <span class='ocrx_word' id='word_1_210' title='bbox 777 2587 1119 2646; x_wconf 82' lang='lat' dir='ltr'><strong>Furnitanos</strong></span> <span class='ocrx_word' id='word_1_211' title='bbox 1154 2599 1208 2647; x_wconf 91' lang='lat' dir='ltr'><strong>et</strong></span> <span class='ocrx_word' id='word_1_212' title='bbox 1248 2587 1616 2647; x_wconf 85' lang='lat' dir='ltr'><strong>Assuritanos</strong></span> <span class='ocrx_word' id='word_1_213' title='bbox 1646 2605 1663 2659; x_wconf 86' lang='lat'>;</span> <span class='ocrx_word' id='word_1_214' title='bbox 1695 2599 1900 2646; x_wconf 91' lang='lat' dir='ltr'><strong>utnon</strong></span> <span class='ocrx_word' id='word_1_215' title='bbox 1939 2589 2010 2645; x_wconf 86' lang='lat' dir='ltr'><strong>ad</strong></span> <span class='ocrx_word' id='word_1_216' title='bbox 2049 2602 2138 2646; x_wconf 88' lang='lat' dir='ltr'><strong>se-</strong></span> 
     </span>
    </p>
   </div>
   <div class='ocr_carea' id='block_1_34' title="bbox 505 2659 2136 2730">
    <p class='ocr_par' dir='ltr' id='par_1_34' title="bbox 505 2659 2136 2730">
     <span class='ocr_line' id='line_1_34' title="bbox 505 2659 2136 2730; baseline 0.001 -16"><span class='ocrx_word' id='word_1_217' title='bbox 505 2659 720 2728; x_wconf 89' lang='lat' dir='ltr'><strong>quioris</strong></span> <span class='ocrx_word' id='word_1_218' title='bbox 752 2660 940 2716; x_wconf 83' lang='lat' dir='ltr'><strong>saeculi</strong></span> <span class='ocrx_word' id='word_1_219' title='bbox 1007 2662 1310 2730; x_wconf 87' lang='lat' dir='ltr'><strong>scriptores</strong></span> <span class='ocrx_word' id='word_1_220' title='bbox 1377 2660 1741 2717; x_wconf 80' lang='lat' dir='ltr'><strong>descendam.</strong></span> <span class='ocrx_word' id='word_1_221' title='bbox 1794 2660 1940 2716; x_wconf 90' lang='lat' dir='ltr'><strong>Hinc</strong></span> <span class='ocrx_word' id='word_1_222' title='bbox 1968 2660 2136 2716; x_wconf 89' lang='lat' dir='ltr'><strong>etiam</strong></span> 
     </span>
    </p>
   </div>
   <div class='ocr_carea' id='block_1_35' title="bbox 506 2729 2138 2802">
    <p class='ocr_par' dir='ltr' id='par_1_35' title="bbox 506 2729 2138 2802">
     <span class='ocr_line' id='line_1_35' title="bbox 506 2729 2138 2802; baseline 0.002 -18"><span class='ocrx_word' id='word_1_223' title='bbox 506 2729 760 2802; x_wconf 79' lang='lat' dir='ltr'><strong>epistola</strong></span> <span class='ocrx_word' id='word_1_224' title='bbox 789 2731 1095 2801; x_wconf 85' lang='lat' dir='ltr'><strong>synodica,</strong></span> <span class='ocrx_word' id='word_1_225' title='bbox 1130 2729 1299 2796; x_wconf 78' lang='lat' dir='ltr'><strong>ﬁdei,</strong></span> <span class='ocrx_word' id='word_1_226' title='bbox 1359 2747 1529 2802; x_wconf 89' lang='lat' dir='ltr'><strong>quam</strong></span> <span class='ocrx_word' id='word_1_227' title='bbox 1561 2733 1808 2801; x_wconf 89' lang='lat' dir='ltr'><strong>quisque</strong></span> <span class='ocrx_word' id='word_1_228' title='bbox 1836 2734 2138 2802; x_wconf 88' lang='lat' dir='ltr'><strong>episcopus</strong></span> 
     </span>
    </p>
   </div>
   <div class='ocr_carea' id='block_1_36' title="bbox 503 2801 2135 2873">
    <p class='ocr_par' dir='ltr' id='par_1_36' title="bbox 503 2801 2135 2873">
     <span class='ocr_line' id='line_1_36' title="bbox 503 2801 2135 2873; baseline 0 -17"><span class='ocrx_word' id='word_1_229' title='bbox 503 2801 896 2870; x_wconf 88' lang='lat' dir='ltr'><strong>proﬁtebatur,</strong></span> <span class='ocrx_word' id='word_1_230' title='bbox 934 2802 1171 2867; x_wconf 89' lang='lat' dir='ltr'><strong>indices,</strong></span> <span class='ocrx_word' id='word_1_231' title='bbox 1205 2801 1392 2859; x_wconf 85' lang='lat' dir='ltr'><strong>ortum</strong></span> <span class='ocrx_word' id='word_1_232' title='bbox 1415 2802 1658 2860; x_wconf 84' lang='lat' dir='ltr'><strong>duxere.</strong></span> <span class='ocrx_word' id='word_1_233' title='bbox 1725 2802 1857 2873; x_wconf 80' lang='lat' dir='ltr'><strong>Qua</strong></span> <span class='ocrx_word' id='word_1_234' title='bbox 1905 2801 2135 2873; x_wconf 86' lang='lat' dir='ltr'><strong>quidem</strong></span> 
     </span>
    </p>
   </div>
   <div class='ocr_carea' id='block_1_37' title="bbox 505 2872 2138 2944">
    <p class='ocr_par' dir='ltr' id='par_1_37' title="bbox 505 2872 2138 2944">
     <span class='ocr_line' id='line_1_37' title="bbox 505 2872 2138 2944; baseline 0.001 -17"><span class='ocrx_word' id='word_1_235' title='bbox 505 2873 892 2937; x_wconf 90' lang='lat' dir='ltr'><strong>mittebantur,</strong></span> <span class='ocrx_word' id='word_1_236' title='bbox 931 2887 1048 2929; x_wconf 91' lang='lat' dir='ltr'><strong>non</strong></span> <span class='ocrx_word' id='word_1_237' title='bbox 1088 2874 1340 2944; x_wconf 87' lang='lat' dir='ltr'><strong>obsequii</strong></span> <span class='ocrx_word' id='word_1_238' title='bbox 1373 2889 1564 2939; x_wconf 83' lang='lat' dir='ltr'><strong>causa,</strong></span> <span class='ocrx_word' id='word_1_239' title='bbox 1597 2873 1668 2929; x_wconf 91' lang='lat' dir='ltr'><strong>ad</strong></span> <span class='ocrx_word' id='word_1_240' title='bbox 1709 2872 1900 2944; x_wconf 88' lang='lat' dir='ltr'><strong>sedem</strong></span> <span class='ocrx_word' id='word_1_241' title='bbox 1931 2872 2138 2929; x_wconf 78' lang='lat' dir='ltr'><strong>Roma-</strong></span> 
     </span>
    </p>
   </div>
   <div class='ocr_carea' id='block_1_38' title="bbox 501 2943 2137 3015">
    <p class='ocr_par' dir='ltr' id='par_1_38' title="bbox 501 2943 2137 3015">
     <span class='ocr_line' id='line_1_38' title="bbox 501 2943 2137 3015; baseline 0 -17"><span class='ocrx_word' id='word_1_242' title='bbox 501 2956 659 3008; x_wconf 90' lang='lat' dir='ltr'><strong>nam,</strong></span> <span class='ocrx_word' id='word_1_243' title='bbox 683 2943 782 2999; x_wconf 92' lang='lat' dir='ltr'><strong>sed</strong></span> <span class='ocrx_word' id='word_1_244' title='bbox 805 2944 873 3000; x_wconf 88' lang='lat' dir='ltr'><strong>ad</strong></span> <span class='ocrx_word' id='word_1_245' title='bbox 905 2958 1104 3000; x_wconf 88' lang='lat' dir='ltr'><strong>omnes</strong></span> <span class='ocrx_word' id='word_1_246' title='bbox 1127 2943 1378 3015; x_wconf 89' lang='lat' dir='ltr'><strong>undique</strong></span> <span class='ocrx_word' id='word_1_247' title='bbox 1401 2960 1472 3001; x_wconf 90' lang='lat' dir='ltr'><strong>ex</strong></span> <span class='ocrx_word' id='word_1_248' title='bbox 1499 2959 1663 3014; x_wconf 78' lang='lat' dir='ltr'><strong>aquo</strong></span> <span class='ocrx_word' id='word_1_249' title='bbox 1684 2943 1972 3015; x_wconf 89' lang='lat' dir='ltr'><strong>Ecclesias</strong></span> <span class='ocrx_word' id='word_1_250' title='bbox 1995 2960 2012 3012; x_wconf 89' lang='lat'>;</span> <span class='ocrx_word' id='word_1_251' title='bbox 2043 2944 2137 3000; x_wconf 92' lang='lat' dir='ltr'><strong>cui</strong></span> 
     </span>
    </p>
   </div>
   <div class='ocr_carea' id='block_1_39' title="bbox 501 3014 2133 3086">
    <p class='ocr_par' dir='ltr' id='par_1_39' title="bbox 501 3014 2133 3086">
     <span class='ocr_line' id='line_1_39' title="bbox 501 3014 2133 3086; baseline 0 -16"><span class='ocrx_word' id='word_1_252' title='bbox 501 3016 726 3071; x_wconf 86' lang='lat' dir='ltr'><strong>muneri</strong></span> <span class='ocrx_word' id='word_1_253' title='bbox 760 3015 996 3086; x_wconf 89' lang='lat' dir='ltr'><strong>minime</strong></span> <span class='ocrx_word' id='word_1_254' title='bbox 1026 3014 1384 3073; x_wconf 76' lang='lat' dir='ltr'><strong>eximebatur</strong></span> <span class='ocrx_word' id='word_1_255' title='bbox 1409 3019 1530 3086; x_wconf 89' lang='lat' dir='ltr'><strong>ipse</strong></span> <span class='ocrx_word' id='word_1_256' title='bbox 1553 3016 1805 3086; x_wconf 79' lang='lat' dir='ltr'><strong>pontifex</strong></span> <span class='ocrx_word' id='word_1_257' title='bbox 1826 3014 2133 3079; x_wconf 83' lang='lat' dir='ltr'><strong>Romanus,</strong></span> 
     </span>
    </p>
   </div>
   <div class='ocr_carea' id='block_1_40' title="bbox 501 3085 2138 3158">
    <p class='ocr_par' dir='ltr' id='par_1_40' title="bbox 501 3085 2138 3158">
     <span class='ocr_line' id='line_1_40' title="bbox 501 3085 2138 3158; baseline -0.001 -16"><span class='ocrx_word' id='word_1_258' title='bbox 501 3095 741 3143; x_wconf 88' lang='lat' dir='ltr'><strong>testante</strong></span> <span class='ocrx_word' id='word_1_259' title='bbox 781 3085 1005 3143; x_wconf 88' lang='lat' dir='ltr'><strong>Gelasio</strong></span> <span class='ocrx_word' id='word_1_260' title='bbox 1038 3089 1243 3157; x_wconf 88' lang='lat' dir='ltr'><strong>primo,</strong></span> <span class='ocrx_word' id='word_1_261' title='bbox 1287 3089 1383 3158; x_wconf 92' lang='lat' dir='ltr'><strong>qui</strong></span> <span class='ocrx_word' id='word_1_262' title='bbox 1422 3085 1696 3148; x_wconf 13' lang='lat' dir='ltr'><strong>aitziﬂo:</strong></span> <span class='ocrx_word' id='word_1_263' title='bbox 1748 3093 1826 3143; x_wconf 80' lang='lat' dir='ltr'><strong>est</strong></span> <span class='ocrx_word' id='word_1_264' title='bbox 1880 3087 2138 3158; x_wconf 67' lang='lat' dir='ltr'><strong>Romanae</strong></span> 
     </span>
    </p>
   </div>
   <div class='ocr_carea' id='block_1_41' title="bbox 500 3156 2139 3228">
    <p class='ocr_par' dir='ltr' id='par_1_41' title="bbox 500 3156 2139 3228">
     <span class='ocr_line' id='line_1_41' title="bbox 500 3156 2139 3228; baseline -0.002 -14"><span class='ocrx_word' id='word_1_265' title='bbox 500 3158 758 3214; x_wconf 70' lang='lat' dir='ltr'><strong>Ecclesia</strong></span> <span class='ocrx_word' id='word_1_266' title='bbox 785 3156 1060 3228; x_wconf 62' lang='lat' dir='ltr'><strong>sacerdote</strong></span> <span class='ocrx_word' id='word_1_267' title='bbox 1107 3156 1319 3216; x_wconf 62' lang='lat' dir='ltr'><strong>nouiter</strong></span> <span class='ocrx_word' id='word_1_268' title='bbox 1358 3159 1662 3222; x_wconf 74' lang='lat' dir='ltr'><strong>constituto,</strong></span> <span class='ocrx_word' id='word_1_269' title='bbox 1724 3158 1957 3228; x_wconf 78' lang='lat' dir='ltr'><strong>formam</strong></span> <span class='ocrx_word' id='word_1_270' title='bbox 2014 3156 2139 3227; x_wconf 82' lang='lat' dir='ltr'><strong>ﬁdei</strong></span> 
     </span>
    </p>
   </div>
   <div class='ocr_carea' id='block_1_42' title="bbox 501 3227 2130 3303">
    <p class='ocr_par' dir='ltr' id='par_1_42' title="bbox 501 3227 2130 3303">
     <span class='ocr_line' id='line_1_42' title="bbox 501 3227 2130 3303; baseline -0.001 -17"><span class='ocrx_word' id='word_1_271' title='bbox 501 3245 612 3303; x_wconf 63' lang='lat' dir='ltr'><strong>sua</strong></span> <span class='ocrx_word' id='word_1_272' title='bbox 638 3228 710 3303; x_wconf 69' lang='lat' dir='ltr'><strong>ad</strong></span> <span class='ocrx_word' id='word_1_273' title='bbox 738 3227 1255 3303; x_wconf 57' lang='lat' dir='ltr'><strong>sanctasﬂcclesias</strong></span> <span class='ocrx_word' id='word_1_274' title='bbox 1274 3245 1574 3303; x_wconf 81' lang='lat' dir='ltr'><strong>prorogare.</strong></span> <span class='ocrx_word' id='word_1_275' title='bbox 1637 3227 1797 3303; x_wconf 84' lang='lat' dir='ltr'><strong>Unde</strong></span> <span class='ocrx_word' id='word_1_276' title='bbox 1857 3230 2023 3303; x_wconf 42' lang='lat' dir='ltr'><strong>epist;</strong></span> <span class='ocrx_word' id='word_1_277' title='bbox 2106 3233 2130 3284; x_wconf 85' lang='grc'><strong>1</strong></span> 
     </span>
    </p>
   </div>
   <div class='ocr_carea' id='block_1_43' title="bbox 503 3299 2138 3371">
    <p class='ocr_par' dir='ltr' id='par_1_43' title="bbox 503 3299 2138 3371">
     <span class='ocr_line' id='line_1_43' title="bbox 503 3299 2138 3371; baseline -0.001 -14"><span class='ocrx_word' id='word_1_278' title='bbox 503 3311 556 3357; x_wconf 92' lang='lat' dir='ltr'><strong>et</strong></span> <span class='ocrx_word' id='word_1_279' title='bbox 585 3301 636 3367; x_wconf 78' lang='grc'>2,</span> <span class='ocrx_word' id='word_1_280' title='bbox 664 3301 906 3357; x_wconf 89' lang='lat' dir='ltr'><strong>habetur</strong></span> <span class='ocrx_word' id='word_1_281' title='bbox 952 3299 1083 3356; x_wconf 88' lang='lat' dir='ltr'><strong>ﬁdei</strong></span> <span class='ocrx_word' id='word_1_282' title='bbox 1115 3301 1239 3371; x_wconf 86' lang='lat' dir='ltr'><strong>ejus</strong></span> <span class='ocrx_word' id='word_1_283' title='bbox 1275 3299 1585 3358; x_wconf 66' lang='lat' dir='ltr'><strong>&#39;confessio</strong></span> <span class='ocrx_word' id='word_1_284' title='bbox 1642 3301 1926 3357; x_wconf 89' lang='lat' dir='ltr'><strong>universis</strong></span> <span class='ocrx_word' id='word_1_285' title='bbox 1991 3299 2138 3356; x_wconf 90' lang='lat' dir='ltr'><strong>Dar—</strong></span> 
     </span>
    </p>
   </div>
   <div class='ocr_carea' id='block_1_44' title="bbox 502 3371 2135 3443">
    <p class='ocr_par' dir='ltr' id='par_1_44' title="bbox 502 3371 2135 3443">
     <span class='ocr_line' id='line_1_44' title="bbox 502 3371 2135 3443; baseline 0 -16"><span class='ocrx_word' id='word_1_286' title='bbox 502 3372 682 3428; x_wconf 87' lang='lat' dir='ltr'><strong>dania</strong></span> <span class='ocrx_word' id='word_1_287' title='bbox 713 3372 1020 3443; x_wconf 77' lang='lat' dir='ltr'><strong>episcopis,</strong></span> <span class='ocrx_word' id='word_1_288' title='bbox 1053 3381 1107 3427; x_wconf 91' lang='lat' dir='ltr'><strong>et</strong></span> <span class='ocrx_word' id='word_1_289' title='bbox 1136 3373 1284 3443; x_wconf 78' lang='lat' dir='ltr'><strong>aliis.</strong></span> <span class='ocrx_word' id='word_1_290' title='bbox 1329 3373 1490 3439; x_wconf 90' lang='lat' dir='ltr'><strong>Quod</strong></span> <span class='ocrx_word' id='word_1_291' title='bbox 1536 3375 1720 3443; x_wconf 91' lang='lat' dir='ltr'><strong>ipsum</strong></span> <span class='ocrx_word' id='word_1_292' title='bbox 1767 3385 1896 3426; x_wconf 90' lang='lat' dir='ltr'><strong>cum</strong></span> <span class='ocrx_word' id='word_1_293' title='bbox 1957 3371 2135 3443; x_wconf 77' lang='lat' dir='ltr'><strong>abeo</strong></span> 
     </span>
    </p>
   </div>
   <div class='ocr_carea' id='block_1_45' title="bbox 498 3441 2134 3513">
    <p class='ocr_par' dir='ltr' id='par_1_45' title="bbox 498 3441 2134 3513">
     <span class='ocr_line' id='line_1_45' title="bbox 498 3441 2134 3513; baseline -0.001 -13"><span class='ocrx_word' id='word_1_294' title='bbox 498 3444 769 3513; x_wconf 88' lang='lat' dir='ltr'><strong>poscebat</strong></span> <span class='ocrx_word' id='word_1_295' title='bbox 809 3442 1160 3513; x_wconf 88' lang='lat' dir='ltr'><strong>Euphemius</strong></span> <span class='ocrx_word' id='word_1_296' title='bbox 1179 3441 1604 3512; x_wconf 84' lang='lat' dir='ltr'><strong>Constantinop.</strong></span> <span class='ocrx_word' id='word_1_297' title='bbox 1634 3443 1940 3512; x_wconf 83' lang='lat' dir='ltr'><strong>respondet</strong></span> <span class='ocrx_word' id='word_1_298' title='bbox 1961 3441 2134 3498; x_wconf 91' lang='lat' dir='ltr'><strong>Gela-</strong></span> 
     </span>
    </p>
   </div>
   <div class='ocr_carea' id='block_1_46' title="bbox 501 3512 2134 3586">
    <p class='ocr_par' dir='ltr' id='par_1_46' title="bbox 501 3512 2134 3586">
     <span class='ocr_line' id='line_1_46' title="bbox 501 3512 2134 3586; baseline -0.001 -16"><span class='ocrx_word' id='word_1_299' title='bbox 501 3512 621 3571; x_wconf 80' lang='lat' dir='ltr'><strong>sius</strong></span> <span class='ocrx_word' id='word_1_300' title='bbox 650 3531 662 3569; x_wconf 92' lang='lat'>:</span> <span class='ocrx_word' id='word_1_301' title='bbox 691 3514 820 3570; x_wconf 82' lang='lat' dir='ltr'><strong>Fuit</strong></span> <span class='ocrx_word' id='word_1_302' title='bbox 848 3512 1116 3586; x_wconf 69' lang='lat' dir='ltr'><strong>quondam</strong></span> <span class='ocrx_word' id='word_1_303' title='bbox 1153 3513 1514 3571; x_wconf 81' lang='lat' dir='ltr'><strong>ecclesiastica</strong></span> <span class='ocrx_word' id='word_1_304' title='bbox 1533 3515 1641 3570; x_wconf 72' lang='lat' dir='ltr'><strong>hate</strong></span> <span class='ocrx_word' id='word_1_305' title='bbox 1667 3513 2021 3586; x_wconf 64' lang='lat' dir='ltr'><strong>regula,apud</strong></span> <span class='ocrx_word' id='word_1_306' title='bbox 2037 3529 2134 3584; x_wconf 85' lang='lat' dir='ltr'><strong>pa-</strong></span> 
     </span>
    </p>
   </div>
   <div class='ocr_carea' id='block_1_47' title="bbox 500 3583 2132 3658">
    <p class='ocr_par' dir='ltr' id='par_1_47' title="bbox 500 3583 2132 3658">
     <span class='ocr_line' id='line_1_47' title="bbox 500 3583 2132 3658; baseline 0.001 -19"><span class='ocrx_word' id='word_1_307' title='bbox 500 3593 606 3642; x_wconf 81' lang='lat' dir='ltr'><strong>tres</strong></span> <span class='ocrx_word' id='word_1_308' title='bbox 625 3583 867 3658; x_wconf 60' lang='lat' dir='ltr'><strong>nosti-os,</strong></span> <span class='ocrx_word' id='word_1_309' title='bbox 880 3583 1072 3658; x_wconf 82' lang='lat' dir='ltr'><strong>quibus</strong></span> <span class='ocrx_word' id='word_1_310' title='bbox 1100 3601 1214 3641; x_wconf 81' lang='lat' dir='ltr'><strong>una</strong></span> <span class='ocrx_word' id='word_1_311' title='bbox 1239 3586 1532 3658; x_wconf 82' lang='lat' dir='ltr'><strong>catholica,</strong></span> <span class='ocrx_word' id='word_1_312' title='bbox 1573 3583 1959 3658; x_wconf 59' lang='lat' dir='ltr'><strong>apostoli-caque</strong></span> <span class='ocrx_word' id='word_1_313' title='bbox 1988 3583 2132 3640; x_wconf 76' lang='lat' dir='ltr'><strong>cam-</strong></span> 
     </span>
    </p>
   </div>
   <div class='ocr_carea' id='block_1_48' title="bbox 498 3655 2129 3728">
    <p class='ocr_par' dir='ltr' id='par_1_48' title="bbox 498 3655 2129 3728">
     <span class='ocr_line' id='line_1_48' title="bbox 498 3655 2129 3728; baseline -0.001 -18"><span class='ocrx_word' id='word_1_314' title='bbox 498 3657 685 3728; x_wconf 76' lang='lat' dir='ltr'><strong>munio</strong></span> <span class='ocrx_word' id='word_1_315' title='bbox 710 3655 777 3728; x_wconf 65' lang='lat' dir='ltr'><strong>ab</strong></span> <span class='ocrx_word' id='word_1_316' title='bbox 801 3655 1455 3728; x_wconf 67' lang='lat' dir='ltr'><strong>omisipravaricalorum</strong></span> <span class='ocrx_word' id='word_1_317' title='bbox 1485 3655 1647 3712; x_wconf 69' lang='lat' dir='ltr'><strong>libefa</strong></span> <span class='ocrx_word' id='word_1_318' title='bbox 1677 3656 2129 3728; x_wconf 79' lang='lat' dir='ltr'><strong>pollutionecon-</strong></span> 
     </span>
    </p>
   </div>
   <div class='ocr_carea' id='block_1_49' title="bbox 496 3727 2137 3799">
    <p class='ocr_par' dir='ltr' id='par_1_49' title="bbox 496 3727 2137 3799">
     <span class='ocr_line' id='line_1_49' title="bbox 496 3727 2137 3799; baseline 0.002 -17"><span class='ocrx_word' id='word_1_319' title='bbox 496 3727 701 3799; x_wconf 74' lang='lat' dir='ltr'><strong>stabat.</strong></span> <span class='ocrx_word' id='word_1_320' title='bbox 727 3727 822 3796; x_wconf 90' lang='lat' dir='ltr'><strong>Ep.</strong></span> <span class='ocrx_word' id='word_1_321' title='bbox 845 3727 898 3784; x_wconf 84' lang='lat'><strong>9.</strong></span> <span class='ocrx_word' id='word_1_322' title='bbox 923 3727 1072 3783; x_wconf 87' lang='lat' dir='ltr'><strong>idem</strong></span> <span class='ocrx_word' id='word_1_323' title='bbox 1131 3728 1466 3799; x_wconf 79' lang='lat' dir='ltr'><strong>Gregorium</strong></span> <span class='ocrx_word' id='word_1_324' title='bbox 1515 3730 1779 3798; x_wconf 85' lang='lat' dir='ltr'><strong>Magnum</strong></span> <span class='ocrx_word' id='word_1_325' title='bbox 1813 3727 2137 3796; x_wconf 83' lang='lat' dir='ltr'><strong>praestitisse</strong></span> 
     </span>
    </p>
   </div>
   <div class='ocr_carea' id='block_1_50' title="bbox 496 3798 2135 3871">
    <p class='ocr_par' dir='ltr' id='par_1_50' title="bbox 496 3798 2135 3871">
     <span class='ocr_line' id='line_1_50' title="bbox 496 3798 2135 3871; baseline -0.001 -15"><span class='ocrx_word' id='word_1_326' title='bbox 496 3798 740 3856; x_wconf 90' lang='lat' dir='ltr'><strong>afﬁrmat</strong></span> <span class='ocrx_word' id='word_1_327' title='bbox 768 3799 1018 3855; x_wconf 91' lang='lat' dir='ltr'><strong>Joannes</strong></span> <span class='ocrx_word' id='word_1_328' title='bbox 1047 3798 1331 3871; x_wconf 82' lang='lat' dir='ltr'><strong>Diaconos</strong></span> <span class='ocrx_word' id='word_1_329' title='bbox 1364 3802 1419 3856; x_wconf 92' lang='lat' dir='ltr'><strong>in</strong></span> <span class='ocrx_word' id='word_1_330' title='bbox 1459 3799 1583 3871; x_wconf 82' lang='lat' dir='ltr'><strong>ejus</strong></span> <span class='ocrx_word' id='word_1_331' title='bbox 1621 3799 1764 3867; x_wconf 83' lang='lat' dir='ltr'><strong>Vita,</strong></span> <span class='ocrx_word' id='word_1_332' title='bbox 1795 3812 1963 3868; x_wconf 88' lang='lat' dir='ltr'><strong>quam</strong></span> <span class='ocrx_word' id='word_1_333' title='bbox 2013 3801 2135 3871; x_wconf 88' lang='lat' dir='ltr'><strong>epi-</strong></span> 
     </span>
    </p>
   </div>
   <div class='ocr_carea' id='block_1_51' title="bbox 495 3813 2114 3942">
    <p class='ocr_par' dir='ltr' id='par_1_51' title="bbox 495 3813 2114 3942">
     <span class='ocr_line' id='line_1_51' title="bbox 496 3813 2114 3924; baseline -0.001 -68"><span class='ocrx_word' id='word_1_334' title='bbox 496 3813 740 3856; x_wconf 89' lang='lat' dir='ltr'><strong>amrmai</strong></span> <span class='ocrx_word' id='word_1_335' title='bbox 768 3813 1018 3855; x_wconf 81' lang='lat' dir='ltr'><strong>Joannes</strong></span> <span class='ocrx_word' id='word_1_336' title='bbox 1047 3813 1331 3856; x_wconf 87' lang='lat' dir='ltr'><strong>uiaconus</strong></span> <span class='ocrx_word' id='word_1_337' title='bbox 1364 3813 1419 3856; x_wconf 92' lang='lat' dir='ltr'><strong>in</strong></span> <span class='ocrx_word' id='word_1_338' title='bbox 1459 3814 1583 3871; x_wconf 74' lang='lat' dir='ltr'><strong>ejus</strong></span> <span class='ocrx_word' id='word_1_339' title='bbox 1627 3813 1764 3867; x_wconf 80' lang='lat' dir='ltr'><strong>Vita,</strong></span> <span class='ocrx_word' id='word_1_340' title='bbox 1795 3813 1963 3868; x_wconf 88' lang='lat' dir='ltr'><strong>quam</strong></span> <span class='ocrx_word' id='word_1_341' title='bbox 2013 3813 2114 3924; x_wconf 56' lang='grc' dir='ltr'><strong>θὲιε</strong></span> 
     </span>
     <span class='ocr_line' id='line_1_52' title="bbox 495 3870 2114 3942; baseline -0.001 -16"><span class='ocrx_word' id='word_1_342' title='bbox 495 3871 702 3942; x_wconf 88' lang='lat' dir='ltr'><strong>stolam</strong></span> <span class='ocrx_word' id='word_1_343' title='bbox 726 3871 918 3926; x_wconf 90' lang='lat' dir='ltr'><strong>videre</strong></span> <span class='ocrx_word' id='word_1_344' title='bbox 950 3879 1033 3942; x_wconf 86' lang='lat' dir='ltr'><strong>est</strong></span> <span class='ocrx_word' id='word_1_345' title='bbox 1071 3871 1130 3926; x_wconf 94' lang='lat' dir='ltr'><strong>in</strong></span> <span class='ocrx_word' id='word_1_346' title='bbox 1163 3870 1445 3942; x_wconf 90' lang='lat' dir='ltr'><strong>Operibus</strong></span> <span class='ocrx_word' id='word_1_347' title='bbox 1476 3886 1598 3942; x_wconf 88' lang='lat' dir='ltr'><strong>qua</strong></span> <span class='ocrx_word' id='word_1_348' title='bbox 1649 3879 1903 3942; x_wconf 63' lang='lat' dir='ltr'><strong>exstant,</strong></span> <span class='ocrx_word' id='word_1_349' title='bbox 1921 3882 2009 3942; x_wconf 91' lang='lat' dir='ltr'><strong>ep.</strong></span> <span class='ocrx_word' id='word_1_350' title='bbox 2055 3871 2114 3942; x_wconf 17' lang='grc' dir='ltr'><strong>ίι</strong></span> 
     </span>
    </p>
   </div>
   <div class='ocr_carea' id='block_1_52' title="bbox 494 3940 2133 3999">
    <p class='ocr_par' dir='ltr' id='par_1_52' title="bbox 494 3940 2133 3999">
     <span class='ocr_line' id='line_1_53' title="bbox 494 3940 2133 3999; baseline -0.001 0"><span class='ocrx_word' id='word_1_351' title='bbox 494 3941 616 3999; x_wconf 92' lang='lat' dir='ltr'><strong>Imo</strong></span> <span class='ocrx_word' id='word_1_352' title='bbox 645 3955 778 3998; x_wconf 89' lang='lat' dir='ltr'><strong>vero</strong></span> <span class='ocrx_word' id='word_1_353' title='bbox 805 3955 911 3998; x_wconf 90' lang='lat' dir='ltr'><strong>nec</strong></span> <span class='ocrx_word' id='word_1_354' title='bbox 948 3941 1035 3998; x_wconf 87' lang='lat' dir='ltr'><strong>vel</strong></span> <span class='ocrx_word' id='word_1_355' title='bbox 1075 3942 1182 3999; x_wconf 89' lang='lat' dir='ltr'><strong>insi</strong></span> <span class='ocrx_word' id='word_1_356' title='bbox 1217 3940 1600 3998; x_wconf 84' lang='lat' dir='ltr'><strong>haresiarcha</strong></span> <span class='ocrx_word' id='word_1_357' title='bbox 1633 3942 1768 3997; x_wconf 91' lang='lat' dir='ltr'><strong>huic</strong></span> <span class='ocrx_word' id='word_1_358' title='bbox 1815 3940 2003 3997; x_wconf 91' lang='lat' dir='ltr'><strong>ofﬁcio</strong></span> <span class='ocrx_word' id='word_1_359' title='bbox 2037 3941 2133 3998; x_wconf 87' lang='lat' dir='ltr'><strong>de-</strong></span> 
     </span>
    </p>
   </div>
   <div class='ocr_carea' id='block_1_53' title="bbox 494 4010 2136 4077">
    <p class='ocr_par' dir='ltr' id='par_1_53' title="bbox 494 4010 2136 4077">
     <span class='ocr_line' id='line_1_54' title="bbox 494 4010 2136 4077; baseline -0.002 -6"><span class='ocrx_word' id='word_1_360' title='bbox 494 4015 672 4077; x_wconf 89' lang='lat' dir='ltr'><strong>fuere,</strong></span> <span class='ocrx_word' id='word_1_361' title='bbox 708 4012 805 4069; x_wconf 92' lang='lat' dir='ltr'><strong>sed</strong></span> <span class='ocrx_word' id='word_1_362' title='bbox 839 4012 970 4068; x_wconf 92' lang='lat' dir='ltr'><strong>licet</strong></span> <span class='ocrx_word' id='word_1_363' title='bbox 999 4013 1070 4069; x_wconf 93' lang='lat' dir='ltr'><strong>ab</strong></span> <span class='ocrx_word' id='word_1_364' title='bbox 1099 4010 1352 4070; x_wconf 89' lang='lat' dir='ltr'><strong>Ecclesia</strong></span> <span class='ocrx_word' id='word_1_365' title='bbox 1385 4028 1445 4069; x_wconf 91' lang='lat' dir='ltr'><strong>se</strong></span> <span class='ocrx_word' id='word_1_366' title='bbox 1483 4014 1634 4070; x_wconf 90' lang='lat' dir='ltr'><strong>ultro</strong></span> <span class='ocrx_word' id='word_1_367' title='bbox 1678 4010 2017 4076; x_wconf 86' lang='lat' dir='ltr'><strong>dividerent,</strong></span> <span class='ocrx_word' id='word_1_368' title='bbox 2051 4012 2136 4068; x_wconf 87' lang='lat' dir='ltr'><strong>ei-</strong></span> 
     </span>
    </p>
   </div>
   <div class='ocr_carea' id='block_1_54' title="bbox 494 4083 2129 4154">
    <p class='ocr_par' dir='ltr' id='par_1_54' title="bbox 494 4083 2129 4154">
     <span class='ocr_line' id='line_1_55' title="bbox 494 4083 2129 4154; baseline -0.001 -12"><span class='ocrx_word' id='word_1_369' title='bbox 494 4086 624 4142; x_wconf 90' lang='lat' dir='ltr'><strong>dem</strong></span> <span class='ocrx_word' id='word_1_370' title='bbox 656 4093 844 4142; x_wconf 88' lang='lat' dir='ltr'><strong>tamen</strong></span> <span class='ocrx_word' id='word_1_371' title='bbox 879 4083 1190 4148; x_wconf 80' lang='lat' dir='ltr'><strong>adhaerere,</strong></span> <span class='ocrx_word' id='word_1_372' title='bbox 1244 4085 1556 4141; x_wconf 89' lang='lat' dir='ltr'><strong>ambitione</strong></span> <span class='ocrx_word' id='word_1_373' title='bbox 1613 4083 1752 4141; x_wconf 90' lang='lat' dir='ltr'><strong>satis</strong></span> <span class='ocrx_word' id='word_1_374' title='bbox 1790 4090 2129 4154; x_wconf 86' lang='lat' dir='ltr'><strong>prapostera</strong></span> 
     </span>
    </p>
   </div>
   <div class='ocr_carea' id='block_1_55' title="bbox 494 4154 2133 4228">
    <p class='ocr_par' dir='ltr' id='par_1_55' title="bbox 494 4154 2133 4228">
     <span class='ocr_line' id='line_1_56' title="bbox 494 4154 2133 4228; baseline 0.001 -17"><span class='ocrx_word' id='word_1_375' title='bbox 494 4170 677 4228; x_wconf 88' lang='lat' dir='ltr'><strong>usque</strong></span> <span class='ocrx_word' id='word_1_376' title='bbox 707 4154 1061 4212; x_wconf 74' lang='lat' dir='ltr'><strong>affectabam.</strong></span> <span class='ocrx_word' id='word_1_377' title='bbox 1096 4154 1197 4228; x_wconf 89' lang='lat' dir='ltr'><strong>Ex_</strong></span> <span class='ocrx_word' id='word_1_378' title='bbox 1213 4155 1468 4228; x_wconf 87' lang='lat' dir='ltr'><strong>Socrate,</strong></span> <span class='ocrx_word' id='word_1_379' title='bbox 1509 4155 1848 4228; x_wconf 80' lang='lat' dir='ltr'><strong>Theodorito</strong></span> <span class='ocrx_word' id='word_1_380' title='bbox 1912 4164 1968 4210; x_wconf 90' lang='lat' dir='ltr'><strong>et</strong></span> <span class='ocrx_word' id='word_1_381' title='bbox 2003 4154 2133 4212; x_wconf 90' lang='lat' dir='ltr'><strong>aliis</strong></span> 
     </span>
    </p>
   </div>
   <div class='ocr_carea' id='block_1_56' title="bbox 477 4226 2120 4297">
    <p class='ocr_par' dir='ltr' id='par_1_56' title="bbox 477 4226 2120 4297">
     <span class='ocr_line' id='line_1_57' title="bbox 477 4226 2120 4297; baseline -0.001 -13"><span class='ocrx_word' id='word_1_382' title='bbox 477 4226 792 4291; x_wconf 76' lang='lat' dir='ltr'><strong>&#39;discimus,</strong></span> <span class='ocrx_word' id='word_1_383' title='bbox 826 4234 1041 4297; x_wconf 90' lang='lat' dir='ltr'><strong>quonto</strong></span> <span class='ocrx_word' id='word_1_384' title='bbox 1073 4226 1260 4282; x_wconf 91' lang='lat' dir='ltr'><strong>studio</strong></span> <span class='ocrx_word' id='word_1_385' title='bbox 1287 4227 1634 4283; x_wconf 86' lang='lat' dir='ltr'><strong>Arianarum</strong></span> <span class='ocrx_word' id='word_1_386' title='bbox 1665 4227 1910 4296; x_wconf 73' lang='lat' dir='ltr'><strong>[artium</strong></span> <span class='ocrx_word' id='word_1_387' title='bbox 1967 4235 2120 4282; x_wconf 89' lang='lat' dir='ltr'><strong>ante-</strong></span> 
     </span>
    </p>
   </div>
   <div class='ocr_carea' id='block_1_57' title="bbox 494 4297 2130 4370">
    <p class='ocr_par' dir='ltr' id='par_1_57' title="bbox 494 4297 2130 4370">
     <span class='ocr_line' id='line_1_58' title="bbox 494 4297 2130 4370; baseline -0.001 -15"><span class='ocrx_word' id='word_1_388' title='bbox 494 4297 741 4370; x_wconf 91' lang='lat' dir='ltr'><strong>signani,</strong></span> <span class='ocrx_word' id='word_1_389' title='bbox 786 4297 1290 4370; x_wconf 80' lang='lat' dir='ltr'><strong>s_criptisundique</strong></span> <span class='ocrx_word' id='word_1_390' title='bbox 1312 4297 1593 4370; x_wconf 80' lang='lat' dir='ltr'><strong>epistolis,</strong></span> <span class='ocrx_word' id='word_1_391' title='bbox 1615 4297 1963 4370; x_wconf 67' lang='lat' dir='ltr'><strong>synodisque</strong></span> <span class='ocrx_word' id='word_1_392' title='bbox 1993 4311 2130 4353; x_wconf 88' lang='lat' dir='ltr'><strong>con-</strong></span> 
     </span>
    </p>
   </div>
   <div class='ocr_carea' id='block_1_58' title="bbox 493 4367 2131 4442">
    <p class='ocr_par' dir='ltr' id='par_1_58' title="bbox 493 4367 2131 4442">
     <span class='ocr_line' id='line_1_59' title="bbox 493 4367 2131 4442; baseline -0.001 -16"><span class='ocrx_word' id='word_1_393' title='bbox 493 4367 761 4442; x_wconf 67' lang='lat' dir='ltr'><strong>gregatis,</strong></span> <span class='ocrx_word' id='word_1_394' title='bbox 791 4367 1066 4442; x_wconf 83' lang='lat' dir='ltr'><strong>Ecclesiis</strong></span> <span class='ocrx_word' id='word_1_395' title='bbox 1097 4384 1157 4425; x_wconf 89' lang='lat' dir='ltr'><strong>se</strong></span> <span class='ocrx_word' id='word_1_396' title='bbox 1198 4367 1694 4442; x_wconf 76' lang='lat' dir='ltr'><strong>commendabant.</strong></span> <span class='ocrx_word' id='word_1_397' title='bbox 1735 4368 1883 4435; x_wconf 90' lang='lat' dir='ltr'><strong>Quin</strong></span> <span class='ocrx_word' id='word_1_398' title='bbox 1915 4367 2131 4442; x_wconf 61' lang='lat' dir='ltr'><strong>Monta-</strong></span> 
     </span>
    </p>
   </div>
   <div class='ocr_carea' id='block_1_59' title="bbox 492 4439 2128 4511">
    <p class='ocr_par' dir='ltr' id='par_1_59' title="bbox 492 4439 2128 4511">
     <span class='ocr_line' id='line_1_60' title="bbox 492 4439 2128 4511; baseline -0.002 -13"><span class='ocrx_word' id='word_1_399' title='bbox 492 4439 691 4498; x_wconf 34' lang='lat' dir='ltr'><strong>nus‘id</strong></span> <span class='ocrx_word' id='word_1_400' title='bbox 720 4440 1009 4511; x_wconf 75' lang='lat' dir='ltr'><strong>satagebat</strong></span> <span class='ocrx_word' id='word_1_401' title='bbox 1037 4445 1089 4495; x_wconf 89' lang='lat' dir='ltr'><strong>et</strong></span> <span class='ocrx_word' id='word_1_402' title='bbox 1124 4449 1343 4496; x_wconf 89' lang='lat' dir='ltr'><strong>tantum</strong></span> <span class='ocrx_word' id='word_1_403' title='bbox 1374 4453 1490 4496; x_wconf 91' lang='lat' dir='ltr'><strong>non</strong></span> <span class='ocrx_word' id='word_1_404' title='bbox 1535 4439 1801 4503; x_wconf 88' lang='lat' dir='ltr'><strong>obtinuit,</strong></span> <span class='ocrx_word' id='word_1_405' title='bbox 1834 4447 1895 4495; x_wconf 91' lang='lat' dir='ltr'><strong>ut</strong></span> <span class='ocrx_word' id='word_1_406' title='bbox 1940 4454 1972 4511; x_wconf 89' lang='lat' dir='ltr'><strong>a_</strong></span> <span class='ocrx_word' id='word_1_407' title='bbox 2027 4439 2128 4496; x_wconf 90' lang='lat' dir='ltr'><strong>Ze-</strong></span> 
     </span>
    </p>
   </div>
   <div class='ocr_carea' id='block_1_60' title="bbox 490 4509 2128 4584">
    <p class='ocr_par' dir='ltr' id='par_1_60' title="bbox 490 4509 2128 4584">
     <span class='ocr_line' id='line_1_61' title="bbox 490 4509 2128 4584; baseline -0.001 -16"><span class='ocrx_word' id='word_1_408' title='bbox 490 4513 738 4584; x_wconf 88' lang='lat' dir='ltr'><strong>phyrino</strong></span> <span class='ocrx_word' id='word_1_409' title='bbox 770 4509 924 4581; x_wconf 81' lang='lat' dir='ltr'><strong>poni.</strong></span> <span class='ocrx_word' id='word_1_410' title='bbox 969 4512 1244 4584; x_wconf 54' lang='lat' dir='ltr'><strong>Romane,</strong></span> <span class='ocrx_word' id='word_1_411' title='bbox 1306 4513 1431 4584; x_wconf 79' lang='lat' dir='ltr'><strong>ipse</strong></span> <span class='ocrx_word' id='word_1_412' title='bbox 1485 4523 1778 4584; x_wconf 75' lang='lat' dir='ltr'><strong>una_ciim</strong></span> <span class='ocrx_word' id='word_1_413' title='bbox 1815 4509 2128 4584; x_wconf 74' lang='lat' dir='ltr'><strong>prophetiis</strong></span> 
     </span>
    </p>
   </div>
   <div class='ocr_carea' id='block_1_61' title="bbox 466 4577 2125 4651">
    <p class='ocr_par' dir='ltr' id='par_1_61' title="bbox 466 4577 2125 4651">
     <span class='ocr_line' id='line_1_62' title="bbox 466 4577 2125 4651; baseline -0.002 -11"><span class='ocrx_word' id='word_1_414' title='bbox 466 4577 612 4640; x_wconf 58' lang='lat' dir='ltr'><strong>&#39;sui&#39;s</strong></span> <span class='ocrx_word' id='word_1_415' title='bbox 642 4577 1061 4651; x_wconf 81' lang='lat' dir='ltr'><strong>admitteretur,</strong></span> <span class='ocrx_word' id='word_1_416' title='bbox 1093 4583 1138 4636; x_wconf 91' lang='lat' dir='ltr'><strong>si</strong></span> <span class='ocrx_word' id='word_1_417' title='bbox 1198 4577 1570 4644; x_wconf 78' lang='lat' dir='ltr'><strong>Tertulliano,</strong></span> <span class='ocrx_word' id='word_1_418' title='bbox 1605 4579 1719 4637; x_wconf 82' lang='lat' dir='ltr'><strong>Lib.</strong></span> <span class='ocrx_word' id='word_1_419' title='bbox 1781 4577 2125 4639; x_wconf 40' lang='lat' dir='ltr'><strong>cont—Prae.</strong></span> 
     </span>
    </p>
   </div>
   <div class='ocr_carea' id='block_1_62' title="bbox 489 4651 2127 4722">
    <p class='ocr_par' dir='ltr' id='par_1_62' title="bbox 489 4651 2127 4722">
     <span class='ocr_line' id='line_1_63' title="bbox 489 4651 2127 4722; baseline -0.002 -11"><span class='ocrx_word' id='word_1_420' title='bbox 489 4655 550 4711; x_wconf 91' lang='lat' dir='ltr'><strong>in</strong></span> <span class='ocrx_word' id='word_1_421' title='bbox 580 4669 678 4711; x_wconf 91' lang='lat' dir='ltr'><strong>sua</strong></span> <span class='ocrx_word' id='word_1_422' title='bbox 720 4668 890 4709; x_wconf 87' lang='lat' dir='ltr'><strong>causa</strong></span> <span class='ocrx_word' id='word_1_423' title='bbox 924 4652 1062 4709; x_wconf 75' lang='lat' dir='ltr'><strong>ﬁdes</strong></span> <span class='ocrx_word' id='word_1_424' title='bbox 1091 4660 1194 4709; x_wconf 83' lang='lat' dir='ltr'><strong>est.</strong></span> <span class='ocrx_word' id='word_1_425' title='bbox 1241 4654 1315 4710; x_wconf 88' lang='lat' dir='ltr'><strong>lta</strong></span> <span class='ocrx_word' id='word_1_426' title='bbox 1376 4663 1429 4709; x_wconf 92' lang='lat' dir='ltr'><strong>et</strong></span> <span class='ocrx_word' id='word_1_427' title='bbox 1487 4653 1753 4722; x_wconf 80' lang='lat' dir='ltr'><strong>Marcion,</strong></span> <span class='ocrx_word' id='word_1_428' title='bbox 1796 4661 1935 4709; x_wconf 88' lang='lat' dir='ltr'><strong>teste</strong></span> <span class='ocrx_word' id='word_1_429' title='bbox 1991 4651 2127 4722; x_wconf 85' lang='lat' dir='ltr'><strong>Epi—</strong></span> 
     </span>
    </p>
   </div>
   <div class='ocr_carea' id='block_1_63' title="bbox 490 4723 2125 4797">
    <p class='ocr_par' dir='ltr' id='par_1_63' title="bbox 490 4723 2125 4797">
     <span class='ocr_line' id='line_1_64' title="bbox 490 4723 2125 4797; baseline -0.002 -15"><span class='ocrx_word' id='word_1_430' title='bbox 490 4727 725 4797; x_wconf 88' lang='lat' dir='ltr'><strong>phanio,</strong></span> <span class='ocrx_word' id='word_1_431' title='bbox 767 4740 795 4780; x_wconf 92' lang='lat' dir='ltr'><strong>a</strong></span> <span class='ocrx_word' id='word_1_432' title='bbox 833 4735 991 4797; x_wconf 76' lang='lat' dir='ltr'><strong>patre</strong></span> <span class='ocrx_word' id='word_1_433' title='bbox 1022 4738 1126 4780; x_wconf 87' lang='lat' dir='ltr'><strong>suo</strong></span> <span class='ocrx_word' id='word_1_434' title='bbox 1156 4723 1459 4797; x_wconf 86' lang='lat' dir='ltr'><strong>Sinopensi</strong></span> <span class='ocrx_word' id='word_1_435' title='bbox 1489 4723 1757 4797; x_wconf 79' lang='lat' dir='ltr'><strong>episcopo</strong></span> <span class='ocrx_word' id='word_1_436' title='bbox 1788 4723 2017 4797; x_wconf 81' lang='lat' dir='ltr'><strong>ejectus,</strong></span> <span class='ocrx_word' id='word_1_437' title='bbox 2041 4725 2125 4778; x_wconf 91' lang='lat' dir='ltr'><strong>ei-</strong></span> 
     </span>
    </p>
   </div>
   <div class='ocr_carea' id='block_1_64' title="bbox 489 4793 2126 4866">
    <p class='ocr_par' dir='ltr' id='par_1_64' title="bbox 489 4793 2126 4866">
     <span class='ocr_line' id='line_1_65' title="bbox 489 4793 2126 4866; baseline -0.002 -13"><span class='ocrx_word' id='word_1_438' title='bbox 489 4793 619 4854; x_wconf 80' lang='lat' dir='ltr'><strong>dem</strong></span> <span class='ocrx_word' id='word_1_439' title='bbox 653 4797 925 4853; x_wconf 84' lang='lat' dir='ltr'><strong>Ecclesia</strong></span> <span class='ocrx_word' id='word_1_440' title='bbox 955 4796 1223 4852; x_wconf 78' lang='lat' dir='ltr'><strong>Romana</strong></span> <span class='ocrx_word' id='word_1_441' title='bbox 1252 4793 1504 4866; x_wconf 85' lang='lat' dir='ltr'><strong>seipsum</strong></span> <span class='ocrx_word' id='word_1_442' title='bbox 1527 4793 2126 4866; x_wconf 41' lang='lat' dir='ltr'><strong>’adjungerediligen-</strong></span> 
     </span>
    </p>
   </div>
   <div class='ocr_carea' id='block_1_65' title="bbox 492 4864 2122 4992">
    <p class='ocr_par' dir='ltr' id='par_1_65' title="bbox 492 4864 2122 4992">
     <span class='ocr_line' id='line_1_66' title="bbox 492 4864 2122 4992; baseline -0.004 -65"><span class='ocrx_word' id='word_1_443' title='bbox 492 4878 580 4927; x_wconf 93' lang='lat' dir='ltr'><strong>ter</strong></span> <span class='ocrx_word' id='word_1_444' title='bbox 641 4868 966 4948; x_wconf 77' lang='lat' dir='ltr'><strong>attentabat</strong></span> <span class='ocrx_word' id='word_1_445' title='bbox 1000 4882 1012 4922; x_wconf 91' lang='lat'>:</span> <span class='ocrx_word' id='word_1_446' title='bbox 1049 4867 1263 4992; x_wconf 57' lang='lat' dir='ltr'><strong>quibus</strong></span> <span class='ocrx_word' id='word_1_447' title='bbox 1293 4864 1395 4923; x_wconf 82' lang='lat' dir='ltr'><strong>rite</strong></span> <span class='ocrx_word' id='word_1_448' title='bbox 1425 4864 1788 4949; x_wconf 58' lang='lat' dir='ltr'><strong>praestructis,</strong></span> <span class='ocrx_word' id='word_1_449' title='bbox 1850 4864 2025 4947; x_wconf 75' lang='lat' dir='ltr'><strong>facilis</strong></span> <span class='ocrx_word' id='word_1_450' title='bbox 2053 4866 2122 4921; x_wconf 90' lang='lat' dir='ltr'><strong>ad</strong></span> 
     </span>
     <span class='ocr_line' id='line_1_67' title="bbox 492 4935 2122 4992; baseline 0 0"><span class='ocrx_word' id='word_1_451' title='bbox 492 4948 819 4992; x_wconf 73' lang='lat' dir='ltr'><strong>sequentem</strong></span> <span class='ocrx_word' id='word_1_452' title='bbox 881 4945 1060 4992; x_wconf 89' lang='lat' dir='ltr'><strong>enisto</strong></span> <span class='ocrx_word' id='word_1_453' title='bbox 1087 4952 1177 4992; x_wconf 92' lang='lat' dir='ltr'><strong>am</strong></span> <span class='ocrx_word' id='word_1_454' title='bbox 1255 4938 1466 4992; x_wconf 80' lang='lat' dir='ltr'><strong>natabit</strong></span> <span class='ocrx_word' id='word_1_455' title='bbox 1547 4938 1751 4992; x_wconf 85' lang='lat' dir='ltr'><strong>aditus.</strong></span> <span class='ocrx_word' id='word_1_456' title='bbox 1819 4935 2122 4992; x_wconf 85' lang='lat' dir='ltr'><strong>Nimirum.</strong></span> 
     </span>
    </p>
   </div>
   <div class='ocr_carea' id='block_1_66' title="bbox 485 4935 2123 5011">
    <p class='ocr_par' dir='ltr' id='par_1_66' title="bbox 485 4935 2123 5011">
     <span class='ocr_line' id='line_1_68' title="bbox 485 4935 2123 5011; baseline -0.004 -14"><span class='ocrx_word' id='word_1_457' title='bbox 485 4948 819 5011; x_wconf 87' lang='lat' dir='ltr'><strong>sequentem</strong></span> <span class='ocrx_word' id='word_1_458' title='bbox 881 4935 1177 5011; x_wconf 84' lang='lat' dir='ltr'><strong>epistolam</strong></span> <span class='ocrx_word' id='word_1_459' title='bbox 1217 4935 1470 5011; x_wconf 77' lang='lat' dir='ltr'><strong>patebit</strong></span> <span class='ocrx_word' id='word_1_460' title='bbox 1547 4938 1751 5011; x_wconf 84' lang='lat' dir='ltr'><strong>aditus.</strong></span> <span class='ocrx_word' id='word_1_461' title='bbox 1819 4935 2123 5011; x_wconf 86' lang='lat' dir='ltr'><strong>Nimirum,</strong></span> 
     </span>
    </p>
   </div>
   <div class='ocr_carea' id='block_1_67' title="bbox 531 5007 2125 5080">
    <p class='ocr_par' dir='ltr' id='par_1_67' title="bbox 531 5007 2125 5080">
     <span class='ocr_line' id='line_1_69' title="bbox 531 5007 2125 5080; baseline -0.004 -12"><span class='ocrx_word' id='word_1_462' title='bbox 531 5007 717 5068; x_wconf 68' lang='lat' dir='ltr'><strong>uendo</strong></span> <span class='ocrx_word' id='word_1_463' title='bbox 749 5012 1036 5066; x_wconf 85' lang='lat' dir='ltr'><strong>teterrima</strong></span> <span class='ocrx_word' id='word_1_464' title='bbox 1065 5007 1287 5075; x_wconf 87' lang='lat' dir='ltr'><strong>seditio,</strong></span> <span class='ocrx_word' id='word_1_465' title='bbox 1331 5009 1425 5065; x_wconf 91' lang='lat' dir='ltr'><strong>illa</strong></span> <span class='ocrx_word' id='word_1_466' title='bbox 1460 5009 1627 5080; x_wconf 90' lang='lat' dir='ltr'><strong>longe</strong></span> <span class='ocrx_word' id='word_1_467' title='bbox 1655 5007 2125 5080; x_wconf 86' lang='lat' dir='ltr'><strong>improbior,qua</strong></span> 
     </span>
    </p>
   </div>
   <div class='ocr_carea' id='block_1_68' title="bbox 536 5022 2129 5158">
    <p class='ocr_par' dir='ltr' id='par_1_68' title="bbox 536 5022 2129 5158">
     <span class='ocr_line' id='line_1_70' title="bbox 536 5022 2125 5134; baseline -0.004 -66"><span class='ocrx_word' id='word_1_468' title='bbox 536 5022 717 5068; x_wconf 87' lang='lat' dir='ltr'><strong>uanao</strong></span> <span class='ocrx_word' id='word_1_469' title='bbox 749 5022 1036 5066; x_wconf 86' lang='lat' dir='ltr'><strong>teterrima</strong></span> <span class='ocrx_word' id='word_1_470' title='bbox 1065 5022 1287 5075; x_wconf 84' lang='lat' dir='ltr'><strong>seditio,</strong></span> <span class='ocrx_word' id='word_1_471' title='bbox 1331 5022 1425 5065; x_wconf 87' lang='lat' dir='ltr'><strong>ilia</strong></span> <span class='ocrx_word' id='word_1_472' title='bbox 1460 5022 1627 5080; x_wconf 87' lang='lat' dir='ltr'><strong>longe</strong></span> <span class='ocrx_word' id='word_1_473' title='bbox 1655 5022 2125 5134; x_wconf 62' lang='grc' dir='ltr'><strong>ιωβιοοιοτἛιε</strong></span> 
     </span>
     <span class='ocr_line' id='line_1_71' title="bbox 536 5080 2129 5158; baseline -0.003 -20"><span class='ocrx_word' id='word_1_474' title='bbox 536 5080 1133 5158; x_wconf 65' lang='lat' dir='ltr'><strong>.Paulitemporibus</strong></span> <span class='ocrx_word' id='word_1_475' title='bbox 1166 5081 1462 5158; x_wconf 74' lang='lat' dir='ltr'><strong>gliscebat,</strong></span> <span class='ocrx_word' id='word_1_476' title='bbox 1523 5080 1951 5158; x_wconf 81' lang='lat' dir='ltr'><strong>Corinthiorum</strong></span> <span class='ocrx_word' id='word_1_477' title='bbox 2066 5095 2129 5134; x_wconf 86' lang='lat' dir='ltr'><strong>c-</strong></span> 
     </span>
    </p>
   </div>
   <div class='ocr_carea' id='block_1_69' title="bbox 485 5150 2123 5222">
    <p class='ocr_par' dir='ltr' id='par_1_69' title="bbox 485 5150 2123 5222">
     <span class='ocr_line' id='line_1_72' title="bbox 485 5150 2123 5222; baseline -0.002 -12"><span class='ocrx_word' id='word_1_478' title='bbox 485 5154 713 5210; x_wconf 88' lang='lat' dir='ltr'><strong>clesiam</strong></span> <span class='ocrx_word' id='word_1_479' title='bbox 746 5153 1066 5220; x_wconf 84' lang='lat' dir='ltr'><strong>divexabat,</strong></span> <span class='ocrx_word' id='word_1_480' title='bbox 1099 5150 1546 5222; x_wconf 82' lang='lat' dir='ltr'><strong>exspectandum</strong></span> <span class='ocrx_word' id='word_1_481' title='bbox 1578 5159 1722 5222; x_wconf 84' lang='lat' dir='ltr'><strong>erat.</strong></span> <span class='ocrx_word' id='word_1_482' title='bbox 1754 5160 1814 5207; x_wconf 88' lang='lat' dir='ltr'><strong>ut</strong></span> <span class='ocrx_word' id='word_1_483' title='bbox 1853 5150 2123 5208; x_wconf 55' lang='lat' dir='ltr'><strong>deinceas</strong></span> 
     </span>
    </p>
   </div>
   <div class='ocr_carea' id='block_1_70' title="bbox 484 5221 2122 5297">
    <p class='ocr_par' dir='ltr' id='par_1_70' title="bbox 484 5221 2122 5297">
     <span class='ocr_line' id='line_1_73' title="bbox 484 5221 2122 5297; baseline -0.002 -15"><span class='ocrx_word' id='word_1_484' title='bbox 484 5241 586 5297; x_wconf 91' lang='lat' dir='ltr'><strong>pro</strong></span> <span class='ocrx_word' id='word_1_485' title='bbox 611 5225 876 5280; x_wconf 88' lang='lat' dir='ltr'><strong>Ecclesia</strong></span> <span class='ocrx_word' id='word_1_486' title='bbox 907 5224 1031 5293; x_wconf 89' lang='lat' dir='ltr'><strong>lege</strong></span> <span class='ocrx_word' id='word_1_487' title='bbox 1062 5230 1116 5278; x_wconf 88' lang='lat' dir='ltr'><strong>et</strong></span> <span class='ocrx_word' id='word_1_488' title='bbox 1144 5221 1319 5286; x_wconf 88' lang='lat' dir='ltr'><strong>more,</strong></span> <span class='ocrx_word' id='word_1_489' title='bbox 1356 5221 1775 5297; x_wconf 78' lang='lat' dir='ltr'><strong>tumseditiosi,</strong></span> <span class='ocrx_word' id='word_1_490' title='bbox 1800 5230 1919 5297; x_wconf 86' lang='lat' dir='ltr'><strong>tum</strong></span> <span class='ocrx_word' id='word_1_491' title='bbox 1953 5222 2122 5297; x_wconf 83' lang='lat' dir='ltr'><strong>etiam</strong></span> 
     </span>
    </p>
   </div>
   <div class='ocr_carea' id='block_1_71' title="bbox 482 5291 2119 5368">
    <p class='ocr_par' dir='ltr' id='par_1_71' title="bbox 482 5291 2119 5368">
     <span class='ocr_line' id='line_1_74' title="bbox 482 5291 2119 5368; baseline -0.002 -14"><span class='ocrx_word' id='word_1_492' title='bbox 482 5291 760 5368; x_wconf 74' lang='lat' dir='ltr'><strong>episcopi,</strong></span> <span class='ocrx_word' id='word_1_493' title='bbox 794 5291 1028 5368; x_wconf 83' lang='lat' dir='ltr'><strong>per_viin</strong></span> <span class='ocrx_word' id='word_1_494' title='bbox 1057 5301 1114 5368; x_wconf 83' lang='lat' dir='ltr'><strong>et</strong></span> <span class='ocrx_word' id='word_1_495' title='bbox 1134 5297 1294 5368; x_wconf 81' lang='lat' dir='ltr'><strong>nefas</strong></span> <span class='ocrx_word' id='word_1_496' title='bbox 1325 5294 1510 5364; x_wconf 86' lang='lat' dir='ltr'><strong>ejecti,</strong></span> <span class='ocrx_word' id='word_1_497' title='bbox 1543 5308 1650 5350; x_wconf 90' lang='lat' dir='ltr'><strong>nec</strong></span> <span class='ocrx_word' id='word_1_498' title='bbox 1699 5307 1813 5368; x_wconf 82' lang='lat' dir='ltr'><strong>non</strong></span> <span class='ocrx_word' id='word_1_499' title='bbox 1865 5291 1989 5368; x_wconf 84' lang='lat' dir='ltr'><strong>ipsa</strong></span> <span class='ocrx_word' id='word_1_500' title='bbox 2021 5293 2119 5350; x_wconf 89' lang='lat' dir='ltr'><strong>de-</strong></span> 
     </span>
    </p>
   </div>
   <div class='ocr_carea' id='block_1_72' title="bbox 486 5364 2117 5444">
    <p class='ocr_par' dir='ltr' id='par_1_72' title="bbox 486 5364 2117 5444">
     <span class='ocr_line' id='line_1_75' title="bbox 486 5364 2117 5444; baseline -0.007 -15"><span class='ocrx_word' id='word_1_501' title='bbox 486 5364 646 5429; x_wconf 82' lang='lat' dir='ltr'><strong>mum</strong></span> <span class='ocrx_word' id='word_1_502' title='bbox 680 5364 949 5427; x_wconf 76' lang='lat' dir='ltr'><strong>ECclesia</strong></span> <span class='ocrx_word' id='word_1_503' title='bbox 980 5366 1130 5426; x_wconf 91' lang='lat' dir='ltr'><strong>male</strong></span> <span class='ocrx_word' id='word_1_504' title='bbox 1159 5365 1452 5444; x_wconf 88' lang='lat' dir='ltr'><strong>mulctata,</strong></span> <span class='ocrx_word' id='word_1_505' title='bbox 1508 5365 1782 5444; x_wconf 89' lang='lat' dir='ltr'><strong>querelas</strong></span> <span class='ocrx_word' id='word_1_506' title='bbox 1812 5372 1869 5424; x_wconf 91' lang='lat' dir='ltr'><strong>et</strong></span> <span class='ocrx_word' id='word_1_507' title='bbox 1926 5364 2117 5435; x_wconf 80' lang='grc' dir='ltr'>ἐπιζη-</span> 
     </span>
    </p>
   </div>
   <div class='ocr_carea' id='block_1_73' title="bbox 444 5444 2118 5525">
    <p class='ocr_par' dir='ltr' id='par_1_73' title="bbox 444 5444 2118 5525">
     <span class='ocr_line' id='line_1_76' title="bbox 444 5444 2118 5525; baseline 0 -20"><span class='ocrx_word' id='word_1_508' title='bbox 444 5446 452 5451; x_wconf 85' lang='grc'><strong>’</strong></span> <span class='ocrx_word' id='word_1_509' title='bbox 480 5451 660 5515; x_wconf 78' lang='grc' dir='ltr'>τὴσεις</span> <span class='ocrx_word' id='word_1_510' title='bbox 694 5464 852 5525; x_wconf 89' lang='lat' dir='ltr'><strong>suas,</strong></span> <span class='ocrx_word' id='word_1_511' title='bbox 887 5463 1137 5525; x_wconf 86' lang='lat' dir='ltr'><strong>quarum</strong></span> <span class='ocrx_word' id='word_1_512' title='bbox 1173 5446 1392 5506; x_wconf 89' lang='lat' dir='ltr'><strong>mentio</strong></span> <span class='ocrx_word' id='word_1_513' title='bbox 1414 5449 1608 5507; x_wconf 84' lang='lat' dir='ltr'><strong>statim</strong></span> <span class='ocrx_word' id='word_1_514' title='bbox 1641 5444 2118 5524; x_wconf 84' lang='lat' dir='ltr'><strong>sequitur,inter-</strong></span> 
     </span>
    </p>
   </div>
   <div class='ocr_carea' id='block_1_74' title="bbox 481 5525 2114 5598">
    <p class='ocr_par' dir='ltr' id='par_1_74' title="bbox 481 5525 2114 5598">
     <span class='ocr_line' id='line_1_77' title="bbox 481 5525 2114 5598; baseline -0.002 -13"><span class='ocrx_word' id='word_1_515' title='bbox 481 5536 779 5598; x_wconf 89' lang='lat' dir='ltr'><strong>ponerent,</strong></span> <span class='ocrx_word' id='word_1_516' title='bbox 813 5540 1270 5596; x_wconf 90' lang='lat' dir='ltr'><strong>responsumque</strong></span> <span class='ocrx_word' id='word_1_517' title='bbox 1299 5540 1500 5582; x_wconf 88' lang='lat' dir='ltr'><strong>omnes</strong></span> <span class='ocrx_word' id='word_1_518' title='bbox 1529 5525 1824 5598; x_wconf 79' lang='lat' dir='ltr'><strong>etsinguli</strong></span> <span class='ocrx_word' id='word_1_519' title='bbox 1879 5525 2114 5594; x_wconf 84' lang='lat' dir='ltr'><strong>ferrent,</strong></span> 
     </span>
    </p>
   </div>
   <div class='ocr_carea' id='block_1_75' title="bbox 397 5595 2118 5667">
    <p class='ocr_par' dir='ltr' id='par_1_75' title="bbox 397 5595 2118 5667">
     <span class='ocr_line' id='line_1_78' title="bbox 397 5595 2118 5667; baseline -0.004 -10"><span class='ocrx_word' id='word_1_520' title='bbox 397 5598 400 5601; x_wconf 78' lang='grc'><em>’</em></span> <span class='ocrx_word' id='word_1_521' title='bbox 479 5595 594 5656; x_wconf 77' lang='lat' dir='ltr'><strong>non</strong></span> <span class='ocrx_word' id='word_1_522' title='bbox 628 5599 697 5654; x_wconf 88' lang='lat' dir='ltr'><strong>ab</strong></span> <span class='ocrx_word' id='word_1_523' title='bbox 729 5595 997 5667; x_wconf 85' lang='lat' dir='ltr'><strong>episcopo</strong></span> <span class='ocrx_word' id='word_1_524' title='bbox 1030 5595 1269 5661; x_wconf 88' lang='lat' dir='ltr'><strong>tantum,</strong></span> <span class='ocrx_word' id='word_1_525' title='bbox 1306 5598 1418 5658; x_wconf 85' lang='lat' dir='ltr'><strong>sed.</strong></span> <span class='ocrx_word' id='word_1_526' title='bbox 1459 5596 1610 5667; x_wconf 90' lang='lat' dir='ltr'><strong>quod</strong></span> <span class='ocrx_word' id='word_1_527' title='bbox 1642 5595 1735 5651; x_wconf 87' lang='lat' dir='ltr'><strong>hic</strong></span> <span class='ocrx_word' id='word_1_528' title='bbox 1787 5595 1997 5651; x_wconf 87' lang='lat' dir='ltr'><strong>factum</strong></span> <span class='ocrx_word' id='word_1_529' title='bbox 2034 5599 2118 5650; x_wconf 87' lang='lat' dir='ltr'><strong>vi-</strong></span> 
     </span>
    </p>
   </div>
   <div class='ocr_carea' id='block_1_76' title="bbox 476 5665 2117 5738">
    <p class='ocr_par' dir='ltr' id='par_1_76' title="bbox 476 5665 2117 5738">
     <span class='ocr_line' id='line_1_79' title="bbox 476 5665 2117 5738; baseline -0.001 -12"><span class='ocrx_word' id='word_1_530' title='bbox 476 5671 700 5738; x_wconf 90' lang='lat' dir='ltr'><strong>demus,</strong></span> <span class='ocrx_word' id='word_1_531' title='bbox 732 5665 801 5724; x_wconf 84' lang='lat' dir='ltr'><strong>ab</strong></span> <span class='ocrx_word' id='word_1_532' title='bbox 861 5665 980 5737; x_wconf 68' lang='lat' dir='ltr'><strong>ipéa</strong></span> <span class='ocrx_word' id='word_1_533' title='bbox 1035 5668 1202 5724; x_wconf 89' lang='lat' dir='ltr'><strong>etiam</strong></span> <span class='ocrx_word' id='word_1_534' title='bbox 1261 5665 1525 5724; x_wconf 76' lang='lat' dir='ltr'><strong>Ecclesia</strong></span> <span class='ocrx_word' id='word_1_535' title='bbox 1583 5668 1966 5738; x_wconf 84' lang='lat' dir='ltr'><strong>universitate.</strong></span> <span class='ocrx_word' id='word_1_536' title='bbox 2035 5667 2117 5724; x_wconf 89' lang='lat' dir='ltr'><strong>De</strong></span> 
     </span>
    </p>
   </div>
   <div class='ocr_carea' id='block_1_77' title="bbox 476 5737 2116 5811">
    <p class='ocr_par' dir='ltr' id='par_1_77' title="bbox 476 5737 2116 5811">
     <span class='ocr_line' id='line_1_80' title="bbox 476 5737 2116 5811; baseline -0.002 -13"><span class='ocrx_word' id='word_1_537' title='bbox 476 5737 793 5799; x_wconf 83' lang='lat' dir='ltr'><strong>charactere</strong></span> <span class='ocrx_word' id='word_1_538' title='bbox 831 5739 1083 5811; x_wconf 79' lang='lat' dir='ltr'><strong>epistola</strong></span> <span class='ocrx_word' id='word_1_539' title='bbox 1104 5739 1295 5811; x_wconf 82' lang='lat' dir='ltr'><strong>istius,</strong></span> <span class='ocrx_word' id='word_1_540' title='bbox 1331 5753 1447 5811; x_wconf 80' lang='lat' dir='ltr'><strong>non</strong></span> <span class='ocrx_word' id='word_1_541' title='bbox 1483 5753 1626 5810; x_wconf 92' lang='lat' dir='ltr'><strong>opus</strong></span> <span class='ocrx_word' id='word_1_542' title='bbox 1658 5748 1742 5796; x_wconf 88' lang='lat' dir='ltr'><strong>est</strong></span> <span class='ocrx_word' id='word_1_543' title='bbox 1794 5737 1966 5795; x_wconf 89' lang='lat' dir='ltr'><strong>multa</strong></span> <span class='ocrx_word' id='word_1_544' title='bbox 2023 5739 2116 5794; x_wconf 88' lang='lat' dir='ltr'><strong>di-</strong></span> 
     </span>
    </p>
   </div>
   <div class='ocr_carea' id='block_1_78' title="bbox 476 5809 2114 5882">
    <p class='ocr_par' dir='ltr' id='par_1_78' title="bbox 476 5809 2114 5882">
     <span class='ocr_line' id='line_1_81' title="bbox 476 5809 2114 5882; baseline 0 -14"><span class='ocrx_word' id='word_1_545' title='bbox 476 5823 678 5870; x_wconf 87' lang='lat' dir='ltr'><strong>cantur</strong></span> <span class='ocrx_word' id='word_1_546' title='bbox 705 5827 722 5880; x_wconf 84' lang='lat'><strong>;</strong></span> <span class='ocrx_word' id='word_1_547' title='bbox 757 5812 801 5867; x_wconf 91' lang='lat' dir='ltr'><strong>si</strong></span> <span class='ocrx_word' id='word_1_548' title='bbox 838 5809 1071 5881; x_wconf 83' lang='lat' dir='ltr'><strong>quidem</strong></span> <span class='ocrx_word' id='word_1_549' title='bbox 1103 5809 1234 5866; x_wconf 91' lang='lat' dir='ltr'><strong>licet</strong></span> <span class='ocrx_word' id='word_1_550' title='bbox 1273 5825 1303 5882; x_wconf 86' lang='lat' dir='ltr'><strong>a</strong></span> <span class='ocrx_word' id='word_1_551' title='bbox 1336 5809 1730 5882; x_wconf 88' lang='lat' dir='ltr'><strong>Decretalium,</strong></span> <span class='ocrx_word' id='word_1_552' title='bbox 1775 5824 1918 5880; x_wconf 86' lang='lat' dir='ltr'><strong>quas</strong></span> <span class='ocrx_word' id='word_1_553' title='bbox 1953 5824 2114 5882; x_wconf 82' lang='lat' dir='ltr'><strong>papa</strong></span> 
     </span>
    </p>
   </div>
   <div class='ocr_carea' id='block_1_79' title="bbox 475 5881 2113 5956">
    <p class='ocr_par' dir='ltr' id='par_1_79' title="bbox 475 5881 2113 5956">
     <span class='ocr_line' id='line_1_82' title="bbox 475 5881 2113 5956; baseline -0.001 -16"><span class='ocrx_word' id='word_1_554' title='bbox 475 5893 788 5956; x_wconf 82' lang='lat' dir='ltr'><strong>sequentes</strong></span> <span class='ocrx_word' id='word_1_555' title='bbox 832 5882 1138 5953; x_wconf 84' lang='lat' dir='ltr'><strong>imperioso</strong></span> <span class='ocrx_word' id='word_1_556' title='bbox 1181 5881 1327 5954; x_wconf 90' lang='lat' dir='ltr'><strong>stylo</strong></span> <span class='ocrx_word' id='word_1_557' title='bbox 1386 5881 1692 5956; x_wconf 79' lang='lat' dir='ltr'><strong>dictarunt,</strong></span> <span class='ocrx_word' id='word_1_558' title='bbox 1749 5893 1985 5956; x_wconf 79' lang='lat' dir='ltr'><strong>prorsus</strong></span> <span class='ocrx_word' id='word_1_559' title='bbox 2022 5881 2113 5956; x_wconf 70' lang='lat' dir='ltr'><strong>sit</strong></span> 
     </span>
    </p>
   </div>
   <div class='ocr_carea' id='block_1_80' title="bbox 474 5952 2112 6032">
    <p class='ocr_par' dir='ltr' id='par_1_80' title="bbox 474 5952 2112 6032">
     <span class='ocr_line' id='line_1_83' title="bbox 474 5952 2112 6032; baseline -0.002 -15"><span class='ocrx_word' id='word_1_560' title='bbox 474 5952 691 6032; x_wconf 81' lang='lat' dir='ltr'><strong>aliena,</strong></span> <span class='ocrx_word' id='word_1_561' title='bbox 739 5952 1041 6020; x_wconf 65' lang='grc' dir='ltr'><strong>ἱδξλινωὲὰτη</strong></span> <span class='ocrx_word' id='word_1_562' title='bbox 1073 5952 1248 6032; x_wconf 74' lang='grc' dir='ltr'>γραφή</span> <span class='ocrx_word' id='word_1_563' title='bbox 1293 5974 1325 6014; x_wconf 82' lang='lat' dir='ltr'><strong>a</strong></span> <span class='ocrx_word' id='word_1_564' title='bbox 1356 5956 1418 6015; x_wconf 86' lang='lat' dir='ltr'><strong>S.</strong></span> <span class='ocrx_word' id='word_1_565' title='bbox 1469 5952 1717 6026; x_wconf 71' lang='lat' dir='ltr'><strong>Ireiiazo,</strong></span> <span class='ocrx_word' id='word_1_566' title='bbox 1751 5952 1823 6013; x_wconf 88' lang='lat' dir='ltr'><strong>ab</strong></span> <span class='ocrx_word' id='word_1_567' title='bbox 1857 5953 2112 6014; x_wconf 81' lang='lat' dir='ltr'><strong>Eusebio</strong></span> 
     </span>
    </p>
   </div>
   <div class='ocr_carea' id='block_1_81' title="bbox 467 6033 2108 6114">
    <p class='ocr_par' dir='ltr' id='par_1_81' title="bbox 467 6033 2108 6114">
     <span class='ocr_line' id='line_1_84' title="bbox 467 6033 2108 6114; baseline 0.001 -20"><span class='ocrx_word' id='word_1_568' title='bbox 467 6039 677 6114; x_wconf 70' lang='grc' dir='ltr'>μεγάλη</span> <span class='ocrx_word' id='word_1_569' title='bbox 719 6038 805 6092; x_wconf 82' lang='grc' dir='ltr'><strong>καὶ</strong></span> <span class='ocrx_word' id='word_1_570' title='bbox 848 6037 1132 6113; x_wconf 69' lang='grc' dir='ltr'>Θαυμαπία,</span> <span class='ocrx_word' id='word_1_571' title='bbox 1179 6033 1251 6095; x_wconf 89' lang='lat' dir='ltr'><strong>ab</strong></span> <span class='ocrx_word' id='word_1_572' title='bbox 1302 6034 1661 6114; x_wconf 79' lang='lat' dir='ltr'><strong>Hieronymo</strong></span> <span class='ocrx_word' id='word_1_573' title='bbox 1712 6033 1889 6094; x_wconf 69' lang='lat' dir='ltr'><strong>valde</strong></span> <span class='ocrx_word' id='word_1_574' title='bbox 1917 6034 2108 6114; x_wconf 74' lang='lat' dir='ltr'><strong>utilis,</strong></span> 
     </span>
    </p>
   </div>
   <div class='ocr_carea' id='block_1_82' title="bbox 466 6091 2109 6193">
    <p class='ocr_par' dir='ltr' id='par_1_82' title="bbox 466 6091 2109 6193">
     <span class='ocr_line' id='line_1_85' title="bbox 466 6091 2109 6193; baseline -0.004 -17"><span class='ocrx_word' id='word_1_575' title='bbox 466 6091 721 6193; x_wconf 56' lang='grc' dir='ltr'><strong>ἓῖἑῇἇι.</strong></span> <span class='ocrx_word' id='word_1_576' title='bbox 757 6115 830 6171; x_wconf 85' lang='lat' dir='ltr'><strong>ad</strong></span> <span class='ocrx_word' id='word_1_577' title='bbox 884 6091 1132 6173; x_wconf 58' lang='grc' dir='ltr'><strong>Ηὲῡέωοέ</strong></span> <span class='ocrx_word' id='word_1_578' title='bbox 1183 6091 1886 6180; x_wconf 50' lang='grc' dir='ltr'><strong>ἓᾶηεῖἓὶιὲὶίὲζᾎῖᾱέώὺὼ</strong></span> <span class='ocrx_word' id='word_1_579' title='bbox 1924 6091 2109 6170; x_wconf 57' lang='grc' dir='ltr'><strong>διόῐέ</strong></span> 
     </span>
    </p>
   </div>
   <div class='ocr_carea' id='block_1_83' title="bbox 2248 877 3884 950">
    <p class='ocr_par' dir='ltr' id='par_1_83' title="bbox 2248 877 3884 950">
     <span class='ocr_line' id='line_1_86' title="bbox 2248 877 3884 950; baseline 0.004 -16"><span class='ocrx_word' id='word_1_580' title='bbox 2248 878 2494 936; x_wconf 87' lang='lat' dir='ltr'><strong>Ecclesia</strong></span> <span class='ocrx_word' id='word_1_581' title='bbox 2525 877 2922 950; x_wconf 21' lang='lat' dir='ltr'><strong>publiceﬁlegi.</strong></span> <span class='ocrx_word' id='word_1_582' title='bbox 2950 888 3006 937; x_wconf 93' lang='lat' dir='ltr'><strong>et</strong></span> <span class='ocrx_word' id='word_1_583' title='bbox 3043 887 3268 939; x_wconf 90' lang='lat' dir='ltr'><strong>tantum</strong></span> <span class='ocrx_word' id='word_1_584' title='bbox 3296 897 3411 939; x_wconf 91' lang='lat' dir='ltr'><strong>non</strong></span> <span class='ocrx_word' id='word_1_585' title='bbox 3470 881 3746 940; x_wconf 89' lang='lat' dir='ltr'><strong>catholica</strong></span> <span class='ocrx_word' id='word_1_586' title='bbox 3781 883 3884 940; x_wconf 84' lang='lat' dir='ltr'><strong>ha—</strong></span> 
     </span>
    </p>
   </div>
   <div class='ocr_carea' id='block_1_84' title="bbox 2246 949 3000 1008">
    <p class='ocr_par' dir='ltr' id='par_1_84' title="bbox 2246 949 3000 1008">
     <span class='ocr_line' id='line_1_87' title="bbox 2246 949 3000 1008; baseline -0.003 -2"><span class='ocrx_word' id='word_1_587' title='bbox 2246 950 2366 1008; x_wconf 87' lang='lat' dir='ltr'><strong>beri</strong></span> <span class='ocrx_word' id='word_1_588' title='bbox 2406 949 2634 1008; x_wconf 84' lang='lat' dir='ltr'><strong>meruit.</strong></span> <span class='ocrx_word' id='word_1_589' title='bbox 2668 950 2716 1007; x_wconf 88' lang='lat' dir='ltr'><strong>J.</strong></span> <span class='ocrx_word' id='word_1_590' title='bbox 2752 949 3000 1008; x_wconf 61' lang='lat' dir='ltr'><strong>Faunus.</strong></span> 
     </span>
    </p>
   </div>
   <div class='ocr_carea' id='block_1_85' title="bbox 2331 1021 3874 1104">
    <p class='ocr_par' dir='ltr' id='par_1_85' title="bbox 2331 1021 3874 1104">
     <span class='ocr_line' id='line_1_88' title="bbox 2331 1021 3874 1104; baseline -0.01 -8"><span class='ocrx_word' id='word_1_591' title='bbox 2331 1021 2456 1102; x_wconf 63' lang='grc'>(82)</span> <span class='ocrx_word' id='word_1_592' title='bbox 2491 1030 2568 1104; x_wconf 70' lang='grc' dir='ltr'><strong>Τῇ</strong></span> <span class='ocrx_word' id='word_1_593' title='bbox 2612 1024 2961 1104; x_wconf 45' lang='grc' dir='ltr'><strong>ἰῖοιροιὲύσηςι.</strong></span> <span class='ocrx_word' id='word_1_594' title='bbox 2993 1021 3132 1086; x_wconf 87' lang='lat' dir='ltr'><strong>Jun.</strong></span> <span class='ocrx_word' id='word_1_595' title='bbox 3162 1043 3296 1086; x_wconf 92' lang='lat' dir='ltr'><strong>cum</strong></span> <span class='ocrx_word' id='word_1_596' title='bbox 3330 1024 3474 1088; x_wconf 86' lang='lat' dir='ltr'><strong>edit.</strong></span> <span class='ocrx_word' id='word_1_597' title='bbox 3529 1025 3743 1086; x_wconf 86' lang='lat' dir='ltr'><strong>omittit</strong></span> <span class='ocrx_word' id='word_1_598' title='bbox 3771 1033 3874 1104; x_wconf 68' lang='grc' dir='ltr'><strong>τῇς</strong></span> 
     </span>
    </p>
   </div>
   <div class='ocr_carea' id='block_1_86' title="bbox 2244 1101 3878 1171">
    <p class='ocr_par' dir='ltr' id='par_1_86' title="bbox 2244 1101 3878 1171">
     <span class='ocr_line' id='line_1_89' title="bbox 2244 1101 3878 1171; baseline 0.001 -13"><span class='ocrx_word' id='word_1_599' title='bbox 2244 1115 2415 1171; x_wconf 91' lang='lat' dir='ltr'><strong>quem</strong></span> <span class='ocrx_word' id='word_1_600' title='bbox 2439 1101 2749 1158; x_wconf 86' lang='lat' dir='ltr'><strong>articulum</strong></span> <span class='ocrx_word' id='word_1_601' title='bbox 2773 1101 2944 1159; x_wconf 88' lang='lat' dir='ltr'><strong>Woit.</strong></span> <span class='ocrx_word' id='word_1_602' title='bbox 2979 1104 3226 1161; x_wconf 87' lang='lat' dir='ltr'><strong>restituit</strong></span> <span class='ocrx_word' id='word_1_603' title='bbox 3285 1120 3348 1161; x_wconf 84' lang='lat' dir='ltr'><strong>ex</strong></span> <span class='ocrx_word' id='word_1_604' title='bbox 3415 1120 3520 1162; x_wconf 92' lang='lat' dir='ltr'><strong>ms.</strong></span> <span class='ocrx_word' id='word_1_605' title='bbox 3583 1101 3878 1164; x_wconf 65' lang='lat' dir='ltr'><strong>GALLAND&#39;.</strong></span> 
     </span>
    </p>
   </div>
   <div class='ocr_carea' id='block_1_87' title="bbox 2243 1174 3875 1254">
    <p class='ocr_par' dir='ltr' id='par_1_87' title="bbox 2243 1174 3875 1254">
     <span class='ocr_line' id='line_1_90' title="bbox 2243 1174 3875 1254; baseline 0.006 -26"><span class='ocrx_word' id='word_1_606' title='bbox 2243 1206 2323 1254; x_wconf 51' lang='grc' dir='ltr'>έ-</span> <span class='ocrx_word' id='word_1_607' title='bbox 2379 1174 2736 1254; x_wconf 14' lang='grc' dir='ltr'><strong>Παροικούσῃῗ</strong></span> <span class='ocrx_word' id='word_1_608' title='bbox 2794 1175 3078 1254; x_wconf 14' lang='grc' dir='ltr'>ᾂΚόρινΘον.</span> <span class='ocrx_word' id='word_1_609' title='bbox 3169 1177 3343 1238; x_wconf 88' lang='lat' dir='ltr'><strong>Forte</strong></span> <span class='ocrx_word' id='word_1_610' title='bbox 3396 1181 3744 1254; x_wconf 73' lang='grc' dir='ltr'>κατοικούτῃ,</span> <span class='ocrx_word' id='word_1_611' title='bbox 3805 1177 3875 1237; x_wconf 89' lang='lat' dir='ltr'><strong>ad</strong></span> 
     </span>
    </p>
   </div>
   <div class='ocr_carea' id='block_1_88' title="bbox 2241 1252 3873 1338">
    <p class='ocr_par' dir='ltr' id='par_1_88' title="bbox 2241 1252 3873 1338">
     <span class='ocr_line' id='line_1_91' title="bbox 2241 1252 3873 1338; baseline 0.013 -34"><span class='ocrx_word' id='word_1_612' title='bbox 2241 1253 2533 1314; x_wconf 78' lang='lat' dir='ltr'><strong>vitandam</strong></span> <span class='ocrx_word' id='word_1_613' title='bbox 2567 1252 2921 1338; x_wconf 60' lang='lat' dir='ltr'><strong>muraleﬁlav,</strong></span> <span class='ocrx_word' id='word_1_614' title='bbox 2955 1273 3086 1314; x_wconf 90' lang='lat' dir='ltr'><strong>cum</strong></span> <span class='ocrx_word' id='word_1_615' title='bbox 3120 1254 3278 1338; x_wconf 75' lang='lat' dir='ltr'><strong>idem</strong></span> <span class='ocrx_word' id='word_1_616' title='bbox 3309 1252 3873 1338; x_wconf 12' lang='grc' dir='ltr'><strong>είὶιμκᾳττοιξιεῖνξρυοά</strong></span> 
     </span>
    </p>
   </div>
   <div class='ocr_carea' id='block_1_89' title="bbox 2243 1333 3878 1413">
    <p class='ocr_par' dir='ltr' id='par_1_89' title="bbox 2243 1333 3878 1413">
     <span class='ocr_line' id='line_1_92' title="bbox 2243 1333 3878 1413; baseline 0.005 -23"><span class='ocrx_word' id='word_1_617' title='bbox 2243 1349 2545 1413; x_wconf 74' lang='grc' dir='ltr'><strong>παροικεῖν,</strong></span> <span class='ocrx_word' id='word_1_618' title='bbox 2577 1341 2643 1394; x_wconf 80' lang='grc' dir='ltr'>ιιι</span> <span class='ocrx_word' id='word_1_619' title='bbox 2672 1333 2878 1394; x_wconf 88' lang='lat' dir='ltr'><strong>videre</strong></span> <span class='ocrx_word' id='word_1_620' title='bbox 2909 1345 2993 1396; x_wconf 89' lang='lat' dir='ltr'><strong>est</strong></span> <span class='ocrx_word' id='word_1_621' title='bbox 3021 1335 3214 1397; x_wconf 88' lang='lat' dir='ltr'><strong>statim</strong></span> <span class='ocrx_word' id='word_1_622' title='bbox 3249 1337 3306 1398; x_wconf 93' lang='lat' dir='ltr'><strong>in</strong></span> <span class='ocrx_word' id='word_1_623' title='bbox 3331 1335 3498 1398; x_wconf 89' lang='lat' dir='ltr'><strong>initio</strong></span> <span class='ocrx_word' id='word_1_624' title='bbox 3528 1337 3662 1399; x_wconf 89' lang='lat' dir='ltr'><strong>libri</strong></span> <span class='ocrx_word' id='word_1_625' title='bbox 3694 1333 3878 1411; x_wconf 59' lang='lat' dir='ltr'><strong>nam,</strong></span> 
     </span>
    </p>
   </div>
   <div class='ocr_carea' id='block_1_90' title="bbox 2246 1413 3880 1488">
    <p class='ocr_par' dir='ltr' id='par_1_90' title="bbox 2246 1413 3880 1488">
     <span class='ocr_line' id='line_1_93' title="bbox 2246 1413 3880 1488; baseline 0.003 -19"><span class='ocrx_word' id='word_1_626' title='bbox 2246 1422 2300 1471; x_wconf 89' lang='lat' dir='ltr'><strong>et</strong></span> <span class='ocrx_word' id='word_1_627' title='bbox 2328 1414 2466 1488; x_wconf 75' lang='lat' dir='ltr'><strong>alibi</strong></span> <span class='ocrx_word' id='word_1_628' title='bbox 2499 1414 2649 1485; x_wconf 89' lang='lat' dir='ltr'><strong>apud</strong></span> <span class='ocrx_word' id='word_1_629' title='bbox 2699 1413 3160 1488; x_wconf 30' lang='lat' dir='ltr'><strong>LXXJseniores.</strong></span> <span class='ocrx_word' id='word_1_630' title='bbox 3222 1416 3472 1488; x_wconf 88' lang='lat' dir='ltr'><strong>Utraque</strong></span> <span class='ocrx_word' id='word_1_631' title='bbox 3526 1429 3713 1476; x_wconf 90' lang='lat' dir='ltr'><strong>autem</strong></span> <span class='ocrx_word' id='word_1_632' title='bbox 3772 1432 3880 1474; x_wconf 88' lang='lat' dir='ltr'><strong>vox</strong></span> 
     </span>
    </p>
   </div>
   <div class='ocr_carea' id='block_1_91' title="bbox 2241 1484 3885 1568">
    <p class='ocr_par' dir='ltr' id='par_1_91' title="bbox 2241 1484 3885 1568">
     <span class='ocr_line' id='line_1_94' title="bbox 2241 1484 3885 1568; baseline 0.005 -28"><span class='ocrx_word' id='word_1_633' title='bbox 2241 1484 2638 1568; x_wconf 68' lang='grc' dir='ltr'>παρεπιδημέϊν</span> <span class='ocrx_word' id='word_1_634' title='bbox 2670 1484 2989 1568; x_wconf 75' lang='lat' dir='ltr'><strong>significat,</strong></span> <span class='ocrx_word' id='word_1_635' title='bbox 3024 1495 3081 1547; x_wconf 92' lang='lat' dir='ltr'><strong>et</strong></span> <span class='ocrx_word' id='word_1_636' title='bbox 3108 1488 3324 1568; x_wconf 86' lang='lat' dir='ltr'><strong>sapius</strong></span> <span class='ocrx_word' id='word_1_637' title='bbox 3348 1484 3453 1568; x_wconf 79' lang='lat' dir='ltr'><strong>pro</strong></span> <span class='ocrx_word' id='word_1_638' title='bbox 3477 1491 3684 1551; x_wconf 88' lang='lat' dir='ltr'><strong>eadem</strong></span> <span class='ocrx_word' id='word_1_639' title='bbox 3709 1507 3885 1550; x_wconf 91' lang='lat' dir='ltr'><strong>usur-</strong></span> 
     </span>
    </p>
   </div>
   <div class='ocr_carea' id='block_1_92' title="bbox 2240 1566 3876 1640">
    <p class='ocr_par' dir='ltr' id='par_1_92' title="bbox 2240 1566 3876 1640">
     <span class='ocr_line' id='line_1_95' title="bbox 2240 1566 3876 1640; baseline 0.002 -20"><span class='ocrx_word' id='word_1_640' title='bbox 2240 1576 2427 1640; x_wconf 82' lang='lat' dir='ltr'><strong>patur,</strong></span> <span class='ocrx_word' id='word_1_641' title='bbox 2460 1580 2527 1621; x_wconf 90' lang='lat' dir='ltr'><strong>ac</strong></span> <span class='ocrx_word' id='word_1_642' title='bbox 2565 1566 2622 1620; x_wconf 89' lang='lat' dir='ltr'><strong>in</strong></span> <span class='ocrx_word' id='word_1_643' title='bbox 2654 1567 2855 1640; x_wconf 82' lang='lat' dir='ltr'><strong>eadem</strong></span> <span class='ocrx_word' id='word_1_644' title='bbox 2888 1566 3279 1640; x_wconf 80' lang='lat' dir='ltr'><strong>enuntiatione</strong></span> <span class='ocrx_word' id='word_1_645' title='bbox 3310 1566 3380 1626; x_wconf 79' lang='lat' dir='ltr'><strong>ad</strong></span> <span class='ocrx_word' id='word_1_646' title='bbox 3415 1569 3692 1640; x_wconf 89' lang='lat' dir='ltr'><strong>majorem</strong></span> <span class='ocrx_word' id='word_1_647' title='bbox 3751 1571 3876 1624; x_wconf 90' lang='lat' dir='ltr'><strong>evl-</strong></span> 
     </span>
    </p>
   </div>
   <div class='ocr_carea' id='block_1_93' title="bbox 2239 1635 3873 1721">
    <p class='ocr_par' dir='ltr' id='par_1_93' title="bbox 2239 1635 3873 1721">
     <span class='ocr_line' id='line_1_96' title="bbox 2239 1635 3873 1721; baseline 0.004 -26"><span class='ocrx_word' id='word_1_648' title='bbox 2239 1635 2616 1721; x_wconf 79' lang='lat' dir='ltr'><strong>dentiam,_et</strong></span> <span class='ocrx_word' id='word_1_649' title='bbox 2650 1637 3281 1721; x_wconf 59' lang='lat' dir='ltr'><strong>ivipyetzvadhibetur,</strong></span> <span class='ocrx_word' id='word_1_650' title='bbox 3343 1648 3403 1700; x_wconf 91' lang='lat' dir='ltr'><strong>ut</strong></span> <span class='ocrx_word' id='word_1_651' title='bbox 3453 1635 3604 1721; x_wconf 71' lang='lat' dir='ltr'><strong>apud</strong></span> <span class='ocrx_word' id='word_1_652' title='bbox 3664 1642 3873 1721; x_wconf 87' lang='lat' dir='ltr'><strong>psalm.</strong></span> 
     </span>
    </p>
   </div>
   <div class='ocr_carea' id='block_1_94' title="bbox 2236 1717 3862 1799">
    <p class='ocr_par' dir='ltr' id='par_1_94' title="bbox 2236 1717 3862 1799">
     <span class='ocr_line' id='line_1_97' title="bbox 2236 1717 3862 1799; baseline -0.001 -21"><span class='ocrx_word' id='word_1_653' title='bbox 2236 1732 2476 1799; x_wconf 53' lang='lat' dir='ltr'><strong>XXXVIII,</strong></span> <span class='ocrx_word' id='word_1_654' title='bbox 2498 1717 2611 1779; x_wconf 72' lang='grc'><strong>132</strong></span> <span class='ocrx_word' id='word_1_655' title='bbox 2651 1718 2906 1799; x_wconf 70' lang='grc' dir='ltr'>Πάροικος</span> <span class='ocrx_word' id='word_1_656' title='bbox 2929 1718 3034 1795; x_wconf 69' lang='grc' dir='ltr'><strong>ἐγώ</strong></span> <span class='ocrx_word' id='word_1_657' title='bbox 3079 1721 3184 1794; x_wconf 80' lang='grc' dir='ltr'>εἶμι</span> <span class='ocrx_word' id='word_1_658' title='bbox 3228 1720 3371 1798; x_wconf 74' lang='grc' dir='ltr'>παρὰ</span> <span class='ocrx_word' id='word_1_659' title='bbox 3403 1717 3600 1778; x_wconf 46' lang='grc' dir='ltr'>σοὶᾟιαὶ</span> <span class='ocrx_word' id='word_1_660' title='bbox 3635 1717 3862 1799; x_wconf 62' lang='grc' dir='ltr'>πίρεπί-</span> 
     </span>
    </p>
   </div>
   <div class='ocr_carea' id='block_1_95' title="bbox 2235 1794 3864 1879">
    <p class='ocr_par' dir='ltr' id='par_1_95' title="bbox 2235 1794 3864 1879">
     <span class='ocr_line' id='line_1_98' title="bbox 2235 1794 3864 1879; baseline 0.005 -26"><span class='ocrx_word' id='word_1_661' title='bbox 2235 1794 2430 1879; x_wconf 69' lang='grc' dir='ltr'>δημος,</span> <span class='ocrx_word' id='word_1_662' title='bbox 2489 1799 2663 1860; x_wconf 79' lang='grc' dir='ltr'>καθὼς</span> <span class='ocrx_word' id='word_1_663' title='bbox 2735 1794 2931 1863; x_wconf 25' lang='grc' dir='ltr'><strong>-πάντες</strong></span> <span class='ocrx_word' id='word_1_664' title='bbox 2971 1794 3021 1879; x_wconf 71' lang='lat' dir='ltr'><strong>oi</strong></span> <span class='ocrx_word' id='word_1_665' title='bbox 3053 1799 3275 1878; x_wconf 79' lang='grc' dir='ltr'><strong>πατέρες</strong></span> <span class='ocrx_word' id='word_1_666' title='bbox 3306 1794 3428 1879; x_wconf 56' lang='grc' dir='ltr'>μου,</span> <span class='ocrx_word' id='word_1_667' title='bbox 3477 1803 3591 1863; x_wconf 82' lang='lat' dir='ltr'><strong>eti</strong></span> <span class='ocrx_word' id='word_1_668' title='bbox 3639 1794 3762 1864; x_wconf 64' lang='lat' dir='ltr'><strong>Pei.</strong></span> <span class='ocrx_word' id='word_1_669' title='bbox 3797 1817 3864 1877; x_wconf 85' lang='grc' dir='ltr'>ιι,</span> 
     </span>
    </p>
   </div>
   <div class='ocr_carea' id='block_1_96' title="bbox 2242 1877 3860 1960">
    <p class='ocr_par' dir='ltr' id='par_1_96' title="bbox 2242 1877 3860 1960">
     <span class='ocr_line' id='line_1_99' title="bbox 2242 1877 3860 1960; baseline 0.002 -25"><span class='ocrx_word' id='word_1_670' title='bbox 2242 1878 2302 1936; x_wconf 72' lang='grc'><strong>11</strong></span> <span class='ocrx_word' id='word_1_671' title='bbox 2335 1897 2382 1960; x_wconf 13' lang='grc' dir='ltr'>,εν</span> <span class='ocrx_word' id='word_1_672' title='bbox 2409 1877 3078 1960; x_wconf 30' lang='grc' dir='ltr'><strong>Ἀγαπητοὶ,ὼπαρακαλῶ</strong></span> <span class='ocrx_word' id='word_1_673' title='bbox 3112 1877 3203 1960; x_wconf 26' lang='lat' dir='ltr'><strong>Ad):</strong></span> <span class='ocrx_word' id='word_1_674' title='bbox 3238 1877 3516 1960; x_wconf 68' lang='grc' dir='ltr'>παροίιιους</span> <span class='ocrx_word' id='word_1_675' title='bbox 3574 1883 3687 1960; x_wconf 5' lang='grc' dir='ltr'>καὶ,</span> <span class='ocrx_word' id='word_1_676' title='bbox 3717 1905 3860 1960; x_wconf 80' lang='grc' dir='ltr'>παρ-</span> 
     </span>
    </p>
   </div>
   <div class='ocr_carea' id='block_1_97' title="bbox 2234 1954 3873 2039">
    <p class='ocr_par' dir='ltr' id='par_1_97' title="bbox 2234 1954 3873 2039">
     <span class='ocr_line' id='line_1_100' title="bbox 2234 1954 3873 2039; baseline 0.006 -27"><span class='ocrx_word' id='word_1_677' title='bbox 2234 1954 2549 2039; x_wconf 60' lang='grc' dir='ltr'>επιδήμοος,</span> <span class='ocrx_word' id='word_1_678' title='bbox 2579 1965 2692 2039; x_wconf 83' lang='lat' dir='ltr'><strong>etc.</strong></span> <span class='ocrx_word' id='word_1_679' title='bbox 2717 1954 2828 2020; x_wconf 87' lang='lat' dir='ltr'><strong>Sic</strong></span> <span class='ocrx_word' id='word_1_680' title='bbox 2853 1954 3024 2039; x_wconf 79' lang='lat' dir='ltr'><strong>vetus</strong></span> <span class='ocrx_word' id='word_1_681' title='bbox 3046 1957 3222 2020; x_wconf 89' lang='lat' dir='ltr'><strong>etiam</strong></span> <span class='ocrx_word' id='word_1_682' title='bbox 3248 1954 3557 2039; x_wconf 81' lang='lat' dir='ltr'><strong>inscriptio</strong></span> <span class='ocrx_word' id='word_1_683' title='bbox 3585 1979 3654 2022; x_wconf 87' lang='lat' dir='ltr'><strong>ex</strong></span> <span class='ocrx_word' id='word_1_684' title='bbox 3677 1954 3873 2022; x_wconf 73' lang='lat' dir='ltr'><strong>insula</strong></span> 
     </span>
    </p>
   </div>
   <div class='ocr_carea' id='block_1_98' title="bbox 2234 2035 3863 2110">
    <p class='ocr_par' dir='ltr' id='par_1_98' title="bbox 2234 2035 3863 2110">
     <span class='ocr_line' id='line_1_101' title="bbox 2234 2035 3863 2110; baseline 0.002 -18"><span class='ocrx_word' id='word_1_685' title='bbox 2234 2035 2372 2110; x_wconf 76' lang='lat' dir='ltr'><strong>Delo</strong></span> <span class='ocrx_word' id='word_1_686' title='bbox 2402 2051 2586 2110; x_wconf 86' lang='lat' dir='ltr'><strong>nuper</strong></span> <span class='ocrx_word' id='word_1_687' title='bbox 2616 2037 2807 2100; x_wconf 89' lang='lat' dir='ltr'><strong>allata,</strong></span> <span class='ocrx_word' id='word_1_688' title='bbox 2848 2037 2907 2110; x_wconf 89' lang='lat' dir='ltr'><strong>in</strong></span> <span class='ocrx_word' id='word_1_689' title='bbox 2937 2051 3033 2110; x_wconf 87' lang='lat' dir='ltr'><strong>ara</strong></span> <span class='ocrx_word' id='word_1_690' title='bbox 3071 2039 3142 2095; x_wconf 87' lang='lat' dir='ltr'><strong>ab</strong></span> <span class='ocrx_word' id='word_1_691' title='bbox 3165 2035 3632 2110; x_wconf 82' lang='lat' dir='ltr'><strong>Atheniensibus,</strong></span> <span class='ocrx_word' id='word_1_692' title='bbox 3661 2042 3863 2098; x_wconf 81' lang='lat' dir='ltr'><strong>Roma-</strong></span> 
     </span>
    </p>
   </div>
   <div class='ocr_carea' id='block_1_99' title="bbox 2232 2106 3867 2182">
    <p class='ocr_par' dir='ltr' id='par_1_99' title="bbox 2232 2106 3867 2182">
     <span class='ocr_line' id='line_1_102' title="bbox 2232 2106 3867 2182; baseline 0.003 -20"><span class='ocrx_word' id='word_1_693' title='bbox 2232 2106 2323 2182; x_wconf 88' lang='lat' dir='ltr'><strong>nis</strong></span> <span class='ocrx_word' id='word_1_694' title='bbox 2348 2106 2551 2182; x_wconf 77' lang='lat' dir='ltr'><strong>etaliis</strong></span> <span class='ocrx_word' id='word_1_695' title='bbox 2584 2109 2903 2180; x_wconf 89' lang='lat' dir='ltr'><strong>peregrinis</strong></span> <span class='ocrx_word' id='word_1_696' title='bbox 2933 2109 3031 2178; x_wconf 93' lang='lat' dir='ltr'><strong>qui</strong></span> <span class='ocrx_word' id='word_1_697' title='bbox 3063 2111 3120 2165; x_wconf 92' lang='lat' dir='ltr'><strong>in</strong></span> <span class='ocrx_word' id='word_1_698' title='bbox 3151 2109 3338 2168; x_wconf 87' lang='lat' dir='ltr'><strong>insula</strong></span> <span class='ocrx_word' id='word_1_699' title='bbox 3370 2106 3639 2182; x_wconf 83' lang='lat' dir='ltr'><strong>inquilini</strong></span> <span class='ocrx_word' id='word_1_700' title='bbox 3681 2123 3867 2180; x_wconf 89' lang='lat' dir='ltr'><strong>erant,</strong></span> 
     </span>
    </p>
   </div>
   <div class='ocr_carea' id='block_1_100' title="bbox 2233 2178 3870 2265">
    <p class='ocr_par' dir='ltr' id='par_1_100' title="bbox 2233 2178 3870 2265">
     <span class='ocr_line' id='line_1_103' title="bbox 2233 2178 3870 2265; baseline 0.004 -32"><span class='ocrx_word' id='word_1_701' title='bbox 2233 2178 2476 2265; x_wconf 54' lang='grc' dir='ltr'>μοιμοι</span> <span class='ocrx_word' id='word_1_702' title='bbox 2502 2178 2855 2265; x_wconf 36' lang='lat' dir='ltr'><strong>consecrata),</strong></span> <span class='ocrx_word' id='word_1_703' title='bbox 2888 2193 3059 2265; x_wconf 58' lang='lat' dir='ltr'><strong>quam</strong></span> <span class='ocrx_word' id='word_1_704' title='bbox 3084 2182 3240 2265; x_wconf 55' lang='lat' dir='ltr'><strong>inter</strong></span> <span class='ocrx_word' id='word_1_705' title='bbox 3280 2178 3565 2265; x_wconf 72' lang='lat' dir='ltr'><strong>marmora</strong></span> <span class='ocrx_word' id='word_1_706' title='bbox 3601 2186 3777 2265; x_wconf 80' lang='lat' dir='ltr'><strong>regia_</strong></span> <span class='ocrx_word' id='word_1_707' title='bbox 3813 2178 3870 2265; x_wconf 71' lang='lat' dir='ltr'><strong>in</strong></span> 
     </span>
    </p>
   </div>
   <div class='ocr_carea' id='block_1_101' title="bbox 2233 2247 3875 2320">
    <p class='ocr_par' dir='ltr' id='par_1_101' title="bbox 2233 2247 3875 2320">
     <span class='ocr_line' id='line_1_104' title="bbox 2233 2247 3875 2320; baseline 0.003 -16"><span class='ocrx_word' id='word_1_708' title='bbox 2233 2247 2414 2307; x_wconf 90' lang='lat' dir='ltr'><strong>hortis</strong></span> <span class='ocrx_word' id='word_1_709' title='bbox 2443 2251 2716 2308; x_wconf 81' lang='lat' dir='ltr'><strong>Jacohais</strong></span> <span class='ocrx_word' id='word_1_710' title='bbox 2758 2247 2944 2307; x_wconf 74' lang='lat' dir='ltr'><strong>videre</strong></span> <span class='ocrx_word' id='word_1_711' title='bbox 2978 2251 3119 2308; x_wconf 86' lang='lat' dir='ltr'><strong>licet.</strong></span> <span class='ocrx_word' id='word_1_712' title='bbox 3154 2252 3333 2320; x_wconf 89' lang='lat' dir='ltr'><strong>Quem</strong></span> <span class='ocrx_word' id='word_1_713' title='bbox 3380 2252 3588 2319; x_wconf 87' lang='lat' dir='ltr'><strong>locum,</strong></span> <span class='ocrx_word' id='word_1_714' title='bbox 3650 2247 3697 2310; x_wconf 89' lang='lat' dir='ltr'><strong>si</strong></span> <span class='ocrx_word' id='word_1_715' title='bbox 3731 2255 3875 2310; x_wconf 85' lang='lat' dir='ltr'><strong>vici-</strong></span> 
     </span>
    </p>
   </div>
   <div class='ocr_carea' id='block_1_102' title="bbox 2231 2321 3873 2382">
    <p class='ocr_par' dir='ltr' id='par_1_102' title="bbox 2231 2321 3873 2382">
     <span class='ocr_line' id='line_1_105' title="bbox 2231 2321 3873 2382; baseline 0.004 -7"><span class='ocrx_word' id='word_1_716' title='bbox 2231 2333 2362 2376; x_wconf 90' lang='lat' dir='ltr'><strong>nam</strong></span> <span class='ocrx_word' id='word_1_717' title='bbox 2406 2322 2840 2378; x_wconf 84' lang='lat' dir='ltr'><strong>Pinacothecam</strong></span> <span class='ocrx_word' id='word_1_718' title='bbox 2890 2321 3248 2379; x_wconf 85' lang='lat' dir='ltr'><strong>Bibliotheca</strong></span> <span class='ocrx_word' id='word_1_719' title='bbox 3303 2323 3686 2381; x_wconf 71' lang='lat' dir='ltr'><strong>celeberrima</strong></span> <span class='ocrx_word' id='word_1_720' title='bbox 3741 2340 3873 2382; x_wconf 87' lang='lat' dir='ltr'><strong>con-</strong></span> 
     </span>
    </p>
   </div>
   <div class='ocr_carea' id='block_1_103' title="bbox 2224 2391 3869 2465">
    <p class='ocr_par' dir='ltr' id='par_1_103' title="bbox 2224 2391 3869 2465">
     <span class='ocr_line' id='line_1_106' title="bbox 2224 2391 3869 2465; baseline 0.004 -18"><span class='ocrx_word' id='word_1_721' title='bbox 2224 2391 2499 2465; x_wconf 84' lang='lat' dir='ltr'><strong>junctam,</strong></span> <span class='ocrx_word' id='word_1_722' title='bbox 2533 2393 2581 2449; x_wconf 90' lang='lat' dir='ltr'><strong>si</strong></span> <span class='ocrx_word' id='word_1_723' title='bbox 2611 2393 2956 2465; x_wconf 76' lang='lat' dir='ltr'><strong>nomismata</strong></span> <span class='ocrx_word' id='word_1_724' title='bbox 2990 2395 3245 2465; x_wconf 87' lang='lat' dir='ltr'><strong>antiqua,</strong></span> <span class='ocrx_word' id='word_1_725' title='bbox 3288 2395 3476 2451; x_wconf 79' lang='lat' dir='ltr'><strong>Graca</strong></span> <span class='ocrx_word' id='word_1_726' title='bbox 3511 2404 3564 2453; x_wconf 93' lang='lat' dir='ltr'><strong>et</strong></span> <span class='ocrx_word' id='word_1_727' title='bbox 3592 2395 3869 2464; x_wconf 80' lang='lat' dir='ltr'><strong>Romana,</strong></span> 
     </span>
    </p>
   </div>
   <div class='ocr_carea' id='block_1_104' title="bbox 2230 2463 3864 2537">
    <p class='ocr_par' dir='ltr' id='par_1_104' title="bbox 2230 2463 3864 2537">
     <span class='ocr_line' id='line_1_107' title="bbox 2230 2463 3864 2537; baseline 0.005 -21"><span class='ocrx_word' id='word_1_728' title='bbox 2230 2463 2275 2517; x_wconf 84' lang='lat' dir='ltr'><strong>si</strong></span> <span class='ocrx_word' id='word_1_729' title='bbox 2308 2473 2522 2537; x_wconf 80' lang='lat' dir='ltr'><strong>statuas</strong></span> <span class='ocrx_word' id='word_1_730' title='bbox 2553 2473 2609 2537; x_wconf 89' lang='lat' dir='ltr'><strong>et</strong></span> <span class='ocrx_word' id='word_1_731' title='bbox 2645 2464 2801 2537; x_wconf 83' lang='lat' dir='ltr'><strong>sig_na</strong></span> <span class='ocrx_word' id='word_1_732' title='bbox 2835 2478 2906 2520; x_wconf 90' lang='lat' dir='ltr'><strong>ex</strong></span> <span class='ocrx_word' id='word_1_733' title='bbox 2935 2479 3040 2520; x_wconf 87' lang='lat' dir='ltr'><strong>are</strong></span> <span class='ocrx_word' id='word_1_734' title='bbox 3079 2463 3144 2521; x_wconf 76' lang='lat' dir='ltr'><strong>et</strong></span> <span class='ocrx_word' id='word_1_735' title='bbox 3163 2480 3451 2537; x_wconf 86' lang='lat' dir='ltr'><strong>marmore</strong></span> <span class='ocrx_word' id='word_1_736' title='bbox 3509 2463 3864 2537; x_wconf 82' lang='lat' dir='ltr'><strong>consideres,</strong></span> 
     </span>
    </p>
   </div>
   <div class='ocr_carea' id='block_1_105' title="bbox 2227 2533 3857 2618">
    <p class='ocr_par' dir='ltr' id='par_1_105' title="bbox 2227 2533 3857 2618">
     <span class='ocr_line' id='line_1_108' title="bbox 2227 2533 3857 2618; baseline 0.001 -24"><span class='ocrx_word' id='word_1_737' title='bbox 2227 2551 2344 2618; x_wconf 81' lang='lat' dir='ltr'><strong>non</strong></span> <span class='ocrx_word' id='word_1_738' title='bbox 2379 2534 2678 2598; x_wconf 88' lang='lat' dir='ltr'><strong>immerito</strong></span> <span class='ocrx_word' id='word_1_739' title='bbox 2706 2533 3079 2618; x_wconf 84' lang='lat' dir='ltr'><strong>Thesaurum</strong></span> <span class='ocrx_word' id='word_1_740' title='bbox 3110 2536 3498 2618; x_wconf 77' lang='lat' dir='ltr'><strong>antiquitatis,</strong></span> <span class='ocrx_word' id='word_1_741' title='bbox 3528 2546 3584 2599; x_wconf 85' lang='lat' dir='ltr'><strong>et</strong></span> <span class='ocrx_word' id='word_1_742' title='bbox 3611 2533 3857 2612; x_wconf 71' lang='grc' dir='ltr'><strong>ταμιεῖωί</strong></span> 
     </span>
    </p>
   </div>
   <div class='ocr_carea' id='block_1_106' title="bbox 2223 2613 3866 2688">
    <p class='ocr_par' dir='ltr' id='par_1_106' title="bbox 2223 2613 3866 2688">
     <span class='ocr_line' id='line_1_109' title="bbox 2223 2613 3866 2688; baseline 0.004 -18"><span class='ocrx_word' id='word_1_743' title='bbox 2223 2613 2751 2688; x_wconf 74' lang='lat' dir='ltr'><strong>lnstructissimum,</strong></span> <span class='ocrx_word' id='word_1_744' title='bbox 2825 2617 3126 2673; x_wconf 90' lang='lat' dir='ltr'><strong>nominare</strong></span> <span class='ocrx_word' id='word_1_745' title='bbox 3181 2613 3360 2687; x_wconf 78' lang='lat' dir='ltr'><strong>poies.</strong></span> <span class='ocrx_word' id='word_1_746' title='bbox 3425 2613 3866 2688; x_wconf 48' lang='lat' dir='ltr'><strong>In’scriptionem</strong></span> 
     </span>
    </p>
   </div>
   <div class='ocr_carea' id='block_1_107' title="bbox 2222 2685 3864 2759">
    <p class='ocr_par' dir='ltr' id='par_1_107' title="bbox 2222 2685 3864 2759">
     <span class='ocr_line' id='line_1_110' title="bbox 2222 2685 3864 2759; baseline 0.004 -20"><span class='ocrx_word' id='word_1_747' title='bbox 2222 2685 2399 2754; x_wconf 89' lang='lat' dir='ltr'><strong>ipsam</strong></span> <span class='ocrx_word' id='word_1_748' title='bbox 2435 2689 2490 2743; x_wconf 90' lang='lat' dir='ltr'><strong>in</strong></span> <span class='ocrx_word' id='word_1_749' title='bbox 2523 2690 2766 2759; x_wconf 84' lang='lat' dir='ltr'><strong>gratiam</strong></span> <span class='ocrx_word' id='word_1_750' title='bbox 2786 2701 3006 2752; x_wconf 92' lang='lat' dir='ltr'><strong>eorum,</strong></span> <span class='ocrx_word' id='word_1_751' title='bbox 3039 2689 3135 2759; x_wconf 89' lang='lat' dir='ltr'><strong>qui</strong></span> <span class='ocrx_word' id='word_1_752' title='bbox 3169 2685 3448 2758; x_wconf 76' lang='lat' dir='ltr'><strong>ejusmodi</strong></span> <span class='ocrx_word' id='word_1_753' title='bbox 3477 2685 3680 2745; x_wconf 87' lang='lat' dir='ltr'><strong>studiis</strong></span> <span class='ocrx_word' id='word_1_754' title='bbox 3701 2690 3864 2746; x_wconf 82' lang='lat' dir='ltr'><strong>dele-</strong></span> 
     </span>
    </p>
   </div>
   <div class='ocr_carea' id='block_1_108' title="bbox 2219 2757 3870 2832">
    <p class='ocr_par' dir='ltr' id='par_1_108' title="bbox 2219 2757 3870 2832">
     <span class='ocr_line' id='line_1_111' title="bbox 2219 2757 3870 2832; baseline 0.004 -22"><span class='ocrx_word' id='word_1_755' title='bbox 2219 2767 2467 2822; x_wconf 88' lang='lat' dir='ltr'><strong>ctantur,</strong></span> <span class='ocrx_word' id='word_1_756' title='bbox 2500 2757 2616 2814; x_wconf 90' lang='lat' dir='ltr'><strong>non</strong></span> <span class='ocrx_word' id='word_1_757' title='bbox 2650 2757 2758 2832; x_wconf 93' lang='lat' dir='ltr'><strong>ahs_</strong></span> <span class='ocrx_word' id='word_1_758' title='bbox 2781 2771 2843 2814; x_wconf 91' lang='lat' dir='ltr'><strong>re</strong></span> <span class='ocrx_word' id='word_1_759' title='bbox 2874 2759 3014 2816; x_wconf 89' lang='lat' dir='ltr'><strong>forte</strong></span> <span class='ocrx_word' id='word_1_760' title='bbox 3040 2757 3148 2816; x_wconf 80' lang='lat' dir='ltr'><strong>erit</strong></span> <span class='ocrx_word' id='word_1_761' title='bbox 3179 2757 3448 2832; x_wconf 73' lang='lat' dir='ltr'><strong>attexere,</strong></span> <span class='ocrx_word' id='word_1_762' title='bbox 3481 2764 3534 2815; x_wconf 87' lang='lat' dir='ltr'><strong>in</strong></span> <span class='ocrx_word' id='word_1_763' title='bbox 3620 2775 3730 2832; x_wconf 90' lang='lat' dir='ltr'><strong>qua</strong></span> <span class='ocrx_word' id='word_1_764' title='bbox 3771 2763 3870 2817; x_wconf 90' lang='lat' dir='ltr'><strong>lit-</strong></span> 
     </span>
    </p>
   </div>
   <div class='ocr_carea' id='block_1_109' title="bbox 2221 2829 3569 2901">
    <p class='ocr_par' dir='ltr' id='par_1_109' title="bbox 2221 2829 3569 2901">
     <span class='ocr_line' id='line_1_112' title="bbox 2221 2829 3569 2901; baseline 0.001 -17"><span class='ocrx_word' id='word_1_765' title='bbox 2221 2833 2367 2884; x_wconf 90' lang='lat' dir='ltr'><strong>teras</strong></span> <span class='ocrx_word' id='word_1_766' title='bbox 2405 2837 2680 2887; x_wconf 89' lang='lat' dir='ltr'><strong>vetustate</strong></span> <span class='ocrx_word' id='word_1_767' title='bbox 2710 2829 2966 2898; x_wconf 88' lang='lat' dir='ltr'><strong>abrasas,</strong></span> <span class='ocrx_word' id='word_1_768' title='bbox 3006 2844 3111 2886; x_wconf 91' lang='lat' dir='ltr'><strong>nos</strong></span> <span class='ocrx_word' id='word_1_769' title='bbox 3142 2831 3569 2901; x_wconf 82' lang='lat' dir='ltr'><strong>supplevimus:</strong></span> 
     </span>
    </p>
   </div>
   <div class='ocr_carea' id='block_1_110' title="bbox 2304 2948 3489 3000">
    <p class='ocr_par' dir='ltr' id='par_1_110' title="bbox 2304 2948 3489 3000">
     <span class='ocr_line' id='line_1_113' title="bbox 2304 2948 3489 3000; baseline 0.002 -5"><span class='ocrx_word' id='word_1_770' title='bbox 2304 2948 3489 3000; x_wconf 76' lang='grc' dir='ltr'><strong>ΘΕΟΦΡΑΣΤΟΝΗΡΑΚΛΕΙΤΟΥΑΧΑΡΝΕΛ</strong></span> 
     </span>
    </p>
   </div>
   <div class='ocr_carea' id='block_1_111' title="bbox 2304 3026 3389 3080">
    <p class='ocr_par' dir='ltr' id='par_1_111' title="bbox 2304 3026 3389 3080">
     <span class='ocr_line' id='line_1_114' title="bbox 2304 3026 3389 3080; baseline 0.004 -3"><span class='ocrx_word' id='word_1_771' title='bbox 2304 3026 3389 3080; x_wconf 74' lang='grc' dir='ltr'><strong>ΕΠΙΜΕΛΗΤΗΝΔΗΛΟΥΓΕΝΟΜΕΝΟΝ</strong></span> 
     </span>
    </p>
   </div>
   <div class='ocr_carea' id='block_1_112' title="bbox 2301 3107 2646 3158">
    <p class='ocr_par' dir='ltr' id='par_1_112' title="bbox 2301 3107 2646 3158">
     <span class='ocr_line' id='line_1_115' title="bbox 2301 3107 2646 3158; baseline 0.009 -3"><span class='ocrx_word' id='word_1_772' title='bbox 2301 3107 2646 3158; x_wconf 74' lang='grc' dir='ltr'><strong>ΑΘΗΝΑΙΩΝ</strong></span> 
     </span>
    </p>
   </div>
   <div class='ocr_carea' id='block_1_113' title="bbox 2305 3184 3454 3240">
    <p class='ocr_par' dir='ltr' id='par_1_113' title="bbox 2305 3184 3454 3240">
     <span class='ocr_line' id='line_1_116' title="bbox 2305 3184 3454 3240; baseline 0.003 -3"><span class='ocrx_word' id='word_1_773' title='bbox 2305 3190 2339 3237; x_wconf 80' lang='grc' dir='ltr'>Κ</span> <span class='ocrx_word' id='word_1_774' title='bbox 2358 3184 3454 3240; x_wconf 69' lang='grc' dir='ltr'><strong>ΑΙΡΩΜΑΙΩΝΚΑΙΤΩΝΑΔΛΩΝΞΕΝΩΝ</strong></span> 
     </span>
    </p>
   </div>
   <div class='ocr_carea' id='block_1_114' title="bbox 2304 3264 3688 3321">
    <p class='ocr_par' dir='ltr' id='par_1_114' title="bbox 2304 3264 3688 3321">
     <span class='ocr_line' id='line_1_117' title="bbox 2304 3264 3688 3321; baseline 0.004 -5"><span class='ocrx_word' id='word_1_775' title='bbox 2304 3264 3688 3321; x_wconf 73' lang='grc' dir='ltr'><strong>ΚΑΤΟΙΚΟΥΝΤΕΣΚΑΙΠΑΡΕΠΙΔΗΜΟΓΝΤΕΣΕΝ</strong></span> 
     </span>
    </p>
   </div>
   <div class='ocr_carea' id='block_1_115' title="bbox 2306 3345 2486 3395">
    <p class='ocr_par' dir='ltr' id='par_1_115' title="bbox 2306 3345 2486 3395">
     <span class='ocr_line' id='line_1_118' title="bbox 2306 3345 2486 3395; baseline -0.006 -1"><span class='ocrx_word' id='word_1_776' title='bbox 2306 3345 2486 3395; x_wconf 81' lang='grc' dir='ltr'><strong>ΔΗΛΩ</strong></span> 
     </span>
    </p>
   </div>
   <div class='ocr_carea' id='block_1_116' title="bbox 2299 3424 3734 3481">
    <p class='ocr_par' dir='ltr' id='par_1_116' title="bbox 2299 3424 3734 3481">
     <span class='ocr_line' id='line_1_119' title="bbox 2299 3424 3734 3481; baseline 0.002 -6"><span class='ocrx_word' id='word_1_777' title='bbox 2299 3425 2924 3476; x_wconf 77' lang='grc' dir='ltr'><strong>ΑΡΕΤΗΣΕΝΕΚΕΝΚΑ</strong></span> <span class='ocrx_word' id='word_1_778' title='bbox 2937 3427 2994 3477; x_wconf 71' lang='grc' dir='ltr'><strong>ιι(</strong></span> <span class='ocrx_word' id='word_1_779' title='bbox 3007 3424 3734 3481; x_wconf 75' lang='grc' dir='ltr'><strong>ᾹΛΟΚΑΓΑΘΙΑΣΚΛΙΤΗΣ</strong></span> 
     </span>
    </p>
   </div>
   <div class='ocr_carea' id='block_1_117' title="bbox 2301 3504 2649 3557">
    <p class='ocr_par' dir='ltr' id='par_1_117' title="bbox 2301 3504 2649 3557">
     <span class='ocr_line' id='line_1_120' title="bbox 2301 3504 2649 3557; baseline -0.006 -3"><span class='ocrx_word' id='word_1_780' title='bbox 2301 3504 2649 3557; x_wconf 81' lang='grc' dir='ltr'><strong>ΠΡΟΣΤΟΥΣ</strong></span> 
     </span>
    </p>
   </div>
   <div class='ocr_carea' id='block_1_118' title="bbox 2302 3585 3614 3640">
    <p class='ocr_par' dir='ltr' id='par_1_118' title="bbox 2302 3585 3614 3640">
     <span class='ocr_line' id='line_1_121' title="bbox 2302 3585 3614 3640; baseline 0.005 -6"><span class='ocrx_word' id='word_1_781' title='bbox 2302 3585 3614 3640; x_wconf 75' lang='grc' dir='ltr'><strong>ΘΕΟΥΣΕΥΣΕΒΕΙΑΣΑΝΕΘΗΚΑΝΑΠΟΛΛΩΝΙ</strong></span> 
     </span>
    </p>
   </div>
   <div class='ocr_carea' id='block_1_119' title="bbox 2154 3696 3861 3772">
    <p class='ocr_par' dir='ltr' id='par_1_119' title="bbox 2154 3696 3861 3772">
     <span class='ocr_line' id='line_1_122' title="bbox 2154 3696 3861 3772; baseline 0.001 -13"><span class='ocrx_word' id='word_1_782' title='bbox 2154 3707 2193 3759; x_wconf 91' lang='lat' dir='ltr'><strong>C</strong></span> <span class='ocrx_word' id='word_1_783' title='bbox 2218 3697 2726 3772; x_wconf 75' lang='lat' dir='ltr'><strong>Nascentisautem</strong></span> <span class='ocrx_word' id='word_1_784' title='bbox 2759 3696 3013 3754; x_wconf 83' lang='lat' dir='ltr'><strong>Ecclesia</strong></span> <span class='ocrx_word' id='word_1_785' title='bbox 3041 3706 3268 3772; x_wconf 83' lang='lat' dir='ltr'><strong>statum,</strong></span> <span class='ocrx_word' id='word_1_786' title='bbox 3303 3713 3430 3770; x_wconf 81' lang='lat' dir='ltr'><strong>qua</strong></span> <span class='ocrx_word' id='word_1_787' title='bbox 3469 3701 3577 3757; x_wconf 90' lang='lat' dir='ltr'><strong>sub</strong></span> <span class='ocrx_word' id='word_1_788' title='bbox 3607 3701 3861 3772; x_wconf 85' lang='lat' dir='ltr'><strong>impera-</strong></span> 
     </span>
    </p>
   </div>
   <div class='ocr_carea' id='block_1_120' title="bbox 2217 3769 3861 3840">
    <p class='ocr_par' dir='ltr' id='par_1_120' title="bbox 2217 3769 3861 3840">
     <span class='ocr_line' id='line_1_123' title="bbox 2217 3769 3861 3840; baseline 0.003 -13"><span class='ocrx_word' id='word_1_789' title='bbox 2217 3770 2440 3827; x_wconf 90' lang='lat' dir='ltr'><strong>toribus</strong></span> <span class='ocrx_word' id='word_1_790' title='bbox 2469 3769 2734 3833; x_wconf 88' lang='lat' dir='ltr'><strong>ethnicis,</strong></span> <span class='ocrx_word' id='word_1_791' title='bbox 2791 3778 2843 3825; x_wconf 92' lang='lat' dir='ltr'><strong>et</strong></span> <span class='ocrx_word' id='word_1_792' title='bbox 2904 3777 2967 3826; x_wconf 92' lang='lat' dir='ltr'><strong>ut</strong></span> <span class='ocrx_word' id='word_1_793' title='bbox 3025 3769 3332 3838; x_wconf 86' lang='lat' dir='ltr'><strong>plurimum</strong></span> <span class='ocrx_word' id='word_1_794' title='bbox 3374 3769 3861 3840; x_wconf 82' lang='lat' dir='ltr'><strong>persecutoribus.</strong></span> 
     </span>
    </p>
   </div>
   <div class='ocr_carea' id='block_1_121' title="bbox 2217 3840 3863 3913">
    <p class='ocr_par' dir='ltr' id='par_1_121' title="bbox 2217 3840 3863 3913">
     <span class='ocr_line' id='line_1_124' title="bbox 2217 3840 3863 3913; baseline 0.004 -16"><span class='ocrx_word' id='word_1_795' title='bbox 2217 3842 2419 3913; x_wconf 85' lang='lat' dir='ltr'><strong>nullibi</strong></span> <span class='ocrx_word' id='word_1_796' title='bbox 2450 3840 2709 3913; x_wconf 86' lang='lat' dir='ltr'><strong>stabilem</strong></span> <span class='ocrx_word' id='word_1_797' title='bbox 2741 3848 2795 3897; x_wconf 91' lang='lat' dir='ltr'><strong>et</strong></span> <span class='ocrx_word' id='word_1_798' title='bbox 2836 3849 3263 3910; x_wconf 86' lang='lat' dir='ltr'><strong>permanentem</strong></span> <span class='ocrx_word' id='word_1_799' title='bbox 3299 3841 3488 3898; x_wconf 90' lang='lat' dir='ltr'><strong>locum</strong></span> <span class='ocrx_word' id='word_1_800' title='bbox 3519 3845 3863 3913; x_wconf 89' lang='lat' dir='ltr'><strong>possideret,</strong></span> 
     </span>
    </p>
   </div>
   <div class='ocr_carea' id='block_1_122' title="bbox 2119 3912 3862 3986">
    <p class='ocr_par' dir='ltr' id='par_1_122' title="bbox 2119 3912 3862 3986">
     <span class='ocr_line' id='line_1_125' title="bbox 2119 3912 3862 3986; baseline 0.005 -19"><span class='ocrx_word' id='word_1_801' title='bbox 2119 3913 2133 3982; x_wconf 73' lang='grc' dir='ltr'>ζ</span> <span class='ocrx_word' id='word_1_802' title='bbox 2217 3912 2314 3986; x_wconf 78' lang='lat' dir='ltr'><strong>sed</strong></span> <span class='ocrx_word' id='word_1_803' title='bbox 2346 3913 2514 3986; x_wconf 84' lang='lat' dir='ltr'><strong>(sicut</strong></span> <span class='ocrx_word' id='word_1_804' title='bbox 2547 3912 2684 3986; x_wconf 88' lang='lat' dir='ltr'><strong>olim</strong></span> <span class='ocrx_word' id='word_1_805' title='bbox 2707 3913 3040 3982; x_wconf 87' lang='lat' dir='ltr'><strong>patriarcha</strong></span> <span class='ocrx_word' id='word_1_806' title='bbox 3080 3913 3451 3986; x_wconf 73' lang='lat' dir='ltr'><strong>intentoriis,</strong></span> <span class='ocrx_word' id='word_1_807' title='bbox 3510 3912 3564 3971; x_wconf 85' lang='lat' dir='ltr'><strong>et</strong></span> <span class='ocrx_word' id='word_1_808' title='bbox 3617 3917 3862 3986; x_wconf 88' lang='lat' dir='ltr'><strong>populus</strong></span> 
     </span>
    </p>
   </div>
   <div class='ocr_carea' id='block_1_123' title="bbox 2216 3981 3863 4055">
    <p class='ocr_par' dir='ltr' id='par_1_123' title="bbox 2216 3981 3863 4055">
     <span class='ocr_line' id='line_1_126' title="bbox 2216 3981 3863 4055; baseline 0.004 -15"><span class='ocrx_word' id='word_1_809' title='bbox 2216 3981 2565 4040; x_wconf 91' lang='lat' dir='ltr'><strong>Israeliticus</strong></span> <span class='ocrx_word' id='word_1_810' title='bbox 2593 3985 2652 4038; x_wconf 93' lang='lat' dir='ltr'><strong>in</strong></span> <span class='ocrx_word' id='word_1_811' title='bbox 2685 3981 2876 4040; x_wconf 79' lang='lat' dir='ltr'><strong>eremo</strong></span> <span class='ocrx_word' id='word_1_812' title='bbox 2907 3986 3014 4040; x_wconf 87' lang='lat' dir='ltr'><strong>sub</strong></span> <span class='ocrx_word' id='word_1_813' title='bbox 3069 3981 3334 4055; x_wconf 86' lang='lat' dir='ltr'><strong>pellibus)</strong></span> <span class='ocrx_word' id='word_1_814' title='bbox 3392 3981 3633 4054; x_wconf 77' lang='lat' dir='ltr'><strong>patriam</strong></span> <span class='ocrx_word' id='word_1_815' title='bbox 3677 3981 3863 4045; x_wconf 69' lang='lat' dir='ltr'><strong>eale-</strong></span> 
     </span>
    </p>
   </div>
   <div class='ocr_carea' id='block_1_124' title="bbox 2217 4055 3857 4125">
    <p class='ocr_par' dir='ltr' id='par_1_124' title="bbox 2217 4055 3857 4125">
     <span class='ocr_line' id='line_1_127' title="bbox 2217 4055 3857 4125; baseline 0.004 -15"><span class='ocrx_word' id='word_1_816' title='bbox 2217 4065 2361 4111; x_wconf 91' lang='lat' dir='ltr'><strong>stem</strong></span> <span class='ocrx_word' id='word_1_817' title='bbox 2393 4055 2672 4111; x_wconf 77' lang='lat' dir='ltr'><strong>anhelans</strong></span> <span class='ocrx_word' id='word_1_818' title='bbox 2701 4056 2871 4111; x_wconf 88' lang='lat' dir='ltr'><strong>vitam</strong></span> <span class='ocrx_word' id='word_1_819' title='bbox 2911 4057 2968 4111; x_wconf 92' lang='lat' dir='ltr'><strong>in</strong></span> <span class='ocrx_word' id='word_1_820' title='bbox 3018 4057 3182 4111; x_wconf 86' lang='lat' dir='ltr'><strong>terris</strong></span> <span class='ocrx_word' id='word_1_821' title='bbox 3217 4069 3417 4125; x_wconf 90' lang='lat' dir='ltr'><strong>vagam</strong></span> <span class='ocrx_word' id='word_1_822' title='bbox 3477 4071 3542 4113; x_wconf 90' lang='lat' dir='ltr'><strong>ac</strong></span> <span class='ocrx_word' id='word_1_823' title='bbox 3597 4057 3857 4122; x_wconf 87' lang='lat' dir='ltr'><strong>dubiam.</strong></span> 
     </span>
    </p>
   </div>
   <div class='ocr_carea' id='block_1_125' title="bbox 2215 4127 3858 4197">
    <p class='ocr_par' dir='ltr' id='par_1_125' title="bbox 2215 4127 3858 4197">
     <span class='ocr_line' id='line_1_128' title="bbox 2215 4127 3858 4197; baseline 0.004 -15"><span class='ocrx_word' id='word_1_824' title='bbox 2215 4134 2481 4196; x_wconf 84' lang='lat' dir='ltr'><strong>tanquam</strong></span> <span class='ocrx_word' id='word_1_825' title='bbox 2506 4127 2712 4195; x_wconf 89' lang='lat' dir='ltr'><strong>hospes</strong></span> <span class='ocrx_word' id='word_1_826' title='bbox 2759 4134 2812 4182; x_wconf 91' lang='lat' dir='ltr'><strong>et</strong></span> <span class='ocrx_word' id='word_1_827' title='bbox 2843 4129 3142 4197; x_wconf 88' lang='lat' dir='ltr'><strong>peregrina</strong></span> <span class='ocrx_word' id='word_1_828' title='bbox 3175 4127 3535 4197; x_wconf 73' lang='lat' dir='ltr'><strong>transigeret,</strong></span> <span class='ocrx_word' id='word_1_829' title='bbox 3569 4141 3737 4186; x_wconf 89' lang='lat' dir='ltr'><strong>voces</strong></span> <span class='ocrx_word' id='word_1_830' title='bbox 3769 4132 3858 4188; x_wconf 79' lang='lat' dir='ltr'><strong>ha</strong></span> 
     </span>
    </p>
   </div>
   <div class='ocr_carea' id='block_1_126' title="bbox 2214 4197 3856 4278">
    <p class='ocr_par' dir='ltr' id='par_1_126' title="bbox 2214 4197 3856 4278">
     <span class='ocr_line' id='line_1_129' title="bbox 2214 4197 3856 4278; baseline 0.003 -20"><span class='ocrx_word' id='word_1_831' title='bbox 2214 4197 2689 4278; x_wconf 71' lang='lat' dir='ltr'><strong>appositissima,</strong></span> <span class='ocrx_word' id='word_1_832' title='bbox 2723 4212 3002 4276; x_wconf 77' lang='grc' dir='ltr'><strong>παροικεῖν</strong></span> <span class='ocrx_word' id='word_1_833' title='bbox 3026 4207 3090 4278; x_wconf 86' lang='lat' dir='ltr'><strong>et</strong></span> <span class='ocrx_word' id='word_1_834' title='bbox 3109 4211 3405 4270; x_wconf 70' lang='grc' dir='ltr'><strong>κατοικεῖν,</strong></span> <span class='ocrx_word' id='word_1_835' title='bbox 3433 4199 3716 4278; x_wconf 75' lang='lat' dir='ltr'><strong>graphice</strong></span> <span class='ocrx_word' id='word_1_836' title='bbox 3746 4201 3856 4263; x_wconf 88' lang='lat' dir='ltr'><strong>de-</strong></span> 
     </span>
    </p>
   </div>
   <div class='ocr_carea' id='block_1_127' title="bbox 2215 4277 3868 4348">
    <p class='ocr_par' dir='ltr' id='par_1_127' title="bbox 2215 4277 3868 4348">
     <span class='ocr_line' id='line_1_130' title="bbox 2215 4277 3868 4348; baseline 0.004 -17"><span class='ocrx_word' id='word_1_837' title='bbox 2215 4281 2480 4348; x_wconf 87' lang='lat' dir='ltr'><strong>pingunt.</strong></span> <span class='ocrx_word' id='word_1_838' title='bbox 2511 4287 2570 4334; x_wconf 92' lang='lat' dir='ltr'><strong>et</strong></span> <span class='ocrx_word' id='word_1_839' title='bbox 2598 4277 2767 4334; x_wconf 91' lang='lat' dir='ltr'><strong>nobis</strong></span> <span class='ocrx_word' id='word_1_840' title='bbox 2797 4278 2870 4334; x_wconf 90' lang='lat' dir='ltr'><strong>ob</strong></span> <span class='ocrx_word' id='word_1_841' title='bbox 2908 4277 3107 4334; x_wconf 82' lang='lat' dir='ltr'><strong>oculos</strong></span> <span class='ocrx_word' id='word_1_842' title='bbox 3136 4286 3376 4348; x_wconf 90' lang='lat' dir='ltr'><strong>ponunt.</strong></span> <span class='ocrx_word' id='word_1_843' title='bbox 3419 4277 3680 4348; x_wconf 85' lang='lat' dir='ltr'><strong>Longum</strong></span> <span class='ocrx_word' id='word_1_844' title='bbox 3712 4293 3868 4339; x_wconf 82' lang='lat' dir='ltr'><strong>esset</strong></span> 
     </span>
    </p>
   </div>
   <div class='ocr_carea' id='block_1_128' title="bbox 2215 4348 3857 4420">
    <p class='ocr_par' dir='ltr' id='par_1_128' title="bbox 2215 4348 3857 4420">
     <span class='ocr_line' id='line_1_131' title="bbox 2215 4348 3857 4420; baseline 0.003 -17"><span class='ocrx_word' id='word_1_845' title='bbox 2215 4362 2318 4418; x_wconf 84' lang='lat' dir='ltr'><strong>per</strong></span> <span class='ocrx_word' id='word_1_846' title='bbox 2339 4348 2600 4420; x_wconf 89' lang='lat' dir='ltr'><strong>singulos</strong></span> <span class='ocrx_word' id='word_1_847' title='bbox 2630 4348 2826 4406; x_wconf 89' lang='lat' dir='ltr'><strong>Patres</strong></span> <span class='ocrx_word' id='word_1_848' title='bbox 2851 4350 2954 4415; x_wconf 76' lang='lat' dir='ltr'><strong>ire,</strong></span> <span class='ocrx_word' id='word_1_849' title='bbox 2988 4358 3042 4406; x_wconf 89' lang='lat' dir='ltr'><strong>et</strong></span> <span class='ocrx_word' id='word_1_850' title='bbox 3087 4349 3207 4406; x_wconf 86' lang='lat' dir='ltr'><strong>loca</strong></span> <span class='ocrx_word' id='word_1_851' title='bbox 3251 4363 3324 4406; x_wconf 88' lang='lat' dir='ltr'><strong>ex</strong></span> <span class='ocrx_word' id='word_1_852' title='bbox 3370 4348 3483 4405; x_wconf 90' lang='lat' dir='ltr'><strong>illis</strong></span> <span class='ocrx_word' id='word_1_853' title='bbox 3535 4351 3857 4416; x_wconf 86' lang='lat' dir='ltr'><strong>cumulare.</strong></span> 
     </span>
    </p>
   </div>
   <div class='ocr_carea' id='block_1_129' title="bbox 2211 4420 3858 4512">
    <p class='ocr_par' dir='ltr' id='par_1_129' title="bbox 2211 4420 3858 4512">
     <span class='ocr_line' id='line_1_132' title="bbox 2211 4420 3858 4512; baseline 0.001 -32"><span class='ocrx_word' id='word_1_854' title='bbox 2211 4420 2425 4512; x_wconf 72' lang='lat' dir='ltr'><strong>quibus</strong></span> <span class='ocrx_word' id='word_1_855' title='bbox 2455 4420 3120 4512; x_wconf 27' lang='lat' dir='ltr'><strong>humananvitauquam</strong></span> <span class='ocrx_word' id='word_1_856' title='bbox 3150 4423 3448 4512; x_wconf 46' lang='lat' dir='ltr'><strong>sapiat-titan,</strong></span> <span class='ocrx_word' id='word_1_857' title='bbox 3501 4433 3729 4512; x_wconf 85' lang='lat' dir='ltr'><strong>vocant,</strong></span> <span class='ocrx_word' id='word_1_858' title='bbox 3794 4429 3858 4481; x_wconf 85' lang='grc' dir='ltr'><strong>τὸ</strong></span> 
     </span>
    </p>
   </div>
   <div class='ocr_carea' id='block_1_130' title="bbox 2209 4499 3856 4581">
    <p class='ocr_par' dir='ltr' id='par_1_130' title="bbox 2209 4499 3856 4581">
     <span class='ocr_line' id='line_1_133' title="bbox 2209 4499 3856 4581; baseline 0.005 -26"><span class='ocrx_word' id='word_1_859' title='bbox 2209 4499 2602 4581; x_wconf 81' lang='grc' dir='ltr'>ὀλιγοχρόνιον,</span> <span class='ocrx_word' id='word_1_860' title='bbox 2638 4509 2697 4561; x_wconf 91' lang='lat' dir='ltr'><strong>et</strong></span> <span class='ocrx_word' id='word_1_861' title='bbox 2727 4499 3008 4563; x_wconf 76' lang='lat' dir='ltr'><strong>Ecclesia</strong></span> <span class='ocrx_word' id='word_1_862' title='bbox 3047 4499 3388 4581; x_wconf 80' lang='lat' dir='ltr'><strong>instabilem</strong></span> <span class='ocrx_word' id='word_1_863' title='bbox 3419 4509 3640 4563; x_wconf 87' lang='lat' dir='ltr'><strong>sortem</strong></span> <span class='ocrx_word' id='word_1_864' title='bbox 3704 4499 3856 4581; x_wconf 82' lang='lat' dir='ltr'><strong>pro-</strong></span> 
     </span>
    </p>
   </div>
   <div class='ocr_carea' id='block_1_131' title="bbox 2209 4579 3858 4654">
    <p class='ocr_par' dir='ltr' id='par_1_131' title="bbox 2209 4579 3858 4654">
     <span class='ocr_line' id='line_1_134' title="bbox 2209 4579 3858 4654; baseline 0.004 -18"><span class='ocrx_word' id='word_1_865' title='bbox 2209 4579 2421 4654; x_wconf 79' lang='lat' dir='ltr'><strong>miscue</strong></span> <span class='ocrx_word' id='word_1_866' title='bbox 2452 4581 2540 4635; x_wconf 91' lang='lat' dir='ltr'><strong>his</strong></span> <span class='ocrx_word' id='word_1_867' title='bbox 2562 4581 2817 4642; x_wconf 86' lang='lat' dir='ltr'><strong>vocibus.</strong></span> <span class='ocrx_word' id='word_1_868' title='bbox 2848 4581 3116 4654; x_wconf 77' lang='lat' dir='ltr'><strong>dormiant</strong></span> <span class='ocrx_word' id='word_1_869' title='bbox 3145 4597 3163 4649; x_wconf 85' lang='lat'><strong>;</strong></span> <span class='ocrx_word' id='word_1_870' title='bbox 3223 4579 3483 4654; x_wconf 83' lang='lat' dir='ltr'><strong>epistola_</strong></span> <span class='ocrx_word' id='word_1_871' title='bbox 3515 4585 3584 4638; x_wconf 89' lang='lat' dir='ltr'><strong>ad</strong></span> <span class='ocrx_word' id='word_1_872' title='bbox 3617 4579 3858 4654; x_wconf 84' lang='lat' dir='ltr'><strong>Diogne-</strong></span> 
     </span>
    </p>
   </div>
   <div class='ocr_carea' id='block_1_132' title="bbox 2208 4650 3843 4727">
    <p class='ocr_par' dir='ltr' id='par_1_132' title="bbox 2208 4650 3843 4727">
     <span class='ocr_line' id='line_1_135' title="bbox 2208 4650 3843 4727; baseline 0.004 -21"><span class='ocrx_word' id='word_1_873' title='bbox 2208 4660 2327 4706; x_wconf 92' lang='lat' dir='ltr'><strong>tum</strong></span> <span class='ocrx_word' id='word_1_874' title='bbox 2359 4650 2526 4721; x_wconf 79' lang='lat' dir='ltr'><strong>plane</strong></span> <span class='ocrx_word' id='word_1_875' title='bbox 2571 4665 2766 4720; x_wconf 91' lang='lat' dir='ltr'><strong>aurea,</strong></span> <span class='ocrx_word' id='word_1_876' title='bbox 2814 4652 2899 4708; x_wconf 86' lang='lat' dir='ltr'><strong>sic</strong></span> <span class='ocrx_word' id='word_1_877' title='bbox 2935 4652 3187 4724; x_wconf 88' lang='lat' dir='ltr'><strong>loquitur</strong></span> <span class='ocrx_word' id='word_1_878' title='bbox 3223 4650 3550 4727; x_wconf 48' lang='lat' dir='ltr'><strong>(nuptiis;</strong></span> <span class='ocrx_word' id='word_1_879' title='bbox 3607 4650 3843 4712; x_wconf 71' lang='grc' dir='ltr'>οὶχοῦσιν</span> 
     </span>
    </p>
   </div>
   <div class='ocr_carea' id='block_1_133' title="bbox 2209 4730 3840 4811">
    <p class='ocr_par' dir='ltr' id='par_1_133' title="bbox 2209 4730 3840 4811">
     <span class='ocr_line' id='line_1_136' title="bbox 2209 4730 3840 4811; baseline 0.003 -25"><span class='ocrx_word' id='word_1_880' title='bbox 2209 4730 2360 4809; x_wconf 77' lang='grc' dir='ltr'><strong>ἰδίας,</strong></span> <span class='ocrx_word' id='word_1_881' title='bbox 2392 4730 2510 4786; x_wconf 79' lang='grc' dir='ltr'><strong>ἀλλ’</strong></span> <span class='ocrx_word' id='word_1_882' title='bbox 2543 4734 2612 4796; x_wconf 78' lang='grc' dir='ltr'><strong>ὡς</strong></span> <span class='ocrx_word' id='word_1_883' title='bbox 2641 4733 2910 4809; x_wconf 65' lang='grc' dir='ltr'>πάροικον</span> <span class='ocrx_word' id='word_1_884' title='bbox 2941 4733 3228 4811; x_wconf 79' lang='grc' dir='ltr'><strong>μετέχουσι</strong></span> <span class='ocrx_word' id='word_1_885' title='bbox 3263 4733 3481 4788; x_wconf 66' lang='grc' dir='ltr'>πάντων</span> <span class='ocrx_word' id='word_1_886' title='bbox 3510 4735 3583 4796; x_wconf 86' lang='grc' dir='ltr'><strong>ὡς</strong></span> <span class='ocrx_word' id='word_1_887' title='bbox 3618 4734 3840 4792; x_wconf 73' lang='grc' dir='ltr'><strong>πολῖται</strong></span> 
     </span>
    </p>
   </div>
   <div class='ocr_carea' id='block_1_134' title="bbox 2207 4811 3852 4892">
    <p class='ocr_par' dir='ltr' id='par_1_134' title="bbox 2207 4811 3852 4892">
     <span class='ocr_line' id='line_1_137' title="bbox 2207 4811 3852 4892; baseline 0.003 -26"><span class='ocrx_word' id='word_1_888' title='bbox 2207 4813 2293 4867; x_wconf 64' lang='lat' dir='ltr'><strong>xii</strong></span> <span class='ocrx_word' id='word_1_889' title='bbox 2317 4812 2470 4867; x_wconf 78' lang='grc' dir='ltr'>πάνθ’</span> <span class='ocrx_word' id='word_1_890' title='bbox 2499 4813 2847 4886; x_wconf 68' lang='grc' dir='ltr'>ὑπομένουσιν</span> <span class='ocrx_word' id='word_1_891' title='bbox 2878 4814 2949 4874; x_wconf 85' lang='grc' dir='ltr'><strong>ὡς</strong></span> <span class='ocrx_word' id='word_1_892' title='bbox 2973 4811 3130 4877; x_wconf 79' lang='grc' dir='ltr'>ξένοι·</span> <span class='ocrx_word' id='word_1_893' title='bbox 3162 4819 3303 4868; x_wconf 74' lang='grc' dir='ltr'><strong>πᾶσα</strong></span> <span class='ocrx_word' id='word_1_894' title='bbox 3325 4811 3471 4891; x_wconf 79' lang='grc' dir='ltr'>ξένη,</span> <span class='ocrx_word' id='word_1_895' title='bbox 3493 4817 3676 4892; x_wconf 81' lang='grc' dir='ltr'>πατρίς</span> <span class='ocrx_word' id='word_1_896' title='bbox 3704 4815 3852 4871; x_wconf 82' lang='grc' dir='ltr'>ἐστιν</span> 
     </span>
    </p>
   </div>
   <div class='ocr_carea' id='block_1_135' title="bbox 2145 4889 3855 4973">
    <p class='ocr_par' dir='ltr' id='par_1_135' title="bbox 2145 4889 3855 4973">
     <span class='ocr_line' id='line_1_138' title="bbox 2145 4889 3855 4973; baseline 0.006 -27"><span class='ocrx_word' id='word_1_897' title='bbox 2145 4891 2401 4973; x_wconf 65' lang='grc' dir='ltr'>οαῦτξὸν,</span> <span class='ocrx_word' id='word_1_898' title='bbox 2433 4893 2523 4973; x_wconf 62' lang='lat' dir='ltr'><strong>iui</strong></span> <span class='ocrx_word' id='word_1_899' title='bbox 2555 4898 2698 4973; x_wconf 55' lang='lat' dir='ltr'><strong>«ﬁci;</strong></span> <span class='ocrx_word' id='word_1_900' title='bbox 2730 4893 2941 4973; x_wconf 70' lang='grc' dir='ltr'>πατρὶς,</span> <span class='ocrx_word' id='word_1_901' title='bbox 2982 4892 3125 4973; x_wconf 78' lang='grc' dir='ltr'>ξένη,</span> <span class='ocrx_word' id='word_1_902' title='bbox 3161 4899 3273 4973; x_wconf 80' lang='lat' dir='ltr'><strong>etc.</strong></span> <span class='ocrx_word' id='word_1_903' title='bbox 3299 4889 3535 4973; x_wconf 75' lang='lat' dir='ltr'><strong>JUNllJS.</strong></span> <span class='ocrx_word' id='word_1_904' title='bbox 3599 4889 3676 4938; x_wconf 52' lang='grc' dir='ltr'><strong>ξ·-</strong></span> <span class='ocrx_word' id='word_1_905' title='bbox 3739 4892 3855 4956; x_wconf 84' lang='lat' dir='ltr'><strong>Ne-</strong></span> 
     </span>
    </p>
   </div>
   <div class='ocr_carea' id='block_1_136' title="bbox 2209 4971 3860 5052">
    <p class='ocr_par' dir='ltr' id='par_1_136' title="bbox 2209 4971 3860 5052">
     <span class='ocr_line' id='line_1_139' title="bbox 2209 4971 3860 5052; baseline 0.004 -22"><span class='ocrx_word' id='word_1_906' title='bbox 2209 4971 2332 5048; x_wconf 82' lang='lat' dir='ltr'><strong>gari</strong></span> <span class='ocrx_word' id='word_1_907' title='bbox 2369 4971 2613 5052; x_wconf 88' lang='lat' dir='ltr'><strong>minime</strong></span> <span class='ocrx_word' id='word_1_908' title='bbox 2662 4972 2841 5033; x_wconf 88' lang='lat' dir='ltr'><strong>debet</strong></span> <span class='ocrx_word' id='word_1_909' title='bbox 2869 4971 3148 5052; x_wconf 69' lang='grc' dir='ltr'>πάροικεῖν</span> <span class='ocrx_word' id='word_1_910' title='bbox 3180 4971 3335 5032; x_wconf 88' lang='lat' dir='ltr'><strong>idem</strong></span> <span class='ocrx_word' id='word_1_911' title='bbox 3361 4971 3689 5052; x_wconf 83' lang='lat' dir='ltr'><strong>sapissime</strong></span> <span class='ocrx_word' id='word_1_912' title='bbox 3722 4992 3860 5037; x_wconf 89' lang='lat' dir='ltr'><strong>esse</strong></span> 
     </span>
    </p>
   </div>
   <div class='ocr_carea' id='block_1_137' title="bbox 2206 5051 3866 5132">
    <p class='ocr_par' dir='ltr' id='par_1_137' title="bbox 2206 5051 3866 5132">
     <span class='ocr_line' id='line_1_140' title="bbox 2206 5051 3866 5132; baseline 0.003 -21"><span class='ocrx_word' id='word_1_913' title='bbox 2206 5069 2272 5111; x_wconf 88' lang='lat' dir='ltr'><strong>ac</strong></span> <span class='ocrx_word' id='word_1_914' title='bbox 2299 5051 2632 5132; x_wconf 58' lang='lat' dir='ltr'><strong>imperitantis</strong></span> <span class='ocrx_word' id='word_1_915' title='bbox 2645 5063 2783 5127; x_wconf 75' lang='lat' dir='ltr'><strong>tv,et</strong></span> <span class='ocrx_word' id='word_1_916' title='bbox 2802 5051 3053 5132; x_wconf 90' lang='lat' dir='ltr'><strong>proinde</strong></span> <span class='ocrx_word' id='word_1_917' title='bbox 3078 5052 3412 5113; x_wconf 86' lang='lat' dir='ltr'><strong>versionem</strong></span> <span class='ocrx_word' id='word_1_918' title='bbox 3436 5053 3866 5117; x_wconf 79' lang='lat' dir='ltr'><strong>doctissJunii</strong></span> 
     </span>
    </p>
   </div>
   <div class='ocr_carea' id='block_1_138' title="bbox 2207 5131 3868 5202">
    <p class='ocr_par' dir='ltr' id='par_1_138' title="bbox 2207 5131 3868 5202">
     <span class='ocr_line' id='line_1_141' title="bbox 2207 5131 3868 5202; baseline 0.004 -16"><span class='ocrx_word' id='word_1_919' title='bbox 2207 5139 2361 5202; x_wconf 76' lang='lat' dir='ltr'><strong>recte</strong></span> <span class='ocrx_word' id='word_1_920' title='bbox 2391 5145 2516 5188; x_wconf 89' lang='lat' dir='ltr'><strong>esse</strong></span> <span class='ocrx_word' id='word_1_921' title='bbox 2537 5131 2854 5188; x_wconf 84' lang='lat' dir='ltr'><strong>institutam</strong></span> <span class='ocrx_word' id='word_1_922' title='bbox 2889 5150 2903 5197; x_wconf 87' lang='lat'><strong>;</strong></span> <span class='ocrx_word' id='word_1_923' title='bbox 2939 5132 3240 5202; x_wconf 71' lang='lat' dir='ltr'><strong>praesertim</strong></span> <span class='ocrx_word' id='word_1_924' title='bbox 3271 5145 3403 5188; x_wconf 92' lang='lat' dir='ltr'><strong>cum</strong></span> <span class='ocrx_word' id='word_1_925' title='bbox 3471 5136 3519 5189; x_wconf 90' lang='lat' dir='ltr'><strong>is</strong></span> <span class='ocrx_word' id='word_1_926' title='bbox 3564 5136 3868 5192; x_wconf 90' lang='lat' dir='ltr'><strong>nascentis</strong></span> 
     </span>
    </p>
   </div>
   <div class='ocr_carea' id='block_1_139' title="bbox 2207 5201 3851 5274">
    <p class='ocr_par' dir='ltr' id='par_1_139' title="bbox 2207 5201 3851 5274">
     <span class='ocr_line' id='line_1_142' title="bbox 2207 5201 3851 5274; baseline 0.004 -18"><span class='ocrx_word' id='word_1_927' title='bbox 2207 5201 2464 5259; x_wconf 87' lang='lat' dir='ltr'><strong>Ecclesia</strong></span> <span class='ocrx_word' id='word_1_928' title='bbox 2499 5211 2700 5268; x_wconf 90' lang='lat' dir='ltr'><strong>status,</strong></span> <span class='ocrx_word' id='word_1_929' title='bbox 2731 5201 3136 5274; x_wconf 38' lang='lat' dir='ltr'><strong>utsub’impp.</strong></span> <span class='ocrx_word' id='word_1_930' title='bbox 3170 5203 3416 5260; x_wconf 88' lang='lat' dir='ltr'><strong>ethnicis</strong></span> <span class='ocrx_word' id='word_1_931' title='bbox 3450 5212 3504 5261; x_wconf 90' lang='lat' dir='ltr'><strong>et</strong></span> <span class='ocrx_word' id='word_1_932' title='bbox 3534 5205 3851 5273; x_wconf 89' lang='lat' dir='ltr'><strong>plurimum</strong></span> 
     </span>
    </p>
   </div>
   <div class='ocr_carea' id='block_1_140' title="bbox 2207 5273 3866 5347">
    <p class='ocr_par' dir='ltr' id='par_1_140' title="bbox 2207 5273 3866 5347">
     <span class='ocr_line' id='line_1_143' title="bbox 2207 5273 3866 5347; baseline 0.004 -17"><span class='ocrx_word' id='word_1_933' title='bbox 2207 5274 2669 5347; x_wconf 73' lang='lat' dir='ltr'><strong>persecutoribus</strong></span> <span class='ocrx_word' id='word_1_934' title='bbox 2693 5273 2893 5347; x_wconf 84' lang='lat' dir='ltr'><strong>nullibi</strong></span> <span class='ocrx_word' id='word_1_935' title='bbox 2919 5273 3180 5332; x_wconf 85' lang='lat' dir='ltr'><strong>stabilem</strong></span> <span class='ocrx_word' id='word_1_936' title='bbox 3201 5283 3256 5347; x_wconf 91' lang='lat' dir='ltr'><strong>_et</strong></span> <span class='ocrx_word' id='word_1_937' title='bbox 3282 5285 3711 5347; x_wconf 86' lang='lat' dir='ltr'><strong>permanentem</strong></span> <span class='ocrx_word' id='word_1_938' title='bbox 3733 5291 3866 5347; x_wconf 78' lang='lat' dir='ltr'><strong>pos-</strong></span> 
     </span>
    </p>
   </div>
   <div class='ocr_carea' id='block_1_141' title="bbox 2203 5343 3860 5416">
    <p class='ocr_par' dir='ltr' id='par_1_141' title="bbox 2203 5343 3860 5416">
     <span class='ocr_line' id='line_1_144' title="bbox 2203 5343 3860 5416; baseline 0.004 -16"><span class='ocrx_word' id='word_1_939' title='bbox 2203 5343 2408 5401; x_wconf 89' lang='lat' dir='ltr'><strong>sideret</strong></span> <span class='ocrx_word' id='word_1_940' title='bbox 2439 5346 2641 5408; x_wconf 92' lang='lat' dir='ltr'><strong>locum,</strong></span> <span class='ocrx_word' id='word_1_941' title='bbox 2680 5346 2778 5402; x_wconf 88' lang='lat' dir='ltr'><strong>sed</strong></span> <span class='ocrx_word' id='word_1_942' title='bbox 2820 5347 3057 5416; x_wconf 87' lang='lat' dir='ltr'><strong>patriam</strong></span> <span class='ocrx_word' id='word_1_943' title='bbox 3112 5343 3396 5402; x_wconf 81' lang='lat' dir='ltr'><strong>caleste.n</strong></span> <span class='ocrx_word' id='word_1_944' title='bbox 3435 5343 3860 5412; x_wconf 61' lang='lat' dir='ltr'><strong>anhelans,&#39;vl-</strong></span> 
     </span>
    </p>
   </div>
   <div class='ocr_carea' id='block_1_142' title="bbox 2202 5414 3856 5490">
    <p class='ocr_par' dir='ltr' id='par_1_142' title="bbox 2202 5414 3856 5490">
     <span class='ocr_line' id='line_1_145' title="bbox 2202 5414 3856 5490; baseline 0.002 -17"><span class='ocrx_word' id='word_1_945' title='bbox 2202 5416 2404 5473; x_wconf 88' lang='lat' dir='ltr'><strong>tamin</strong></span> <span class='ocrx_word' id='word_1_946' title='bbox 2439 5418 2605 5490; x_wconf 77' lang='lat' dir='ltr'><strong>terris</strong></span> <span class='ocrx_word' id='word_1_947' title='bbox 2657 5414 2850 5488; x_wconf 83' lang='lat' dir='ltr'><strong>vagam</strong></span> <span class='ocrx_word' id='word_1_948' title='bbox 2884 5425 2938 5474; x_wconf 92' lang='lat' dir='ltr'><strong>et</strong></span> <span class='ocrx_word' id='word_1_949' title='bbox 2995 5414 3587 5490; x_wconf 9' lang='lat' dir='ltr'><strong>dubiam,rgtanquam</strong></span> <span class='ocrx_word' id='word_1_950' title='bbox 3641 5420 3856 5490; x_wconf 83' lang='lat' dir='ltr'><strong>hospes</strong></span> 
     </span>
    </p>
   </div>
   <div class='ocr_carea' id='block_1_143' title="bbox 2203 5486 3854 5588">
    <p class='ocr_par' dir='ltr' id='par_1_143' title="bbox 2203 5486 3854 5588">
     <span class='ocr_line' id='line_1_146' title="bbox 2203 5486 3854 5588; baseline 0.006 -40"><span class='ocrx_word' id='word_1_951' title='bbox 2203 5488 2618 5588; x_wconf 38' lang='lat' dir='ltr'><strong>et‘pe’regri’na</strong></span> <span class='ocrx_word' id='word_1_952' title='bbox 2677 5486 3047 5584; x_wconf 78' lang='lat' dir='ltr'><strong>transigeret.</strong></span> <span class='ocrx_word' id='word_1_953' title='bbox 3111 5486 3388 5588; x_wconf 41' lang='grc' dir='ltr'><strong>Παετρίδκς(</strong></span> <span class='ocrx_word' id='word_1_954' title='bbox 3428 5489 3644 5588; x_wconf 50' lang='grc' dir='ltr'><strong>ἔχθεσιν</strong></span> <span class='ocrx_word' id='word_1_955' title='bbox 3695 5486 3854 5566; x_wconf 60' lang='grc' dir='ltr'>ἰδίας,</span> 
     </span>
    </p>
   </div>
   <div class='ocr_carea' id='block_1_144' title="bbox 2201 5567 3857 5651">
    <p class='ocr_par' dir='ltr' id='par_1_144' title="bbox 2201 5567 3857 5651">
     <span class='ocr_line' id='line_1_147' title="bbox 2201 5567 3857 5651; baseline 0.004 -28"><span class='ocrx_word' id='word_1_956' title='bbox 2201 5567 2321 5626; x_wconf 79' lang='grc' dir='ltr'>ἀλλ’</span> <span class='ocrx_word' id='word_1_957' title='bbox 2352 5571 2423 5632; x_wconf 81' lang='grc' dir='ltr'><strong>ὡς</strong></span> <span class='ocrx_word' id='word_1_958' title='bbox 2470 5571 2741 5646; x_wconf 68' lang='grc' dir='ltr'>πάροικον</span> <span class='ocrx_word' id='word_1_959' title='bbox 2801 5571 3089 5649; x_wconf 77' lang='grc' dir='ltr'><strong>μετέχουσι</strong></span> <span class='ocrx_word' id='word_1_960' title='bbox 3121 5571 3333 5626; x_wconf 76' lang='grc' dir='ltr'>πάντων</span> <span class='ocrx_word' id='word_1_961' title='bbox 3363 5570 3434 5634; x_wconf 83' lang='grc' dir='ltr'><strong>ὡς</strong></span> <span class='ocrx_word' id='word_1_962' title='bbox 3459 5567 3704 5651; x_wconf 57' lang='lat' dir='ltr'><strong>riclini,</strong></span> <span class='ocrx_word' id='word_1_963' title='bbox 3763 5575 3857 5629; x_wconf 73' lang='grc' dir='ltr'><strong>καὶ</strong></span> 
     </span>
    </p>
   </div>
   <div class='ocr_carea' id='block_1_145' title="bbox 2199 5647 3851 5729">
    <p class='ocr_par' dir='ltr' id='par_1_145' title="bbox 2199 5647 3851 5729">
     <span class='ocr_line' id='line_1_148' title="bbox 2199 5647 3851 5729; baseline 0.003 -25"><span class='ocrx_word' id='word_1_964' title='bbox 2199 5647 2351 5704; x_wconf 72' lang='grc' dir='ltr'>πάνθ’</span> <span class='ocrx_word' id='word_1_965' title='bbox 2395 5650 2746 5724; x_wconf 75' lang='grc' dir='ltr'>ὑπομένουσιν</span> <span class='ocrx_word' id='word_1_966' title='bbox 2798 5653 2872 5715; x_wconf 85' lang='grc' dir='ltr'><strong>ὡς</strong></span> <span class='ocrx_word' id='word_1_967' title='bbox 2905 5647 3060 5716; x_wconf 77' lang='grc' dir='ltr'>ξένοι·</span> <span class='ocrx_word' id='word_1_968' title='bbox 3085 5656 3242 5729; x_wconf 9' lang='grc' dir='ltr'><strong>,πᾶσι</strong></span> <span class='ocrx_word' id='word_1_969' title='bbox 3272 5647 3418 5729; x_wconf 74' lang='grc' dir='ltr'>ξένη,</span> <span class='ocrx_word' id='word_1_970' title='bbox 3467 5653 3649 5727; x_wconf 71' lang='grc' dir='ltr'><strong>πατρίς</strong></span> <span class='ocrx_word' id='word_1_971' title='bbox 3691 5647 3851 5710; x_wconf 60' lang='grc' dir='ltr'>ἔστιν</span> 
     </span>
    </p>
   </div>
   <div class='ocr_carea' id='block_1_146' title="bbox 2199 5728 3851 5808">
    <p class='ocr_par' dir='ltr' id='par_1_146' title="bbox 2199 5728 3851 5808">
     <span class='ocr_line' id='line_1_149' title="bbox 2199 5728 3851 5808; baseline 0.004 -22"><span class='ocrx_word' id='word_1_972' title='bbox 2199 5731 2392 5804; x_wconf 72' lang='grc' dir='ltr'>αὐτῶν,</span> <span class='ocrx_word' id='word_1_973' title='bbox 2454 5733 2541 5786; x_wconf 72' lang='grc' dir='ltr'><strong>καὶ</strong></span> <span class='ocrx_word' id='word_1_974' title='bbox 2584 5736 2726 5786; x_wconf 77' lang='grc' dir='ltr'><strong>πᾶσα</strong></span> <span class='ocrx_word' id='word_1_975' title='bbox 2796 5733 3006 5808; x_wconf 71' lang='grc' dir='ltr'><strong>πατρὶς,</strong></span> <span class='ocrx_word' id='word_1_976' title='bbox 3043 5728 3187 5803; x_wconf 77' lang='grc' dir='ltr'>ξένη,</span> <span class='ocrx_word' id='word_1_977' title='bbox 3249 5735 3312 5787; x_wconf 92' lang='lat' dir='ltr'><strong>ut</strong></span> <span class='ocrx_word' id='word_1_978' title='bbox 3339 5728 3422 5789; x_wconf 86' lang='lat' dir='ltr'><strong>ait</strong></span> <span class='ocrx_word' id='word_1_979' title='bbox 3445 5729 3714 5793; x_wconf 82' lang='lat' dir='ltr'><strong>Justinus</strong></span> <span class='ocrx_word' id='word_1_980' title='bbox 3774 5731 3851 5793; x_wconf 86' lang='lat' dir='ltr'><strong>ad</strong></span> 
     </span>
    </p>
   </div>
   <div class='ocr_carea' id='block_1_147' title="bbox 2195 5808 3860 5890">
    <p class='ocr_par' dir='ltr' id='par_1_147' title="bbox 2195 5808 3860 5890">
     <span class='ocr_line' id='line_1_150' title="bbox 2195 5808 3860 5890; baseline -0.002 -17"><span class='ocrx_word' id='word_1_981' title='bbox 2195 5809 2574 5886; x_wconf 83' lang='lat' dir='ltr'><strong>Diognetum.</strong></span> <span class='ocrx_word' id='word_1_982' title='bbox 2604 5808 2834 5872; x_wconf 90' lang='lat' dir='ltr'><strong>Interea</strong></span> <span class='ocrx_word' id='word_1_983' title='bbox 2868 5820 3064 5872; x_wconf 87' lang='lat' dir='ltr'><strong>tamen</strong></span> <span class='ocrx_word' id='word_1_984' title='bbox 3087 5810 3400 5890; x_wconf 78' lang='lat' dir='ltr'><strong>advertere</strong></span> <span class='ocrx_word' id='word_1_985' title='bbox 3428 5809 3631 5872; x_wconf 91' lang='lat' dir='ltr'><strong>licebit</strong></span> <span class='ocrx_word' id='word_1_986' title='bbox 3657 5815 3860 5890; x_wconf 69' lang='grc' dir='ltr'>περοί-</span> 
     </span>
    </p>
   </div>
   <div class='ocr_carea' id='block_1_148' title="bbox 2198 5889 3861 5970">
    <p class='ocr_par' dir='ltr' id='par_1_148' title="bbox 2198 5889 3861 5970">
     <span class='ocr_line' id='line_1_151' title="bbox 2198 5889 3861 5970; baseline 0.003 -22"><span class='ocrx_word' id='word_1_987' title='bbox 2198 5913 2345 5970; x_wconf 21' lang='grc' dir='ltr'><strong>κουςᾉ.</strong></span> <span class='ocrx_word' id='word_1_988' title='bbox 2383 5909 2498 5951; x_wconf 87' lang='lat' dir='ltr'><strong>non</strong></span> <span class='ocrx_word' id='word_1_989' title='bbox 2526 5891 2700 5951; x_wconf 92' lang='lat' dir='ltr'><strong>modo</strong></span> <span class='ocrx_word' id='word_1_990' title='bbox 2735 5892 3057 5969; x_wconf 89' lang='lat' dir='ltr'><strong>inquilinos</strong></span> <span class='ocrx_word' id='word_1_991' title='bbox 3089 5899 3146 5950; x_wconf 89' lang='lat' dir='ltr'><strong>et</strong></span> <span class='ocrx_word' id='word_1_992' title='bbox 3171 5889 3572 5970; x_wconf 88' lang='lat' dir='ltr'><strong>hospites,sed</strong></span> <span class='ocrx_word' id='word_1_993' title='bbox 3608 5891 3670 5951; x_wconf 92' lang='lat' dir='ltr'><strong>in</strong></span> <span class='ocrx_word' id='word_1_994' title='bbox 3698 5889 3861 5956; x_wconf 85' lang='lat' dir='ltr'><strong>viei-</strong></span> 
     </span>
    </p>
   </div>
   <div class='ocr_carea' id='block_1_149' title="bbox 2200 5968 3856 6042">
    <p class='ocr_par' dir='ltr' id='par_1_149' title="bbox 2200 5968 3856 6042">
     <span class='ocr_line' id='line_1_152' title="bbox 2200 5968 3856 6042; baseline 0.004 -17"><span class='ocrx_word' id='word_1_995' title='bbox 2200 5971 2290 6025; x_wconf 87' lang='lat' dir='ltr'><strong>nia</strong></span> <span class='ocrx_word' id='word_1_996' title='bbox 2325 5968 2644 6027; x_wconf 73' lang='lat' dir='ltr'><strong>habitantes</strong></span> <span class='ocrx_word' id='word_1_997' title='bbox 2676 5968 2832 6027; x_wconf 37' lang='lat' dir='ltr'><strong>cives”</strong></span> <span class='ocrx_word' id='word_1_998' title='bbox 2867 5982 2918 6028; x_wconf 87' lang='lat' dir='ltr'><strong>et</strong></span> <span class='ocrx_word' id='word_1_999' title='bbox 2976 5968 3301 6042; x_wconf 75' lang='lat' dir='ltr'><strong>indigenas</strong></span> <span class='ocrx_word' id='word_1_1000' title='bbox 3344 5986 3371 6026; x_wconf 86' lang='lat' dir='ltr'><strong>a</strong></span> <span class='ocrx_word' id='word_1_1001' title='bbox 3426 5971 3856 6038; x_wconf 67' lang='lat' dir='ltr'><strong>probatissimi!</strong></span> 
     </span>
    </p>
   </div>
   <div class='ocr_carea' id='block_1_150' title="bbox 2197 6043 3848 6111">
    <p class='ocr_par' dir='ltr' id='par_1_150' title="bbox 2197 6043 3848 6111">
     <span class='ocr_line' id='line_1_153' title="bbox 2197 6043 3848 6111; baseline 0.004 -15"><span class='ocrx_word' id='word_1_1002' title='bbox 2197 6043 2531 6098; x_wconf 88' lang='lat' dir='ltr'><strong>auctoribus</strong></span> <span class='ocrx_word' id='word_1_1003' title='bbox 2560 6057 2768 6111; x_wconf 79' lang='lat' dir='ltr'><strong>passrm</strong></span> <span class='ocrx_word' id='word_1_1004' title='bbox 2809 6045 2915 6099; x_wconf 91' lang='lat' dir='ltr'><strong>dici</strong></span> <span class='ocrx_word' id='word_1_1005' title='bbox 2954 6052 3054 6111; x_wconf 51' lang='lat' dir='ltr'><strong>tet</strong></span> <span class='ocrx_word' id='word_1_1006' title='bbox 3093 6057 3207 6099; x_wconf 92' lang='lat' dir='ltr'><strong>non</strong></span> <span class='ocrx_word' id='word_1_1007' title='bbox 3237 6053 3456 6100; x_wconf 86' lang='lat' dir='ltr'><strong>tantum</strong></span> <span class='ocrx_word' id='word_1_1008' title='bbox 3488 6043 3848 6103; x_wconf 84' lang='lat' dir='ltr'><strong>continentia</strong></span> 
     </span>
    </p>
   </div>
   <div class='ocr_carea' id='block_1_151' title="bbox 2195 6111 3846 6188">
    <p class='ocr_par' dir='ltr' id='par_1_151' title="bbox 2195 6111 3846 6188">
     <span class='ocr_line' id='line_1_154' title="bbox 2195 6111 3846 6188; baseline 0.006 -22"><span class='ocrx_word' id='word_1_1009' title='bbox 2195 6111 2453 6182; x_wconf 77' lang='lat' dir='ltr'><strong>aediﬁcia,</strong></span> <span class='ocrx_word' id='word_1_1010' title='bbox 2485 6115 2583 6170; x_wconf 87' lang='lat' dir='ltr'><strong>sed</strong></span> <span class='ocrx_word' id='word_1_1011' title='bbox 2615 6117 2954 6182; x_wconf 80' lang='lat' dir='ltr'><strong>pomarium</strong></span> <span class='ocrx_word' id='word_1_1012' title='bbox 2988 6125 3039 6171; x_wconf 91' lang='lat' dir='ltr'><strong>et</strong></span> <span class='ocrx_word' id='word_1_1013' title='bbox 3069 6114 3397 6173; x_wconf 88' lang='lat' dir='ltr'><strong>universam</strong></span> <span class='ocrx_word' id='word_1_1014' title='bbox 3427 6126 3658 6185; x_wconf 85' lang='lat' dir='ltr'><strong>quaqua</strong></span> <span class='ocrx_word' id='word_1_1015' title='bbox 3692 6122 3846 6188; x_wconf 76' lang='lat' dir='ltr'><strong>patet</strong></span> 
     </span>
    </p>
   </div>
  </div>
