4108 6352
472 327 577 392 351
1249 334 1305 393 S.
1355 331 1785 397 CLEMENTIS
1831 336 1854 396 Ι
1903 335 2080 399 ROM.
2132 329 2354 399 PONT.
2402 337 2650 400 OPERA
2695 337 3064 404 GENUINA.
3721 337 3837 402 352

466 501 644 580 vero,
692 481 844 552 ﬁdei
879 481 1231 580 catholieae
1267 483 1476 552 hostis
1516 483 1793 572 gloriam
1835 485 2174 576 propriam
2216 483 2538 574 quasivit,
2571 484 2703 552 imo
2743 482 3043 558 Ecclesiae
3083 484 3635 570 humiliationem,
3677 487 3836 555 dum

468 573 851 640 thesaurum
890 573 1343 642 absconditum
1390 585 1736 642 reseraret.

553 686 730 782 Beati
770 689 1034 782 quidem
1077 690 1424 758 Clementis
1469 690 1788 782 Epistolas
1842 693 1930 759 ad
1978 694 2299 782 Virgines,
2330 691 2636 782 laudibus
2670 692 2904 782 extulit
2935 713 2952 774 ;
2987 693 3127 775 sed,
3170 713 3321 762 cum
3365 693 3561 762 simul
3600 694 3836 761 imma-

470 776 755 870 eulatam
792 778 1030 870 Christi
1069 801 1373 870 sponsam
1403 776 1712 870 conviciis
1758 776 2126 870 impeteret,
2168 781 2610 851 adversarium
2651 781 2888 850 Christi
2930 802 2998 850 se
3035 782 3279 870 detegit
3331 795 3395 850 et
3457 783 3836 852 ministrum

472 864 748 949 Satanae,
793 867 907 954 qui
940 864 1365 958 transﬁgurat
1404 890 1474 936 se
1514 869 1582 936 in
1623 864 1927 958 angelu'm
1960 872 2123 940 lucis
2146 874 2198 939 ³.

556 982 699 1085 Non
738 986 1111 1087 orpnesﬂqui
1153 996 1334 1054 extra
1372 986 1727 1087 Ecclesiam
1764 998 1946 1087 eunt,
1976 987 2196 1087 hostili
2239 1005 2496 1087 semper
2525 985 2761 1087 spiritu
2792 987 3188 1087 _loquunn1r.
3217 985 3448 1053 Junius
3487 985 3830 1087 Patricius,

477 1067 880 1166 Q‘xoniensis,
922 1067 1114 1166 aliam
1153 1096 1434 1166 operam
1499 1077 1705 1144 sancti
1756 1067 2109 1146 Clementis
2147 1067 2512 1166 publicans,
2559 1067 2620 1140 in
2665 1067 3422 1166 EcclesiamARomanam
3449 1096 3601 1166 non
3655 1067 3836 1144 inve-

469 1159 651 1254 hitur
680 1216 694 1243 ,
740 1182 886 1254 quae
951 1159 1270 1233 catholice
1311 1175 1570 1233 sanctus
1609 1167 1904 1240 Clemens
1973 1159 2232 1254 semp-er
2299 1165 2476 1244 dicit,
2517 1185 2854 1254 nunquam
2898 1165 2966 1232 in
3021 1163 3386 1232 Catholicos
3427 1165 3827 1253 detorquet;

471 1248 572 1316 his
615 1247 880 1338 quaead
951 1274 1174 1340 pacem
1238 1255 1711 1322 restituendam
1771 1265 2033 1323 sanctus
2093 1247 2386 1324 Clemens
2437 1247 2706 1342 profert,
2744 1255 2823 1320 ad
2874 1254 3259 1322 seditionem
3301 1247 3831 1342 discordiamque

467 1343 900 1426 spargendam
942 1342 1179 1410 nullibi
1211 1344 1553 1425 abutitur;
1596 1344 1664 1412 in
1709 1345 1967 1414 Petram
2005 1345 2309 1414 Ecclesiae
2354 1344 2691 1410 immotam
2730 1342 2921 1410 inferi
2980 1353 3201 1431 portas
3254 1362 3661 1411 commovere
3696 1363 3834 1410 non

472 1435 698 1496 tentat.

566 1542 829 1640 Veniam
872 1547 1071 1635 igitur
1109 1549 1189 1615 ab
1230 1548 1537 1640 omnibus
1576 1551 1976 1634 orthodoxis,
2029 1550 2398 1640 praesertim,
2421 1568 2572 1617 vero
2612 1569 2649 1616 a
2689 1558 2751 1618 te
2789 1570 3013 1640 spero,
3039 1548 3436 1640 ﬁdelissime
3474 1548 3834 1640 Praesulpsi

465 1640 728 1729 beatum
769 1635 1163 1729 Clementem
1203 1638 1489 1729 virgines
1547 1641 1985 1728 alloquentem
2031 1635 2211 1708 novis
2243 1639 2602 1729 producam
2644 1647 2730 1729 et
2768 1635 3204 1729 dignioribus,
3253 1639 3607 1729 dummodo
3672 1639 3834 1729 mihi

463 1749 596 1797 non
642 1725 937 1807 illudam,
982 1728 1382 1795 ornamentis
1421 1725 1752 1811 vestitum,
1794 1739 1856 1797 et
1886 1731 1940 1799 si
1977 1725 2266 1800 sensum'
2283 1728 2634 1797 verborum
2678 1727 2820 1817 ejus
2848 1725 2904 1796 'a
2941 1727 3244 1796 Wetstini
3292 1726 3833 1817 interpretatione

468 1836 736 1906 prorsus
776 1817 1086 1898 alienum,
1141 1837 1269 1884 non
1311 1819 1508 1886 semel
1548 1839 1887 1907 usurpem.

550 1935 734 2004 Nunc
774 1933 932 2024 quid
972 1933 1040 2024 in
1070 1934 1195 2024 hac
1237 1934 1677 2022 publicatione
1711 1935 2103 2003 intenderim
2147 1936 2273 2024 piis
2297 1935 2604 2003 omnibus
2645 1934 3002 2003 lectoribus
3041 1934 3376 2003 declarare
3423 1951 3640 2024 operae
3677 1954 3833 2023 pre-

463 2026 629 2094 tium
663 2023 913 2113 judico,
959 2023 1167 2091 fusius
1212 2024 1285 2090 in
1320 2025 1571 2111 praavia
1613 2025 2061 2092 dissertatione
2090 2023 2530 2094 discussurus.

549 2143 787 2210 Doctus
827 2140 1076 2223 Binius,
1114 2142 1227 2229 qui
1270 2141 1601 2209 scribebat
1641 2143 1752 2208 diu
1795 2154 2146 2231 antequam
2219 2143 2664 2211 invenirentur
2704 2142 3006 2230 Epistolae
3074 2140 3306 2231 sancti
3352 2139 3696 2231 Clementis
3739 2142 3828 2208 ad

472 2233 790 2320 Virgines,
829 2251 1138 2320 expresse,
1174 2231 1524 2318 proﬁtetur
1557 2252 1665 2298 eas
1705 2229 2047 2314 exstitisse,
2090 2235 2552 2320 canonicasque
2587 2229 2789 2300 fuisse
2831 2231 3214 2320 appellatas,
3256 2229 3426 2297 sicut
3478 2230 3834 2318 Epistolam

460 2319 740 2412 primam
784 2320 862 2386 ad
904 2319 1298 2402 Corinthios,
1344 2321 1501 2408 quia
1545 2321 1611 2387 in
1652 2321 1950 2389 ﬁdelium
1992 2322 2271 2390 cmtibus
2303 2319 2717 2409 legebantur.

545 2436 666 2504 Hic
705 2455 826 2522 ego
868 2445 1122 2502 tantum
1160 2434 1371 2502 dicam
1412 2437 1589 2523 quod
1631 2436 1682 2502 si
1725 2457 1833 2504 eas
1873 2437 2279 2506 authenticas
2319 2458 2460 2506 esse
2491 2458 2624 2505 non
2670 2435 2952 2504 ﬁrmiter
2998 2433 3378 2518 tenuissem,
3421 2434 3581 2517 imo,
3616 2433 3670 2500 si
3704 2433 3831 2500 mi-

460 2526 715 2592 nimum
746 2524 939 2591 etiam
980 2524 1255 2592 dubium
1290 2525 1369 2592 de
1409 2546 1638 2592 earum
1681 2527 1964 2613 genuino
2017 2537 2286 2595 auctore
2325 2527 2391 2594 in
2435 2536 2649 2594 mente
2689 2524 3133 2606 remansisset,
3162 2524 3242 2590 ab
3279 2523 3373 2591 eis
3419 2523 3744 2592 vertendis
3770 2532 3838 2590 et

463 2613 841 2702 evulgandis
885 2634 1154 2701 prorsus
1194 2614 1683 2697 abstinuissem,
1727 2617 1823 2682 vel
1870 2616 2156 2684 rationes
2193 2618 2421 2685 saltem
2462 2616 2645 2684 dubii
2697 2614 2822 2682 mei
2872 2614 3339 2703 exposuissem.

551 2729 694 2798 Non
737 2730 1032 2820 eamdem
1073 2741 1250 2798 certe
1299 2731 1720 2820 securitatem
1769 2732 2133 2820 exprimere
2173 2735 2351 2803 valeo
2392 2734 2566 2802 circa
2603 2753 2829 2801 verum
2889 2728 3273 2820 sensumab
3315 2737 3582 2820 auctore
3621 2727 3837 2794 inten-

467 2829 648 2886 tum:
697 2839 844 2886 cum
887 2818 1060 2886 enim
1105 2820 1323 2886 adhuc
1356 2819 1766 2887 desideretur
1805 2818 2239 2908 primigenios
2286 2844 2512 2892 earum
2555 2832 2764 2890 textus
2795 2820 3081 2900 Graecus,
3126 2819 3630 2908 timendumuest
3658 2837 3836 2908 sem-

469 2929 588 2996 per
628 2929 731 2998 ne_
765 2909 1160 2998 quandoque
1219 2909 1533 2975 erraverit
1582 2905 1887 2998 Syriacus
1949 2905 2293 2996 interpres.
2353 2913 2433 2980 Ut
2477 2923 2549 2980 ut
2595 2911 2702 2993 sit,
2751 2930 2881 2977 non
2943 2908 3171 2976 dubito
3222 2908 3385 2998 quin
3440 2905 3831 2998 Wetstinus,

468 2994 663 3065 etiam
706 2994 1359 3088 Syiriacumjertens,
1403 2994 1801 3086 plures'ipse
1839 2994 2166 3066 addiderit
2205 3022 2511 3069 errores:
2562 3000 2839 3088 ideoque
2885 3018 3018 3088 non
3051 2994 3256 3088 semel
3305 2997 3398 3088 ab_
3427 2995 3568 3082 ejus
3626 2994 3837 3088 sensi-

460 3087 580 3154 bus
621 3085 1002 3178 exorbitavi.
1038 3085 1101 3178 Si
1144 3097 1427 3178 rectaet
1467 3085 1760 3178 congrua
1803 3089 2026 3178 fuisset
2064 3088 2366 3178 Wetstini
2409 3085 2885 3178 interpretatio,
2925 3087 3087 3178 nihil
3113 3087 3248 3154 fere
3291 3085 3830 3178 redarguendum

460 3187 630 3269 esset
667 3175 733 3242 in
778 3175 1197 3269 translatione
1229 3173 1468 3244 Gallica
1503 3177 1574 3243 D.
1604 3172 1916 3245 'Boistard
1957 3178 2037 3245 de
2066 3176 2467 3269 Prémagny:
2507 3172 2786 3268 ideoque
2830 3196 2961 3244 non
3001 3175 3611 3265 interpretationem
3655 3172 3825 3261 ejus,

460 3266 570 3332 scd
612 3264 1068 3333 annotationes
1109 3284 1339 3353 carpo.

547 3378 704 3446 Cum
750 3400 901 3446 vero
937 3379 1105 3475 nihil
1155 3380 1451 3475 absolute
1485 3389 1734 3475 certum
1767 3381 1846 3448 de
1892 3381 2201 3475 ﬁdelitate
2250 3383 2346 3449 vel
2392 3381 2732 3475 erroribus
2765 3380 3199 3468 interpretum
3247 3375 3561 3475 affirmari
3607 3385 3830 3475 queat,

463 3469 728 3560 absente
758 3478 946 3560 textu
978 3469 1336 3560 primitivo,
1381 3480 1589 3560 curet
1626 3470 1763 3558 ipse
1793 3489 2023 3560 novam
2073 3470 2680 3560 interpretationem
2729 3467 3079 3560 aggressus
3119 3481 3324 3560 sum_?
3358 3467 3834 3560 Huic__quesito

465 3559 530 3625 in
560 3558 814 3648 prmia,
853 3553 1297 3648 dissertatione
1338 3553 1755 3626 satisfaciam.
1805 3559 2020 3626 Dicam
2065 3553 2280 3628 tamen
2321 3559 2605 3648 plurima
2641 3553 2844 3630 sacra;
2886 3557 3244 3648 Scripturae
3282 3556 3425 3648 loea
3450 3576 3488 3648 a
3516 3553 3836 3648 Wetstino

461 3641 578 3713 ant
617 3666 747 3714 non
795 3647 991 3737 fuisse
1032 3647 1276 3734 agnita,
1308 3658 1420 3714 aut
1467 3648 1632 3715 male
1670 3648 1925 3715 reddita
1957 3648 2157 3717 fuisse
2190 3671 2203 3715 :
2250 3641 2546 3737 quamvis
2590 3649 2653 3716 id
2682 3648 2953 3737 creditir
2983 3641 3244 3714 difﬁcile
3283 3643 3730 3737 videriqueat
3753 3641 3836 3737 de

461 3737 601 3803 viro
638 3747 771 3803 tam
812 3735 924 3804 diu
959 3736 1023 3804 in
1049 3731 1266 3804 “sacris
1299 3737 1532 3804 litteris
1573 3749 1850 3805 versato.
1886 3737 2037 3821 Sed,
2067 3738 2120 3805 si
2161 3731 2300 3809 haec
2331 3739 2472 3805 loca
2511 3736 2798 3825 agnovit,
2828 3757 2948 3805 cur
2985 3753 3401 3825 communem
3433 3731 3628 3825 etiarn
3657 3731 3829 3825 apud

456 3846 611 3981 eiuos
659 3825 1263 3981 interpretationem
1324 3825 1770 3914 abjudicavit?
1818 3820 2093 3895 Errores
2149 3827 2450 3895 Wetstini
2494 3820 2946 3894 aberrationes
3006 3822 3401 3892 traductoris
3458 3820 3688 3887 Gallici
3730 3820 3834 3887 in-

508 3935 757 3981 uxerun
802 3966 815 3979 .

508 3923 815 3982 uxerunt.

549 4028 889 4123 Praecipua
928 4028 1132 4117 igitur
1174 4029 1335 4123 inihi
1380 4049 1540 4098 cura
1581 4030 1881 4123 incubuit
1923 4041 2025 4123 ut,
2069 4030 2137 4098 in
2182 4031 2304 4099 hac
2343 4031 2499 4123 silva
2524 4030 2938 4123 densissima,
2969 4029 3217 4097 divinas
3258 4027 3633 4123 detegerem
3681 4043 3830 4123 sen-

462 4118 694 4209 tentias
735 4114 980 4206 e'asque'
1015 4118 1525 4186 manifestarem.
1573 4122 1666 4186 An
1710 4129 1958 4188 rectum
2010 4121 2136 4188 iter
2176 4120 2526 4202 tenuerim,
2554 4120 2805 4208 judicet
2842 4119 2990 4209 pius
3015 4115 3425 4209 acieruditus
3463 4114 3693 4209 lector,
3728 4114 3833 4178 in-

463 4206 692 4302 primis
735 4202 945 4302 textus
983 4209 1436 4302 antecedentes
1495 4210 2051 4302 consequentibus
2087 4210 2427 4299 jungendo
2467 4221 2532 4302 et
2555 4202 3034 4302 comparando.
3088 4204 3463 4302 Dialecticee
3509 4202 3681 4302 enim
3715 4222 3830 4302 re-

458 4290 647 4383 gulas
729 4316 861 4364 non
930 4297 1276 4385 ignorabat
1354 4308 1616 4365 sanctus
1683 4290 2003 4382 Clemens,
2041 4290 2160 4367 nec
2217 4290 2512 4388 supponi
2580 4290 2779 4368 debet
2840 4309 3067 4367 contra
3136 4297 3279 4364 illas
3353 4291 3631 4361 voluisse
3695 4290 3829 4359 dis-

471 4405 719 4452 serere.

547 4499 895 4597 Praeterea.
939 4521 1268 4597 ne_unum
1314 4500 1583 4597 quidem
1609 4512 1860 4597 textum
1902 4523 2142 4573 novum
2183 4504 2538 4590 introduxi,
2563 4507 2680 4597 sed
2723 4524 2983 4597 semper
3017 4499 3330 4597 Wetstini
3379 4495 3837 4597 interpretatio

459 4589 667 4684 oculis
702 4589 867 4684 meis
905 4585 1363 4684 subjectaiest‘,
1408 4592 1564 4684 dum
1606 4592 2005 4684 irregulares
2038 4605 2102 4662 et
2140 4605 2471 4663 contortas
2519 4585 2661 4684 ejus
2698 4585 3062 4663 locutiones
3129 4585 3838 4684 recti‘tudininnaturali

460 4678 914 4746 restituebam.
962 4675 1091 4770 Nec
1123 4680 1380 4770 primus
1418 4679 1586 4746 viam
1637 4675 1806 4750 hanc
1848 4681 2185 4770 ingressus
2225 4704 2415 4751 sum:
2463 4675 2649 4751 multi
2705 4685 2877 4753 enim
2919 4693 3066 4750 ante
3107 4701 3235 4759 me,
3287 4678 3354 4744 in
3409 4675 3837 4770 antiquorum

457 4778 805 4862 auctorum
835 4763 1293 4862 explicatione,
1323 4770 1628 4862 audaces,
1659 4781 1733 4838 ut
1761 4774 1853 4840 sic
1880 4763 2136 4862 loquar,
2165 4772 2579 4860 conjecturas
2605 4774 2989 4862 emiserunt,
3018 4791 3165 4859 quae
3192 4777 3439 4862 postea,
3475 4764 3554 4831 ab
3615 4763 3830 4862 omni-

458 4856 579 4924 bus
609 4853 933 4952 _eru_diti_s,
975 4868 1048 4925 ut
1079 4859 1382 4952 veritates
1426 4858 1832 4952 inconcussae
1874 4853 2361 4952 receptaesunt.
2409 4863 2542 4952 Ego
2579 4884 2730 4932 vero
2769 4853 3128 4941 rarissime,
3171 4853 3292 4926 nec
3318 4856 3551 4952 fersan
3595 4853 3826 4952 semel,

455 4946 658 5042 meris
737 4946 1004 5014 innixus
1049 4967 1194 5042 sunt
1228 4947 1628 5042 conjecturis
1659 4971 1676 5032 ;
1722 4950 1862 5042 sed,
1895 4968 1967 5024 ut
2007 4941 2391 5040 plurimum,
2424 4941 2575 5042 pars
2615 4955 2931 5042 quaedam!
2949 4959 3160 5018 textus
3186 4944 3502 5042 agniti-ad
3539 4941 3837 5042 notitiam

458 5035 689 5131 partis,
729 5054 874 5131 prae
915 5037 1300 5131 confusione
1326 5031 1694 5131 verborum
1734 5031 2026 5131 ignotae,-
2054 5060 2155 5131 me
2196 5031 2482 5110 deduxit.
2526 5042 2590 5110 Si
2636 5031 2776 5110 'l‘ere
2822 5040 3070 5131 ubique
3107 5031 3308 5131 verba
3362 5031 3682 5131 Wetstini
3713 5031 3830 5096 ab-

460 5120 857 5220 dicaveriin,
886 5127 1080 5220 etiam
1107 5127 1387 5220 quando
1432 5126 1650 5220 ipsius
1696 5120 1915 5220 sensui
1957 5130 2518 5211 stabam,nedum
2580 5130 2936 5212 adversari,
2962 5120 3206 5220 'potius
3249 5141 3501 5220 morem
3562 5120 3686 5220 ipsi
3723 5139 3837 5220 ἓξ·

459 5233 632 5306 rere,
675 5213 1076 5306 existimavi.
1099 5210 1203 5282 Sic
1243 5215 1419 5306 enirn
1457 5210 1769 5304 loquitur
1810 5218 1876 5284 in
1918 5237 2187 5286 suorum
2218 5210 2223 5211 ί
2253 5219 2770 5306 Prolegomenon
2819 5210 3282 5289 conclusione:
3322 5235 3350 5277 ι
3378 5210 3836 5306 Conversionis

462 5301 699 5402 Latinae
741 5304 894 5371 vitia
955 5315 1019 5372 et
1063 5304 1526 5402 inelegantiam
1558 5296 1915 5402 'benignus
1977 5309 2178 5402 lector
2221 5296 2618 5378 condonabit
2679 5309 2929 5402 homini
2981 5307 3048 5373 in
3112 5323 3330 5402 opere.
3369 5319 3538 5402 nove
3577 5296 3836 5402 ethsa‘tis

459 5391 739 5458 molesto
771 5414 1006 5482 parum
1043 5388 1422 5479 exercitato,
1459 5404 1522 5462 et
1561 5388 1921 5464 amicorum
1964 5396 2159 5464 etiam
2219 5399 2534 5484 consiliis,
2579 5401 2728 5468 licet
2766 5398 3062 5488 undique
3123 5388 3450 5483 expetitis,
3494 5388 3830 5455 destituto.

543 5576 569 5620 ³
601 5575 652 5642 ΙΙ
682 5576 818 5640 Cor.
852 5595 935 5653 χι,
971 5579 1067 5642 14.
