4108 6352
386 302 502 368 355
1146 296 1206 358 S.
1253 289 1691 355 CLEMENTIS
1734 288 1757 349 Ι
1805 286 1986 349 ROM.
2038 283 2257 346 PONT.
2304 281 2553 344 OPERA
2601 277 2971 344 GENUINA.
3641 273 3757 337 356

391 437 500 506 sed
534 455 654 523 pro
684 430 992 500 omnibus
1015 422 1575 523 etiamextraneis
1614 418 2041 523 quibushaec
2058 415 2248 523 lectio
2294 414 2604 523 prodesse
2643 421 2929 523 poterat,
2953 407 3767 523 Caeteruttuuecessarium

392 495 1351 611 eratropp'oueretranslationi
1399 495 1685 611 confuse-Ia
1730 507 2050 611 Wetstiu'i
2092 495 2751 611 textumclarumkt.
2803 501 3118 611 lucidu‘m.
3163 498 3425 611 I‘Jtiuam
3482 495 3774 611 gdiﬁca:

391 587 690 682 t'i—owrie'etr
716 607 1233 678 sanctiﬁcatione
1279 602 1570 670 omnium
1625 601 1944 665 lectorum
2007 596 2176 664 Deus
2229 592 2528 683 Optimus
2594 591 2913 658 Maximus
2963 589 3310 678 adimpleat
3356 587 3578 672 cordis
3636 587 3772 652 mei

394 701 717 771 desideria
756 698 769 763 !

477 813 766 903 Epistola
801 811 964 888 haec,
987 808 1281 903 Antistes
1324 802 1894 903 opti_m,e,_lougior
1943 798 2284 903 apparebit
2320 796 2747 903 quibusdam,
2782 795 3162 903 praesertim.
3185 792 3481 903 longiore
3521 791 3765 903 disser-

391 881 634 972 tatione
700 921 842 968 eam
906 881 1382 984 subsequente:
1441 881 1652 973 Aliud,
1698 881 1913 979 spero,
1956 881 2357 977 j'u-didicum'
2391 887 2542 967 erit,
2585 881 2990 953 momentum
3051 883 3250 972 hujus
3295 882 3448 950 libri
3513 881 3763 969 ponde-

395 993 621 1060 rantis.

482 1105 544 1173 Si
579 1103 739 1194 quid
788 1102 851 1168 iu
898 1102 1024 1166 hoc
1054 1119 1274 1194 opere,
1316 1098 1410 1194 vel
1461 1096 1528 1162 in
1569 1094 1713 1194 aliis
1751 1093 2315 1194 publicatiouibus
2357 1090 2791 1194 mei.s,_miuus
2830 1100 3124 1190 exactum
3165 1089 3262 1154 vel
3301 1087 3764 1194 orthodoxam,

394 1175 618 1262 contra
646 1192 1066 1268 voluntatem,
1100 1175 1271 1252 'iuihi
1315 1188 1609 1271 elapsum
1638 1175 1855 1262 fuerit,
1910 1186 2036 1250 hoc
2083 1195 2292 1250 totum
2349 1179 3055 1271 subjiciocorrectioui
3120 1189 3355 1271 sanctae
3397 1176 3616 1271 matris
3645 1175 3768 1242 Ec-

394 1284 608 1353 clesia
647 1282 979 1358 Romanae,
1019 1265 1319 1362 sacrique
1363 1265 1537 1340 illius
1575 1272 1868 1353 Verticis,
1897 1273 2145 1361 quibus
2184 1265 2488 1359 spondeo'
2520 1291 2595 1337 ac
2632 1268 2788 1357 juro
2831 1268 3270 1336 omnimodam
3313 1285 3387 1333 ac
3418 1265 3768 1344 sinceram,

400 1373 638 1440 intimo
667 1392 742 1437 ex
777 1369 1000 1444 corde,
1045 1366 1414 1432 ﬁdelitatem
1460 1372 1522 1430 et
1561 1363 2020 1429 obedientiam.

492 1484 609 1562 Qui
647 1483 808 1549 mihi
855 1480 1191 1567 inspiravit
1233 1489 1300 1542 ut
1335 1477 1462 1567 hoc
1495 1497 1659 1563 opus
1695 1475 1818 1567 tibi
1853 1476 2541 1567 dedicarem,_Prw;sul
2575 1474 3014 1567 ornatissime,
3038 1473 3246 1567 _D_eu_s,
3298 1471 3588 1567 omnium
3630 1471 3772 1567 fons

405 1561 759 1651 bonorum,
805 1561 1062 1654 spiritui
1108 1579 1216 1633 tuo
1260 1561 1704 1632 indesinenter
1748 1565 1939 1654 adsit,
1986 1577 2180 1654 teque
2234 1565 2345 1632 diu
2400 1564 2702 1634 Ecclesiae
2762 1565 2990 1644 decus,
3026 1563 3318 1630 ﬁdelium
3361 1563 3581 1629 lumen
3623 1561 3769 1627 ani-

408 1591 759 1651 bonorum,
805 1593 831 1634 s
885 1591 1062 1635 trum
1108 1591 1216 1633 tuo
1260 1591 1704 1632 tuaesmeuter
1748 1591 1939 1645 ausu,
1987 1591 2180 1654 teque
2234 1591 2297 1632 (ll

405 1683 688 1742 marum,
727 1671 789 1728 et
827 1591 1187 1726 lermsulum
1236 1655 1593 1741 exemplar,
1636 1653 2028 1721 incolumem
2068 1665 2297 1722 servet.

491 1776 669 1843 Tuus
711 1775 774 1840 iu
818 1773 1080 1838 Christo
1144 1781 1203 1836 et
1248 1769 1444 1836 Maria
1481 1769 1957 1836 addictissimus
2000 1789 2247 1853 servus,

2825 1861 2882 1944 Δ(
2929 1855 3318 1938 CLEMENS,

2447 1989 2769 2038 EPISCOPUS
2816 1989 3204 2036 RUPELLENSIS
3244 1990 3319 2035 ET
3361 1989 3768 2035 SANTONENSIS.

789 2111 1075 2168 Scribebam
1105 2109 1357 2180 Rupelle,
1395 2108 1474 2163 die
1509 2116 1685 2164 octava
1714 2108 2001 2165 Nativitatis
2041 2109 2103 2165 Β.
2142 2108 2212 2165 Il.
2244 2108 2302 2164 Υ.
2339 2108 2498 2165 1852.

1653 2517 1752 2584 DE
1798 2516 2107 2586 DUABUS
2149 2518 2546 2589 EPISTOLIS

480 2712 1316 2849 SANCTI
1403 2712 2687 2846 CLEMENTIS
2785 2709 3695 2844 ROMANI

1679 2971 1836 3062 At)
1916 2971 2510 3068 VtRGlNES

1134 3211 2270 3341 DISSER'I‘A'I‘IO
2376 3213 3060 3341 PR/EVIA

588 3466 657 3533 lu
687 3487 818 3554 qua
861 3462 1245 3553 expenditur
1292 3460 2022 3548 earumgauthenticitas
2053 3473 2118 3530 et
2149 3464 2538 3533 refelluntur
2564 3461 2968 3552 objectiones
3011 3478 3159 3550 qua:
3197 3459 3352 3527 huic
3390 3479 3593 3552 oppo-

1965 3571 2236 3629 nuntur.

672 3963 843 4010 umo
882 3963 1051 4009 nova;
1094 3962 1273 4008 nurus
1317 3961 1777 4008 PUBLICATIONIS.
2059 3958 2099 4005 Α
2204 3941 3045 4020 Prorsusﬁrmatumestquod
3064 3943 3779 4025 persenseram,quaudo-

2142 4037 2202 4098 in
2234 4036 2678 4115 possessionem
2707 4051 2897 4096 meam
2920 4029 3108 4093 amba:
3129 4030 3254 4092 ista:
3275 4031 3558 4112 Epistulae
3588 4050 3790 4114 perve-

499 4126 608 4188 Diu
640 4123 971 4186 desideravi
997 4135 1055 4185 et
1085 4124 1326 4201 quaesivi
1351 4123 1498 4186 duas
1522 4127 1707 4185 sancti
1739 4124 2062 4187 Clementis
2146 4134 2384 4206 uerunt,
2420 4143 2639 4205 easque
2696 4128 2916 4186 attente
2964 4120 3355 4182 consideravi.
3393 4122 3635 4203 Insuper
3666 4121 3789 4182 sola

419 4212 669 4276 Romani
748 4212 1043 4294 Epistolas
1129 4214 1200 4274 ad
1283 4211 1572 4291 Virgines,
1639 4233 1769 4294 qua;
1845 4214 2061 4276 saeculo
2147 4214 2452 4287 Wetstini,
2487 4215 2586 4294 qui
2619 4215 2785 4276 base
2819 4212 3058 4293 Syriaco
3093 4212 3150 4271 iu
3198 4212 3464 4271 Latinum
3501 4220 3785 4292 verterat,

425 4301 808 4384 praecedenti,
843 4302 1043 4363 divina
1089 4303 1321 4363 favente
1366 4301 1763 4384 Providentia,
1813 4304 2067 4366 iuventa:
2152 4304 2514 4385 negligentia
2535 4303 2806 4364 sufficere
2834 4300 2979 4362 mihi
3001 4300 3523 4376 visaest,utlector
3543 4318 3793 4380 respue-

425 4393 679 4454 fuerant.
2151 4405 2243 4455 ret
2276 4396 2565 4474 scriptum
2600 4393 2747 4454 adeo
2795 4390 3197 4453 inconditum:
3233 4389 3464 4451 etiamsi
3513 4391 3670 4450 enim
3703 4389 3792 4450 vel

502 4480 790 4542 Noveram
826 4479 1064 4559 quidem
1120 4481 1331 4543 acriter
1376 4481 1775 4560 impugnatam
1822 4483 2005 4546 fuisse
2035 4502 2069 4544 a

423 4567 1014 4650 pseudo-reformatis
1086 4587 1288 4629 earum
1350 4569 1880 4639 attthenticitatem,
1939 4589 2071 4651 quae

424 4658 603 4719 etiam
633 4655 990 4738 quibusdam
1024 4656 1340 4719 Catholicis
1365 4677 1585 4738 anceps
1618 4668 1674 4720 et
1720 4658 1901 4721 dubia
1948 4662 2070 4723 visa

425 4747 643 4808 fuerat.
669 4745 814 4807 Cum
840 4755 1040 4806 autem
1063 4755 1224 4807 certe
1246 4747 1459 4808 scirem
1480 4747 1643 4808 iubis
1666 4749 1914 4828 reperiri
1940 4768 2071 4829 quae

427 4835 686 4914 perfecte
704 4835 1109 4914 congruebant
1131 4835 1483 4898 testimoniis
1507 4838 1698 4899 sancti
1729 4837 2072 4918 Hieronymi

427 4932 484 4986 et
515 4925 701 4985 sancti
723 4923 1062 5005 Epiphauii,
1089 4925 1438 5004 suspicabar
1457 4944 1490 4986 a
1508 4925 1813 5007 discipulis
1832 4927 2071 4990 Lutheri

431 5022 487 5076 et
517 5013 745 5077 Calviui
775 5014 900 5084 haec
930 5013 1298 5094 antiquitatis
1342 5026 1722 5076 monumenta
1769 5018 1951 5078 fuisse
1984 5036 2074 5079 re-

433 5103 676 5182 probata
704 5102 1000 5182 praecipue
1025 5122 1095 5163 ex
1119 5103 1253 5163 odio
1276 5103 1652 5185 virginitatis,
1683 5113 1740 5166 et
1761 5125 1794 5166 a
1818 5108 2071 5186 quibus-

2153 4483 2397 4544 miuime
2426 4481 2832 4543 attenderetur
2852 4479 3112 4554 ruditati,
3143 4498 3218 4539 ne
3241 4479 3433 4540 dicam
3456 4477 3791 4558 imperitiae,

2153 4571 2506 4650 Latinitatis,
2554 4570 2886 4644 rarissime,
2921 4577 2983 4629 ut
3027 4569 3150 4649 jam
3202 4569 3348 4642 dixi,
3383 4575 3574 4630 textus
3630 4565 3794 4629 Scri-

2156 4669 2339 4741 pturae
2361 4661 2660 4741 interpres
2683 4658 3099 4720 animadvertit
3116 4665 3173 4719 et
3195 4657 3429 4736 agnovit
3446 4680 3459 4728 ;
3477 4675 3586 4718 nec
3603 4658 3796 4717 forsan

2156 4751 2354 4811 minus
2381 4767 2517 4811 raro
2547 4748 2809 4811 auctoris
2863 4747 2951 4809 sui
3005 4747 3181 4827 plene
3233 4765 3476 4808 sensum
3530 4744 3789 4825 attingit.

2157 4840 2300 4901 lude
2370 4839 2587 4900 factum
2651 4848 2741 4900 est
2793 4847 2855 4898 ut
2909 4837 3126 4916 saepius
3185 4834 3648 4913 iuiutelligibilis
3705 4841 3801 4894 aut

2155 4928 2442 4991 barbarus
2528 4929 2795 5008 prodiret
2871 4925 3003 5007 pius
3075 4925 3265 4986 sancti
3347 4923 3670 4987 Clementis
3723 4925 3802 4984 la-

2157 5020 2288 5081 bor.

2239 5105 2935 5181 Exhorrui,fateor,hanc
2963 5103 3370 5166 difﬁcultatum
3389 5101 3596 5164 silvam
3618 5105 3782 5183 ingre

434 5192 568 5251 dam
604 5190 910 5251 catholicis
935 5191 1070 5253 ideo
1115 5210 1232 5252 non
1267 5191 1448 5254 fuisse
1478 5197 1738 5254 admissa
1767 5197 1921 5274 quod
1953 5198 2076 5260 haec
2101 5218 2136 5268 Β
2160 5199 2377 5260 diendo
2402 5214 2420 5258 :
2448 5198 2823 5258 uecdeeraut
2843 5195 3105 5256 rationes
3136 5193 3352 5276 quibus
3382 5191 3455 5255 ab
3488 5192 3584 5255 his
3616 5195 3803 5255 extri-

425 5297 466 5429 ἒ
487 5279 777 5358 suspectis
809 5280 1082 5342 manibus
1116 5280 1310 5343 oblata
1339 5301 1457 5344 non
1499 5283 1642 5343 satis
1673 5293 1900 5348 mature
1930 5304 2073 5365 pon-

473 5375 762 5429 erassent.

473 5375 762 5431 erassent.

2157 5287 2359 5350 caudis
2388 5286 2585 5347 dumis
2605 5302 2971 5347 removerer.
2997 5281 3106 5346 Hic
3130 5284 3290 5346 enim
3315 5282 3484 5344 labor
3505 5283 3660 5362 exigi
3683 5299 3803 5343 non

2159 5385 2349 5457 potest
2379 5374 2453 5436 ab
2485 5373 2764 5456 episcOpo
2811 5373 2975 5435 mille
3021 5375 3154 5439 aliis
3197 5372 3471 5454 gravibus
3525 5372 3685 5435 curis
3713 5370 3810 5431 in-
