4108 6352
257 354 382 422 357

1186 346 1575 416 EPISTOLE
1617 348 1719 410 AD
1762 344 2160 410 VIRGINES.
2196 380 2267 391 --
2315 340 2711 410 PROtEMIA.

3521 342 3640 409 358

253 502 448 555 tento.
483 495 782 556 Praeterea
827 489 1087 551 sciebam
1119 485 1405 548 sectarios
1465 503 1581 543 non
1621 479 1910 562 aequiores
1929 485 1969 531 Α
1994 473 2063 534 ed
2089 486 2147 535 et
2165 475 2489 554 defunctus
2514 475 2716 537 adhuc
2736 470 2962 538 locutus
2987 487 3069 539 est
3091 474 3425 558 9,dum,per
3443 478 3644 556 pluras

240 581 483 643 futuros
504 598 635 644 esse
661 599 805 659 erga
820 576 1335 640 elucubrationem
1357 582 1895 651 meam,postquam

240 670 523 751 ejusdem
547 670 785 748 generis
833 668 1016 729 fetum
1048 685 1082 726 a
1112 664 1299 726 sodali
1353 662 1728 751 editumutam
1763 660 1909 751 dire

240 749 628 821 lacesserint.
680 756 1105 837 Expendebam
1157 768 1398 834 quoque
1447 749 1775 824 modicum,
1805 750 1906 830 qui

246 849 488 930 sperari
540 857 761 929 posset,
796 848 975 925 hujus
1024 840 1639 930 opusculihfructum:
1691 839 1908 930 fratres

251 927 419 999 enim
454 927 644 998 nostri
666 927 963 1007 euantes,
991 934 1106 995 hoc
1134 931 1295 992 edito
1319 927 1547 1001 libello,
1570 946 1687 988 non
1715 928 1912 989 minus

259 1045 443 1107 quam
490 1034 665 1087 antea
692 1022 1010 1103 virginitati
1040 1019 1256 1082 infensi
1287 1026 1484 1097 erunt,
1519 1016 1747 1107 etiamsi
1782 1018 1915 1079 luce

258 1106 486 1177 clarius
500 1112 856 1195 probaretur
894 1110 1265 1173 authenticas
1288 1125 1420 1167 esse
1432 1107 1623 1195 sancti
1644 1106 1916 1167 Clemen-

265 1207 341 1265 tis
368 1194 665 1284 Epistolas
683 1212 758 1266 ad
782 1202 1081 1281 Virgines.
1108 1201 1238 1262 Non
1270 1194 1566 1277 siquidem
1594 1195 1731 1256 huic
1753 1211 1905 1273 pon-

255 1294 405 1354 tiﬁci
422 1283 660 1355 felicior
682 1293 997 1369 obtingere
1019 1307 1151 1350 sors
1165 1296 1354 1367 potest
1379 1303 1553 1363 quam
1572 1284 1702 1344 divo
1729 1283 1909 1345 Paulo

2000 566 2241 644 saacula,
2279 565 2462 645 ipsius
2496 565 2723 646 scripta
2754 565 3028 627 ﬁdelibus
3051 567 3407 645 legerentur.
3430 567 3512 629 Eo
3534 587 3641 648 pu-

1996 651 2122 714 rior
2152 671 2305 733 aqua
2337 662 2535 715 manat
2564 674 2681 731 quo
2715 653 2863 715 fonti
2893 656 3282 735 propinquior
3310 665 3421 720 est.
3452 656 3640 720 Nemo

1994 761 2133 805 vero
2167 743 2355 807 nescit
2388 744 2561 806 ﬁdem
2596 762 2664 805 ac
2709 744 2945 806 vivendi
2980 746 3224 806 formam
3257 746 3419 807 cordi
3452 746 3640 809 sancti

1996 831 2318 895 Clementis
2352 832 2663 895 instillatas
2718 834 2896 895 fuisse
2924 832 2997 895 sli
3027 833 3171 913 ipsis
3214 835 3497 914 apostolis
3525 838 3636 897 Pe-

1998 930 2086 982 tro
2111 929 2169 983 et
2193 922 2372 985 Paulo
2397 941 2644 1003 quorum
2669 922 3001 1003 discipulus
3018 932 3163 984 erat.
3189 922 3413 986 Horum
3441 943 3641 986 mores

1998 1011 2410 1074 sanctissimos
2424 1031 2560 1073 cora
2570 1032 2626 1073 tn
2654 1012 2899 1074 intuitus
2920 1013 3395 1095 est,eaaterisque
3409 1014 3644 1077 intuen-

1998 1099 2106 1161 dos
2131 1118 2200 1162 ac
2232 1100 2552 1163 imitandos
2584 1102 2929 1182 proposuit:
2964 1102 3177 1181 dignus
3226 1103 3490 1183 profecto
3538 1104 3641 1184 qui

1998 1188 2072 1250 ab
2106 1189 2235 1269 ipso
2289 1189 2464 1253 Petro
2511 1192 2571 1251 in
2624 1210 3029 1254 successorem
3086 1194 3450 1271 eligeretur;
3509 1194 3640 1273 ejus

2002 1281 2221 1360 quippe
2252 1279 2524 1353 scientia,
2554 1280 2693 1357 vita,
2722 1282 3063 1362 martyrium
3094 1283 3238 1344 satis
3264 1283 3586 1364 probarunt
3609 1300 3642 1343 a

251 1383 436 1458 cuius
475 1392 602 1444 erat
650 1380 1003 1461 discipulus.
1057 1374 1345 1440 Catholici
1376 1379 1491 1435 hoc
1544 1390 1692 1432 novo
1729 1390 1910 1461 argu-
1998 1370 2149 1461 caelo
2203 1369 2548 1450 inspiratam
2617 1371 2803 1433 fuisse
2874 1380 2989 1433 tam
3050 1372 3323 1433 eximiam
3389 1372 3638 1434 electio-

255 1480 465 1533 mento
502 1490 621 1533 non
652 1460 925 1549 indigent
955 1478 1017 1529 ut
1060 1464 1390 1527 doctrinam
1442 1470 1657 1523 sancta:
1705 1460 1913 1525 matris
1996 1460 2155 1520 nem.

252 1559 547 1622 Ecclesiae
566 1561 1043 1622 commendatam
1066 1549 1907 1632 habeant.Tandem,aiebsm,
2077 1549 2263 1621 Quale
2294 1550 2409 1612 fuit
2448 1550 2604 1610 illius
2655 1550 2931 1611 meritum
2981 1551 3152 1631 cujus
3199 1552 3639 1632 praedestinatio

254 1651 304 1710 si
337 1649 465 1711 Deo
504 1650 795 1729 placuerit
832 1644 1138 1710 emendari
1172 1652 1230 1704 et
1276 1640 1633 1721 explicatum
1668 1640 1909 1719 prodire
1995 1638 2260 1729 gloriosa
2293 1639 2366 1729 ab
2397 1639 2523 1729 ipso
2558 1639 2729 1701 beato
2765 1642 2942 1703 Paulo
2981 1641 3260 1720 praedicta
3295 1651 3385 1703 est
3409 1649 3422 1705 ι
3450 1643 3642 1717 Quem

252 1758 408 1820 opus
438 1726 621 1809 istud,
657 1740 848 1800 lucem
887 1754 957 1798 ac
1008 1734 1393 1820 voluntatem,
1429 1737 1492 1790 ut
1546 1728 1908 1820 perﬁciatur,
1938 1809 1970 1820 ﬁ
1997 1728 2262 1820 certatim
2298 1726 2574 1820 laudibus
2605 1729 2860 1820 efferunt
2908 1729 3181 1791 maximis
3222 1731 3480 1809 Ignatius
3508 1735 3640 1794 An-

252 1809 575 1908 inspirabit
599 1827 699 1888 uni
731 1845 803 1887 ex
834 1834 917 1886 tot
947 1822 1060 1904 piis
1107 1818 1449 1882 doctoribus
1480 1809 1577 1898 qui
1628 1816 1910 1908 iqsudant
1936 1809 1972 1859 Β
1995 1816 2328 1908 tiochenus,
2350 1815 3066 1908 lrenaeus_Lugdunensis,
3086 1821 3364 1883 Clemens
3385 1823 3642 1886 Alexan-

255 1903 443 1978 hodie
466 1916 525 1980 in
544 1915 829 1978 eruendis
849 1922 908 1975 et
926 1903 1271 1989 evulgandis
1293 1904 1903 1971 totveterumPatrum
1992 1907 2231 1988 drinus,
2264 1903 2574 1986 Origenes,
2608 1906 2927 1988 Eusebius,
2971 1908 3356 1987 Athanasius,
3388 1913 3640 1993 Cyrillus

256 2006 560 2068 thesauris
587 2003 975 2067 absconditis.
1994 1995 2593 2077 Hierosolymitanus,
2643 1997 2893 2077 Optatus
2949 1998 3342 2083 Milevitanus,
3373 1999 3641 2083 Epipha-

334 2097 598 2179 Semper
624 2106 822 2158 tamen
856 2093 1259 2175 perseveravit
1306 2091 1369 2152 in
1396 2107 1492 2151 me
1523 2097 1721 2150 motus
1747 2088 1906 2151 inte-
1999 2086 2161 2179 nius,
2194 2084 2473 2179 Basilius,
2507 2084 2922 2179 Hieronymus,
2947 2086 3215 2170 Ruﬁnus,
3244 2091 3641 2170 Augustinus,

262 2188 402 2249 rior
431 2177 546 2268 quo
575 2187 649 2248 ad
682 2186 841 2247 hunc
867 2183 1133 2246 laborem
1167 2181 1443 2261 urgebar.
1464 2179 1555 2241 An
1586 2177 1687 2239 ille
1719 2185 1916 2239 motus

253 2292 325 2337 su
333 2273 735 2355 pernaturalis
758 2271 942 2335 fuerit
962 2288 1074 2333 nec
1100 2268 1542 2345 afﬁrmare,nec
1563 2284 1780 2346 negare
1800 2284 1914 2328 au-

252 2364 606 2426 deo.Dicam
630 2362 1007 2425 solummodo
1025 2359 1181 2441 quod
1207 2376 1314 2439 per
1334 2358 1534 2439 plures
1555 2375 1744 2418 annos
1764 2374 1909 2418 cun-

254 2462 520 2515 ctantem
536 2460 779 2515 sanctus
795 2448 1246 2513 Clemensintus
1257 2464 1510 2527 arguere
1539 2464 1634 2507 me
1662 2444 1914 2509 videba-

250 2543 558 2620 tur;quasi
577 2542 987 2622 ﬁdejussorem
1002 2546 1061 2600 et
1081 2538 1413 2616 adiutorem
1436 2536 1635 2617 operis
1657 2535 1914 2597 offerens

266 2651 429 2693 sese:
455 2640 519 2693 ut
539 2630 1041 2712 quemadmodum
1071 2627 1202 2708 ipse
1219 2624 1615 2707 virginitatem
1640 2623 1915 2685 laudibus

268 2730 684 2799 exornaverat,
711 2720 1016 2799 cautisque
1040 2716 1279 2779 monitis
1305 2732 1432 2777 eam
1468 2714 1910 2794 praemunierat,

263 2812 353 2872 sic
379 2829 487 2890 ego
506 2808 903 2891 Epistolarum
919 2825 1158 2869 suarum
1176 2802 1686 2868 authenticitatem
1711 2811 1919 2863 contra

268 2900 656 2962 oblocutores
687 2898 912 2960 naviter
941 2897 1241 2958 ﬁrmarem
1269 2912 1283 2957 :
1310 2894 1413 2973 qui
1428 2896 1595 2955 enim
1626 2893 1835 2972 aperit
1854 2909 1922 2954 os

268 2997 586 3052 mutorum
626 2990 674 3062 ί,
709 2989 908 3061 etiam,
939 2987 1176 3063 quando
1207 2984 1352 3061 vult,
1385 2982 1841 3063 loquacissimos
1866 2991 1924 3044 et

263 3078 698 3141 audacissimos
728 3084 925 3137 mutos
958 3075 1161 3137 efﬁcit.

1999 2175 2336 2238 Eucherius
2383 2175 2819 2253 Lugdunensis,
2852 2176 3270 2260 innumerique
3297 2179 3437 2242 alii!

2078 2268 2213 2330 Non
2243 2263 2385 2325 solae
2413 2264 2602 2325 sancti
2625 2264 2948 2328 Clementis
2969 2266 3043 2328 ad
3068 2265 3337 2347 Virgines
3365 2267 3643 2351 Epistolas

1994 2367 2333 2434 temporum
2371 2351 2644 2433 injuriam
2693 2351 3024 2431 subierant,
3057 2355 3312 2437 plurima
3349 2359 3467 2421 alia
3498 2358 3645 2422 tanti

1997 2442 2295 2530 pontiﬁcis
2323 2444 2542 2523 scripta
2567 2442 2783 2505 amissa
2830 2451 2993 2520 sunt,
3029 2454 3087 2508 et
3116 2465 3246 2527 quae
3294 2457 3637 2527 supersunt,

1996 2546 2098 2600 aut
2129 2530 2335 2594 mutila
2376 2539 2476 2592 aut
2523 2540 2797 2613 corrupta
2829 2534 2900 2594 sd
2946 2552 3054 2595 nos
3085 2536 3430 2599 transmissa
3478 2546 3645 2612 sunt.

2005 2625 2302 2687 Dominus
2330 2629 2527 2682 autem
2550 2625 2655 2699 qui
2676 2621 2936 2685 custodit
2963 2641 3093 2685 ossa
3113 2622 3479 2690 Sanctorum
3505 2646 3638 2692 suo-

2002 2731 2138 2776 rum
2168 2710 2196 2753 ι
2231 2758 2248 2790 ,
2283 2728 2494 2790 eaque,
2544 2729 2677 2771 cum
2726 2710 2840 2772 sibi
2894 2712 3107 2791 placet,
3141 2716 3385 2797 revelat,
3420 2718 3642 2800 scripta

2002 2804 2178 2865 etiam
2226 2818 2429 2860 eorum
2482 2801 2861 2882 quandoque,
2893 2820 3001 2882 per
3029 2804 3378 2885 quemlibet,
3413 2809 3641 2871 etiamsi

2004 2889 2286 2953 Ecclesiae
2314 2888 2619 2951 catholicae
2648 2899 3017 2967 extraneum,
3050 2895 3404 2958 manifestat.

2084 2978 2205 3049 Sic,
2239 2995 2397 3038 anno
2441 2978 2622 3059 1633,
2652 2979 3031 3042 doctissimus
3069 2984 3279 3045 Junius
3330 2987 3641 3063 Patricius,

2004 3066 2380 3157 Oxoniensis,
2406 3067 2594 3157 edidit
2617 3070 2821 3157 Graece
2852 3068 3176 3152 Latineque
3207 3075 3457 3154 primam
3490 3078 3645 3157 ejus-

1235 3181 1368 3224 cum
1395 3162 1571 3241 hujus
1592 3159 1924 3242 libelli,per
1941 3133 1982 3184 c
2007 3159 2145 3219 dem
2176 3133 2378 3218 sancti,
2395 3155 2721 3220 Clementis
2750 3133 3173 3237 Epistolam'ad
3204 3133 3645 3247 Corinthios};

264 3266 356 3319 tot
385 3256 601 3323 saecula
630 3253 990 3334 absconditi,
1022 3252 1344 3335 publicatio
1385 3251 1460 3313 ad
1494 3249 1783 3327 majorem
1814 3249 1925 3312 Dei

264 3348 524 3427 gloriam
560 3356 616 3407 et
650 3347 720 3407 ad
753 3350 977 3405 sanctae
1027 3342 1231 3404 matris
1290 3338 1574 3403 Ecclesiae
1624 3338 1913 3402 honorem

267 3452 523 3515 vergere
553 3443 685 3495 nata
716 3439 928 3495 esset?

352 3531 526 3587 Certe
557 3525 607 3584 si
631 3523 757 3584 sola
778 3521 1118 3602 eloquentia
1139 3521 1200 3581 in
1218 3517 1457 3600 scriptis
1478 3516 1743 3594 antiquis
1765 3536 1921 3599 quaa-

266 3615 603 3687 reretur,in
636 3612 935 3673 oblivione
955 3611 1216 3691 relinqui
1235 3610 1565 3690 potuissent
1584 3607 1773 3668 sancti
1796 3608 1923 3670 Clc-

265 3704 492 3769 mentis
520 3701 800 3783 Epistolas
830 3719 978 3782 quas
1031 3699 1402 3781 publicamus
1433 3718 1445 3756 :
1477 3696 1617 3758 libri
1661 3714 1919 3778 namque

262 3791 829 3876 superabundantes
880 3789 1172 3869 politioris
1224 3788 1570 3850 litteratura)
1598 3794 1657 3876 e_t
1689 3785 1923 3850 eximia

262 3873 525 3967 poeseos
547 3881 943 3962 undequaque
954 3879 1027 3941 ad
1041 3896 1150 3940 nos
1175 3896 1319 3958 perv
1330 3873 1679 3967 enerunt.Et
1694 3876 1918 3938 utinam

265 3964 599 4057 periissem.
628 3979 713 4031 tot
746 3988 928 4050 opera
959 3969 1134 4049 plena
1164 3964 1915 4057 t'mditatibuset‘immun-

270 4055 441 4126 ditiis
469 4062 673 4122 vitium
723 4059 1027 4138 eleganter
1073 4055 1553 4118 insinuantibus!
1587 4055 1848 4130 Utinam,
1884 4074 1917 4116 e

270 4161 509 4231 contra,
564 4149 894 4211 conservati
950 4147 1223 4222 fuissent,
1277 4164 1483 4208 eorum
1534 4148 1690 4225 loco,
1736 4150 1917 4208 innu-

270 4243 430 4304 meri
476 4247 814 4302 sanctorum
877 4239 1117 4299 Patrum
1175 4235 1439 4296 thesauri
1491 4235 1711 4317 injuria
1764 4248 1914 4299 tem-

271 4349 490 4413 porum
559 4328 785 4405 amissi,
848 4326 1277 4408 caelestemque
1356 4323 1709 4405 sapientiam
1789 4325 1918 4408 spi-

262 4428 480 4483 rantes
510 4426 524 4482 l

537 4611 793 4660 PRETIUH
820 4610 1002 4658 HUIUS
1027 4609 1369 4657 IONUMENTI
1392 4610 1646 4669 ANTIQUI.

347 4686 594 4768 Verum,
630 4687 737 4747 has
765 4685 925 4748 inter
952 4683 1210 4765 divitias,
1238 4684 1383 4744 tanti
1417 4686 1592 4749 nulla;
1635 4687 1919 4749 aestimari

261 4778 491 4841 debent
522 4775 724 4856 quanti
753 4773 1016 4835 virorum
1048 4772 1510 4854 apostolicorum
1544 4778 1772 4857 scripta
1796 4792 1927 4857 quae

265 4867 464 4949 prima
493 4863 962 4929 Christianorum
986 4861 1226 4941 vestigia
1249 4861 1423 4925 nobis
1452 4864 1669 4945 detegu
1691 4875 1930 4946 nt,pra3-

264 4957 446 5036 cipue
475 4965 674 5016 autem
705 4953 756 5014 si
785 4970 855 5013 ex
884 4952 977 5013 his
1007 4951 1079 5012 ad
1115 4969 1222 5011 nos
1246 4952 1455 5015 reboet
1479 4955 1747 5035 quaedam
1774 4956 1923 5017 echo

260 5055 503 5109 remota
534 5042 849 5126 pontiﬁciaa
874 5040 1034 5102 vocis
1062 5058 1194 5121 qua:
1224 5042 1460 5121 penitus
1477 5046 1774 5106 exstincta
1796 5062 1927 5106 cre-

267 5134 550 5197 debatur.
582 5133 747 5212 Quis,
776 5149 978 5212 porro,
1005 5148 1209 5211 sonus,
1230 5136 1364 5210 post
1383 5134 1785 5215 apostolorum
1822 5156 1918 5199 νο-

277 5242 438 5300 cem,
472 5224 687 5287 clarior
711 5221 885 5283 nobis
913 5219 1003 5281 vel
1036 5220 1272 5281 charior
1322 5239 1453 5284 esse
1501 5237 1695 5308 potest
1740 5246 1919 5309 quam

278 5332 394 5377 vox
424 5314 616 5376 sancti
647 5309 973 5375 Clementis
1003 5328 1133 5393 quae
1167 5311 1339 5372 toties
1372 5313 1431 5374 in
1463 5315 1726 5382 ﬁdelium
1758 5318 1928 5383 coeti-

264 5402 389 5466 bus
418 5423 597 5467 aures
630 5406 881 5465 attentas
910 5399 1204 5482 implevit,
1238 5412 1481 5481 pectora
1510 5419 1714 5474 sancta
1745 5428 1917 5474 com-

283 5496 469 5557 movit
494 5503 507 5558 ι
530 5493 663 5559 Non
678 5490 856 5555 modo
888 5508 1142 5570 namque
1175 5490 1301 5571 ipse
1331 5492 1534 5559 vivens
1566 5500 1926 5580 praedicavit,

2004 3246 2414 3327 antiquissimo
2456 3250 2860 3329 manuscripto
2906 3250 3329 3319 Alexandrino.
3362 3256 3483 3335 Sic,
3517 3246 3643 3319 fere

2013 3336 2225 3397 diebus
2248 3338 2496 3427 nostris,
2518 3339 2777 3399 Joannes
2790 3338 3044 3402 Jacobus
3068 3340 3414 3421 Wetstinus,
3439 3366 3473 3406 e
3501 3366 3641 3427 pro-

2013 3428 2358 3517 testantium
2391 3426 2565 3486 etiam
2595 3445 2795 3506 grege,
2826 3430 3065 3509 Syriace
3102 3450 3170 3493 ac
3197 3432 3405 3497 Latine
3434 3426 3641 3517 edidit,

2008 3515 2169 3593 Lugd
2179 3515 2279 3575 uni
2296 3516 2669 3592 Batavorum,
2686 3519 2832 3578 duas
2853 3520 2996 3581 alias
3016 3523 3202 3583 sancti
3222 3522 3547 3586 Clementis
3566 3515 3640 3587 ad

2015 3604 2289 3694 Yirgmes
2308 3603 2631 3694 Epistolas,
2667 3624 2812 3688 quas
2841 3626 2913 3669 ex
2957 3610 3200 3690 antiquo
3240 3615 3642 3694 manuscripto

2012 3689 2250 3773 Syriaco
2306 3691 2455 3756 Novi
2499 3694 2889 3773 Testamenti,
2920 3698 3131 3780 Alepo,
3166 3698 3240 3761 ab
3286 3689 3642 3782 imperatore

2004 3782 2328 3845 Turcarum
2360 3786 2564 3858 misso,
2596 3784 2771 3846 eruit.

2088 3873 2339 3935 Litteras
2367 3874 2557 3935 sancti
2603 3874 2933 3938 Clementis
2969 3876 3044 3938 ad
3093 3878 3431 3942 Corinthios
3478 3892 3645 3944 vocat

2003 3973 2246 4025 sanctus
2279 3965 2546 4025 Irenaeus
2570 3966 3016 4043 potentissimas
3045 3968 3098 4030 4.
3140 3968 3402 4031 Primam
3431 3973 3505 4033 ad
3539 3990 3643 4035 eos

2002 4051 2326 4133 Epistolam
2359 4061 2595 4115 sanctus
2637 4050 3031 4141 Hieronymus
3063 4064 3307 4120 testatur
3331 4061 3642 4141 specialius

2003 4160 2137 4204 esse
2166 4142 2349 4203 valde
2369 4140 2603 4204 utilem.
2647 4166 2672 4198 α
2702 4140 2841 4207 Haec
2883 4144 3132 4219 videtur,
3170 4147 3271 4225 ait,
3319 4140 3646 4214 characteri

2010 4231 2454 4312 Epistolaa,quae
2476 4230 2587 4294 sub
2603 4233 3025 4297 Paulinomine
3038 4235 3112 4297 ad
3126 4235 3410 4301 Hebraeos
3430 4241 3640 4317 fertur,

2008 4321 2326 4382 convenire
2344 4323 2395 4379 5.
2425 4344 2454 4377 ι
2491 4318 2653 4383 [dem
2684 4332 2923 4386 sanctus
2952 4325 3162 4388 doctor
3189 4327 3418 4391 dubitat
3446 4331 3522 4393 de
3542 4349 3642 4393 au-

1939 4454 1986 4507 D
2009 4410 2383 4507 thepticitate
2411 4412 2757 4491 posterioris
2789 4412 3053 4495 epistolae
3100 4418 3291 4479 sancti
3321 4418 3643 4483 Clementis

2000 4499 2075 4561 ad
2102 4499 2461 4563 Corinthios.

2006 4694 2285 4741 IOIENTA
2332 4694 2464 4748 ΟΠΞ
2515 4695 2812 4743 ASTRUUNT
2858 4698 3204 4748 Νοετιωιωι
3245 4702 3644 4751 ιιιιιετοιιιιυιι

2550 4786 3117 4837 ΑυΤΗΕΝΤΙΟΙΤΔΤΕΗ.

2096 4861 2183 4921 De
2212 4857 2499 4921 ambabus
2527 4858 2802 4940 Epistolis
2828 4881 2974 4941 quas
3005 4865 3205 4943 hodie,
3235 4875 3366 4946 post
3394 4865 3643 4929 Wetsti-

2019 4967 2185 5027 num,
2196 4948 2588 5029 publicamus,
2612 4950 2840 5012 locutus
2856 4962 2946 5014 est
2964 4962 3203 5016 sanctus
3222 4953 3641 5037 Hieronymus,

2011 5038 2118 5102 lib.
2147 5055 2166 5099 ι
2190 5046 2403 5100 contra
2422 5038 2836 5117 Jovmianum,
2860 5041 3108 5105 dicens:
3140 5068 3164 5099 (ι
3190 5041 3265 5104 Hi
3293 5055 3429 5105 sunt
3449 5064 3643 5108 eunu-

2011 5128 2109 5191 chi
2139 5147 2291 5208 quos
2340 5131 2618 5191 castravit
2646 5146 2769 5191 non
2817 5132 3165 5215 necessitas,
3199 5134 3304 5194 sed
3351 5134 3640 5217 voluntas,

2011 5227 2253 5302 propter
2279 5234 2524 5296 regnum
2557 5220 2864 5282 ctelorum.
2890 5220 2981 5282 Ad
3006 5221 3113 5282 hos
3131 5230 3189 5283 et
3211 5222 3487 5284 Clemens
3504 5242 3644 5285 suc-

2011 5325 2217 5387 cessor
2235 5305 2483 5386 apostoli
2507 5304 2663 5367 Petri
2688 5307 2927 5389 scripsit
2950 5309 3229 5389 epistolas
3256 5331 3646 5395 ;omuemque

2015 5414 2168 5484 pene
2191 5411 2533 5457 sermonem
2557 5413 2731 5459 suum
2754 5397 2830 5458 de
2849 5398 3195 5479 virginitatis
3217 5404 3475 5483 puritate
3495 5423 3643 5468 con-

2015 5486 2199 5553 texuit
2224 5506 2237 5544 :
2272 5492 2328 5545 et
2357 5484 2639 5565 deinceps
2660 5486 2823 5548 multi
2846 5489 3249 5570 apostolici,et
3271 5502 3649 5575 martyres,et

352 5689 374 5729 ¹
408 5688 553 5767 Sap.
596 5703 663 5763 ι,
697 5686 798 5748 21.
882 5684 908 5725 ε
940 5682 1122 5746 Hebr.
1161 5702 1247 5762 XI,
1282 5686 1345 5750 4.
1429 5687 1461 5736 5
1489 5687 1645 5748 Psal.
1680 5706 1889 5773 sum,

2011 5738 2021 5756 .
2104 5692 2136 5741 4
2164 5689 2209 5751 Ι.
2246 5706 2332 5763 ιιι,
2370 5709 2423 5755 c.
2456 5690 2514 5751 3.
2601 5691 2633 5740 5
2667 5691 2751 5753 De
2776 5691 2987 5772 script.
3017 5691 3182 5768 ccct.,
3215 5710 3269 5755 c.
3308 5693 3400 5754 15.
