4108 6352
405 357 408 361 ν
482 280 601 345 359

1246 283 1307 346 S.
1356 272 1794 346 CLEMENTIS
1840 269 1862 342 l
1907 279 2089 341 ROM.
2140 266 2364 343 PONT.
2411 264 2659 343 OPERA
2702 267 3077 345 GENUINA.

3738 258 3865 343 360

486 416 750 477 illustres
772 390 887 476 tam
902 416 1229 477 «sanctitate
1257 433 1433 495 quam
1468 413 1803 494 eloquentia
1832 414 2121 496 viri,quos
2139 423 2178 471 Α
2206 415 2290 475 las
2309 413 2381 475 ad
2400 413 2939 476 Corinthios.Patet
2953 414 3132 476 etiam
3153 412 3355 477 Graece
3370 414 3658 494 scriptum
3672 415 3863 478 fuisse

485 525 554 567 ex
589 504 845 585 propriis
879 505 1117 583 scriptis
1149 522 1325 565 nosse
1358 504 1641 583 perfacile
1671 513 1818 564 est.»

566 593 645 655 De
676 592 885 653 iisdem
922 594 1203 673 Epistolis
1229 593 1312 654 sic
1340 593 1601 673 loquitur
1621 601 1861 653 sanctus
1882 592 2132 673 Epipha-

489 684 708 745 niusB:
752 709 772 735 α
811 685 943 761 Ipse
972 682 1247 744 Clemens
1278 683 1413 743 illos
1446 701 1552 761 per
1603 682 1799 743 omnia
1825 684 2039 743 refutat
2070 685 2128 743 in

488 776 581 836 his
602 791 747 852 quas
778 772 1013 849 scripsit
1035 771 1311 846 epistolis
1334 771 1729 832 circularibus
1752 791 1881 851 quae
1906 772 1961 831 in
1987 791 2128 831 san-

484 866 593 926 ctis
612 861 893 925 Ecclesiis
908 862 1207 936 leguntur.
1223 860 1680 937 ..Virginitatem
1701 860 1977 922 Clemens
1990 861 2128 922 edo-

482 956 598 1017 cuit
624 974 639 1028 ;
674 952 770 1015 isti
803 951 1140 1031 repudiant.
1171 951 1273 1012 llle
1302 950 1475 1010 etiam
1513 949 1790 1011 Davidem
1813 961 1871 1011 et
1892 952 2128 1011 Samso-

485 1063 617 1105 nem
652 1060 979 1120 omnesque
1004 1040 1327 1120 prephetas
1359 1040 1742 1099 commendat
1771 1062 1781 1109 ;
1841 1038 2168 1101 Ebiunilae'

480 1136 869 1194 detestantur.
912 1152 935 1186 ι

559 1221 697 1283 Haec
754 1219 951 1288 verba,
988 1218 1321 1280 certissime
1381 1217 1531 1278 adeo
1586 1216 1744 1278 clare
1810 1217 2131 1295 designant

484 1308 761 1391 epistolas
792 1327 935 1387 quas
968 1307 1043 1367 de
1076 1305 1424 1386 Virginitate
1458 1306 1694 1385 scripsit
1727 1316 1965 1367 sanctus
1991 1306 2128 1368 Cle-

487 1416 675 1473 mens,
708 1406 770 1456 ut
820 1398 895 1454 de
936 1413 1138 1455 earum
1188 1393 1497 1456 existentia
1541 1393 1799 1457 dubitari
1853 1403 2129 1472 nequeat.

482 1488 825 1555 Enimvero,
859 1492 1098 1546 sanctus
1131 1485 1429 1563 Clemens,
1460 1484 1624 1562 juxta
1659 1484 1896 1545 beatum
1928 1483 2131 1545 Hiero-

483 1574 1017 1657 nymum,omnium
1038 1573 1293 1633 virorum
1309 1574 1764 1651 apostolicorum
1786 1586 2129 1652 martyrum-

477 1682 594 1745 que
624 1662 934 1722 sanctitate
966 1680 1032 1721 ac
1065 1662 1404 1740 eloquentia
1445 1660 1761 1720 illustrium
1812 1660 1907 1738 qui
1946 1661 2130 1721 hocce

481 1755 678 1814 thema
703 1752 1073 1811 tractandum
1113 1768 1261 1811 susc-
1290 1757 1522 1827 perunt,
1559 1750 1978 1825 antesignanus
2010 1755 2124 1811 est.

462 1844 600 1904 ‘lmo
635 1843 706 1901 de
740 1841 949 1899 iisdem
982 1838 1261 1918 Epistolis
1308 1849 1557 1899 testatur
1586 1848 1829 1899 sanctus
1862 1838 2124 1917 Epipha-
2152 1831 2188 1879 Β

478 1932 614 1993 nius
647 1946 772 2002 eas,
807 1929 997 1988 adhuc.
1030 1947 1137 1988 suo
1174 1934 1471 2007 tempore,
1513 1929 1569 1987 in
1628 1927 1913 1990 Ecclesiis
1948 1927 2132 1989 lectas

478 2020 687 2080 fuisse.
718 2017 997 2090 Quasdam
1033 2019 1276 2096 insuper
1298 2028 1501 2077 narrat
1530 2036 1660 2099 quae
1692 2018 1750 2077 in
1787 2017 1875 2077 his
1904 2016 2134 2093 Episto-

482 2109 575 2182 lis,
614 2117 669 2169 et
726 2126 1016 2185 nusquam
1064 2106 1227 2186 alibi,
1260 2120 1505 2168 sanctus
1554 2108 1833 2168 Clemens
1887 2116 2130 2169 tractat:

481 2198 784 2277 videlicet,
816 2214 949 2271 quin
999 2194 1268 2269 attinent,
1305 2197 1415 2257 hac
1462 2199 1520 2256 in
1579 2214 1662 2257 re.
1699 2196 1768 2256 ad
1826 2194 2133 2277 Davidum,

481 2285 829 2348 Samsonem
865 2293 925 2345 et
957 2286 1295 2364 prophetas.

566 2376 916 2438 Lamberlus
937 2373 1229 2435 Gruterus
1246 2373 1708 2453 Vent'adius,qui
1742 2373 1857 2434 duo
1878 2375 1999 2435 fere
2020 2393 2135 2435 sae-

482 2468 613 2529 cula
636 2474 775 2526 ante
808 2462 1163 2525 Wetstinum
1190 2464 1506 2533 scribebat,
1537 2480 1814 2542 espresse
1839 2463 2007 2541 ponit
2030 2464 2133 2528 has

459 2554 776 2636 AEpistulas
808 2553 962 2612 inter
980 2553 1164 2613 sancti
1197 2551 1522 2614 Clementis
1555 2558 1777 2631 scripta
1811 2570 1942 2631 qua:
1973 2553 2128 2611 desi-

483 2645 791 2706 derantur.
830 2641 990 2701 Idem
1027 2644 1206 2704 sentit
1259 2642 1571 2713 Baronius,
1606 2642 1700 2702 cui
1756 2640 2131 2703 Rondininus

485 2731 828 2796 consentire
869 2730 1119 2791 videtur.

567 2822 763 2884 Abbas
785 2819 1229 2899 Gratianus,qui
1252 2838 1442 2899 nuper
1462 2819 1536 2880 de
1557 2818 1758 2881 Grmco
1786 2820 1842 2879 in
1874 2820 2130 2881 Italicam

496 2913 753 2990 linguam
778 2908 1030 2970 traduxit
1051 2912 1296 2987 primam
1324 2908 1644 2988 Epistolam
1662 2908 1849 2969 sancti
1873 2907 2141 2970 Clemen-

497 3002 571 3062 tis
603 3001 676 3062 ad
710 2998 1071 3064 Corinthios,
1112 3016 1293 3078 super
1323 2998 1447 3058 haec
1480 2998 1657 3058 verba
1695 3016 1826 3077 qua:
1866 3016 2026 3058 num.
2066 2997 2141 3061 38

496 3091 674 3169 hujus
707 3089 985 3167 Epistolas
1006 3087 1385 3167 reperiuntur
1409 3106 1429 3146 :
1455 3088 1581 3164 Qui
1604 3104 1785 3148 came
1807 3096 2011 3147 castus
2031 3092 2137 3161 est,

489 3197 569 3242 ne
589 3178 1136 3254 insolescat,sciens
1156 3174 1344 3237 alium
1369 3193 1495 3237 esse
1515 3177 1687 3255 ςυίεὶ
1705 3177 2142 3236 continentiam

488 3271 719 3331 donat:
754 3268 833 3327 ait
862 3288 873 3325 :
912 3290 939 3319 ι
975 3265 1223 3337 Quidam
1258 3266 1526 3326 sentiunt
1557 3267 1713 3326 hunc
1747 3266 1941 3325 locum
1976 3265 2140 3325 desi-

497 3349 665 3428 gnari
699 3368 730 3407 a
761 3356 965 3412 sancto
997 3344 1322 3424 Epiphanio
1355 3354 1412 3405 et
1461 3364 1490 3407 a
1524 3353 1726 3411 sancto
1758 3343 2139 3424 Hieronymo,

493 3437 731 3519 quando
751 3443 1307 3497 asseruntsanctum
1328 3433 1695 3496 Clementem
1717 3434 1791 3493 de
1814 3433 2143 3513 virginitate

493 3526 894 3589 disseruisse:
933 3524 1035 3585 sed
1070 3524 1336 3603 quamvis
1367 3541 1649 3603 expresse
1672 3523 1751 3583 ibi
1787 3523 2009 3583 mentio
2044 3523 2144 3584 ﬁat

493 3618 569 3678 de
591 3616 855 3680 castitate
877 3622 936 3674 et
956 3613 1347 3689 continentia,
1376 3632 1510 3672 cum
1534 3613 1659 3674 haec
1683 3612 1892 3690 raptim
1913 3619 2137 3672 tantum

493 3705 792 3776 dicantur,
827 3703 1062 3763 videtur
1094 3700 1463 3780 probabilius
1495 3701 1569 3761 de
1612 3702 1704 3762 his
1737 3700 2001 3761 materiis
2029 3719 2135 3764 ex-

497 3795 723 3856 tensivo
758 3791 957 3867 modo,
993 3800 1054 3853 et
1083 3808 1151 3851 ex
1193 3790 1463 3871 professo
1492 3800 1805 3852 tractatum
1852 3789 2041 3850 fuisse
2073 3789 2135 3851 in

495 3883 755 3963 quodam
788 3900 857 3943 ex
887 3880 1160 3960 capitulis
1207 3880 1396 3941 sancti
1448 3880 1771 3943 Clementis
1826 3896 1957 3958 qum
1996 3898 2137 3941 casu

494 3972 824 4052 perierunt.
859 3970 1151 4031 Firmatur
1181 3971 1306 4031 haec
1360 3970 1703 4048 conjectura
1733 3967 2050 4029 ratiocinio
2079 3975 2140 4030 et

496 4080 615 4122 non
633 4060 911 4139 ambigua
929 4059 1260 4131 assertione
1293 4058 1706 4136 praedictorum
1730 4064 2092 4119 sanctorum.
2108 4080 2130 4113 ι

578 4153 713 4214 Non
745 4149 830 4209 sic
855 4148 1120 4229 profecto
1140 4147 1372 4209 locutus
1403 4149 1606 4208 fuisset
1637 4145 2007 4208 honorabilis
2030 4150 2140 4208 iste

486 4241 769 4320 scriptor,
806 4239 857 4298 si
887 4240 965 4299 ad
990 4255 1121 4297 eum
1160 4237 1528 4315 pervenisset
1552 4236 2144 4305 notitiainventinnis

2213 504 2600 583 archetypum
2625 504 2875 565 duarum
2900 502 3296 584 Epistolarum
3319 503 3395 564 ad
3423 503 3714 581 Virgines:
3737 522 3867 568 ver-

2213 592 2301 653 sio
2324 593 2545 673 quippe
2563 592 2801 671 Syriaca
2825 592 2990 672 plura
3024 592 3396 654 conservavit
3425 592 3700 655 vocabula
3725 612 3867 671 quae

2215 700 2380 743 mere
2398 680 2605 744 Graeca
2628 682 2820 761 sunt(i
2836 680 3183 761 ).Tempore
3196 700 3313 762 quo
3333 695 3576 743 sanctus
3593 682 3859 763 pontifex

2213 771 2476 852 scripsit,
2512 769 2676 831 nulla
2707 769 3095 850 probabiliter
3125 769 3418 834 existebat
3445 770 3639 833 adhuc
3662 790 3863 834 sacra—

2212 879 2346 922 rum
2378 859 2822 940 Scripturarum
2877 858 3069 920 versio
3121 858 3349 931 Latina,
3381 860 3588 923 saltem
3633 860 3860 923 athen—

2212 950 2355 1012 tica:
2392 956 2453 1010 et
2472 950 2613 1010 inde
2644 947 2862 1028 conjici
2885 956 3079 1028 potest
3101 966 3209 1009 cur
3228 949 3434 1011 Graece
3457 951 3649 1028 potius
3676 967 3858 1030 quam

2212 1039 2418 1102 Latine
2449 1048 2686 1100 sanctus
2716 1040 2996 1101 Clemens
3025 1056 3207 1118 opera
3227 1057 3334 1101 sua
3350 1039 3658 1117 scripserit
3681 1056 3694 1102 :
3719 1058 3858 1101 cum

2216 1130 2403 1205 enim,
2464 1135 2527 1189 ut
2575 1127 2921 1208 plurimum,
2988 1145 3057 1188 ex
3116 1128 3318 1189 verbis
3365 1129 3551 1190 sacris
3624 1145 3862 1190 sermo-

2214 1236 2351 1280 nem
2382 1236 2553 1279 sunm
2587 1216 2862 1298 texuerit,
2890 1216 3074 1279 multo
3100 1218 3474 1280 commodius
3495 1231 3556 1279 et
3585 1219 3863 1280 securius

2216 1307 2397 1369 citare
2418 1316 2649 1388 poterat
2672 1306 3117 1369 translationem
3142 1308 3410 1371 Graecam
3435 1326 3567 1389 quae
3585 1309 3641 1368 in
3674 1308 3864 1369 mani-

2216 1396 2327 1459 bus
2357 1398 2620 1458 omninm
2683 1403 2833 1471 erat,
2866 1415 3045 1473 quam
3106 1397 3437 1459 sententias
3472 1402 3526 1458 in
3591 1396 3860 1460 Latinam

2218 1496 2448 1549 vertere
2470 1484 3340 1566 linguam.Utiturergojugiter
3363 1487 3640 1548 versione
3658 1484 3864 1551 Graeca

2202 1574 2450 1642 Veteris
2479 1574 2868 1649 Testamenti,
2894 1575 3070 1637 etiam
3105 1576 3343 1657 quando
3358 1576 3432 1638 ab
3458 1575 3751 1638 Hebraica
3770 1575 3862 1637 le-

2211 1669 2408 1729 ctione
2423 1664 2849 1738 recedit.Quod
2876 1673 3038 1726 certe
3064 1683 3332 1745 magnam
3358 1666 3869 1743 denotatantiqui-

2212 1765 2390 1818 tatem
2424 1756 2666 1816 istarum
2698 1754 3122 1836 Epistolarum.
3158 1758 3527 1820 Vetustatem
3560 1757 3734 1817 etiam
3759 1772 3865 1817 ar-

2212 1844 2338 1926 guit
2363 1845 2625 1907 narratio
2650 1844 2894 1906 lotionis
2918 1847 3135 1923 pedum
3161 1864 3313 1926 quae,
3337 1844 3704 1927 temporibus
3730 1862 3870 1924 apo.

2215 1934 2508 2008 stolicis,a
2534 1943 2824 2013 provectae
2843 1934 3034 1996 aetatis
3054 1935 3405 1996 mulieribus
3419 1935 3611 1996 adhuc
3628 1949 3875 2014 perage-

2217 2024 2411 2104 batur,
2444 2032 2503 2085 et
2533 2041 2686 2104 quae,
2723 2022 2784 2085 ni
2815 2022 3008 2097 fallor,
3042 2023 3265 2105 ubique
3297 2027 3546 2087 cessavit
3578 2034 3706 2103 post
3737 2022 3875 2085 dies

2218 2112 2683 2193 apostolicorum
2723 2112 3008 2174 virorum.
3043 2111 3233 2175 Nemo
3262 2113 3468 2174 mirari
3500 2113 3680 2175 debet
3709 2111 3872 2193 quod

2219 2211 2458 2263 sanctus
2487 2199 2764 2263 Clemens
2796 2202 2966 2263 initio
2999 2210 3057 2264 et
3086 2203 3209 2265 ﬁne
3239 2202 3446 2264 harum
3473 2201 3869 2283 Epistolarum

2216 2298 2459 2354 vocetur
2484 2289 3025 2370 Discipulus’Petri
3049 2295 3472 2370 apostoli,cum
3499 2290 3692 2372 potius
3713 2290 3870 2353 beati

2218 2378 2385 2441 Pauli
2413 2379 2742 2459 discipulus
2771 2389 3083 2444 censeatur
3111 2403 3124 2443 :
3154 2379 3443 2460 Origenes
3470 2380 3653 2455 enim,
3676 2381 3871 2442 sancti

2193 2468 2548 2531 "Clementis
2578 2469 2734 2530 aetati
2766 2479 2882 2531 tam
2920 2468 3174 2545 vicinus,
3210 2468 3296 2531 sic
3326 2471 3454 2550 ipse
3504 2469 3760 2550 loquitur
3800 2470 3867 2530 in

2215 2557 2558 2621 Philocatia
2573 2560 2624 2619 7:
2648 2559 2929 2622 Clemens
2947 2558 3282 2633 Romanus,
3308 2559 3485 2622 Petri
3505 2559 3759 2640 apostoli
3774 2560 3870 2622 αι-

2209 2647 2574 2728 seipulus.Si
2596 2668 2712 2731 qua
2730 2656 3017 2729 praeterea
3039 2648 3556 2730 lidesquihusdam
3581 2648 3871 2730 Rewgni-

2216 2738 2449 2799 tionum
2475 2738 2553 2818 (Ξ)
2577 2737 3025 2801 narrationibus
3045 2737 3671 2819 concedatur,nullum
3692 2738 3876 2799 disci-

2222 2825 2423 2906 pulum
2454 2826 2545 2890 vel
2575 2827 2854 2889 comitem
2891 2828 3077 2906 magis
3101 2826 3406 2889 assiduum
3431 2845 3499 2888 ac
3525 2828 3870 2890 unanimem

2222 2914 2431 2976 habuit
2460 2914 2667 2977 beatus
2697 2917 2911 2979 Petrus
2940 2933 3119 2996 quam
3153 2924 3421 2977 sanctum
3472 2914 3869 2979 Clementem.

2224 3001 2372 3075 Quid
2397 3018 2593 3065 autem
2616 3003 3121 3085 incrcdibile,imo
3145 3004 3288 3086 quid
3311 3024 3427 3066 non
3450 3005 3706 3068 maxime
3726 3025 3873 3087 pro-

2226 3092 2422 3155 babile
2442 3094 2599 3175 quod
2618 3102 2855 3156 sanctus
2888 3094 3189 3168 Clemens,
3214 3093 3315 3175 qui
3340 3095 3646 3157 Romanus
3671 3104 3876 3158 eratet

2162 3154 2203 3213 α
2226 3154 2619 3263 Christianus,
2644 3154 2850 3247 suae
2877 3154 3081 3245 signa
3100 3154 3277 3245 pas
3302 3154 3872 3265 ausaausa;

2226 3290 2343 3352 que
2372 3272 2699 3353 discipulus
2727 3272 2907 3335 fuerit:
2925 3273 3024 3334 diu
3050 3282 3363 3354 antequam
3388 3282 3627 3334 sanctus
3651 3276 3871 3337 Paulus

2226 3362 2476 3424 Romam
2518 3360 2789 3426 veniret?

2308 3451 2545 3513 Certum
2579 3460 2669 3514 est
2703 3460 2972 3512 sanctum
3027 3450 3397 3513 Clementem
3429 3450 3633 3515 Romze
3661 3463 3866 3515 natum

2226 3539 2408 3603 Fuisse
2430 3550 2596 3622 patre
2628 3540 2860 3604 Fausto
2890 3557 3067 3621 quem
3099 3542 3577 3603 Faustinianum
3608 3542 3876 3623 plerique

2221 3632 2749 3704 nominant,matre
2768 3647 2905 3691 vero
2923 3629 3231 3693 Mathidia.
3256 3629 3306 3691 A
3328 3629 3669 3710 parentibus
3689 3632 3873 3694 Athe-

2221 3736 2348 3795 nas,
2381 3718 2483 3781 ubi
2514 3728 2655 3781 tunc
2688 3718 2946 3781 maxime
2975 3720 3267 3781 ﬂorebant
3287 3719 3595 3798 studia,ad
3626 3721 3871 3783 discen-

2217 3810 2352 3871 dam
2386 3808 2823 3891 pbilosophiam
2854 3807 3074 3871 missus
3107 3816 3197 3870 est
3237 3829 3252 3869 :
3288 3808 3573 3890 brevique
3600 3821 3872 3891 tempore

2219 3899 2487 3961 scientiae
2507 3899 2787 3979 princeps
2810 3897 2922 3959 fuit.
2941 3898 3489 3962 existimatustium
3511 3907 3707 3960 autem
3732 3900 3871 3981 opi-

2222 3987 2467 4050 nionum
2484 3989 2734 4050 varietas
2746 3985 3069 4067 ancipitem
3083 3987 3251 4048 illum
3268 3986 3535 4049 efﬁceret
3551 4006 3873 4067 quemnam

2224 4077 2576 4139 sententiam
2599 4076 3064 4157 amplecteretur
3080 4075 3155 4137 de
3173 4075 3626 4139 sublimioribus
3639 4078 3878 4157 religio-

2225 4167 2320 4227 nis
2340 4165 2786 4247 quaestionibus.
2811 4164 2873 4226 in
2902 4183 3113 4227 manus
3142 4165 3443 4246 Principis
3472 4167 3877 4245 apostolorum

2227 4255 2512 4319 incidisse
2533 4256 2807 4336 fertur,et
2826 4253 2899 4317 ab
2920 4255 3051 4335 ipso
3078 4255 3139 4316 in
3164 4254 3444 4317 comitem
3468 4255 3753 4319 itinerum
3775 4274 3880 4317 as-

495 4319 893 4408 Epistolarum
945 4345 1090 4407 quas
1141 4326 1429 4387 denuoin
1477 4327 1668 4388 lucem
1720 4324 1979 4405 edimus,
2012 4331 2136 4406 post

2227 4353 2521 4425 sumptus,
2550 4344 2637 4405 sic
2659 4319 2769 4405 sub
2802 4343 2901 4405 tali
2936 4319 3215 4421 magistro
3247 4344 3526 4424 profecit,
3550 4353 3635 4425 ut,
3666 4345 3882 4409 eodem

492 4416 859 4481 Wetstinum
888 4426 945 4476 et
970 4415 1039 4477 D.
1067 4417 1140 4476 de
1162 4414 1513 4495 Prémagny.
1541 4420 1977 4495 l’rzeterea,non
2008 4421 2144 4478 tan:

491 4518 615 4569 tum
639 4504 900 4585 capitula
913 4505 1180 4585 quaedam
1204 4504 1471 4565 indicant
1488 4504 1679 4565 Sancti
1703 4503 2147 4585 Epiphaniuaet

489 4594 1018 4675 Hieronymus,sed
1041 4593 1964 4673 Epistolasintegras.Veniamus
1986 4612 2144 4655 nunc

490 4687 563 4747 ad
592 4684 976 4766 probationes
995 4682 1373 4745 intrinsecas.
1387 4682 1584 4744 Prima
1595 4683 1822 4744 eruitur
1841 4700 1910 4746 ex
1939 4683 2141 4762 lingua

495 4771 1174 4854 primigenia.Quamvis
1188 4779 1436 4832 sanctus
1451 4772 1729 4835 Clemens
1745 4781 1901 4835 esset
1929 4771 2142 4833 Roma-

498 4882 634 4934 nus,
668 4862 829 4924 nulla
854 4869 1258 4923 memorantur
1282 4861 1468 4939 ipsius
1512 4861 1737 4935 scripta
1766 4879 1896 4941 quia
1935 4861 2141 4923 Latino

493 4969 772 5015 sermone
796 4950 1176 5029 evulgaverit.
1196 4949 1399 5013 Graece
1423 4950 1662 5029 scripsit
1683 4950 1888 5011 ambas
1909 4949 2143 5030 Episto-

2221 4433 2943 4516 jubente,praedicationis
2966 4452 3184 4497 munus
3206 4453 3633 4515 nonnunquam
3659 4434 3884 4516 imple-

2230 4535 2345 4588 ret.
2371 4526 2651 4603 Magnum
2684 4522 2904 4584 deinde
2923 4521 3173 4585 Paulum
3205 4523 3451 4602 audivit,
3483 4523 3889 4604 eumdemque

2225 4612 2569 4695 aliquandiu
2594 4612 2908 4674 comitatus
2932 4621 3064 4676 est:
3097 4613 3291 4675 caiisa
3320 4631 3386 4674 se
3410 4612 3700 4692 probavit,
3728 4623 3789 4674 ut
3811 4614 3889 4676 ab

2226 4704 2353 4784 ipso
2376 4704 2531 4764 inter
2553 4701 2885 4783 praecipuos
2911 4710 2969 4763 et
2991 4703 3398 4764 sanctissimos
3423 4703 3725 4781 Evangelii
3745 4703 3882 4765 col-

2225 4792 2591 4855 laboratores
2622 4790 2804 4853 fuerit
2834 4803 3181 4854 numeratus
3200 4793 3254 4855 8.
3280 4794 3301 4851 Ι
3313 4810 3430 4867 mo,
3478 4792 3708 4871 probati
3730 4793 3886 4856 scri—

2225 4890 2448 4962 ptores,
2476 4888 2542 4942 ut
2562 4890 2803 4942 sanctus
2826 4880 3242 4961 Hieronymus,
3268 4880 3659 4961 probabiliter
3681 4888 3892 4963 putant

2224 4979 2429 5036 sancto
2442 4970 2620 5032 Paulo
2634 4982 2902 5032 sanctum
2919 4969 3287 5033 Clementem
3317 4969 3507 5032 fuisse
3545 4970 3877 5032 adhibitum

565 5122 599 5173 ὃ
626 5120 841 5203 Epiph.
869 5126 1087 5189 contra
1106 5118 1450 5192 Ebionitas,
1488 5119 1701 5183 haeres.
1729 5115 1829 5194 30,
1864 5137 1923 5179 n.
1964 5119 2057 5183 t5.
2142 5118 2172 5167 7
2202 5115 2433 5179 Philoc.
2467 5134 2522 5178 c.
2550 5111 2655 5178 23.
2739 5112 2773 5165 8
2800 5110 3058 5194 Philipp.
3105 5129 3184 5188 tv,
3216 5116 3276 5178 3.

579 5284 954 5367 (“Exemplo
975 5282 1095 5367 sint
1113 5282 1242 5367 ista;
1260 5296 1457 5343 voces:
1488 5277 2135 5367 uolturistiamsotia,

497 5357 831 5446 kiiid'ymos,
850 5357 1084 5446 praxis,
1109 5361 1383 5446 schema,
1400 5361 1587 5446 tomis,
1616 5357 1917 5446 diathelte,
1949 5374 2135 5446 agon,

505 5438 834 5518 autoiexei,
850 5438 1299 5523 'philadelphia,
1318 5438 1703 5523 philoxem'a,
1730 5438 2145 5520 philargyria,

496 5522 937 5607 philoproteiq,
975 5522 1393 5607 parciteistai,
1426 5528 1544 5607 etc._

2220 5274 2510 5355 Clementi
2565 5273 2872 5355 tribuitur,
2903 5274 3033 5355 fuse
3079 5280 3280 5355 narrat
3299 5271 3672 5355 _relatione_s
3702 5271 3892 5355 sancti

2222 5354 2548 5419 Clementis
2582 5372 2717 5417 cum
2749 5348 2957 5417 sancto
2976 5350 3178 5418 Petro.
3209 5354 3262 5417 A
3289 5348 3494 5421 Grmco
3525 5352 3587 5414 in
3610 5348 3889 5415 Latinum

2230 5454 2467 5499 versum
2497 5440 2592 5499 est
2618 5453 2653 5496 a
2678 5435 2918 5499 Ruﬁno.
2950 5432 3176 5498 Omnes
3203 5431 3567 5497 conﬁtentur
3588 5430 3663 5495 ab
3690 5431 3892 5495 hatre-

2233 5515 2366 5579 ticis
2415 5521 2760 5596 corruptum
2804 5514 2997 5596 fuisse
3062 5513 3283 5576 librum
3346 5514 3504 5576 hunc
3564 5511 3893 5589 ceteroqui

589 5595 850 5686 (2)'0pus
870 5595 1552 5682 Recogniltonum'quod
1576 5596 1649 5660 ab
1668 5597 1930 5675 antiquis
1946 5604 2151 5659 sancto
2235 5596 2493 5662 sublime
2525 5595 2902 5677 philosophia
2931 5595 3195 5676 plenum.
