4108 6352
225 389 352 456 3,9
387 407 390 412 .

1156 387 1542 450 EPISTOLIE
1570 386 1672 448 AD
1701 385 1782 448 VI
1793 385 2092 463 RGINES.
2124 415 2204 425 —
2233 380 2626 445 PRO€EMIA.

3481 382 3605 450 370

222 532 287 585 ut
317 533 531 588 auctor
557 525 802 600 Dialogi
832 519 1189 601 Philopatris
1227 520 1325 599 qui
1348 517 1457 580 sub
1486 516 1728 598 Trajani
1758 519 1872 580 im-
1895 527 1926 576 Α
1953 517 2197 596 scipulis
2219 515 2344 578 suis
2374 523 2560 576 uteos
2592 514 2706 596 ipsi
2729 514 3080 596 abjicerent,
3133 519 3374 598 quando
3405 517 3597 589 dixit:
3652 554 3656 558 ·

228 615 402 694 perio
432 614 689 693 scripsit,
727 613 836 673 hac
861 612 983 690 ipsa
1017 610 1247 671 ratione
1294 608 1662 672 Christianos
1712 608 1876 671 deri-

223 705 393 778 deat,
425 715 484 767 et
513 703 746 766 cuidam
774 702 1104 764 ﬁdelidicat
1129 721 1148 760 :
1187 699 1341 761 Jura
1370 699 1522 760 mihi
1551 716 1656 778 per
1683 698 1878 760 Deum

219 795 383 873 cali,
418 803 478 855 et
506 811 853 872 supremum
881 792 1228 856 Dominum.
1254 806 1364 869 per
1396 787 1620 849 Filium
1651 789 1872 861 Patris,

221 903 346 962 per
375 884 689 963 Spiritum
732 885 834 964 qui
859 899 896 944 α
921 881 1110 943 Patre
1136 879 1430 960 procedit,
1463 877 1654 939 Deum
1685 896 1876 940 unum

221 976 292 1036 in
323 973 544 1054 tribus,
567 981 623 1036 et
647 975 879 1036 trinum
911 976 975 1033 in
1003 989 1147 1034 uno.

306 1065 634 1128 Abstinere
665 1063 975 1125 debuisset
999 1062 1074 1124 ab
1107 1062 1267 1122 omni
1292 1058 1673 1122 contentione
1695 1060 1743 1121 D
1802 1057 1877 1119 de

230 1159 564 1234 Premagny
593 1153 906 1216 occasione
925 1151 1170 1214 alterius
1192 1158 1380 1212 textus
1403 1167 1577 1229 quem
1603 1147 1875 1226 deprom-

230 1253 433 1327 pserat
473 1252 712 1305 sanctus
743 1243 994 1305 Basilius
1043 1240 1118 1303 ab
1146 1239 1259 1302 alio
1315 1239 1501 1300 sancti
1553 1236 1877 1327 Clementis

227 1326 417 1416 epere
440 1334 596 1412 quod
625 1333 821 1415 periit.
857 1331 943 1393 En
969 1330 1072 1393 ille
1095 1339 1288 1392 textus
1311 1350 1323 1391 :
1348 1329 1627 1388 Clemens
1656 1326 1876 1390 Roma-

1965 606 2267 668 Dwmones
2287 606 2488 682 ejicite
2517 601 2592 668 97.
2653 603 2804 677 Quid
2850 605 3065 668 mirum
3114 608 3293 687 igitur
3314 613 3366 674 si
3395 617 3604 673 auctor

1962 695 2360 776 Epistolarum
2389 694 2622 774 regulas
2654 702 2867 756 statuat
2916 715 3061 775 quas
3113 701 3286 781 sequi
3342 699 3604 765 debeant

1961 783 2455 857 exorcistze?Quid
2475 803 2652 866 porro
2675 785 2804 846 ista:
2821 784 3095 848 redolent
3111 789 3223 851 nisi
3243 793 3602 864 castitatem,

1963 875 2510 949 mortiﬁcationem,
2543 873 2946 937 humilitatem
2977 878 3005 934 ?
3063 878 3293 943 Iudicat
3323 882 3468 964 quid
3524 881 3605 945 sit

1959 965 2254 1045 agendum
2283 975 2343 1025 ut
2371 964 2616 1045 spiritus
2647 964 2939 1043 malignus
2970 965 3298 1032 efﬁcaciter
3337 971 3602 1051 expella-

1961 1065 2058 1115 tur
2092 1072 2107 1127 ;
2142 1054 2245 1116 sed
2280 1071 2400 1116 non
2429 1053 2562 1116 ideo
2590 1054 2816 1116 fraudis
2847 1055 3153 1119 insimulat
3184 1077 3289 1122 eos
3317 1061 3418 1142 qui
3449 1060 3604 1122 hanc

1961 1141 2333 1204 exorcizandi
2365 1142 2659 1204 rationem
2690 1162 2808 1204 non
2831 1141 3385 1231 adhibuerinthse
3406 1148 3602 1214 Chris-

1963 1243 2054 1294 tus
2077 1232 2278 1294 docuit
2299 1231 2626 1312 discipulos
2645 1250 2785 1296 suos
2808 1233 3163 1314 quibusnam
3185 1238 3369 1300 armis
3393 1236 3604 1301 muniti

1966 1342 2175 1404 pravos
2197 1320 2446 1401 spiritus
2475 1320 2780 1384 debellare
2811 1322 3234 1401 deberent;sed
3251 1327 3475 1392 fraudis
3504 1335 3606 1390 aut

226 1412 348 1488 niis
400 1412 716 1504 antiquim-
770 1424 931 1504 dicit
959 1439 972 1483 :
1023 1420 1175 1482 Vivit
1231 1421 1421 1490 Deus,
1475 1425 1534 1504 et
1583 1418 1878 1504 Dominus
1967 1412 2258 1475 mendacii
2288 1429 2425 1473 reos
2468 1430 2600 1473 esse
2636 1415 3211 1504 non-pronuntiavit
3259 1415 3500 1495 quando
3545 1417 3604 1480 ei

225 1509 410 1568 lesus
475 1495 778 1578 Cliristus,
810 1511 865 1565 et
889 1502 1164 1582 Spiritus
1221 1506 1464 1562 sanctus
1481 1497 1553 1556 2⁸.
1613 1495 1879 1586 Credidit
1966 1511 2370 1564 narraruntse
2404 1508 2601 1580 optato
2629 1501 2894 1564 caruisse
2931 1504 3164 1568 eﬁ‘ectu.
3203 1507 3355 1569 Rem
3387 1507 3474 1568 sic
3504 1525 3604 1568 ex—
3695 1580 3702 1586 ,

226 1605 470 1657 sanctus
500 1595 752 1658 Basilius
781 1594 904 1655 haec
935 1591 1123 1653 sancti
1155 1587 1479 1652 Clementis
1509 1584 1687 1648 verba
1745 1585 1876 1646 suf-

227 1687 415 1747 ﬁcere
439 1697 500 1748 ut
563 1683 928 1745 stabiliretur
957 1676 1534 1742 consubstantialitas
1571 1674 1752 1736 Verbi
1779 1674 1875 1736 di-

227 1775 376 1846 vini,
430 1774 759 1850 Arianique
808 1771 1250 1833 refellerentur.
1298 1766 1421 1830 Hoc
1473 1784 1589 1825 non
1621 1763 1877 1826 admittit

1965 1593 2130 1674 ponit
2160 1590 2562 1668 Evangelista:
2598 1590 2764 1654 Tunc
2793 1592 3085 1674 discipuli
3115 1603 3504 1659 accesserunt
3521 1596 3605 1659 ad

1957 1683 2164 1745 Jesum
2195 1689 2435 1750 secreto.
2462 1688 2517 1743 et
2547 1680 3076 1758 dixeruntzQuare
3097 1702 3208 1748 nos
3237 1703 3362 1748 non
3390 1687 3602 1766 potui-

1962 1789 2092 1833 mus
2123 1769 2737 1844 eiicereillum?0ixit
2757 1770 2884 1832 illis
2905 1770 3101 1834 Jestts:
3133 1775 3388 1855 Propter
3405 1775 3604 1838 incre-

229 1867 296 1928 D.
344 1865 419 1926 de
444 1863 794 1944 Premagny.
822 1860 965 1933 Quis
1003 1877 1137 1920 vero
1189 1855 1437 1918 hairebit
1495 1853 1652 1915 inter
1705 1851 1872 1914 alﬁr-
1898 1862 2279 1931 Bdulita/em
2302 1851 3606 1942 vestram.Amen,quippe,dicouobis,siha-

227 1954 450 2016 mantis
485 1963 544 2016 et
575 1953 837 2032 negantis
867 1950 1278 2013 auctoritatem
1311 1952 1339 2008 ?

310 2041 383 2106 Χ.
415 2044 593 2120 {Egre
645 2042 714 2104 D.
775 2041 850 2102 de
899 2039 1222 2117 Premagny
1283 2035 1516 2096 videtur
1569 2033 1873 2110 suscipere

225 2134 412 2196 verba
443 2133 660 2215 quibus
697 2130 1086 2211 Epistolarum
1111 2134 1318 2188 auctor
1349 2124 1556 2186 incitat
1579 2122 1653 2215 a_d
1673 2121 1870 2215 imita-

1957 1949 2211 2014 bueritis
2230 1950 2417 2029 ﬁdem
2444 1952 2600 2012 sicut
2619 1967 2888 2029 granum
2905 1952 3380 2033 sinapis,dicetis
3405 1955 3606 2018 monti

1955 2041 2135 2103 huic:
2181 2041 2400 2101 Transi
2420 2039 2562 2101 hinc
2591 2039 2737 2102 illuc
2758 2047 2814 2102 et
2846 2042 3155 2123 transibit,
3183 2050 3237 2104 et
3261 2042 3422 2105 nihil
3479 2044 3602 2106 im-

1953 2129 2238 2207 possibile
2265 2132 2379 2191 erit
2409 2129 2593 2192 vobis.
2624 2129 2752 2192 Hoc
2774 2136 2974 2192 autem
2996 2149 3185 2208 genus
3211 2148 3336 2193 non
3359 2133 3604 2211 ejieitur

227 2211 477 2286 tionem
512 2222 688 2283 trium
743 2220 1078 2282 divinarum
1131 2232 1544 2296 personarum.
1606 2211 1866 2275 Remitto
1952 2221 2076 2282 nisi
2101 2238 2207 2300 per
2235 2221 2570 2282 οναιίοηετη
2596 2227 2649 2280 ει
2666 2222 2971 2298 jejunium
2999 2219 3071 2278 28,

226 2315 343 2375 hac
376 2314 453 2374 de
482 2331 547 2374 re
579 2313 862 2374 lectorem
895 2309 966 2370 ad
1002 2327 1072 2370 ea
1101 2324 1233 2387 quae
1253 2303 1483 2383 subjeci
1516 2302 1576 2364 in
1616 2301 1870 2364 adnota-

224 2403 394 2465 tione
427 2401 541 2464 loci
572 2401 770 2478 hujus.

309 2491 409 2557 XI.
443 2491 624 2554 Juxta
651 2490 1056 2554 adnotatorem
1106 2485 1352 2548 multum
1383 2491 1546 2545 nutat
1576 2481 1874 2564 Epistola-

233 2600 372 2644 rum
411 2589 745 2644 nostrarum
769 2579 1085 2641 auctoritas
1137 2596 1207 2637 ex
1255 2573 1462 2635 fraude
1494 2580 1554 2634 et
1581 2569 1879 2652 hypocrisi

2035 2307 2284 2372 Cessent
2307 2327 2447 2388 ergo
2475 2307 2812 2390 philosophi
2837 2308 3012 2389 hujus
3043 2311 3245 2373 saeculi
3277 2311 3338 2372 in
3380 2312 3601 2374 sanctis

1956 2397 2232 2459 Patrihus
2264 2399 2598 2479 vituperare
2625 2416 2754 2478 qua
2787 2397 2848 2459 in
2899 2397 3134 2461 Christo
3177 2400 3442 2463 revereri
3489 2399 3602 2464 de-

1962 2488 2122 2558 bent,
2160 2487 2276 2549 nisi
2297 2486 2449 2550 forte
2471 2487 2701 2550 Christo
2734 2489 3228 2551 renuntiaverint.

2043 2575 2157 2639 Sed
2192 2595 2288 2638 res
2317 2584 2516 2638 notatu
2547 2577 2901 2654 dignissima
2930 2585 3043 2658 est,
3071 2580 3392 2661 plerosque
3413 2579 3604 2644 haere-

231 2691 374 2750 qua:
401 2671 838 2750 exprobrantur
883 2664 1238 2747 Quibusdam
1293 2660 1706 2724 directoribus.
1744 2659 1878 2722 Non
1965 2669 2110 2730 ticos
2137 2679 2197 2729 et
2220 2667 2629 2748 philosophos,
2661 2667 2734 2729 ad
2752 2667 2940 2730 solam
2975 2659 3604 2736 commemorationem

225 2763 457 2841 major,
482 2763 582 2833 ait,
606 2759 969 2824 declamatio
992 2763 1122 2818 erat
1152 2764 1416 2832 tempore
1441 2751 1872 2832 Chrysostomi.

226 2853 352 2913 Sed
387 2851 438 2912 si
482 2851 623 2912 inde
652 2867 876 2929 auceps
905 2854 1058 2908 esset
1092 2843 1495 2924 Epistolarum
1529 2841 1874 2914 auctoritas,

228 2949 592 3020 sequeretur
611 2939 824 3000 dubias
841 2955 1077 3019 quoque
1085 2934 1344 3016 judicari
1369 2949 1541 3013 posse
1567 2931 1875 3010 plerasque

1965 2760 2300 2819 daemonum
2333 2765 2392 2817 et
2443 2760 2908 2820 exorcismorum
2942 2759 3380 2823 excandescere
3413 2767 3471 2823 et
3501 2779 3604 2824 ex-

1962 2849 2172 2928 agitari
2196 2846 2362 2930 quasi
2395 2847 2510 2926 ipsi
2544 2865 2577 2909 a
2621 2846 2995 2912 damonibus
3022 2848 3464 2912 obsiderentur.

2038 2939 2171 3002 XII.
2227 2937 2548 3000 Auctorem
2599 2936 2995 3017 Epistolarum
3047 2941 3239 3017 arguit
3295 2939 3608 3004 adnotator

225 3031 422 3092 sancti
485 3029 646 3092 Pauli
681 3028 969 3108 Epistolas
1006 3045 1018 3088 :
1075 3027 1134 3086 in
1168 3024 1261 3086 his
1295 3023 1450 3084 enim
1487 3021 1880 3083 vehementer
1959 3029 2128 3108 quasi
2161 3035 2526 3090 narratorem
2559 3045 2764 3108 parum
2799 3046 3070 3090 veracem
3103 3047 3308 3094 eorum
3368 3048 3504 3108 quae
3529 3030 3607 3096 ad

226 3119 534 3182 invehitur
556 3135 658 3179 vas
681 3117 992 3180 electionis
1026 3125 1228 3177 contra
1283 3110 1872 3194 pseudo-apostolos.

1963 3118 2276 3179 Dominum
2304 3126 2572 3178 nostrum
2601 3116 2998 3196 pertinebant.
3025 3144 3050 3175 ι
3076 3119 3601 3198 Clemens,inquit,

227 3211 368 3301 Nos
389 3227 528 3301 vero
556 3210 662 3301 qui
690 3219 963 3301 tenemus
985 3205 1062 3268 ab
1093 3204 1260 3301 initio
1287 3202 1636 3264 mendacem
1659 3220 1728 3301 at:
1760 3202 1874 3301 lio—
1894 3252 1934 3301 ε
1960 3227 2078 3270 non
2109 3215 2198 3270 est
2227 3206 2479 3301 diligens
2509 3207 2728 3268 relator
2773 3207 3057 3270 itinerum
3091 3208 3333 3272 Christi.
3365 3208 3606 3292 Absque

227 3297 513 3359 micitlam
547 3298 726 3360 fuisse
763 3296 1120 3367 daemonem,
1158 3294 1382 3354 scimus
1407 3309 1641 3372 quoque
1673 3289 1746 3350 ab
1777 3291 1875 3352 in-
1896 3289 1934 3301 ν
1961 3298 2139 3360 dubio
2164 3295 2350 3376 enim,
2375 3296 2576 3378 plures
2610 3297 2902 3360 comitata:
2930 3307 3067 3360 sunt
3108 3317 3245 3360 eum
3296 3289 3603 3378 mulieres,

223 3385 549 3448 cunabulis
600 3385 883 3447 Ecclesia:
916 3386 1052 3446 huic
1094 3391 1306 3464 praasto
1339 3382 1524 3442 fuisse
1573 3380 1878 3442 ministros
1963 3387 2134 3468 paulo
2175 3394 2312 3447 ante
2342 3403 2521 3467 quam
2553 3386 2730 3447 vitam
2763 3396 3231 3451 consummaret.
3260 3389 3392 3450 Non
3416 3381 3605 3451 semel

223 3495 484 3553 quorum
513 3475 786 3537 versutia:
806 3475 968 3535 omni
1005 3483 1272 3553 tempore
1327 3471 1602 3532 revelatte
1635 3482 1772 3531 sunt
1822 3478 1879 3531 et
1961 3476 2289 3556 hospitales
2310 3484 2402 3536 est
2430 3494 2498 3537 ac
2531 3476 2906 3538 manducavit
2956 3479 3021 3538 in
3067 3477 3247 3540 domo
3301 3474 3500 3550 Maria)
3549 3486 3606 3540 et

225 3566 469 3627 fortiter
489 3568 768 3647 explosre.
799 3567 932 3628 Non
955 3563 1394 3626 defuitSatanai
1413 3563 1789 3642 suppositum
1817 3561 1875 3621 in
1961 3567 2199 3627 Marthae
2233 3585 2248 3646 ;
2285 3583 2398 3626 nec
2427 3567 2614 3627 semel
2647 3567 2930 3630 mulieres
2957 3567 3296 3630 eﬁuderunt
3327 3584 3605 3647 unguen-

223 3657 362 3734 ipsa
393 3655 608 3719 Christi
640 3656 924 3717 societate
953 3677 966 3722 ;
1002 3671 1112 3717 nec
1143 3663 1338 3714 tamen
1369 3651 1777 3713 testimonium
1800 3649 1876 3712 de
1961 3665 2084 3716 tum
2115 3651 2297 3736 super
2319 3664 2494 3735 caput
2518 3665 2577 3718 et
2607 3657 2789 3736 pedes
2816 3656 2998 3738 illius,
3029 3683 3051 3716 ι)
3083 3666 3198 3720 etc.

222 3743 389 3806 illius
425 3745 670 3825 perﬁdia
691 3744 764 3806 ab
794 3744 1171 3822 evangelistis
1197 3746 1546 3820 praestitum,
1571 3741 1877 3803 inﬁrmare
2041 3745 2252 3808 Nullus
2282 3754 2372 3806 est
2402 3745 2462 3806 in
2500 3764 2825 3827 pauperum
2881 3745 3106 3808 scholis
3168 3747 3456 3827 puerulus
3507 3755 3607 3810 aut

225 3854 489 3914 unquam
520 3835 737 3914 protnit
767 3845 907 3896 cane
924 3853 990 3896 ra
1011 3851 1142 3915 quae
1173 3831 1568 3910 scripserunt.
1965 3834 2228 3915 puellula
2257 3853 2389 3914 quae
2429 3835 2700 3897 eamdem
2729 3854 2797 3896 ac
2855 3835 3244 3918 philosophus
3274 3835 3605 3899 Rothoma-

307 3921 639 3987 Occasione
662 3924 1107 4005 possessionum
1131 3932 1188 3983 et
1231 3922 1718 4000 exorcismorum,
1774 3921 1870 3982 in-
1961 3924 2162 4005 gensis
2191 3924 2586 3986 eruditionem
2620 3922 2718 3986 hic
2770 3925 3106 4005 producere
3137 3944 3256 3987 non
3296 3925 3603 3994 valuisset.

225 4017 346 4076 fert
373 4015 691 4076 adnotator
711 4016 770 4075 in
791 4015 907 4076 illis
931 4014 1158 4076 abditas
1184 4013 1366 4075 fuisse
1394 4031 1586 4074 meras
1609 4011 1866 4083 fraudes,
1958 4014 2238 4095 Nunquid
2259 4020 2573 4095 propterea
2604 4014 2730 4075 ausi
2762 4014 3248 4078 fuissentdocere
3271 4023 3370 4077 aut
3390 4032 3604 4098 repre-

221 4105 301 4166 ab
332 4104 491 4166 Asiae
528 4104 754 4168 Judaiis
784 4105 1095 4166 derivatas.
1133 4103 1275 4165 Inde
1311 4105 1369 4165 in
1442 4120 1715 4183 campum
1775 4102 1871 4163 di-
1958 4106 2225 4167 hendere
2251 4105 2445 4164 virum
2481 4103 2899 4185 apostolicum,
2930 4123 3229 4168 summum
3257 4106 3600 4186 pontiﬁcem

228 4195 406 4255 vertit
439 4194 808 4255 morborum‘
841 4191 1170 4274 prasertim
1204 4211 1409 4254 eorum
1470 4191 1569 4272 qui
1620 4191 1870 4252 convul—
1955 4203 2016 4268 et
2039 4204 2352 4276 martyrem
2382 4200 2410 4257 ?
2440 4192 2512 4256 Ut
2539 4202 2733 4256 autem
2768 4195 3232 4258 reclamationes
3265 4196 3494 4258 domini
3525 4195 3602 4259 de

223 4286 432 4345 siones
456 4284 709 4364 pariunt,
745 4283 961 4363 quibus
1009 4282 1216 4344 ﬁdeles
1247 4282 1485 4343 delusos
1540 4282 1723 4344 fuisse
1771 4300 1870 4343 as-
1958 4286 2286 4365 Premagny
2320 4284 2576 4364 alicujus
2604 4283 2886 4366 ponderis
2917 4293 3139 4366 essent,
3171 4285 3480 4350 debuisset
3509 4285 3606 4348 ci-

221 4374 397 4453 serit,
422 4373 590 4453 quasi
613 4375 904 4434 damonis
933 4372 1315 4451 operationes
1353 4371 1411 4432 in
1444 4371 1535 4433 his
1567 4371 1870 4450 ﬁngeren-

222 4473 344 4525 tur.
383 4465 516 4524 Post
554 4463 708 4524 hanc
737 4461 1161 4540 irruptionem,
1191 4461 1581 4542 philosophus
1635 4462 1868 4524 Bothe-

225 4553 528 4630 magensls
552 4552 680 4613 ait:
732 4575 755 4607 ι
815 4549 942 4622 Quo
995 4550 1187 4631 major
1237 4550 1555 4630 antiquitas
1583 4549 1872 4612 ambabus

221 4619 448 4708 nostris
476 4645 759 4728 Episiolis
789 4619 1052 4717 dabitur,
1085 4619 1157 4707 eo
1192 4619 1434 4725 propius
1474 4644 1543 4705 ad
1580 4643 1868 4724 originem
1895 4619 1936 4669 ί)

219 4734 698 4799 Christianorum
761 4733 975 4796 abusus
1029 4733 1446 4795 adducentur:
1535 4733 1690 4813 quod
1781 4739 1871 4793 est

218 4822 668 4886 incommodum
698 4833 756 4886 et
783 4823 1018 4885 creditu
1049 4822 1316 4886 difﬁcile.

301 4913 380 4976 Ai
403 4912 551 4974 mihi
571 4913 938 4994 respondere
961 4913 1472 4992 permittaturzcur
1491 4920 1675 4972 mutat
1688 4910 1866 4972 adno-

219 5011 382 5065 tatur
412 5011 680 5064 naturam
715 5021 914 5063 rerum
948 5003 1024 5062 de
1055 5001 1271 5082 quibus
1324 5001 1554 5066 locutus
1587 5010 1674 5062 est
1724 5001 1869 5079 Epi-

219 5092 510 5155 stolarum
538 5099 744 5153 auctor
770 5091 795 5153 ?
826 5094 918 5155 Ne
945 5109 1128 5152 unum
1175 5089 1416 5170 quidem
1465 5090 1709 5152 verbum
1768 5091 1870 5151 ille

223 5181 476 5264 protulit
500 5181 574 5242 de
605 5181 916 5243 fraudibus
935 5191 1034 5242 aut
1065 5181 1139 5242 de
1173 5179 1322 5241 ﬁctis
1379 5181 1626 5260 morbis,
1664 5190 1763 5242 aut
1793 5181 1870 5242 de

216 5273 714 5336 convulsionihus
745 5271 987 5332 diabolo
1012 5268 1335 5333 attributis.
1387 5270 1542 5348 Ergo
1571 5271 1628 5330 in
1666 5286 1865 5332 aerem

223 5363 462 5425 locutus
478 5360 657 5423 estD.
684 5360 758 5422 de
787 5359 1136 5440 Premagny,
1171 5359 1426 5440 ejusque
1457 5377 1637 5440 opera
1669 5360 1863 5439 periit.

220 5451 578 5515 Certissima
605 5450 874 5513 Christus
924 5449 1108 5530 (velit,
1143 5449 1293 5510 nolit
1346 5449 1589 5512 criticus
1644 5451 1870 5524 noster)

217 5540 443 5621 abiecit
463 5557 589 5620 ipse
611 5539 1344 5620 damones,prtecepitque
1369 5541 1655 5620 apostolis
1683 5556 1752 5600 ac
1774 5537 1862 5600 di-

1959 4386 2082 4438 tare
2107 4373 2376 4455 quzedam
2395 4374 2584 4436 sancti
2609 4374 2933 4437 Clementis
2954 4374 3131 4437 verba
3182 4394 3313 4456 quae
3351 4377 3475 4439 suis
3501 4395 3604 4440 re-

1957 4463 2412 4528 clamationibus
2447 4464 2821 4525 occasionem
2850 4482 3076 4546 aequam
3111 4464 3418 4528 dedissent
3453 4467 3603 4543 ;sed

1957 4555 2118 4617 nulla
2151 4571 2394 4635 prorsus
2429 4553 2724 4634 ejusmodi
2771 4554 2948 4617 verba
3010 4553 3294 4619 existunt.
3356 4555 3605 4620 Dicetur

1956 4644 2105 4705 forte
2157 4661 2276 4704 non
2338 4660 2566 4718 verum,
2644 4642 2749 4705 sed
2811 4643 3442 4724 pseudo-Clementem
3503 4644 3602 4708 hic

1955 4732 2163 4813 impeti
2197 4749 2212 4794 ε
2243 4729 2470 4792 admitti
2499 4736 2696 4808 potest
2725 4730 3025 4811 ejusmodi
3074 4734 3390 4802 excusatio,
3455 4733 3602 4815 quin

1953 4821 2299 4884 admittatur
2332 4821 2673 4901 hypothesis
2703 4823 2955 4900 gratuita
3005 4840 3184 4905 quam
3243 4832 3440 4885 textus
3495 4840 3602 4884 se-

1953 4910 2092 4974 dulo
2117 4910 2486 4972 examinatus
2518 4909 2764 4992 respuit.

2033 4999 2200 5074 Quod
2231 5007 2429 5061 autem
2463 4999 2779 5061 adnotator
2799 5007 2917 5060 tam
2941 5017 3155 5063 serena
3171 4999 3366 5063 fronte
3385 5001 3600 5064 asserit

1953 5090 2256 5155 Christum
2291 5107 2409 5150 non
2443 5088 2627 5150 semel
2660 5088 3023 5168 hospitalem
3057 5089 3240 5152 fuisse
3298 5091 3358 5152 in
3418 5090 3598 5154 domo

1950 5180 2195 5243 Marthae
2224 5187 2283 5239 et
2308 5178 2530 5252 Mariae,
2557 5195 2765 5240 verum
2800 5185 2889 5240 est
2907 5177 3155 5262 quidem
3199 5182 3278 5244 de
3311 5181 3599 5262 prandiis;

1951 5271 2054 5332 sed
2089 5266 2714 5332 facillimecontradici
2750 5260 2945 5346 potest
2969 5269 3163 5350 quoad
3199 5260 3596 5351 pernoctatio-

1952 5379 2112 5422 nem:
2140 5367 2370 5420 veteres
2401 5356 2562 5419 enim
2600 5355 2900 5420 tradidere
2957 5359 3257 5424 Christum
3307 5361 3600 5426 secedere

1952 5458 2320 5535 consuetum,
2337 5445 2398 5508 in
2415 5456 2682 5535 montem
2701 5454 2760 5508 et
2789 5446 3176 5513 solitudinem
3201 5451 3437 5535 quando
3458 5470 3600 5534 apo.

1951 5538 2088 5602 stoli
2112 5535 2226 5619 ipsi
2255 5534 2328 5598 ad
2362 5534 2620 5617 quietem
2655 5536 3008 5601 sumendam
3041 5534 3260 5605 lectum
3294 5539 3599 5624 petebant.

301 5709 369 5761 κ
403 5712 534 5773 Bas.
572 5711 660 5774 De
680 5710 900 5792 Spirit.
930 5710 1027 5786 S.,
1063 5729 1117 5774 c.
1153 5711 1250 5775 29.
1342 5709 1398 5760 ’7
1440 5709 1646 5774 Matth.
1683 5726 1745 5785 Χ,
1781 5710 1839 5773 8.

1967 5707 2216 5786 BMatth.
2251 5722 2392 5786 avri,
2434 5703 2502 5771 18
2535 5712 2596 5768 et
2618 5722 2748 5785 seq.
