4108 6352
450 386 557 459 37f

1267 398 1325 458 S.
1365 397 1857 460 CLEMENTISI
1897 395 2086 459 ROM.
2123 390 2346 457 PONT.
2382 390 2627 458 OPERA
2665 393 3038 457 GENUINA.

3717 387 3839 455 372

451 530 591 593 Hec
620 548 799 611 porro
860 529 1097 592 traditio
1150 492 1371 611 optime
1422 529 1695 607 congruit
1750 531 1842 593 his
1906 530 2103 597 verbis
2124 536 2161 585 A
2186 531 2348 590 ctum
2377 536 2468 589 est
2497 546 2601 608 pro
2631 527 2917 608 propheta
2948 544 3167 589 novum
3216 525 3559 588 cubiculum
3590 525 3837 587 omnino

451 617 773 697 Evangelii:
807 619 987 682 Exiit
1022 622 1084 681 in
1113 628 1372 682 montem
1404 636 1607 681 orare:
1642 626 1700 682 et
1725 631 1856 683 erat
1875 642 2107 704 perno-

450 717 625 772 etans
651 714 717 770 in
735 714 1015 771 oratione
1041 709 1147 772 Dei
1163 707 1237 770 99.
1268 710 1357 771 En
1376 708 1593 771 factum
1622 714 2105 789 pernoctationis.

455 796 640 862 Visne
661 797 886 859 habere
905 797 1520 861 consuetudinem7Et
1544 803 1930 881 egressus,ait
1952 803 2108 863 idem

458 887 818 967 evangelista
848 887 924 949 de
954 896 1225 968 tempore
1258 896 1549 950 nocturno
1579 888 2107 971 loquens,ibat,se-

458 977 718 1040 cundum
748 977 1268 1053 consuetudinem,
1293 977 1357 1038 in
1380 984 1645 1039 montem
1682 978 1998 1043 Oliuarum
2026 980 2097 1041 3°.

460 1064 682 1129 Omnes
712 1066 1095 1145 evangelista:
1118 1067 1430 1145 signarunt
1456 1064 1664 1129 sedulo
1686 1067 1845 1131 hunc
1878 1071 2103 1151 specia-

459 1154 578 1218 lem
626 1154 827 1234 locum
859 1154 1146 1217 orationis
1174 1153 1387 1218 Christi
1445 1161 1505 1216 in
1538 1164 1740 1219 monte
1774 1156 2098 1233 Olivarum,

460 1254 736 1307 vocantes
763 1245 930 1307 illum
958 1244 1269 1326 praedium,
1309 1244 1396 1306 vel
1429 1244 1666 1306 hortum
1692 1245 2102 1310 Gethsemani.

463 1333 529 1395 In
563 1334 826 1416 publico,
862 1335 1099 1398 easdem
1132 1335 1257 1398 fere
1279 1334 1881 1398 relationesChristus
1902 1337 2108 1399 habuit

463 1442 595 1485 cum
645 1424 789 1485 viris
845 1432 903 1487 et
957 1424 1358 1487 mulieribus:
1418 1425 1490 1486 ad
1547 1424 1891 1487 salvandum
1945 1428 2103 1488 enim

461 1519 779 1593 utrumque
812 1532 1014 1575 sexum
1052 1521 1292 1577 venerat
1328 1514 1476 1588 ;sed
1532 1513 1826 1594 privatim,
1894 1516 2105 1577 eodem

463 1602 639 1663 modo
671 1621 787 1665 non
814 1621 877 1664 se
908 1602 1188 1682 gerebat:
1226 1602 1485 1680 ideoque
1506 1605 1798 1666 mirantur
1859 1605 2108 1686 apostoli

463 1691 700 1770 quando
734 1711 870 1753 eum
902 1692 1092 1754 solum
1128 1691 1703 1773 vident,quamvisin
1735 1706 2102 1774 aperto,cum

466 1779 715 1841 muliere
749 1781 1123 1843 Samaritana
1151 1781 1615 1863 colloquentem.

2193 624 2528 697 separatum
2563 615 2636 678 ab
2670 634 2738 679 ea
2767 614 2841 674 39.
2907 615 3125 679 Textus
3172 615 3500 678 Hebraicus
3559 632 3841 695 expresse

2194 706 2465 785 designat
2486 706 2883 786 separationis
2934 724 3170 767 murum
3206 706 3308 785 qui
3360 704 3686 767 aedificatus
3716 713 3831 765 est.

2193 794 2317 857 Hoc
2351 795 2639 873 ignoravit
2665 795 2733 857 Ι).
2769 795 2842 855 de
2874 799 3221 875 Premagny,
3250 795 3500 875 ideoque
3524 794 3835 873 insupera-

2195 882 2373 945 bilem
2415 884 2710 963 judicavit
2742 885 3315 963 argumentationem
3351 902 3541 947 suam.
3579 884 3835 946 Aliunde

2190 991 2306 1034 non
2340 975 2523 1053 exigit
2544 984 2784 1036 sanctus
2817 974 3095 1037 Clemens
3126 982 3190 1034 ut
3221 973 3379 1035 nulla
3408 973 3484 1035 sit
3511 974 3729 1036 mulier
3760 975 3822 1035 in

2188 1062 2363 1124 domo
2389 1082 2569 1141 quam
2602 1062 3156 1125 habitanthomines
3187 1062 3467 1141 virgines,
3501 1064 3827 1143 praesertim

2188 1152 2428 1228 quando
2463 1154 2579 1216 iter
2609 1153 2857 1225 faciunt,
2906 1153 3010 1214 sed
3063 1159 3126 1213 ut
3186 1152 3408 1231 fugiant
3440 1152 3835 1215 contubernia

2188 1259 2321 1301 cum
2352 1242 2724 1313 mulieribus,
2755 1251 2813 1303 et
2876 1251 2937 1303 ut
2967 1242 3113 1322 ipsis
3147 1261 3265 1303 non
3300 1243 3637 1305 ministrent
3692 1262 3829 1303 mu-

2189 1329 2391 1393 lieres.
2427 1331 2555 1394 Jam
2590 1332 2706 1393 dixi
2742 1332 3083 1393 cubiculum
3115 1330 3295 1393 Elisei
3328 1333 3486 1411 apud
3548 1333 3833 1395 Sunami-

2191 1418 2370 1480 tidem
2418 1420 2599 1483 fuisse
2629 1430 2965 1502 separatum
3002 1440 3017 1498 ;
3072 1420 3155 1481 ibi
3199 1439 3338 1483 vero
3372 1422 3763 1484 ministerium
3800 1440 3837 1481 a

2194 1509 2543 1571 mulieribus
2579 1530 2695 1571 non
2727 1510 3058 1591 recipiebat
3090 1530 3103 1570 :
3142 1510 3225 1571 illi
3279 1511 3437 1572 enim
3498 1511 3837 1573 sufﬁciebat

2190 1614 2394 1659 Servus
2419 1600 2516 1680 qui
2548 1618 2788 1680 semper
2819 1599 3210 1661 comitabatur
3240 1619 3399 1661 eum.

2271 1684 2475 1749 Nazvos
2506 1691 2717 1765 quierit
2755 1690 3020 1750 invenire
3065 1690 3306 1751 criticus
3358 1690 3741 1770 philosophus
3771 1692 3834 1751 in

2192 1772 2469 1854 Epistolis
2500 1779 2720 1839 nostris
2776 1787 2835 1838 ut
2885 1778 3297 1841 auctoritatem
3348 1796 3553 1840 earum
3613 1779 3832 1842 elevet.

544 1881 629 1944 Ex
659 1902 728 1945 eo
753 1882 910 1964 quod
937 1891 1178 1946 sanctus
1209 1883 1486 1946 Clemens
1517 1886 1728 1948 Christi
1780 1885 1959 1948 verba
2008 1905 2109 1948 re-

2201 1864 2450 1925 Grandis
2481 1866 3135 1947 igitur,ipsinsjudicio,
3162 1886 3361 1929 naevus
3385 1877 3474 1929 est
3496 1869 3651 1948 quod
3678 1888 3830 1948 qua-

466 1970 672 2033 tuIerit
699 1971 773 2034 ad
799 1972 1037 2033 Mariam
1074 1973 1476 2050 Magdalenam
1511 1974 1807 2037 dicentis:
1844 1976 1987 2037 Noli
2017 1995 2111 2038 me

468 2068 743 2142 tangere,
765 2062 1128 2123 concludere
1160 2062 1332 2123 vellet
1361 2062 1913 2138 adnotator,contra
1942 2064 2110 2127 Wet.

467 2149 712 2221 slinum,
741 2150 815 2213 ab
847 2159 1088 2212 auctore
1118 2151 1518 2231 Epistolarum
1563 2152 1777 2214 melius
1807 2158 2106 2233 cognitum

468 2236 649 2300 fuisse
661 2240 1496 2319 sanctiloannisEvangelium
1522 2260 1697 2321 quam
1720 2244 2108 2323 Evangelinm

469 2327 655 2389 sancti
690 2330 947 2391 Mattliaei
971 2328 1071 2408 qui
1102 2330 1256 2390 hanc
1274 2329 1776 2392 circumstantiam
1796 2336 2109 2397 tacet.Hoc

467 2416 843 2479 ratiocinium
879 2418 1234 2498 philosopho
1298 2437 1503 2498 parum
1538 2421 1813 2483 convenit
1848 2442 1861 2482 :
1914 2442 2111 2504 neque

471 2506 631 2569 enim
662 2516 900 2570 sanctus
929 2508 1264 2585 Matthaeus,
1298 2526 1492 2588 neque
1515 2509 1713 2570 caeteri
1735 2512 2112 2591 evangelistae

471 2595 934 2673 voluerunt,imo
950 2596 1102 2658 velle
1134 2605 1454 2676 potuerunt
1477 2598 1743 2661 scribere
1762 2606 1960 2662 omnia
1981 2620 2111 2681 quae

472 2684 741 2748 Christus
782 2684 1055 2765 gesserit.
1118 2686 1302 2764 Igitur
1357 2684 1430 2747 ab
1494 2686 1608 2748 hoc
1666 2688 1905 2752 silentio
1966 2690 2110 2751 nihil

475 2772 720 2836 omnino
750 2773 1027 2837 concludi
1050 2783 1264 2854 potest.
1289 2773 1399 2846 Qui
1422 2776 1581 2837 enim
1603 2778 1990 2841 concluderet
2012 2780 2113 2841 do-

470 2860 697 2923 minum
724 2862 802 2925 de
846 2865 1173 2943 Premagny
1226 2864 1374 2926 nihil
1408 2864 1562 2926 aliud
1598 2866 1907 2947 scripsisse
1932 2887 2107 2949 quam

467 2951 802 3014 versionem
834 2950 1121 3015 Gallicam
1154 2962 1493 3016 nostrarum
1526 2953 1950 3035 Epistolarum,
1975 2978 2110 3020 cum

469 3040 772 3122 adjunctis
800 3041 1305 3118 adnotationibus,
1366 3049 1503 3124 quia
1552 3044 1658 3105 has
1715 3045 1907 3108 solum
1960 3047 2113 3128 typis

470 3129 792 3206 mandavit,
825 3150 945 3192 non
974 3131 1118 3195 satis
1146 3131 1315 3195 fama:
1346 3132 1500 3195 illius
1530 3133 1871 3198 consuleret
1906 3157 1921 3212 ;
1968 3155 2111 3218 pro-

2198 1959 2287 2013 ter
2302 1955 2828 2018 sanctusClemens
2850 1956 3220 2020 Christianos
3246 1957 3659 2032 nominaverit,
3694 1977 3830 2019 cum

2198 2059 2302 2103 vox
2335 2042 2443 2103 ista
2478 2054 2564 2107 ter
2589 2055 2811 2107 tantum
2865 2047 2923 2105 in
2957 2049 3120 2109 Novo
3155 2045 3530 2108 Testamento
3558 2048 3831 2129 reperia-

2196 2139 2307 2192 tur.
2341 2131 2860 2213 Perspicacitatem
2893 2134 3071 2215 hujus
3110 2134 3509 2197 adnotationis
3546 2137 3830 2216 judican-

2192 2220 2327 2281 dam
2360 2223 2642 2304 relinquo
2674 2224 2919 2286 cuilibet
2962 2226 3194 2286 lectori.
3230 2226 3287 2289 Si
3340 2226 3434 2287 cui
3487 2237 3680 2288 tamen
3715 2246 3833 2288 non

2194 2308 2494 2374 sufﬁceret
2514 2313 2627 2377 hoc
2657 2331 3033 2395 responsum,
3061 2314 3216 2375 scire
3238 2315 3541 2377 debethoc
3572 2318 3832 2378 vocabu-

2194 2397 2315 2460 lum
2347 2400 2497 2462 adeo
2529 2420 2848 2463 commune
2903 2402 3083 2464 fuisse
3118 2404 3225 2464 hac
3258 2410 3447 2484 aetate,
3482 2414 3598 2466 uta
3651 2406 3842 2483 genti-

2195 2487 2355 2549 libus
2373 2490 2591 2570 passim
2617 2491 3027 2566 adhiberetur,
3046 2492 3199 2554 sicut
3216 2499 3455 2573 patetex
3483 2495 3649 2555 Actis
3668 2512 3841 2556 mar-

2196 2578 2591 2657 tyriiSancli
2622 2580 2855 2659 Ignatii
2912 2582 3289 2662 Antiocheni,
3348 2593 3403 2645 et
3436 2601 3506 2644 ex
3564 2583 3842 2663 Epistola

2195 2667 2392 2729 Plinii
2412 2669 2492 2730 ad
2517 2668 2853 2750 Trajanum
2880 2673 3329 2751 imperatorem,
3354 2673 3425 2734 de
3451 2672 3838 2735 Christianis.

2274 2757 2432 2821 XIV.
2466 2760 2800 2822 Wetstinus
2822 2760 3177 2840 allegaverat
3207 2762 3617 2824 auctoritatem
3648 2763 3841 2824 sancti

2196 2845 2505 2925 Epiphanii
2536 2848 2636 2927 qui
2662 2849 2959 2911 haereticis
2990 2851 3095 2911 aevi
3154 2850 3244 2912 sui
3296 2850 3631 2931 opponebat
3690 2851 3840 2929 Epi-

2196 2936 2376 2996 stolas
2404 2936 2596 2999 sancti
2628 2938 2952 3000 Clementis
2977 2939 3051 3000 ad
3074 2939 3423 3019 virgines,in
3444 2938 3655 3020 quibus
3679 2958 3844 2999 com-

2199 3033 2607 3087 memorantur
2635 3026 2820 3101 Elias,
2851 3028 3053 3101 David,
3082 3029 3330 3091 Samson
3363 3038 3422 3091 et
3453 3046 3659 3089 omnes
3694 3046 3839 3108 pro-

2200 3113 2411 3193 phetaz.
2444 3114 2525 3175 Ad
2548 3116 2659 3177 hoc
2677 3129 3091 3196 argumentum
3118 3118 3321 3180 reduci
3343 3126 3529 3198 potest
3561 3117 3850 3179 Wetstini

470 3219 746 3284 babiliter
775 3202 1030 3302 namque
1086 3240 1239 3301 opus
1270 3221 1427 3285 istud
1481 3224 1695 3286 merito
1740 3202 1992 3288 inferius
2024 3234 2109 3288 est

2201 3202 2591 3266 ratiocinatio:
2633 3231 2659 3261 α
2694 3205 2823 3268 Non
2843 3208 3037 3269 solum
3064 3206 3848 3289 Epiphanius,sicutHiero-

469 3309 773 3386 sexaginta
812 3291 950 3371 aliis
975 3291 1277 3391 opusculis
1304 3312 1434 3391 ejus
1448 3330 1580 3389 qua:
1594 3315 1994 3394 manuscripts
2024 3334 2114 3377 re-
2134 3291 2173 3303 ν
2198 3309 2427 3391 ηῐίημε,
2462 3291 2991 3394 Ερίξιοξᾷεὶηάξίξδι
3021 3315 3168 3374 quas
3192 3296 3838 3394 sanctusClemensad

474 3408 843 3461 manserunt.

556 3524 707 3590 Xlll.
736 3528 1059 3590 Auctorem
1089 3528 1486 3610 Epistolarum
1520 3541 1760 3595 accusat
1779 3533 1851 3596 D.
1871 3534 1946 3596 de
1976 3534 2115 3596 Pre-

2198 3380 2453 3458 virgines
2478 3383 2717 3463 scripsit
2744 3407 2758 3461 ;
2785 3385 2889 3446 sed
2919 3386 3022 3447 has
3054 3385 3394 3466 specialiter
3413 3383 3704 3465 Epistolas
3726 3383 3843 3446 dis-

2199 3466 2369 3530 tinxit
2402 3472 2817 3536 enuntiatione
2851 3483 3041 3536 textus
3073 3475 3175 3555 qui
3208 3475 3265 3535 in
3302 3474 3535 3535 cmteris
3565 3471 3846 3554 operibus

2198 3558 2386 3620 sancti
2416 3558 2738 3624 Clementis
2779 3564 2989 3625 nullibi
3020 3564 3343 3645 reperitur.
3376 3566 3438 3627 In
3495 3562 3636 3624 solis
3685 3563 3841 3624 enim

475 3616 1892 3733 {rgangafﬁgi,ff!ﬁgﬂilff_n§f{={f§t_§i_sggr{ag_
1936 3623 2119 3733 Elisei
2203 3616 3353 3731 ερίέίὸιῖξεῖιῖὖῖέίιῖεζέῖιῖὲιὶὀέῗόἷῖἰὲ
3376 3616 3847 3733 ingenia;

476 3714 539 3769 et
566 3704 977 3769 Sunamitidis.
1010 3704 1126 3770 Sed
1160 3726 1293 3788 quae
1323 3710 1527 3789 paucis
1546 3709 1746 3773 verbis
1774 3713 1958 3774 refert
1986 3733 2118 3775 san-

479 3804 608 3858 ctus
638 3794 913 3859 Clemens
943 3797 1164 3876 optime
1224 3799 1590 3861 concordant
1638 3819 1773 3861 cum
1805 3800 1986 3863 rebus
2015 3822 2115 3865 re-

478 3886 613 3969 latis
642 3885 703 3946 in
736 3894 945 3966 quarto
973 3885 1125 3948 libro
1157 3888 1410 3969 Regum,
1440 3895 1705 3970 quamvis
1724 3908 1826 3952 res
1849 3892 2117 3954 minutis-

479 3973 661 4037 simas
690 3993 809 4036 non
838 3974 1019 4037 fuerit
1050 3986 1454 4041 consectatus.
1478 3978 1808 4042 Achilleam
1842 3981 2112 4063 philoso-

476 4065 629 4145 phus
661 4073 864 4126 noster
892 4065 1205 4128 aestimavit
1232 4069 1383 4129 hanc
1419 4068 1847 4148 objectionem:
1882 4071 2114 4134 Eliseus

478 4154 801 4235 acceptavit
830 4153 1168 4216 cubiculum
1202 4157 1259 4217 in
1292 4160 1470 4220 domo
1502 4160 1895 4222 Sunamitidis
1932 4183 1944 4225 :
1976 4182 2113 4240 ergo

478 4262 598 4305 non
631 4251 756 4305 erat
784 4243 882 4305 hic
916 4244 1203 4324 propheta
1252 4255 1567 4308 extraneus
1624 4250 1787 4311 omni
1843 4250 2111 4313 relationi

480 4350 615 4393 cum
662 4331 1032 4395 mulieribus.
1062 4336 1215 4415 Ergo
1236 4345 1444 4397 auctor
1474 4337 1876 4417 Epistolarum
1909 4340 2112 4401 falsam

478 4420 711 4484 induxit
735 4421 1133 4503 hypothesim.
1189 4424 1340 4504 Ergo
1391 4426 1642 4487 honorat
1671 4438 1941 4491 sanctum
1975 4431 2103 4494 Cle-

477 4518 739 4573 mentem
766 4510 867 4592 qui
898 4510 1055 4574 hunc
1085 4531 1203 4575 non
1234 4515 1448 4596 recipit
1476 4515 1642 4595 quasi
1664 4516 1905 4579 istarum
1940 4517 2113 4599 Epis-

475 4599 730 4663 tolarum
766 4609 1093 4667 auctorem.

556 4702 630 4767 Ut
663 4702 923 4767 funditus
952 4714 1083 4767 ruat
1104 4707 1449 4787 hujusmodi
1491 4713 1925 4790 argumentatio
1978 4712 2116 4774 satis

2201 3733 2487 3799 Samsone
2521 3750 2576 3801 et
2609 3742 2889 3804 omnibus
2914 3742 3243 3823 prophetis.
3284 3768 3310 3797 κ

2280 3825 2485 3888 Robur
2506 3829 2682 3911 hujus
2712 3832 3014 3894 ratiocinii
3046 3833 3214 3913 quasi
3247 3851 3363 3894 non
3423 3832 3742 3894 advertens
3769 3832 3846 3895 D.

2198 3912 2273 3975 de
2305 3916 2651 3999 Premagny,
2686 3936 3028 3984 sermonem
3060 3912 3394 4003 gyroﬂectit
3414 3920 3487 3983 ad
3548 3921 3847 3983 inscitiam

2199 4005 2449 4091 exempli
2481 4004 2803 4082 Samsonis,
2834 4012 3003 4091 quasi
3026 4012 3280 4091 pessime
3310 4019 3547 4073 sanctus
3569 4010 3852 4073 Clemens

2199 4090 2545 4157 Samsonem
2574 4097 2688 4161 huc
2734 4090 3087 4162 induxisset.
3123 4099 3238 4162 Sed
3275 4100 3385 4163 etsi
3414 4099 3856 4162 concederetur

2198 4181 2440 4245 domino
2456 4182 2537 4248 de
2559 4185 2889 4270 Premagny
2910 4190 3260 4252 Samsonem
3286 4209 3401 4251 non
3421 4188 3699 4252 debuisse
3726 4189 3849 4250 huc

2198 4272 2520 4352 introduci,
2558 4295 2674 4337 non
2708 4277 2905 4340 minus
2928 4279 3144 4341 invicta
3167 4288 3324 4343 esset
3354 4278 3655 4341 conclusio
3678 4279 3854 4340 Wet-

2199 4361 2362 4438 stini,
2397 4365 2519 4444 qui,
2544 4384 2611 4426 ex
2648 4366 2756 4428 hac
2791 4369 3122 4447 prolatione
3154 4368 3659 4430 authenticitatem
3695 4366 3844 4447 Epi-

2199 4452 2487 4514 stolarum
2521 4463 2792 4517 nostraru
2826 4475 2853 4515 Ἴ
2888 4456 3088 4518 infert.

2282 4544 2346 4602 Ut
2376 4552 2597 4626 autem,
2631 4563 2706 4607 ex
2736 4546 2844 4607 hac
2872 4546 3048 4608 etiam
3085 4556 3272 4628 parte,
3300 4547 3555 4609 debilem
3589 4564 3720 4609 esse
3737 4548 3839 4608 ast-

2141 4622 2180 4671 ο
2202 4638 2523 4694 notatorem
2561 4622 2774 4714 pateat,
2809 4635 2943 4697 dico
2970 4622 3241 4718 exempla
3273 4638 3575 4700 Samsonis
3608 4646 3669 4698 et
3720 4635 3845 4696 Da-

2198 4720 2345 4783 vidis
2371 4722 2620 4785 mirifice
2639 4724 2928 4786 inservire
2959 4726 3113 4788 thesi
3143 4728 3400 4788 auctoris
3423 4724 3816 4806 Epistularum
3834 4777 3847 4789 .

478 4792 912 4896 eritadnotare
939 4796 1415 4896 hospitalitatem
1433 4819 1609 4896 quam
1637 4800 1937 4896 interdum
1972 4821 2112 4882 pro-
2200 4808 2259 4872 Si
2293 4829 2545 4892 namque
2567 4813 2880 4893 prudentia
2905 4815 3330 4896 prophetarum
3357 4792 3692 4877 nos'cautos
3713 4833 3848 4876 esse

478 4884 659 4981 pheta
691 4885 919 4981 recepit
940 4886 1093 4965 apud
1125 4887 1582 4981 Sunamitidem,
1636 4909 1753 4951 non
1787 4891 1976 4981 fuisse
2006 4910 2113 4953 co—
2207 4909 2429 4975 monet,
2450 4884 2852 4981 'quo'rumdam
2886 4884 3220 4966 sanctorum
3254 4904 3515 4966 virorum
3549 4923 3719 4966 casus
3742 4924 3847 4965 va-

476 4973 905 5037 habitationem
939 4994 1114 5053 quam
1148 4977 1429 5058 prohibet
1458 4990 1699 5042 sanctus
1736 4980 2037 5044 Clemens.
2204 4973 2423 5053 lentior
2450 4973 2643 5054 adhuc
2667 4992 3008 5073 praedicatio
3028 5004 3118 5055 est
3139 5003 3199 5055 ut
3224 4994 3669 5075 nobismetipsis
3695 4995 3850 5056 difﬁ-

557 5078 875 5140 Enimvero
902 5078 1115 5142 domus
1164 5077 1553 5144 Sunamitidis
1610 5102 1727 5144 una
1755 5092 1880 5145 erat
1909 5102 1979 5146 ex
2028 5084 2121 5146 his
2204 5079 2436 5143 damus.
2467 5080 2595 5142 Non
2626 5084 2814 5144 solum
2832 5084 3559 5147 SamsonemetDavidem
3590 5085 3850 5165 appellat

480 5167 779 5247 opulentis
832 5168 1303 5232 habitationibus
1351 5190 1483 5252 qum
1530 5172 1881 5255 plerumque
1930 5175 2118 5236 servis
2204 5178 2443 5230 sanctus
2474 5169 2873 5254 Hieronymus
2907 5173 2967 5233 in
3022 5174 3130 5234 hac
3167 5174 3438 5247 materia,
3496 5173 3601 5235 sed
3664 5174 3842 5234 etiam

482 5256 804 5319 abundant.
836 5259 968 5338 Ipsa
989 5258 1256 5321 declarat
1290 5278 1355 5322 se
1384 5260 1445 5323 in
1478 5262 1676 5325 medio
1710 5262 1912 5344 populi
1957 5264 2113 5324 sui3'
2201 5256 2606 5323 Salomonem.
2636 5262 2862 5325 Omnes
2894 5272 3110 5323 norunt
3165 5262 3290 5325 haec
3343 5263 3533 5325 sancti
3586 5262 3849 5323 doctoris

484 5346 649 5429 quasi
683 5346 1014 5428 principem
1039 5347 1333 5423 habitare,
1363 5358 1421 5413 et
1445 5351 1608 5413 nulla
1636 5370 1704 5414 re
1733 5352 2021 5432 indigere.
2051 5351 2115 5415 In
2198 5348 2379 5409 verba
2404 5349 2475 5410 ad
2509 5350 2967 5431 Nepotianumm
3004 5352 3093 5414 Ne
3121 5352 3230 5414 sub
3254 5352 3464 5413 eodem
3493 5359 3648 5413 tecto
3682 5370 3849 5412 man-

480 5437 1922 5518 illadomo,quasitransienshabitatEliseuscum
1947 5461 2116 5504 servo
2201 5438 2367 5519 siles,
2403 5459 2511 5500 nec
2566 5440 2627 5501 in
2679 5443 2976 5520 praeterita
3040 5441 3311 5503 castitate
3367 5440 3652 5503 conﬁdas.
3716 5441 3844 5503 Nec

480 5546 610 5590 suo.
637 5526 831 5601 Quare
885 5527 1047 5591 enim
1079 5527 1189 5590 sub
1220 5528 1319 5591 dio
1348 5536 1758 5611 pernoctasset
1786 5530 1811 5595 ?
1838 5532 2120 5605 Quamvis
2201 5528 2464 5589 srnctior
2510 5530 2713 5605 David,
2750 5547 2861 5592 nec
2892 5530 3184 5594 Samsone
3215 5532 3444 5612 fortior,
3506 5549 3615 5591 nec
3666 5530 3843 5593 Salo—

481 5626 687 5680 autem
732 5615 946 5679 domus
975 5616 1078 5680 illa
1115 5620 1314 5700 ampla
1343 5618 1496 5683 foret
1516 5629 1819 5703 vastaque,
1844 5631 2119 5685 constru-
2207 5636 2382 5682 mone
2413 5626 2580 5699 potes
2636 5638 2773 5682 esse
2819 5619 3171 5701 sapientior.
3208 5646 3230 5677 ιι

558 5756 613 5801 ’9
640 5752 787 5818 Luc.
816 5770 898 5833 vr,
931 5758 1027 5816 t2.
1114 5753 1165 5800 ³ο
1196 5756 1341 5820 Luc.
1381 5773 1526 5835 χχιι,
1560 5756 1663 5822 39.
1747 5754 1796 5802 ³¹
1831 5757 1905 5821 IV
1934 5757 2109 5837 Reg-

2226 5756 2320 5819 l3.
2409 5749 2461 5795 ³³
2491 5751 2673 5830 Ibid.,
2708 5754 2807 5820 10.
