4108 6352
189 372 310 441 373
337 420 343 426 -
1101 379 1488 443 EPISTOLIE
1516 377 1615 442 AD
1647 381 1811 445 VIRE

1969 382 2150 444 lS.-
2202 383 2602 449 PROCEMIA.
2659 409 2686 424 ν·
3452 389 3591 458 374-

275 515 1256 595 Przeterea,peccaveruntquidem
1273 515 1520 578 Samson
1549 525 1605 578 et
1630 514 1836 597 David;
1859 531 1896 571 Α
1922 513 2379 590 futuro,certum
2403 517 2659 583 incerto.
2690 520 2945 584 lllinistri
2965 526 3217 586 Romani
3242 526 3416 588 aliter
3431 547 3574 590 sen-

188 602 296 664 sed
323 602 388 664 in
411 605 674 682 peccatis
697 623 814 665 nou
840 613 1391 684 perseveraverunt'
1423 604 1679 687 ideoque
1704 624 1831 667 san-
1933 604 2080 666 tiunt
2113 615 2172 666 et
2200 614 2402 686 agunt,
2437 625 2471 669 a
2506 608 2860 688 quibusdam
2901 613 3155 689 saeculis,
3189 621 3248 675 et
3283 633 3316 676 a
3366 619 3573 679 matri-

186 702 326 754 ctus
348 692 1538 774 EpiphaniusEbionitasarguitquodeos
1561 697 1844 775 repudia-
1932 696 2129 756 monio
2161 695 2483 759 abstinent.
2525 723 2551 753 ι›
2602 698 2808 761 Priora
2854 701 3034 763 verba
3083 704 3409 766 orthodoxa
3453 726 3573 768 non

189 783 394 874 verint
423 802 559 846 cum
590 785 828 874 caeteris
863 784 1195 874 prophetis.
1930 785 2430 864 sunt;posteriora
2457 787 2738 850 historice
2774 797 2910 850 sunt
2931 790 3102 853 falsa.
3123 793 3293 873 Szepe
3323 792 3574 874 legendo

270 872 678 964 Quantumad
702 872 952 935 verbum
994 871 1201 964 laudat
1234 891 1351 964 quo
1376 892 1520 964 usus
1550 885 1640 935 est
1671 875 1842 964 Wet-
1926 874 2340 936 adnotationes
2373 876 2601 938 domini
2633 879 2707 940 de
2741 881 3098 959 Premagny,
3134 871 3404 964 suspicio
3431 885 3576 947 mihi

192 966 391 1024 stinus
411 962 648 1024 citando
680 971 905 1024 textum
935 962 1121 1024 sancti
1177 961 1519 1044 Epiphanii,
1558 963 1711 1026 scire
1735 963 1847 1026 de-
1922 964 2128 1025 oborta
2159 972 2249 1025 est
2285 965 2454 1026 illum
2506 965 2759 1030 fortasse
2811 969 3178 1048 pertinuisse
3226 961 3298 1034 ad
3351 981 3574 1036 sectam

191 1051 427 1114 buisset
456 1055 522 1116 D.
549 1051 624 1114 de
646 1055 975 1132 Premagny
993 1052 1101 1114 hac
1125 1071 1294 1131 voce,
1318 1052 1672 1133 saepissime,
1701 1053 1845 1115 nihil
1927 1055 2400 1134 protestantium.
2423 1053 2705 1117 Errabam
2733 1075 2744 1120 :
2774 1057 3001 1119 nullum
3031 1060 3249 1140 quippe
3275 1062 3452 1141 hujus
3483 1062 3572 1124 fa-

190 1141 354 1205 aliud
382 1141 1838 1220 signiﬁcariquamcommemorationem,oeclau-
1929 1143 2104 1204 miliae
2159 1143 2490 1206 membrum
2543 1165 2802 1226 unquam
2853 1147 2992 1209 huic
3040 1149 3253 1211 hmresi
3302 1153 3571 1214 adhaesit.

189 1232 330 1292 dem
367 1231 444 1292 ab
477 1250 547 1292 eo
577 1249 816 1312 semper
845 1230 1118 1294 indicari.
1923 1229 2360 1293 Tantummodo
2420 1235 2645 1296 certior
2717 1235 2900 1297 fsctus
2952 1255 3082 1298 sum
3162 1238 3571 1302 adnotatorem

271 1319 410 1385 XV.
444 1320 778 1384 Prudenter
805 1320 1068 1383 siluisset
1099 1321 1412 1384 adnotator
1460 1340 1592 1400 qua)
1639 1324 1843 1384 dicere
1927 1320 2134 1393 fuisse,
2158 1330 2216 1382 ut
2234 1322 2362 1401 jam
2387 1323 2527 1385 alibi
2563 1325 2786 1387 dictum
2820 1335 2930 1406 est,
2960 1326 3190 1390 socium
3222 1337 3570 1392 consuetum
3629 1326 3631 1328 ’

193 1410 578 1492 pmsumpsit
611 1411 686 1472 de
721 1411 1048 1492 privatione
1083 1410 1448 1473 matrimonii
1511 1409 1648 1472 Vult
1681 1412 1836 1473 enim
1929 1410 2418 1492 philosophorum
2444 1413 2644 1475 saeculi
2665 1415 3058 1494 praecedentis
3089 1416 3191 1496 qui
3221 1416 3572 1497 religionem

191 1510 441 1563 sanctus
465 1501 683 1564 Paulus
705 1508 821 1562 uta
847 1500 1021 1563 nobis
1050 1499 1205 1562 absit
1225 1499 1567 1562 scurrilitas
1591 1519 1726 1580 quae
1756 1503 1838 1563 ad
1925 1501 2217 1562 lacessere
2242 1500 2665 1578 gloriabantur.
2698 1502 2764 1564 In
2787 1503 2974 1566 altera
2999 1503 3263 1567 editione
3283 1507 3574 1568 versionis

190 1609 326 1653 rem
351 1609 472 1652 non
501 1592 771 1671 pertinet
791 1588 866 1652 33.
893 1589 1171 1670 Plerique
1198 1589 1470 1651 homines
1493 1588 1721 1652 nubere
1743 1608 1839 1651 vo-
1923 1587 2159 1652 Gallicae
2183 1599 2519 1652 nostrarum
2540 1592 3047 1675 Epistolarum,D.
3069 1594 3144 1656 de
3162 1597 3489 1677 Premagny
3512 1596 3570 1658 id

189 1681 345 1754 lunt,
383 1680 521 1762 quia
553 1678 871 1742 celibatum
905 1677 1127 1740 viribus
1173 1680 1293 1740 suis
1325 1678 1702 1760 superiorem
1731 1681 1832 1760 ju-
1924 1679 2486 1760 supperaddendum
2504 1682 2790 1760 judicavit
2815 1683 2903 1744 his
2921 1702 3050 1764 quae
3076 1684 3134 1745 in
3159 1684 3342 1765 priori
3365 1685 3574 1748 editio-

185 1770 418 1832 dicant.
437 1768 540 1831 llis
565 1768 708 1830 dicit
729 1767 1393 1856 Apostolusalldiusest
1416 1767 1836 1848 nuberequam
1863 1807 1901 1856 Β
1924 1787 1998 1828 ne
2010 1770 2134 1849 jam
2160 1769 2420 1832 dixerat:
2460 1795 2486 1826 α
2509 1770 2664 1833 Deus
2685 1791 2801 1833 non
2830 1773 3108 1853 proponit
3133 1773 3570 1837 incrementum

187 1857 394 1922 uti“.
432 1860 530 1922 Isti
587 1877 722 1920 vero
781 1854 1294 1938 reprehensibi'es
1353 1857 1547 1918 forent
1597 1856 1647 1917 si
1701 1875 1836 1936 pro-
1863 1854 1892 1856 ”
1930 1857 2224 1919 mercedis
2256 1876 2362 1937 pro
2393 1859 2700 1921 caelibibus
2731 1878 2744 1923 :
2784 1868 2934 1924 etet
2977 1862 3122 1924 satis
3171 1862 3386 1924 mirum
3419 1872 3508 1926 est
3539 1882 3572 1925 a

187 1957 401 2026 pterea
457 1949 851 2028 virginitatem
906 1948 1348 2027 impugnarent,
1385 1956 1484 2007 aut
1532 1965 1659 2008 eam
1708 1967 1843 2008 om-
1929 1959 2138 2008 sancto
2167 1947 2474 2009 Clemente
2505 1950 2797 2030 prolatum
2849 1951 3032 2014 fuisse
3064 1952 3178 2014 hoc
3209 1953 3570 2032 paradoxum

187 2037 375 2100 nibus
427 2037 859 2118 impossibilem
948 2037 1442 2116 pronuntiarent:
1510 2035 1842 2097 doctrinam
1931 2037 3571 2121 temporeadeoapostolisvicino,praasertimquesancto

187 2131 415 2210 quippe
437 2149 469 2190 e
491 2129 782 2191 diametro
807 2127 1168 2188 contrariam
1196 2126 1397 2187 statuit
1421 2125 1717 2201 Christus,
1745 2127 1846 2188 do-
1932 2131 2108 2192 Petro
2143 2130 2569 2210 praedecessori
2603 2151 2733 2209 suo,
2765 2135 2937 2214 cujus
2979 2134 3423 2195 matrimonium
3455 2154 3572 2197 non

190 2221 392 2280 cendo
411 2239 523 2279 non
541 2235 749 2278 omnes
773 2216 1014 2297 quidem
1041 2233 1258 2295 capere
1281 2213 1522 2276 verbum
1547 2214 1841 2296 istud,sed
1933 2218 2182 2281 habetur
2203 2227 2263 2280 ut
2279 2219 2673 2295 dubium,nec
2693 2213 2872 2284 etiam
2895 2223 3339 2284 matrimonium
3357 2224 3572 2286 horum

187 2308 414 2388 quibus
437 2307 636 2369 datum
669 2315 777 2380 est,
804 2314 862 2367 et
891 2304 1164 2366 addendo
1193 2323 1206 2367 :
1238 2305 1351 2378 Qui
1390 2311 1576 2385 potest
1607 2321 1842 2386 capere,
1929 2308 2348 2388 episcoporum
2404 2328 2556 2386 quos
2612 2311 2844 2372 volebat
2899 2319 3140 2372 sanctus
3192 2310 3413 2374 Paulus
3442 2331 3573 2374 esse

187 2395 472 2478 capiat”
499 2415 512 2456 ε
540 2415 674 2476 quae
705 2394 1146 2457 verbainvitant
1179 2395 1410 2454 animas
1443 2411 1765 2469 generosas
1785 2402 1846 2456 et
1930 2397 2106 2458 unius
2139 2397 2344 2458 uxoris
2378 2397 2558 2460 viros.
2595 2421 2620 2458 ι

186 2485 382 2547 ΐνιτῑθε
411 2485 486 2546 ad
518 2484 937 2563 virginitatem,
971 2492 1215 2564 propter
1242 2500 1491 2562 regnum
1527 2483 1837 2546 ccelorum.
2009 2487 2226 2548 Textus
2237 2487 2362 2567 jam
2384 2505 2417 2548 a
2448 2505 2542 2549 me
2571 2487 2810 2550 adducti
2841 2486 2984 2550 satis
3023 2489 3345 2570 explodunt
3373 2508 3443 2553 ac
3471 2508 3572 2555 re-

190 2574 486 2636 Eamdem
503 2575 904 2636 invitationem
924 2572 1328 2636 etdoctrinam
1346 2571 1583 2653 protulit
1604 2581 1846 2634 sanctus
1927 2575 2116 2638 futant
2141 2576 2293 2638 hanc
2317 2576 2542 2638 domini
2565 2577 2641 2639 de
2668 2581 2995 2658 Premagny
3018 2578 3574 2642 assertionem.Non

191 2663 832 2737 Paulus,dicens:Volo
858 2681 1060 2726 omnes
1081 2681 1184 2726 vos
1208 2665 1501 2726 essesicut
1522 2664 1844 2743 meipsum;
1929 2667 2259 2746 expectavit
2282 2667 2510 2728 Novum
2532 2665 2977 2728 Testamentum
3007 2667 3297 2730 Dominus
3321 2677 3385 2728 ut
3410 2687 3572 2731 mer-

185 2752 296 2816 sed
319 2755 728 2833 unusquisque
752 2754 1071 2834 proprium
1104 2754 1330 2815 donum
1361 2751 1536 2814 habet
1567 2770 1642 2814 ea:
1683 2753 1802 2815 Deo
1829 2776 1841 2816 :
1929 2754 2544 2817 cedisincrementum
2564 2755 2892 2834 virginibus
2911 2756 3576 2837 spontaneispollicere-

187 2843 360 2906 alius
388 2844 628 2924 quidem
661 2845 749 2905 sic
779 2841 942 2904 alius
970 2861 1112 2904 vero
1141 2845 1230 2905 sic
1256 2841 1329 2901 ³⁸.
1933 2843 2543 2926 tur.1)aboeis,inquit
2567 2864 2675 2926 per
2706 2843 2940 2919 Isaiam,
2968 2847 3035 2906 in
3058 2846 3232 2908 domo
3255 2865 3408 2921 mea,
3435 2852 3574 2909 etin

274 2934 552 3010 Nugatur
574 2940 770 2994 autem
796 2930 866 2994 D.
892 2931 966 2994 de
989 2931 1702 3013 l’remagny,insinuando
1728 2951 1844 2994 ma-
1929 2936 2122 2996 muris
2145 2936 2296 2996 meis
2340 2934 2561 3016 locum,
2587 2943 2639 2998 et
2668 2953 2890 2998 nomen
2917 2937 3136 2997 melius
3164 2954 3201 2998 α
3226 2935 3374 3016 ﬁliis
3408 2945 3466 2999 et
3494 2937 3575 3017 ﬁ-

191 3021 542 3086 trimonium
577 3023 773 3104 potius
804 3022 1160 3104 expiationis
1184 3041 1360 3099 quam
1389 3022 1690 3084 felicitatis
1721 3031 1843 3084 sta-
1929 3022 2126 3086 liabus
2151 3045 2164 3086 :
2193 3041 2410 3087 nomen
2457 3028 2891 3104 sempiternum
2924 3024 3080 3087 dabo
3115 3027 3227 3105 eis,
3266 3028 3424 3104 quod
3451 3043 3576 3089 non

191 3122 322 3174 tum
349 3129 507 3185 esse,
534 3112 786 3193 ideoque
815 3112 945 3193 plus
975 3111 1191 3175 mereri
1227 3111 1327 3192 qui
1354 3111 1523 3172 nubit
1543 3129 1717 3192 quam
1743 3112 1842 3193 qui
1862 3173 1902 3194 η
1929 3113 2149 3189 peribit
2169 3111 2243 3172 39.
2273 3113 2480 3176 Merito
2513 3114 2694 3194 igitur
2724 3113 3043 3176 concilium
3079 3115 3494 3176 Tridentinum
3524 3114 3580 3159 ιθ

190 3222 223 3262 a
255 3201 494 3282 nuptiis
520 3217 588 3263 se
617 3200 876 3262 abstinet
906 3222 919 3263 :
955 3208 1119 3282 quasi
1151 3200 1251 3281 qui
1284 3200 1707 3262 continentiam
1737 3200 1904 3263 re-“
1930 3204 2305 3265 anathemate
2337 3203 2608 3284 percellit
2646 3228 2671 3259 α
2708 3221 2811 3264 eos
2841 3203 2944 3284 qui
2997 3203 3208 3265 dicunt
3238 3204 3486 3266 clericos
3515 3204 3576 3264 in

190 3298 423 3373 spuunt
450 3291 816 3370 pmnitontiae
848 3291 1120 3352 meritum
1156 3289 1573 3354 intendissent.
1931 3293 2114 3354 sacris
2143 3292 2454 3354 ordinibus
2481 3294 2856 3369 constitutos,
2883 3294 2971 3354 vel
3000 3293 3306 3373 regulares
3335 3293 3577 3355 castita-

277 3383 474 3444 Nemo
507 3381 749 3462 quidem
786 3379 1002 3459 negat‘e
1035 3389 1226 3460 potest
1271 3399 1518 3458 magnas
1550 3380 1844 3442 sollicitu-
1935 3391 2050 3443 tem
2065 3381 2420 3444 solemniter
2441 3383 2950 3464 professos,posse
2969 3383 3415 3444 matrimonium
3438 3401 3576 3446 con-

194 3471 382 3532 dines
412 3469 768 3550 conjugibus
789 3471 1102 3532 reservari.
1129 3469 1218 3531 Ab
1242 3469 1332 3531 his
1361 3487 1720 3549 praeservare
1737 3490 1842 3531 cu-
1934 3473 2192 3546 trahere,
2224 3491 2341 3532 non
2367 3471 2642 3534 obstante
2664 3473 2794 3551 lege
2815 3472 3344 3546 ecclesiastica,vel
3377 3479 3570 3535 voto.»

195 3559 403 3640 piebat
427 3559 748 3639 Apostolus
771 3559 905 3620 illos
937 3559 1154 3640 quibus
1176 3558 1449 3620 dicebat:
1486 3558 1623 3621 Volo
1643 3567 1847 3622 autem
1930 3561 2150 3623 Eadem
2186 3580 2356 3638 poena
2382 3563 2584 3642 plectit
2607 3580 2708 3624 eos
2735 3585 2757 3618 α
2786 3561 2887 3643 qui
2911 3562 3116 3624 dicunt
3140 3581 3260 3623 non
3279 3579 3412 3623 esse
3446 3579 3576 3623 me-

195 3667 301 3712 ros
320 3652 454 3710 sine
481 3648 891 3710 sollicitudine
920 3647 1116 3710 esse”
1144 3649 1286 3722 ;sed
1325 3647 1722 3711 certissimum
1760 3662 1848 3712 est
1935 3651 2047 3712 lius
2073 3670 2140 3712 ac
2173 3651 2406 3713 beatius
2439 3670 2682 3713 manere
2714 3650 2774 3712 in
2807 3650 3144 3730 virginitate
3188 3659 3288 3713 aut
3307 3649 3578 3713 czelibatu

198 3738 720 3801 mortiﬁcationem
747 3738 944 3799 carnis
965 3746 1065 3798 aut
1087 3738 1330 3818 spiritus
1364 3757 1478 3798 non
1511 3757 1644 3800 esse
1668 3740 1845 3801 linem
1933 3759 2108 3822 quam
2137 3742 2301 3820 jungi
2350 3740 2748 3805 matrimonio.
2785 3764 2813 3796 ιι

198 3846 413 3890 eorum
444 3828 544 3908 qui
575 3828 917 3908 conjugium
972 3827 1215 3908 eligunt.
1256 3828 1328 3889 Et
1390 3829 1612 3889 utinam
1665 3828 1848 3890 multo
2012 3830 2307 3904 Quantum
2339 3829 2410 3891 ad
2443 3830 2819 3911 hypothesim
2854 3829 3080 3892 domini
3113 3829 3187 3892 de
3228 3828 3577 3911 Premagny,

203 3917 521 3996 pauciores
558 3927 754 3978 essent
786 3916 1002 3998 quibus
1037 3917 1323 3998 applicari
1379 3918 1642 3978 valerent
1674 3917 1851 3980 verba
1931 3939 1963 3980 a
1989 3919 2347 3998 quibusdam
2401 3927 2627 3980 tantum
2677 3918 2909 3980 saeculis
2939 3919 3365 3981 continentiam
3398 3917 3581 3980 fuisse

199 4006 522 4087 Rapbaelis
552 4007 1126 4086 archangelizAtuli
1155 4026 1275 4087 me,
1299 4017 1352 4069 et
1381 4009 1695 4070 ostendam
1741 4007 1850 4069 (ibi
1931 4009 2214 4072 Ecclesiae
2272 4007 2556 4069 ministris
2609 4007 3037 4089 praescriptam,
3073 4008 3267 4069 dicam
3316 4007 3484 4068 illum
3516 4024 3581 4069 se

195 4101 310 4178 qui
334 4104 480 4157 sunt
510 4095 732 4177 quibus
758 4099 1101 4177 praevalere
1129 4103 1316 4178 potest
1339 4097 1704 4159 dcemonium
1731 4119 1742 4156 :
1781 4098 1852 4164 hi
1939 4099 2202 4160 historiae
2226 4097 3002 4176 ecclesiasticzeimperitum
3031 4097 3293 4178 praebere
3315 4097 3414 4178 qui
3445 4115 3579 4158 om-

199 4203 467 4265 namque
489 4188 596 4264 qui
619 4189 967 4266 coniugium
989 4189 1521 4268 itasuscipiunt,ut
1543 4189 1776 4250 Deuma
1796 4205 1856 4248 se
1939 4189 2114 4250 nibus
2148 4187 2551 4248 monumentis
2581 4186 3007 4248 ecclesiasticis
3041 4186 3414 4266 contradicit,
3447 4203 3579 4267 qua)

197 4284 253 4338 et
277 4297 316 4335 a
335 4294 450 4338 sua
473 4284 667 4338 mente
689 4277 1240 4356 excludant,etsuw
1261 4276 1514 4339 libidini
1535 4279 1620 4338 ita
1648 4284 1854 4340 vacent
1939 4279 2290 4340 inconcusse
2321 4275 2605 4338 evincunt
2631 4275 2690 4336 in
2721 4275 2986 4337 Ecclesia
3010 4275 3364 4337 occidentali
3387 4276 3579 4337 conti-

191 4368 352 4428 sicut
387 4383 577 4446 equus
601 4375 656 4429 et
692 4365 914 4436 mulus.
951 4368 1166 4446 quibus
1197 4385 1317 4429 non
1345 4375 1426 4428 est
1470 4365 1849 4430 intellectus:
1880 4385 1920 4436 ι)
1944 4368 2201 4431 nentiam
2226 4373 2510 4447 perpetua
2530 4367 2659 4445 lege
2694 4366 3103 4446 praescriptam
3136 4364 3320 4427 fuisse
3349 4363 3583 4427 clericis

191 4457 374 4517 habet
395 4462 742 4536 potestatem
769 4457 1132 4518 daemonium
1162 4459 1228 4518 in
1261 4475 1356 4520 eos
1385 4454 1460 4520 ³⁸.
1933 4461 1988 4521 in
2014 4457 2204 4519 sacris
2226 4455 2533 4518 ordinibus
2557 4453 3353 4516 constitutisJubetsanctus
3367 4453 3582 4516 Paulus

277 4542 342 4607 Si
376 4544 724 4606 attendisset
778 4545 868 4607 his
917 4547 1154 4606 monitis
1204 4547 1541 4621 adnotatur,
1578 4565 1693 4607 non
1729 4554 1844 4608 tam
1931 4558 1993 4610 ut
2019 4547 2119 4630 qui
2151 4546 2222 4608 ad
2252 4547 2657 4626 episcopatum
2691 4553 3143 4626 promoventur,
3171 4545 3220 4605 si
3246 4552 3418 4607 antea
3448 4544 3581 4605 lue-

195 4634 414 4696 leviter
440 4633 516 4694 de
549 4634 658 4695 hac
689 4636 933 4696 materia
965 4635 1202 4698 locutus
1233 4636 1462 4698 luisset.
1931 4640 2051 4700 rint
2075 4635 2331 4717 uxorati,
2364 4635 2552 4696 sancti
2585 4643 2644 4696 et
2679 4635 3079 4714 continentes,
3114 4642 3246 4714 post
3275 4650 3584 4694 consecra-

281 4723 600 4803 Caeterum,
635 4724 733 4804 qui
769 4733 1015 4805 propter
1031 4743 1284 4804 regnum
1316 4726 1601 4787 cmlorum
1641 4731 1847 4788 matri-
1941 4730 2158 4790 tionem
2197 4742 2386 4804 suam,
2423 4722 2902 4806 permaneant“.

194 4813 405 4876 monio
449 4813 809 4879 valedicunt.
850 4815 1072 4876 nullam
1126 4815 1584 4878 similitudinem
1636 4816 1855 4877 habent
2017 4814 2173 4880 XVI.
2197 4813 2409 4876 Paucis
2430 4813 2808 4894 respondebo
2836 4809 3580 4874 cavillationiadnotatoris

196 4922 337 4964 cum
363 4903 474 4964 hac
497 4903 728 4982 impura
745 4903 1229 4984 philosophorum
1263 4905 1359 4967 lue
1383 4906 1480 4984 qui
1508 4924 1850 4966 nexuscon-
1940 4908 2014 4969 de.
2046 4905 2225 4968 verbo
2253 4903 2440 4975 dixit,
2465 4905 2620 4983 quod
2656 4903 2956 4982 reperitur
2976 4899 3333 4982 quandoque
3356 4899 3414 4958 in
3446 4898 3584 4977 Epi-

185 4994 433 5074 jngales
457 5001 536 5066 et,
565 5001 628 5054 ut
656 4993 855 5054 verbis
876 4994 1145 5075 Apostoli
1172 4995 1685 5069 utar,h0nombile
1707 5013 1852 5057 con-
1941 4996 2107 5059 stolis
2138 4993 2267 5055 sine
2292 4991 2581 5072 subjecto.
2610 4992 2752 5053 Cum
2777 4999 3018 5052 sanctus
3047 4989 3326 5052 Clemens
3346 4987 3584 5049 assidue

197 5085 465 5146 nubium
489 5083 1170 5165 fugiunt,utliberiusac
1196 5086 1423 5167 turpius
1447 5085 1848 5166 voluptatibus
1935 5104 2161 5154 sacram
2216 5081 2585 5162 Scripturam
2645 5082 2910 5160 legisset,
2960 5077 3464 5161 probabiliterque
3523 5077 3584 5139 in

194 5172 402 5235 carnis
424 5173 684 5235 habenas
701 5174 917 5236 laxent.
951 5173 1047 5237 Vae
1072 5173 1288 5237 talibus
1325 5176 1425 5255 qui
1463 5175 1701 5254 generis
1731 5176 1846 5237 ltu-
1937 5175 2230 5261 primitivo
2263 5180 2448 5252 textu,
2473 5172 2843 5261 locutionum
2875 5170 3008 5261 eju‘s
3036 5185 3208 5261 usum
3240 5168 3582 5261 assumpsit.

197 5262 363 5324 mani
395 5263 784 5342 opprobrium
815 5273 976 5326 sunt.
1936 5257 1995 5332 Si
2032 5264 2322 5343 tantisper
2359 5261 2428 5324 D.
2465 5261 2539 5322 de
2587 5259 2914 5340 Premagny
2963 5257 3286 5320 Hebraicos
3327 5265 3429 5318 aut
3477 5258 3582 5337 Sy-

282 5349 384 5414 Sic
415 5351 676 5432 loquitur
696 5355 764 5413 D.
803 5352 877 5413 tle
904 5356 1228 5435 Premagny
1260 5377 1272 5414 :
1312 5377 1340 5414 ι
1371 5354 1619 5414 Ministri
1652 5354 1845 5414 refor-
1935 5358 2131 5420 riacos
2162 5353 2357 5414 fontes
2383 5349 2727 5430 delibasset,
2761 5349 2908 5411 nihil
2962 5350 3021 5410 in
3051 5346 3236 5408 sacris
3262 5344 3587 5428 Scripturis

196 5442 340 5502 mali
377 5443 646 5521 (nnptias
697 5443 1132 5520 contrahendo)
1165 5443 1554 5526 prmtulerunt
1589 5459 1850 5522 praesens
1936 5443 2308 5527 frequentius
2330 5439 2663 5519 agnovisset
2685 5457 2858 5520 quam
2879 5436 3187 5500 subaudiri
3220 5436 3582 5516 subjectum,

283 5609 340 5654 ⁸³
381 5609 646 5695 _Ephes.
681 5630 736 5692 ν,
771 5613 827 5671 4.
917 5607 1175 5695 3‘lCor.
1212 5629 1312 5695 vn,
1344 5615 1405 5677 9.
1492 5611 1783 5695 35‘Matth.
1822 5630 1905 5675 xu

2016 5617 2074 5678 2.
2160 5611 2215 5695 $6
2246 5613 2288 5675 l.
2315 5613 2450 5695 Cor.
2483 5611 2666 5695 vn,'Z.
2752 5606 3020 5681 1"lbid.,
3052 5604 3152 5668 32.
3239 5605 3294 5649 ⁸³
3322 5582 3471 5667 Tob.
3506 5620 3583 5684 vr,
3623 5607 3627 5611 ’

207 5695 304 5766 16,
347 5691 444 5753 t7.
483 5688 490 5689 “
530 5689 584 5732 ⁸ο
616 5688 732 5755 Ιεδζ
761 5708 875 5771 LVI,
911 5695 970 5757 5.
1058 5693 1112 5737 ⁸⁸
1140 5688 1309 5758 δεεεῖ
1337 5708 1498 5767 xxrv,
1536 5691 1618 5753 De
1648 5688 1955 5776 matrimf,
1990 5714 2124 5758 can.
2157 5693 2218 5756 9.
2308 5691 2353 5732 ⁴¹
2385 5688 2502 5751 Tit.
2530 5688 2578 5783 μέ
2612 5691 2672 5752 8.
3103 5728 3106 5730 ~
3368 5725 3371 5728 -
3533 5749 3541 5756 .
