4108 6352
495 391 610 460 375
1415 397 1474 459 S.
1509 392 1943 462 GLEMENTIS
1970 401 1997 461 I
2029 401 2212 464 ROM.
2248 399 2478 466 PONT.
2515 400 2892 466 GENUINA.
3747 400 3864 469 376

492 531 728 615 quando
759 547 830 594 ex
861 537 1140 594 contentu
1174 532 1317 594 satis
1338 532 1707 612 intelligitur.
1734 531 1926 615 Saepe,
1953 535 2012 595 in
2037 536 2130 596 Bi-
2153 548 2186 594 Α
2212 536 2421 617 guine,
2447 537 2751 616 insperata
2782 534 3041 597 victoria
3062 536 3231 615 potiti
3264 547 3484 619 essent,
3507 558 3639 601 cum
3664 559 3872 603 cerne-

490 621 653 696 bliis,
688 619 940 683 verbum
972 622 1139 685 dixit
1165 622 1259 683 his
1287 621 1594 703 mquivalet
1623 623 1869 693 dicitur,
1912 625 2135 689 dictum
2220 634 2354 687 rent
2374 625 2660 707 temporis
2683 627 3191 705 puncto,hostium
3217 629 3871 710 internecionem,duas

491 719 597 776 est.
629 712 867 773 Poterat
895 727 1034 790 ergo
1059 713 1315 790 scriptor
1341 711 1587 773 criticus
1611 714 2134 792 Pythagoricorum
2223 715 2494 788 choreas,
2542 733 2720 775 unam
2778 716 3058 786 virorum,
3109 714 3357 776 alteram
3416 717 3756 791 mulierum,
3812 720 3870 780 in

491 812 767 867 serenum
790 818 911 862 non
936 800 1207 881 turbare,
1238 816 1348 863 nec
1371 801 1766 863 eruditionem
1790 805 2112 883 prorsusin
2224 802 2422 864 littore
2482 804 2847 864 instituunt:
2906 812 2965 865 et
3026 807 3226 883 Moyse
3294 805 3432 865 viris
3487 810 3871 886 praecinente,

493 892 700 954 utilem
733 889 904 952 nobis
927 897 1249 954 ostentare.
1273 891 1438 953 Hanc
1460 910 1568 971 ego
1598 891 2004 955 difﬁcultatem
2034 913 2139 957 ex-
2226 893 2357 972 ejus
2381 910 2589 954 sorore
2615 892 3457 973 mulieribus,gratulationem
3482 894 3604 956 Deo
3628 902 3870 959 cecine-

495 980 676 1063 punxi
705 985 765 1040 ln
797 981 1072 1043 versione
1095 999 1265 1043 mea:
1294 980 1565 1043 eamdem
1593 983 1913 1062 poteratde
1947 984 2144 1047 medio
2227 990 2367 1042 rnnt
2389 981 2467 1045 49.
2505 1006 2531 1037 υ

496 1071 712 1134 tollere
738 1069 869 1150 ipse
898 1068 1255 1132 Wetstinus.
2316 1068 2586 1133 Ultimam
2603 1071 2671 1132 ad
2683 1072 2968 1133 notatoris
2983 1070 3439 1151 objectationem
3462 1074 3536 1135 de
3550 1076 3692 1137 mari
3708 1076 3873 1157 Suph

571 1157 1492 1224 XVIIetXthI.Adnotationes
1516 1179 1646 1241 quas
1664 1164 1778 1224 sub
1802 1162 1895 1225 his
1918 1162 2149 1225 duobus
2233 1158 2608 1238 attingamus.
2640 1162 2768 1221 Non
2811 1160 3039 1222 dubitat
3099 1161 3337 1222 criticus
3393 1164 3648 1243 scriptor
3695 1164 3876 1245 huius

482 1250 764 1325 numeris
787 1247 1456 1329 includuntur,probant
1479 1251 1789 1313 dominum
1818 1253 1892 1314 de
1916 1253 2150 1314 Prema-
2235 1250 2437 1310 matris
2459 1268 2675 1311 nomen
2705 1250 2915 1311 nullibi
2939 1251 2997 1311 in
3021 1250 3220 1311 Exodo
3246 1251 3523 1316 inveniri.
3549 1252 3609 1315 Si
3632 1254 3706 1315 de
3735 1256 3875 1316 Vul-

492 1361 606 1423 gny
637 1357 756 1401 non
790 1354 1029 1419 semper
1060 1339 1417 1419 prtejudiciis
1448 1341 1817 1402 obcaecatum
1852 1350 1910 1403 et
1943 1341 2149 1404 alluci'
2228 1348 2360 1418 gata
2389 1338 2662 1401 versione
2684 1339 2916 1402 let-ntus
2947 1339 3178 1415 fuisset,
3207 1359 3407 1402 verum
3434 1342 3669 1422 quidem
3694 1344 3872 1406 dixis-

496 1439 698 1494 natum
723 1426 931 1491 fuisse.
956 1430 1074 1491 Has
1105 1428 1423 1490 scribendo
1451 1429 1662 1511 lineas,
1689 1432 1910 1511 optime
1940 1432 2015 1493 de
2040 1432 2143 1512 ju-
2230 1437 2357 1503 set;
2392 1428 2443 1489 si
2477 1447 2612 1491 vero
2643 1429 2718 1490 de
2767 1437 2926 1491 textu
2979 1430 3274 1492 Hebraico
3332 1439 3430 1492 aut
3479 1432 3743 1512 Syriaco,
3776 1442 3869 1495 te-

496 1518 655 1583 stitia
685 1523 742 1580 et
770 1517 1017 1579 veritate
1050 1517 1299 1580 meritus
1320 1525 1431 1580 est.
1459 1517 1717 1589 Quilibet
1751 1521 2145 1583 nihilominus
2230 1535 2394 1578 mere
2418 1527 2578 1578 certe
2603 1519 2839 1579 locutus
2877 1528 2988 1599 est,
3015 1522 3341 1599 prmsertim
3375 1538 3510 1581 cum
3541 1532 3703 1584 esset
3732 1542 3871 1585 aca-

494 1607 927 1671 animadvertet
956 1607 1149 1688 ipsum
1192 1606 1486 1671 Wetstino
1541 1627 1781 1688 semper
1836 1610 2138 1672 contradi-
2224 1606 2494 1669 demicus
2531 1607 2651 1688 vir;
2693 1626 2995 1688 nunquam
3032 1610 3191 1668 enim
3246 1611 3369 1672 sive
3402 1609 3461 1670 in
3497 1611 3717 1691 Exodo,
3754 1615 3877 1676 sive

494 1698 673 1772 xisse,
699 1695 822 1758 sive
853 1695 1094 1776 quando
1128 1705 1350 1760 rectam
1394 1697 1550 1758 viam
1599 1699 1983 1781 sequebatur,
2019 1700 2142 1761 sive
2226 1696 2286 1756 in
2310 1696 2460 1759 locis
2476 1696 2607 1757 aliis
2632 1715 2815 1759 sacrae
2839 1697 3875 1783 ScripturaaﬂebraiceautSyriace,

496 1786 731 1869 quando
762 1784 835 1847 ab
867 1802 938 1848 ea
967 1784 1342 1850 deﬂectebat.
1368 1784 1704 1866 Optandum
1730 1798 1892 1850 certe
1925 1795 2052 1850 erat
2081 1796 2145 1851 ut
2226 1785 2354 1846 aliis
2391 1786 2587 1848 verbis
2622 1805 2783 1848 mare
2828 1786 3092 1848 Rubrum
3150 1787 3498 1866 designatur
3531 1809 3703 1869 quam
3739 1809 3875 1853 ver-

499 1876 594 1939 bis
619 1874 843 1937 ultimis
870 1874 1139 1937 numeris
1169 1873 1318 1937 nihil
1350 1875 1682 1939 addidisset
1711 1879 1784 1940 D.
1810 1878 1883 1940 de
1906 1882 2141 1941 Prema-
2176 1931 2210 1958 η
2237 1874 2327 1935 bis
2352 1874 2444 1937 1m
2468 1876 2655 1954 Suph,
2678 1894 2810 1953 quae
2841 1876 3041 1937 reddit
3070 1875 3320 1955 Vulgata
3340 1887 3541 1938 nostra
3576 1898 3680 1958 per
3711 1881 3879 1944 Mare

494 1931 2151 2049 gi}.“s';a";ta;;;'it'q3'5'nn‘I55t13;senatus].
2176 1931 2213 1980 Β
2234 1931 2529 2027 male;

496 2056 629 2136 ejus
650 2054 830 2117 editio
855 2053 1023 2136 quasi
1039 2054 1633 2136 pmnitentemipsum
1658 2057 1904 2119 exhibet
1925 2057 2147 2138 optime
2311 2052 2452 2127 Quis
2487 2072 2662 2134 porro
2698 2055 2844 2116 ferat
2876 2053 3178 2116 hominem
3214 2064 3677 2136 praesumentem
3715 2058 3874 2140 loqui

497 2144 725 2207 ﬁniisse
755 2144 910 2223 quod
933 2143 1088 2205 male
1114 2155 1402 2223 coeperat.
1427 2148 1589 2208 Duas
1614 2165 1755 2226 ergo
1776 2166 1957 2209 novas
1982 2147 2144 2227 prio-

494 2234 664 2297 ribus
688 2232 816 2295 suis
846 2232 1324 2298 adnotationibus
1348 2234 1592 2316 adjecit,
1622 2254 1755 2315 quae
1784 2236 1955 2298 famae
1984 2236 2145 2299 illius

499 2324 631 2406 plus
658 2319 957 2385 nocebunt
985 2341 1161 2404 quam
1198 2324 1544 2404 proderunt.

582 2412 778 2474 Prima
805 2413 1060 2475 refertur
1085 2412 1157 2474 ad
1202 2414 1640 2494 separationem
1689 2433 1862 2495 quam
1896 2430 2137 2479 sanctus

501 2502 777 2566 Clemens
822 2518 855 2562 a
904 2503 1099 2583 Moyse
1130 2502 1339 2565 factam
1372 2504 1553 2566 fuisse
1573 2505 1958 2567 asseritinter
1977 2509 2137 2569 viros

501 2598 559 2655 et
588 2590 898 2665 mulieres,
926 2591 1065 2652 dum
1100 2591 1448 2656 incederent
1487 2593 1790 2669 Israelitae,
1825 2594 2133 2676 Egyptum

496 2680 1219 2760 relinquentes.Secunda
1241 2691 1466 2762 spectat
1494 2702 1733 2746 nomem
1771 2686 1951 2747 maris
1981 2685 2135 2767 quod

499 2772 660 2839 sicco
688 2768 938 2849 vestigio
978 2770 1085 2832 ﬁlii
1112 2770 1293 2833 Israel
1325 2773 1732 2836 transieriunt.

572 2867 640 2923 l0
663 2862 840 2923 Juxta
869 2860 1302 2936 adnotatorem,
1330 2870 1570 2923 sanctus
1596 2863 1875 2925 Clemens
1903 2864 2136 2926 locutus

493 2959 585 3016 est
610 2950 687 3013 de
729 2948 987 3011 virorum
1048 2967 1117 3012 ac
1165 2951 1479 3015 mulierum
1539 2954 1909 3033 separatione
1961 2973 2133 3033 quam

491 3047 723 3123 Moyses
743 3038 1084 3102 nullatenus
1107 3057 1259 3103 mem
1272 3042 1479 3103 oravit.
1498 3040 1815 3104 Probabile
1832 3061 1969 3123 ergo
1976 3045 2000 3124 j
2013 3045 2139 3106 udi-

492 3137 587 3195 cat
630 3130 892 3211 Moysen,
926 3128 1119 3190 virum
1174 3136 1291 3192 tam
1345 3131 1725 3211 prudentem,
1761 3133 2137 3196 consensisse

492 3230 558 3285 ut
589 3219 930 3303 promiscue
959 3226 1238 3281 sexcenta
1267 3220 1454 3283 millia
1482 3221 1739 3282 virorum
1773 3231 2135 3287 armatorum

2230 2140 2304 2203 de
2336 2142 2429 2204 his
2461 2162 2590 2224 quae
2623 2144 2891 2205 absolute
2922 2143 3202 2222 ignorat?

2309 2229 2568 2294 Verbum
2603 2230 2776 2313 Sapio
2832 2240 3043 2313 quater
3093 2233 3394 2294 invenitur
3436 2235 3492 2295 in
3542 2245 3696 2297 textu
3747 2236 3871 2299 He-

2224 2317 2424 2381 braico
2456 2330 2516 2381 et
2555 2322 2794 2402 Syriaco
2829 2320 3031 2382 Exodi.
3075 2322 3138 2384 Si
3188 2323 3334 2385 recti
3386 2323 3610 2385 fuerint
3660 2327 3867 2388 calculi

2223 2410 2364 2484 mei,
2394 2409 2641 2471 vicesies
2673 2410 2879 2472 novies
2912 2412 3023 2471 hoc
3075 2412 3318 2472 verbum
3364 2415 3536 2493 Suph
3589 2416 3865 2477 eumdem

2222 2516 2463 2560 sensum
2486 2501 2828 2580 exprimens
2854 2499 3153 2562 invenitur
3180 2502 3236 2563 in
3267 2501 3866 2566 VeteriTestamento

2220 2585 2607 2661 Hebraico,et
2629 2590 2761 2672 plus
2784 2609 2960 2668 quam
2995 2591 3268 2653 trieesies
3290 2593 3347 2653 in
3370 2590 3610 2672 Syriaco
3636 2594 3862 2657 Novum

2220 2680 2667 2742 Testamentum
2707 2680 3167 2759 complectente.
3203 2678 3414 2743 Santes
3470 2680 3769 2761 Pagninus
3799 2685 3862 2746 in

2222 2786 2328 2830 sua
2373 2774 2653 2832 versione
2700 2770 2904 2831 Latina
2968 2770 3208 2832 litterali
3266 2789 3505 2851 semper
3558 2784 3872 2835 conservat

2222 2876 2438 2920 nomen
2472 2859 2857 2938 primitivum,
2894 2877 2962 2921 ac
2999 2860 3167 2920 vertit
3202 2880 3214 2921 :
3250 2859 3418 2921 Mare
3468 2862 3666 2941 Suph.

2302 2948 2671 3012 Existimavit
2700 2957 2941 3011 sanctus
2972 2948 3369 3029 Hieronymus
3402 2949 3582 3012 verbo
3608 2950 3759 3031 Stlp/l
3783 2951 3869 3014 si-

2219 3038 2489 3116 gniﬁcari
2536 3039 2816 3101 rubrum.
2858 3038 3047 3102 Grmci
3089 3038 3246 3101 idem
3284 3058 3445 3100 mare
3496 3038 3868 3119 Erythraeam

2219 3136 2446 3202 vocant,
2478 3129 2634 3209 quod
2655 3128 2831 3189 etiam
2868 3130 3116 3189 rubrum
3138 3138 3327 3191 sonat.
3356 3130 3473 3191 Sed
3509 3128 3743 3210 quidam
3770 3131 3867 3190 isti

2221 3217 2370 3276 mari
2405 3217 2516 3278 hoc
2550 3236 2768 3279 nomen
2803 3218 3004 3279 datum
3052 3225 3361 3280 autumant
3391 3227 3424 3279 a‘
3453 3236 3591 3297 rege
3616 3220 3861 3299 Erythro

492 3294 890 3394 procederent
939 3326 1073 3370 cum
1133 3310 1319 3370 multo
1366 3311 1662 3391 superiori
1694 3329 1941 3373 numero
2000 3332 2135 3375 mu-
2156 3294 2197 3343 C
2221 3305 2320 3385 qui
2353 3307 2618 3385 regnavit
2652 3307 2711 3368 in
2744 3308 2937 3369 insula
2969 3307 3143 3386 hujus
3172 3309 3352 3368 maris
3378 3294 3648 3369 finitima.

492 3400 731 3473 lierum,
767 3397 1098 3478 puellarum
1165 3406 1225 3459 et
1274 3398 1589 3461 infantium
1624 3400 1639 3460 l
1676 3398 1826 3474 Quis
1876 3421 2136 3482 unquam

493 3488 667 3551 talem
702 3486 1111 3549 confusionem
1141 3488 1462 3550 admissam
1488 3489 2002 3570 fuisseimaginari
2036 3510 2137 3553 au-

495 3576 659 3641 debit
675 3583 703 3640 ?

572 3665 740 3730 Hanc
760 3684 897 3729 vero
908 3665 1454 3731 considerationem
1470 3667 1541 3731 ad
1551 3674 1977 3753 notator,quasi
1995 3692 2140 3753 puer

492 3757 857 3839 inexpertus,
890 3756 1089 3818 forsan
1122 3764 1324 3819 mente
1366 3757 1656 3822 revolvit:
1707 3757 1879 3823 Unde
1928 3762 2139 3825 didicit

490 3853 727 3909 sanctus
749 3844 1026 3910 Clemens
1060 3846 1213 3907 hanc
1244 3845 1460 3908 factam
1483 3845 1666 3909 fuisse
1700 3850 2137 3929 separationem

491 3936 567 3999 de
595 3954 711 4017 qua
737 3935 1047 4016 Scriptura
1081 3953 1199 3998 non
1232 3935 1541 4017 loquitur?

570 4026 745 4091 Nulla
769 4024 916 4088 mihi
943 4025 1208 4106 profecto
1244 4025 1569 4089 difﬁcultas
1598 4034 1757 4090 esset
1787 4029 2141 4094 admittendi

498 4123 768 4179 sanctum
801 4114 1168 4180 Clementem
1203 4133 1237 4179 a
1269 4114 1588 4178 traditione
1630 4115 1996 4201 Judaeorum,
2032 4122 2141 4183 hac

490 4207 567 4269 de
596 4205 1065 4286 circumstantia,
1100 4204 1286 4267 fuisse
1320 4204 1622 4269 edoctum.

568 4293 687 4357 Sed
718 4293 878 4356 nulla
911 4294 1084 4356 nobis
1114 4302 1204 4356 est
1235 4294 1573 4356 traditionis
1605 4313 1725 4357 non
1758 4298 1993 4379 scriptae
2025 4318 2135 4361 ne-

488 4383 755 4461 cessitas,
780 4383 1017 4465 quando
1049 4382 1536 4465 aequivalentibus
1586 4385 1790 4448 verbis
1838 4388 1992 4449 hanc
2043 4390 2130 4450 vi~

2302 3394 2411 3468 Qui
2429 3396 2668 3459 uberius
2687 3398 2863 3477 hujus
2875 3396 3146 3459 vocabuli
3163 3398 3659 3476 signiﬁcationem
3679 3396 3867 3458 calle-

2221 3503 2287 3546 re
2322 3486 2594 3566 cupiuut,
2627 3487 3037 3548 doctissimum
3091 3488 3306 3549 adeant
3342 3488 3620 3550 Drusium
3657 3488 3866 3566 (Com—

2220 3584 2403 3637 ment.
2439 3577 2507 3637 -in
2540 3575 2749 3638 Exod.
2780 3626 2795 3652 ,
2832 3596 2884 3640 c.
2916 3578 3035 3655 26).

2303 3663 2440 3727 Haec
2463 3675 2598 3726 sunt
2622 3666 2748 3729 fere
2779 3686 2910 3747 quae
2930 3688 2963 3728 a
2988 3666 3258 3747 pluribus
3284 3669 3457 3730 annis
3488 3666 3868 3748 scripsissem

2225 3752 2298 3815 de
2331 3754 2565 3817 duabus
2588 3755 2870 3836 Epistolis
2902 3758 3089 3819 sancti
3117 3756 3443 3821 Clementis
3464 3758 3537 3820 ad
3572 3757 3867 3834 Virgines,

2229 3844 2342 3904 nisi
2367 3845 2581 3924 partim
2608 3848 2900 3927 temporis
2929 3849 3220 3927 angustia,
3250 3850 3457 3929 partim
3479 3847 3695 3910 laboris
3724 3846 3874 3908 difﬁ-

2226 3933 2412 3995 cultas
2443 3935 2731 3996 voluntati
2766 3955 2914 3998 mem
2959 3937 3161 3999 obices
3194 3940 3552 4018 posuissent.

2304 4021 2427 4084 Has
2448 4022 2743 4105 Epistolas
2766 4027 3104 4087 tirmissime
3125 4029 3302 4089 credo
3324 4047 3458 4090 esse
3480 4026 3875 4105 authenticas,

2226 4114 2607 4192 quantumvis
2636 4116 3014 4179 amarissime
3047 4117 3229 4179 feram
3267 4117 3534 4179 nondum
3570 4118 3879 4198 hucusque

2227 4212 2529 4283 repertum
2553 4204 2735 4267 fuisse
2762 4207 3182 4287 primigenium
3210 4208 3522 4269 textum.Si
3542 4206 3879 4269 inveniatur

2224 4292 2648 4370 tandem,quod
2666 4295 3113 4358 instantissimis
3134 4298 3407 4378 precibus
3423 4316 3455 4357 a
3472 4299 3597 4360 Deo
3614 4297 3872 4376 postulo.

2222 4382 2501 4444 omnibus
2528 4384 2863 4447 innotescat
2890 4405 3060 4448 verus
3084 4388 3267 4448 sancti
3302 4386 3603 4465 pontiﬁcis
3635 4404 3868 4455 sensus,

485 4490 772 4537 rorumac
786 4472 1101 4535 mulierum
1118 4474 1557 4555 separationem
1581 4474 1810 4556 Moyses
1832 4476 2131 4556 exprimit.
2217 4473 2321 4553 qui
2342 4491 2449 4554 per
2474 4477 2881 4537 traductorem
2904 4477 3206 4557 Syriacum
3228 4477 3416 4538 vitiari
3440 4475 3651 4556 potuit.
3680 4473 3875 4555 Spero

567 4563 882 4629 Enimvero
908 4561 995 4626 sic
1027 4562 1247 4643 legitur
1274 4563 1336 4625 in
1371 4564 1562 4645 capite
1584 4580 1665 4626 xu
1698 4565 1910 4644 Exodi,
1931 4586 1988 4630 v.
2016 4569 2089 4631 57
2119 4590 2131 4631 :
2158 4571 2201 4620 ι)
2225 4572 2419 4624 tamen
2452 4564 2849 4627 traductionis
2887 4567 3019 4627 vitia
3046 4586 3081 4627 a
3114 4585 3207 4627 me
3251 4585 3367 4627 non
3403 4566 3576 4627 modo
3628 4565 3876 4627 adaucta

484 4653 755 4734 Profecti
783 4660 925 4716 sunt
952 4653 1071 4734 ﬁlii
1099 4652 1294 4716 Israel
1339 4654 1414 4717 de
1451 4652 1742 4717 Ramesse
1784 4656 1853 4717 in
1898 4656 2136 4733 Socoth,

482 4751 771 4808 sexcenta
788 4745 919 4823 fere
937 4742 1136 4807 millia
1155 4742 1425 4825 peditum
1441 4745 1969 4826 viromm,absque
1989 4765 2136 4826 par-

487 4832 667 4898 vulis.
700 4831 811 4896 Hic
840 4833 955 4896 soli
984 4833 1121 4909 viri,
1150 4834 1315 4916 quasi
1344 4852 1435 4895 em
1446 4834 1706 4916 phatice,
1728 4834 2136 4915 designantur.

483 4922 688 5006 Capite
710 4940 787 4987 xv
810 4923 1155 5004 expressius
1186 4923 1456 4985 innuitur
1478 4924 1798 5005 separatio.
1829 4926 2136 4989 Canticum

483 5015 645 5077 enim
676 5014 911 5093 Moyses
942 5031 1075 5075 cum
1099 5012 1242 5074 viris
1264 5012 1550 5076 concinit.
1571 5012 1800 5077 Deinde
1823 5016 2139 5094 egrediun-

487 5114 584 5169 tur
615 5102 925 5185 mulieres,
952 5112 1015 5167 et
1045 5104 1190 5186 ipsa;
1216 5104 1347 5166 vice
1398 5122 1505 5166 sua
1551 5102 1613 5165 id
1665 5104 1958 5167 canticum
2002 5125 2135 5169 cum

484 5193 667 5257 Maria
698 5193 915 5275 Moysis
946 5202 1004 5257 et
1026 5195 1289 5258 Aaronis
1329 5212 1561 5268 sorore,
1593 5194 1893 5259 recinunt.

562 5280 733 5346 Philo
748 5281 1010 5362 Judaeus,
1037 5292 1244 5349 sancto
1268 5285 1561 5349 Clementi
1586 5292 1949 5361 coaetaneus,
1984 5286 2141 5351 hanc

484 5371 919 5455 scparationem
944 5374 1105 5438 clare
1130 5375 1763 5457 exprimit.Postquam
1788 5375 1946 5437 enim
1971 5375 2141 5457 IEgy—

484 5463 742 5545 ptiorum
789 5463 1053 5527 narravit
1099 5465 1363 5547 ruinam,
1397 5464 1604 5529 addit:
1646 5485 1675 5525 ‹
1704 5464 1946 5528 Factum
1985 5465 2138 5527 istud

482 5550 694 5634 ingens
713 5559 774 5616 et
788 5554 1152 5635 stupendum
1174 5553 1414 5617 Hebraii
1440 5552 1822 5636 mirati,quod
1850 5553 1982 5618 sine
2007 5573 2141 5617 san-

565 5709 619 5757 ⁸⁸
646 5712 820 5779 Philo
842 5714 933 5780 De
953 5717 1082 5779 vita
1110 5714 1360 5797 Mauris,
1401 5714 1508 5779 lib.
1544 5735 1590 5781 1.

2225 4671 2343 4714 non
2376 4652 2586 4725 fuisse,
2621 4654 2726 4715 sed
2761 4654 2926 4716 valde
2970 4656 3306 4717 imminuta.

2303 4742 2454 4805 Mira
2485 4742 2597 4804 fuit
2629 4761 2761 4805 sors
2798 4744 3156 4823 scriptorum
3194 4744 3385 4807 sancti
3439 4742 3780 4806 Clementis.
3821 4746 3869 4806 A

2224 4833 2403 4896 Junio
2434 4832 2688 4894 Patricio
2712 4833 3038 4912 Anglicano
3061 4834 3303 4897 inventa
3327 4840 3416 4896 est
3447 4836 3576 4912 ejus
3607 4831 3871 4911 Epistula

2226 4923 2297 4984 ad
2333 4921 2672 4985 Corinthios
2702 4924 2923 5005 scripta
2952 4944 2966 5000 ;
3000 4942 3033 4983 a
3065 4923 3358 4986 Wetstino
3393 4942 3508 4984 non
3543 4923 3737 4983 minus
3769 4920 3873 4982 Ec-

2229 5011 2425 5074 clesiae
2455 5014 2741 5075 Romanis
2773 5012 3006 5075 infenso
3041 5014 3298 5075 inventae
3328 5023 3465 5073 sunt
3498 5010 3687 5073 ambae
3716 5010 3872 5091 ejus-

2225 5101 2362 5163 dem
2397 5102 2589 5163 sancti
2618 5100 2943 5164 Clementis
2972 5104 3043 5165 atl
3077 5102 3353 5181 Virgines
3382 5101 3681 5182 Epistolm.

2306 5190 2471 5253 Notae
2502 5190 2748 5253 Patricii
2802 5193 2857 5253 in
2915 5191 3237 5273 Epistolam
3293 5210 3467 5273 quam
3521 5190 3744 5251 invenit
3784 5190 3874 5253 vix

2225 5281 2615 5345 dissidentem
2635 5282 2934 5345 hominem
2955 5280 3702 5361 detegunt.Prolegomena
3716 5278 3878 5343 Wet.

2225 5372 2389 5446 stini,
2410 5373 2649 5435 duobus
2674 5372 2820 5433 locis
2849 5371 3113 5453 exceptis
3138 5373 3194 5433 in
3220 5372 3435 5453 quibus
3467 5370 3668 5433 odium
3702 5389 3872 5432 suum

2227 5480 2368 5543 erga
2388 5463 2715 5525 Romanam
2741 5460 3071 5525 Ecclesiam
3096 5463 3307 5541 exerit,
3336 5459 3674 5524 testimonia
3699 5460 3871 5523 exhi-

2224 5554 2369 5617 bent
2399 5551 2768 5616 sinceritatis
2798 5570 2867 5615 ac
2896 5554 3183 5631 veritatis,
