4108 6352
272 371 456 440 θπι
1201 439 1206 443 .
1251 381 1640 446 EPISTOL-IE
1667 383 1772 447 AD
1799 385 1942 446 VIBI

2039 386 2186 449 γωδ.
2220 417 2298 430 -
2327 386 2721 449 ΡΒΟΕΕΜΙΑ.
3489 409 3507 420 '
3533 383 3650 454 378

364 511 654 577 Permisit
669 516 828 577 Deus
847 517 982 579 haec
991 529 1386 579 armamenta
1404 535 1442 579 a
1459 518 1600 579 viris
1630 518 1756 581 sedi
1785 536 1929 598 a'po-s
1947 527 1986 574 Α
2089 520 2223 581 Non
2238 517 3506 601 nocebltinventorquicertemmrmentnm
3522 522 3653 602 ipse

279 603 516 666 stolicae
546 604 864 668 hostilibus
895 607 1088 686 detegi
1111 616 1169 669 et
1191 608 1501 688 publicari,
1529 608 1933 670 utasectariis
2017 625 2133 668 non
2166 608 2377 669 struxit
2409 608 2562 688 quod
2621 617 2701 670 tot
2750 618 2888 670 ante
2931 610 3096 670 illum
3148 611 3379 673 saeculis
3423 610 3652 674 existe-

286 692 492 754 minus
538 694 1054 774 impugnarentur,
1088 707 1188 759 aut
1237 697 1397 760 fraus
1439 698 1770 760 Catholicisi
1813 717 1931 760 non
2017 695 2135 767 bat.
2171 696 2324 759 sicut
2381 698 2576 760 adhuc
2630 697 2850 779 existit,
2883 698 3256 779 antiquitatis
3308 717 3432 762 suae
3485 700 3654 779 signa

284 781 706 862 imputaretur.
745 785 921 847 Siluit
949 787 1308 863 generaliter
1332 787 1574 849 haeresis
1591 787 1665 848 de
1681 787 1935 868 epistola
2018 785 2360 866 praeferens.
2397 786 2521 848 lmo
2553 807 2668 869 quo
2702 789 2888 866 magis
2929 797 3222 870 suspectae
3265 789 3401 851 fidei
3445 791 3656 852 inven-

281 872 529 933 aJunio
559 871 813 937 Patricio
855 875 1507 958 inventaznullusque,
1537 877 1694 959 quod
1721 878 1930 955 sciam,
2019 883 2110 937 tor
2184 876 2556 958 probabitur,
2617 895 2689 939 eo
2764 877 2984 939 clarius
3049 879 3272 958 patebit
3345 878 3653 942 inimicum

282 971 538 1024 novator
579 964 755 1044 hujus
804 963 1312 1030 authenticitatem
1344 983 1664 1046 aggressus
1685 977 1812 1030 est:
1846 967 1940 1032 vix
2023 964 2358 1044 degmatum
2393 967 2900 1050 orthodoaorum‘,
2923 986 3038 1029 non
3085 977 3300 1049 sponte
3344 968 3403 1030 in
3450 987 3654 1031 eorum

283 1052 482 1127 enim,
511 1053 572 1114 in
596 1055 707 1116 hac
727 1054 1008 1135 Epistula,
1031 1066 1270 1120 sanctus
1293 1056 1558 1119 Pontifex
1581 1057 1944 1122 delibaverat
2022 1053 2280 1117 favorem
2313 1063 2429 1117 tam
2464 1055 2843 1137 splendidum
2879 1057 3193 1138 protulisse
3221 1057 3662 1120 fulcimentum.

285 1141 574 1204 veritates
606 1144 817 1205 haaresi
848 1145 1106 1211 odiosas.
1131 1146 1262 1210 Dixi
1292 1145 1384 1208 vix
1415 1147 1775 1210 delibaverat
1804 1147 1942 1230 quia
2021 1145 2148 1226 Nec
2168 1144 2308 1205 illud
2343 1144 2610 1207 exhibuit
2640 1145 2772 1208 sine
2793 1147 3078 1209 conviciis
3108 1148 3166 1209 in
3199 1146 3524 1210 Ecclesiam
3545 1145 3660 1210 sibi

285 1250 410 1293 non
443 1233 715 1296 absolute
740 1234 814 1295 de
843 1235 934 1295 his
961 1236 1240 1298 omnibus
1265 1245 1550 1315 tacuerat,
1576 1236 1774 1317 utjam
1797 1236 1938 1299 alibi
2022 1229 2320 1298 invisam.

283 1331 557 1383 notatum
590 1332 700 1384 est.
737 1326 941 1402 Longe
969 1324 1142 1387 aliter
1169 1345 1234 1388 se
1267 1344 1365 1387 res
1397 1326 1602 1388 habuit
1629 1328 1688 1388 in
1719 1327 1935 1407 episto-
2103 1323 2432 1387 Adnotator
2473 1324 2870 1405 Epistolarum
2919 1325 3352 1388 authenticitati
3393 1344 3508 1387 non
3544 1344 3659 1387 no-

285 1409 366 1472 lis
400 1412 476 1474 de
507 1412 844 1490 virginitate
876 1415 1268 1477 tractantibus
1299 1437 1314 1478 :
1345 1413 1747 1476 Protestantes
1778 1416 1937 1477 enim
2023 1421 2134 1474 cet.
2176 1413 2438 1486 Quilibet
2463 1414 2655 1476 lector
2695 1415 2989 1478 aestimare
3023 1414 3207 1496 potuit
3255 1416 3514 1478 valorem
3546 1413 3662 1476 ob-

286 1500 649 1580 virginitatis
672 1521 900 1578 osores,
935 1504 1104 1584 quasi
1138 1505 1403 1566 unanimi
1435 1521 1577 1567 voce
1605 1514 1812 1567 contra
1840 1525 1941 1568 an»
2018 1501 2416 1581 jectationum
2445 1503 2628 1584 illius,
2650 1523 2718 1566 ac
2750 1515 3060 1586 penetrare
3092 1503 3352 1566 animum
3387 1503 3660 1566 hostilem

283 1590 724 1654 thenticitatem
753 1611 960 1653 earum
993 1592 1468 1656 insurrexerunt.
1493 1593 1612 1655 Nec
1631 1594 1940 1676 quisquam
2000 1610 2142 1673 quo
2178 1591 2555 1657 movebatur:
2584 1593 2722 1656 Non
2751 1596 2913 1658 enim
2943 1611 3052 1658 cor
3091 1595 3220 1674 ejus
3260 1601 3388 1657 erat
3437 1600 3665 1657 rectum

284 1679 438 1742 inde
469 1681 668 1742 mirari
698 1681 875 1742 debet
899 1704 912 1742 :
935 1707 966 1764 _«
997 1681 1218 1746 Omnes
1248 1702 1506 1766 namque
1533 1693 1804 1764 quaerunt
1827 1686 1946 1766 pla-
2025 1698 2228 1744 coram
2261 1683 2519 1745 Domino
2547 1680 2621 1758 ιι,
2657 1703 2793 1746 cum
2825 1694 2982 1746 esset
3009 1703 3242 1746 vesanae
3273 1683 3666 1765 phil030phim

284 1769 774 1843 centia;omnes
823 1790 893 1833 ea
939 1771 1148 1834 audire
1197 1765 1462 1851 gestiunt
1503 1792 1635 1854 quae
1681 1765 1946 1837 habenas
2028 1769 2160 1832 labe
2191 1773 2500 1836 infectum.

285 1860 464 1921 carni
489 1860 706 1934 laxent,
738 1878 853 1924 non
880 1880 1013 1942 quae
1035 1861 1325 1924 inducant
1348 1863 1729 1926 conscientiae
1745 1873 1943 1926 rusto-
2109 1858 2375 1923 Tandem
2413 1861 2771 1924 inventionis
2799 1870 2938 1926 astas
2968 1862 3065 1926 vix
3105 1882 3378 1946 campum
3411 1861 3664 1924 liberum

285 1950 532 2012 diendm
552 1950 841 2026 studium,
871 1952 1180 2033 religionis
1205 1971 1435 2029 curam,
1465 1953 1940 2016 Christianorum
1969 1977 2002 2026 Β
2027 1949 2572 2031 relinquebatverze
2593 1951 3126 2034 eruditionizhujus
3144 1953 3304 2016 enim
3334 1952 3517 2015 aetatis
3543 1951 3670 2032 pbi-

284 2055 526 2099 morum
605 2040 856 2119 pondus.
911 2065 934 2096 ιο
997 2041 1134 2103 Haec
1212 2042 1505 2104 Wicelius
1561 2042 1775 2106 Senior
1829 2036 1930 2125 qui
2015 2041 2880 2122 Iosephiaundiquesannisac
2905 2041 3175 2105 dicteriis
3199 2043 3663 2105 veritatesetiam

286 2127 520 2208 optime
553 2139 796 2190 noverat
826 2137 1044 2193 sectam
1080 2150 1211 2211 quae
1239 2132 1552 2194 seduxerat
1582 2133 1747 2194 illum
1770 2131 1844 2193 ⁸³.
2016 2129 2430 2210 apertissimas
2480 2132 2768 2193 audacter
2818 2132 3310 2213 persequebatur.
3342 2131 3480 2194 Ideo
3513 2148 3660 2193 con-

379 2220 557 2282 Certe
586 2218 635 2278 si
668 2218 1097 2302 qualiscunque
1145 2218 1428 2303 epistola,
1451 2215 1694 2285 nomine
1739 2221 1930 2287 sancti

288 2307 620 2370 Clementis
647 2309 1189 2390 insignita,reperta
1209 2310 1620 2392 fuisset,cujus
1637 2313 1944 2393 interpre-

289 2399 442 2459 tatio
461 2415 706 2459 sensum
741 2397 1088 2478 praebuisset
1115 2399 1407 2462 caelibatui
1427 2400 1749 2474 infensum,
1780 2402 1947 2466 mille

291 2487 714 2550 buccinatores
735 2487 1206 2570 adlaborassent,
1232 2489 1390 2552 inter
1411 2492 1796 2566 sectarios,ut
1812 2511 1940 2555 eam

289 2578 856 2658 superextollereut,
909 2578 1157 2659 ejusque
1219 2579 1731 2644 authenticitatem
1779 2599 1944 2645 asse-

291 2675 522 2729 rerent.

379 2757 449 2818 ld
490 2755 727 2819 abunde
787 2756 1000 2837 probat
1058 2757 1463 2820 testimonium
1525 2759 1683 2840 quod
1739 2770 1942 2824 sancto

293 2846 642 2926 Paphnucio
673 2845 952 2911 Socrates
985 2855 1099 2908 tam
1120 2848 1502 2914 mendaciter
1521 2851 1939 2930 imputat,tan-

291 2953 474 3016 quam
513 2936 574 2997 in
609 2937 733 3017 ipso
757 2936 1012 2998 concilio
1037 2937 1278 3000 Niczeno
1324 2939 1640 3017 prolatum,
1665 2940 1943 3022 quodque

291 3043 460 3086 nunc
493 3033 577 3086 tot
601 3026 1051 3106 probationibus
1083 3027 1292 3089 falsum
1326 3027 1794 3090 demonstratum
1826 3040 1934 3093 est.

379 3112 499 3177 Nec
531 3114 759 3195 negabo
794 3117 904 3177 tria
940 3117 1342 3192 concurrisse,
1368 3137 1484 3180 non
1511 3128 1576 3179 ut
1601 3121 1946 3198 pessumda-

291 3214 483 3284 retur,
508 3182 710 3267 sedvut
745 3204 1084 3268 differretur
1105 3182 1808 3285 agnitio'authenticitatis
1832 3182 1941 3272 no-
1964 3182 2004 3232 θ

292 3304 552 3356 strarnm
574 3293 973 3376 Epistolarum
1003 3319 1015 3355 :
1043 3298 1235 3377 primo
1267 3297 1656 3372 inventorem,
1677 3300 1945 3362 secundo

300 3385 742 3461 adnotatorem,
779 3385 956 3446 tertio
1007 3384 1372 3448 inventionis
1401 3393 1654 3448 aetatem.

385 3475 897 3556 lnvcntorem,qui
913 3475 1065 3555 apud
1081 3494 1223 3536 suos
1240 3475 1418 3538 etiam
1442 3486 1731 3556 suspectae
1748 3479 1818 3541 ad
1829 3498 1948 3542 mo-

296 3564 438 3626 dum
475 3563 614 3625 tidei
645 3573 772 3626 erat
801 3585 816 3638 ;
846 3563 1284 3643 adnotatorem,
1313 3566 1409 3646 qui
1445 3585 1662 3628 nomen
1692 3567 1948 3631 habebat

304 3654 461 3715 inter
483 3653 674 3715 ultimi
699 3652 899 3715 saeculi
927 3652 1313 3736 philosophos
1335 3670 1387 3716 et
1418 3654 1477 3716 in
1499 3657 1801 3718 academia
1822 3657 1943 3720 Ro-

297 3742 670 3821 tbomagcnsi
724 3752 787 3804 ut
835 3743 1142 3806 oraculum
1185 3743 1559 3806 audiebatur.
1591 3743 1950 3809 lnventionis

295 3844 733 3912 aetatem.quam
750 3851 957 3895 vocare
979 3851 1288 3912 possemus
1301 3833 1733 3898 incredulitatis
1748 3855 1945 3900 aeram-

295 3923 435 3986 Hmc
493 3943 651 3985 nunc
707 3923 984 4002 podesse,
1019 3942 1135 3984 non
1185 3941 1404 3986 nocere
1447 3922 1671 3988 debent
1711 3927 1941 4004 judicio

297 4015 667 4076 eruditorum
680 4058 694 4072 .

2026 2236 2267 2283 versum
2298 2231 2386 2282 est
2416 2229 2758 2284 retrorsum
2777 2221 3110 2302 judicium,
3145 2231 3197 2285 et
3218 2223 3466 2300 justitia
3494 2220 3670 2299 longe

2026 2310 2191 2372 stetit
2214 2317 2268 2372 et
2298 2312 2536 2373 corruit
2576 2317 2640 2372 in
2663 2309 2864 2392 platea
2901 2313 3136 2374 veritas
3164 2321 3221 2375 et
3257 2311 3514 2391 aequitas
3542 2325 3666 2372 non

2025 2401 2222 2479 potuit
2250 2400 2494 2480 ingredi
2512 2400 2587 2460 ‘5.

2109 2485 2296 2549 Hodie
2331 2506 2462 2550 vero
2495 2487 2761 2551 Ecclesia
2797 2497 2982 2552 mater
3007 2491 3196 2571 longis
3241 2489 3473 2570 expleta
3503 2487 3667 2550 fasti-

2029 2577 2143 2639 diis
2171 2583 2616 2658 conICmptores
2641 2595 2785 2640 snos
2815 2581 3176 2660 contemptui
3197 2579 3442 2642 traditos
3471 2577 3667 2640 intue-

2031 2668 2279 2748 tuersi
2287 2668 2420 2747 jam
2441 2667 2754 2730 comedunt
2771 2668 3018 2746 fruetus
3034 2673 3147 2731 vim
3167 2686 3292 2732 sua:
3310 2677 3368 2731 et
3387 2673 3517 2731 suis
3531 2684 3670 2730 con-

2029 2756 2189 2818 siliis
2239 2763 2603 2818 saturantur
2631 2753 2700 2813 ⁸⁸.
2731 2756 2789 2820 Si
2821 2757 3090 2838 quaedam
3132 2757 3324 2819 adhuc
3354 2760 3669 2818 remanent

2029 2845 2239 2924 priscae
2269 2845 2492 2906 fraudis
2537 2853 2884 2922 sectatores,
2919 2845 3081 2920 ultra
3133 2863 3254 2908 non
3301 2847 3664 2926 proﬁcient:

2027 2934 2389 3011 insipientia
2420 2935 2587 2996 enim
2618 2951 2824 2996 eorum
2846 2929 3175 3012 manifesta
3206 2937 3325 2998 erit
3348 2933 3424 2994 ⁸⁷.

2106 3021 2177 3084 Et
2208 3042 2385 3097 nunc,
2407 3023 2605 3086 divine
2623 3023 2923 3094 Clemens,
2948 3042 3297 3105 exsurgere,
3322 3033 3379 3086 et
3401 3023 3567 3107 quasi
3592 3025 3669 3086 de

2031 3111 2296 3175 tenebris
2327 3129 2602 3192 erumpe.
2628 3111 2812 3175 Sonet
2836 3117 3045 3174 iterum
3074 3133 3179 3175 vox
3207 3123 3302 3176 tua
3324 3114 3514 3176 dulcis
3537 3132 3668 3194 qua

2033 3201 2222 3283 prima
2243 3201 2738 3279 virginitatislilia
2761 3203 3138 3266 immaculato
3154 3213 3212 3265 et
3226 3207 3446 3266 intacto
3467 3203 3669 3284 splen-

2030 3294 2176 3352 dore
2194 3291 2333 3353 olim
2356 3291 2646 3353 adornare
2672 3292 2990 3373 gestiebat.
3017 3294 3099 3357 Te
3125 3295 3412 3374 perﬂante
3427 3295 3665 3356 hortum

2033 3382 2338 3454 Ecclesiae,
2373 3383 2562 3444 ﬂuant
2589 3393 2854 3446 aromata
2883 3385 3083 3466 illius;
3121 3385 3262 3446 novi
3303 3403 3543 3465 semper
3572 3403 3671 3465 ap-

2033 3479 2272 3552 pareant
2298 3472 2474 3533 ﬂores
2498 3472 2556 3532 in
2592 3481 2750 3535 terra
2780 3481 3004 3538 nostra.
3039 3472 3158 3536 Hos
3189 3476 3370 3537 ﬂores
3401 3484 3665 3556 protege,

2031 3579 2332 3642 nunquam
2367 3561 2684 3632 deﬁciant;
2734 3583 3029 3646 nunquam
3065 3575 3452 3627 marcescant.
3486 3563 3672 3626 Sacer

2033 3650 2325 3732 pontifex,
2359 3651 2527 3731 virgo
2581 3653 2885 3727 sacerdos,
2920 3653 3186 3716 caelestis
3216 3673 3355 3715 rore
3385 3653 3672 3714 doctrina:

2035 3759 2212 3824 pasce
2232 3739 2521 3811 clericos;
2543 3760 2716 3822 pasce
2743 3743 3148 3825 presbyteros;
3172 3761 3345 3822 pasce
3361 3741 3668 3824 praesules;

2039 3847 2214 3913 pasce
2245 3829 2527 3892 candidas
2574 3850 2820 3910 sponsas
2851 3832 3088 3904 Christi.
3124 3831 3216 3894 cui
3244 3851 3378 3894 cum
3411 3831 3583 3894 Patre
3612 3840 3672 3894 et

2029 3920 2254 4002 Spiritu
2289 3926 2495 3980 sancto
2525 3921 2598 3982 sit
2627 3921 2818 3982 honor
2847 3927 2906 3984 et
2928 3920 3117 4001 gloria
3148 3923 3204 3983 in
3236 3922 3449 3986 saecula
3475 3939 3671 3984 saecu-

2025 4015 2246 4076 lorum.
2290 4010 2510 4073 Amen.

379 4290 431 4334 ⁸³
461 4290 722 4374 Epist.~8
755 4293 920 4372 Jun,
952 4288 1124 4354 l533.
1215 4289 1270 4332 ⁴⁴
1298 4289 1445 4355 Psal.
1488 4310 1706 4370 Lxxvlt,
1741 4294 1842 4357 37.
1929 4292 1942 4332 ⁴

2039 4267 2114 4353 sa.
2146 4302 2269 4365 1.1x,
2312 4285 2404 4347 14.
2491 4288 2546 4335 ⁸⁸
2574 4293 2749 4352 Prov.
2779 4309 2822 4365 1,
2858 4289 2958 4354 3t.
3045 4289 3098 4334 ⁸⁷
3124 4288 3177 4352 ll
3203 4288 3359 4352 Tim.
3392 4290 3539 4366 111,9.
