4108 6352
526 381 646 448 463
1378 391 1438 454 8.
1486 382 1916 455 CLEMENTIS
1958 382 1982 447 Ι
2026 385 2208 448 RDM.
2256 387 2480 454 PONT.
2528 389 2775 458 OPERA
2819 389 3075 452 DUBIA.

1818 588 2418 691 EPISTULA
2495 593 2570 684 .1.

1607 799 1710 874 ΑΙ)
1749 797 2089 860 JACOBUM
2134 797 2500 862 FRATREM
2550 802 2846 864 DOMINI.

523 971 1072 1050 EuqrratClemem,
1111 989 1216 1050 qua
1248 975 1459 1050 ratione
1486 973 1676 1032 Petrus
1707 975 1873 1050 brevi
1895 975 2214 1050 moriturus,
2243 976 2572 1050 congregatis
2603 977 2890 1049 fratribus,
2951 983 3001 1034 et
3045 978 3292 1050 concione
3329 949 3640 1050 praemissa:
3661 991 3777 1049 qua
3813 975 3833 1046 ἑ

589 1046 701 1102 sius
738 1044 1022 1122 Clementis
1054 1043 1299 1122 imiritum
1341 1045 1516 1117 eﬁ‘ert,
1547 1053 1594 1102 et
1625 1048 1798 1122 multo
1827 1046 2079 1122 cit-radit
2109 1043 2633 1122 regendcelEeclesice
2675 1062 2967 1122 prwcepw,
3000 1051 3177 1122 ipsum
3215 1043 3342 1105 sibi"
3364 1043 3709 1108 successore?»
3743 1043 3901 1103 ordi-

591 1123 707 1182 nat,
744 1133 808 1174 ac
826 1119 1047 1190 jubetur
1080 1118 1318 1176 Clemens
1340 1125 1461 1188 post
1490 1125 1722 1175 mortem
1754 1120 1904 1176 Petri
1925 1117 2187 1191 cpnomen
2203 1117 2652 1191 praedicationum
2675 1117 2948 1193 ipsius'ad
2974 1117 3236 1179 licebunt
3271 1121 3498 1186 mittere,

595 1243 822 1314 (Eadem
855 1254 939 1303 est
971 1260 1035 1302 ac
1061 1259 1332 1317 sequens,
1364 1245 1474 1301 nisi
1505 1244 1658 1317 quod
1701 1244 1888 1301 multis
1955 1244 2489 1316 interpolationibus
2549 1246 2619 1303 ab
2677 1246 2896 1304 Isidoro
2953 1247 3280 1311 Mercatore,
3314 1262 3414 1303 seu
3453 1249 3642 1317 potius
3678 1245 3749 1302 ab
3779 1246 3902 1302 alio

521 1317 770 1388 quodam
796 1317 974 1374 multo
1015 1315 1187 1387 quam
1217 1315 1472 1374 Isidorus
1501 1315 1824 1386 antiquiore
1854 1324 2072 1374 accreta
2101 1315 2231 1383 est.)

1637 1631 2054 1724 EADl‘ZM
2143 1631 2734 1726 EPISTOLA

1430 1825 1625 1898 Ruﬁno
1657 1826 1882 1900 Torona,
1913 1829 2250 1900 Aquileiemi
2276 1829 2597 1902 presbytero,
2632 1831 2922 1902 interprete
2954 1828 3008 1870 ιθ

597 2113 878 2172 CLEMENS
906 2111 1131 2171 Jacono
1161 2109 1282 2178 (28)
1301 2105 1468 2166 fratri
1499 2105 1757 2182 Domini,
1784 2116 1840 2168 et
1861 2106 2154 2188 Episcopo
2175 2116 2218 2164 Α
2240 2107 2360 2168 sius
2394 2110 2672 2168 Romana;
2703 2106 2868 2192 urbis
2901 2108 3075 2186 hujus
3125 2107 3418 2182 notitiam,
3452 2118 3514 2168 ut
3546 2108 3721 2170 etiam
3757 2111 3890 2191 ipsa

520 2202 957 2282 episc0porum.
987 2196 1214 2274 regenti
1250 2195 1631 2257 Hebraeorum
1667 2207 1927 2258 sanctam
1962 2196 2162 2278 Eccle‘
2245 2197 2593 2270 salvaretur,
2623 2197 2873 2271 invexit;
2909 2198 3026 2265 hic,
3065 2198 3331 2278 inquam,
3369 2217 3473 2279 pro
3510 2199 3727 2284 pietate
3771 2202 3886 2281 pati

516 2293 667 2353 siam
703 2286 1159 2366 Hierosolymis,
1193 2286 1296 2346 sed
1328 2294 1385 2346 et
1431 2305 1642 2347 omnes
1673 2287 1998 2358 Ecclesias,
2031 2305 2163 2366 quae

516 2381 732 2460 ubique
762 2378 868 2441 Dei
894 2376 1260 2456 providentia
1292 2375 1549 2437 fundatae
1573 2385 1730 2454 sunt,
1756 2395 1889 2435 cum
1923 2377 2163 2457 presby-

515 2471 655 2532 teris
688 2481 747 2530 et
777 2467 1152 2542 diaconibus,
1189 2470 1249 2527 et
1281 2466 1513 2526 caeteris
1544 2465 1824 2527 omnibus
1853 2465 2152 2528 fratribus.

511 2562 630 2623 Pax
664 2560 770 2621 tibi
803 2557 880 2618 sit
908 2573 1170 2636 semper.

591 2740 812 2802 Notum
857 2737 919 2786 49
955 2733 1061 2796 tibi
1107 2732 1283 2807 facio,
1317 2733 1583 2813 domine,
1615 2734 1752 2814 quia
1804 2732 2008 2795 Simon
2044 2736 2156 2795 Pe-

511 2840 634 2892 trus
665 2831 809 2909 (59),
839 2827 938 2908 qui
979 2844 1134 2886 vera:
1167 2823 1305 2885 fidei
1341 2825 1576 2897 merito,
1605 2839 1657 2884 et
1681 2824 1922 2900 integra
1949 2824 2164 2903 praedi-

512 2920 762 2983 cationis
793 2914 1519 2988 obtentu,fundamentum
1539 2931 1672 2974 esse
1698 2913 1982 2974 Ecclesiae
2007 2914 2159 2974 defi-

514 3013 669 3072 nitus
697 3017 806 3088 est,
839 3026 954 3086 qua
986 3006 1061 3067 de
1093 3023 1271 3066 causa
1304 3005 1480 3064 etiam
1515 3002 1754 3065 Domini
1799 3022 1906 3063 ore
1959 3003 2160 3065 divino

513 3099 966 3181 cognominatus
990 3103 1080 3158 est
1105 3097 1336 3170 Petrus,
1365 3100 1460 3173 qui
1484 3093 1589 3154 fuit
1614 3093 1888 3174 primitiae
1906 3092 2159 3154 electio-

510 3191 602 3252 nis
628 3184 1296 3266 Domini,apostolorum
1324 3183 1676 3262 primus,cni
1708 3190 1764 3242 et
1789 3182 1978 3261 primo
2001 3181 2159 3252 Deus

2245 2287 2451 2349 volens
2486 2297 2835 2368 praesentem
2873 2287 3048 2350 vitam
3084 2287 3269 2348 finivit
3296 2289 3379 2350 50.
3414 2291 3478 2350 In
3514 2288 3659 2368 ipsis
3689 2299 3888 2352 autem

2244 2376 2706 2458 diebus,quibus
2728 2381 2856 2438 vitae
2880 2378 3057 2439 finem
3077 2378 3189 2438 sibi
3217 2378 3534 2439 imminere
3553 2381 3885 2458 praesensit,

2243 2466 2302 2527 in
2361 2477 2652 2528 conventn
2702 2467 2948 2529 fratrum
3008 2467 3255 2547 positus,
3287 2469 3661 2548 apprehensa
3711 2489 3888 2530 manu

2244 2574 2396 2636 mea,
2421 2567 2667 2636 repente
2698 2575 3084 2632 consurgens,
3111 2557 3169 2617 in
3201 2557 3445 2618 auribus
3477 2559 3654 2619 totius
3674 2558 3888 2626 Ecde-

2241 2645 2342 2706 siae
2374 2648 2500 2706 haec
2555 2646 2794 2725 protulit
2842 2646 3063 2708 verba:
3106 2671 3133 2701 α
3161 2646 3380 2709 Audite
3429 2666 3524 2709 me
3571 2647 3782 2711 fratres
3829 2657 3890 2710 et
3961 2687 3964 2690 -

2240 2736 2514 2796 conservi
2540 2736 2656 2796 mei
2683 2756 2696 2795 :
2726 2735 3029 2816 quoniam,
3057 2743 3115 2796 ut
3150 2737 3398 2796 edocms
3427 2754 3558 2796 sum
3590 2736 3662 2797 ab
3681 2756 3751 2798 eo
3784 2740 3885 2818 qui

2251 2825 2407 2886 misit
2443 2844 2559 2898 me,
2592 2825 2841 2888 Domiuo
2874 2834 2936 2888 et
2970 2825 3249 2903 magistro
3284 2844 3416 2887 meo
3444 2827 3584 2887 Jesu
3622 2826 3883 2902 Christo,

2245 2915 2373 2977 dies
2394 2921 2598 2976 mortis
2613 2933 2756 2976 meae
2776 2915 3346 2995 instat,Clementem
3368 2916 3525 2975 hunc
3539 2917 3884 2997 episcopum

2245 3005 2409 3066 vobis
2431 3005 2668 3075 ordino,
2695 3005 2788 3064 cui
2815 3003 2920 3065 soli
2949 3022 3094 3065 meae
3119 3003 3552 3084 praedicationis
3577 3014 3635 3065 et
3663 3006 3886 3068 doctri-

2245 3113 2335 3155 nae
2367 3095 2712 3155 cathedram
2747 3093 2910 3154 trado
2941 3093 2989 3135 ⁵¹
3021 3112 3034 3155 :
3069 3094 3168 3174 qui
3203 3092 3344 3172 mihi
3378 3093 3450 3153 ab
3501 3095 3666 3154 initio
3696 3115 3887 3176 usque

2244 3185 2303 3247 in
2335 3187 2512 3246 tinem
2537 3203 2739 3246 comes
2772 3184 2831 3244 in
2864 3182 3142 3246 omnibus
3163 3181 3291 3254 fuit,
3320 3191 3377 3245 et
3403 3203 3509 3262 per
3530 3185 3641 3245 hoc
3663 3185 3881 3263 verita-

513 3284 682 3342 Pater
712 3279 925 3339 Filium
959 3274 1264 3347 revelavit,
1297 3273 1391 3333 cui
1423 3281 1482 3333 et
1510 3273 1784 3333 Christus
1816 3280 2160 3351 competen-

511 3380 600 3431 ter
625 3365 1052 3429 beatitudinem
1088 3361 1359 3454 contulit,
1387 3362 1488 3442 qui
1511 3369 1571 3422 et
1594 3369 1831 3454 vocatus
1857 3370 2018 3420 estet
2039 3360 2155 3422 ele'
2182 3406 2216 3454 Β
2244 3363 2416 3454 nibus
2451 3363 2876 3454 tentationibus
2918 3363 3065 3450 meis
3100 3362 3299 3454 socius
3351 3364 3593 3454 exstitit,
3631 3364 3884 3428 fideliter

511 3469 663 3534 ctus,
690 3467 746 3519 et
764 3455 1005 3518 conviva
1027 3453 1263 3516 Domini
1287 3465 1345 3515 et
1368 3439 1568 3513 comes
1591 3451 1855 3545 effectus,
1878 3459 2152 3545 tanquam
2183 3439 2216 3454 ν
2241 3439 2846 3545 perseveranszquem
2867 3471 2984 3538 pra:
3005 3447 3237 3526 caeteris
3251 3441 3668 3538 ex‘pertussum
3692 3456 3877 3518 Deum

511 3551 701 3613 bonus
733 3556 790 3609 et
822 3543 1272 3627 probatissimus
1324 3541 1673 3621 discipulus,
1707 3539 1806 3619 qui
1837 3540 2152 3602 obscurio-
2237 3539 2557 3622 colentem,
2592 3541 2868 3606 homines
2909 3541 3280 3621 diligentem,
3318 3552 3572 3623 castum,
3606 3544 3880 3612 discendi

507 3659 636 3703 rem
671 3636 874 3699 mundi
909 3634 1135 3712 plagam
1171 3631 1513 3694 Occidentis
1541 3631 1721 3710 (velut
1752 3630 2016 3690 omnium
2052 3649 2152 3710 po-
2236 3634 2451 3694 studiis
2479 3630 2770 3706 deditum,
2803 3631 3096 3713 sobrium,
3123 3631 3742 3713 benignum,justum,
3771 3653 3876 3714 pa-

510 3730 744 3805 tentior)
765 3725 1102 3787 illuminare
1127 3730 1461 3802 praeceptus
1484 3721 1827 3802 est,quique
1849 3729 1905 3780 et
1928 3718 2156 3799 integre
2241 3722 2508 3803 tientem,
2537 3729 2596 3783 et
2626 3722 2915 3785 scientem
2946 3721 3106 3782 ferre
3131 3723 3555 3784 nonnullorum
3581 3724 3779 3795 (etiam
3809 3743 3879 3786 ex

509 3819 698 3901 potuit
725 3817 976 3895 implere
1009 3821 1394 3894 praeceptum.
1430 3812 1544 3873 Sed
1591 3827 2156 3901 quousquesermo-
2237 3811 2340 3901 his
2361 3812 2461 3892 qui
2490 3812 2550 3873 in
2582 3811 2765 3873 verbo
2801 3811 2909 3874 Dei
2950 3811 3366 3901 instituuntur)
3401 3812 3676 3892 injurias.

511 3899 642 3972 nem
682 3907 985 3988 protraho,
1018 3903 1316 3981 refugiens
1347 3901 1616 3962 indicare
1644 3900 1801 3980 quod
1837 3899 2006 3988 triste
2038 3908 2147 3980 est,
2314 3900 2564 3982 Propter
2583 3902 2743 3981 quod
2772 3901 2886 3980 ipsi
2919 3900 3135 3962 tradoa
3160 3901 3414 3964 Domino
3436 3903 3582 3966 mihi
3605 3904 3876 3968 traditam

506 3999 666 4078 quod
685 3987 929 4077 quidem
953 4011 1200 4053 necesse
1228 3991 1487 4064 est,licet
1511 3987 2022 4078 tarde,proferre_?
2043 3988 2151 4049 Hic
2235 3999 2586 4070 potestatem
2611 3990 2833 4070 ligandi
2857 3999 2914 4051 et
2934 3990 3240 4064 solvendi;
3267 4003 3332 4054 ut
3351 3991 3427 4053 de
3445 3992 3726 4056 omnibus
3747 3994 3878 4074 qui-

504 4076 763 4166 denique
793 4087 921 4165 ipse
944 4086 1176 4153 Petrus,
1209 4080 1316 4156 qui
1366 4099 1471 4160 pro
1523 4079 1816 4139 immensa
1839 4076 2146 4151 charitate,
2236 4079 2585 4157 buscnnque
2608 4079 3021 4143 decreveritin
3054 4080 3377 4166 terris,hoc
3398 4083 3705 4166 decretum
3724 4085 3877 4145 sitet

507 4163 682 4258 quam
728 4163 864 4252 erga
918 4189 1125 4234 omnes
1169 4170 1444 4231 homines
1491 4169 1758 4248 gerebat,
1795 4168 1983 4247 palam
2014 4184 2149 4227 cum
2232 4167 2293 4228 in
2325 4169 2508 4230 caelis.
2543 4166 2773 4248 Ligabit
2803 4167 2960 4230 enim
2995 4169 3152 4247 quod
3183 4163 3636 4250 op'ortet'l'igari,
3671 4182 3731 4233 et
3758 4172 3878 4236 sol-

506 4257 664 4329 Omni
726 4263 985 4325 ﬁuducia
1005 4261 1383 4337 (adversante
1439 4261 1612 4320 etiam
1677 4269 1921 4338 tyranno
1975 4257 2154 4317 totius
2234 4266 2332 4322 vet
2361 4259 2520 4339 quod
2551 4260 2792 4339 expedit
2821 4258 2992 4340 solvi,
3028 4268 3308 4340 tanquam
3340 4261 3438 4342 qui
3471 4260 3544 4322 ad
3579 4261 3869 4342 liquidum

504 4354 727 4427 mundi)
759 4355 976 4413 bonum
998 4349 1324 4431 prtedicare
1345 4369 1462 4410 non
1477 4347 2153 4436 destitit,etregemom-
2234 4348 2522 4410 Ecclesia;
2549 4349 2813 4428 regulam
2849 4348 3081 4410 noverit
3107 4350 3192 4412 ὀὶ.
3225 4348 3430 4431 Ipsum
3471 4369 3612 4436 ergo
3647 4352 3872 4433 audite,

504 4446 666 4508 nium
690 4444 1044 4505 szeculorum
1070 4457 1175 4519 per
1197 4439 1402 4502 orbem
1429 4447 1622 4513 terrae,
1647 4446 1708 4499 et
1740 4455 1928 4519 usque
1958 4435 2030 4496 ad
2057 4435 2151 4515 ip-
2224 4438 2497 4517 scientes
2526 4438 2663 4520 quia
2712 4439 3051 4520 quicunque
3100 4435 3536 4528 contristaverit
3567 4441 3871 4504 doctorem

2245 3281 2360 3335 tem
2390 3275 2565 3334 totius
2595 3292 2740 3334 mea;
2772 3273 3209 3352 praedicationis
3237 3278 3508 3352 agnovit:
3543 3277 3640 3354 qui
3669 3275 3731 3336 in
3760 3296 3856 3338 om

571 4623 625 4666 ‘8
650 4622 800 4685 Vide
826 4620 989 4700 praef.
1016 4619 1075 4680 in
1111 4618 1363 4697 Recogn.
1396 4617 1468 4679 ad
1499 4616 1921 4700 Gaudentium,
1948 4617 2050 4700 ubi
2073 4617 2327 4700 aithanc
2359 4635 2392 4678 a
2415 4635 2480 4700 se
2503 4617 2642 4678 olim
2677 4617 3331 4700 interpretatajnatque
3349 4617 3592 4700 editam.
3637 4617 3692 4663 ιθ
3714 4618 3866 4688 Vide

493 4705 646 4765 infra
682 4713 748 4778 (ι.
785 4698 849 4770 ll)
891 4702 1208 4781 Epitomen
1244 4701 1516 4781 historiae
1548 4698 1956 4780 Clementinw,
1987 4699 2109 4781 sive
2143 4698 2411 4781 Librum,
2442 4698 2514 4781 tte
2562 4699 2741 4781 gestis
2789 4700 2985 4781 sanqi
3018 4698 3248 4781 -Ρειζὶζ
3290 4716 3445 4761 anno
3468 4699 3657 4781 A1555_,
3689 4719 3884 4779 opera.

497 4776 742 4846 Adriani
773 4776 1036 4844 Turnebi
1067 4783 1275 4844 Graece
1299 4779 1616 4858 editum,et
1642 4781 1845 4840 Latine
1875 4776 2226 4842 redditum‘a
2253 4776 2564 4860 Joachimo
2598 4778 2877 4841 Perionio
2909 4777 2981 4860 Ο.
3015 4778 3082 4860 Β.
3129 4779 3191 4830 50
3218 4781 3401 4844 Gesta
3431 4779 3555 4840 sive
3586 4776 3871 4860 Epitome

493 4867 621 4941 cit.,
657 4884 715 4945 p.
753 4864 892 4945 412,
927 4862 1084 4945 edit.
1113 4860 1485 4945 Coloniensis
1514 4857 1653 4921 ann.
1694 4861 1867 4925 1569.
1913 4860 1962 4903 ⁵¹
1998 4861 2202 4924 Const.
2227 4876 2331 4937 vn,
2357 4860 2454 4924 46.
2496 4857 2549 4902 ³³
2586 4861 2645 4922 ll
2682 4867 2888 4940 quiest.
2925 4858 2982 4934 3,
3023 4859 3382 4942 Quicunque
3410 4857 3680 4923 contrist.
3716 4859 3784 4924 Et
3813 4863 3870 4921 in

494 4941 674 5026 epistf
699 4947 726 5005 t
766 4941 1089 5006 Alexandri
1127 4959 1288 5022 papae
1322 4942 1367 5003 Ι.
3258 4953 3260 4955 “

575 5081 694 5159 (98)
728 5078 877 5162 Cum
905 5079 1031 5140 haec
1056 5077 1305 5158 epistola
1330 5077 1553 5162 scripta
1575 5078 1782 5162 sit,ut_
1782 5077 1841 5139 in
1869 5079 2063 5162 fronte
2086 5085 2145 5140 et
2226 5077 2500 5162 repserit.
2536 5076 2619 5139 Ita
2676 5077 3033 5162 Pos_sevinus
3091 5078 3152 5162 in
3205 5078 3535 5162 Agparatu
3579 5096 3780 5162 sacro,
3806 5081 3864 5141 in

495 5156 690 5241 capite
723 5160 886 5221 illius
913 5156 1184 5240 apparet,
1187 5165 1350 5299 lJiost
1383 5156 1611 5252 obitum
1647 5156 1710 5221 S.
1745 5157 1926 5233 Petri,
1959 5158 2138 5220 adeo-
2229 5158 2410 5220 verbo
2441 5161 2723 5221 CLEIENS
2773 5157 3074 5250 Bonitas.
3109 5156 3500 5250 ευτξβωωε.

495 5259 610 5299 aue
644 5250 774 5299 nost
799 5257 904 5299 xm
935 5259 1154 5299 annum
1239 5257 1460 5299 eronts.
1488 5238 1560 5299 ad
1589 5236 1875 5299 Jacobum
1901 5239 2142 5299 fratrem
2310 5237 2429 5299 t29)
2464 5235 2799 5299 Seuuentes
2832 5247 3126 5299 variantes
3174 5237 3482 5299 lectiones.

537 5235 610 5303 ue
644 5250 774 5322 post
799 5257 904 5322 xui
935 5235 1154 5301 annum
1187 5235 1460 5322 Neronis,
1488 5238 1560 5299 ad
1589 5236 1875 5322 Jacobum
1901 5239 2142 5322 fratrem
2310 5235 2803 5322 l?9)__Sequentes
2832 5239 3126 5322 variantes
3174 5237 3482 5322 lectiones,
3520 5240 3868 5322 notulasquo

537 5261 610 5303 ue
644 5261 774 5322 posr
799 5261 903 5302 xm
935 5261 1154 5301 annum
1187 5261 1460 5321 ueroms,
1488 5261 1560 5299 au
1589 5261 1875 5302 Jaconum
1901 5261 2142 5300 iratrem
2310 5261 2429 5317 rw)
2464 5261 2799 5319 aequantes
2832 5261 3126 5300 variantes
3174 5261 3482 5316 rectiones,
3520 5261 3867 5322 nouuasque

495 5261 732 5383 Domini
765 5319 980 5401 scripta
1005 5339 1140 5381 esse
1166 5318 1370 5399 nequit
1399 5341 1411 5377 :
1450 5328 1657 5399 utpote
1677 5319 1800 5400 qui,
1831 5328 1979 5401 teste
2001 5318 2141 5401 ﬂie-
2227 5318 2625 5401 suppeditavit
2647 5317 3256 5401 Harduinus,quinon
3274 5321 3379 5382 has
3395 5321 3719 5383 Clementis
3735 5322 3867 5401 epi-

499 5421 627 5465 ron.
647 5403 728 5463 De
749 5397 904 5464 viris
924 5397 1550 5480 illustribus,septimo
1563 5397 1718 5461 anno
1733 5399 1987 5462 Neronis
2006 5399 2143 5481 Hie-
2224 5397 2405 5481 stolas
2423 5407 2672 5473 tantum,
2697 5400 2801 5462 sed
2827 5398 3006 5461 etiam
3037 5397 3296 5481 reliquas
3319 5401 3664 5464 lsidoriante
3689 5397 3870 5464 colle-

497 5483 811 5564 rosolymis
841 5483 1076 5564 occisus
1107 5492 1236 5564 est;
1273 5479 1443 5564 unde
1465 5487 1645 5564 patet,
1676 5481 1831 5564 quod
1867 5481 1994 5564 haec
2021 5480 2144 5564 epi-
2223 5479 2439 5564 ctionis
2462 5481 2712 5564 contulit
2733 5499 2868 5564 cum
2887 5499 2997 5564 ms.
3024 5479 3406 5564 Bibliotheca:
3423 5482 3656 5564 collegii
3677 5481 3864 5547 Paris.

501 5499 811 5564 rosotymis
841 5499 1076 5545 occrsus
1107 5499 1236 5562 est;
1273 5499 1432 5541 unde
1465 5499 1645 5561 patet,
1676 5499 1831 5560 quoa
1867 5499 1990 5542 ιιωο
2021 5499 2052 5541 e
2099 5499 2144 5542 ι-
2223 5499 2439 5540 cuonis
2462 5499 2712 5543 contum
2733 5499 2868 5542 cum
2887 5499 2997 5542 ms.
3024 5499 3406 5543 monotnecaa
3423 5499 3656 5561 couegu
3677 5499 3864 5547 raris.

501 5564 652 5626 stola
696 5563 786 5624 vel
845 5582 964 5623 non
1023 5562 1096 5622 sit
1155 5563 1311 5625 Cleri
1327 5559 1504 5642 antis,
1537 5561 1628 5622 vel
1691 5562 1881 5642 potius
1914 5561 2000 5642 ad
2050 5499 2137 5624 gi-
2231 5557 2560 5636 SocJesu;
2592 5562 2787 5642 inquo
2819 5561 3295 5642 hujusepistolm
3323 5561 3421 5626 hic
3448 5563 3651 5625 titulus
3680 5563 3866 5626 habe-

500 5662 763 5725 monem,
803 5643 903 5725 qui
935 5643 1332 5725 etiamfrater
1376 5639 1612 5725 Domini
1643 5639 1773 5725 fuit,
1807 5641 2144 5725 scriptasit,
2234 5650 2360 5703 tur:
2390 5643 2622 5725 Incipit
2645 5639 2927 5725 Epjstolo
2952 5639 3284 5725 Clementis
3309 5644 3390 5703 ad
3416 5642 3705 5707 Iacobum
3730 5645 3867 5722 fra-

498 5724 642 5786 etin
676 5721 908 5785 titulum
931 5723 1197 5804 epistolae
1229 5722 1515 5786 mendose
1545 5739 1687 5798 vox,
1713 5721 2036 5798 Jacobum,
2057 5722 2144 5794 ir-
2231 5729 2386 5784 trem
2419 5721 2908 5787 Doinintbdeu
2952 5729 3175 5801 autem,
3207 5722 3452 5798 Petrus,
3482 5729 3686 5786 recte.’
3732 5721 3760 5738 "
