4082 6348
544 305 660 383 547
1391 320 1450 382 ε.
1501 316 1932 385 CLEMENTIS
1972 316 1996 381 ι
2041 321 2222 383 non.
2271 313 2495 385 PONT.
2543 322 2790 385 OPERA
2835 321 3089 388 DUBIA.
3817 321 3953 384 548

545 456 659 528 bas,
685 471 882 535 neque
911 453 1321 534 usurpandum
1350 454 1754 516 meretricium
1775 463 2156 536 ornatum,ne

2338 454 2403 523 ,δὲ
2458 457 2754 534 ἑταιρισμῷ
2828 461 3268 538 κατακομεϊσθαι,
3345 460 3481 535 μήτε
3553 458 3950 538 ὑπερηφανίας

545 563 661 626 que
691 543 916 604 debere
943 543 1187 622 justitin:
1236 545 1532 605 incessum
1589 545 1886 624 superbiae
1934 545 2157 627 speciei

2017 545 2189 606 aciem
2274 545 2568 625 ὑπόδειγμα
2599 546 2933 616 δικαιοσύνης
2966 551 3063 616 τὴν
3093 546 3434 628 προσέλευσιν
3464 546 3629 627 ἔχειν.

545 634 788 696 habere.
823 634 1099 701 Constit..
1133 631 1244 695 lib.
1273 649 1315 706 ι,
1349 649 1484 711 cap.
1519 637 1581 695 3.

830 760 1066 818 Auctor
1093 752 1304 834 Operis
1340 755 1673 834 imperfecti
1703 758 1767 817 in
1805 755 2181 837 Matt/tarum,
2210 756 2373 837 apud
2403 760 2471 821 S.
2520 757 3036 838 Chrysostomum.
3099 759 3192 821 Ad
3221 759 3434 820 Matth.
3464 773 3543 834 vt,
3575 757 3634 820 3.

631 891 820 954 Aliter
849 897 1013 950 certe
1044 890 1196 948 sicut
1227 888 1475 966 apostoli
1500 888 1970 969 interpretantur
2001 891 2058 951 in
2086 891 2237 952 libro
2258 891 2588 962 Canonum,
2623 889 2723 970 qui
2749 898 2837 951 est
2864 889 2940 950 de
2969 888 3292 970 episcOpis;
3315 889 3523 951 dextra
3546 895 3636 949 est
3658 885 3947 967 populus

548 980 943 1056 Christianus,
979 977 1078 1057 qui
1104 985 1191 1038 est
1221 977 1292 1038 ad
1326 977 1598 1037 dextram
1622 979 2120 1046 Christi;sinistra
2147 989 2370 1054 autem,
2407 979 2603 1040 omnis
2630 978 3012 1058 populus,qui
3043 986 3135 1040 est
3165 979 3236 1038 ad
3267 977 3592 1039 sinistram.
3625 975 3757 1037 Hoc
3778 993 3941 1053 ergo

549 1071 693 1130 dicit
728 1089 742 1127 :
778 1067 862 1128 Ne
883 1067 1275 1130 Christianum
1300 1065 1612 1126 facientem
1637 1069 2100 1148 eieemosynam,
2125 1069 2228 1148 qui
2261 1079 2352 1130 est
2374 1068 2604 1149 dextra,
2634 1067 2893 1128 inﬁdelis
2918 1069 3181 1148 aspiciat,
3217 1067 3322 1146 qui
3347 1076 3436 1128 est
3461 1066 3726 1126 sinistra.
3741 1063 3941 1125 Chri-

549 1159 777 1218 stianus
799 1165 998 1217 autem
1023 1155 1071 1215 si
1101 1154 1504 1217 Christianum
1537 1155 1752 1217 viderit
1782 1156 2195 1237 eleetnosynas
2226 1158 2579 1231 facientem,
2612 1175 2733 1218 non
2769 1164 2861 1219 est
2882 1165 3091 1219 contra
3114 1155 3334 1220 Christi
3363 1163 3748 1236 praeceptum,
3781 1170 3947 1232 quo-

553 1249 705 1306 niam
729 1244 901 1308 ambo
933 1244 1141 1306 dextra
1171 1253 1334 1304 sunt.
1370 1242 1509 1304 Vide
1539 1243 1676 1307 Not.
1712 1246 1796 1306 ad
1821 1243 2029 1308 Const.
2058 1265 2183 1327 ap.,
2212 1245 2318 1310 lib.
2355 1264 2438 1322 Ill,
2471 1264 2522 1309 ο.
2565 1247 2657 1309 14.

1921 1409 2006 1468 Ad
2037 1407 2254 1470 Matth.
2294 1424 2426 1487 xxv,
2463 1406 2561 1468 18.

631 1563 742 1637 Qui
775 1563 1170 1626 ministerium
1205 1584 1377 1626 suum
1405 1565 1556 1627 bene
1587 1567 2114 1638 consummaverit,
2149 1574 2395 1647 apparet
2424 1566 2563 1646 quia
2589 1585 2659 1628 ex
2688 1569 2808 1628 Deo
2837 1567 3031 1628 fuerat
3058 1565 3496 1646 ordinatus;qui
3525 1571 3722 1625 autem
3748 1563 3938 1624 mini-

549 1656 791 1716 sterium
813 1672 983 1714 suum
1009 1674 1125 1714 non
1152 1656 1306 1714 bene
1329 1657 1858 1731 consummaverit,
1885 1675 1954 1717 ex
1971 1654 2314 1716 hominibus
2337 1656 2645 1717 ordinatus
2663 1664 2774 1719 est.
2799 1658 2926 1729 Quo
2957 1656 3132 1718 modo
3153 1665 3350 1718 autem
3375 1653 3610 1736 quidam
3629 1652 3935 1714 sacerdo-

550 1755 638 1806 tes
668 1763 736 1804 ex
772 1743 1114 1803 hominibus
1147 1743 1522 1818 ordinantur,
1553 1745 1939 1807 manifestein
1981 1745 2132 1806 libro
2164 1754 2370 1807 octavo
2403 1744 2714 1808 Canonum
2745 1744 3152 1826 apostolorum
3185 1745 3426 1806 dicitur.
3458 1740 3570 1816 Qui
3617 1751 3821 1803 autem
3854 1757 3934 1802 ex

554 1832 898 1895 hominibus
928 1832 1235 1892 ordinatus
1267 1843 1378 1910 est,
1404 1843 1684 1913 quantum
1717 1834 1790 1895 ad
1827 1841 2013 1897 Deum
2050 1854 2166 1895 non
2199 1844 2290 1897 est
2321 1834 2604 1896 diaconus
2630 1843 2731 1897 aut
2755 1835 3055 1898 sacerdos.
3095 1836 3376 1913 Constit.,
3405 1832 3507 1896 lib.
3543 1847 3661 1908 Vill,
3694 1849 3832 1910 cap.
3865 1831 3928 1892 2.

1269 1992 1602 2074 Maximus,
1638 1996 1703 2057 in
1736 1995 2066 2075 epistolam
2099 2004 2378 2058 octavam
2411 1994 2713 2078 Dionysii,
2741 2004 2875 2078 post
2905 1995 3192 2058 medium.

643 2153 823 2213 Porro
849 2153 906 2212 in
933 2151 1119 2214 sacris
1145 2153 1537 2214 institutorem
1561 2164 1724 2216 vocat
1749 2157 1985 2218 beatum
2017 2176 2194 2238 apos-
2220 2163 2255 2215 Β

2363 2147 2650 2232 ἰεροθέτην
2692 2156 2746 2212 δὲ
2788 2157 2947 2214 καλεῖ
2987 2158 3078 2213 τὸν
3140 2157 3292 2232 ἅγιον
3340 2154 3634 2214 ἀπόστολον
3687 2150 3929 2229 Παῦλον,

557 2242 736 2303 tolum
772 2242 1045 2313 Paulum,
1082 2251 1144 2303 ut
1168 2261 1302 2303 eum
1362 2244 1464 2324 qui
1498 2245 1687 2324 ipsum
1724 2245 2102 2308 ordinaverat
2132 2249 2169 2309 il

2317 2269 2350 2309 ις
2381 2248 2834 2325 χειροτονήσαντα
2867 2247 3008 2319 αὒτῷ
3059 2247 3158 2312 τὴν
3189 2247 3587 2327 ἀρχιερωσύνην
3630 2244 3728 2312 τῆς
3788 2249 3929 2308 Ἐγ-

556 2331 958 2412 pontiﬁcatum
993 2329 1278 2392 Ecclesiae
1306 2333 1718 2414 Atheniensis,
1745 2335 1896 2396 sicut
1921 2336 1980 2396 in
2012 2337 2168 2397 sacri;

2315 2335 2496 2402 λησίας
2527 2335 2632 2391 τῶν
2679 2334 2938 2414 Ἀθηνῶν,
2969 2336 3142 2398 καθὼς
3170 2335 3224 2390 ὲν
3255 2349 3374 2398 ταῖς
3403 2340 3571 2415 ἱεραῖς
3626 2340 3732 2394 τῶν
3777 2340 3927 2396 ἀπο-

551 2421 952 2503 apostolorum
991 2421 1523 2485 Constitutionibus
1573 2424 1860 2505 scriptum
1910 2435 2017 2488 est.
2061 2424 2163 2488 Lib

2319 2423 2483 2481 τόλων
2505 2423 2798 2503 γέγραπται
2830 2423 3130 2502 διαταγαῒς.
3167 2425 3324 2501 Lege
3353 2422 3425 2486 ad
3449 2442 3580 2506 cap.
3614 2430 3674 2501 2,
3709 2427 3801 2490 De
3816 2428 3931 2489 Εσ-

554 2527 659 2584 vn,
687 2530 820 2592 cap.
859 2511 958 2574 46.
2280 2513 2420 2576 cles.
2455 2511 2779 2594 hierarch.,
2815 2521 2873 2574 et
2905 2513 2966 2574 in
2992 2512 3263 2594 Prologo.

559 2659 901 2724 Timotheus
927 2658 1257 2740 presbyter,
1294 2667 1555 2723 tractatu
1587 2663 1656 2722 de
1687 2663 1766 2743 iis
1793 2665 1898 2743 qui
1928 2662 2219 2743 accedunt
2249 2662 2330 2724 ad
2362 2662 2825 2743 Ecclesiam,_in
2880 2663 3172 2726 Auctario
3227 2664 3618 2730 Bibliotheca:
3666 2671 3927 2734 Patrum

1679 2740 2149 2824 Combeﬁsiano,
2187 2749 2328 2808 tam.
2361 2741 2436 2805 II.
2469 2763 2536 2824 p.
2579 2740 2802 2805 453—0.

635 2889 790 2952 Audi
814 2890 1215 2970 apostolorum
1237 2890 1444 2955 verba:
1482 2889 1720 2967 Videte,
1755 2899 1870 2956 etc.
1905 2891 2193 2972 Constit.,

2360 2890 2568 2955 "Amos
2627 2898 2732 2949 τῶν
2781 2890 3148 2949 ἀποστολικῶν
3183 2912 3198 2929 ⁶
3277 2885 3458 2973 Ὀρᾶτε
3521 2899 3586 2954 τὰ
3659 2898 3748 2956 ἄπ’
3792 2902 3925 2958 ὀνό-

555 2979 660 3042 lib.
695 2995 772 3054 v1,
798 2997 928 3060 cap.
963 2979 1061 3043 16.

976 2979 1061 3043 16.
2281 3004 2433 3059 ματι,
2468 2989 2588 3043 etc.

1777 3133 1987 3195 Conon
2027 3129 2350 3196 I‘rullanus
2396 3129 2716 3193 secundus.
2743 3084 2746 3086 η

638 3274 866 3338 Placuit
893 3283 1092 3336 autem
1139 3285 1196 3336 et
1221 3275 1334 3336 boc
1361 3287 1580 3339 sancta;
1613 3277 1752 3340 huic
1805 3280 2026 3359 synodo
2060 3279 2197 3360 pul-

2365 3279 2565 3346 ’Ἒδοξε
2595 3277 2648 3335 δξ
2679 3281 2766 3336 καὶ
2809 3283 2959 3338 τοῦτο
3001 3286 3069 3357 τῇ
3097 3283 3221 3360 ἁγίᾳ
3263 3287 3428 3360 ταύτῃ
3477 3285 3683 3363 σδνόδῳ
3727 3289 3924 3346 κάλλι-

557 3365 856 3426 cherrime
879 3383 948 3426 ac
971 3364 1292 3445 optime,ut
1322 3364 1394 3427 ab
1415 3366 1528 3429 hoc
1551 3376 1823 3448 tempore
1845 3368 2003 3430 ﬁrmi
2021 3369 2169 3431 stabi

2315 3369 2383 3427 τά
2409 3390 2467 3425 τε
2509 3370 2596 3426 καὶ
2653 3366 3060 3442 σπουδαιότατα,
3122 3370 3257 3428 ὥστε
3303 3374 3484 3448 μένειν
3540 3378 3626 3432 καὶ
3678 3378 3783 3434 ἀπὸ
3833 3388 3927 3434 10-3

558 3455 765 3535 lesqne
785 3463 1064 3516 maneant
1095 3454 1167 3515 ad
1190 3455 1527 3516 animarum
1555 3456 1846 3518 medelam
1873 3467 1931 3519 et
1960 3467 2170 3538 perturi

2314 3465 2370 3515 ῦν
2423 3456 2688 3538 βεϐαίους,
2732 3458 2820 3515 καὶ
2880 3457 3136 3538 ἀσφαλεῖς
3208 3462 3338 3539 πρὸς
3411 3467 3598 3543 ψυχῶν
3644 3468 3926 3543 θεραπείαν

558 3543 862 3606 bationum
891 3543 1594 3622 curationem,0ctoginta
1620 3545 1887 3626 quinque
1911 3565 2170 3609 canones

2314 3549 2366 3604 αὶ
2395 3549 2624 3622 ἰατρείαν
2655 3549 2855 3622 παθῶν,
2914 3547 3033 3611 τοὺς
3088 3549 3188 3604 ὑπὸ
3245 3555 3352 3606 τῶν
3406 3554 3507 3631 πρὸ
3549 3555 3703 3628 ἡμῶν
3763 3556 3926 3635 ἁγίων

557 3633 768 3694 sanciti
798 3651 831 3694 a
882 3633 1105 3695 sanctis
1137 3642 1196 3695 et
1242 3632 1516 3711 gloriosis
1549 3635 1854 3717 apostolis,
1912 3638 2010 3718 qui
2042 3655 2161 3718 prae

2310 3638 2366 3693 ,αὶ
2427 3635 2645 3701 ἐνδόξων
2689 3634 3004 3693 ἀποστόλων
3055 3635 3382 3716 ὁγδοήκοντα
3456 3643 3609 3699 πέντε
3673 3632 3922 3707 κανόνας.

558 3729 868 3785 cesserunt
899 3741 1028 3808 nos.
1064 3720 1351 3792 Quoniam
1383 3731 1579 3785 autem
1605 3723 1666 3785 in
1696 3723 1816 3787 illis
1870 3725 2170 3788 canonibu

2309 3725 2502 3794 Επειδὴ
2557 3723 2611 3781 δὲ
2655 3725 2710 3781 ἐν
2755 3727 2954 3792 τούτοις
2999 3739 3116 3790 τοῖς
3176 3729 3390 3786 κανόσιν
3424 3730 3726 3789 ἐντέταλται
3758 3732 3921 3814 δέχε-

558 3821 920 3892 ρτωοεριιιω
959 3818 1069 3884 εει,
1107 3818 1170 3871 ut
1195 3812 1559 3892 recipiamus
1583 3813 1936 3875 eorumdem
1961 3821 2165 3875 sancto

2312 3819 2400 3872 θαι
2433 3818 2602 3894 ἡμᾶς,
2646 3815 2741 3877 τὰς
2774 3820 2879 3870 τῶν
2913 3819 3084 3873 αὐτῶν
3117 3817 3279 3894 ἁγίων
3309 3819 3620 3878 ἀποστόλων
3651 3819 3736 3877 διὰ
3771 3812 3924 3892 KH,-

557 3919 689 3961 rum
719 3899 1120 3990 apostolorum
1154 3919 1264 3981 per
1317 3900 1686 3964 Clementem
1715 3903 2169 3966 constitutiones

2310 3927 2474 3969 ιεντος
2506 3901 2785 3977 διατάξεις,
2818 3907 2908 3966 αἶς
2937 3926 3043 3962 τισι
3073 3902 3240 3962 πάλαι
3289 3908 3391 3965 ὑπό
3442 3915 3547 3966 τῶν
3603 3910 3922 3990 ἑτεροδόξων

559 3990 776 4070 quibus
811 3991 934 4069 jam
969 3989 1109 4051 olim
1136 3992 1210 4050 ab
1245 3990 1626 4052 beterodoxis
1658 3991 1730 4053 ad
1750 3992 2036 4055 Ecclesiae
2059 4009 2171 4072 per

2312 4017 2366 4051 πι
2409 3993 2572 4070 λοίμῃ
2620 3996 2717 4061 τῆς
2777 3990 3124 4074 Ἐκκλησίας,
3172 3995 3293 4052 νόθα
3339 3999 3456 4054 τινὰ
3511 4001 3601 4055 καὶ
3657 3989 3779 4066 ξένα
3829 4001 3924 4069 τῆς

561 4078 782 4140 niciem
815 4078 1038 4140 inserta
1071 4087 1207 4140 sunt
1259 4079 1529 4160 quaedam
1559 4080 1893 4143 adulterina
1921 4088 1981 4144 et
2005 4082 2173 4145 alien:

2313 4081 2604 4150 Εκκλησίας
2648 4078 2796 4128 ἰθ-³9
2845 4082 3289 4160 παρενετέθησαν,
3333 4087 3394 4142 τὸ
3442 4089 3697 4166 εὐπρεπὲς
3728 4088 3925 4154 κάλλος

559 4186 594 4229 a
623 4167 870 4248 pietate,
905 4185 1038 4248 quae
1084 4167 1418 4245 elegantem
1475 4188 1545 4230 ac
1592 4169 1871 4232 decoram
1933 4171 2171 4252 specien

2315 4179 2389 4228 ὧν
2431 4173 2582 4228 θείων
2639 4170 2920 4250 δογμάτων
2982 4175 3114 4247 ἡμῖν
3175 4173 3581 4254 ἂμαυρὼσαντα,
3669 4179 3768 4245 τὴν
3822 4180 3927 4236 τῶν

563 4256 900 4318 divinorum
959 4256 1297 4334 dogmatum
1354 4257 1528 4319 nobis
1593 4258 2035 4341 obscurarum;
2097 4263 2175 4324 ha

2317 4263 2533 4320 οιούτων
2565 4260 2850 4327 διατάξεων
2898 4263 3215 4343 προσφόρως
3244 4262 3516 4333 ἀποϐολὴν
3562 4269 3926 4342 πεποιήμεθα,

567 4345 1027 4407 constitutiones
1115 4345 1578 4411 conducibiliter
1631 4349 1702 4409 ad
1769 4349 2178 4412 Cbristianism

2314 4354 2417 4431 ιρὸς
2472 4363 2571 4418 την
2629 4361 2720 4410 τοῦ
2767 4354 3281 4430 Χριστιανικωτάτου
3336 4359 3584 4422 ποιμνίου
3639 4354 3926 4431 οἰκοδομὴν

562 4438 766 4512 gregis
790 4432 1247 4496 aediﬁcationem
1277 4454 1346 4497 ac
1387 4436 1795 4519 securitatem,
1829 4439 2154 4519 rejecimus

2323 4444 2374 4497 αὶ
2423 4440 2737 4521 ἀσφάλειαν,
2797 4437 3040 4516 οὐδαμῶς
3100 4441 3425 4520 ἐγκρίνοντες
3481 4447 3546 4501 τὰ
3587 4446 3682 4513 τῆς
3727 4447 3931 4517 αἱρετι-

560 4524 859 4585 hmreticte
887 4523 1162 4586 falsitatis
1191 4524 1345 4586 fetus
1371 4543 1742 4606 nequaquam
1775 4531 2172 4592 immiscentes

2315 4536 2388 4595 ,ἧς
2443 4527 2787 4607 ψευδολογίας
2848 4532 3116 4604 κυήματα,
3171 4534 3259 4587 καὶ
3318 4539 3383 4609 τῇ
3415 4535 3604 4612 γνησίᾳ
3635 4541 3739 4590 ath
3785 4535 3927 4592 ἀπο·-

563 4623 623 4674 et
652 4630 951 4691 germanae
977 4630 1044 4673 ac
1066 4613 1318 4692 integrae
1347 4614 1752 4695 apostolorum
1785 4617 2074 4681 doctrinae
2098 4620 2175 4680 in-

2125 4638 2197 4680 n-
2220 4619 2485 4676 Οστόλων
2509 4621 2596 4675 καὶ
2628 4617 2912 4697 ὁλοκλήρῳ
2941 4617 3140 4699 διδαχῇ
3169 4624 3586 4701 παρενείροντες,
3622 4632 3736 4686 εις,

562 4710 862 4782 serentes,
898 4710 1013 4764 etc.

644 4821 1020 4904 Nicephorus
1050 4819 1759 4903 Constantinopolitanus
1796 4828 2178 4910 patriarcha,
2215 4830 2282 4892 in
2309 4829 2430 4910 ﬁne
2465 4825 2913 4908 Chronologiw,
2947 4825 3054 4888 ubi
3082 4825 3155 4890 de
3183 4826 3360 4891 libris
3386 4827 3850 4909 Scrtpturarum

741 4957 846 5022 Ea:
871 4959 1147 5021 versione
1174 4958 1497 5021 Anastasii
1516 4959 1658 5024 Bibl
1669 4962 2019 5029 iothecarii.

641 5048 716 5115 Et
745 5068 881 5130 qua
902 5048 1048 5112 Novi
1078 5048 1493 5130 (Testamenti)
1523 5061 1663 5116 sunt
1691 5057 2052 5140 apocrypha,
2089 5067 2206 5122 etc.

2376 5059 2472 5117 Καὶ
2527 5055 2625 5112 ὅσα
2679 5063 2776 5123 τῆς
2837 5059 2973 5122 Νέας
3032 5058 3158 5114 εἰσὶν
3207 5055 3508 5137 ἂπόκρυφα,
3567 5065 3684 5120 etc.
3724 5057 3928 5139 Διὸαχὴ

559 5142 840 5208 Doctrina
869 5140 1302 5222 apostolorum,
1343 5159 1550 5205 versus
1573 5141 1713 5219 200,
1749 5153 1863 5207 etc.

1607 5143 1713 5219 00,
1749 5153 1863 5207 etc.
2295 5145 2607 5204 ἀποστόλων
2647 5162 2660 5175 ·
2698 5147 2877 5226 στίχοι
2910 5145 2960 5202 σ¹
2994 5145 3069 5222 ω,
3104 5153 3219 5208 etc.

1644 5280 1921 5365 Photius,
1944 5282 2338 5346 Bibliotheca:
2369 5284 2499 5345 cod.
2528 5299 2671 5365 cm,
2697 5299 2862 5346 cxtu.

648 5403 822 5464 Lecta
850 5410 989 5464 sunt
1009 5400 1330 5467 Clementis
1352 5406 1605 5468 Romani
1649 5407 1764 5469 duo
1799 5408 2098 5471 volumina
2125 5409 2205 5471 li-

2372 5408 2709 5488 Ἀνεγνώσθη
2759 5409 3063 5486 Κλήμεντος
3109 5415 3202 5466 τοῦ
3251 5407 3466 5484 Ῥώμης
3505 5409 3678 5485 τεύχη
3717 5403 3927 5480 βιϐλίων

567 5489 836 5567 brorum;
857 5509 1114 5571 quorum
1145 5492 1319 5556 alteri
1353 5495 1559 5557 titulus
1581 5505 1692 5578 est,
1729 5496 2176 5560 Constitutione

2313 5500 2378 5554 ἰύο
2412 5518 2425 5535 '
2457 5506 2532 5556 ὧν
2561 5502 2623 5556 τὸ
2681 5501 2779 5573 μὲν
2836 5499 3206 5579 ἐπιγράφεται,
3259 5499 3514 5576 Διαταγαὶ
3543 5506 3647 5555 τῶν
3690 5493 3925 5551 ἀποστό-

565 5583 976 5660 apostolorum
983 5580 1143 5661 ρετ-0
1149 5584 1559 5663 ιεαιεηιειη;ἱιι
1576 5603 1692 5667 quo
1705 5587 1882 5648 etiam
1901 5587 2177 5649 continen

2312 5611 2398 5644 “DV
2429 5586 2514 5646 διὰ
2549 5589 2882 5665 Κλήμεντος,
2935 5589 2988 5645 ἐν
3025 5596 3072 5663 ᾦ
3117 5591 3205 5645 καὶ
3234 5589 3284 5646 οἱ
3315 5594 3421 5644 τῶν
3450 5590 3738 5651 συνοδικῶν
3769 5590 3924 5646 κανό-

597 5695 778 5763 ί⁶δ³⁰
804 5719 881 5784 al.
908 5723 1199 5789 σὺσιειιας,
1251 5725 1340 5772 ‘50
1373 5728 1451 5791 31,
1483 5729 1590 5803 g1,
