4082 6348
216 269 318 335 5ἱ9

977 224 1636 337 CONSTITUTIONES
1681 259 2190 334 APOSTOLICE.
2240 302 2313 315 —
2361 260 2750 330 ponamus.

3426 265 3548 332 550

212 428 302 461 νων
350 411 424 478 τῷ
489 407 796 486 ἀθροίσματι
844 413 951 464 τῶν
1005 405 1317 464 ἀποστόλων
1345 407 1562 472 κανόνες
1603 405 1820 485 ἐπιγρα-

1908 411 1997 464 tur
2024 401 2105 464 illi
2140 399 2541 482 canones,qui
2562 399 2719 460 inter
2745 399 3057 480 synodicos
3075 401 3260 463 coetui
3291 411 3530 483 aposto-

208 496 406 573 γάμινοι
434 495 797 576 περιέχονται.
857 494 930 556 Ει
978 495 1172 558 infra:
1220 498 1278 553 A‘
1336 493 1390 551 δέ
1439 516 1500 574 γε
1567 495 1826 573 Διαταγαὶ

204 585 323 660 τρισὶ
377 585 558 651 μόνοις
614 584 856 642 δοκοῦσιν
884 585 1183 665 ἐνέχεσθαιο
1216 583 1606 664 κακοπλαστίᾳ,
1645 584 1711 652 ἢν
1766 586 1826 642 οὗ

202 671 424 750 χαλεπὸν
483 675 966 731 ἆποσγευάσασθαιο
1037 677 1122 731 καὶ
1153 674 1233 732 ὅτι
1277 677 1365 732 καὶ
1421 680 1514 731 τοῦ
1575 684 1821 752 Δευτερο·

201 763 367 834 νομίου
395 760 566 841 Μρεις
596 765 744 827 τινας
797 763 1080 844 ἐπαφίησιν
1112 762 1188 839 4⁸,
1220 764 1256 820 ἅ
1285 761 1341 805 ⁸³
1369 765 1456 819 καὶ
1485 763 1675 834 ῥᾷστον
1706 760 1821 818 δια-

197 849 463 908 λύσασθαιο
523 855 612 908 καὶ
671 852 748 908 ἔτι
843 850 1220 931 Ἀρειανισμῷ,
1297 851 1428 931 ὅπερ
1483 854 1544 907 ἄν
1602 873 1682 916 τις
1739 853 1825 908 καὶ

194 939 363 1015 βιαίως
435 939 828 1021 διακρούσαιτο,
881 943 949 999 Ἠ
981 944 1079 1019 μέν
1131 945 1212 1000 τοί
1253 963 1313 1021 γε
1340 942 1446 998 τῶν
1489 952 1584 1001 τοῦ
1627 941 1824 1020 Πέτρου

199 1028 424 1108 Πραξεων
482 1029 662 1108 βίϐλος
721 1039 796 1107 τῷ
825 1054 881 1088 τε
911 1032 1142 1112 λαμπρῷ
1161 1033 1249 1089 καὶ
1279 1038 1344 1104 τᾷ
1389 1031 1702 1108 σεμνότητι,
1736 1032 1822 1088 καὶ

195 1119 259 1173 ἔτι
311 1125 387 1192 τῷ
436 1125 650 1200 καθαρῷ
716 1123 803 1178 καὶ
848 1122 1101 1197 συντόνῳ,
1130 1123 1217 1178 καὶ
1246 1127 1314 1198 τῇ
1359 1119 1499 1198 ἄλλῃ
1525 1121 1689 1200 ἀρέτῇ
1731 1120 1822 1177 τοῦ

1909 491 2099 550 lorum
2129 487 2531 551 ascribuntur.
2552 489 2626 548 Et
2647 486 3027 566 infra:Porro
3051 489 3532 569 Constitutiones,

1909 598 1978 640 ex
2004 578 2190 640 tribus
2222 578 2505 639 duntaxat
2532 576 2823 657 capitibus
2851 579 3306 658 reprehensioni
3339 580 3539 644 viden-

1909 678 2004 731 tur
2032 667 2321 730 obnoxia):
2356 684 2432 729 ex
2469 666 2620 728 mala
2642 667 3088 749 ﬁctione,quam
3111 678 3390 733 excutere
3423 689 3542 732 non

1909 768 1998 820 est
2021 757 2285 820 difficile:
2319 757 2551 838 etquod
2576 759 3308 820 contraDeuteronomium
3336 759 3546 822 crimi-

1909 849 2178 910 nationes
2206 847 2490 927 quasdam
2521 845 2841 924 adducant;
2874 845 3028 926 quod
3060 846 3236 908 etiam
3266 848 3545 912 facillime

1907 937 2052 998 dilui
2083 945 2293 1016 potest:
2322 943 2381 996 et
2411 935 2604 996 adhuc
2625 953 2695 996 ex
2727 935 3090 1002 Arianismo:
3125 936 3279 1016 quod
3305 937 3542 1019 aliquis,

1906 1026 2044 1086 licet
2063 1027 2353 1086 violenter
2369 1024 2584 1106 poterit
2603 1022 3227 1104 depellere.C:eterum
3250 1025 3403 1087 liber
3426 1028 3544 1088 Ac-

1907 1125 2098 1178 torum
2131 1113 2311 1194 Petri,
2347 1113 2666 1194 splendore
2697 1122 2752 1174 et
2779 1116 3109 1194 majestate,
3130 1115 3202 1175 ad
3229 1115 3354 1177 haec
3388 1117 3547 1197 puri-

191 1208 358 1289 λόγου,
385 1212 476 1266 καὶ
505 1209 836 1286 πολυμαθείᾳ
864 1219 1084 1268 τοσοῦτο
1116 1211 1234 1292 ἔχει
1261 1212 1393 1287 πρὸς
1419 1212 1512 1274 τὰς
1554 1209 1819 1288 Διαταγᾶς

1909 1214 2024 1268 tate
2059 1211 2117 1266 et
2175 1201 2575 1292 vehementia,
2631 1201 2884 1292 aliisque
2943 1204 3232 1266 orationis
3283 1205 3544 1287 dotibus,

191 1299 242 1350 τὸ
292 1297 692 1375 παραλλάττον,
734 1300 808 1361 ὡς
877 1296 1015 1375 μηδέ
1061 1291 1328 1380 συγᾷιρίσιι
1399 1304 1466 1374 τῇ
1521 1298 1658 1356 κατὰ
1699 1299 1820 1362 τοὺς

1908 1304 2078 1376 atque
2114 1291 2428 1374 multiplici
2477 1291 2778 1366 doctrina,
2815 1300 3042 1354 tantum
3078 1293 3548 1357 Constitutiones

192 1384 372 1464 λόγους
403 1390 535 1464 πρὸς
550 1385 790 1458 ἀλλήλας
820 1385 1250 1466 παραϐάλλεσθαι
1281 1388 1375 1450 τὰς
1431 1384 1670 1467 βίϐλους,
1701 1393 1815 1448 etc.

1908 1391 2166 1464 superat,
2197 1389 2260 1442 ut
2289 1383 2398 1443 hos
2425 1381 2582 1443 inter
2609 1381 2794 1442 libros
2827 1382 2988 1444 nulla
3037 1385 3425 1464 comparatio,
3469 1385 3542 1446 ad

1902 1487 2246 1535 sprmouem
2278 1471 2436 1552 quod
2467 1470 2699 1545 attinet,
2731 1469 2960 1533 institui
2993 1471 3235 1554 debeat,
3263 1483 3379 1534 etc.

187 1631 420 1696 Nicetes
444 1633 812 1713 Pectoratus,
840 1633 974 1697 Lib.
999 1642 1212 1698 contra
1233 1636 1505 1698 Latinos.
1525 1639 1660 1715 post
1680 1634 1968 1696 medium.
1998 1632 2180 1715 Tomo
2201 1639 2376 1715 sexto
2406 1631 2688 1715 Antiqua:
2706 1633 3027 1715 Lectionis,
3038 1632 3250 1715 _Henr.
3277 1634 3546 1710 Canisii;

187 1723 238 1774 et
264 1720 322 1775 in
347 1715 726 1778 Bibliotheca
750 1712 1024 1792 Patrum,
1054 1715 1239 1779 tomJ
1253 1715 1316 1797 V,
1335 1723 1498 1796 part.
1524 1712 1588 1789 i1,
1613 1731 1860 1777 necnon
1885 1714 2047 1794 apud
2068 1713 2432 1780 Duroniam,
2455 1713 2502 1772 Α
2517 1714 2798 1773 nnalium
2825 1721 2967 1776 tom.
2991 1712 3076 1787 11,
3096 1718 3164 1775 in
3185 1715 3542 1795 Appendice.

254 1874 682 1953 Apostolorum
706 1878 984 1950 vertices,
1011 1875 1074 1937 in
1098 1876 1302 1956 quinto
1319 1873 1563 1955 quidem
1587 1872 1739 1935 libro
1756 1873 2349 1953 Ordinationum,qui
2374 1872 2448 1934 de
2473 1871 2828 1952 martyribus
2845 1872 3212 1946 inscribitur,
3229 1873 3397 1952 juxta
3421 1872 3549 1936 Cle-

186 1973 444 2024 mentem
465 1961 540 2028 ‘3:
563 1965 860 2040 Quartam
875 1966 1102 2042 feriam
1119 1972 1178 2027 et
1192 1972 1430 2028 sextam
1443 1970 1726 2043 prrscepit
1738 1962 1913 2026 nobis
1929 1965 2206 2040 ieiunare
2217 1963 2510 2026 Dominus
2521 1979 2724 2024 :unam
2738 1963 3248 2042 quidem,pr0pter
3260 1964 3548 2026 traditio-

183 2067 308 2111 nem
313 2052 636 2128 ;alteram,
649 2060 897 2134 propter
909 2059 1280 2134 passionem:
1303 2057 1506 2135 ipsum
1528 2061 1728 2116 autem
1758 2051 2088 2118 Sabbatum
2111 2050 2167 2094 ⁴⁴
2188 2069 2309 2114 non
2326 2051 2580 2114 tradidit
2606 2052 3087 2130 uobisjejunare,
3112 2053 3400 2130 quoniam
3427 2070 3551 2115 non

182 2149 428 2218 oportet,
445 2151 674 2222 praeter
694 2142 850 2204 illud
869 2142 1085 2218 solum,
1114 2146 1180 2206 in
1204 2161 1323 2225 quo
1356 2146 1615 2206 Creator
1637 2143 2062 2217 om.nium,sub
2079 2152 2249 2205 terra
2274 2141 2595 2220 fuit.Unde
2617 2140 2784 2220 juxta
2819 2139 3043 2201 calcem
3095 2141 3359 2218 ejusdem
3387 2141 3546 2215 libri,

184 2229 387 2290 iterum
402 2231 495 2292 sic
521 2233 787 2313 loquitur
803 2230 878 2296 *δε
889 2231 1087 2296 Omne
1097 2234 1340 2314 quidem
1355 2231 1689 2296 Sabbatum
1710 2239 1768 2295 et
1786 2249 2024 2295 omnem
2044 2232 2434 2294 Dominicum
2450 2229 2870 2294 celebrandum
2891 2226 3088 2291 “esse
3102 2229 3378 2292 dicimus.
3389 2233 3552 2292 Gau-

183 2317 312 2380 dere
333 2322 498 2382 enim
520 2329 753 2400 oportet
776 2325 842 2385 in
860 2322 978 2394 his.
1007 2331 1065 2384 et
1094 2341 1218 2385 non
1247 2323 1481 2404 lugere.
1508 2322 1777 2402 Septimo
1797 2321 2038 2401 quidem
2064 2321 2215 2382 libro
2241 2339 2440 2382 earum
2466 2319 2990 2389 Constitutionnm,
3011 2318 3183 2397 juxta
3203 2318 3547 2381 vicesimum

179 2417 447 2485 quartum
467 2418 641 2491 caput
662 2409 739 2492 ‘7,
763 2413 876 2474 hoc
899 2411 1195 2493 inquiunt:
1229 2411 1569 2476 Sabbatum
1589 2428 1852 2492 namque
1874 2418 1929 2472 et
1951 2412 2327 2473 Dominicum
2359 2408 2728 2473 celebramus
2747 2404 2998 2486 ‘7';quia
3020 2407 3174 2470 illud
3194 2408 3437 2486 quidem
3457 2409 3545 2470 di-

178 2498 327 2557 vince
349 2501 722 2577 operationis
748 2509 834 2563 est
863 2501 1177 2582 memoria,
1203 2502 1304 2564 hic
1325 2499 1381 2543 ⁸⁸
1408 2519 1548 2564 vero
1568 2502 2059 2563 resurrectionis.
2087 2499 2282 2562 Unum
2311 2517 2451 2561 vero
2484 2506 2721 2558 tantum
2739 2496 3068 2559 Sabbatum
3091 2497 3548 2561 custodiendum

177 2593 257 2648 est
277 2589 345 2649 in
362 2596 491 2651 toto
519 2607 704 2670 anno,
729 2589 1078 2670 Sepultum
1109 2590 1378 2666 Domini;
1401 2592 1816 2672 quojejunare
1845 2598 2100 2671 oportet.
2147 2589 2410 2666 Quando
2433 2593 2605 2650 enim
2627 2586 2901 2649 Christus
2930 2588 2995 2648 in
3038 2587 3312 2665 sepulcro
3331 2589 3546 2668 jacuit,

179 2673 466 2757 discipuli
497 2680 896 2757 potentiorem
925 2683 1085 2742 circa
1100 2697 1240 2743 eum
1266 2680 1474 2758 ﬂetum
1498 2679 1816 2762 habebant,
1841 2697 2020 2760 quam
2041 2679 2336 2761 gaudium
2355 2695 2430 2741 ea:
2446 2678 2736 2740 memoria
2767 2676 2991 2738 divinae
3007 2677 3393 2757 operationis,
3428 2687 3548 2740 etc.

1665 2840 1856 2908 Multo
1881 2847 2014 2923 post
2048 2862 2062 2905 :

257 2997 323 3060 In
357 3007 536 3060 sexto
559 2997 712 3060 libro
741 2997 1065 3062 Clementis
1089 3001 1548 3066 Ordinationum
1563 3050 1579 3076 ,
1601 3017 1734 3083 quae
1753 2998 1828 3064 ab
1848 3017 1918 3062 eo
1937 2999 2295 3082 conscriptae
2315 3009 2476 3082 sunt,
2494 3002 2664 3080 juxta
2683 2998 2895 3078 septizr
2910 3015 3006 3061 um
3034 2999 3330 3062 decimum
3348 3011 3549 3082 caput,

181 3088 435 3165 apostoli
467 3088 592 3150 haec
620 3087 846 3152 dicunt:
874 3088 1241 3172 Episcopum
1270 3097 1329 3154 et
1358 3089 1778 3172 presbyterum
1810 3097 1868 3152 et
1888 3090 2247 3162 diaconum,
2281 3091 2569 3160 dicimus,
2629 3092 2739 3170 qui
2788 3107 2972 3152 unam
3027 3090 3244 3152 habent
3271 3109 3548 3168 uenirem,

181 3177 494 3254 ordinari,
527 3180 804 3258 quamvis
823 3181 1041 3242 uicani
1067 3197 1282 3244 eorum
1309 3182 1625 3265 canjuges,
1657 3184 1932 3260 quamvis
1963 3180 2267 3259 defuncta:
2301 3202 2315 3238 :
2350 3196 2472 3242 non
2522 3178 2659 3242 licet
2688 3196 2784 3242 eos
2805 3187 2936 3260 post
2965 3196 3178 3243 manus
3200 3178 3255 3222 ⁸ο
3298 3183 3549 3262 imposi-

183 3267 406 3329 tionem
435 3273 726 3349 innuptas
751 3284 902 3344 esse,
932 3285 1041 3332 nec
1068 3270 1322 3350 insuper
1351 3271 1430 3335 ad
1458 3275 1709 3352 nuptias
1737 3269 1876 3350 ire;
1912 3277 2019 3332 aut
2047 3274 2106 3332 si
2125 3271 2463 3350 nupserint,
2497 3268 2733 3332 alteras
2770 3270 3075 3349 amplecti,
3107 3270 3212 3332 sed
3265 3269 3554 3351 sufﬁcere

182 3371 326 3433 quas
353 3355 581 3421 habent
606 3375 745 3420 cum
775 3357 855 3420 ad
896 3359 1351 3424 ordinationem
1380 3369 1693 3425 venerunt.

1653 3493 1834 3558 Circa
1863 3493 2077 3574 ﬁnem:

261 3648 513 3733 Reliqui
535 3657 731 3712 autem
761 3650 1090 3726 Verticum,
1113 3649 1175 3712 in
1199 3653 1456 3730 septimo
1487 3656 1542 3702 ⁵ο
1570 3652 1723 3716 libro
1743 3649 2223 3729 Institutionum,
2275 3655 2441 3732 juxta
2468 3661 2699 3717 sextum
2731 3649 3031 3715 decimum
3059 3659 3237 3732 caput
3269 3649 3550 3732 liquidius

183 3739 506 3803 dixerunt:
545 3741 780 3805 Scimus
808 3742 995 3822 enim,
1020 3741 1214 3824 inquit
1242 3740 1394 3824 δίδη,
1421 3745 1573 3823 quia
1615 3743 1681 3806 hi
1703 3743 1808 3823 qui
1833 3742 1993 3806 circa
2019 3743 2355 3820 Simonem,
2381 3752 2436 3807 et
2460 3741 2796 3817 Cleobium,
2830 3748 2885 3804 et
2933 3739 3182 3817 Judam,
3243 3741 3551 3822 conscrip-

179 3835 392 3894 serunt
429 3829 616 3892 libros
635 3831 704 3892 in
725 3831 967 3893 nomine
989 3831 1290 3896 Christiet
1317 3832 1760 3914 discipulorum
1790 3831 1940 3912 ejus,
1973 3831 2409 3911 circumferunt
2428 3833 2506 3895 ad
2534 3831 2944 3894 seductionem
2957 3836 3242 3905 vestram,
3260 3839 3315 3893 et
3343 3847 3550 3892 eorum

179 3924 284 3996 qui
309 3916 584 3999 diligunt
615 3917 948 4000 Christum,
978 3925 1035 3983 et
1061 3936 1172 3984 nos
1198 3937 1403 3984 servos
1431 3922 1648 4002 ipsius.
1682 3921 1762 3984 Et
1791 3923 1862 3983 in
1892 3920 2200 3984 ueteribus
2246 3922 2489 4002 quidam
2532 3921 3026 4000 conscripserunt
3051 3919 3241 3982 libros
3291 3935 3553 4000 apocry-

178 4007 338 4086 phos
371 4008 581 4090 Moysi,
615 4015 672 4071 et
697 4006 932 4086 Enoch,
965 4015 1023 4072 et
1052 4008 1271 4091 Adam,
1304 4009 1505 4093 Isaiae,
1539 4017 1597 4075 et
1625 4009 1843 4085 David,
1877 4016 1934 4074 et
1962 4010 2148 4092 Eliae,
2200 4018 2257 4073 et
2316 4013 2506 4074 trium
2557 4007 3072 4092 patriarcharum,
3131 4009 3555 4090 corruptiones

179 4098 474 4177 facientes
501 4105 684 4178 atque
711 4099 986 4161 veritatis
1009 4099 1290 4162 inimicos
1313 4097 1519 4164 libros.

192 4238 568 4304 Humbertus
583 4240 895 4320 episcopus
920 4238 1127 4322 Sylva
1159 4239 1474 4319 Candidas,
1501 4243 1572 4305 in
1590 4241 1979 4323 responsione
2002 4243 2082 4305 ad
2108 4241 2338 4306 Niseia:
2355 4243 2608 4319 librum,
2633 4240 2820 4306 multo
2839 4247 2974 4324 post
2993 4242 3238 4306 initium
3263 4261 3283 4317 ;
3307 4240 3551 4316 ibidem,

262 4372 749 4455 Reprehendens
775 4375 936 4436 enim
960 4393 1092 4456 nos,
1120 4393 1232 4440 cur
1250 4377 1601 4457 jejunemus
1619 4375 1915 4454 Sabbatis,
1948 4375 2098 4440 dicis
2125 4399 2138 4440 :
2169 4377 2398 4452 Quarta
2423 4386 2478 4440 et
2501 4385 2672 4440 sescta
2692 4377 2853 4456 feria
2863 4377 3102 4458 iugiter
3117 4376 3550 4457 jejunaudum;

182 4483 319 4528 una
346 4471 595 4546 propter
620 4463 1040 4542 traditionem,
1063 4463 1262 4528 altera
1289 4472 1535 4547 propter
1551 4468 1899 4547 passionem
1927 4465 2178 4531 Domini
2199 4489 2226 4540 ;
2282 4465 2542 4532 Sabbato
2572 4474 2774 4529 autem
2795 4482 3133 4547 nunquam,
3165 4467 3290 4528 nisi
3307 4482 3454 4528 uno.
3486 4463 3558 4527 Et

181 4555 302 4616 hoc
334 4570 606 4616 asserere
629 4551 866 4615 conaris
896 4571 968 4616 ex
995 4554 1352 4635 apocrypbis
1378 4554 1550 4618 libris
1580 4562 1641 4617 et
1666 4555 2018 4636 canonibus,
2055 4555 2180 4636 pari
2213 4557 2512 4618 sententia
2541 4564 2880 4620 sanctorum
2913 4552 3150 4616 Patrum
3199 4553 3554 4635 repudiatis.

181 4645 341 4707 Nam
372 4641 699 4708 Clementis
723 4641 878 4706 liber
897 4641 973 4717 ⁵³,
1006 4643 1064 4703 id
1097 4651 1188 4705 est
1221 4642 1595 4706 ltinerarium
1620 4644 1782 4708 Petri
1809 4644 2088 4726 apostoli,
2120 4655 2178 4706 et
2203 4647 2480 4708 Canones
2503 4644 2909 4725 apostolorum
2942 4651 3290 4708 numeratur
3315 4639 3558 4726 “inter

180 4732 546 4815 apocrypha,
579 4730 844 4813 exceptis
873 4730 1153 4813 capitulis
1183 4732 1647 4814 quinquaginta,
1677 4751 1812 4815 qum
1839 4725 2233 4798 decreverunt
2264 4733 2492 4814 regulis
2521 4731 2869 4796 orthodoxis
2889 4731 3358 4811 “adjungenda.
3385 4725 3554 4794 Unde

181 4839 300 4884 nos
326 4839 567 4902 quoque
595 4838 774 4884 omne
800 4819 1181 4903 apocryphon
1207 4819 1266 4866 ⁸⁸
1294 4821 1668 4902 abjicientes,
1715 4823 2112 4902 dedignamur
2139 4822 2350 4885 audire
2382 4841 2591 4886 eorum
2650 4821 2948 4886 fabulosae
3001 4819 3375 4896 traditiones,
3411 4819 3553 4900 quia

181 4928 312 4974 non
341 4919 482 4974 sunt
511 4918 578 4972 ut
596 4908 692 4972 lex
720 4908 981 4974 Domini.

311 5069 610 5153 Georgius
641 5069 978 5152 Cedreisus,
1001 5071 1069 5134 in
1101 5072 1477 5156 Compendio
1502 5073 1970 5156 Historiarum;
2011 5074 2302 5138 editionis
2330 5073 2648 5155 Xylandri
2673 5091 2820 5156 pag.
2860 5071 2994 5149 173,
3025 5073 3144 5135 lin.
3176 5069 3277 5144 52,
3307 5078 3426 5133 etc.

1181 5152 1498 5216 Editionis
1521 5154 1705 5235 regiae
1736 5160 1876 5218 tom.
1908 5153 1962 5230 Ι,
1982 5172 2132 5236 pag.
2159 5156 2302 5235 2H,
2336 5152 2416 5229 A,
2449 5162 2564 5218 etc.

274 5286 399 5366 Πιρὶ
417 5292 478 5343 οὖ
498 5285 552 5344 ὲν
572 5290 696 5353 ταῖς
709 5284 1095 5350 ἆποστολικατς
1119 5285 1426 5353 Διατάξεσιν
1447 5289 1477 5345 ὃ
1499 5286 1667 5366 μέγας
1687 5289 1823 5346 ἀπό-

1988 5290 2076 5352 De
2094 5308 2211 5371 quo
2233 5287 2292 5350 in
2318 5285 2848 5351 Constitutionibus
2865 5283 3207 5371 apostolicis
3223 5303 3474 5365 magnus
3494 5304 3553 5348 ι·

189 5372 384 5440 στολος
430 5375 625 5456 Πέτρος
675 5375 814 5434 οὕτω
839 5375 1054 5455 φάσκει.
1090 5373 1153 5434 Ἦ
1191 5375 1246 5432 δὲ
1286 5379 1536 5458 καταρχὶ,
1560 5379 1666 5434 τῶν
1697 5377 1823 5435 νέων

1908 5369 2175 5460 postolus
2200 5381 2415 5442 Petrus
2432 5376 2513 5440 ita
2525 5373 2784 5438 disserit:
2806 5369 3078 5438 Hieres'es
3087 5391 3226 5438 vero
3246 5391 3418 5438 nocte
3436 5375 3554 5438 ini-

273 5535 339 5618 it
361 5535 402 5600 l.
435 5499 762 5618 Ettmptﬂclfi.
786 5533 869 5618 Δ4³
895 5536 1200 5618 iccirco,
1225 5537 1288 5618 ἐξ
1313 5537 1458 5618 Cap.
1492 5538 1593 5601 15.
1638 5538 1702 5589 ιι
1720 5537 2104 5618 al.jejunare
2131 5537 2464 5602 Sabbatum
2507 5537 2570 5587 45
2596 5533 2742 5618 cap.
2770 5535 2872 5599 ‘20.
2917 5534 2982 5584 4⁸
3035 5535 3115 5599 al.
3162 5535 3551 5618 Dominicam

191 5613 637 5681 celebrandam.
684 5616 747 5666 47
777 5613 919 5694 Cap.
950 5613 1056 5679 23.
1114 5613 1202 5666 ἆτ’
1230 5615 1308 5678 al.
1334 5613 1709 5681 ﬂaminicam
1741 5613 2132 5681 celebremus.
2192 5620 2256 5668 48
2283 5618 2361 5681 al.
2397 5618 2542 5680 haec.
2603 5613 2771 5678 i9'al.
2806 5632 3127 5678 manuum.
3186 5615 3252 5668 ω
3279 5614 3320 5680 ι.
3357 5624 3548 5679 sexto.

193 5695 353 5753 διον
374 5697 451 5761 al.
488 5699 800 5779 inquiunt.
847 5697 910 5748 53
941 5698 1022 5760 al.
1053 5696 1306 5760 librum.
1353 5698 1416 5749 54
1443 5697 1519 5761 al.
1555 5715 1950 5761 numeravers
1995 5701 2060 5751 ω
2085 5699 2164 5764 al.
2197 5699 2590 5763 orthodoaite.
2653 5695 3550 5778 “at...osnm:up0cmhﬂm.
