4082 6348
500 215 621 279 559

1322 217 1383 279 S.
1431 218 1869 283 CLEMENTIS
1914 220 1934 279 Ι
1984 218 2167 279 ΡιΟΜ.

2217 217 2447 280 ΡΟΝΤ.
2494 213 2741 280 OPERA
2785 218 3039 283 DUBIA.
3138 262 3143 267 -
3770 216 3887 282 560

492 356 552 412 et
585 367 719 431 quaa
749 348 854 411 Dei
879 350 1172 412 voluntati
1207 349 1457 411 adversa
1508 359 1647 411 sunt
1696 352 1904 431 faciat;
1947 351 2046 411 ille
2077 367 2109 409 a

2229 344 2465 424 ταδιώκῃ
2496 347 2680 405 καὶτὰ
2737 347 2943 403 ἐναντία
2991 354 3068 421 τῷ
3109 346 3376 422 θελήματι
3422 354 3514 405 τοῦ
3558 350 3692 407 Θεοῦ
3732 353 3883 429 ποιῇ,

491 438 542 500 si
576 458 649 501 ex
678 446 855 519 gente
883 438 1091 520 iniqua
1124 445 1306 517 esset,
1343 457 1377 499 a
1398 437 1521 501 Deo
1556 439 1951 519 reputabitur.

1014 615 1266 680 CAPUM
1308 616 1595 681 PRIMUM
1611 664 1624 677 .

1104 708 1194 767 De
1222 709 1519 770 avaritia.

569 809 879 873 Abstinete
910 809 1095 889 igitur
1129 813 1201 870 ab
1234 808 1399 869 omni
1450 808 1700 870 avaritia
1726 816 1786 869 et
1815 810 2104 889 injustitia
2131 835 2141 868 ;

494 901 719 964 etenim
769 901 830 961 in
875 901 1005 977 lege
1025 901 1317 976 scriptum
1354 908 1445 959 est
1481 920 1493 957 :
1536 923 1562 953 α
1597 917 1716 959 non
1753 899 2148 977 concupisces

488 1008 735 1051 uxorem
770 989 1021 1069 proximi
1080 986 1186 1060 tui,
1254 1006 1451 1067 neque
1499 1006 1703 1063 agrum
1762 988 1916 1067 ejus,
1950 1006 2146 1064 neque

486 1095 721 1140 servum
775 1080 926 1158 ejus,
960 1096 1153 1158 neque
1184 1077 1463 1138 ancillam
1497 1078 1651 1156 ejus,
1704 1096 1896 1156 neque
1934 1079 2140 1136 bovem

488 1167 844 1248 ejus,neque
866 1165 1178 1245 subjugale
1202 1166 1478 1245 ejus,nec
1494 1184 1863 1246 quaecunque
1892 1166 2143 1245 proximi

486 1256 569 1316 tui
598 1254 850 1332 sunt“;
890 1280 915 1311 η
942 1256 1079 1335 quia
1121 1255 1318 1316 omnis
1360 1255 1571 1317 horum
1618 1255 1963 1330 cupiditasa
1989 1256 2141 1315 malo

482 1353 595 1406 est.
633 1344 745 1418 Qui
775 1345 935 1405 enim
971 1363 1243 1423 uxorem,
1281 1353 1383 1405 aut
1412 1362 1672 1419 servum,
1709 1354 1812 1405 aut
1861 1345 2136 1404 ancillam

482 1435 732 1514 proximi
763 1434 1298 1513 concupiscit;jam
1330 1444 1533 1495 mente
1571 1433 1805 1494 adulter
1827 1453 1893 1493 ac
1911 1434 2004 1494 fur
2027 1443 2135 1513 est;

478 1525 591 1585 nisi
614 1523 1256 1605 resipiscatJudicatus
1290 1532 1378 1584 est
1409 1542 1442 1583 a
1478 1523 1727 1586 Domino
1763 1533 1963 1585 nostro
1994 1526 2135 1584 .lesu

2234 437 2308 498 ὡς
2351 436 2660 515 παράνομον
2720 434 2888 511 ἔθνος,
2950 442 3029 511 τῷ
3088 436 3204 511 Θεῷ
3260 438 3289 492 6
3345 444 3582 503 τοιοῦτος
3625 439 3886 518 λογισθή-

2233 545 2407 590 σεται,

2791 620 3183 675 ΚΕΦΑΛΑΙΟΝ
3228 614 3320 679 A’.

2824 705 2948 783 Περὶ
2980 702 3283 771 πλεονεξίας
3294 754 3306 768 ,

2314 806 2611 889 Ἀπέχεσθε
2669 810 2754 865 οὖν
2810 808 2988 875 πάσης
3034 806 3338 874 πλεονεξίας
3376 809 3466 865 καὶ
3496 808 3699 875 ἀδικίας
3731 826 3745 840 ·
3794 813 3881 868 καὶ

2228 898 2330 977 γὰρ
2360 897 2414 953 ἐν
2460 903 2533 971 τῷ
2578 898 2726 972 νόμῳ
2767 896 3061 975 γέγραπται
3096 912 3109 927 ⁸
3182 919 3204 953 ε
3242 901 3350 956 Οὐκ
3406 897 3751 972 ἐπιθυμήσεις
3796 899 3873 979 (9)

2227 990 2328 1054 τὴν
2356 1000 2585 1066 γυναῖκα
2613 996 2706 1046 τοῦ
2748 985 2976 1053 πλησίον
3021 1008 3140 1061 σου,
3186 985 3304 1043 οὐδὲ
3347 988 3438 1045 τὸν
3490 987 3650 1065 ἂγρὸν
3694 988 3871 1068 αὑτοῦ,

2228 1075 2347 1135 οὐδὲ
2388 1078 2479 1134 τὸν
2507 1074 2677 1133 παῖδα
2706 1080 2885 1150 αὐτοῦ,
2918 1075 3035 1131 οὔτε
3078 1076 3176 1143 τὴν
3226 1074 3508 1144 παιδίσκην
3540 1079 3722 1152 αὐτοῦ,
3756 1076 3874 1134 οῦτε

2225 1166 2317 1222 τὸν
2369 1167 2492 1243 βοῦν
2547 1168 2727 1247 αὐτοῦ,
2784 1165 2900 1222 οὔτε
2949 1166 3010 1221 τὸ
3054 1166 3332 1243 ὑποζύγιον
3379 1166 3557 1241 αὐτοῦ,
3607 1167 3725 1225 οὔτε
3776 1166 3874 1223 ὅσα

2223 1263 2317 1312 τοῦ
2346 1256 2571 1323 πλησίον
2616 1278 2707 1312 σου
2736 1254 2876 1313 ἐστίν
2915 1274 2929 1289 ·
2968 1278 2995 1311 ι
3032 1253 3113 1311 ὅτι
3141 1256 3175 1323 ἡ
3216 1261 3360 1312 πᾶσα
3402 1256 3602 1313 τούτων
3629 1256 3873 1332 ἐπιθυμία

2224 1343 2284 1402 ἐκ
2312 1345 2406 1403 τοῦ
2434 1352 2669 1423 πονηροῦ
2722 1346 2975 1424 ὑπάρχει.
3016 1336 3073 1402 Ὀ
3134 1346 3234 1424 γὰρ
3282 1345 3610 1420 ἐπιθυμήσας
3641 1346 3739 1414 τὴν
3771 1370 3872 1424 γυ-

2223 1448 2405 1509 ναῖκα,
2465 1434 2501 1503 ἢ
2557 1436 2647 1491 τὸν
2689 1432 2879 1507 παῖδα,
2943 1433 2979 1502 ἢ
3028 1435 3128 1501 τὴν
3156 1432 3441 1501 παιδίσκην
3482 1442 3576 1491 τοῦ
3617 1434 3868 1509 πλησίον,

2221 1523 2324 1592 ἤδη
2352 1525 2489 1581 κατὰ
2520 1522 2751 1581 διάνοιαν
2783 1525 2981 1603 μοιχὸς
3013 1524 3099 1580 καὶ
3132 1522 3369 1590 κλέπτης
3415 1525 3577 1588 ἐστίν,
3613 1524 3736 1583 Ἐὰν
3793 1527 3871 1599 μὴ

479 1613 713 1676 Christo
743 1633 760 1689 ;
796 1630 905 1692 per
935 1631 1114 1692 quem
1145 1611 1269 1673 Deo
1302 1612 1514 1689 gloria,
1552 1612 1611 1672 in
1645 1612 1882 1673 saecula.
1920 1614 2105 1673 Amen

2220 1619 2491 1693 μεταγνῷ,
2526 1612 2767 1692 κέκριται
2824 1610 2948 1692 (10)
3015 1614 3113 1669 ὑπὸ
3168 1620 3262 1670 τοῦ
3295 1614 3482 1690 Κυρίου
3509 1615 3664 1689 ἡμῶν
3695 1613 3874 1682 Ἰησοῦ

476 1703 540 1764 1n
562 1702 879 1782 Evangelio
901 1701 1220 1781 siquidem,
1249 1710 1551 1781 repetens,
1584 1701 1825 1761 ﬁrmans
1854 1710 1910 1761 et
1938 1701 2115 1762 adim-

2218 1710 2463 1782 Χριστοῦ,
2495 1700 2563 1759 δι’
2586 1703 2644 1759 οὗ
2665 1702 2784 1782 (11)
2811 1702 2847 1769 ἡ
2869 1701 2989 1767 δόξα
3014 1705 3089 1775 τῷ
3110 1705 3227 1776 Θεῴ
3249 1699 3376 1780 (12)
3408 1704 3480 1765 εἰς
3504 1705 3625 1767 τοὺς
3649 1704 3865 1766 αἰῶνας.

477 1792 648 1872 plens
680 1792 827 1870 legis
850 1789 1359 1868 Decalogum,ait:
1394 1788 1576 1861 «Quia
1609 1791 1665 1849 in
1695 1790 1823 1868 lege
1849 1793 2115 1869 scriptun

2217 1788 2421 1869 Ἀμήν,
2461 1793 2616 1872 Λέγει
2671 1794 2770 1870 γὰρ
2827 1792 2879 1849 ἐν
2938 1800 3013 1866 τῷ
3070 1791 3395 1870 Εὑαγγελίῳ,
3444 1792 3868 1873 ἀνακεφαλαιοῦ-

474 1889 602 1943 est:
630 1879 759 1942 Non
784 1878 1209 1954 maechaberis;
1234 1898 1339 1956 ego
1364 1888 1560 1940 autem
1603 1879 1738 1941 (lico
1773 1878 1937 1939 vobis
1965 1878 2020 1921 ⁷⁸
2050 1901 2063 1941 :
2106 1906 2115 1933 ι

2217 1904 2376 1957 μενος
2406 1883 2497 1939 καὶ
2532 1887 2791 1952 στηρίζων
2844 1882 2932 1937 καὶ
2987 1879 3206 1958 πληρῶν
3260 1882 3359 1949 τὴν
3419 1882 3720 1959 Δεκάλογον
3776 1889 3868 1939 τοῦ

472 1970 533 2030 id
557 1979 668 2042 est,
703 1968 823 2047 Ego
851 1986 957 2048 per
987 1968 1187 2029 Mosen
1239 1969 1296 2028 in
1332 1967 1460 2047 lege
1500 1968 1734 2029 locutus
1764 1987 1895 2029 sum
1925 1989 1938 2043 ;
1976 1989 2115 2030 nunt

2217 1970 2401 2046 νόμου·
2445 1990 2467 2026 ε
2506 1960 2636 2028 ῃΟτι
2668 1969 2723 2025 ἐν
2754 1974 2832 2042 σῷ
2861 1969 3010 2045 νόμῳ
3066 1970 3386 2049 γέγραπται”
3420 1975 3492 2030 O6
3523 1972 3864 2051 μοιχεύσεις

472 2077 613 2121 vero
646 2058 803 2119 idem
828 2059 957 2137 ipse
1006 2058 1136 2117 dico
1186 2057 1391 2117 vobis:
1426 2077 1454 2116 ‹
1489 2058 1845 2135 Quicunque
1878 2077 2115 2139 aspexe-

2215 2058 2323 2137 ἐγὼ
2351 2056 2406 2115 δὲ
2437 2058 2580 2139 λέγω
2605 2060 2734 2135 ὑμῖν
2770 2078 2787 2095 ·
2822 2078 2851 2119 ι
2886 2058 3180 2133 τουτέστιν,
3234 2059 3287 2117 ἐν
3337 2065 3414 2133 τῷ
3444 2061 3591 2136 νόμῳ
3618 2059 3699 2116 διὰ
3726 2067 3861 2118 Μω-

471 2148 809 2209 rituxorem
838 2146 1087 2227 proximi
1115 2145 1190 2207 ad
1229 2146 1781 2226 concupiscendum
1817 2165 1968 2218 eam,
1998 2149 2115 2227 jam

2215 2148 2345 2213 σέως
2388 2149 2497 2225 ἐγὼ
2527 2147 2792 2225 ἐλάλησα,
2838 2154 2925 2205 νῦν
2952 2145 3006 2203 δὲ
3038 2150 3066 2203 6
3110 2150 3267 2213 αὐτὸς
3297 2150 3426 2225 ὑμῖν
3457 2148 3597 2229 λέγω
3632 2168 3647 2181 ³
3685 2174 3713 2205 ι
3750 2158 3858 2215 Πᾶς

471 2238 800 2299 moechatus
830 2243 921 2297 est
950 2254 1079 2296 eam
1117 2236 1175 2296 in
1209 2236 1395 2297 corde
1428 2255 1577 2311 suo;
1619 2260 1640 2293 υ
1708 2237 1802 2297 hic
1834 2236 1933 2317 qui
1974 2257 2115 2298 con-

2215 2238 2352 2303 301tc
2391 2236 2648 2314 ἐμϐλέψει
2682 2239 2757 2301 εἷς
2785 2237 2885 2305 τὴν
2916 2250 3148 2316 γυναῖκα
3178 2245 3271 2296 τοῦ
3326 2237 3555 2305 πλησίον
3610 2241 3743 2319 πρὸς
3798 2244 3860 2297 τὸ

467 2327 714 2408 cupivit,
751 2326 936 2387 animi
959 2326 1195 2386 adulter
1242 2324 1545 2403 judicatus
1572 2336 1682 2387 est.
1713 2325 1826 2398 Qui
1857 2345 1992 2387 vero
2027 2327 2115 2387 bo-

2215 2327 2532 2404 ἐπιθυμῆσαι
2590 2328 2774 2401 αὐτὴν,
2830 2325 2937 2394 ἤδη
3000 2326 3314 2407 ἐμοίχευσεν
3344 2328 3509 2395 αὐτὴν
3538 2327 3593 2383 ἐν
3621 2336 3690 2406 τῇ
3721 2351 3857 2408 καρ-

467 2434 597 2477 vem
617 2416 966 2478 autasinum
998 2415 1184 2495 cupit,
1214 2432 1412 2475 nonne
1447 2415 1661 2494 cogitat
1691 2416 1889 2483 furari.
1929 2423 1989 2475 ct
2018 2435 2115 2478 sua

2215 2415 2287 2490 δίᾳ
2331 2418 2489 2475 αὑτοῦ
2517 2431 2531 2447 ·
2585 2439 2610 2473 ι
2674 2417 2826 2482 οὗτος
2879 2415 3058 2497 ἐκρίθη
3120 2418 3319 2497 μοιχὸς
3378 2416 3499 2473 κατ’
3555 2416 3782 2499 ἔννοιαν,
3830 2421 3858 2475 6

466 2507 684 2586 facere,
720 2504 1095 2567 etabducere
1122 2503 1146 2565 ?
1188 2502 1413 2565 Rursus
1435 2504 1759 2581 quiagrum
1786 2506 2032 2586 appetit,
2066 2515 2115 2567 el

2215 2507 2563 2583 ἐπιθυμήσας,
2621 2506 2680 2564 Ὀ
2734 2505 2790 2562 δέ
2825 2508 2918 2563 τὸν
2960 2506 3085 2583 βοῦν
3129 2506 3164 2575 ἢ
3214 2509 3305 2563 τὸν
3350 2504 3468 2563 ὄνον
3497 2506 3851 2583 ἐπιθυμήσας,

473 2595 533 2656 in
575 2613 645 2657 eo
678 2594 896 2655 aﬂ‘ectu
930 2602 1507 2674 perseverat,nonne
1542 2594 1797 2673 maligne
1833 2595 1887 2655 id
1916 2595 2115 2674 agit,ut

2215 2598 2303 2653 οὐκ
2330 2596 2415 2653 ἐπὶ
2448 2603 2525 2671 τῷ
2565 2594 2784 2673 κλέψαι,
2847 2597 2937 2653 καὶ
2979 2594 3431 2671 ἱδισποιήσασθαι,
3492 2596 3528 2664 ἢ
3559 2597 3647 2653 καὶ
3703 2596 3850 2654 ἄπα⁹

469 2686 756 2747 terminos
772 2684 896 2762 agri
914 2682 1264 2763 scalpendo,
1303 2693 1473 2761 cogat
1499 2701 1932 2763 possessorem.
1964 2686 2115 2745 nullo

2215 2698 2397 2766 γαγετν
2426 2685 2559 2742 αὑτὰ
2588 2684 2878 2743 διανοεῖται
2911 2706 2928 2768 ς
2975 2686 3011 2754 ἢ
3072 2688 3100 2742 6
3147 2688 3240 2742 τὸν
3273 2686 3432 2765 ἀγρὸν
3478 2683 3639 2743 πάλιν
3668 2686 3852 2744 ἐπιθυ-

469 2774 584 2835 sibi
618 2773 809 2853 pretio
846 2771 1114 2833 tradere?
1144 2771 1297 2832 Dicit
1332 2771 1491 2833 enim
1526 2772 1749 2834 alicubi
1781 2774 2067 2853 propheta
2104 2795 2115 2833 :

2215 2779 2409 2851 αήσας,
2459 2776 2542 2833 καὶ
2598 2775 2879 2852 ἐπιμείνας
2940 2782 3009 2853 τῇ
3064 2774 3239 2848 τοιᾷδε
3299 2774 3551 2850 διαθέσει,
3604 2776 3662 2833 οὖ
3690 2800 3856 2844 πονη-

480 2888 505 2919 α
538 2862 639 2924 Vae
655 2861 1110 2943 quiadjungunt
1134 2861 1376 2920 domum
1402 2860 1473 2920 ad
1516 2861 1784 2935 domum,
1830 2873 1885 2923 et
1917 2881 2115 2940 agrum

2215 2866 2433 2941 δεύεται,
2490 2863 2637 2929 ὅπως
2719 2864 3091 2946 ὁρογλυφήσας
3149 2865 3430 2943 ἀναγκάσῃ
3508 2868 3600 2922 τὸν
3658 2866 3856 2947 ἔχοντα

466 2971 608 3031 agro
642 2953 1012 3032 continuant,
1050 2958 1113 3011 ut
1139 2948 1361 3029 aliquid
1396 2951 1647 3029 proximi
1670 2954 2056 3013 auferant'ia‘i:
2093 2982 2113 3011 υ

2215 2958 2297 3013 τοῦ
2327 2952 2555 3031 μηδενὸς
2600 2954 2887 3012 ἂποδόσθαι
2931 2955 3118 3030 αὑτῷ;
3178 2955 3309 3033 φησὶ
3366 2955 3466 3033 γάρ
3510 2976 3612 3012 που
3642 2957 3671 3011 6
3715 2977 3853 3034 προ-

467 3042 691 3104 idcirco
724 3041 803 3103 ait
836 3062 849 3099 :
889 3065 915 3096 α
944 3039 1220 3119 Nunquid
1256 3036 1605 3100 habitabilis
1636 3040 1746 3100 soli
1801 3060 1859 3101 in
1918 3052 2074 3103 terra
2095 3054 2115 3109 ‘1

2215 3045 2381 3125 ρήτης
2416 3042 2566 3124 (13)·
2608 3066 2631 3099 ε
2672 3046 2799 3102 Οὑαὶ
2828 3048 2875 3102 οἱ
2908 3045 3260 3106 συνάπτοντες
3300 3044 3466 3102 οἰκίαν
3496 3045 3630 3123 πρὸς
3662 3045 3852 3121 οίκίάν,

465 3131 679 3193 Audita
702 3148 959 3211 namque
1004 3138 1141 3190 sunt
1185 3129 1312 3189 haec
1372 3128 1433 3188 in
1466 3128 1706 3189 auribus
1739 3129 1975 3191 Domini
2006 3135 2120 3193 Sa-

463 3220 642 3282 baoth
664 3218 780 3280 Ἧι.»
807 3220 877 3280 Ει
899 3221 1009 3280 alio
1044 3219 1101 3279 in
1137 3218 1265 3280 loco
1298 3236 1310 3276 :
1373 3219 1755 3280 «lllaledictus
1782 3221 1883 3300 qui
1920 3233 2116 3283 trans-

462 3310 575 3372 fert
611 3310 899 3372 terminos
925 3307 1179 3389 proximi
1203 3308 1323 3377 sui;
1355 3318 1413 3369 et
1436 3308 1591 3371 dicet
1618 3309 1809 3370 omnis
1832 3313 2110 3390 populus:

462 3399 609 3461 Fiat.
648 3423 674 3455 υ
699 3397 869 3462 Unde
893 3399 1162 3459 etMoses
1211 3396 1314 3455 ait:
1371 3420 1392 3451 ι
1427 3394 1556 3457 Νοη
1587 3400 2018 3461 transmovebis
2045 3402 2117 3462 ti-

462 3507 569 3551 nes
596 3488 847 3570 proximi
874 3487 1140 3567 tui,quos
1172 3494 1368 3566 patres
1403 3487 1486 3547 tui
1510 3497 1835 3567 posuerunt
1866 3490 1989 3548 77.»
2026 3488 2115 3553 Ob

461 3580 614 3641 hanc
679 3579 855 3657 igitur
904 3594 1142 3638 causam
1223 3580 1489 3649 timores,
1560 3586 1800 3649 mortes,
1860 3580 2111 3664 judicia,

460 3668 872 3729 damnationes
902 3664 1249 3728 hominibus
1316 3665 1657 3743 hujusmodi
1689 3666 1973 3729 divinitus
2000 3670 2112 3730 im-

462 3758 750 3837 pendent;
774 3757 844 3818 iis
863 3763 1061 3818 autem
1093 3753 1193 3834 qui
1220 3755 1342 3816 Deo
1376 3754 1686 3827 obediunt,
1718 3774 1834 3817 una
1865 3758 1987 3819 haec
2020 3759 2110 3821 lex

456 3846 563 3909 Dei
585 3848 1008 3927 simplex,vera
1043 3862 1111 3905 ac
1136 3844 1263 3905 viva
1295 3843 1472 3904 insita
1497 3853 1587 3905 est
1614 3862 1626 3903 :
1668 3843 1872 3916 «Quod
1898 3849 1969 3908 ab
1998 3850 2113 3911 alio

455 3937 657 3998 oderis
689 3936 796 3997 tibi
827 3935 984 4009 ﬁeri,
1015 3942 1072 3995 tu
1100 3932 1270 3995 alteri
1309 3952 1382 3993 ne
1414 3934 1629 3994 feceris
1667 3935 1748 3997 78.
1802 3960 1822 3991 ι
1868 3935 1994 3998 Non
2029 3939 2114 3999 vis

454 4032 515 4085 ut
544 4026 698 4087 alius
729 4042 974 4088 uxorem
1018 4031 1175 4084 tuam
1209 4020 1495 4102 nequiter
1524 4024 1594 4084 ad
1621 4034 1895 4105 stuprum
1930 4030 2115 4109 reSpi-

453 4117 591 4189 ciat,
633 4132 827 4196 neque
851 4112 1056 4194 ipsein
1082 4129 1321 4173 uxorem
1345 4112 1601 4190 proximi
1628 4113 1709 4173 tui
1736 4115 1970 4176 oculum
2000 4118 2077 4179 im
2098 4155 2117 4167 ο

528 4247 793 4392 τείξιοά.
825 4264 925 4329 xx,
960 4246 1059 4308 17.
1145 4244 1203 4288 τι
1230 4246 1438 4307 Matth.
1477 4264 1538 4326 v,
1562 4247 1659 4310 ετ.

445 4345 527 4406 Iv,
570 4345 668 4392 19.

1755 4247 1809 4291 ’⁷⁵
1839 4250 1952 4314 lsa.
1990 4256 2134 4335 v;8.

2205 3134 2293 3189 καὶ
2341 3133 2502 3212 ἀγρὸν
2546 3134 2676 3209 πρὸς
2727 3133 2889 3212 ἀγρὸν
2949 3133 3267 3213 ἐγγίζοντες,
3330 3132 3426 3189 ’ίνα
3476 3133 3570 3190 τοῦ
3628 3132 3853 3200 πλησίον

2205 3221 2503 3302 ἀφέλωνταί
2531 3244 2581 3278 τι
2607 3240 2623 3255 ⁸
2668 3245 2691 3278 ι
2728 3221 2808 3279 διὸ
2839 3221 2983 3302 λέγει
3019 3240 3035 3257 ο
3093 3242 3118 3280 σ
3156 3224 3244 3289 Μὴ
3295 3222 3550 3292 οἰκήσητε
3582 3221 3735 3298 μόνοι
3768 3222 3854 3280 ἐπὶ

2198 3317 2298 3379 τῆς
2358 3312 2513 3391 ﬂe;
2575 3313 2814 3382 ἠκούσθη
2862 3313 2963 3391 γὰρ
3022 3312 3096 3375 εἰς
3146 3313 3213 3368 τὰ
3241 3312 3355 3369 ὦτα
3401 3313 3588 3391 Κυρίου
3629 3310 3851 3369 Σαϐαὼθ

2198 3408 2382 3463 ταῦτα.
2421 3423 2449 3458 ι
2488 3402 2586 3460 Καὶ
2636 3400 2883 3482 ἀλλαχοῦ
2915 3420 2933 3437 ·
2998 3424 3023 3458 α
3073 3398 3495 3481 Ἐπικατάρατος
3546 3403 3575 3457 6
3624 3422 3849 3477 μετατιο

2196 3492 2301 3554 θεὶς
2359 3488 2477 3569 ὅρια
2535 3500 2629 3551 τοῦ
2679 3490 2910 3560 πλησίον
2956 3492 3138 3566 αὑτοῦ,
3189 3493 3277 3548 καὶ
3322 3493 3439 3571 ἐρεῖ
3483 3497 3588 3554 πᾶς
3620 3493 3647 3547 ὁ
3692 3491 3844 3569 λαὸς,

2197 3578 2428 3657 γένοιτο.
2463 3602 2486 3637 ι
2518 3581 2612 3639 Διό
2641 3603 2771 3663 φησι
2804 3582 2893 3641 καὶ
2921 3579 3054 3662 (14)
3076 3584 3103 3638 6
3131 3586 3354 3649 Μωσῆς·
3396 3600 3427 3641 (
3460 3582 3531 3639 Οὑ
3561 3584 3849 3657 μετακινήο

2199 3690 2309 3737 σεις
2338 3669 2457 3750 ὅρια
2484 3670 2576 3728 τοῦ
2606 3670 2835 3739 πλησίον
2862 3692 2980 3751 σου,
3006 3671 3039 3727 ἂ
3070 3670 3245 3728 ἔθεντο
3276 3670 3501 3743 πατέρες
3534 3693 3627 3728 σου
3647 3671 3838 3752 (15).»

2202 3760 2302 3819 Διὰ
2331 3759 2485 3817 τοῦτο
2525 3761 2613 3819 οὗν
2646 3759 2821 3842 φόϐοι,
2875 3762 3112 3841 θάνατοι,
3169 3759 3506 3840 δικαστήρια,
3538 3759 3842 3837 καταδίκαι,

2199 3849 2342 3929 παρὰ
2388 3856 2480 3908 τοῦ
2519 3857 2654 3907 Θεοῦ
2708 3863 2826 3916 τοῖς
2858 3851 3117 3917 τοιούτοις
3149 3850 3562 3910 ἐπακολουθοῦσι
3601 3869 3618 3887 ⁸
3646 3864 3765 3916 τοῖς
3790 3850 3845 3908 δὲ

2195 3939 2462 4006 ὑπηκόοις
2522 3943 2638 4014 Θεῷ
2695 3940 2987 4018 ἀνθρώποις
3072 3940 3159 4005 εἷς
3208 3942 3372 4019 νόμος
3441 3940 3574 3998 Θεοῦ
3620 3941 3841 4017 ἁπλοῦς,

2197 4026 2427 4106 ἀληθὴς,
2473 4012 2801 4106 {Em—0610c.
2851 4028 3140 4110 ἐνυπάρχει
3178 4050 3189 4063 ·
3246 4012 3283 4086 σν
3313 4012 3394 4089 μΟ
3426 4031 3487 4086 σὺ
3532 4035 3714 4107 μισεῖς
3758 4012 3848 4113 ὑφ3

2200 4118 2381 4187 ἐτέρου
2433 4140 2517 4177 σοι
2570 4119 2834 4197 γενέσθαι,
2868 4119 2931 4176 σὺ
2960 4118 3108 4194 ἄλλῳ
3138 4121 3198 4176 οὑ
3227 4121 3473 4191 ποιήσεις
3506 4120 3659 4202 (16),
3695 4145 3723 4177 ι
3778 4122 3852 4180 Οῦ

2226 4255 2495 4320 “Deut.
2545 4271 2750 4338 xxvm,
2785 4255 2882 4319 17.
2966 4254 3019 4297 ’⁷⁷
3047 4256 3222 4319 Deut.
3270 4273 3394 4334 xxx,
3427 4256 3527 4320 14.
3611 4253 3847 4323 78Tob.

1801 4409 2203 4480 VARIORUM
2247 4414 2505 4483 NOTAE.

532 4542 616 4625 (9)
651 4546 757 4625 ob}
816 4540 1181 4625 ἐπιθυμήσεις.
1237 4540 1747 4625 Convenientibus
1794 4543 2104 4610 Hebraicae

2215 4551 2451 4624 iensi,et
2476 4548 2681 4612 debuit
2723 4549 2939 4613 abesse
2970 4556 3192 4613 mutato
3222 4549 3292 4607 δι’
3323 4553 3383 4607 οὗ
3428 4549 3491 4613 in
3521 4554 3568 4625 ᾧ
3596 4567 3630 4612 a
3661 4568 3840 4616 manu

445 4620 1221 4715 ve_ritati_,Exod.xx,17,_ac
1243 4639 1400 4715 nunc
1422 4620 1483 4681 in
1512 4620 1723 4715 [λικε
1744 4625 1958 4715 quibus
1985 4628 2097 4715 qq-

445 4703 569 4765 dita
595 4672 878 4764 videntur
895 4670 1186 4762 norinulla
1221 4701 1385 4782 velut
1408 4670 1851 4782 paraphrastice
1875 4670 2099 4770 euxoacli‘is

443 4782 770 4869 Scriptura:
827 4781 1212 4869 testimoniis.
1284 4780 1518 4861 Optime
1556 4780 1765 4869 autem
1803 4785 2095 4869 ﬁtzuyak

444 4861 655 4943 nostri,
691 4866 970 4943 ὑποζύγιον
1030 4861 1203 4943 paulo
1254 4870 1385 4943 post
1444 4870 1674 4925 mutant
1708 4863 1766 4923 in
1793 4865 1934 4932 ὄνον,
1973 4861 2097 4931 Mos

444 4941 787 5025 enim_LXX
811 4941 969 5009 anan
1005 4941 1383 5025 interpretari
1438 4944 1556 5025 tivo»;
1590 4951 1648 5003 et
1675 4946 1978 5025 ὑποζύγιον.
2026 4949 2097 5010 Ει

444 5043 580 5086 cum
612 5022 906 5086 Zachariae
969 5041 1051 5099 IX,
1110 5020 1180 5096 9,
1228 5020 1724 5104 iidem‘babeant,
1760 5020 2091 5097 ἐπιϐεϐηκὼς

442 5105 529 5162 ἐπὶ
560 5107 844 5185 ὑποζύγιον
877 5106 962 5160 καὶ
993 5104 1174 5185 πῶλον
1231 5105 1369 5175 νέον,
1404 5100 1607 5164 Matth.
1658 5100 1774 5185 ΧΠ,
1835 5107 1896 5184 5,
1944 5110 2092 5172 cita-

443 5192 561 5259 ων,
594 5183 932 5253 ἐπιϐεϐηκὼς
969 5185 1054 5241 ἐπὶ
1106 5183 1226 5242 ὄνον
1284 5187 1371 5238 καὶ
1422 5186 1600 5239 πωλον
1646 5183 2090 5267 υἱὸννὺποζυγίου.

439 5263 851 5345 Similiterque
873 5264 1135 5328 Balaami
1158 5264 1272 5326 ὄνος
1307 5261 1699 5345 Numer.xxu,
1735 5272 1831 5339 ‘21,
1864 5261 2093 5333 etc.Pe-

443 5352 532 5427 t_ro
565 5344 849 5427 e_pist.’ll,
884 5363 1015 5425 cap.
1052 5362 1118 5427 Il,
1143 5344 1824 5427 νενε.16,οειὺποζύγιον.
1857 5351 2087 5427 Lege“.

439 5424 553 5487 dus
582 5425 795 5487 Suidas
820 5427 879 5486 in
917 5424 1056 5486 v0ce
1080 5424 1392 5500 Τποζύγια.
1419 5426 1558 5487 Cor.

2177 5052 2295 5097 $68.

2183 4630 2533 4693 orthodoxa.
2567 4632 2654 4693 In.

2267 4712 2390 4792 (13)
2425 4711 2485 4793 ’ρ
2519 4714 2825 4793 προφήτης.
2858 4710 2963 4773 MS.
2999 4710 3258 4774 Vindob.
3295 4711 3547 4788 Ἠσαίας,
3582 4730 3716 4793 (ιιιεε
3746 4724 3839 4777 est

2180 4791 2398 4871 glo'ssa.
2432 4791 2519 4855 In.
2640 4791 2648 4793 ⁷
3603 4791 3617 4793 ἡ

2258 4872 2393 4951 (14)
2426 4873 2546 4930 Καί.
2601 4871 2916 4935 Omittitur
2969 4870 3032 4933 in
3087 4879 3347 4951 utroque
3379 4870 3515 4935 cod.
3563 4880 3622 4935 et
3654 4872 3837 4938 debet

2179 4951 2394 5034 omitti,
2423 4955 2547 5031 jam
2581 4951 2739 5015 enim
2775 4953 2850 5014 ad
2884 4951 3295 5014 testimonium
3342 4952 3557 5015 citatus
3579 4960 3671 5015 est
3703 4955 3832 5017 Mo-

2263 5035 2501 5193 lié?‘"A
2562 5112 2737 5170 ἔθεντο
2812 5112 3033 5192 πατέρες
3090 5135 3208 5173 σου.
3289 5110 3525 5175 Absunt
3583 5114 3709 5177 haec
3762 5114 3836 5177 ab

2178 5200 2432 5273 utroque
2465 5210 2806 5273 perperam,
2842 5201 2981 5254 sunt
3009 5193 3170 5254 enim
3197 5211 3316 5254 non
3352 5200 3579 5254 tantum
3611 5193 3673 5255 in
3707 5194 3832 5257 He-

2180 5272 2382 5335 braico
2409 5272 2805 5348 textu,verum
2832 5273 3010 5335 etiam
3039 5273 3099 5334 in
3132 5274 3289 5336 LXX
3328 5274 3466 5335 lntt.
3489 5273 3637 5339 Male
3656 5276 3835 5338 etiam

2174 5354 2247 5414 ab
2273 5353 2348 5415 iis
2380 5352 2548 5435 abest
2578 5370 2683 5415 vox
2705 5354 2932 5423 ἀπλοῦς,
2972 5354 3146 5434 paulo
3179 5361 3336 5435 post.
3360 5352 3458 5435 Aln.

2251 5434 2373 5515 (16)
2607 5448 2792 5508 μισεῖς
2824 5434 2911 5515 ὑπ’
2946 5433 3148 5515 ἐτέρου,
3182 5433 3239 5495 κ.
3273 5457 3323 5493 τ.
3358 5433 3415 5515 λ.
3440 5433 3722 5497 Proxime
3738 5454 3834 5498 ac-

523 5503 645 5592 (ιρ)
680 5507 947 5592 Κέκριται.
982 5504 1133 5592 Huic
1156 5502 1286 5565 voci
1340 5504 1664 5584 prmﬁgitur
1693 5507 1781 5563 καί
1811 5506 1870 5567 in
1903 5507 2082 5571 Vind.
2169 5502 2422 5575 ceditad
2449 5502 2762 5592 Vulgatam
2793 5513 2943 5575 Tob.
2980 5502 3062 5589 iv,
3098 5502 3176 5575 4'6
3202 5532 3216 5577 :
3247 5514 3419 5589 Quod
3447 5516 3523 5575 ob
3539 5516 3661 5577 alio
3687 5517 3829 5577 ode-

436 5582 987 5675 msiincommode.
1023 5585 1203 5648 CLER.
1258 5667 1278 5675 ι
1514 5582 1529 5584 ⁷
1667 5665 1680 5675 _
1763 5666 1794 5675 Α
1868 5666 1881 5675 _
1967 5668 1981 5675 _
2069 5671 2080 5675 _
2167 5596 2414 5675 ris-ﬁeri
2450 5582 2597 5675 (ibi:
2634 5594 2778 5656 vide
2806 5600 2975 5675 netu
3027 5582 3362 5675 aliquando
3396 5597 3581 5656 alteri
3608 5598 3827 5673 facias,

513 5664 751 5756 μιλίων
785 5667 865 5726 οὗ.
902 5664 1068 5756 idem
1099 5684 1211 5756 ms.
1244 5667 1314 5744 ᾧ,
1338 5664 2083 5732 incommode.0rtbodoxi

2219 5664 2386 5756 razci,
2415 5677 2503 5756 καὶ
2535 5664 2579 5730 δ’
2596 5689 2804 5756 μισεῖς,
2867 5673 3060 5756 μηδενὶ
3113 5664 3368 5756 ⁴ιῖοιήσξςλς.
3400 5675 3564 5756 infra
3594 5664 3702 5737 lib.
3733 5664 3823 5756 Ill,

433 5742 689 5838 Librarii
710 5764 843 5809 esse
858 5744 1116 5838 videtur.
1154 5747 1242 5838 In:
1297 5742 1308 5744 ’
1351 5829 1363 5838 ι
1691 5828 1704 5838 _
1762 5825 1831 5838 ﬂ.
1901 5828 1914 5838 ι
1964 5828 1978 5838 _

2215 5774 2296 5836 ψ.
2333 5742 2411 5817 15
2440 5752 2521 5812 ”Ο
2552 5743 2735 5831 μίσεῖς
2788 5742 2878 5812 ἔτοέ
2911 5754 3177 5838 γενέσθαι,
3376 5754 3523 5831 ἄλλῳ
3554 5756 3615 5813 σὺ
3650 5742 3819 5828 ποιήιί

514 5824 632 5904 (12)
660 5836 748 5903 Τῷ
778 5832 915 5901 Θεῷ.
974 5826 1159 5890 Abest
1185 5823 1260 5889 ab
1304 5829 1568 5901 utroque
1597 5828 1732 5893 cod.
1762 5825 2075 5892 Vindobo-

2239 5823 2255 5836 -
2552 5823 2564 5831 τ
2925 5823 2935 5833 υ

3080 5837 3087 5845 ι
