4082 6348
516 346 633 413 575
1357 355 1416 418 S.
1464 354 1900 422 CLEMENTIS
1940 355 1963 418 Ι
2009 357 2189 419 ROM.
2239 356 2462 420 PONT.
2504 354 2751 421 OPERA
2795 359 3053 420 DUBIA.
3774 354 3900 416 576

517 503 638 547 non
670 484 743 545 ob
776 484 932 544 aliud
968 488 1145 559 venit,
1183 488 1298 549 nisi
1330 497 1395 550 ut
1424 507 1559 551 reos
1611 490 1683 552 ab
1730 491 1819 553 ira
1860 500 2158 555 reservata

2250 493 2326 547 ιιαὶ
2358 491 2473 568 (47)
2504 491 2767 570 πληρώσῃ
2799 495 2889 549 τὸν
2940 491 3101 567 νόμον
3147 494 3233 549 καὶ
3278 494 3400 556 τοὺς
3455 493 3758 572 προφήτας,
3806 495 3902 547 καὶ

518 573 828 649 liberaret,
864 577 1054 653 legem
1081 584 1141 640 et
1167 579 1487 659 prophetas
1512 578 1793 661 impleret
1822 600 1838 657 ;
1861 590 1919 644 et
1944 581 2159 643 adscita

2250 580 2316 636 τὰ
2348 579 2515 658 δεσμὰ
2556 587 2654 650 τῆς
2692 582 3067 660 Δευτερώσεως
3120 587 3225 638 τῶν
3254 582 3579 638 ἐπεισάκτων
3628 581 3663 649 ἢ
3710 584 3896 658 παύσῃ

518 664 624 726 illa
652 663 1050 727 Deuteroseos
1081 666 1337 743 vincula,
1373 668 1466 730 vel
1523 668 1820 732 adimeret
1846 671 1937 733 vel
1967 681 2164 733 trans-

514 754 724 817 ferret.
745 753 978 816 Idcirco
1013 756 1172 817 enim
1208 758 1462 820 invitans
1495 777 1605 821 nos
1631 760 1826 822 aiebat
1854 782 1868 824 :
1898 785 1923 816 α
1950 762 2166 826 Venite

522 844 594 906 ad
629 861 725 904 me
755 862 966 905 omnes
996 844 1095 924 qui
1121 845 1404 909 laboratis
1437 855 1494 909 et
1525 849 1755 911 onerati
1787 850 1952 930 estis,
1977 857 2036 911 et
2057 869 2165 928 ego

516 932 781 994 reﬁciam
817 951 919 993 vos
949 930 1051 993 ίοο.
1086 958 1112 990 n
1150 936 1235 997 Tu
1287 935 1468 1015 igitur
1521 956 1655 998 cum
1704 938 1922 1017 legeris
1974 943 2169 1004 Evan-

521 1021 673 1101 gelio
705 1040 773 1082 ac
808 1023 1120 1102 prOphetis
1150 1025 1618 1089 concordantem
1640 1027 1859 1106 legem.
1885 1028 2064 1091 etiam
2088 1030 2143 1091 le

521 1110 642 1191 gito
664 1110 890 1191 Regum
924 1112 1222 1187 historias,
1250 1120 1315 1178 ut
1345 1116 1502 1178 scire
1533 1116 1747 1197 possis,
1770 1116 1930 1198 quod
1960 1137 2169 1181 omnes

528 1217 702 1289 reges
733 1200 836 1279 qui
861 1201 1012 1280 justi
1045 1202 1235 1279 fuere,
1273 1223 1305 1265 a
1334 1203 1458 1265 Deo
1489 1206 1648 1266 aucti
1692 1214 1869 1281 sunt;
1907 1215 1965 1268 et
2010 1208 2166 1289 apud

524 1288 693 1352 illum
720 1297 957 1351 aeterna)
986 1290 1115 1353 vita;
1136 1294 1450 1372 promissio
1476 1313 1577 1355 eos
1601 1296 1853 1358 mansit:
1879 1288 2169 1378 quotquot

524 1386 720 1439 autem
774 1396 948 1456 reges
976 1399 1008 1441 a
1040 1384 1163 1442 Deo
1204 1381 1477 1443 fornicati
1532 1393 1692 1464 sunt,
1728 1386 1787 1446 in
1833 1384 2168 1449 defectione

524 1485 650 1539 sua,
680 1467 842 1546 justo
878 1468 983 1529 Dei
1009 1469 1263 1549 judicio,
1298 1472 1462 1533 brevi
1508 1473 1905 1554 interierunt;
1944 1484 2001 1536 et
2050 1476 2168 1539 vita

523 1557 655 1636 ejus
680 1557 892 1637 privati
914 1568 1074 1633 sunt,
1102 1563 1534 1641 sempiternum
1561 1564 1916 1643 supplicium
1938 1583 2045 1645 pro
2066 1584 2167 1627 rc-

524 1646 665 1727 quie
694 1648 912 1710 sortiti.
948 1651 1091 1712 Haec
1134 1650 1316 1728 igitur
1363 1670 1495 1712 cum
1549 1651 1733 1730 leges,
1768 1654 2017 1715 multum
2053 1655 2170 1717 fide

522 1744 751 1807 auctus,
788 1738 1250 1819 Christo,cujus
1281 1758 1345 1801 es
1402 1758 1622 1821 corpus
1678 1761 1745 1803 ac
1801 1744 2166 1819 membrum,

2252 670 2284 738 ἢ
2350 675 2575 748 μεταθῇ.
2663 672 2759 728 Διὰ
2817 672 2917 750 γὰρ
3001 673 3155 729 τοῦτο
3219 670 3683 748 προσκαλούμενος
3741 673 3894 746 ἡμᾶς

2250 758 2399 837 ἔλεγε
2432 777 2447 793 ⁸
2502 768 2698 819 «Δεῦτε
2729 761 2858 840 πρός
2891 783 2957 835 με
2994 759 3123 840 (48)
3156 761 3348 825 πάντες
3378 763 3424 817 οἱ
3468 767 3761 824 κοπιῶντες
3805 762 3901 816 καὶ

2249 850 2687 930 πεφορτισμένοι,
2720 851 2870 928 κᾶγῶ
2900 850 3190 907 ἀναπαύσω
3244 853 3403 926 ὑμᾶς.
3456 874 3483 906 ιι
3535 852 3606 906 Σὺ
3637 852 3725 907 οὖν
3756 849 3899 907 ἂνα-

2251 940 2403 1015 γνοὺς
2449 940 2543 995 τὸν
2600 939 2763 1015 νόμον
2808 941 3086 1019 σύμφωνον
3135 937 3261 996 ὄντα
3320 944 3398 1013 τῷ
3443 941 3748 1017 Εὑαγγελίῳ
3805 940 3899 996 καὶ

2248 1041 2365 1091 τοϊς
2426 1030 2751 1109 προφήταις,
2841 1031 3169 1107 ἀναγίνωσκε
3241 1029 3327 1085 καὶ
3399 1030 3494 1092 τὰς
3561 1027 3865 1093 Βασιλείους

2249 1116 2394 1183 ὅπως
2453 1117 2639 1174 εἰδέναι
2712 1117 2889 1198 ἔχοις,
2948 1118 3135 1176 ὁπόσοι
3195 1117 3384 1175 δικαίοι
3444 1118 3687 1195 ἐγένοντο
3729 1119 3899 1195 βασι-

2250 1205 2392 1287 λεῖς,
2438 1209 2525 1265 καὶ
2568 1205 2870 1277 ηὐξήθησαν
2927 1209 3029 1264 ὑπὸ
3062 1215 3214 1282 Θεοῦ,
3250 1208 3338 1265 καὶ
3380 1209 3415 1276 ἡ
3460 1206 3751 1287 ἐπαγγελία
3794 1212 3896 1273 τῆς

2250 1297 2459 1353 αἰωνίου
2490 1302 2632 1366 ζωῆς
2666 1298 2848 1361 αὐτοῖς
2877 1294 3103 1372 διέμεινε
3134 1296 3260 1374 παρ’
3292 1300 3455 1370 αὐτῷ·
3504 1298 3617 1353 ὅσοι
3647 1295 3702 1352 δὲ
3730 1298 3897 1373 βασι-

2249 1383 2367 1449 λεϊς
2419 1386 2792 1465 ἐξεπόρνευσαν
2862 1386 2966 1442 ἀπὸ
3035 1394 3190 1465 Θεοῦ,
3270 1386 3323 1441 ἐν
3383 1388 3677 1458 ἀποστασία
3720 1388 3899 1442 αὐτῶν

2252 1476 2521 1549 συντόμως
2568 1475 2845 1531 ἀπώλοντο
2908 1481 2975 1552 τῇ
3040 1482 3133 1531 τοῦ
3188 1483 3319 1534 Θεοῦ
3374 1473 3747 1554 δικαιοκρισίᾳ,
3809 1476 3899 1529 καὶ

2249 1567 2347 1631 τῆς
2374 1566 2532 1621 αὒτοῦ
2558 1571 2698 1636 ζωῆς
2757 1564 3141 1644 ἐστερήθησαν,
3200 1566 3314 1622 ἀντί
3365 1567 3710 1627 ἀναπαύσεως
3756 1565 3896 1619 αἰω-

2250 1654 2359 1708 νίαν
2406 1653 2627 1710 κόλασιν
2673 1653 3104 1733 κληρωσάμενοι.
3143 1664 3316 1713 Ταῦτα
3369 1655 3455 1711 οὖν
3486 1655 3897 1733 ἀναγινώσκων,

2248 1741 2385 1798 πολύ
2420 1749 2481 1819 τῇ
2512 1744 2683 1799 πίστει
2742 1742 3001 1815 α·’)ξηὸεὶς,
3066 1742 3604 1822 προσοικοδομηθήσῃ
3659 1748 3896 1821 Χριστῷ,

3626 1830 3647 1848 κ

518 1824 878 1904 adjungeris.
915 1828 1314 1891 Deambulans
1360 1842 1559 1892 autem
1592 1831 1651 1892 in
1700 1833 1851 1907 foro,
1887 1844 1945 1895 et
1975 1835 2159 1896 lavare

2250 1836 2309 1888 οὗ
2338 1838 2495 1905 σῶμα
2544 1839 2631 1889 και
2679 1833 2838 1908 μέλος
2901 1834 3210 1912 τυγχάνεις,
3260 1839 3571 1911 Περιπατῶν
3621 1830 3675 1888 δὲ
3728 1832 3783 1887 ἐν
3828 1833 3898 1905 τῇ

525 1913 797 1995 cupiens,
831 1925 997 1978 utere
1040 1918 1303 1980 virorum
1340 1920 1600 1997 balneo;
1630 1939 1727 1997 ne,
1779 1923 1916 2003 quia
1946 1942 2167 2004 corpus

525 2004 780 2084 turpiter
811 2006 1030 2067 nudum
1082 2008 1432 2070 mulieribus
1483 2011 1841 2086 ostenderis,
1877 2021 1977 2074 aut
2007 2014 2163 2094 quod

526 2112 644 2155 non
678 2096 851 2157 decet
900 2096 1058 2158 viros
1114 2099 1339 2174 videre,
1374 2101 1758 2179 Spectaveris,
1792 2102 1881 2163 vel
1936 2112 1992 2164 tu
2024 2104 2161 2164 illa-

526 2184 783 2262 queeris,
811 2184 902 2245 vel
936 2185 995 2245 in
1031 2194 1085 2246 te
1126 2187 1410 2268 illaquees
1441 2188 1691 2250 feminas
1720 2210 1852 2271 quae
1884 2191 1961 2253 ita
1992 2192 2166 2255 facile

522 2272 863 2361 capiuntur.
900 2273 1015 2335 Ista
1074 2294 1214 2355 ergo
1274 2296 1436 2353 cave,
1469 2297 1543 2340 ne
1603 2281 1815 2342 animae
1877 2282 2162 2361 tuzeinji-

520 2360 751 2424 ciantur
781 2362 1001 2445 laquei.

1018 2637 1102 2697 Dc
1132 2639 1397 2700 muliere
1426 2656 1651 2717 prava.

598 2719 923 2783 Audiamus
945 2724 1281 2806 enim,quid
1308 2727 1368 2786 in
1393 2727 1712 2805 Sapientiae
1743 2727 1894 2789 libro
1920 2737 2164 2791 sanctus

517 2824 714 2870 sermo
748 2810 943 2875 dicat:
976 2836 997 2867 α
1036 2813 1169 2895 Fili,
1194 2815 1424 2877 custodi
1450 2834 1760 2878 sermones
1791 2836 1996 2897 meos;
2034 2837 2167 2880 mea

520 2916 658 2959 vero
693 2900 971 2963 mandata
1007 2904 1269 2965 reconde
1300 2904 1454 2984 apud
1490 2908 1767 2985 teipsum.
1805 2906 1912 2967 Dic
1938 2910 2169 2987 sapien-

516 2989 657 3049 tiam
688 3005 955 3052 sororem
981 3002 1140 3054 tuam
1168 3011 1323 3068 esse,
1352 2994 1727 3074 prudentiam
1763 3005 1958 3057 autem
1992 2999 2168 3059 fami-

515 3076 723 3138 liarem
752 3078 857 3141 tibi
884 3100 1124 3156 assere;
1159 3090 1224 3144 ut
1252 3092 1306 3144 te
1329 3093 1524 3145 servet
1545 3104 1578 3145 a
1601 3085 1856 3146 muliere
1887 3086 2082 3148 aliena
2113 3094 2169 3148 et

517 3165 691 3244 mala,
718 3169 767 3230 si
795 3178 851 3232 te
876 3171 1078 3233 verbis
1106 3171 1337 3234 blandis
1361 3174 1566 3235 adorta
1590 3173 1884 3237 fuerit.De
1908 3176 2169 3238 fenestra

2250 1923 2436 2001 ἀγορᾷ,
2486 1923 2573 1977 καὶ
2632 1922 2914 1978 λούσασθαι
2979 1922 3327 2001 βουλόμενος,
3391 1922 3574 2001 χρήσῃ
3631 1920 3897 1996 βαλανείῳ

2249 2009 2466 2087 ἀνδρείῳ
2526 2011 2677 2089 (49),
2735 2011 2826 2069 ἵνα
2869 2012 2946 2085 μὴ
3006 2009 3089 2069 διὰ
3139 2013 3200 2067 τὸ
3254 2008 3602 2067 ἐπιδεικνύναι
3646 2032 3706 2065 σε
3737 2017 3897 2084 σῶμα

2248 2104 2303 2156 ἒν
2347 2102 2585 2183 ὰσχῆμῳ
2646 2100 2980 2176 ἀποκαλύψει
3046 2100 3294 2179 γυναιξὶν,
3358 2101 3394 2168 ἢ
3451 2101 3728 2156 θεάσασθαι
3772 2100 3895 2156 θέαν

2249 2192 2353 2271 οὐχ
2426 2192 2754 2271 ἁρμόζουσαν
2843 2189 3119 2270 ἆνδράσιν,
3204 2191 3240 2259 ἢ
3299 2190 3360 2245 σὺ
3446 2188 3781 2268 παγιδευθῇς,
3857 2188 3895 2256 ἢ

2248 2280 2576 2357 παγιδεύσῃς
2639 2280 2724 2336 ἐπὶ
2796 2288 2972 2355 σαυτῷ
3044 2280 3140 2343 τὰς
3211 2278 3377 2343 οὕτως
3450 2279 3741 2342 εὺαλώτους
3794 2301 3894 2354 γυ-

2249 2383 2442 2436 ναῖκας
2494 2370 2643 2451 (50).
2690 2370 2965 2429 Φυλασσω
3009 2371 3097 2427 οὖν
3138 2370 3205 2430 τὰ
3246 2378 3485 2448 τοιαῦτα,
3528 2368 3621 2425 ἵνα
3666 2369 3745 2443 μὴ
3785 2367 3892 2427 λάο-

2242 2456 2340 2536 ϐῃς
2364 2461 2596 2542 βρόχους
2621 2468 2688 2537 τῇ
2719 2462 2903 2518 ἑαυτοῦ
2933 2465 3111 2540 ψυχῇ,

2804 2556 3191 2608 ΚΕΦΑΛΑΙΟΝ
3235 2548 3320 2611 z'.

2730 2640 2851 2717 Περὶ
2890 2642 3136 2717 γυναικὸς
3172 2638 3403 2719 φαύλης.

2329 2728 2595 2803 Μᾶθωμεν
2639 2729 2764 2807 γὰρ,
2795 2730 2850 2783 ἑν
2882 2734 2949 2804 τῇ
2980 2729 3145 2807 Σοφίᾳ
3175 2730 3223 2785 τί
3270 2727 3413 2808 λέγει
3446 2732 3472 2786 ὂ
3503 2730 3652 2806 ἅγιος
3685 2728 3842 2805 λόγος
3880 2749 3893 2762 ·

2256 2841 2282 2871 α
2319 2818 2426 2891 Υἱὲ,
2487 2816 2717 2894 φύλασσε
2775 2818 2933 2892 ἐμοὺς
2985 2816 3202 2898 λόγους,
3262 2820 3355 2881 τὰς
3414 2816 3468 2874 δὲ
3501 2820 3642 2894 ἡμᾶς
3674 2818 3894 2880 ἐντολὰς

2250 2908 2449 2983 κρύψον
2500 2907 2642 2985 παρὰ
2687 2914 2915 2981 σεαυτῷ,
2971 2908 3131 2966 Εἰπὸν
3187 2908 3283 2975 τὴν
3333 2910 3517 2988 σοφίαν
3574 2909 3674 2975 σὴν
3731 2907 3893 2963 ἀδελ-

2252 2997 2357 3073 φὴν
2388 2998 2551 3074 εἶναι,
2607 2997 2704 3063 τὴν
2732 2994 2784 3051 δὲ
2818 2996 3072 3076 φρόνησιν
3103 2996 3367 3075 γνώριμον
3423 2998 3766 3074 περιποίησαι
3798 3018 3894 3053 σε-

2536 3043 2551 3074 ἳ

2255 3092 2416 3158 αυτῷ,
2450 3085 2542 3141 ’ίνα
2573 3107 2631 3140 σε
2664 3084 2872 3162 τηρήσῃ
2930 3084 3033 3141 ἀπὸ
3064 3089 3311 3164 γυναικὸς
3357 3086 3636 3165 ἀλλοτρίας
3668 3088 3755 3143 καὶ
3786 3109 3893 3144 πο-

2253 3181 2441 3252 νηρᾶς,
2488 3173 2576 3229 ἐὰν
2634 3196 2692 3230 σε
2751 3173 2932 3252 λόγοις
2976 3189 3094 3239 τοῖς
3154 3177 3285 3253 πρὸς
3338 3178 3498 3256 χάριν
3532 3173 3887 3250 ἐμϐάλληται,

515 3256 675 3317 enim
706 3257 926 3323 domus
953 3262 1153 3322 suaeiu
1180 3264 1401 3340 plateas
1416 3264 1807 3345 prospiciens,
1832 3284 2159 3345 quemcun-

2252 3263 2387 3320 Ἀπὸ
2434 3265 2531 3342 γὰρ
2588 3263 2787 3340 θυρίδος
2820 3265 2974 3321 οἴκου
3005 3267 3168 3332 αὐτῆς
3215 3267 3287 3329 εἷς
3338 3267 3433 3329 τὰς
3478 3264 3730 3328 πλατείας
3780 3288 3891 3321 πα-

517 3364 635 3426 que
658 3347 875 3410 viderit
924 3350 1308 3432 insipientum
1366 3353 1621 3414 ﬁliorum
1677 3354 2154 3437 adolescentem,

2250 3352 2606 3427 ρακύπτουσα,
2644 3354 2701 3409 ὃν
2760 3352 2822 3409 ἂν
2865 3353 2957 3430 ’ἔδῃ
2987 3356 3092 3411 τῶν
3137 3354 3373 3433 ἀφρόνων
3432 3354 3628 3410 τέκνων
3686 3355 3892 3410 νεανίαν

515 3436 717 3525 cordis
740 3438 1000 3519 inopem,
1025 3450 1478 3520 prmtereuntem
1508 3461 1613 3522 per
1633 3443 1851 3525 forum,
1883 3445 1941 3505 in
1970 3436 2158 3505 trans-

2250 3440 2398 3508 ἐνδεῆ
2460 3449 2684 3521 φρενῶν,
2751 3444 3248 3521 παραπορευόμενον
3323 3444 3376 3499 ἐν
3429 3444 3618 3521 ἀγορᾷ,
3666 3443 3718 3499 ὲν
3774 3442 3890 3499 διόο

516 3524 697 3587 itibus
725 3528 940 3590 aedium
972 3549 1236 3609 suarum,
1274 3540 1332 3593 et
1381 3532 1725 3613 loquentem
1779 3524 1844 3594 in?
1893 3534 2157 3595 tenebris

2250 3531 2354 3593 δοις
2390 3532 2555 3588 οἴκων
2603 3535 2789 3605 αὒτῆς,
2852 3535 2938 3587 ναὶ
2997 3532 3259 3590 λαλοῦντα
3313 3533 3366 3589 ἐν
3417 3534 3596 3590 σκότει
3630 3536 3892 3610 ἔσπερινῷ

516 3618 888 3696 vespertinis,
916 3638 1050 3681 cum
1077 3629 1166 3683 est
1199 3630 1490 3684 nocturna
1512 3622 1681 3703 quies
1709 3631 1768 3686 et
1793 3623 2150 3702 caliginosa:

2250 3621 2400 3701 (51),
2435 3623 2589 3688 ἡνίκα
2649 3623 2709 3677 ἂν
2768 3622 2803 3698 ᾗ
2860 3622 3059 3701 ἡσυχία
3119 3623 3391 3702 νυκτερινὴ
3446 3625 3533 3679 καὶ
3587 3621 3885 3703 γνοφώδης’

600 3762 621 3805 1

627 3763 690 3814 00
720 3765 927 3829 Matth.
960 3782 1041 3839 XI,
1075 3765 1173 3828 28.
1865 3856 2260 3923 VARIORUM
2308 3857 2555 3923 NOT/E.

595 4009 725 4089 (47)
762 4009 1011 4075 Ῥυσηται
1043 4012 1163 4074 τοὺς
1195 4009 1466 4073 ὑποδίκους
1520 4018 1617 4078 τῆς
1672 4014 2031 4087 ἀποκειμένης
2064 4012 2154 4089 ὀρ-

512 4096 643 4169 γῆς,
673 4088 955 4172 καίηΗίοο
1007 4090 1210 4152 omnia
1243 4091 1453 4172 desunt
1485 4091 1545 4151 in
1576 4091 1751 4153 codd.
1787 4091 1963 4155 Vind.
2000 4088 2152 4172 qum,

512 4168 954 4251 perspicuitatis
985 4189 1184 4251 causa,
1218 4171 1352 4231 addi
1389 4180 1659 4251 potuere.
1694 4172 1871 4235 Cum.

597 4250 718 4333 (448)
754 4251 1010 4333 Πρόςνμε.
1044 4250 1223 4312 Deest
1250 4251 1307 4311 in
1342 4250 1613 4333 utroque.
1646 4256 1734 4315 ID.

814 4332 1105 4412 ᾼούσασϐαι
1183 4329 1525 4412 βουλόμενοί,
1638 4333 1818 4412 χρήσῃ
1892 4332 2155 4408 βαλανείῳ

518 4410 754 4492 ᾇνδρείί-ρ.
792 4411 972 4471 Erant
1004 4409 1154 4492 polim
1190 4410 1257 4492 in
1308 4409 1606 4492 fidelibus,
1642 4409 1802 4473 tum
1838 4412 2067 4473 luxuria
2098 4421 2155 4473 et

2240 4009 2537 4070 adversus
2552 4009 2956 4069 Iovinianum
2977 4005 3253 4086 cap.ult.,
3286 4024 3399 4068 nec
3429 4024 3547 4067 non
3579 4005 3744 4069 Nilus
3776 4010 3883 4074 lib.

2241 4106 2303 4162 ιι,
2338 4086 2513 4167 epist.
2542 4088 2681 4167 211.
2720 4087 2876 4159 Quid
2902 4087 3058 4167 quod
3114 4086 3369 4167 ethnicis
3402 4088 3604 4149 multis
3627 4107 3727 4152 res
3760 4090 3886 4151 dis-

2242 4166 2487 4249 plicuit?
2514 4177 2575 4228 ut
2599 4166 2861 4249 Hesiodo
2887 4166 2947 4249 in
2982 4168 3098 4228 ﬁne
3122 4166 3259 4249 libri
3289 4186 3328 4230 ιι
3378 4168 3642 4246 Operam
3662 4179 3716 4233 et
3740 4171 3880 4234 Die-

2239 4247 2571 4339 fymnujus
2586 4267 2789 4339 versus
2802 4247 3113 4339 laudatur}:
3126 4248 3435 4339 Clemente
3453 4249 3882 4339 Alerandrino.

2239 4328 2423 4390 Varro
2450 4328 2783 4399 lib.vm,De
2806 4328 3018 4408 liugua
3051 4330 3443 4409 Latina,post
3462 4329 3888 4409 mediumUbi

2238 4411 2378 4472 bina
2396 4418 2584 4471 essent
2598 4410 2914 4488 conjuncta
2928 4408 3470 4486 wdiﬁciaJavandi
3482 4427 3885 4488 causa;unum

514 4489 773 4559 lascivia,
805 4508 969 4551 more
1002 4489 1331 4579 infideli-um
1358 4488 1694 4554 difﬂuentes
1722 4513 1737 4568 ;
1769 4502 1891 4552 tum
1919 4493 2156 4579 simpli-
2185 4499 2223 4547 D
2243 4490 2771 4579 ubi_vir_i.alterum
2791 4488 3182 4579 ubimulieres
3201 4489 3883 4579 lapqrenturEtinHis-

516 4573 798 4661 ciore'sﬁac
829 4569 1050 4661 idiolge,
1081 4589 1113 4631 a
1137 4570 1355 4661 quibus
1392 4573 1605 4661 (inquit
1637 4572 2009 4661 Epiphanius
2040 4569 2155 4634 bze-
2241 4571 2399 4661 toriq
2420 4572 2701 4649 Augusta
2725 4569 2979 4661 refertur
2997 4571 3156 4661 quod
3191 4569 3490 4661 Adrianus
3512 4570 3743 4661 lavacra
3779 4591 3883 4652 pro

508 4652 630 4743 resi
662 4650 760 4741 30,
798 4670 932 4725 cap.
968 4654 1027 4742 7)
1065 4649 1328 4745 propter
1382 4649 1795 4745 negligentiam
1844 4653 2153 4744 doctorum
2241 4649 3882 4745 seri‘bussuperaverit‘pntoninusphilosopbuslavacra

509 4730 761 4821 ignaris,
792 4751 909 4791 non
934 4727 1236 4821 vitabatur
1282 4727 1490 4821 lavatio
1543 4727 1675 4795 cum
1710 4733 1953 4821 alterius
1980 4752 2158 4821 serius
2243 4732 2415 4821 mista
2439 4727 3459 4821 submo_verit,Alerand.er‘8everus
3482 4727 3692 4821 balnea
3714 4734 3885 4821 mista

513 4809 1118 4902 nominibustcirco
1152 4812 1577 4902 constitutione
1603 4815 1799 4902 ha_c,et
1824 4813 1919 4873 illa
1952 4814 2157 4894 capitis
2240 4809 3429 4902 BonizeprohibueritexhiberiDenjque
3446 4830 3551 4891 per
3571 4814 3885 4902 legescivi-

508 4893 566 4965 9,
596 4890 991 4971 prohibentur
1026 4891 1235 4953 balnea
1272 4893 1609 4971 promiscua
1640 4894 1899 4957 virorum
1927 4902 1985 4955 et
2016 4890 2153 4955 mu-

504 4972 1468 5053 lierum.Eademqueinterdictio
1502 4974 1719 5053 legitnr
1739 4974 1798 5035 in
1827 4973 2154 5036 canonibus

507 5053 843 5135 Laodiceno
878 5053 976 5135 30,
1015 5060 1072 5135 et
1103 5052 1388 5135 Trullano
1418 5052 1598 5135 ηαδ
1633 5074 1810 5135 quem
1838 5054 2151 5135 Balsamon

509 5133 810 5213 improbat
838 5133 1015 5215 etiam
1047 5132 1429 5215 lavationem,
1459 5132 1668 5197 balnei
1701 5135 1817 5196 viro
1864 5134 2152 5215 uxorique

506 5211 909 5274 communem.
946 5211 1061 5275 Sed
1096 5218 1157 5275 et
1187 5214 1377 5274 sancti
1410 5214 1612 5276 Patres
1657 5211 2152 5277 consuetudinem

507 5294 918 5376 turpitudinis,
956 5293 1209 5376 periculi
1239 5303 1295 5354 et
1323 5296 1592 5376 scandali
1623 5296 1856 5376 plenam
1890 5296 2150 5376 proscri-

505 5384 773 5458 pserunt;
800 5374 1078 5458 Clemens
1100 5374 1541 5458 Alexandrinus
1563 5374 1903 5458 Pirdagogi
1920 5393 2148 5456 Iit,t.ap.

507 5454 928 5535 5;Cyprianus
952 5455 1039 5536 De
1080 5455 1413 5536 disciplina
1454 5465 1507 5517 et
1557 5454 1774 5520 habitu
1810 5454 2147 5536 uirginum,

506 5534 666 5597 circa
687 5534 965 5609 ’ﬁnem,et
988 5534 1049 5595 in
1072 5535 1329 5615 antiquis
1352 5536 1716 5599 editionibus
1739 5537 1891 5599 libro
1910 5534 2007 5599 De
2029 5536 2151 5615 lap-

503 5618 755 5696 sis,ante
782 5616 987 5689 ﬁnem;
1014 5615 1469 5696 Clirysostomus
1496 5625 1741 5679 tractatu
1782 5620 1864 5679 De
1880 5618 2148 5679 educan-

501 5694 841 5765 dis'liberis,
880 5713 984 5773 per
1019 5694 1205 5754 virum
1262 5697 1727 5758 eruditissimum
1765 5700 2145 5759 Franciscum

502 5776 924 5839 Combefisium
952 5779 1208 5851 vulgato,
1247 5796 1302 5855 p.
1337 5778 1414 5836 73
1441 5798 1455 5850 ;
1479 5777 1776 5839 Palladius
1808 5779 2039 5855 dialogo
2073 5780 2151 5839 lie

502 5859 626 5922 vita
646 5857 1300 5937 S.Chrysoslomicap.
1338 5857 1436 5931 13,
1464 5867 1520 5917 et
1547 5858 1937 5941 Hieronymus
1970 5858 2074 5921 lib.
2113 5876 2147 5921 Il

2240 4891 2559 4953 leslicebat
2582 4890 2794 4951 marito
2837 4890 3154 4970 repudium
3215 4890 3459 4953 mittere
3480 4890 3674 4967 uxori,
3710 4893 3761 4955 si
3808 4913 3879 4957 ea

2238 4981 2450 5052 contra
2468 4971 2654 5052 ipsius
2688 4970 3043 5032 voluntatem
3063 4990 3204 5052 cum
3230 4971 3369 5033 viris
3402 4975 3699 5036 extraneis
3728 4975 3880 5037 lava-

2237 5051 3009 5136 ret_.A_Abs_ititaque-utpost
3031 5051 3351 5136 Evagrium
3396 5052 3501 5136 lib.
3536 5073 3578 5136 ι,
3613 5073 3743 5135 cap.
3770 5056 3874 5136 21,

2238 5140 2295 5192 et
2318 5132 2717 5212 Nicephorum
2745 5130 2827 5212 lib
2894 5148 3013 5212 xw,
3047 5148 3177 5212 cap.
3204 5131 3306 5212 50,
3331 5130 3639 5197 laudemus
3672 5130 3880 5197 stultos

2240 5213 2370 5273 illos
2392 5211 2753 5291 ascetasqui
2776 5211 2913 5271 dum
2939 5211 3053 5272 sibi
3082 5211 3306 5277 ἀπτοετέ
3338 5231 3470 5274 esse
3500 5214 3873 5291 videbantur,

2237 5292 2507 5355 solebant
2538 5292 2781 5355 balneas
2812 5291 3077 5368 adire,ut
3108 5310 3225 5355 una
3256 5311 3389 5355 cum
3425 5296 3781 5359 mulieribus
3797 5297 3881 5358 la-

2238 5381 2539 5438 varentur.
2578 5375 2722 5436 Cor.

2315 5456 2438 5533 (50)
2472 5456 2573 5534 Τὰς
2624 5453 2790 5534 οὕτως
2836 5452 3138 5534 ,εὐαλώτους
3199 5468 3480 5534 γυναῖκας,
3540 5458 3767 5521 Desunt
3814 5457 3875 5519 in

2232 5532 2487 5615 utroque
2513 5533 2666 5615 libro
2697 5532 3036 5615 Yindobon.
3071 5532 3259 5597 CLER.

2316 5614 2462 5698 (51),
2483 5617 2579 5673 Καὶ
2635 5614 2898 5698 λαλοςιντα
2960 5614 3013 5670 ἐν
3046 5618 3222 5698 σκότει
3255 5615 3532 5698 ἑσπερινῷ.
3566 5616 3675 5679 MS.
3728 5617 3873 5698 Reg.

2232 5692 2851 5765 495.καλούντα,ΙλΧΧ,
2883 5703 2984 5755 aut
3006 5692 3875 5773 scripseruntélo-‘jagenori-

2233 5784 2345 5838 tem
2358 5784 2702 5853 ,‘vagantem
2714 5773 2894 5853 ,quod
2911 5774 3228 5855 acceditad
3243 5775 3738 5855 signiﬁcationem
3752 5795 3873 5840 ver-

2234 5855 2290 5919 bi
2323 5871 2438 5920 n'r
2467 5856 2675 5935 gradi,
2712 5854 2897 5935 itare,
2927 5862 3028 5916 aut
3053 5854 3325 5933 legerunt
3348 5871 3497 5951 pinv
3530 5876 3564 5919 a
3592 5873 3719 5955 pm:
3743 5860 3870 5920 cla-
