4082 6348
517 284 635 347 ὕ87

1357 284 1418 346 8.
1466 285 1902 349 CLEMENTIS
1943 287 1970 348 Ι
2015 286 2198 350 ΒΟΜ.
2247 288 2474 351 ΡΟΝΤ.
2514 289 2762 352 OPERA
2806 291 3054 352 DUBlA.

3773 293 3884 356 588

516 425 711 500 potest
736 417 1025 498 quotidie.
1058 417 1150 481 Sit
1191 435 1333 480 vero
1368 418 1472 480 tibi
1506 421 1883 480 constitutum
1925 429 2154 498 tempe-

2250 411 2366 467 αλλ’
2395 414 2437 468 εἰ
2469 410 2708 489 δυνατὸν,
2772 413 2907 490 μηδὲ
2957 414 3259 494 καθημέραν
3341 415 3496 496 ’Ὦρα
3536 415 3589 472 δέ
3620 438 3708 474 σοι
3749 417 3883 475 ἔστω

517 508 684 570 stivae
707 508 1014 571 lavationis
1032 515 1149 569 tem
1159 510 1448 586 pus,hora
1472 508 1726 588 decima;
1749 519 1983 586 oportet
2005 509 2164 572 enim

525 607 747 676 te,qu:n
768 597 965 660 ﬁdelis
987 596 1447 673 es,omnimodis
1470 616 1538 660 ac
1567 617 1807 679 semper
1831 600 2166 663 uculatissi-

517 706 674 751 mam
704 687 1106 751 curiositatem
1148 688 1353 749 vitare.

1162 774 1405 841 CAPUT
1442 777 1524 841 Χ.

761 868 848 930 De
875 867 1132 929 muliere
1161 867 1535 928 contentiosa
1567 874 1624 927 et
1652 866 1916 946 loquaee.

599 957 1052 1021 Couteutionem
1075 955 1636 1034 autem,Christiana
1659 957 2028 1033 mulier,tum
2051 960 2159 1021 ad-

515 1066 722 1112 versus
769 1054 1038 1121 cunctos,
1076 1054 1198 1108 tum
1256 1045 1584 1124 praesertim
1645 1046 1926 1108 adversus
1970 1049 2158 1110 virum

522 1147 688 1202 tuum
711 1144 950 1217 amputa
976 1158 989 1194 :
1015 1153 1090 1197 ne
1114 1135 1162 1195 si
1196 1133 1456 1195 inﬁdelis
1480 1134 1576 1202 sit,
1608 1143 1708 1196 aut
1733 1138 2026 1218 ethnicus,
2058 1157 2164 1218 per

525 1238 584 1291 te
599 1225 944 1290 scandalum
961 1226 1385 1305 passus,Deum
1410 1223 1787 1304 blasphemet
1804 1246 1819 1302 ;
1839 1234 1897 1286 et
1918 1237 1979 1288 tu
2005 1231 2156 1308 apud

518 1316 729 1390 Deum,
754 1316 913 1377 illius
940 1332 1030 1376 vce
1053 1315 1244 1374 haeres
1266 1312 1608 1393 reperiaris.
1642 1316 1741 1374 Ait
1771 1315 1929 1374 enim
1959 1336 1974 1376 :
2002 1337 2030 1374 ‹
2059 1321 2162 1381 Vm

523 1407 580 1470 ei
612 1424 720 1488 per
752 1423 926 1486 quem
951 1421 1172 1464 nomen
1204 1420 1403 1463 meum
1441 1402 1976 1482 blasphematurin
2002 1408 2160 1484 genti

522 1497 634 1560 bus
651 1492 745 1574 “;
773 1520 800 1552 »
829 1494 877 1555 si
898 1503 1096 1554 autem
1127 1492 1319 1554 ﬁdelis
1342 1500 1431 1552 est
1454 1491 1702 1553 maritus
1729 1502 1859 1555 tuus
1880 1493 1952 1571 ‘5,
1980 1514 2159 1575 coge-

520 1595 637 1661 tur,
669 1591 732 1648 ut
776 1582 877 1665 qui
906 1581 1244 1662 Scripturas
1293 1582 1460 1656 sciat,
1496 1582 1654 1643 illam
1700 1601 1904 1644 vocem
1941 1585 1997 1644 in
2045 1587 2157 1647 Sa-

518 1673 742 1758 pientia
769 1672 1052 1752 scriptam
1102 1688 1435 1750 usurpare:
1469 1694 1493 1725 «
1528 1671 1743 1732 Melius
1772 1680 1862 1733 est
1891 1672 2157 1736 habitare

515 1765 577 1827 in
609 1765 871 1842 deserto,
906 1779 1086 1837 quam
1122 1778 1257 1821 cum
1290 1758 1542 1820 muliere
1575 1759 1846 1838 liuguace
1887 1769 1944 1822 et
1992 1763 2155 1823 rixo-

2248 503 2418 570 τακτὴ
2443 505 2476 570 ἡ
2510 508 2607 569 τῆς
2660 503 3028 581 καιρολουσίας
3086 505 3302 573 δεκάτη·
3335 504 3418 562 δεῖ
3445 506 3545 584 γάρ
3575 527 3660 579 σε,
3691 509 3882 576 πιστὴν

2247 591 2428 664 οὖσαν,
2483 592 2543 648 ἐκ
2595 595 2792 652 παντὸς
2860 596 2949 651 καὶ
3031 595 3253 652 πάντοτε
3329 596 3426 664 τὴν
3476 594 3881 676 πολυέφθαλμον

2247 683 2548 762 περιεργίαν
2578 684 2785 763 φεύγειν
2798 732 2809 743 .

2827 781 3214 835 ΚΕΦΑΛΑΙΟΝ
3259 775 3323 838 ι’.

2469 863 2590 942 Περὶ
2622 862 2867 941 μαχίμοο
2897 863 2984 919 καί
3015 863 3362 941 γλωσσὼδους
3391 866 3664 944 γυναικός.

2325 952 2397 1008 Τὸ
2423 949 2477 1006 δὲ
2507 951 2752 1032 μάχιμόν
2807 973 2900 1008 σο.)
2959 954 3089 1032 πρὸς
3139 955 3363 1027 πάντας,
3423 955 3655 1032 μάλιστα
3713 953 3880 1012 δὲκαὶ

2245 1043 2376 1118 πρὸς
2431 1043 2521 1097 τὸν
2575 1038 2734 1118 ἄνδρα
2779 1063 2871 1096 σου
2923 1045 3233 1120 περίκοψον,
3314 1046 3479 1112 πιστὴ
3550 1047 3878 1126 ὒπᾶρχ-υσα,

2244 1130 2334 1186 ἵνα
2371 1152 2462 1190 σου
2493 1130 2679 1208 δάνὴρ
2733 1131 2822 1186 ἐὰν
2952 1131 3175 1198 ἄπιστος
3239 1135 3382 1215 (8'2),
3432 1138 3468 1202 ἢ
3526 1135 3748 1216 ἐθνικὸς,
3806 1136 3881 1210 μὴ

2245 1216 2328 1274 διὰ
2359 1220 2416 1274 σὲ
2479 1218 2868 1284 σκανδαλισθεὶς
2923 1219 3296 1301 βλασφημήσῃ
3354 1225 3508 1298 Θεὸν,
3569 1227 3656 1280 καὶ
3701 1226 3762 1280 σὺ
3790 1232 3882 1281 τοῦ

2245 1308 2358 1364 οὒαὶ
2411 1309 2742 1386 κληρονόμος
2805 1309 3016 1388 εὒρεθῇς
3075 1314 3220 1392 παρὰ
3277 1319 3413 1386 Θεῷ.
3479 1335 3502 1370 α
3553 1315 3698 1386 Οὐαὶ,
3757 1315 3878 1392 γὰρ,

2245 1401 2398 1479 φησι,
2453 1397 2523 1456 δι’
2579 1399 2638 1456 οὗ
2685 1401 2747 1456 τὸ
2802 1398 2970 1474 ὅνομά
3021 1423 3123 1476 μου
3192 1401 3595 1480 βλασφημεῖται
3658 1406 3713 1459 tv
3765 1417 3880 1466 τοῖς

2243 1488 2441 1546 ἔθνεσιν
2490 1487 2622 1569 (83)
2653 1506 2669 1524 θ
2723 1510 2746 1546 ι)
2795 1490 2839 1544 εἰ
2889 1487 2944 1544 δὲ
3003 1493 3190 1556 πιστὸς
3245 1493 3477 1572 ὑπάρχει
3532 1515 3626 1548 σου
3663 1496 3692 1548 ὁ
3723 1493 3880 1572 ἀνὴρ,

2247 1578 2723 1657 ἂναγκασθὴσεται,
2800 1581 2871 1644 ὡς
2928 1577 3076 1642 εἰδὼς
3149 1583 3239 1645 τὰς
3296 1583 3531 1662 Γραφὰς,
3582 1583 3754 1639 εἰπεῖν
3823 1585 3883 1638 τὸ

2241 1669 2385 1746 ῥῆμα
2436 1671 2497 1725 τὸ
2541 1668 2911 1747 γεγραμμένον
2966 1668 3020 1724 ἐν
3067 1677 3136 1748 τῇ
3186 1673 3391 1751 ΣοφίἿν⁶
3435 1693 3463 1725 α
3511 1681 3770 1749 Κρεϊσσον
3798 1673 3884 1728 οἷ-

2241 1775 2360 1814 κεῖν
2417 1760 2471 1816 ἐν
2521 1758 2723 1838 ἒρὴμῳ,
2785 1756 2822 1826 ἢ
2881 1760 3015 1834 μετὰ
3091 1760 3342 1838 γυναικὸς
3398 1759 3750 1838 γλωσσώδους
3796 1764 3881 1818 καὶ

514 1851 674 1917 saw.
703 1878 730 1909 υ
758 1849 1070 1926 Quocirca,
1095 1849 1397 1922 mulieres,
1427 1850 1652 1928 pudore
1676 1860 1731 1909 et
1756 1849 2005 1913 lenitate
2037 1852 2155 1931 pie-

2250 1849 2521 1928 μαχίμης,
2585 1871 2608 1902 ι
2677 1854 2744 1908 Αἱ
2800 1846 2888 1902 οὖν
2938 1861 3214 1928 γυναῖκες,
3273 1846 3358 1904 διὰ
3407 1853 3505 1917 τῆς
3565 1847 3739 1913 αἰδοῦς
3795 1851 3882 1906 καὶ

516 1953 692 2006 tatem
715 1958 855 2020 erga
880 1938 1074 2000 Deum
1100 1939 1282 1998 etiam
1309 1937 1564 1999 ethnicis
1586 1939 1884 2020 omnibus,
1911 1959 2042 2002 cum
2068 1943 2155 2002 vi-

2250 1939 2546 2018 πραότητος
2595 1939 2694 2007 τὴν
2743 1935 3041 1994 θεοσέϐειαν
3098 1936 3441 2014 ἐνδείκνυσθε,
3502 1941 3574 2005 εἰς
3630 1941 3880 2018 ἐπιστρο-

512 2034 621 2114 ris,
655 2041 780 2092 tum
832 2028 1094 2108 feminis,
1127 2028 1444 2103 ostendite,
1482 2029 1543 2088 in
1589 2029 2041 2092 conversionem
2091 2050 2160 2092 ac

517 2119 998 2185 exhortationem
1024 2117 1189 2178 ﬁdei.
1213 2115 1379 2188 Quod
1413 2118 1460 2178 si
1479 2135 1602 2198 vos,
1625 2137 1658 2178 ο
1683 2137 1919 2180 sorores
1943 2127 2002 2180 et
2026 2120 2162 2182 ﬁliae

516 2219 576 2274 et
599 2209 866 2272 membra
890 2205 1289 2282 nostra,brevi
1314 2206 1719 2268 admonitione
1743 2208 2111 2270 erudivimus
2141 2231 2157 2291 ;

508 2303 633 2383 jam
666 2308 738 2361 ut
769 2297 1070 2377 sapientes
1104 2307 1480 2375 perseverate
1532 2297 1662 2358 sine
1714 2297 1933 2376 probro
1982 2299 2153 2362 vitae:

515 2390 748 2451 studete
779 2385 1128 2466 disciplinas
1161 2403 1259 2446 eas
1313 2405 1513 2465 nosse,
1549 2384 1766 2465 quibus
1816 2387 2055 2467 possitis
2085 2390 2156 2450 ad

513 2477 754 2544 Domini
777 2476 966 2537 nostri
986 2493 1236 2554 regnum
1250 2475 1435 2554 gratia
1458 2475 1618 2536 illius
1635 2476 2155 2558 pervenire,atque

513 2568 895 2650 requiescere
919 2566 978 2626 in
1018 2566 1234 2627 saecula
1275 2565 1654 2627 saeculorum.
1689 2565 1906 2628 Amen.

2244 2032 2346 2108 φην
2402 2031 2488 2086 καὶ
2531 2028 2836 2106 προτροπὴν
2883 2028 3138 2101 πίστεως,
3191 2030 3279 2084 καὶ
3326 2041 3444 2092 τοῖς
3497 2029 3646 2095 ἐκτὸς
3693 2035 3877 2104 πᾶσιν,

2245 2117 2358 2176 εἴτε
2389 2117 2645 2198 γυναιξὶν,
2686 2117 2798 2173 εἴτε
2843 2115 3079 2190 ἀνδράσι.
3133 2118 3227 2174 Καὶ
3282 2118 3326 2173 εἰ
3373 2115 3440 2174 δι’
3473 2117 3666 2196 ὀλίγων
3699 2123 3879 2176 νωθε-

2240 2211 2503 2276 τησαντες
2561 2205 2946 2282 ἐπαιδεύσαμεν
2992 2207 3154 2282 ὑμᾶς,
3207 2205 3426 2286 ἀδελφαὶ
3469 2211 3556 2265 καὶ
3608 2209 3885 2288 θυγατέρες

2240 2300 2327 2355 καὶ
2357 2297 2498 2373 μέλη
2530 2299 2708 2372 ἡμῶν,
2751 2298 2822 2360 ὡς
2878 2297 3036 2374 σοφαὶ
3067 2301 3152 2352 καὶ
3212 2298 3362 2354 αὐταὶ
3408 2296 3744 2374 ἁλοιδόρητοι
3793 2306 3886 2355 τοῦ

2239 2390 2354 2465 βίου
2383 2387 2682 2462 διαμείνατε
2713 2385 2828 2457 (84)
2864 2401 2877 2415 ⁶
2942 2386 3219 2456 ἐπιζητεῖτε
3250 2388 3542 2462 μαθήματα
3574 2394 3882 2467 γινώσκειν,

2240 2477 2307 2534 δι’
2339 2482 2410 2535 ὠν
2441 2476 2723 2544 δυνησεσθε
2751 2481 2820 2552 τῇ
2849 2482 2942 2532 τοῦ
3002 2477 3187 2552 Κυρίου
3218 2478 3373 2551 ἡμῶν
3405 2479 3605 2556 ἐγγίσαι
3640 2478 3887 2556 βασιλείᾳ

2237 2567 2557 2644 εὐαρέστως,
2591 2566 2677 2622 καὶ
2710 2564 3101 2621 ἀναπαύσεσθαι
3137 2565 3235 2644 (85
3240 2579 3259 2644 )
3295 2567 3368 2628 εἷς
3400 2567 3520 2632 τοὺς
3553 2568 3745 2632 αἰῶνας
3775 2567 3886 2625 τῶν

2236 2658 2462 2716 αἰώνων.
2489 2654 2684 2731 Ἀμὴν.

591 2815 650 2862 ³⁸
674 2817 788 2883 Isa.
819 2833 942 2898 ιειιζ
959 2819 1016 2881 5.
1101 2813 1158 2858 ³⁵
1185 2817 1466 2898 L.l_gnat.
1502 2816 1579 2876 ad
1619 2814 1809 2879 Trall.
1845 2819 1906 2894 8,
1937 2828 1988 2880 et
2023 2819 2206 2898 lgnat.
2243 2816 2525 2898 interpol.
2561 2812 2711 2876 ibid.
2735 2812 3052 2895 Polycarp.
3084 2831 3215 2894 cap.
3243 2815 3340 2891 10,
3373 2831 3414 2876 ι.
3449 2816 3625 2895 infra,
3659 2817 3767 2879 lib.
3816 2835 3880 2892 ιι,

1849 2978 1948 3040 VA
1958 2976 2250 3044 RIORUM
2293 2975 2539 3043 ΝΟΤᾹΞ.

514 2917 645 2982 cap.
678 2901 737 2962 5.
825 2895 882 2951 9:5
907 2895 1080 2960 Prov.
1105 2913 1228 2974 xxx,
1253 2896 1348 2957 19.

596 3129 715 3211 (82)
747 3128 1052 3194 ”Λπιστος.
1116 3126 1308 3191 Πιστός
1355 3126 1416 3188 in
1443 3135 1725 3208 utroque,
1759 3147 1936 3206 quam
1971 3129 2146 3207 bene,

2250 3143 2350 3194 τοῖς
2369 3129 2541 3211 ,ἔθνεσι
2610 3127 2868 3211 Joannes
2887 3126 2973 3211 gl)

511 3211 742 3275 nescio.
776 3212 959 3274 CLER.

592 3289 862 3368 (83)Οὒαὶ
911 3292 1034 3368 γὰρ,
1087 3293 1237 3369 φησὶ,
1308 3289 1376 3344 δι’
1432 3292 1512 3365 οὗ,
1575 3296 1689 3350 etc.
1725 3289 1951 3350 Eodem
1983 3291 2159 3352 modo

515 3372 622 3434 lib.
647 3387 737 3452 ιιι,
769 3389 898 3450 cap.
927 3369 1200 3452 5._Capite
1243 3379 1439 3430 autem
1501 3370 1576 3429 24
1609 3369 1745 3452 libri
1777 3387 1874 3430 vn.
1914 3371 1992 3452 Διί
2023 3373 2159 3446 ὑμᾶς

510 3454 572 3509 τὸ
603 3449 769 3527 ὄνομά
800 3449 902 3529 μου
955 3450 1354 3529 βλασφημεῖται
1422 3453 1477 3504 ’ev
1530 3462 1646 3511 τοῖς
1697 3449 1888 3509 ἔθνεσι.
1944 3449 2156 3529 Vulgo,

512 3531 578 3589 δι’
636 3533 771 3607 ὑμᾶς
829 3528 1115 3594 διαπαντὸς
1159 3533 1221 3586 τὸ
1279 3529 1444 3603 ὄνομά
1485 3553 1585 3605 μου
1643 3528 2157 3609 βλασφημεῖταιίὼ

514 3625 632 3674 τοῖς
673 3610 865 3671 ἔθνεσι.
897 3613 957 3674 S.
994 3609 1255 3687 lgnatius
1286 3609 1546 3690 Epistula
1575 3611 1646 3671 ad
1673 3611 2000 3673 Trallianos
2030 3613 2152 3675 c.8:

516 3694 664 3770 Οὐαὶ,
705 3691 773 3747 δι’
827 3692 884 3748 οὗ
927 3691 1012 3747 ἐπὶ
1044 3693 1361 3765 ματαιότητι
1421 3695 1478 3746 τὸ
1530 3691 1697 3765 ὄνομα
1731 3715 1831 3766 μου
1866 3694 1951 3748 ἐπὶ
1999 3715 2156 3749 τινων

515 3769 940 3852 βλασφημεῖται.
975 3772 1120 3850 Ejus
1159 3769 1548 3852 interpolator
1576 3770 1835 3852 ibidem,
1862 3775 2153 3852 quemad-

515 3820 1247 3914 lmodi1niwConstitzl'tiones
1293 3820 1404 3910 hroc
1443 3851 1679 3933 inloco.
1804 3820 2159 3933 balycarpus

515 3933 781 4013 epistolae
798 3950 920 4013 suae
940 3951 1069 4013 cap.
1110 3932 1181 3994 10
1211 3954 1224 3989 :
1290 3932 1408 4013 Vm
1438 3931 1554 4013 illi,
1587 3950 1694 4012 per
1723 3931 2158 4012 quem'nomen

514 4011 765 4093 Domini
789 4011 1250 4093 blasphematur!
1275 4012 1359 4074 Ex
1382 4011 2050 4092 Athanasio,’Apologia
2074 4017 2157 4076 ad

516 4091 935 4155 Constantium
959 4111 1015 4172 p.
1053 4092 1191 4164 693,
1216 4111 1284 4153 ac
1306 4094 1591 4170 Gregorio
1613 4091 1878 4172 Nysseno
1910 4112 2091 4156 serm.
2119 4093 2154 4158 3

515 4172 606 4235 De
619 4172 910 4236 Oratione
925 4175 1318 4253 Dominica,et
1334 4172 1488 4234 libro
1504 4173 1595 4234 De
1597 4175 1976 4253 professione
1992 4174 2158 4238 Chri-

508 4259 740 4334 diana,
792 4257 927 4327 οὐαὶ,
987 4251 1054 4308 δι’
1105 4255 1192 4317 οὓς
1242 4256 1302 4310 τὸ
1337 4252 1505 4329 ὄνομά
1537 4251 1637 4330 μου
1668 4255 2069 4335 βλασφημεῖται
2101 4256 2154 4313 ἐν

880 4463 1154 4529 CAPITA
1197 4466 1394 4529 LIBRI
1439 4465 1782 4532 SECUNDI.

508 4555 553 4618 Ι.
590 4552 759 4628 Quod
790 4563 1058 4635 oporteat
1083 4557 1434 4655 episcOpum
1474 4575 1608 4620 esse
1641 4558 1967 4640 eruditum,
1997 4565 2057 4619 et
2088 4558 2148 4619 in

590 4662 871 4708 sermone
900 4654 1310 4709 exercitatum.

3045 3138 3342 3189 sostomus
3360 3127 3568 3193 bomil.
3593 3130 3629 3192 7
3665 3131 3725 3192 in
3758 3130 3884 3195 Ge-

2243 3145 2350 3194 τοῖς
2374 3145 2541 3186 ἔθνεσι
2569 3145 2580 3188 ἶ
2610 3145 2868 3190 Joannes
2888 3145 2973 3189 UH
3045 3145 3342 3189 SOSlomUS
3361 3145 3568 3193 [ΙΟῘΠΙΙ.
3593 3145 3625 3192 Ἰ
3665 3149 3725 3192 In
3758 3145 3884 3195 GC“

2243 3210 2436 3272 nesim
2470 3229 2484 3268 :
2519 3209 2645 3267 Οὒαὶ
2692 3210 2848 3289 ὑμῖν,
2883 3145 3079 3289 ὅτι
3113 3211 3246 3289 δμὸις
3292 3213 3354 3265 τὸ
3384 3209 3548 3286 ὄνομα
3582 3234 3682 3286 μου
3711 3212 3886 3289 βλασ-

2243 3303 2504 3371 ιρημεϊται
2537 3289 2590 3371 ξι
2635 3286 2975 3371 τοῖς-ἔθνεσι.
3029 3286 3251 3371 Homil.
3296 3290 3371 3353 57
3402 3290 3484 3371 in
3532 3286 3882 3356 Joannem:

2244 3367 2369 3429 Οὐαὶ
2411 3373 2489 3443 τῷ
2542 3367 2713 3442 δούλῳ
2775 3369 2979 3442 ἐκείνῳ,
3040 3368 3111 3425 δι’
3162 3370 3222 3426 ού
3271 3371 3333 3426 τὸ
3391 3368 3556 3446 ὄνομα
3602 3381 3694 3430 τοῦ
3753 3381 3885 3432 Θεοῦ

2243 3450 2669 3531 βλασφημεῖται,
2703 3447 2774 3509 Ει
2803 3447 3014 3531 homil.
3043 3448 3123 3511 46
3144 3452 3210 3512 in
3231 3449 3387 3513 Acta
3415 3451 3831 3531 apostolorum
3865 3474 3882 3514 :

2241 3531 2369 3613 93ml
2395 3528 2547 3613 ὒμςῑν,
2587 3528 2662 3613 ’δι’
2695 3531 2789 3613 οὓς
2828 3531 2895 3613 τδ
2933 3529 3098 3613 ὄνομα
3155 3538 3250 3588 τοῦ
3285 3539 3418 3613 Θεοῦ
3449 3528 3879 3613 βλασφημεῖται,

2239 3610 2300 3670 in
2331 3609 2722 3690 confessione
2753 3609 2816 3672 S.
2861 3609 3126 3690 Patricii,
3159 3627 3335 3690 quam
3367 3611 3427 3673 in
3458 3609 3653 3674 lucem
3685 3613 3888 3677 emisit

2235 3689 2490 3752 lacobus
2513 3688 2780 3772 Warmus
2814 3706 2827 3748 :
2881 3689 2990 3772 Vae,
3024 3688 3280 3772 nomini,
3327 3709 3440 3772 per
3469 3710 3639 3772 quem
3663 3712 3884 3758 nomen

2237 3772 2484 3834 Domini
2504 3770 2956 3852 blasphematur
2979 3769 2992 3830 ι
3029 3771 3300 3852 Denique
3322 3769 3563 3835 concilii
3578 3773 3886 3838 Turonen-

2240 3853 2324 3934 sis
2354 3868 2686 3934 I,_canone
2721 3855 2742 3934 ι
2778 3871 2810 3934 3
2847 3848 2943 3913 νω
2995 3853 3106 3928 eis,
3153 3848 3262 3932 per
3312 3870 3462 3934 quos
3494 3871 3712 3918 nomen
3774 3857 3888 3920 Dei

2242 3930 2736 4012 blasphematur!
2770 3928 2910 4012 Cor.

2323 4010 2448 4092 (84)
2485 4013 2821 4095 Διαμείνατε.
2856 4010 3087 4095 Omittit
3135 4020 3386 4095 uterque
3425 4013 3614 4078 codex
3645 4013 3884 4080 Vindo-

2240 4091 2380 4155 bon.
2415 4099 2484 4173 et,
2501 4100 2696 4173 potest
2718 4091 2952 4154 abesse.
2987 4091 3162 4156 CLER.

2345 4173 2443 4245 85)
2473 4172 2918 4236 Ἀναπαύσεσθαι,
2953 4173 3353 4233 Ἀναπαυσασθε
3401 4174 3553 4238 alter
3577 4175 3874 4240 codicum.

2314 4175 2443 4316 885)
2473 4175 2918 4236 Ἀναπαύσεσθαι,
2953 4175 3072 4231 Ἀνα

2238 4254 2328 4315 Vu
2354 4260 2485 4334 gata
2512 4252 2689 4315 lectio
2721 4251 2955 4315 melior.
2985 4256 3072 4317 In.

2433 4475 2776 4528 ΚΕΦΑΛΑΙΑ
2820 4474 2949 4525 ΤΟΥ
2996 4473 3339 4527 ΔΕΥΤΕΡΟΥ
3380 4474 3670 4532 ΒΙΒΛΙΟΥ.

2234 4558 2311 4620 α’.
2353 4557 2494 4618 ”Οτι
2555 4559 2666 4638 χρὴ
2738 4559 2826 4614 τὸν
2893 4556 3180 4614 ἐπίσκοπον
3245 4558 3388 4615 εἶναι
3433 4556 3876 4636 πεπαιδευμένον,

2311 4650 2398 4705 καὶ
2445 4647 2698 4725 ἔμπειρον
2730 4653 2823 4705 τοῦ
2851 4645 3035 4726 λόγου.

507 4732 584 4798 Η.
615 4733 866 4808 Qualem
897 4753 1028 4796 esse
1059 4744 1329 4815 oporteat
1375 4736 1745 4819 episcopum,
1781 4747 1838 4801 et
1884 4738 2149 4819 reliquos

2250 4736 2304 4798 ζ’.
2343 4737 2476 4797 Οἷον
2503 4737 2648 4794 εἶναι
2693 4737 2805 4818 χρὴ
2849 4737 2939 4794 τὸν
2982 4735 3301 4818 ἐπίσκοπον,
3353 4740 3442 4796 καὶ
3484 4740 3604 4804 τοὺς
3654 4738 3878 4803 λαιποὺς

586 4824 859 4886 clericos.

2312 4826 2624 4898 κληρικούς.

505 4911 608 4979 Ill.
640 4912 706 4975 In
737 4914 955 4994 quibus
986 4914 1332 4994 probandus
1352 4916 1548 4997 sitqui
1577 4917 1924 4998 designatur
1945 4918 2004 4979 in
2027 4919 2148 4999 epi-

2250 4915 2307 4992 (’.
2344 4917 2468 4975 Τίνα
2513 4917 2624 4997 χρὴ
2656 4913 3026 4993 δοκιμάζεσθαι
3071 4917 3165 4972 τὸν
3199 4916 3488 4976 ἐπίσκοπον
3531 4919 3874 4999 προχειριζό-

584 5021 855 5084 scopum.

2311 5027 2496 5082 μενον,

503 5091 604 5158 IV.
637 5091 803 5165 Quod
838 5113 957 5155 non
987 5094 1239 5157 cuilibet
1271 5095 1460 5158 viduae
1491 5097 1568 5158 sit
1595 5097 2006 5179 largiendum;
2036 5100 2141 5160 sed

2250 5095 2304 5156 ζ’.
2339 5095 2476 5154 "Ott
2504 5096 2608 5175 οὐχ
2663 5093 2864 5162 ἑκάστη
2917 5096 3066 5176 χὴρᾳ
3112 5094 3198 5154 δεῖ
3247 5095 3616 5176 μεταδιδόναι,
3643 5096 3764 5154 ἀλλ’
3793 5095 3886 5155 ἔσθ

584 5183 940 5264 quandoque
959 5184 1035 5244 sit
1055 5186 1474 5266 anteponenda
1505 5199 1688 5269 nupta
1715 5207 1731 5266 ;
1768 5199 1825 5250 et
1855 5190 2014 5269 quod
2045 5208 2142 5250 vo-

584 5272 742 5423 Eaci‘,j
767 5272 1028 5350 ebrioso,
1062 5274 1249 5354 pigro,
1284 5275 1661 5358 eleemosyna
1705 5297 1824 5340 non
1879 5279 1955 5340 sit
1982 5295 2139 5360 prae-

627 5379 702 5425 en
747 5379 802 5423 a.

504 5452 577 5517 V.
613 5451 785 5525 Quod
819 5468 937 5512 non
967 5460 1202 5532 Oportet
1231 5454 1574 5535 episcopum
1625 5455 1684 5517 in
1729 5456 1958 5537 judicio
2009 5475 2140 5518 esse

583 5549 955 5618 acceptorem
989 5559 1375 5622 personarum
1407 5567 1422 5619 ;
1456 5546 1735 5627 quodque
1764 5546 1979 5610 debeat
2009 5565 2139 5610 esse

582 5627 852 5692 moribus
882 5630 1230 5713 moderatis,
1260 5641 1319 5694 et
1347 5633 1497 5696 victu
1525 5635 1759 5715 frugali.

2305 5187 2393 5244 ὅτε
2438 5189 2524 5244 καὶ
2553 5188 2654 5254 τὴν
2679 5184 2938 5268 ὕπανδρον
2978 5189 3294 5268 προκρίνειν,
3330 5191 3418 5246 καὶ
3443 5188 3528 5248 ὅτι
3551 5195 3873 5272 καταφαγῇ,

2304 5279 2531 5355 μεθύσῳ,
2573 5278 2742 5358 ἀργῷ,
2767 5278 2826 5336 ὀύ
2856 5276 3190 5354 μεταδιδόναι
3222 5278 3358 5360 χρὴ.

2226 5459 2294 5521 ε’,
2329 5456 2464 5516 ’Ὅτι
2497 5460 2608 5539 χρὴ
2639 5458 3146 5538 ἀπροσωπόληπτον
3171 5464 3310 5518 εἶναι
3341 5460 3432 5517 τὸν
3484 5460 3782 5517 ἐπίσκοπον
3829 5482 3887 5517 εν

2302 5555 2380 5623 τῷ
2423 5548 2639 5627 κρίνειν,
2672 5550 2760 5605 καὶ
2789 5550 2852 5605 τὸ
2883 5551 3013 5616 ἦθος
3045 5549 3285 5628 μέτριον,
3315 5551 3405 5606 καὶ
3436 5549 3536 5617 τὴν
3562 5546 3767 5606 δίαιταν
3796 5570 3886 5610 συ-

2303 5639 2678 5718 νεσταλμένον,
