4082 6348
220 277 340 343 589
889 262 893 266 ’
1087 273 1750 343 CONSTITUTIONES
1791 272 2306 340 APOSTOLICIE.
2339 307 2420 319 -
2456 275 2606 337 LIB.
2649 271 2726 337 II.
3502 271 3626 338 590

223 408 329 486 ς’.
379 413 507 491 Περῖ
535 421 627 470 τοῦ
673 411 750 485 μὴ
795 411 940 468 ε’ίναι
995 411 1088 468 τὸν
1146 409 1436 467 ἐπίσκοπον
1490 408 1835 490 αἰσχροκερδῖ

2019 409 2065 470 l.
2104 405 2434 488 Episcopus
2462 423 2540 469 ne
2568 405 2644 466 sit
2673 405 2833 487 turpi
2863 405 3028 469 lucro
3052 405 3316 482 deditus,
3341 425 3455 474 nec
3487 409 3627 472 iide-

305 501 445 576 μήτε
474 500 530 557 δὲ
575 499 885 579 ἐγγυᾶσθαι,
934 499 970 568 ἢ
996 513 1335 578 συνηγορεῖν.

1181 513 1335 578 ιρετν.
2031 497 2267 576 jussor,
2309 515 2420 558 nec
2452 496 2793 558 advocatus.

218 587 292 662 ζ’.
331 594 462 648 Οἴον
492 591 604 670 χρὴ
632 594 770 646 εἶναι
802 591 894 646 τὸν
925 589 1293 666 μεμυημένον.

2003 586 2090 650 'II.
2134 587 2380 689 Qualem
2415 593 2652 668 oportet
2675 605 2808 650 esse
2834 605 2967 649 eum
3004 593 3106 668 qui
3128 605 3236 668 per
3257 586 3615 670 baptismum

218 764 304 836 η’.
364 769 488 848 Περὶ
545 766 1036 848 συκοφαντουμένου
1070 813 1087 842 ,
1155 767 1274 835 ἤτοι
1341 765 1727 848 ἐλεγχομένου.

2045 685 2137 739 est
2170 683 2462 740 initiatus.

2008 763 2110 867 III.
2134 764 2220 829 De
2245 785 2315 867 eo
2349 765 2450 845 qui
2479 767 2539 828 in
2570 767 2952 848 calumniam,
2973 765 3065 828 vel
3087 765 3620 848 reprehensionem

217 947 295 1014 θ’.
364 948 380 974 '
387 948 501 1008 Ὀτι
599 945 1002 1030 ἀδωροδόκητον
1082 948 1231 1006 εἶναι
1306 949 1419 1029 χρή
1496 947 1588 1004 16v
1657 946 1829 1006 ἐπίσκι

2015 864 2464 1045 ίίῐῗὲιιίίέόίιριιηι
2498 963 2618 1007 non
2650 944 2875 1009 debere
2925 962 3058 1010 esse
3105 945 3456 1010 muneribus
3486 963 3627 1026 per-

377 1062 428 1101 ν.

219 1062 472 1188 ι’..ιῖἳοτι
498 1129 527 1185 6
557 1127 875 1208 ἐπισκοπος,
909 1127 1134 1206 ἀκρίτως
1165 1125 1473 1208 φειδόμενος
1505 1132 1599 1184 τοῦ
1625 1128 1831 1206 ἡμαρττ

2049 1053 2235 1098 vium.

2007 1126 2042 1187 ζ.
2079 1124 2247 1198 Quod
2282 1125 2625 1204 episcopus,
2660 1125 2758 1206 qui
2802 1133 3029 1188 temere
3085 1127 3274 1205 parcit
3296 1128 3619 1208 peccatori,

308 1218 490 1292 κότος,
519 1219 759 1283 ὑπαίτιος
785 1218 1013 1296 γίνεται.
1597 1236 1606 1244 ’

1597 1236 1606 1244 -
2045 1214 2225 1294 culpa
2257 1233 2375 1276 non
2409 1223 2629 1278 careat.

223 1307 327 1372 ια’.
365 1307 567 1374 ’Ὀπως
599 1310 712 1389 χρὴ
738 1309 830 1365 τὸν
859 1309 1150 1365 ἓπισκοπον
1193 1308 1389 1384 κρίνειν
1447 1307 1568 1368 τοὺς
1634 1304 1835 1385 ἁμαρτά

313 1421 524 1454 νοντας.

2011 1304 2078 1404 LI.
2114 1301 2241 1454 (suo
2279 1303 2450 1406 modo
2506 1309 2782 1386 oporteat
2831 1311 3184 1385 peccatores
3215 1303 3289 1366 ab
3340 1305 3623 1389 episcopo

2052 1410 2114 1454 ιιι
2163 1410 2329 1454 icari.

224 1421 738 1560 te'jovzgimlla,
797 1485 943 1552 ὅπως
1004 1488 1118 1567 χρὴ
1173 1485 1557 1568 προσφέρεσθαι
1610 1498 1728 1548 τοῖς
1777 1505 1836 1560 με

2007 1410 2414 1568 ζίίίιἙὲῗῖέίιιιι
2444 1481 2520 1546 de
2551 1481 2727 1545 modo
2767 1499 2883 1565 quo
2929 1483 3284 1564 pmnitentes
3316 1485 3619 1547 tractandi

309 1585 537 1636 τανοοῦσ
549 1602 588 1638 ι.

2051 1581 2208 1635 sunt.

222 1666 335 1748 ιγ’.
387 1669 526 1727 ’Ὂτι
588 1667 796 1748 φεύγειν
855 1665 967 1746 χρὴ
1026 1670 1135 1722 τῶν
1183 1665 1585 1745 ἁμαρτημάτων
1614 1665 1714 1732 τὴν
1757 1679 1834 1720 κεπ

2005 1660 2123 1726 LIII.
2158 1660 2524 1741 Fugiendam
2573 1679 2707 1726 esse
2763 1662 3118 1726 delictorum
3165 1663 3617 1745 experientiam.

227 1782 503 1926 ιδαῐέερὶ
555 1851 662 1902 τῶν
717 1844 986 1924 λεγοντων
1039 1843 1117 1919 μὴ
1173 1840 1228 1899 δέ
1233 1847 1418 1924 Αεσθαι
1500 1849 1839 1919 μετανοοῦντι

2006 1837 2126 1903 [ιν.
2169 1841 2250 1901 De
2281 1839 2354 1901 iis
2378 1839 2479 1921 qui
2503 1841 2804 1904 afﬁrmant
2832 1859 2951 1902 non
2997 1840 3221 1903 debere
3267 1841 3458 1924 recipi
3489 1859 3618 1923 pm-

318 1939 407 1994 καὶ
477 1935 558 1992 ὅτι
637 1933 860 2009 δίκαιος,
947 1939 1047 1991 κᾶν
1119 1933 1357 1990 σύνεστιν
1443 1931 1766 2013 ἁμαρτωλῷ,
1828 1931 1889 1988 ού

2058 1930 2385 2011 nitentem;
2415 1941 2477 1992 et
2503 1931 2578 1992 de
2599 1931 2778 2008 justo,
2805 1931 2961 2012 quod
2988 1930 3134 1992 licet
3155 1948 3287 1992 cum
3313 1939 3623 2011 peccatore

324 2024 718 2085 συναπόλλυται
774 2024 939 2098 αύτῷ,

2057 2027 2350 2100 versetur,
2390 2037 2509 2080 non
2540 2027 2739 2083 tamen
2770 2038 2903 2082 cum
2940 2038 3010 2082 eo
3042 2027 3266 2100 pereat.

235 2115 334 2180 ιε’.
411 2117 545 2176 ’Ὅτι
604 2117 665 2173 οὗ
735 2114 846 2195 χρὴ
904 2115 994 2171 τὸν
1049 2112 1192 2191 ἱερέα
1251 2115 1463 2189 μήποτε
1535 2117 1768 2192 παρορᾷν
1825 2133 1847 2167 1

2005 2107 2096 2172 LV.
2126 2107 2296 2180 Quod
2327 2109 2607 2171 sacerdos
2639 2127 2751 2171 nec
2784 2117 3022 2190 peccata
3053 2108 3352 2188 negligere
3381 2108 3617 2186 debeat,

322 2207 704 2285 ἁμαρτήματα,
766 2205 905 2279 μήτε
956 2203 1243 2284 πρόχειρον
1301 2203 1444 2260 εἶναι
1489 2202 1543 2259 ἐν
1579 2203 1657 2277 τῷ
1712 2223 1889 2278 τιμω-

1539 2224 1543 2249 ι
1579 2203 1657 2277 τῷ
1712 2223 1889 2278 τιμω-
2058 2216 2169 2260 nec
2204 2206 2514 2279 promptus
2541 2217 2674 2261 esse
2703 2201 2778 2261 ad
2813 2200 3151 2262 vindictam.

353 2299 552 2357 εϊοθαι,

353 2319 552 2357 εῐοῠαι,

236 2319 368 2462 ιςξ,
405 2385 527 2461 Περὶ
558 2383 865 2459 μετανοίας,
898 2382 986 2438 καὶ
1016 2381 1094 2445 τίς
1129 2383 1293 2448 αὒτῆς
1319 2383 1348 2437 6
1373 2379 1597 2460 τρόπος,
1622 2401 1710 2436 και
1744 2378 1848 2435 ὅποι

2005 2375 2131 2439 LVI.
2169 2379 2257 2440 De
2289 2377 2657 2457 poenitentia,
2694 2385 2750 2438 et
2791 2377 2924 2458 quis
2955 2376 3110 2440 illius
3144 2377 3380 2457 modus,
3417 2385 3617 2458 etquo

323 2476 689 2541 κατορθοῦται.

2060 2475 2227 2546 pacto
2259 2474 2590 2545 peragatur.

237 2563 336 2634 ιζ’,
369 2561 507 2620 ’Ὅτι
563 2559 922 2627 ἀνεπίληπτον
967 2562 1106 2616 εἶναι
1158 2558 1270 2638 χρὴ
1323 2559 1412 2615 τὸν
1471 2556 1784 2633 ἐπίσκοπον»
1817 2559 1849 2613 ἀ

2007 2554 2162 2619 LVII.
2193 2555 2547 2637 Episcopum
2581 2555 2804 2618 debere
2835 2575 2968 2618 esse
3000 2556 3619 2640 irreprehensibilem,

328 2652 493 2708 τύπον
521 2656 629 2706 τῶν
666 2648 1004 2729 ἀρχομένων.

2063 2653 2266 2724 utpote
2298 2645 2546 2706 formam
2580 2645 3010 2726 subjectorum.

249 2741 335 2810 ιη’
369 2739 506 2798 ’Ὅτι
564 2740 676 2818 χρὶι
731 2741 823 2796 τὸν
878 2737 1167 2795 ἐπίσκοπον
1215 2736 1530 2816 φροντίζειν,
1577 2733 1721 2800 ὅπως
1765 2735 1861 2795 λαὸ

2013 2733 2190 2799 LVIII.
2220 2735 2386 2808 Quod
2420 2743 2653 2816 oportet
2683 2735 3029 2817 episcopum
3059 2755 3292 2818 curare,
3319 2756 3394 2800 ne
3421 2747 3625 2820 peccet

330 2833 408 2906 μὴ
448 2826 773 2909 πλημμελῇ,
811 2825 895 2885 διὰ
921 2829 983 2884 τὸ
1015 2827 1156 2884 εἶναι
1184 2828 1340 2886 αὐτὸν
1367 2825 1592 2889 σκοπόν.

1486 2825 1592 2889 τόν.
2064 2824 2256 2904 plebs,
2293 2827 2432 2905 quia
2461 2825 2590 2904 ipse
2620 2834 2709 2887 est
2741 2827 3098 2907 speculator.

245 2918 344 2984 ιθ’,
378 2918 519 2977 ’Ὅτι
550 2919 637 2974 καὶ
668 2920 696 2974 6
725 2917 928 2984 ποιμὴν
961 2915 1176 2991 ἀμελῶς
1208 2915 1496 2995 φερόμενος
1518 2916 1636 2994 περὶ
1662 2916 1728 2975 τὰ
1759 2916 1857 2996 πρό

2008 2913 2140 2976 LIX.
2165 2913 2333 2986 Quod
2356 2925 2554 2994 pastor
2575 2915 2771 2977 ovium
2799 2915 3129 2996 negligens,
3159 2933 3364 2996 poenas
3392 2915 3620 2994 solvat;

328 3007 488 3083 ϐατα,
519 3006 669 3074 δίκην
711 3008 962 3079 τίννυσιν,
997 3007 1086 3062 καὶ
1144 3007 1206 3062 τὸ
1246 3003 1527 3090 ’πρόϐατον
1560 3007 1638 3082 μὴ
1673 3009 1898 3085 πειθαρ-

1777 3010 1898 3085 ιαρ-
2063 3013 2122 3066 et
2153 3004 2298 3085 ovis,
2338 3023 2456 3066 non
2486 3003 2778 3067 obediens
2810 3007 3054 3087 pastori,
3089 3006 3389 3087 puniatur.

330 3103 463 3178 χοῦν
491 3103 569 3172 τῷ
606 3095 846 3172 ποιμένι,
880 3094 1181 3166 κολάζεται.

238 3167 584 3251 κ’.””οπως
657 3167 769 3266 χρὴ
812 3167 933 3248 τοὺς
985 3183 1320 3266 ἀρχομένους
1386 3187 1704 3266 πειθαρχεῖν
1776 3200 1850 3243 το¹

2013 3180 2117 3286 LX:
2142 3181 2269 3286 Quo
2304 3184 2478 3286 modo
2510 3183 2766 3264 subjecti
2791 3185 3125 3266 praepositis
3169 3184 3280 3247 sibi
3329 3185 3625 3268 episcopis

330 3278 588 3358 ἄρχουσιν
647 3275 981 3340 ἐπισκόποις.
1917 3271 1942 3286 “

1917 3271 1958 3286 “
2063 3271 2310 3335 obedire
2343 3273 2618 3337 debeant.

241 3366 360 3426 κοτ’.
429 3363 564 3424 ’Ὅτι
636 3363 868 3424 κίνδυνος
955 3369 1231 3442 μονομερῆ
1305 3364 1472 3443 κρίσιν
1541 3364 1853 3434 ποιήσασθαι

2014 3359 2134 3424 LXI.
2173 3362 2340 3436 Quod
2375 3363 2704 3443 periculum
2758 3363 2856 3440 sit,
2891 3382 3010 3426 una
3047 3371 3272 3427 tantum
3307 3375 3472 3448 parte
3518 3386 3626 3429 au—

331 3456 422 3512 καὶ
496 3454 752 3534 τιμωρίαν
821 3452 990 3526 ὁρίσαι
1066 3454 1203 3511 κατὰ
1291 3460 1385 3511 τοῦ
1456 3453 1682 3530 μηδέπω
1737 3451 1897 3532 ἆλεγ-

2062 3451 2205 3525 dita,
2222 3451 2516 3532 judicare,
2549 3463 2606 3515 et
2629 3470 2861 3535 poenam
2896 3455 3226 3517 decernere
3247 3464 3457 3518 contra
3486 3474 3620 3518 eum

331 3544 583 3625 χθέντος.

2065 3542 2165 3620 qui
2198 3541 2464 3603 nondum
2496 3542 2796 3604 convictus
2826 3551 2937 3604 est.

243 3631 363 3697 κδ’.
415 3632 552 3691 ’Ὅτι
631 3631 772 3711 μέγα
859 3629 1196 3711 παράδειγμα
1265 3631 1550 3706 μετανοίας
1623 3632 1855 3711 πρόκειτι

2014 3627 2162 3693 LXII.
2200 3631 2366 3703 Quod
2416 3649 2690 3712 magnum
2748 3634 3112 3713 poenitentiae
3167 3634 3506 3712 exemplum
3567 3634 3626 3695 in

334 3719 517 3803 Δαϐὶδ,
572 3724 660 3779 καὶ
729 3731 1028 3802 Νινευτται,
1077 3721 1324 3802 Ἐζεχίας
1378 3742 1435 3778 τε
1496 3723 1582 3778 καὶ
1633 3722 1660 3777 6
1717 3723 1902 3779 τούτου

2065 3718 2288 3782 Davide
2315 3723 2846 3803 proponatur;item
2871 3723 2932 3784 in
2959 3723 3324 3800 Ninivitis,in
3349 3722 3620 3797 Ezechia,

331 3813 442 3875 υἱὸς
497 3815 809 3880 Μανασσῆς.

2066 3818 2125 3871 et
2155 3809 2217 3870 in
2246 3810 2367 3872 tilio
2397 3810 2554 3872 illius
2582 3812 2874 3874 Manasse.

248 3902 366 3983 κγ’.
413 3902 551 3979 Πρὸς
595 3901 718 3964 τοὺς
745 3900 806 3958 ἐκ
830 3901 1278 3980 καταφρονήσεως
1307 3900 1708 3981 ἁμαρτάνοντας
1765 3901 1860 3959 ἔστη

2017 3897 2198 3978 LXIII.
2235 3898 2302 3961 In
2331 3918 2460 3975 eos,
2491 3901 2593 3980 qui
2623 3919 2695 3964 ex
2737 3909 3083 3982 contemptu
3115 3909 3382 3983 peccant,
3419 3917 3629 3964 exem-

335 3988 676 4068 παράδειγμα
701 3987 908 4066 ’Λμών.

2069 3988 2231 4069 plum
2261 3989 2338 4050 sit
2366 3991 2588 4053 Amon.
3369 4035 3373 4039 λ

251 4080 364 4141 κδ’.
392 4079 529 4138 ’Ὀτι
562 4081 786 4157 Χριστὸς
845 4078 1051 4146 Ἰησοῦς
1105 4080 1291 4160 Κύριος
1346 4078 1667 4159 παρεγένετο
1725 4079 1863 4158 ἆμαρ

2019 4077 2192 4141 LXIV.
2219 4078 2388 4152 Quod
2420 4079 2688 4143 Christus
2707 4082 2881 4144 Jesus
2898 4079 3186 4143 Dominus
3207 4080 3342 4144 ideo
3372 4081 3631 4160 advenit,

333 4168 538 4232 τωλοὺς
572 4169 740 4226 σῶσαι
784 4168 870 4226 διὰ
913 4170 1223 4245 μετανοίας.

2071 4179 2136 4231 ut
2161 4186 2272 4252 per
2304 4171 2709 4252 paenitentiam
2743 4179 3005 4233 servaret
3036 4179 3400 4252 peccatores.

255 4259 362 4320 κε’.
427 4260 550 4336 Περὶ
604 4258 870 4339 ἀπαρχῶν
927 4259 1015 4314 καὶ
1069 4255 1326 4333 δεκατῶν,
1381 4260 1470 4316 καὶ
1518 4256 1664 4324 ὅπως
1708 4260 1867 4341 ὀφείλι

2025 4258 2179 4322 LXV.
2202 4258 2288 4321 De
2310 4258 2588 4340 primitiis
2615 4268 2672 4322 et
2696 4259 2947 4323 decimis
2972 4283 2988 4339 ;
3014 4269 3072 4323 et
3087 4281 3203 4342 quo
3226 4260 3402 4338 modo
3421 4258 3637 4322 debeat

338 4350 370 4405 6
421 4347 738 4429 επίσκοπος,
767 4346 806 4416 ἢ
855 4348 1012 4412 αὐτὸς
1068 4345 1498 4425 μεταλαμϐάνειν
1538 4347 1591 4416 ἕξ
1644 4353 1841 4426 αὐτῶν,
1871 4349 1908 4420 ἢ

2075 4349 2416 4430 episcopus,
2451 4367 2524 4411 ex
2572 4349 2660 4412 eis
2720 4351 2808 4412 vel
2839 4350 2970 4431 ipse
3027 4351 3325 4433 accipere,
3358 4349 3450 4412 vel
3505 4348 3635 4412 aliis

257 4438 457 4519 ἑτέροις
488 4435 782 4513 διανέμειν.

2075 4439 2460 4504 distribuere.
3429 4515 3432 4520 η

257 4525 364 4604 κς⁹,
413 4526 501 4591 Εἰς
529 4525 672 4592 τίνος
700 4527 865 4583 τύπον
888 4527 976 4584 καὶ
1005 4525 1150 4593 ἀξίαν
1181 4527 1404 4595 ἕκαστος
1431 4530 1539 4585 τῶν
1584 4527 1641 4585 ἂν
1672 4533 1752 4603 τῷ
1779 4527 1869 4587 κλι

2022 4531 2205 4597 LXVI.
2239 4529 2335 4593 Ad
2367 4529 2538 4610 cujus
2567 4528 2817 4590 formam
2852 4537 2910 4591 et
2935 4528 3278 4610 dignitatem
3314 4529 3634 4609 unusquis-

336 4637 416 4696 ρῳ
440 4614 689 4673 τέτακται
717 4615 860 4693 παρὰ
891 4622 1031 4692 Θεῷ.

2077 4639 2196 4700 que
2226 4621 2303 4682 de
2331 4619 2516 4694 clero,
2549 4637 2586 4680 a
2615 4619 2739 4681 Deo
2769 4618 2845 4680 sit
2877 4620 3211 4684 ordinatus.
3354 4626 3362 4636 '

259 4705 372 4778 κζ’.
443 4701 580 4763 ’Ὅτι
635 4702 893 4785 φρικῶδες
919 4751 936 4781 ,
996 4703 1271 4784 ἄνθρωπον
1326 4708 1518 4764 σαυτὸν
1593 4705 1871 4786 ἰπιῤῥίπτει

2028 4709 2234 4779 LXVII.
2261 4709 2429 4783 Quod
2449 4709 2748 4771 horrenda
2767 4726 2866 4771 res
2885 4709 3298 4783 sit,bominem
3318 4706 3640 4768 immittere

340 4791 604 4870 ἀξιώματί
644 4815 748 4852 τινι
803 4796 1072 4874 ἱερατικῷ·
1106 4797 1180 4860 ὡς
1216 4798 1263 4852 οἱ
1294 4805 1572 4878 Κορετται,
1603 4798 1678 4863 ὡς
1709 4793 1908 4877 Σαοὺλ,

2075 4821 2142 4865 se
2170 4801 2232 4862 in
2263 4800 2518 4880 aliquam
2551 4799 2903 4877 dignitatem
2926 4799 3353 4861 sacerdotalem
3381 4816 3397 4874 ;
3427 4804 3491 4858 ut
3520 4795 3637 4858 Co-

346 4884 422 4947 ὣς
448 4881 669 4970 Ὀζίας,

2075 4894 2228 4966 ritze,
2263 4901 2328 4952 ut
2358 4887 2524 4970 Saul,
2557 4896 2623 4948 nt
2652 4887 2849 4951 Ozias.

263 4970 386 5040 κη’,
459 4973 584 5051 Περὶ
650 4968 825 5054 δοχῆς
859 5020 876 5053 ,
943 4973 1031 5030 καὶ
1087 4971 1235 5040 ὅπως
1289 4975 1402 5057 χρῆ
1443 4973 1671 5034 ἕκαστον
1733 4975 1875 5054 τάγμ

2021 4980 2256 5046 (XVIII.
2289 4981 2376 5042 De
2406 4968 2672 5042 convivio
2700 5000 2717 5055 ;
2743 4987 2801 5040 et
2819 4995 2935 5059 qua
2950 4977 3186 5040 ratione
3207 4974 3460 5058 quilibet
3487 4974 3633 5037 cleri

344 5061 441 5119 10-3
520 5069 615 5120 τοῦ
695 5061 898 5143 κλήρου
939 5063 1044 5121 ὑπὸ
1104 5071 1214 5122 τῶν
1278 5064 1764 5147 προσκαλουμένων
1827 5088 1917 5123 τι-

1619 5065 1764 5125 ιὲνων
1827 5088 1917 5123 τι·
2080 5071 2228 5135 ordo
2253 5087 2290 5132 a
2320 5067 2692 5132 vocatoribus
2721 5067 3104 5130 honorandus
3133 5066 3231 5130 sit.

438 5154 582 5217 σθαι,

264 5173 586 5310 κθ²
631 5238 748 5306 ἀξία
799 5242 892 5298 τοῦ
938 5239 1255 5320 ἐπισκόπου,
1328 5245 1417 5301 καὶ
1481 5250 1575 5301 τοῦ
1645 5242 1876 5302 διακόνοι

1875 5266 1916 5303 ι.
2005 5239 2214 5307 XXIX.
2249 5237 2390 5312 Qua
2417 5237 2496 5301 sit
2523 5236 2778 5317 dignitas
2807 5237 3097 5319 episcopi,
3131 5245 3190 5299 et
3231 5235 3487 5298 diaconi.

267 5329 348 5394 λ’.
394 5328 594 5394 ’Ὅπως
653 5330 768 5410 χρὴ
815 5331 937 5396 τοὺς
982 5329 1202 5397 λαῐκοὺς
1262 5335 1578 5414 πειθαρχεῖν
1629 5346 1750 5399 τοῖς
1798 5331 1879 5390 δια

2029 5330 2177 5395 LXX.
2211 5329 2339 5403 Quo
2375 5327 2548 5390 modo
2580 5334 2816 5408 Oportet
2845 5326 3034 5389 laicos
3066 5324 3319 5389 obedire
3351 5325 3641 5389 diacouis.

351 5418 556 5486 κόνοις.

263 5506 388 5574 λα’.
435 5510 572 5570 ’Ὅτι
601 5510 682 5589 μὴ
717 5511 830 5592 χρὴ
861 5511 958 5568 16v
999 5509 1243 5570 διάκονον
1295 5509 1388 5570 ἄνε
1415 5519 1507 5570 τοῦ
1553 5511 1875 5571 ἕπισκόπουε

2037 5499 2403 5592 LXXLQuod
2423 5515 2542 5592 non
2571 5503 2841 5576 oporteat
2857 5496 3172 5561 diaconum
3206 5496 3338 5560 sine
3367 5495 3649 5578 episcopo

355 5601 630 5678 πράττειν,

2091 5591 2416 5673 quidquam
2449 5587 2665 5651 facere.
