4082 6348
1099 465 1764 530 CONSTITUTIONES
1805 459 2312 526 APOSTOLICE.
2345 493 2415 504 -
2450 460 2602 522 LIB.
2647 457 2722 521 ll.
3485 451 3602 517 602

795 607 1182 660 ΚΕΦΛΛΑΙΟΝ
1231 591 1314 663 E'.
1898 640 1902 652 .

2585 589 2838 655 CAPUT
2893 591 2960 652 V.

219 687 364 750 ’Ὅτι
397 692 511 770 χρὴ
535 689 1036 769 ἀπροσωπόληπτον
1066 689 1212 747 εἶναι
1239 689 1334 747 τὸν
1376 689 1666 770 ἐπίσκοπον
1698 689 1755 746 ἰν
1798 695 1876 763 τῷ

1962 681 2130 758 Quod
2157 699 2276 745 non
2305 687 2546 763 oportet
2577 681 2926 761 episcopum
2969 677 3312 770 in_judicio_
3332 693 3460 739 esse
3499 693 3606 738 ac-

308 764 526 852 κρίνῖιν,
557 764 644 829 καὶ
674 772 738 828 τὸ
768 773 898 837 ἦθος
927 771 1168 850 μέτριον,
1201 771 1288 827 καὶ
1318 771 1418 838 τὴν
1448 768 1650 827 δίαιταν
1679 790 1872 827 συνεσ-

2038 778 2336 852 ceptorem
2387 787 2836 850 personarum:
2892 767 3172 850 quodque
3216 764 3425 829 debeat
3478 780 3607 827 esse

307 853 569 928 ταλμένον
578 896 590 909 .

2037 861 2306 924 moribus
2335 860 2683 940 moderatis,
2713 867 2768 922 et
2799 860 2955 922 victu
2978 854 3237 938 frugali.

314 938 507 999 ’Ἔστω
561 938 617 996 δὲ
691 942 719 997 ὁ
798 939 1086 1003 ἰπίσκοπος
1144 938 1674 1020 ἀπροσωπόληπτος,
1733 940 1872 1014 μήτε

2034 947 2091 994 ³⁸
2111 950 2441 1032 Episcopus
2477 967 2616 1011 vero
2639 938 2760 1010 non
2800 947 2877 1010 sit
2902 963 3291 1028 personarum
3323 951 3604 1025 accepta-

213 1028 478 1087 πλούσιον
519 1031 902 1109 ὶντρεπὸμενος
946 1028 984 1097 ἥ
1039 1027 1364 1121 κολακεύωνΔ
1405 1030 1547 1108 παρὰ
1588 1030 1649 1086 τὸ
1708 1050 1870 1107 προσο

1962 1045 2067 1120 tor,
2093 1027 2288 1121 neque
2311 1027 2444 1102 talis
2474 1039 2575 1121 qui
2607 1039 2851 1102 divitem
2886 1027 3106 1118 praeter
3135 1034 3397 1097 ofﬁcium
3429 1051 3604 1096 reve-

216 1120 388 1194 ἧκον,
435 1120 574 1194 μήτε
604 1120 809 1188 πένητα
834 1124 1104 1198 παρορῶν,
1144 1115 1686 1185 ἥκαταδυναστεύων.
1731 1141 1757 1172 α
1802 1117 1874 1176 Οὒ

1962 1115 2156 1192 reatur
2190 1115 2297 1191 aut
2326 1115 2627 1204 adulatur,
2666 1115 2989 1209 pauperem
3022 1143 3161 1188 vero
3194 1122 3486 1206 despiciat
3514 1123 3606 1186 vel

218 465 337 531 601

218 1207 381 1285 λῆψῃ
420 1231 443 1265 ι
479 1209 768 1289 γὰρ,φησὶν
800 1211 826 1265 ὁ
859 1210 988 1274 Θεὸς
1018 1215 1096 1284 τῷ
1130 1215 1340 1288 Μωσεϊ,
1371 1207 1688 1286 «πρόσωπον
1710 1205 1872 1264 πλους

221 1298 370 1373 σίου,
403 1300 491 1356 καὶ
549 1298 751 1367 πένητα
807 1299 900 1355 οὒκ
941 1296 1180 1367 ἐλεήσαις
1229 1295 1285 1352 ἕν
1339 1298 1528 1375 κρίσει.
1592 1295 1724 1356 "Ott
1777 1303 1870 1354 τοῦ

225 1390 422 1458 Κυρίου
463 1390 498 1457 ἡ
529 1388 722 1466 κρίσις,
763 1407 792 1447 ι
845 1387 941 1445 Καὶ
992 1385 1154 1447 πάλιν
1189 1402 1204 1419 ⁸
1245 1409 1270 1440 ιι
1331 1387 1558 1444 Δικαίως
1585 1384 1787 1452 διώξεις
1817 1387 1878 1442 τὸ

219 1474 457 1540 δίκαιον,
506 1501 535 1534 ι
585 1485 766 1559 Τροφῇ
816 1481 906 1534 καὶ
953 1483 1102 1550 ποτῷ
1129 1473 1185 1518 ⁸³
1231 1475 1514 1544 λυσιτελὴς
1563 1477 1653 1533 καὶ
1683 1477 1876 1555 αὐτάρ-

217 1588 334 1634 κης
362 1567 652 1648 ὑπαρχέτω
682 1570 710 1624 ὁ
742 1569 1036 1631 ἐπίσκοπος
1061 1563 1236 1646 ⁵⁸,τῗνα
1254 1565 1448 1634 δυνηθῆ
1476 1563 1729 1645 δδνῆφειν
1746 1565 1877 1645 πρὸς

218 1657 289 1712 τὸ
323 1659 590 1714 νουθετεῖν
617 1657 738 1720 τοὺς
773 1655 1143 1721 ἀπαιδεύτους.
1178 1655 1375 1714 ’Ἔστω
1411 1655 1464 1712 δὲ
1497 1657 1575 1733 μὴ
1618 1655 1874 1736 δάπανος,

224 1744 313 1819 μὴ
357 1746 653 1824 τρυφητὴς,
717 1747 794 1822 μὴ
831 1743 1068 1819 ἡδύϐιος,
1103 1747 1181 1822 μὴ
1219 1745 1625 1826 χρηστονρςίγος.
1684 1743 1880 1803 ’Ἔστω

222 1833 285 1890 δὲ
351 1833 678 1908 ἆνεξίκακος,
734 1835 1073 1913 μακρόθυμος
1129 1835 1184 1890 ἐν
1242 1847 1362 1898 ταῖς
1423 1837 1739 1914 νοτθεσίαις,
1773 1858 1877 1891 πο-

220 1921 534 1990 λυδίδακτος
623 1923 731 2002 (5),
805 1923 1046 2000 μελετῶν
1121 1925 1211 1981 καὶ
1280 1923 1585 1996 σπουδάζων
1644 1926 1699 1980 ἐν
1755 1937 1877 1988 ταῖς

1953 1217 2272 1299 Opprimat.
2311 1245 2338 1275 α
2371 1217 2500 1281 Non
2533 1241 2564 1276 ιι
2609 1219 2793 1290 enim,
2827 1215 3019 1296 inquit
3063 1213 3352 1277 Dominus
3401 1213 3605 1295 Moysi,

1968 1332 1996 1363 α
2033 1324 2349 1388 personam
2378 1307 2576 1369 divitis
2597 1306 2858 1386 accipies
2877 1305 2954 1386 39,
2979 1313 3037 1368 et
3058 1302 3342 1386 pauperis
3368 1321 3487 1364 non
3506 1302 3609 1362 mi-

1960 1395 2260 1458 sereberis
2295 1397 2356 1458 in
2381 1397 2608 1476 judicio
2633 1395 2709 1457 ‘°.
2731 1395 3024 1468 Quoniam
3047 1391 3289 1457 Domini
3311 1390 3603 1473 judicium

1962 1493 2052 1547 est
2073 1485 2148 1545 ⁴¹.
2186 1510 2214 1540 ι
2243 1483 2316 1547 Et
2343 1503 2620 1548 rursum:
2663 1505 2692 1546 ‹
2723 1484 2890 1548 Juste
2919 1481 3078 1564 quod
3105 1484 3331 1560 justum
3357 1488 3448 1542 est
3479 1498 3610 1561 per-

1961 1575 2234 1654 sequeris
2253 1572 2328 1635 ι’.
2361 1600 2385 1630 ι
2413 1575 2556 1636 Cibo
2587 1594 2656 1637 ac
2692 1581 2832 1656 potu
2863 1571 3122 1653 simplici
3152 1578 3210 1632 et
3239 1568 3449 1650 frngali
3470 1577 3604 1631 uta-

1961 1671 2058 1725 tur
2079 1663 2540 1746 episcopus,quo
2566 1663 2984 1745 imperitorum
3006 1659 3398 1723 admonitioni
3423 1657 3606 1739 possit

1961 1751 2291 1832 invigilare.
2322 1754 2413 1816 Ne
2439 1755 2514 1814 sit
2534 1763 2945 1834 sumptuosus,
2971 1768 3046 1812 ne
3069 1749 3381 1822 delicatus,
3405 1765 3482 1810 ne
3500 1765 3608 1809 vo-

1962 1841 2279 1922 luptarius,
2304 1861 2380 1904 ne
2401 1842 2672 1924 cupedize
2699 1840 3016 1904 obnoxius.
3040 1839 3128 1902 Sit
3157 1839 3518 1912 clemens,et
3545 1837 3604 1898 in

1963 1931 2262 1993 monendo
2298 1932 2572 2012 patiens;
2605 1932 2890 1994 doctrinae
2939 1929 3014 1991 sit
3061 1928 3282 2002 multae,
3317 1926 3603 1988 librorum

227 2023 533 2091 Κυριακατς
589 2012 816 2094 βιϐλοις,
849 2011 1014 2077 πολὺς
1049 2014 1102 2070 ἐν
1150 2013 1582 2092 ἀναγνώσμασιν,
1633 2013 1726 2069 ἵνα
1782 2014 1876 2079 τὰς

1962 2011 2408 2082 Dominicorum
2427 2020 2679 2102 cupides
2696 2020 3016 2082 meditator
3029 2015 3602 2096 acassiduuslector,

219 2101 437 2182 Γραφὰς
489 2101 762 2178 ἐπιμελῶς
809 2104 1101 2182 ἑρμηνεύῃ,
1152 2104 1492 2183 ὁμοστοίχως
1523 2115 1642 2167 τοῖς
1672 2105 1878 2182 προφή-

217 2213 345 2255 ταις
397 2191 484 2248 καὶ
539 2199 615 2267 τῷ
671 2193 820 2267 νόμῳ
869 2193 932 2248 τὸ
985 2191 1309 2270 Εὗαγγέλιον
1367 2193 1672 2271 ἑρμηνεύων
1733 2191 1874 2272 (6)·

221 2280 432 2354 ὁμοίιος
489 2287 568 2355 τῷ
601 2280 908 2360 Εὑαγγελίῳ
935 2282 1324 2361 στοιχείτωσαν
1368 2285 1419 2338 αἱ
1472 2283 1533 2338 ἐκ
1582 2283 1747 2358 νόμου
1789 2285 1877 2339 καὶ

218 2375 522 2450 προφητῶν
583 2371 892 2450 ἑρμηνεῖαι.
942 2369 1099 2450 Λέγει
1154 2371 1254 2450 γάρ
1303 2373 1332 2428 δ
1383 2371 1574 2449 Κύριος
1617 2371 1822 2439 Ἰησοῦς
1857 2385 1871 2401 ⁸

227 2477 263 2516 (
299 2457 576 2538 Ἐρευνᾶτε
618 2461 711 2524 τὰς
750 2461 960 2541 Γραφάς
997 2479 1012 2494 ⁶
1073 2460 1157 2517 ὅτι
1214 2468 1368 2519 αὗται
1399 2463 1534 2517 εἰσιν
1565 2462 1619 2518 αἱ
1667 2483 1874 2540 μαρτυ-

220 2555 407 2628 ροῦσαι
440 2549 560 2626 περὶ
591 2549 745 2626 ἐμοῦ.
780 2573 808 2605 ι
847 2551 943 2608 Καὶ
972 2549 1152 2609 πάλιν
1191 2573 1219 2605 ι
1250 2551 1371 2630 Περὶ
1399 2551 1500 2630 γὰρ
1522 2550 1651 2618 ἐμοῦ
1675 2555 1874 2618 Μωσῆς

223 2637 455 2716 ἔγραψε.
493 2664 519 2696 ι
560 2641 662 2717 Πρὸ
693 2640 907 2696 πάντων
936 2637 989 2695 δὲ
1040 2638 1344 2702 διαστολεὺς
1401 2639 1596 2718 ἀγαθὸς
1627 2640 1872 2719 γινέσθω,

221 2728 393 2802 νόμον
439 2729 527 2785 καὶ
586 2726 897 2804 δευτέρωσιν
943 2726 1182 2808 διαιρῶν,
1237 2728 1325 2785 καὶ
1361 2725 1609 2785 δεικνύων
1667 2729 1718 2785 τί
1764 2729 1876 2786 ἐστι

220 2815 394 2892 νόμος
438 2823 664 2891 πιστῶν,
699 2819 788 2875 καὶ
818 2817 868 2874 τί
899 2817 1068 2892 δεσμὰ
1097 2817 1358 2892 ἀπίστων,
1389 2817 1481 2875 ἵνα
1517 2819 1594 2892 μή
1625 2839 1707 2882 τις
1739 2819 1873 2876 51:0-

219 2907 366 2983 πέσῃ
411 2911 529 2970 τοῖς
574 2905 819 2982 δεσμοῖς.
887 2905 1175 2982 Ἐπιμελοῦ
1218 2907 1307 2964 οὖν
1364 2914 1456 2964 τοῦ
1513 2906 1695 2985 λόγου,
1756 2907 1878 2964 ἐπί-

220 3018 422 3071 σκοπε,
474 2995 567 3053 ’ἕνα
609 2996 646 3072 ᾗ
689 2995 908 3053 δυνατόν
968 3018 1050 3053 σοι
1093 2997 1266 3054 πάντα
1307 2997 1444 3052 κατὰ
1502 2995 1640 3062 λέξιν
1703 2997 1878 3076 ἑρμη-

222 3084 400 3140 νεύειν
456 3085 572 3164 (7),
633 3087 720 3142 καὶ
779 3084 834 3141 ἒν
893 3083 1070 3162 πολλῇ
1112 3083 1310 3166 διδαχῇ
1365 3083 1630 3149 πλουσίως
1685 3085 1877 3166 τρέφῃς

1959 2127 2080 2186 quo
2111 2111 2450 2191 Scripturas
2484 2118 2688 2172 exacte
2748 2109 3191 2189 interpretetur,
3223 2105 3603 2185 Evangelium

1961 2203 2400 2260 concordanter
2417 2199 2728 2280 prophetis
2753 2217 2824 2260 ac
2845 2197 2958 2277 legi
2980 2196 3307 2278 explicans;
3329 2194 3607 2256 similiter

1959 2287 2279 2367 Evangelia
2307 2293 2640 2350 consonent
2670 2285 3189 2368 interpretationes
3213 2283 3358 2364 legis
3375 2291 3434 2345 et
3459 2299 3603 2363 pro-

1963 2377 2300 2457 phetarum.
2331 2377 2430 2439 Ait
2459 2394 2718 2454 namque
2748 2375 3044 2438 Dominus
3061 2372 3275 2437 Iesus:
3311 2398 3338 2428 α
3366 2371 3608 2434 Scruta-

1962 2465 2109 2527 mini
2135 2465 2497 2547 Scripturas;
2519 2466 2664 2546 ipsa;
2690 2465 2849 2528 enim
2874 2471 3176 2544 sunt,quaa
3197 2461 3604 2525 testimonium

1961 2554 2280 2636 perhibent
2300 2554 2374 2616 de
2398 2573 2494 2618 me
2513 2554 2588 2616 ιδ.
2619 2579 2644 2614 ι
2682 2555 2750 2616 Ει
2782 2564 2913 2635 post
2939 2572 2954 2617 :
2994 2578 3018 2609 «ι
3045 2552 3130 2615 De
3151 2571 3247 2614 me
3273 2551 3431 2614 enim
3460 2550 3606 2613 scri-

1961 2643 2077 2725 psit
2094 2647 2328 2724 Moyses
2347 2644 2420 2706 ‘7.
2455 2667 2477 2702 ιι
2506 2644 2657 2707 Ante
2675 2643 2876 2706 omnia
2895 2652 3091 2704 autem
3115 2641 3189 2703 sit
3212 2640 3436 2702 divisor
3459 2659 3603 2721 pro-

1965 2734 2096 2808 bus,
2126 2735 2226 2811 qui
2252 2734 2442 2814 legem
2468 2741 2528 2796 et
2557 2734 2920 2797 deuternsim
2943 2732 3092 2794 sciat
3115 2729 3484 2810 distinguere
3511 2752 3527 2808 ;
3549 2737 3608 2792 et

1965 2823 2106 2905 quid
2137 2826 2213 2886 sit
2244 2824 2336 2886 lex
2365 2824 2656 2900 ﬁdelium,
2682 2824 2824 2906 quid
2857 2840 2996 2884 vero
3029 2820 3360 2882 inﬁdelium
3392 2837 3603 2901 nexus,

1965 2912 2375 2976 demonstrare
2404 2935 2420 2986 ;
2447 2933 2524 2976 ne
2547 2915 2678 2996 quis
2706 2913 2766 2976 in
2801 2914 2910 2975 hos
2936 2928 3135 2974 casses
3164 2910 3409 2973 incidat.
3441 2907 3605 2972 Habe

1965 3001 2139 3082 igitur
2173 3021 2376 3064 curam
2407 3002 2594 3080 verbi,
2623 3003 2908 3084 episcOpe
2933 3021 2949 3078 ;
2979 3009 3042 3062 ut
3076 2999 3269 3078 possis
3299 2998 3499 3061 omnia
3528 3001 3602 3060 ad

1963 3092 2210 3154 verbum
2245 3092 2647 3173 interpretari,
2683 3101 2866 3172 utque
2909 3088 3190 3172 populum
3223 3100 3390 3150 tuum
3419 3087 3606 3150 multa

223 3175 319 3230 καὶ
375 3174 608 3252 φωτίζης
653 3177 741 3231 τὸν
774 3173 903 3231 λαόν
964 3196 1056 3232 σου
1111 3176 1204 3230 τὸν
1263 3173 1539 3254 φωτισμὸν
1568 3176 1660 3230 τοῦ
1687 3176 1902 3250 νόμου,,

1963 3197 2031 3241 ac
2065 3181 2304 3261 copiosa
2333 3181 2604 3244 doctrina
2636 3181 2886 3257 nutrias,
2927 3188 2986 3242 et
3029 3177 3424 3240 illustratione
3453 3176 3603 3256 legis

235 3284 262 3316 α
299 3262 576 3320 Φωτίσατε
614 3287 638 3318 υ
674 3264 799 3343 γὰρ,
833 3264 992 3342 φησὶν
1021 3264 1050 3320 ὁ
1080 3264 1233 3342 Θεὸς,
1274 3286 1301 3318 σ
1349 3263 1557 3328 ἑαυτοῖς
1589 3267 1700 3343 φῶς
1731 3264 1878 3342 γνώ-

225 3374 393 3425 σεως,
425 3355 500 3415 ὡς
531 3351 606 3411 ἔτι
637 3355 844 3432 καιρός.
885 3376 908 3409 ι

774 3450 1163 3502 ΚΕΦΑΛΑΙΟΝ
1199 3441 1310 3518 ς’.

219 3532 350 3608 Περὶ
379 3537 473 3589 τοῦ
515 3533 593 3608 μὴ
625 3532 768 3589 εἶναι
811 3533 901 3589 τόν
931 3533 1216 3589 ἐπίσκοπον
1239 3529 1618 3612 αἰσχροκερδῆ,
1652 3533 1790 3608 μήτε
1819 3530 1873 3590 δὲ

659 3624 968 3702 ἒγγυᾶσθαι,
1011 3621 1050 3691 ἥ
1095 3636 1438 3702 συνηγορεῖν,

301 3701 493 3769 ΗΕστω
522 3709 578 3768 δὲ
609 3715 638 3769 ὁ
680 3711 972 3776 ἐπίσκοπος
1017 3713 1094 3788 μὴ
1153 3701 1564 3792 αἰσχροκερδὴς,
1623 3713 1712 3769 καὶ
1757 3712 1869 3787 μά-

211 3799 376 3857 λιστα
421 3801 512 3857 hui
555 3804 662 3856 τῶν
703 3800 888 3876 ἐθνῶν,
935 3799 1305 3875 βλαπτόμενος
1360 3799 1584 3876 μᾶλλον,
1645 3799 1683 3867 ἥ
1737 3798 1867 3878 βλά-

215 3913 403 3970 πτων,
438 3891 517 3966 μὴ
547 3890 898 3969 πλεονέκτης,
924 3893 999 3967 μὴ
1027 3892 1219 3971 ἅρπαξ,
1253 3893 1331 3969 μὴ
1361 3893 1755 3972 ἀποστερητὴς,
1791 3894 1868 3969 μὴ

217 3979 601 4060 φιλοπλούσιος
659 3980 762 4062 (8),
819 3984 896 4058 μὴ
955 3983 1330 4062 μισόπτωχος,
1406 3984 1484 4054 μὴ
1543 3982 1866 4062 καταλαλος,

223 4071 305 4146 μὴ
337 4067 724 4152 ψευδομάρτυς,
761 4074 839 4147 μὴ
859 4069 1132 4148 θυμώδης,
1165 4073 1243 4148 μὴ
1275 4071 1603 4152 φιλόμαχος,
1639 4072 1716 4146 μὴ
1746 4084 1870 4135 ταῖς

224 4166 319 4216 τοῦ
371 4160 488 4236 βίου
531 4159 919 4240 πραγματείαις
961 4159 1463 4241 συμπεπλεγμένος,
1537 4163 1615 4236 μὴ
1659 4161 1869 4240 ἐγγ›ώ-

221 4249 382 4324 μενός
439 4269 582 4323 τινα,
641 4248 680 4317 ἥ
736 4249 1046 4330 συνηγολῶν
1099 4246 1266 4314 δίκαις
1326 4263 1702 4330 χρηματικαῖς
1765 4249 1870 4330 (9),

1961 3269 2290 3333 illumines.
2315 3293 2338 3328 ιι
2369 3269 2706 3334 Illuminate
2738 3295 2758 3326 ι
2791 3271 2951 3332 enim
2981 3289 3012 3329 α
3034 3266 3222 3341 vobis,
3256 3293 3279 3325 ν
3306 3267 3389 3329 ait
3408 3267 3605 3331 Domi-

1959 3377 2094 3434 nus,
2131 3383 2158 3415 α
2188 3359 2389 3422 lumen
2413 3359 2848 3436 scientiae,dum
2875 3359 3071 3421 adhuc
3099 3364 3190 3418 est
3211 3363 3447 3438 tempus
3469 3355 3545 3417 ⁸⁸.
3571 3379 3596 3416 ι

2588 3448 2833 3513 CAPUT
2873 3450 2972 3512 Vl.

1957 3537 2291 3620 Episcopus
2301 3556 2378 3602 ne
2399 3541 2478 3602 sit
2491 3541 2658 3620 turpi
2669 3539 2836 3602 lucro
2853 3538 3092 3602 deditus
3107 3536 3599 3618 ;necﬁdejussor,

2520 3649 2634 3694 nec
2679 3631 3029 3694 advocatus.

2035 3718 2234 3800 Turpe
2263 3719 2497 3782 lucrum
2536 3719 2857 3800 episcopus
2887 3737 3009 3781 non
3059 3725 3308 3800 quaerat,
3343 3731 3599 3797 praesera

1953 3808 2060 3870 tim
2091 3808 2166 3869 de
2214 3808 2560 3888 gentilibus,
2596 3807 2880 3890 malitque
2929 3807 3356 3870 detrimentum
3388 3820 3605 3885 capere

1952 3913 2130 3976 quam
2163 3895 2406 3958 inferre.
2438 3897 2494 3943 ιο
2523 3895 2650 3960 Non
2698 3897 2775 3958 sit
2824 3896 3195 3970 insatiabilis,
3225 3912 3344 3956 non
3373 3899 3600 3972 raptor,

1953 4004 2074 4046 non
2127 3985 2535 4062 defraudator,
2565 4004 2682 4047 non
2730 3986 2946 4047 divitiis
2999 3985 3256 4065 inhians,
3290 4001 3408 4044 non
3466 3997 3605 4043 osor

1955 4091 2307 4154 pauperum,
2343 4093 2461 4136 non
2503 4073 2853 4148 maledicus,
2889 4092 3009 4136 non
3036 4073 3224 4136 falsus
3254 4071 3442 4151 testis,
3475 4087 3597 4132 non

1955 4161 2298 4242 iracundus,
2323 4180 2442 4225 non
2470 4163 2902 4237 contentiosus,
2935 4181 3052 4224 non
3083 4161 3338 4240 negotiis
3360 4157 3601 4221 saecula-

1961 4249 2140 4313 ribus
2167 4251 2515 4332 implicitus,
2540 4271 2659 4314 non
2677 4270 2783 4333 pro
2807 4251 2924 4314 alio
2953 4268 3227 4332 sponsor,
3253 4247 3437 4312 autin
3459 4265 3602 4311 cau-

294 4393 606 4478 3ἶίέίιειιιιιδ
635 4411 671 4458 a
699 4393 1005 4478 Cedreno.
1031 4394 1180 4478 Vide
1208 4394 1577 4478 Testimonia
1606 4398 1907 4459 Veterum.
1996 4398 2049 4442 39
2097 4400 2240 4462 Lev.
2298 4417 2424 4478 xxx,
2493 4401 2587 4463 l5.
2673 4399 2727 4444 ω
2771 4399 2957 4462 Exod.
3011 4415 3178 4478 mu,
3241 4397 3300 4463 3.
3343 4395 3393 4442 ⁴¹
3417 4399 3599 4478 Deut.

212 4491 260 4552 ι,
291 4448 743 4539 ιἰῗῖὒοῖιιῗ
755 4448 1007 4550 mar):
1051 4448 1325 4540 "531",";
1330 4448 1577 4546 Hii
1595 4448 1902 4540 τέοὲςζΪἾ

212 4551 263 4598 ⁵⁷
289 4554 474 4621 lbid..
509 4555 611 4620 46.
695 4555 755 4600 ⁸⁸
782 4557 923 4621 Ose.
957 4575 1017 4621 ι.
1049 4557 1146 4621 12.
1232 4555 1287 4600 ‘9
1317 4501 1571 4621 Elem.
1606 4557 1791 4621 Epist.
1828 4559 1901 4621 ad

1962 4481 2028 4542 ιι.
2078 4448 2587 4544 53512.33“?
2635 4481 2688 4526 ιε
2717 4448 3178 4556 ειῗὲξεῗτζθῇέῗ’ἳέ
3205 4448 3374 4543 ιὸἑιη.
3399 4448 3600 4553 ἆξῖόζ

1962 4559 2144 4621 θοοὶ).
2180 4579 2234 4621 c.
2274 4563 2333 4621 5.
2362 4561 2402 4621 Ι.
2445 4561 2731 4621 Barnab..
2767 4579 2898 4621 can.
2935 4563 3034 4621 19.

208 4551 611 4631 ‘7lbid.,46.
695 4555 1146 4635 “Ose.x,12.
1232 4555 1287 4600 ιο

1431 4558 1571 4622 lem.
1606 4557 1791 4638 Epist.
1828 4559 1901 4621 ad
1933 4559 2144 4626 Iacob.
2180 4579 2234 4623 c.
2274 4563 2333 4624 5.
2362 4561 2402 4626 Ι.
2445 4561 2731 4638 Barnab.,
2767 4579 2898 4642 cap.
2935 4563 3034 4625 19.

1553 4683 1954 4752 VARIOBUM
2001 4689 2251 4757 NOTIE.

225 4809 324 4896 vel
355 4810 827 4896 ὓπερῷοηηιιιζιιε
853 4821 955 4896 aut
984 4812 1364 4896 (rudissimus
1384 4817 1672 4896 tanquam
1686 4818 1884 4896 pistil-

222 4890 355 4952 lum
379 4891 466 4973 vel
493 4889 863 4973 mnaculum
889 4892 1128 4973 (quibus
1158 4892 1307 4953 nihil
1341 4889 1609 4973 nudius),
1638 4889 1740 4957 séd
1775 4915 1878 4960 ve-

216 4969 697 5054 ramlectionem
733 4969 1242 5054 esse,'jupvdrapo¢
1274 4973 1405 5054 ύπὲρ
1435 4974 1475 5054 ὃ,
1495 4969 1727 5047 iﬁhoc
1761 4989 1875 5054 est,

213 5050 449 5194 ἔτιᾰὶον
479 5069 662 5132 quam
693 5050 1224 5134 es.Nudiorsvpra
1259 5053 1382 5114 sive
1412 5052 1574 5114 ultra
1607 5059 1765 5135 quod
1785 5050 1865 5123 es.

261 5145 355 5194 o'r.

261 5145 355 5194 οτ.

312 5210 404 5291 (5)
442 5210 845 5279 ῐΙολυδίδακτος.
894 5213 1066 5276 Alter
1095 5233 1149 5276 c.
1198 5211 1377 5275 Vind.
1422 5211 1603 5276 habet
1645 5215 1868 5276 πολυδι-

209 5290 488 5378 ξακςιικός,
522 5292 636 5378 hoc
669 5301 760 5355 est
780 5293 1040 5355 multum
1070 5293 1326 5378 docendi
1338 5292 1682 5378 _studiosus,
1715 5300 1869 5378 quod

209 5369 581 5454 Episcopum
603 5371 780 5434 decet
801 5392 975 5454 quam
1011 5374 1288 5436 maxime.
1324 5375 1504 5436 CLER.

209 5450 393 5594 {(6)
423 5450 788 5532 Ἐρμηνεύων.
819 5450 1032 5516 ’Πθθδι
1089 5455 1152 5517 in
1200 5454 1388 5515 altero
1439 5451 1574 5518 cod.
1607 5452 1866 5523 Vindob.

233 5549 302 5594 ι).

233 5549 302 5594 Ι).

295 5613 378 5691 (7)
408 5613 783 5694 'Eppv.ve6ctv.
829 5612 1000 5678 Alter
1045 5613 1226 5678 habet
1274 5615 1632 5694 ἑρμηνεύσης,
1662 5616 1871 5681 eadem

211 5693 536 5757 sententia.
559 5694 646 5758 In.

241 5772 387 5918 ἐξ)
419 5773 840 5918 ἓόὶξπλοόσιος.
876 5777 1103 5840 Amans
1131 5774 1388 5852 divitias,
1424 5792 1532 5838 seu
1557 5777 1751 5858 potius
1779 5777 1870 5841 di-

241 5873 261 5917 ι
371 5903 387 5918 .
555 5900 572 5917 .

202 5861 387 5920 vites.
419 5861 572 5918 (201'.

2047 4823 2122 4896 (9)
2269 4826 2601 4903 ἑγγυώμενὸς
2625 4848 2764 4899 τινα,
2797 4826 2830 4892 ἢ
2862 4828 3166 4903 συνηγορῶν
3189 4822 3354 4886 δίκαις
3382 4844 3599 4902 χρημα-

1963 4919 2140 4968 τικαῖς
2155 4902 2488 4966 .Habentur
2505 4905 2731 4966 similes
2755 4902 3093 4966 sanctiones
3110 4922 3227 4963 non
3253 4903 3599 4982 paucae.Po~

1965 4992 2252 5045 stremum
2277 4994 2476 5047 autem
2501 4986 2578 5046 ita
2596 4984 2886 5064 intelligo,
2918 5001 2986 5046 ac
3003 4985 3050 5044 si
3077 4981 3331 5064 essetne
3352 4981 3599 5064 quidem

1951 5065 2019 5125 in
2036 5067 2252 5143 paucis
2289 5061 2840 5145 pecuniariisNam
2872 5061 2955 5145 de
2993 5061 3406 5145 criminalibus
3439 5061 3600 5145 nulla

1953 5141 2181 5223 poterat
2199 5141 2342 5207 oriri
2355 5143 3100 5206 difﬁcultas.’l‘ertullianus
3118 5143 3199 5205 De
3215 5141 3594 5223 idololatria,

1953 5221 2083 5306 cap.
2100 5224 2630 5306 171Nequejudicet
2651 5225 2722 5286 de
2737 5225 2932 5303 capite
2944 5221 3329 5306 alicuiusmel
3340 5221 3595 5306 pudore;

1953 5301 2122 5386 [eius
2144 5301 3180 5386 enim'de'pecunia.Lactantius.lib.
3205 5319 3289 5378 v1,
3317 5319 3447 5382 cap.
3477 5301 3592 5386 ‘ZQ:

1952 5383 2165 5463 Neque
2183 5403 2329 5448 vero
2358 5383 2506 5448 ‘usto
2541 5384 2738 5447 licebit
2760 5401 3054 5447 accusare
3087 5399 3449 5463 quemquam
3471 5383 3596 5444 cri-

1952 5466 2116 5526 mine
2134 5405 2403 5526 canitaii:
2429 5470 2574 5526 auia
2596 5464 2754 5526 nihil
2769 5464 2978 5526 distat.
3006 5469 3294 5526 utrumne
3313 5461 3596 5526 ferro.an

1950 5461 2116 5546 mine
2134 5461 2403 5546 capitali;
2429 5470 2574 5546 quia
2596 5464 2754 5528 nihil
2769 5464 2978 5546 distat,
3006 5461 3294 5546 utrumne
3311 5461 3599 5546 ferro,_an

1955 5543 2135 5624 uerbo
2156 5541 2358 5624 potius
2373 5541 2605 5608 occidas
2630 5568 2656 5618 ;
2692 5545 2976 5624 quoniam
2993 5545 3216 5607 occisia
3237 5541 3371 5624 ipsa
3385 5541 3600 5624 prohi-

1955 5623 2165 5706 betur.
2186 5625 2644 5706 Chrysostomus
2658 5623 2872 5706 homil.
2897 5624 2984 5688 De
3000 5623 3369 5706 panitentia
3387 5623 3599 5706 senda

1951 5701 2337 5787 politia,etc.',
2365 5724 2398 5767 ι
2419 5704 2634 5787 Savilio
2651 5701 3026 5786 imperfecte,
3051 5723 3086 5767 a
3110 5703 3470 5787 Combeﬁsio
3496 5701 3597 5787 in-

1953 5783 2118 5869 tegre
2166 5783 2365 5869 edita:
2412 5785 2611 5869 καλὸν,
2640 5783 2852 5869 καὶίτὰς
2905 5788 3250 5869 χρηματικᾲς
3280 5783 3426 5850 δίκας
3446 5785 3594 5869 ⁸φθάσ-

1951 5862 2062 5923 νειν
2084 5864 2350 5926 διαλύσεσι
2399 5862 2666 5947 φιλικαῒς,
2714 5867 2811 5926 ’ίτι
2855 5862 2988 5947 πρδς
3026 5862 3106 5943 τῷ
3134 5866 3275 5925 τέλει
3308 5871 3411 5934 τῆς
3441 5862 3596 5932 δίκης
