4082 6348
199 393 320 460 605

1069 413 1731 482 CONSTITUTIONES
1772 417 2279 482 APOSTOLICE.
2325 451 2403 464 —
2447 414 2588 482 LIB.
2637 418 2712 480 ΙΙ.
3465 417 3586 482 606

206 536 341 585 Θεοῦ
378 530 567 609 ἧρξατο
613 543 822 615 πρῶτον
880 543 1089 617 ποιεῖκ,
1146 548 1233 600 καὶ
1287 547 1407 604 τότε
1462 547 1744 608 διδάσκειν·
1779 552 1853 618 ὥς

1943 548 2231 612 Dominus
2263 558 2320 612 et
2352 550 2562 614 doctor
2615 559 2817 614 noster
2857 550 3031 616 Jesus
3080 551 3367 627 Christus,
3401 553 3585 617 Filius

201 640 310 674 που
369 619 512 723 λέγει
538 622 699 723 filii)
763 630 789 684 ὁ
849 635 1076 689 Δουκᾶς’
1141 654 1170 692 (
1199 630 1297 690 Ὧν
1343 635 1539 715 ἤρξατο
1585 643 1612 696 6
1645 640 1854 708 Ἰησοῦς

1943 641 2070 718 Dei,
2119 642 2376 722 primum
2428 641 2649 720 facere,
2700 639 2920 703 deinde
2976 641 3233 717 docere;
3285 619 3444 723 quod
3491 643 3586 706 his

200 722 404 813 «etcf»:
533 711 818 781 διδάσκειν,
861 742 882 774 ι
927 720 1020 777 Διό
1049 745 1231 801 φησιν·
1274 749 1301 779 ιι
1334 711 1446 791 ’Ὃς
1477 725 1521 784 δ’
1553 727 1615 786 ἂν
1648 733 1854 808 ποιήσῃ

1943 711 2135 792 verbis
2167 730 2389 793 alicubi
2421 711 2708 813 exprimit
2737 732 2926 794 Lucas
2959 748 2974 793 :
3013 729 3190 803 «Qua
3215 711 3583 812 cmpitJesus

201 799 297 854 καὶ
325 796 523 882 διδάξῃ,
584 807 735 872 οὗτος
793 807 962 888 μέγας
1019 796 1348 883 κληθήσεται
1405 816 1459 874 ἒν
1503 825 1570 896 τῇ
1611 796 1854 897 βασιλείά

199 896 306 985 κοῦ
337 896 490 985 Θεοῦ,
527 916 555 948 ι
593 898 835 985 ξκοποὺς
866 899 967 980 γὰρ
1001 901 1140 959 εἶναι
1173 902 1256 962 δεῖ
1286 907 1422 982 ὑμᾶς
1463 915 1542 983 τῷ
1731 912 1854 977 τοὺς

199 975 556 1079 ἐπισκύπους,
590 983 670 1079 ὅτι
701 988 788 1079 και
816 975 974 1064 {ipsis
1018 995 1217 1050 σκοπὸν
1274 975 1430 1076 ἔχετε
1478 975 1570 1055 16v
1601 975 1852 1079 Xp'tﬂdv;

205 1070 342 1163 K¢i_
363 1071 521 1163 ὑμεῖς
556 1073 668 1163 Δοὖν
723 1077 927 1155 γίνεσθε
986 1084 1178 1140 σκοποὶ
1232 1070 1418 1163 ἀγαθοὶ
1468 1094 1545 1162 τῷ
1601 1070 1716 1162 λαῷ
1764 1099 1892 1149 τοῦ»

203 1158 393 1258 Θεοῦ-
424 1160 504 1258 ὅτι
554 1160 697 1258 λέγει
747 1169 933 1246 Κύριος
990 1168 1075 1228 διὰ
1121 1175 1214 1231 τοῦ
1275 1158 1530 1247 διεζεκιὴλ
1560 1158 1854 1258 πρὸς-ἕκα..

203 1270 336 1306 στον
375 1253 524 1326 ὑμῶν
581 1256 820 1334 φάσκων
861 1279 895 1319 ι
925 1261 1010 1316 Υίὲ
1066 1262 1363 1344 ἀνθρώπου,
1398 1253 1614 1324 σκοπὸν-
1654 1266 1856 1325 δέδωκά

201 1359 272 1432 σε
325 1348 402 1416 τῷ
448 1341 588 1417 οἴκῳ
657 1345 896 1426 Ἰσραὴλ,
953 1354 1042 1408 καὶ
1091 1353 1293 1431 ἀκούσῃ
1342 1341 1404 1412 ἐκ
1459 1358 1721 1432 στόματός
1754 1380 1856 1432 μου

203 1426 372 1527 λόγον
408 1435 510 1527 ⁵καὶ
562 1432 892 1527 διαφυλάξας
917 1487 933 1515 ,
992 1444 1082 1500 καὶ
1151 1426 1452 1524 διαήελεϊς
1521 1426 1678 1508 αύτὸν
1729 1426 1852 1527 παρ’

203 1518 378 1618 ἐμουί
403 1521 458 1578 ἐν
590 1523 764 1604 λέγειν
818 1550 886 1603 με
927 1537 1004 1604 τῷ
1061 1518 1264 1610 ἀνόμῳί
1286 1518 1298 1524 ν
1321 1538 1542 1594 Θανάτω
1590 1518 1852 1618 ἀποθκνῇ,

202 1615 301 1706 καὶ
330 1616 723 1706 οὗκὶλᾶλησας
780 1629 873 1679 τοῦ
921 1621 1216 1684 διαστεϊλαι
1275 1629 1471 1706 ἄνομον
1503 1631 1563 1687 ἐκ
1591 1631 1688 1699 τῆς
1731 1615 1855 1688 ἀνοέ

204 1705 338 1796 μίας
395 1705 574 1783 αὖτοῦ,
636 1711 664 1766 6
722 1710 918 1787 ἄνομος
970 1713 1172 1781 ἐκεῖνος
1221 1718 1277 1774 ἐν
1332 1725 1401 1796 τῇ
1457 1719 1648 1796 ἀνομίᾳ
1701 1720 1860 1777 αὐτοῦ

203 1793 584 1871 ἀποθανεῖται,
616 1801 702 1856 καὶ
744 1803 807 1857 τὸ
855 1802 998 1878 αἷμα
1028 1805 1187 1866 αὒτοῦ
1210 1807 1270 1862 ἐκ
1295 1814 1394 1876 τῆς
1429 1811 1614 1890 χειρός
1643 1831 1740 1868 σου
1762 1832 1856 1866 εκ-

1935 819 2132 882 facere
2162 828 2222 882 et
2250 818 2470 883 docere
2490 823 2618 884 55.»
2651 819 2948 894 Quocirca
2977 819 3136 882 idem
3171 820 3456 900 magister
3478 821 3610 884 aitz'

1942 931 1968 975 ς
1994 907 2107 981 Qui
2135 918 2333 971 autem
2368 909 2579 972 fecerit
2609 917 2672 972 et
2701 909 2996 982 docuerit,
3042 909 3138 970 hic
3189 927 3436 989 magnus
3476 927 3585 972 vo-

1939 997 2174 1060 cabitur
2205 998 2265 1060 in
2297 1016 2484 1080 regno
2529 999 2635 1062 Dei
2651 999 2737 1063 56.
2777 1022 2800 1058 ι
2839 997 3087 1080 Oportet
3132 1007 3330 1061 autem
3381 1009 3446 1060 ut
3484 1017 3589 1062 vos

1937 1087 2238 1170 Episcopi,
2261 1089 2478 1170 populo
2501 1089 2632 1151 sitis
2659 1088 3094 1170 speculatores;
3125 1087 3282 1168 quod
3313 1106 3415 1151 vos
3430 1107 3587 1170 quo-

1939 1195 2055 1258 que
2084 1182 2523 1257 speculatorem
2558 1179 2827 1242 habeatis
2855 1177 3258 1242 Christum.Et
3286 1195 3388 1240 vos
3409 1177 3590 1259 igitur

1937 1277 2126 1329 estote
2147 1268 2318 1348 probi
2340 1269 2750 1349 speculatores
2777 1268 2968 1350 plebis
2987 1269 3117 1349 Dei;
3143 1267 3282 1348 quia
3300 1267 3588 1330 Dominus

1939 1375 2046 1436 per
2075 1357 2455 1420 Ezechielem
2488 1378 2623 1421 cum
2654 1377 3010 1439 unoquoque
3040 1367 3303 1420 vestrum
3333 1357 3588 1437 loquens

1939 1447 2019 1508 ait
2053 1465 2066 1511 :
2109 1473 2132 1503 α
2171 1447 2285 1510 Fili
2320 1447 2604 1530 hominis,
2636 1448 3074 1530 speculatorem
3124 1446 3262 1508 dedi
3297 1454 3352 1507 te
3381 1444 3588 1509 domui

1940 1537 2306 1614 Israeliticae;
2339 1546 2397 1598 et
2427 1537 2636 1601 audies
2671 1556 2740 1599 ex
2763 1555 2868 1599 ore
2892 1555 3025 1599 meo
3044 1543 3477 1616 sermonem,et
3495 1553 3590 1597 ca-

1941 1643 2086 1689 vere
2115 1626 2389 1707 facies,et
2419 1645 2490 1689 ex
2520 1645 2614 1689 me
2643 1625 3022 1689 annuntiabis
3047 1644 3062 1686 :
3087 1643 3222 1687 cum
3247 1625 3454 1687 dixero
3476 1623 3590 1685 ini-

1940 1736 2055 1798 quo
2082 1739 2094 1777 :
2119 1716 2306 1779 Morte
2340 1717 2638 1793 morieris;
2673 1717 2723 1779 si
2747 1736 2866 1778 non
2900 1717 3132 1778 locutus
3154 1715 3362 1791 tueris,
3394 1725 3458 1775 ut
3495 1731 3590 1775 re-

1943 1807 2133 1868 trahat
2161 1825 2227 1868 se
2258 1806 2503 1887 iniquus
2535 1806 2606 1868 ab
2635 1806 2948 1887 iniquitate
2982 1824 3112 1885 sua,
3137 1804 3377 1884 iniquus
3408 1803 3507 1864 ille
3528 1803 3591 1863 in

203 1886 455 1977 ζητήσωο
637 1886 692 1944 δὲ
749 1889 839 1946 ἐὰν
891 1890 1160 1972 διαστείλῃ
1206 1903 1285 1971 τῷ
1336 1886 1538 1971 ἀνόμῳ’
1597 1898 1704 1955 ἀπὸ
1758 1901 1857 1966 τῆς

1943 1894 2254 1977 iniquitate
2275 1886 2383 1959 sua
2405 1886 2780 1976 morietur,et
2794 1895 3146 1975 sanguinem
3167 1893 3299 1974 ejus
3323 1893 3398 1954 de
3415 1910 3592 1954 manu

205 1969 336 2028 ὁδοῦ
364 1974 523 2032 αὖτοῧ
556 1976 881 2058 ἀποστρέψαι
933 1981 1026 2040 ἀπ’
1058 1985 1247 2061 αὒτῆς,
1277 1991 1364 2044 καὶ
1410 1989 1487 2063 μὴ
1517 1987 1854 2069 ἀποστρέψῃ,

203 2063 369 2126 αὐτὸς
398 2064 452 2119 ἐν
482 2072 551 2143 τῇ
597 2067 789 2142 ἀνομίᾳ
837 2075 994 2130 αὐτοῦ
1049 2075 1416 2158 ἀποθανεῖται,
1479 2079 1566 2134 καὶ
1639 2079 1700 2135 σὺ
1758 2082 1856 2146 τὴν

204 2153 400 2248 ψυχήν
460 2177 553 2248 σου
600 2157 814 2236 ἐρῤύσω.
868 2161 1144 2229 Ὡσαύτως
1173 2164 1228 2222 δὲ
1261 2153 1654 2248 (16)⁷μάχαιρα
1684 2167 1855 2226 πολέα

204 2265 318 2317 μου
347 2243 438 2300 ἐὰν
466 2245 500 2313 ἧ
539 2246 834 2326 ἐρχομένη,
892 2255 980 2308 καὶ
1037 2256 1213 2332 στήσῃ
1269 2259 1296 2313 ὸ
1349 2243 1725 2320 λαὸςησκοπὸν
1781 2261 1854 2322 εἰς

201 2333 578 2427 προφυλακὴν,
626 2341 729 2427 ,καὶ
787 2339 909 2398 ἰδὼν
960 2344 1123 2413 αὐτὴν
1174 2345 1498 2427 ἐρχομένην,
1529 2349 1607 2422 μὴ
1637 2370 1858 2426 προμιγ-

405 2428 489 2481 καδ
539 2425 679 2516 λάϐῃ
711 2433 920 2512 ψυχὴν,
961 2435 994 2502 ἡ
1028 2435 1124 2504 μὲν
1155 2425 1310 2516 φυλὴ
1339 2439 1406 2513 τῇ
1432 2437 1661 2516 ἁμαρτίᾳ
1698 2440 1859 2505 αὖτῆς

197 2511 438 2594 ἐλήφθη,
472 2517 534 2573 τὸ
567 2515 620 2573 δὲ
627 2521 650 2595 j
674 2524 813 2594 αἷμα
865 2511 926 2577 ἐκ
955 2526 1141 2602 γέιρὸς
1173 2511 1272 2583 τού
1297 2511 1498 2583 σκοποῦ
1548 2511 1858 2598 ἐκζητηθή-

201 2624 384 2684 σεται,
445 2604 526 2661 ὅτι
576 2610 671 2666 οὒκ
723 2610 958 2686 ἐσήμανε
1007 2620 1076 2690 τῇ
1122 2614 1401 2694 σάλπιγγι⁶
1436 2617 1524 2672 ἐὰν
1555 2615 1611 2671 δὲ
1641 2618 1858 2694 σημάνῃ

203 2699 283 2770 τῇ
323 2697 571 2775 κερατίνη
622 2701 710 2756 καὶ
767 2703 842 2775 μή
893 2701 1185 2782 φυλάξηται
1245 2709 1272 2763 ὁ
1331 2707 1586 2777 ἀκούσας,
1621 2708 1705 2763 καὶ
1733 2707 1858 2783 ἔλθῃ

203 2787 243 2854 ἡ
279 2787 545 2866 μάχαιρα,
579 2791 665 2846 κσὶ
707 2790 844 2870 λάϐῃ
875 2794 1057 2874 αὐτὸν,
1115 2798 1175 2854 τὸ
1233 2801 1373 2872 αἷμα
1429 2800 1588 2856 αὐτοῦ
1620 2797 1706 2854 ἐπ’
1758 2799 1856 2854 αὖ-

207 2875 308 2932 τὸν
337 2873 506 2956 ἔσται,
540 2876 621 2934 ὅτι
651 2879 749 2937 οὒκ
799 2873 1088 2962 ἐφυλάξατο
1147 2887 1369 2951 ἀκούσας
1408 2891 1506 2950 τῆς
1549 2887 1853 2966 κερατίνης,

206 2965 238 3020 δ
272 2963 328 3019 δὲ
358 2964 744 3049 φυλαξάμενος,
802 2973 901 3038 τὴν
957 2976 1143 3055 ψυχὴν
1201 2978 1360 3036 αὐτοῦ
1404 2963 1675 3054 ἐῤῥύσατο,
1709 2977 1798 3033 καὶ
1829 2978 1856 3032 6

206 3060 416 3122 σκοπὸς
476 3058 555 3114 ὅτι
617 3059 876 3141 ἐσήμανε,
930 3070 1042 3142 ζωῇ
1083 3067 1326 3136 ζήσεται.
1365 3088 1387 3120 ι
1439 3067 1693 3146 Μάχαιρα
1724 3066 1858 3140 μέν-

206 3145 359 3202 ἐστιν
389 3146 426 3213 ἧ
467 3148 656 3224 κρίσις
705 3150 928 3229 σάλπιγξ
957 3152 1014 3209 δὲ
1044 3155 1189 3232 (17),
1235 3157 1296 3211 τὸ
1326 3156 1464 3234 ἱερὸν
1512 3145 1851 3234 Εὖαγγὲλιοψ

209 3238 417 3300 σκοπὸς
446 3235 522 3315 δὲ,
558 3241 586 3294 ὃ
618 3244 958 3303 κατασταθεὶς
1005 3249 1074 3320 τῇ
1106 3241 1398 3317 Ἐκκλησίᾳ
1456 3245 1766 3320 ἐπίσκοπος,
1798 3246 1856 3302 ὃν

208 3325 301 3382 δεῖ
358 3328 690 3405 κηρύσσοντα
723 3327 1158 3411 διαμαρτύρασθαι
1213 3337 1299 3391 καὶ
1345 3335 1474 3413 (18)
1527 3333 1859 3394 διαϐεϐαιοῦ-

208 3420 333 3473 σθαι
392 3419 510 3496 περὶ
565 3424 666 3486 τῆς
705 3421 952 3498 κρίσεως.
1015 3422 1138 3480 Ἐἀν
1199 3425 1278 3499 μὴ
1349 3422 1709 3503 διαγγείλητε,
1772 3427 1862 3482 καὶ

210 3503 639 3587 διαμαρτύρησθε
681 3517 758 3584 τῷ
798 3510 937 3585 λαῷ,
971 3514 1044 3577 εἰς
1095 3515 1232 3587 ὑμᾶς
1264 3516 1298 3582 ἡ
1358 3514 1584 3591 ἁμαρτία
1633 3519 1740 3571 τῶι
1790 3515 1860 3570 ἀ-

209 3596 514 3674 γνοούντων
544 3599 903 3676 εὑρεθήσεται.
965 3603 1057 3659 Διὸ
1109 3604 1231 3667 τοὺς
1289 3603 1776 3684 ἀναστρεφομένους
1807 3604 1860 3660 ἐν

211 3684 528 3759 ἀπαιδευσίᾳ
576 3687 698 3764 (19)
759 3693 1076 3766 νουθετεῖτε,
1129 3695 1218 3750 καὶ
1270 3692 1527 3773 ἒλὲγχετε
1561 3695 1694 3767 μετὰ
1727 3693 1862 3769 παῤ-

209 3778 428 3856 ῥησίας,
459 3779 582 3842 τοὺς
640 3779 956 3858 ἀγνοοῦντας
1007 3780 1278 3839 διδάσκετε
1305 3830 1320 3856 ,
1380 3785 1500 3846 τοὺς
1560 3783 1860 3859 ἐπισταμέο-

210 3890 336 3931 νους
383 3870 673 3950 στηρίζετε,
727 3872 846 3936 τοὺς
902 3871 1344 3948 πεπλανημένους
1387 3873 1746 3954 ἐπιστρέφετε.
1783 3875 1858 3932 Τὰ

212 3957 350 4014 αὖτᾶ
403 3960 522 4036 περὶ
568 3965 673 4016 τῶν
727 3961 900 4018 αὐτῶν
949 3962 1222 4040 λέγοντες,
1279 3961 1514 4042 ἀδελφοὶ,
1550 3967 1655 4043 οὔχ
1677 3965 1856 4042 ἀμαρ-

212 4047 509 4122 τησὸμεθα.
542 4047 640 4106 Ἐκ
691 4050 792 4128 γὰρ
851 4051 943 4107 τοῦ
969 4051 1227 4117 πολλάκις
1273 4053 1504 4120 ἀκούειν,
1537 4053 1678 4119 εἰκός
1709 4075 1856 4117 τινας

211 4133 622 4203 δυσωπηθέντας
676 4139 773 4194 κᾶν
825 4139 964 4204 ἅπαξ
1017 4161 1068 4196 τι
1126 4146 1230 4196 τῶν
1281 4139 1459 4198 καλῶν
1515 4141 1858 4208 ποιῆσαικαὶ

213 4231 325 4282 τῶν
349 4232 598 4304 πονηρῶν
626 4229 1075 4305 παραιτήσασθαι.
1111 4229 1265 4307 Λέγει
1296 4230 1394 4308 γὰρ
1443 4227 1528 4285 διὰ
1589 4231 1862 4308 προφήτου

215 4316 246 4370 6
284 4314 439 4377 Beo'c'
476 4336 500 4371 ι
541 4319 887 4395 Διαμαρτύρει
919 4318 1103 4384 αὒτοϊς
1153 4326 1336 4390 ταῦτα,
1389 4318 1523 4383 ἴσως
1554 4319 1862 4376 ἀκούσονταί

215 4424 310 4460 σου
341 4409 438 4472 τῆς
468 4406 670 4486 φωνῆς.
705 4426 732 4464 ι
775 4409 870 4465 Καὶ
901 4405 1080 4466 πάλιν
1145 4433 1170 4462 α
1219 4407 1344 4465 Ἐὰν
1393 4405 1490 4486 ἄρα
1542 4409 1859 4488 ἀκούσωσιν,

1941 1993 2038 2046 tua
2069 1985 2398 2067 requiram;
2435 1993 2496 2048 tu
2526 1995 2728 2047 autem
2751 1983 3273 2047 sidenuntiaveris
3292 1981 3497 2062 iniquo
3517 1981 3594 2043 de

1938 2074 2029 2135 via
2059 2093 2186 2146 sua,
2223 2085 2288 2138 ut
2315 2076 2390 2140 ab
2422 2095 2492 2138 ea
2522 2096 2586 2138 se
2633 2084 2876 2151 avertat,
2913 2085 2972 2137 et
3003 2093 3122 2136 non
3176 2093 3240 2136 se
3287 2072 3587 2153 averterit,

1937 2165 2064 2242 ipse
2093 2165 2154 2227 in
2186 2165 2498 2246 iniquitate
2519 2185 2627 2228 sua
2647 2170 2958 2239 morietur;
2983 2175 3040 2227 et
3066 2173 3128 2226 tu
3146 2165 3405 2226 animam
3425 2170 3591 2226 tuam

1937 2253 2232 2318 liberasti.
2267 2254 2554 2318 Similiter
2575 2266 2797 2331 autem,
2825 2255 2876 2316 si
2899 2255 3128 2317 venerit
3153 2251 3297 2316 belli
3325 2251 3580 2331 gladius;

1942 2355 2004 2404 et
2031 2344 2302 2406 statuerit
2335 2345 2586 2426 populus
2633 2344 3071 2426 speculatorem
3104 2342 3177 2404 ad
3210 2340 3503 2420 vigiliam;
3534 2347 3593 2402 et

1941 2432 1994 2493 is
2023 2432 2228 2495 videns
2253 2435 2514 2513 gladium
2543 2435 2955 2505 accedentem,
2992 2451 3111 2493 non
3144 2430 3588 2512 praenuntiave-

1942 2521 2043 2596 rit;
2067 2532 2126 2583 et
2155 2523 2384 2603 gladius
2420 2525 2620 2587 tulerit
2641 2525 2930 2600 animam;
2962 2522 3158 2585 anima
3182 2520 3426 2602 quidem
3455 2537 3591 2600 pec-

1944 2621 2073 2673 cato
2105 2632 2212 2675 suo
2244 2614 2479 2676 sublata
2509 2620 2624 2688 est;
2658 2623 2716 2675 et
2747 2614 2986 2692 sanguis
3015 2612 3090 2673 de
3109 2629 3288 2672 manu
3320 2610 3590 2690 specula-

1945 2703 2090 2765 toris
2124 2703 2634 2784 requiretur,quia
2663 2722 2783 2764 non
2815 2700 3169 2782 signiﬁcavit
3199 2697 3458 2770 tuba;sin
3475 2716 3588 2762 au-

1943 2799 2060 2852 tem
2093 2792 2524 2871 signiﬁcaverit
2564 2791 2835 2867 buccina,
2871 2801 2931 2854 et
2958 2791 3061 2872 qui
3094 2790 3342 2868 audivit,
3368 2807 3489 2850 non
3519 2806 3587 2851 se

1940 2880 2356 2956 observaverit,
2391 2883 2736 2962 veneritque
2764 2881 3017 2961 gladius,
3057 2889 3116 2942 et
3138 2881 3333 2961 ipsum
3361 2876 3584 2959 tulerit,

1943 2969 2185 3048 sanguis
2215 2970 2343 3052 ejus
2374 2990 2557 3051 super
2587 2971 2781 3052 ipsum
2814 2971 3096 3050 erit;quia
3113 2968 3312 3032 audita
3333 2967 3590 3030 buccina

1942 3059 2056 3120 sibi
2107 3079 2226 3122 non
2263 3062 2540 3143 providit;
2574 3061 2676 3142 qui
2701 3070 2902 3124 autem
2947 3059 3120 3140 cavit,
3155 3058 3426 3120 liberavit
3465 3057 3591 3121 ani-

1942 3167 2096 3210 mam
2129 3169 2322 3232 suam;
2367 3161 2428 3213 et
2473 3151 2832 3232 speculator,
2867 3149 3006 3231 quia
3044 3148 3416 3228 signiﬁcavit,
3474 3146 3595 3210 vita

1937 3238 2092 3300 vivet
2137 3239 2220 3298 57.
2285 3266 2312 3296 ι
2374 3239 2620 3304 Gladius
2676 3239 2816 3320 quid
2848 3257 2942 3300 em
2975 3247 3064 3301 est
3099 3238 3418 3318 judicium;
3454 3235 3593 3298 tuba

1881 3333 1920 3384 C
1945 3345 2086 3388 vero
2116 3347 2351 3390 sacrum
2376 3328 2778 3410 Evangelium;
2811 3328 3152 3409 speculator
3171 3325 3464 3407 autem,in
3486 3329 3595 3389 Ec-

1944 3417 2128 3480 clesia
2158 3427 2413 3482 statutus
2437 3421 2775 3501 episcopus,
2794 3437 2975 3500 quem
3009 3425 3241 3498 oportet
3269 3415 3346 3479 de
3369 3415 3592 3496 judicio

1947 3508 2295 3587 praedicare,
2329 3509 2650 3590 affirmare,
2686 3505 3101 3571 contestari.Si
3133 3526 3251 3568 non
3282 3504 3596 3567 denuntia-

1945 3597 2149 3660 veritis
2178 3600 2398 3679 populo
2425 3609 2484 3660 et
2512 3599 2787 3662 obtestati
2817 3598 3072 3671 fueritis,
3101 3597 3164 3658 in
3195 3613 3296 3658 vos
3326 3596 3592 3657 inscien-

1944 3688 2087 3748 tium
2126 3699 2386 3755 erratum
2419 3686 3104 3760 redundabit.Quocirca
3125 3685 3186 3746 in
3218 3683 3438 3765 peritos
3458 3702 3591 3745 mo-

1943 3786 2081 3838 nete
2106 3786 2168 3840 et
2195 3798 2330 3841 cum
2363 3778 2638 3841 libertate
2675 3777 2929 3858 arguite,
2962 3777 3198 3855 ignaros
3219 3773 3595 3854 docete,eru-

1943 3867 2097 3930 ditos
2120 3870 2847 3942 conﬁrmate,aberrantes
2870 3865 3295 3928 reducite.Nec
3311 3864 3362 3924 si
3379 3863 3590 3925 eadem

1942 3957 2122 4018 verba
2146 3957 2361 4021 iisdem
2390 3958 2464 4020 de
2494 3957 2674 4020 rebus
2700 3953 3240 4037 proleramus,vitio
3272 3951 3446 4015 nobis
3467 3969 3595 4013 ver-

1945 4047 2618 4125 tetur,fratres.Scilicet
2645 4045 2934 4110 credibile
2955 4042 3398 4124 est,nonnullos
3421 4041 3573 4103 itera

1945 4144 1996 4196 ta
2031 4135 2205 4198 toties
2241 4137 2551 4199 auditione
2605 4135 2958 4216 pudefactos
3006 4133 3096 4196 vel
3147 4133 3333 4195 semel
3365 4129 3595 4212 aliquid

1947 4222 2083 4285 boni
2115 4234 2411 4304 gesturos,
2443 4235 2502 4289 et
2535 4227 2672 4287 mali
2703 4225 3130 4288 declinaturos.
3165 4222 3265 4285 Ait
3296 4221 3456 4283 enim
3489 4237 3598 4300 per

1947 4317 2298 4397 prophetam
2325 4321 2490 4382 Deus
2517 4339 2530 4381 :
2573 4342 2600 4374 α
2632 4317 2982 4380 Testificare
3005 4313 3125 4375 illis
3146 4314 3296 4393 hac,
3322 4312 3474 4375 forte
3497 4328 3596 4372 vo-

1946 4422 2073 4468 cem
2100 4417 2255 4469 tuam
2281 4409 2526 4470 audient
2545 4406 2744 4470 δε.»Ει
2762 4403 3116 4467 ἰιθτιιιηηδί
3155 4403 3305 4464 forte
3328 4401 3592 4474 audiant,

216 4493 310 4550 ἐὰν
371 4491 469 4572 ἄρα
531 4493 742 4553 ἐνδῶσι.
796 4517 826 4556 ι
895 4499 992 4555 Καὶ
1045 4500 1072 4553 ὁ
1151 4498 1348 4565 Μωσῆς
1411 4520 1540 4577 φητι
1599 4505 1675 4573 τῷ
1748 4497 1858 4572 λαῷ

1945 4493 1996 4555 si
2019 4494 2178 4591 forte
2201 4499 2542 4591 concedant
2567 4495 2640 4559 ⁵9.
2682 4521 2704 4554 ι)
2745 4498 2836 4591 Et
2866 4495 3092 4591 Moyses
3143 4493 3358 4574 populo
3379 4491 3590 4591 _dieit_:

220 4609 245 4638 ιι
287 4584 392 4641 Εάν
419 4583 548 4662 (29)
576 4584 713 4663 ἀκοῇ
744 4585 973 4663 ἀκούσῃς
1021 4587 1206 4666 Κυρίου
1232 4595 1324 4644 τοῦ
1367 4590 1522 4661 Θεοῦ,
1574 4589 1661 4644 καὶ
1691 4589 1858 4657 ποιή-

1952 4606 1975 4640 ε
2012 4583 2070 4647 Si
2103 4586 2306 4649 auditu
2357 4588 2619 4650 audieris
2668 4585 2987 4650 Dominum
3040 4585 3252 4662 Deum,
3288 4591 3345 4642 et
3377 4579 3594 4642 feceris

212 4696 320 4750 σῃς
371 4675 434 4730 τὸ
478 4674 675 4754 ἀγαθὸν
702 4677 791 4732 καὶ
839 4677 899 4732 τὸ
943 4679 1089 4739 εὖθὲς
1157 4680 1211 4732 ῐεν
1251 4676 1546 4756 ὀφθαλμοῖς
1609 4678 1786 4735 acroi}.
1824 4696 1853 4735 )

1945 4670 2170 4735 bonum
2203 4695 2270 4736 ac
2307 4685 2540 4738 rectum
2572 4677 2633 4737 in
2666 4675 2856 4736 oculis
2879 4677 3010 4754 ejus
3031 4671 3540 4748 60.»Rursumque
3576 4684 3590 4728 :

217 4766 321 4823 Καὶ
371 4763 557 4821 πάλιν·
615 4790 639 4820 ιι
674 4763 883 4822 ’Ἄκουε
919 4815 934 4846 ,
993 4766 1233 4844 Ἰσραὴλ,
1291 4769 1474 4845 Κύριος
1521 4771 1547 4823 6
1580 4766 1707 4832 Θεός
1740 4789 1854 4832 σου,

1950 4787 1977 4818 α
2015 4765 2166 4826 Audi
2191 4763 2697 4848 Israel,Dominus
2726 4765 2882 4827 Deus
2916 4774 3078 4842 tuus,
3117 4761 3402 4822 Dominus
3433 4775 3588 4817 unus

216 4854 410 4932 Κύριος
442 4858 525 4918 εἷς
555 4855 689 4914 ἔστι.
729 4880 755 4911 ιο
795 4857 891 4914 Καὶ
921 4859 948 4912 6
975 4857 1160 4936 Κύριος
1191 4857 1244 4912 ἐν
1277 4864 1352 4927 τῷ
1387 4855 1688 4935 Εὖαγγελίῳ
1717 4856 1858 4912 πολ-

1943 4851 2122 4912 θεῑθί.
2171 4880 2187 4908 ο
2217 4854 2286 4915 Et
2314 4856 2598 4917 Dominus
2647 4856 2705 4915 in
2741 4852 3060 4931 Evangelia
3108 4867 3264 4930 szepe
3316 4865 3587 4907 comme-

294 4990 351 5035 ⁸⁵
378 4992 510 5054 Act.
532 5010 577 5074 ι,
605 4993 664 5074 t_.
749 4992 804 5074 5⁸
826 4993 1038 5057 Matth.
1064 5010 1126 5074 v,
1157 4993 1262 5074 l9.
1347 4992 1399 5035 ⁵⁷
1429 4994 1646 5056 Ezech.
1707 5007 1858 5054 λιιι]

1959 5000 2154 5074 et_seq

209 5089 306 5146 tu,
346 5074 440 5137 ll.
524 5071 580 5117 ⁸ο
610 5071 797 5136 Exod.
829 5092 925 5146 xv,
958 5074 1061 5138 96.
1111 5069 1194 5118 ’⁶¹
1235 5076 1408 5138 Deut.
1442 5091 1524 5154 v1,
1557 5074 1618 5148 4;
1649 5075 1833 5137 Marc.
1876 5087 1979 5146 xu,
2014 5069 2114 5133 29.

1550 5201 1940 5268 VARIORUM
1987 5199 2238 5294 Now.

2265 4986 2319 5030 ⁵⁸
2345 4991 2469 5050 Jer.
2503 5005 2660 5063 sxw,
2707 4988 2767 5062 3;
2803 4985 3014 5046 Ezech.
3049 4998 3115 5056 ιι,
3147 4982 3206 5043 7.
3291 4978 3345 5020 59
3377 4979 3595 5040 Ezecli.

302 5348 426 5428 (15)
461 5359 535 5413 Ως
567 5371 668 5429 που
693 5350 837 5426 Λέγει
870 5366 1058 5429 usque
1097 5348 1168 5409 ad
1201 5347 1490 5429 διδάσκειν,
1550 5344 1866 5429 Desunt-in

211 5426 536 5488 altero'ms.
563 5426 1152 5500 videnturque‘deleta
1189 5445 1218 5485 a
1251 5428 1468 5500 critico,
1505 5427 1601 5500 qui
1639 5426 1870 5500 putabat

213 5514 335 5560 non
390 5515 558 5572 posse
612 5500 807 5556 induci
846 5495 1154 5572 commode
1210 5495 1750 5572 apostolOs'Lucam
1799 5495 1873 5555 ad

213 5571 627 5638 tastimonium
658 5573 930 5635 citantes.
966 5571 1150 5636 Cncn.

305 5661 432 5743 (16)
469 5663 538 5720 Δέ
567 5661 828 5741 Uterque
858 5662 1044 5724 codex
1074 5664 1185 5726 καί.
1217 5663 1301 5725 lo.

291 5753 349 5833 (1
363 5751 418 5825 Ἰ)
449 5753 519 5810 Δὲ
552 5751 762 5817 Melius
784 5752 1016 5815 omittas
1047 5770 1182 5815 cum
1216 5761 1474 5833 utroque
1510 5749 1739 5812 codice.
1776 5749 1864 5812 In.

2037 5343 2160 5424 (18)
2199 5345 2294 5424 Καὶ
2325 5340 2769 5424 διαϐεϐαιοῦσθαι.
2803 5335 3236 5424 omittit.
3267 5333 3350 5396 ID.

2038 5417 2163 5504 (19)
2199 5422 2540 5504 ἶιὶπιιδευσίᾳ
2569 5423 2733 5485 Alter
2754 5419 3119 5504 ἃιΙάίβᾳαῦῖὼν
3167 5417 3249 5504 ID.

2032 5492 2164 5584 (20)
2199 5502 2344 5565 Ἐάν.
2397 5492 2530 5563 Haec
2560 5519 2854 5586 vox__cum
2895 5500 2979 5586 17·
2994 5492 3415 5586 sequentibus,
3445 5513 3596 5586 qua-

1946 5577 2081 5647 rum
2137 5577 2435 5662 postrema
2485 5591 2576 5644 est
2625 5581 2808 5662 πάλιν,
2861 5577 3087 5641 omissa
3135 5583 3274 5638 sunt
3319 5577 3381 5636 in
3429 5584 3596 5637 utro-

1950 5666 2214 5747 que.ID.
