4082 6348
585 219 704 282 619
1423 223 1484 285 S.
1530 222 1966 311 CLEMENTIS
2008 224 2031 285 Ι
2076 220 2254 286 ROM.
2304 223 2528 289 PONT.
2571 226 2817 290 OPERA
2863 228 3119 291 DUBIA.
3837 231 3960 297 620

586 362 733 416 tum.
765 354 841 417 Et
856 354 926 417 'si
954 354 1175 418 fuerint
1197 363 1319 419 tres
1338 356 1446 418 viri
1478 356 1539 418 in
1572 357 1769 418 medio
1800 359 1949 437 ejus,
1980 357 2124 433 Noe,
2162 368 2207 419 el

2302 350 2354 413 ἒν
2386 354 2532 432 μέσῳ
2565 357 2751 431 αὐτῆς,
2800 360 2937 437 Νῶε,
2974 359 3061 413 καὶ
3088 356 3233 434 Ἰὼϐ,
3264 359 3351 415 καὶ
3388 358 3612 442 Δανιὴλ,
3645 361 3790 419 οὗτοι
3821 364 3951 443 (56)

585 445 715 520 Job,
750 453 809 507 et
826 445 1042 507 Daniel
1072 467 1088 522 ;
1116 446 1229 527 ipsi
1258 448 1317 508 in
1349 465 1456 508 sua
1477 447 1709 525 justitia
1753 448 2074 508 servabunt
2102 452 2207 509 ani

2307 447 2359 502 ὲν
2404 452 2473 523 τῇ
2530 444 2831 520 δικαιοσύνῃ
2878 448 3049 503 αὐτῶν
3107 449 3333 504 σώσουσι
3372 449 3467 508 τὰς
3525 453 3705 529 ψυχὰς
3752 454 3945 525 αὐτῶν,
4048 506 4049 513 η

585 554 713 597 mas
742 553 899 609 suas,
949 536 1030 596 ait
1060 537 1294 598 Adonei
1326 539 1611 599 Dominus
1644 535 1720 595 9⁸.
1762 562 1783 593 υ
1834 537 2207 617 Apertissimt

2306 536 2448 614 λέγει
2482 533 2715 591 Ἀδωναῖ
2752 536 2963 614 Κύριος.
3000 555 3028 594 )
3067 538 3382 615 Σαφέστατα
3417 538 3535 617 (57)
3572 537 3869 609 δεδήλωκεν
3912 544 3944 608 ἡ
4048 538 4049 541 “

584 624 905 687 declaravit
932 624 1257 707 Scriptura,
1279 626 1509 705 justum
1547 645 1680 686 cum
1713 626 1933 705 injusto
1969 646 2207 690 conver-

2306 626 2510 705 Γραφὴ,
2574 624 2655 681 ὅτι
2710 626 2882 680 συνὼν
2940 623 3138 688 δίκαιος
3200 625 3363 701 ἀδίκῳ
3431 630 3491 683 οὐ
3558 630 3944 686 συναπόλλυται
4048 692 4049 707 γ

581 723 959 792 santem,una
981 734 1115 778 cum
1145 734 1216 777 eo
1250 734 1367 777 non
1391 715 1657 777 interire.
1688 714 1996 796 Siquidem
2022 719 2079 778 in
2112 718 2207 779 hei

2308 714 2425 791 μετ’
2458 716 2639 773 αὑτοῦ.
2674 712 2762 769 Ἐν
2816 714 2915 791 γὰρ
2960 718 3037 788 τῷ
3094 715 3282 790 κόσμῷ
3311 717 3478 789 τούτῳ
3520 719 3609 773 καὶ
3640 716 3831 777 δίκαιοι
3861 721 3948 775 καὶ
4048 760 4049 767 η

580 804 806 866 mundo
830 804 978 885 justi
1009 813 1069 866 et
1100 805 1304 887 injusti
1335 805 1539 868 simul
1568 815 2028 887 congregantur,
2082 808 2207 868 vita

2303 802 2470 860 ἄδικοι
2502 802 2760 871 ἀλλήλοις
2808 804 3249 881 συναγελάζονται
3300 816 3553 879 κοινωνίᾳ
3582 808 3718 884 βίου,
3751 811 3811 865 o6
3840 810 3946 884 μὴν

580 894 1036 969 communitate,
1070 913 1188 956 non
1214 895 1389 956 etiam
1425 896 1788 969 sanctitatis;
1812 914 1927 977 qua
1955 899 2011 958 in
2044 915 2221 958 causa

578 983 757 1046 amici
802 984 911 1045 Dei
940 1002 1060 1046 non
1100 993 1366 1065 peccant,
1399 984 1667 1064 quinimo
1703 1009 1728 1040 α
1768 988 1997 1047 Patrem
2045 1005 2214 1047 suum

579 1073 679 1152 qui
710 1073 770 1134 in
793 1074 960 1136 cmlis
984 1082 1105 1134 est:
1136 1073 1465 1154 imitantur,
1492 1075 1626 1153 «qui
1649 1073 1833 1134 solem
1867 1093 2037 1135 suum
2072 1076 2216 1138 oriri

579 1162 716 1223 facit
745 1181 929 1241 super
952 1165 1146 1242 justos
1175 1171 1236 1224 et
1265 1163 1537 1243 injustos,
1588 1170 1645 1224 et
1675 1184 1704 1223 »
1746 1164 1995 1225 imbrem
2042 1185 2213 1227 suum

577 1250 726 1330 pluit
746 1270 925 1332 super
952 1252 1136 1314 malos
1163 1261 1221 1312 et
1270 1252 1459 1313 bonos
1485 1253 1569 1313 95.
1635 1276 1657 1311 ν
1693 1252 1759 1302 96
1794 1251 1999 1333 Neque
2030 1255 2214 1315 ullum

577 1340 716 1401 inde
730 1342 1232 1423 periculum-viro
1248 1343 1406 1422 justo
1432 1364 1447 1423 ;
1475 1361 1611 1403 nam
1642 1342 1704 1403 in
1748 1343 1934 1403 stadio
1964 1342 2214 1406 victores

573 1429 744 1491 victis
773 1438 911 1491 sunt
942 1431 1209 1512 permisti
1237 1454 1251 1506 ;
1298 1441 1356 1493 at
1386 1432 1442 1492 in
1479 1450 1715 1493 coronae
1753 1432 2073 1495 donatione
2106 1434 2215 1495 soli

572 1526 768 1581 astant
817 1520 920 1598 qui
967 1521 1200 1581 fortiter
1256 1530 1682 1601 pugnaverunt,
1748 1540 1858 1582 nec
1905 1523 2212 1602 quisquam

572 1617 915 1685 coronatur,
945 1610 1057 1671 nisi
1088 1612 1184 1690 qui
1205 1611 1467 1690 legitime
1484 1611 1899 1676 certaverit97.
1922 1611 1986 1661 98
2015 1610 2212 1675 Unus-

571 1697 825 1778 quisque
851 1699 925 1761 da
956 1700 1153 1779 seipso
1185 1700 1567 1761 conﬁtebitur
1588 1719 1653 1761 ac
1675 1701 2088 1782 respondebit,
2113 1720 2215 1762 ne-

573 1803 688 1865 que
699 1788 927 1867 justum
964 1808 1097 1850 cum
1131 1790 1352 1869 injusto
1376 1790 1532 1851 Deus
1560 1790 1769 1869 perdet
1795 1810 1810 1861 ;
1836 1791 2213 1871 quandoqui-

572 1873 883 1957 demapud
902 1897 1038 1940 eum
1063 1880 1350 1959 quidquid
1370 1878 1560 1960 culpa:
1596 1898 1712 1941 non
1741 1887 1830 1941 est
1859 1881 2210 1961 obnoxium,

578 1980 688 2023 nec
722 1966 931 2028 ultioni
962 1967 1293 2049 subjectum
1328 1976 1438 2029 est.
1474 1970 1680 2048 Neque
1702 1969 1856 2030 enim
1884 1966 2068 2029 Noem
2102 1971 2212 2031 de-

574 2054 803 2131 mersit,
862 2075 1060 2137 neque
1111 2057 1317 2119 Lotum
1366 2058 1650 2133 incendit,
1701 2076 1899 2134 neque
1952 2056 2209 2121 Raabam

574 2142 1042 2217 patriae'excidio
1091 2146 1586 2228 comprehendit;
1636 2156 1692 2209 et
1727 2148 1776 2208 si
1809 2146 1973 2225 libet,
2009 2157 2209 2211 nostra

569 2248 805 2313 quoque
854 2254 1164 2315 cognosce,
1217 2237 1407 2300 Judas
1437 2237 1654 2299 sodalis
1710 2244 1935 2316 noster,
1987 2245 2209 2299 sortem

568 2322 887 2386 ministerii
907 2325 1217 2387 nobiscum
1240 2344 1617 2389 communem
1641 2326 1889 2406 accepit,
1913 2336 1973 2388 et
2004 2324 2208 2389 Simon

569 2410 773 2490 Magos
792 2414 1086 2493 baptismo
1136 2415 1365 2478 Domini
1389 2417 1652 2496 signatus
1670 2416 1816 2493 fuit;
1847 2434 2051 2477 verum
2076 2435 2209 2477 cum

567 2510 814 2583 uterque
859 2522 1072 2584 pravus
1120 2506 1586 2581 exstitisset,ille
1616 2507 1856 2586 quidem
1904 2504 2115 2585 laqueo
2148 2525 2212 2567 se

559 2592 908 2676 suspendit;
935 2595 1033 2656 hic
1060 2614 1200 2656 vero
1222 2608 1439 2676 praeter
1474 2597 1779 2658 hominum
1805 2604 2072 2656 naturam
2098 2613 2206 2656 vo-

559 2680 756 2759 litans,
793 2684 953 2762 gravi
985 2702 1124 2747 casu
1148 2684 1368 2747 fractus
1400 2686 1605 2748 est.Ad
1657 2686 1803 2757 haec,
1842 2686 1992 2747 Arca
2015 2685 2202 2746 Noem

559 2778 619 2831 et
668 2770 823 2832 ﬁlios
854 2774 983 2852 ejus
1012 2773 1561 2855 complectebatur;
1609 2775 1713 2836 sed
1754 2774 1914 2835 solns
1943 2775 2204 2835 Chamus

555 2878 809 2940 nequam
856 2870 1167 2946 repertus,
1204 2866 1259 2926 in
1319 2865 1437 2926 tilio
1478 2882 1681 2946 poenas
1730 2863 1898 2924 dedit
1953 2861 2116 2933 Quod
2152 2862 2200 2923 si

2299 895 2388 950 καὶ
2445 893 2724 959 ὁσιότητος
2761 911 2775 928 ο
2835 893 2921 947 καὶ
2958 893 3125 966 τούτῳ
3182 896 3285 974 οὑχ
3314 894 3703 973 ἁμαρτάνουσιν
3735 900 3781 955 οἱ
3822 901 3947 955 θεοο

2300 982 2515 1063 φιλεῖςο
2578 984 2809 1058 μιμηταί
2867 984 2966 1062 γάρ
2995 985 3093 1039 εἰσι
3136 984 3230 1040 τοῦ
3281 988 3485 1064 Πατρὸς
3531 989 3701 1044 αὑτῶν
3747 996 3841 1046 τοῦ
3893 988 3947 1044 ἐν

2297 1086 2411 1137 τοῖς
2446 1074 2709 1150 οὸρανοῖς,
2742 1080 2833 1129 τοῦ
2879 1074 2968 1128 τὸν
3014 1072 3164 1139 ἥλιον
3223 1075 3377 1130 αὑτοῦ
3427 1076 3812 1139 ἀνατέλλοντος
3857 1081 3943 1134 ὲπὶ

2296 1160 2523 1225 δικαίους
2580 1163 2666 1218 καὶ
2709 1159 2935 1235 ἀδίκους,
2995 1163 3082 1218 καὶ
3125 1162 3417 1243 βρέχοντος
3456 1167 3612 1225 αὖτοῦ
3669 1168 3760 1222 τὸν
3794 1169 3944 1223 ὑετὸν

2295 1252 2381 1308 επὶ
2438 1252 2722 1328 πονηροὺς,
2790 1254 2874 1308 καὶ
2933 1252 3177 1330 ἀγαθούς.
3219 1255 3314 1311 Καὶ
3362 1253 3512 1310 οὒδὲν
3542 1255 3860 1314 κινδυνεύσει
3917 1262 3943 1314 6

2296 1339 2494 1407 δίκαιος
2525 1341 2583 1397 ἐκ
2602 1344 2786 1400 τούτου
2821 1358 2835 1372 ⁸
2874 1341 2926 1397 ἐν
2957 1343 3057 1419 γὰρ
3100 1348 3177 1415 τῴ
3220 1341 3413 1416 σταδίῳ
3441 1348 3530 1401 καὶ
3574 1348 3806 1427 νικηταὶ,
3854 1350 3945 1404 καὶ

2297 1431 2577 1504 νικώμενοί
2607 1433 2759 1510 εἰσιν,
2793 1430 2846 1487 ἐν
2879 1428 2932 1485 δὲ
2986 1437 3063 1504 τῷ
3114 1433 3355 1511 στεφάνῳ
3409 1436 3561 1509 μόνοι
3596 1438 3642 1491 οἱ
3688 1440 3943 1515 γενναίως
4048 1460 4049 1495 ;

2296 1519 2708 1597 ἀγωνισάμενοι,
2772 1519 2934 1581 οὖδεὶς
2992 1517 3047 1575 δὲ
3093 1529 3462 1599 στεφανοῦται,
3524 1523 3614 1579 ἐὰν
3666 1527 3743 1597 μὴ
3786 1528 3943 1600 νομί-

2300 1630 2414 1682 μως
2460 1608 2692 1685 ἀθλήσῃ,
2754 1609 3053 1675 ’Ἕκαστος
3112 1612 3210 1689 γὰρ
3271 1613 3388 1690 περὶ
3446 1614 3634 1671 ἑαυτοῦ
3695 1613 3943 1689 ἐξομολο-

2298 1698 2521 1775 γήσεται
2563 1696 2649 1779 99,
2683 1700 2770 1755 καὶ
2798 1700 2857 1755 οὒ
2887 1702 2965 1773 μὴ
2996 1698 3331 1777 συναπολέσῃ
3364 1703 3391 1757 6
3425 1703 3554 1765 Θεὸς
3606 1703 3695 1760 τὸν
3743 1702 3943 1762 δίκαιον

2298 1787 2433 1860 μετὰ
2484 1796 2575 1845 τοῦ
2634 1787 2834 1860 ἀδίκου,
2896 1787 3110 1867 ἐπείπερ
3171 1811 3277 1869 παρ
3336 1790 3476 1865 αύτῷ
3523 1793 3584 1847 τὸ
3632 1792 3941 1871 ἀναμάρτη-

2295 1895 2386 1930 τον
2417 1876 2779 1956 ἀτιμώρητον,
2814 1876 2943 1935 Οὔτε
2990 1878 3092 1956 γὰρ
3133 1878 3224 1934 τὸν
3282 1884 3397 1937 Νῶε
3448 1880 3790 1952 κατέκλυσεν,
3841 1881 3933 1939 οὔ-

2292 1985 2350 2020 τε
2380 1967 2472 2021 τὸν
2504 1968 2625 2023 Λὼτ
2654 1966 2994 2042 κατέπλεξεν,
3028 1965 3144 2023 οὔτε
3173 1968 3271 2035 τὴν
3325 1960 3486 2026 Ῥαὰϐ
3540 1971 3880 2028 συναπώλεσε
3917 1994 3929 2005 ·

2297 2057 2340 2110 εἰ
2397 2055 2449 2112 δὲ
2494 2059 2741 2135 βούλεσθε
2797 2064 2991 2136 γνῶναι
3034 2059 3122 2115 καὶ
3180 2060 3245 2115 τὰ
3303 2058 3385 2139 ἐφ’
3442 2063 3595 2135 ἡμῶν
3643 2063 3933 2141 γενόμενα,

2298 2145 2495 2213 Ἰούδας
2543 2150 2634 2205 σὺν
2670 2151 2808 2223 ἡμῖν
2844 2149 2942 2221 ὢν,
2990 2145 3146 2204 ἔλαϐε
3204 2149 3295 2205 τὸν
3352 2149 3549 2229 κλῆρον
3597 2157 3698 2218 τῆς
3750 2153 3941 2210 διακο-

2296 2237 2429 2317 νίας,
2466 2238 2524 2293 ὃν
2553 2240 2640 2295 καὶ
2691 2240 2878 2314 ἡμεῖς,
2928 2238 3016 2293 καὶ
3048 2238 3227 2313 Σίμων
3258 2240 3285 2294 6
3318 2239 3498 2317 Μάγος
3528 2240 3626 2307 τὴν
3679 2241 3733 2297 ἐν
3768 2245 3943 2322 Κυρίῳ

2296 2325 2561 2407 σφραγῖδα
2597 2346 2611 2359 ⁸
2672 2327 2792 2383 ἀλλ’
2850 2329 3097 2405 ἑκάτερος
3150 2331 3322 2386 αὐτῶν
3354 2328 3681 2410 ἀναδειχθεὶς
3712 2332 3938 2412 φαῦλος,

2295 2418 2323 2472 6
2375 2417 2473 2491 μὲν
2504 2415 2786 2495 ἀπήγξααο
2815 2415 2971 2496 (58),
3033 2419 3060 2472 6
3118 2415 3172 2472 δὲ
3225 2418 3367 2496 παρὰ
3423 2419 3573 2498 φύσιν
3622 2421 3934 2501 ἰπτάμενος,

2292 2503 2566 2584 συνετρίϐη
2627 2504 2764 2581 (59),
2820 2508 2914 2563 Καὶ
2960 2504 3013 2561 ἐν
3071 2511 3140 2582 τῇ
3200 2504 3432 2582 κιϐωτῷ,
3497 2510 3613 2567 Νῶε
3643 2512 3729 2566 καὶ
3764 2515 3808 2568 οἰ
3836 2514 3935 2568 υἱοῖ

2290 2598 2446 2653 αὐτοῦ
2475 2596 2714 2675 ὑπῆρχον
2743 2615 2755 2627 ⁸
2795 2593 2931 2652 ἀλλὰ
2989 2597 3220 2674 πονηρὸς
3271 2599 3298 2652 6
3335 2599 3453 2672 Χὰμ
3485 2599 3706 2676 εὕρεθεὶς
3738 2603 3928 2676 μόνος,

2288 2686 2361 2748 εἰς
2390 2685 2480 2740 τὸν
2507 2687 2615 2740 υἱὸν
2644 2682 2852 2750 ἐδέξατο
2880 2685 3139 2759 τιμωρίαν
3352 2687 3405 2742 Εἰ
3430 2684 3484 2741 δὲ
3509 2687 3634 2767 (61)
3656 2690 3743 2745 καὶ
3768 2690 3933 2746 πατέ-

2287 2795 2372 2853 ρες
2415 2774 2544 2850 ὑπὲρ
2595 2772 2793 2830 παίδων
2838 2777 2898 2832 οὗ
2925 2782 3296 2852 τιμωροῦνται,
3357 2774 3474 2831 οὗτε
3503 2777 3602 2833 υἱοὶ
3630 2778 3759 2855 ὑπὲρ
3816 2802 3930 2835 πα-

2284 2867 2474 2946 τέρων,
2525 2864 2709 2941 δῆλον,
2757 2867 2829 2932 ὡς
2889 2864 3007 2923 οὕτε
3062 2879 3311 2945 γυναῖκες
3364 2868 3493 2949 ὑπὲρ
3523 2869 3745 2951 ἀνδρῶν,
3808 2872 3929 2929 οὔτε

557 2958 753 3041 patres
786 2969 891 3032 pro
914 2952 1051 3015 ﬁliis
1084 2972 1202 3015 non
1241 2954 1586 3034 puniuntur,
1612 2972 1804 3034 neque
1828 2953 1925 3014 lilii
1956 2971 2059 3032 pro
2094 2970 2198 3031 pa-

2291 2956 2482 3013 οἰκέται
2531 2955 2659 3035 ὑπὲρ
2715 2953 3006 3025 δεσποτῶν,
3067 2956 3183 3013 οὔτε
3235 2972 3509 3036 συγγενεῖς
3540 2960 3670 3037 ὑπὲρ
3728 2985 3932 3041 συγγε-

554 3037 964 3122 tribus,liquet
988 3043 1145 3125 quod
1179 3062 1372 3124 neque
1400 3063 1615 3105 uxores
1648 3062 1773 3123 'pro
1799 3041 2045 3114 maritis,
2101 3058 2202 3102 ne-

2291 3051 2411 3121 νῶν,
2465 3045 2582 3102 οὔτε
2639 3043 2780 3125 φίλοι
2838 3046 2966 3125 ὑπὲρ
3024 3044 3214 3125 φίλων,
3280 3047 3395 3103 οὔτε
3428 3047 3617 3105 δίκαιοι
3647 3050 3777 3129 ὑπὲρ
3807 3037 3927 3107 ἀδί-

550 3147 670 3205 que
684 3132 884 3194 famuli
901 3151 1007 3214 pro
1021 3133 1300 3211 dominis,
1333 3153 1530 3216 neque
1545 3132 1775 3213 cognati
1791 3150 1893 3211 pro
1909 3131 2196 3209 cognatis,

2291 3156 2391 3190 κων
2431 3153 2445 3170 ·
2502 3131 2620 3189 ἀλλ’
2681 3132 2904 3199 ἕκαστος
2937 3134 3066 3213 ὅπερ
3095 3134 3187 3191 τοῦ
3216 3132 3408 3192 οἰκείου
3444 3135 3601 3216 ἔργου
3629 3138 3722 3195 τδν
3768 3139 3931 3219 λόγον

551 3237 746 3301 neque
774 3223 955 3285 amici
988 3243 1093 3304 pro
1126 3223 1358 3301 amicis,
1388 3241 1585 3306 neque
1607 3224 1752 3303 justi
1788 3239 1893 3302 pro
1920 3219 2192 3298 injuslis;

2291 3224 2725 3293 Ξιπαιτηθήσεται.
2788 3221 2915 3281 Οὔτε
2976 3226 3076 3303 γὰρ
3122 3231 3239 3283 Νῶε
3294 3224 3423 3304 ὑπὲρ
3462 3233 3553 3284 τοῦ
3596 3228 3803 3304 κόσμου
3853 3228 3935 3285 δί-

550 3316 608 3368 et
653 3312 806 3389 quod
853 3311 1067 3392 singuli
1104 3313 1179 3374 de
1209 3313 1332 3375 suis
1363 3312 1646 3394 operibus
1674 3310 2197 3374 examinabuntur.

2291 3334 2386 3380 κην
2429 3313 2778 3397 εἰσεπράχθη,
2843 3312 2960 3370 οὔτε
3019 3313 3139 3371 Λὼτ
3200 3314 3331 3392 ὑπὲρ
3389 3312 3643 3389 Σοδόμων
3687 3317 3930 3397 ἐπυρπο-

550 3397 885 3486 ΝειωεΝοο
908 3420 1011 3482 pro
1038 3404 1261 3463 mundo
1300 3420 1488 3482 pinnae
1511 3422 1630 3463 non
1653 3411 1793 3462 sunt
1816 3408 2057 3481 exactae,
2090 3417 2203 3461 nec

2291 3402 2443 3477 λήθη,
2483 3400 2599 3459 οὔτε
2657 3395 2838 3478 Ῥαὰϐ,
2883 3402 3013 3482 ὑπὲρ
3060 3401 3475 3484 Ἰεριχουντείων
3522 3404 3754 3486 ἐσφάγη,
3791 3395 3929 3465 οὔτε

546 3484 726 3550 Lotus
751 3508 858 3568 pro
875 3489 1149 3557 Sodomis
1180 3491 1458 3555 incendio
1499 3491 1903 3569 conﬂagravit,
1928 3507 2039 3550 nec
2074 3489 2196 3552 Ra-

545 3573 656 3636 aba
673 3596 780 3656 pro
798 3578 1270 3643 Hierichuntinis
1308 3581 1575 3661 jugulata
1604 3588 1715 3653 est,
1775 3597 1884 3639 nec
1917 3577 2197 3639 Israelita

546 3682 652 3744 pro
676 3666 963 3750 Egyptiis
986 3669 1283 3731 submersi
1335 3678 1492 3732 sunt.
1528 3668 1998 3731 Contubernium
2033 3667 2192 3729 enim

537 3753 1107 3838 justosinjustorum
1129 3759 1623 3822 damnationinon
1646 3756 2016 3831 involvit,sed
2039 3774 2193 3817 una-

546 3845 819 3909 nimitas.
850 3848 1031 3927 Igitur
1042 3850 1238 3911 attend
1249 3868 1349 3910 ere
1363 3869 1481 3911 non
1498 3848 1786 3910 debemus
1800 3846 1929 3909 istis
1944 3845 2201 3907 homini-

543 3931 756 4010 bus,ad
785 3938 1011 3999 caedem
1032 3956 1271 4018 semper
1292 3936 1997 4019 promptis,humanitatis
2017 3935 2199 3997 osori-

2284 3494 2312 3547 6
2371 3489 2588 3571 Ἰσραὴλ
2637 3489 2772 3572 (62)
2819 3492 2949 3569 ὑπὲρ
3005 3492 3302 3571 Αἰγυπτίων
3345 3490 3428 3535 ¹⁰⁰
3454 3510 3469 3526 ⁵
3505 3493 3565 3552 οὐ
3594 3496 3694 3573 γὰρ
3727 3499 3762 3564 ἡ
3794 3518 3925 3554 συν-

2276 3581 2482 3648 οίκησις
2544 3583 2843 3660 κατακρίνει
2899 3582 3019 3646 τοὺς
3081 3578 3310 3648 δικαίους
3368 3583 3461 3640 σὺν
3513 3597 3632 3648 τοῖς
3690 3583 3918 3659 ἀδίκοις,

2276 3669 2395 3727 ἀλλ’
2425 3673 2459 3739 ἡ
2492 3675 2589 3749 τῇς
2629 3673 2851 3751 γνώμης
2899 3669 3141 3747 ὁμόνοια.
3177 3674 3249 3731 Οὐ
3281 3674 3392 3753 χρὴ
3429 3672 3518 3729 οὗν
3547 3686 3665 3740 τοῖς
3697 3675 3921 3750 ἕτοιμοι

2278 3760 2545 3834 θανάτοις,
2578 3763 2665 3818 καὶ
2700 3760 2823 3840 (63)
2880 3764 3296 3842 μισανθρώπους,
3355 3764 3443 3819 καὶ
3500 3762 3923 3847 τιλεγκλήμοσι,

2280 3850 2367 3933 καὶ
2424 3851 2561 3926 μετὰ
2609 3852 2921 3931 προφάσεως
2989 3853 3363 3915 θανατοποιοῖς
3422 3852 3708 3933 προσέχειν
3767 3854 3926 3933 (64),

2284 3930 2519 4019 ’Ἕτερος
2564 3939 2660 4017 γάρ
2694 3930 2821 4018 ὑπὲρ
2854 3940 3030 4020 ἐτέρου
3061 3940 3155 3997 οὐκ
3208 3930 3551 3999 ἀποθανεῖται
3739 3964 3751 3977 ·
3783 3930 3929 4002 ἀλλὰ

542 4021 681 4106 bus,
708 4026 1144 4089 criminationis
1190 4029 1499 4103 studiosis,
1537 4037 1597 4089 et
1621 4029 1718 4108 qui
1751 4044 1881 4086 cum
1916 4032 2197 4105 praetextu

2291 4050 2307 4085 I
2343 4041 2550 4109 σειραῖς
2604 4036 2710 4086 τῶν
2755 4030 2943 4086 ἑαυτοῦ
2987 4030 3259 4110 ἁμαρτιῶν
3309 4030 3531 4095 ἕκαστος
3582 4021 3856 4114 σφίγγεται
3892 4059 3922 4091 ι

545 4125 794 4178 mortem
851 4117 1136 4180 inferunt.
1200 4119 1370 4182 Alter
1423 4118 1581 4179 enim
1671 4137 1775 4198 pro
1830 4116 2013 4178 altero
2074 4134 2193 4177 non

2291 4120 2379 4178 Kal
2412 4135 2425 4148 '
2462 4141 2486 4176 ε
2526 4118 2658 4177 Ἰδοὺ
2689 4118 2985 4200 ἄνθρωπος,
3018 4122 3104 4176 καὶ
3133 4121 3195 4177 τὸ
3226 4120 3381 4200 ἔργον
3429 4125 3587 4181 αὐτοῦ
3616 4126 3719 4201 πρὸ
3750 4146 3927 4196 προσ·-

541 4204 918 4280 moritur,sed
931 4204 1201 4270 «funibus
1216 4226 1462 4270 suorum
1482 4216 1857 4288 peccatorum
1875 4206 2193 4286 unusquis-

2120 4302 2131 4325 ι

2291 4208 2424 4268 ,ὅπου
2452 4210 2633 4273 αὐτοῦ.
2668 4233 2695 4265 π
2736 4219 2834 4266 Δεῖ
2864 4207 2919 4265 δὲ
2944 4211 3086 4286 ἡμᾶς
3128 4210 3349 4285 βοηθεῖν
3394 4223 3510 4277 τοῖς
3540 4219 3754 4270 συνοῦσι
3789 4212 3928 4325 (66,

614 4344 678 4392 94
704 4342 919 4406 ΕιοοΙι.
954 4362 1074 4419 ΧΠ,
1109 4345 1207 4408 13.
1293 4344 1357 4395 95
1386 4344 1589 4407 Matth.
1622 4361 1685 4418 ν,
1718 4344 1816 4406 45.
1873 4340 1937 4390 96
1967 4342 1989 4404 Ι
2020 4302 2208 4418 Ign’at.
2259 4342 2540 4423 interpol.
2567 4342 2637 4405 ad
2673 4342 2902 4409 Pbilad.
2950 4344 3010 4408 3.
3053 4343 3116 4393 97
3149 4345 3203 4406 II
3239 4341 3394 4409 Tim.
3428 4362 3495 4421 ll,
3530 4346 3590 4410 5.
3678 4346 3744 4398 98
3766 4302 3921 4411 Citai

1339 4426 1626 4488 99Anast.
1658 4425 2079 4502 ἀπολογήσεται.
2170 4424 2207 4474 11

2300 4425 2510 4487 Anast.
2546 4425 2844 4503 Αἰγυπτίων
2876 4426 3287 4493 κατεποντίσθη.

1878 4540 2281 4607 VARIORUM
2324 4539 2571 4606 NOTAE.

535 4422 902 4506 Anastasius,
937 4444 1119 4506 quaes.
1148 4425 1245 4489 35.

619 4682 743 4787 (ξιξ)
778 4687 954 4753 Οὗτοι.
992 4692 1057 4753 In
1090 4688 1301 4751 eodem
1336 4684 1861 4787 omittituququ
1937 4762 1996 4787 ι.
2088 4764 2107 4787 1
2198 4679 2488 4787 οἱδιίοηθ
2520 4701 2553 4775 e
2585 4683 3255 4787 scriiptp,versipne,°ac
3276 4701 3485 4787 sensu,
3508 4684 3825 4787 legendum
3842 4688 3908 4749 in

785 4772 1116 4849 Σαφέστατα,
1154 4766 1450 4848 Praeponit
1472 4784 1625 4849 unus
1656 4766 1896 4849 ἐνταυθα,
1929 4762 2052 4825 hic.
2088 4764 2168 4825 ΙΙ).

2291 4763 2599 4849 lnastasio,
2644 4772 2717 4849 _ut
2769 4762 2865 4824 hic
2900 4781 2913 4827 ε
2975 4765 3103 4849 Ούτε
3142 4762 3344 4849 ’δίκαιοι
3395 4762 3523 4846 ὑπὲρ
3553 4762 3658 4849 τῶν
3689 4768 3906 4849 ἀδίκων.

611 4839 735 4930 (68)
772 4839 1096 4930 Ἀπῆγξατο.
1132 4849 1196 4911 In
1230 4839 1485 4930 utroque
1515 4846 1738 4925 ἥγξκτυ.
1773 4848 1861 4930 ΙΙ).
1882 4839 1892 4843 ⁷

2291 4844 2505 4902 temum
2540 4841 2719 4930 verbo
2749 4845 3136 4930 κατεποντίσθη
3165 4845 3463 4907 auctiores
3497 4839 3573 4908 ac
3605 4846 3913 4928 pleniores

776 4924 1083 5012 Συνετρίϐη,
1120 4924 1775 5012 Praaligitalterﬁreedig.

2291 4930 2395 5012 uel
2419 4924 2799 5012 ςυεξεεξὲοιξβε·
2835 4924 2976 5012 (29T-

609 5002 738 5089 (60)
772 5015 858 5077 Εἰς
889 5002 977 5071 τον
1009 5018 1117 5073 υἱὸν
1143 5002 1349 5076 ἐδέξατο
1378 5008 1673 5089 τιμωρίαν,
1694 5005 1786 5089 ᾼΙη
1815 5006 1942 5084 ﬁlio
1967 5021 2171 5089 poenas

2339 5002 2458 5089 (ﬁt)
2492 5008 2549 5089 isi
2691 5002 2824 5089 ’ᾯτι
2855 5004 2933 5084 δέ,
2964 5012 3221 5089 uterque
3253 5004 3450 5089 minus
3488 5003 3669 5089 bene.
3711 5010 3899 5073 CLBR.

526 5077 743 5175 dedit]:
778 5094 1079 5175 Chanaan,
1105 5113 1138 5155 e
1171 5092 1385 5154 Genes.
1406 5077 1497 5175 ix,
1523 5077 1623 5150 Ξῖ).
1657 5077 1860 5148 Notavi
1886 5077 2060 5175 porro
2090 5085 2164 5175 ad

2485 5077 2557 5175 ξς)
2589 5082 2831 5175 Ἰσραὴλ.Δ
2872 5077 2935 5143 0i
2998 5077 3335 5175 Ισραῖι-λῖται,
3368 5087 3518 5175 alter
3546 5088 3765 5175 codex.
3798 5092 3895 5175 in.

526 5173 852 5249 marginem
890 5163 1182 5239 Anastasii
1214 5163 1572 5247 quaestiones
1602 5185 1809 5229 carere
1825 5163 2162 5250 Διιό(;ιιιὶε,εἰς

2485 5163 3104 5250 ’Etmpoeavdrotcuxdi:
3152 5163 3381 5250 Desunt
3402 5165 3465 5227 in
3489 5174 3771 5250 utroque.
3802 5168 3893 5235 Ῐυ.

518 5276 609 5337 τ-ον
639 5243 747 5337 υἱὸν
777 5276 792 5337 ;
827 5256 931 5316 sed
956 5265 1098 5337 tunc
1120 5243 1247 5315 non
1276 5250 1695 5337 vider-omina.
1731 5246 1998 5337 codicem
2034 5244 2157 5305 val-

2492 5244 2806 5325 Προσέχειν.
2840 5245 3025 5308 Addit
3050 5245 3202 5309 alter
3238 5262 3253 5310 :
3296 5245 3430 5305 ’Ὅτι
3483 5246 3537 5304 δὲ
3571 5243 3739 5316 aii-Em;
3771 5250 3893 5333 ἔχει

520 5332 595 5392 de
627 5323 932 5416 antiquum
966 5346 1023 5397 et
1051 5335 1272 5397 bonum
1298 5329 1497 5407 Regia;
1518 5328 1922 5416 Bibliotheca,
1944 5325 2019 5416 _in
2042 5344 2156 5416 quo
2240 5323 2468 5416 καίτηι-ιξ.

514 5404 800 5494 ξοτὶριιιὼ
834 5426 943 5489 est,
980 5418 1066 5481 εἷς
1094 5423 1199 5473 τῶν
1228 5416 1375 5487 υἱῶν,
1393 5404 1571 5490 ’ᾳυοᾱ
1607 5417 1664 5494 et
1692 5404 1921 5494 videtur
1942 5406 2160 5484 legisse

2486 5405 2880 5494 Ἀποθανεῖξαι.
2914 5406 3089 5470 Alter
3115 5420 3447 5494 τιμωρεῖται.
3470 5406 3574 5494 ῌῙΙ).

511 5485 844 5557 ϐοηίἱεωυε
871 5485 1165 5560 Hervetus
1194 5485 1398 5556 earum
1420 5485 1809 5570 quaestionum
1836 5488 2156 5570 interpres,

2323 5485 2729 5570 (66),Σννοῦσι.
2762 5487 2829 5570 .
2877 5494 3099 5570 σενοῦσι.
3146 5485 3315 5550 Alter
3345 5488 3577 5562 νοσοῦσι,
3609 5497 3681 5553 ιιι
3728 5488 3890 5555 bene

507 5571 1334 5653 magisqueconvenitsensui
1365 5564 1547 5649 hujus
1568 5569 1705 5632 loci.
1744 5569 1951 5630 Postea
1980 5564 2160 5628 simili
2245 5564 2873 5646 conjeCitCotelerius.
2907 5566 2993 5629 In.
