4082 6348
241 439 365 506 633

1132 437 1789 507 CONSTITUTIONES
1828 438 2333 509 APOSTOLICIE.
2362 479 2441 493 —-
2469 444 2614 510 LIB.
2660 442 2734 510 ΙΙ.

3503 414 3623 506 634

245 577 539 659 γνώσεσθε,
571 576 652 635 ὅτι
682 577 789 656 ἐγὼ
820 578 1035 657 Κύριος,
1077 581 1163 637 καὶ
1204 579 1361 654 ὑμεῖς
1412 576 1652 656 πρόϐατα
1668 582 1764 654 τῇς
1796 601 1887 635 νο-

1987 574 2276 658 ;ubjungit
2303 599 2318 642 :
2352 604 2379 637 σ
2414 581 2486 644 Et
2518 579 2884 659 cognoscetis
2914 580 3053 657 quia
3079 594 3189 659 ego
3217 576 3531 658 Dominus,
3560 585 3626 639 et

246 666 354 738 μῆς
414 689 541 748 μου,
600 667 859 746 ἄνθρωποί
899 692 1002 744 μου
1075 668 1221 749 ἐστὲ,
1265 668 1353 726 καὶ
1408 670 1517 747 ἑγὼ
1548 670 1677 733 Θεὸς
1719 669 1890 744 ὑμῶν,

244 754 400 835 λέγει
427 755 661 815 Ἀδωναῖ
689 768 901 838 Κυριος.
938 783 966 813 ι

786 856 1175 910 ΚΕΦΑΛΑΙΟΝ
1219 849 1328 914 19’.

244 934 387 1003 ’Ὅτι
417 945 504 1002 καὶ
535 947 563 1002 6
592 945 823 1025 ποιμὴν,
854 943 1071 1021 ἀμελῶς
1101 945 1390 1025 φερόμενος
1434 945 1551 1023 περὶ
1581 942 1647 1001 τὰ
1678 941 1885 1023 πρόϐα-

318 1055 411 1115 τα,
444 1032 594 1102 δίκην
625 1037 874 1108 τίννυσιν,
908 1036 999 1092 καὶ
1038 1034 1099 1091 τὺ
1128 1031 1391 1106 πρόϐατον
1423 1034 1501 1109 μὴ
1545 1031 1630 1114 (Ἰ)
1662 1036 1882 1113 πειθαρ-

320 1132 457 1204 χοῦν
485 1129 562 1198 τῷ
591 1123 831 1204 ποιμένι,
876 1123 1189 1196 κολάζεται,

323 1213 609 1273 Ἀκούσατε
665 1214 713 1272 oi
773 1213 1072 1286 ἐπίσκοποι,
1130 1215 1215 1271 καὶ
1268 1214 1525 1271 ἀκούσατε
1581 1213 1629 1270 οἶ
1685 1211 1888 1288 λα’ίκοὶ,

236 1302 313 1366 ὥς
350 1300 434 1381 (8)
468 1324 630 1382 φησιν
672 1306 701 1360 6
744 1302 898 1366 Θεός’
953 1328 973 1356 ι
1016 1301 1205 1382 Κρινῶ
1234 1304 1381 1383 κριὸν
1423 1305 1553 1381 πρὸς
1602 1305 1776 1383 κριὸν,
1802 1302 1889 1359 καὶ

237 1389 505 1471 πρόϐατον
548 1393 682 1471 πρὸς
751 1390 1038 1471 πρόϐατον*
1084 1414 1108 1449 ι
1142 1393 1231 1449 καὶ
1277 1394 1409 1469 πρὸς
1465 1394 1587 1458 τοὺς
1634 1390 1889 1467 ποιμένας

237 1478 411 1559 λέγει’
488 1477 812 1559 Κριθήσεσθε
890 1480 1069 1538 ἕνεκεν
1115 1486 1214 1549 τῆς
1276 1481 1518 1560 ἀπειρίας
1578 1485 1749 1540 αὐτῶν
1805 1482 1892 1538 καὶ

239 1574 342 1637 τῆς
392 1571 467 1635 εἰς
512 1570 579 1626 τὰ
608 1568 846 1648 πρόϐατα
891 1569 1196 1651 διαφθορᾶς·
1253 1571 1547 1646 τουτέστιν,
1600 1572 1892 1629 ὶπίσκοπον

1982 682 2084 728 vos
2115 684 2254 732 oves
2286 688 2518 750 pascua
2551 688 2734 752 meae;
2762 670 3040 733 homines
3074 668 3189 728 mei
3220 668 3388 741 estis,
3423 674 3482 729 et
3510 685 3618 746 ego

1976 757 2135 819 Deus
2161 766 2385 839 vester,
2419 760 2565 823 dicit
2596 759 2829 823 Adonai
2878 757 3170 822 Dominus
3198 754 3271 819 ⁸⁸.
3306 782 3333 813 ι

2572 847 2822 913 CAPUT
2865 846 3024 910 XIX.

1974 933 2140 1009 Quod
2164 943 2407 1019 pastor,
2441 941 2644 1002 ovium
2675 939 3008 1021 negligens,
3039 954 3252 1018 poenas
3280 938 3476 999 solvat
3509 951 3527 1008 ;
3561 943 3622 996 et

2167 1028 2297 1089 ovis
2327 1045 2449 1091 non
2479 1028 2769 1093 obediens
2801 1029 3058 1111 pastori,
3086 1027 3413 1110 puniatur.

2054 1202 2280 1267 Audite
2301 1206 2592 1289 episcopi,
2620 1215 2680 1269 et
2711 1206 2911 1270 audite
2933 1205 3093 1277 laici,
3122 1224 3238 1287 quo
3272 1202 3446 1266 modo
3476 1202 3622 1264 dicit

1975 1288 2132 1353 Deus
2160 1313 2175 1356 :
2203 1315 2226 1349 ι
2262 1288 2554 1359 ,Ιιιὰἰοθδο
2576 1297 2822 1360 arietem
2857 1297 2929 1358 ad
2962 1297 3235 1366 arietem.
3258 1300 3318 1357 et
3342 1310 3511 1354 ovem
3543 1292 3617 1353 ad

1974 1396 2145 1443 ovem
2174 1380 2231 1425 ⁸⁵
2255 1403 2272 1461 ;
2297 1408 2323 1440 ι
2352 1392 2409 1447 et
2438 1405 2554 1466 quo
2585 1386 2761 1448 modo
2796 1385 3133 1468 pastoribus
3154 1384 3273 1447 ait:
3305 1380 3616 1446 Judicabi-

1976 1469 2125 1531 mini
2146 1480 2390 1553 propter
2409 1474 2762 1557 imperitiam
2790 1483 3133 1555 vestram,et
3155 1480 3397 1556 propter
3417 1470 3614 1533 ovium

1979 1558 2375 1639 perditionem
2404 1581 2418 1627 :
2454 1565 2567 1627 hoc
2597 1575 2706 1640 est,
2741 1563 3099 1647 Episcopum
3143 1562 3216 1625 ad
3269 1562 3613 1647 episcopum

241 1661 376 1738 πρὸς
428 1646 715 1717 ἐπίσκοπον
772 1660 959 1740 κρινῶ,
994 1646 1111 1717 ⁷καὶ
1153 1659 1343 1716 λαϊκὸν
1374 1661 1506 1739 πρὸς
1556 1659 1774 1740 λα’ίγ.ὸν,
1808 1662 1893 1718 vui

1987 1647 2276 1740 iudicabo,
2309 1658 2370 1713 et
2398 1651 2613 1717 laiCum
2655 1655 2726 1716 ad
2779 1654 3021 1716 laicum.
3055 1660 3114 1715 et
3166 1649 3497 1732 principem
3543 1646 3619 1710 ad

240 1749 484 1830 ἄρχοντα
538 1750 669 1826 πρὸς
716 1748 976 1829 ἄρχοντα,
1023 1750 1227 1829 Λογικὰ
1267 1750 1367 1828 γὰρ
1414 1750 1481 1807 τὰ
1509 1746 1773 1828 πρόϐατα,
1806 1750 1894 1806 καὶ

1981 1737 2334 1821 principem.
2368 1741 2713 1805 Rationales
2743 1744 2903 1805 enim
2937 1751 3080 1805 sunt
3110 1750 3226 1803 tam
3259 1757 3424 1819 oves,
3446 1754 3618 1819 quam

243 1827 484 1919 οἶηκριοὶ
511 1841 673 1919 οὗτοι,
895 1843 991 1898 οῦκ
1045 1827 1239 1916 ἄλογα,
1290 1840 1384 1896 ἵνα
1431 1827 1643 1913 μήποτε
1704 1840 1839 1915 εἴπῃ
1872 1841 1899 1895 6

1987 1827 2377 1919 arietes,_non
2440 1839 2637 1895 autem
2690 1833 2939 1896 rationis
2995 1838 3309 1914 expertes;
3344 1827 3623 1919 neAforte

240 1914 463 2004 λαῖκδς,
511 1914 670 1986 ’¹Οτι’
708 1927 817 2006 ἐγὼ
873 1927 1135 2006 πρόϐατόν
1162 1914 1308 2005 εἰμι,
1345 1929 1432 1985 καὶ
1455 1929 1517 1985 υῦ
1546 1927 1777 2005 ποιμὴν,
1812 1914 1901 1984 iul

1987 1914 2171 2006 laicus
2199 1917 2395 1984 dicat:
2430 1920 2551 2002 Ego
2582 1922 2707 1984 ovis
2739 1941 2893 1999 sum,
2915 1934 2975 1984 et
3001 1940 3119 1983 non
3142 1928 3343 2002 pastor
3367 1938 3384 1995 ;
3409 1916 3461 1980 si
3483 1916 3622 1979 nul-

246 2017 435 2075 οὐδένα
489 2004 772 2097 λόγον
814 2004 1045 2094 ἱμαυτοῦ
1102 2004 1423 2094 πεποίημαι,
1473 2015 1595 2075 ἀλ)’
1634 2019 1661 2074 6
1692 2017 1900 2093 ποιμὴν

1987 2004 2097 2067 Iam
2139 2007 2255 2070 mei
2286 2010 2580 2074 rationem
2614 2010 2818 2085 habui,
2854 2011 3067 2074 viderit
3116 2016 3339 2089 pastor,
3373 2007 3425 2069 is
3466 2006 3626 2068 solus

238 2106 456 2183 ὄψεται,
476 2108 584 2188 ’παὶ
614 2106 772 2170 αὐτὸς
799 2108 959 2181 μόνος
990 2108 1446 2188 εἰσπραχθήσεται
1480 2107 1581 2175 τὴν
1604 2107 1732 2186 δπέρ
1763 2106 1900 2182 ἐμοῦ

1987 2112 2188 2174 poenas
2220 2116 2326 2178 pro
2356 2118 2450 2162 me
2479 2101 2665 2165 dabit.
2701 2104 2847 2165 Nam
2880 2101 3054 2163 sicuti
3088 2098 3212 2161 ovis
3242 2097 3623 2188 quaebonurn

234 2192 415 2261 δίκην.
474 2184 700 2274 "camp
755 2196 856 2274 γὰρ
902 2203 981 2271 τῷ
1033 2184 1451 2273 καλῷηποιμένι
1519 2196 1581 2254 16
1628 2184 1715 2272 μὴν
1758 2197 1894 2254 ἀκο-

235 2283 455 2345 λουθοῦν
521 2282 798 2366 πρόϐατον,
876 2283 1055 2351 λύκοις
1133 2286 1367 2344 ἔκκειται
1440 2287 1512 2350 εἰς
1588 2284 1891 2364 διαφθορὰν,

236 2372 381 2431 οὕτω
431 2379 509 2447 τῷ
565 2380 788 2451 πονηρῷ
849 2373 1065 2451 ποιμένι
1110 2376 1172 2433 16
1224 2373 1565 2455 ἀκολουθοῦν,
1619 2373 1893 2453 πρόδηλον

235 2463 358 2545 ἔχει
386 2466 479 2521 τὸν
506 2464 753 2545 θάνατον,
807 2463 890 2523 ὅτι
960 2466 1356 2546 πατατρώξεται
1400 2468 1553 2531 αὐτό,
1605 2468 1698 2523 Διὸ
1728 2487 1895 2547 φευκ-

234 2551 365 2611 τέον
392 2553 501 2612 ἀπὸ
528 2560 635 2611 τῶν
662 2553 895 2636 φθορέων
923 2556 1219 2632 ποιμένων,

812 2652 1201 2706 Hammon
1244 2644 1343 2708 K'.

245 2729 457 2805 "011m;
500 2741 614 2821 χρὴ
642 2741 764 2804 τοὺς
808 2741 1139 2822 ἀρχομένους
1166 2744 1488 2822 πειθαρχεῖν
1515 2753 1636 2806 τοῖς
1686 2739 1893 2822 ἄρχου·-

855 2843 940 2878 σιν
984 2821 1320 2885 ἔπισκόποις,

324 2911 429 2970 Τὸν
466 2909 647 2986 μέντοι
701 2910 929 2988 ποιμένα
977 2912 1069 2968 τὸν
1115 2910 1311 2989 ἀγαθὸν
1345 2913 1374 2968 6
1423 2909 1615 2977 λα’ίκὸς
1658 2912 1890 2989 τιμάτω,

242 3000 534 3080 ἀγαπάτω,
572 2997 851 3080 φοϐείσθω,
911 3002 985 3066 ὡς
1037 3001 1214 3079 κύριον
1267 2998 1418 3080 (10),
1471 3003 1545 3065 ὡς
1605 2999 1891 3076 δεσπότην,

235 3090 314 3153 ὡς
357 3088 613 3170 ἀρχιερέα
661 3096 814 3159 Θεοῦ,
861 3091 934 3152 ὡς
994 3087 1306 3147 διδάσκαλον
1371 3088 1660 3153 εὖσεϐείας.
1704 3091 1762 3149 ’0
1794 3091 1894 3171 γὰρ

1980 2194 2284 2262 pastorem
2314 2207 2432 2250 non
2460 2190 2919 2272 sequitur,lupis
2940 2189 3209 2272 exposita
3222 2197 3312 2249 est
3326 2185 3400 2248 ad
3423 2182 3624 2247 interi-

1978 2279 2099 2334 tum
2129 2296 2145 2351 ;
2178 2275 2259 2338 ita
2291 2295 2421 2359 quas
2467 2280 2685 2341 malum
2723 2291 3017 2360 pastorem
3050 2286 3335 2349 sectatur,
3366 2282 3622 2337 mortem

1977 2361 2164 2425 vitare
2191 2366 2435 2446 nequit;
2469 2367 2543 2430 ab
2592 2386 2686 2444 eo,
2720 2368 2979 2448 sciliCet,
3009 2365 3415 2432 devorabitur.
3453 2361 3618 2437 Quo-

1980 2450 2138 2515 circa
2168 2454 2434 2537 fugiendi
2479 2465 2618 2519 sunt
2649 2458 2968 2540 perniciosi
3001 2464 3290 2540 pastores.

2594 2634 2847 2701 CAPUT
2878 2634 3003 2700 XX.

1979 2720 2293 2798 Quomodo
2305 2724 2912 2807 subjecttprcepositts
2923 2726 3044 2791 sibi
3063 2726 3367 2808 episcopis
3377 2721 3624 2789 obedire

2054 2897 2112 2943 ⁸ο
2133 2900 2205 2963 Et
2227 2900 2469 2982 quidem
2496 2816 3042 2988 bonu‘r‘nelpfiz‘t‘ofrem
3066 2904 3254 2968 laicus
3275 2908 3613 2985 veneretur,

1977 2999 2702 3075 amet,metuat,tanquam
2726 2994 3345 3077 dominum,tanquam
3377 2994 3619 3075 herum,

1981 3086 2256 3161 tanquam
2287 3080 2395 3145 Dei
2411 3084 2779 3167 pontificem,
2800 3095 3080 3168 tauquam
3113 3085 3465 3163 magistrum
3499 3083 3621 3165 pie-

234 3178 397 3236 αὒτοῦ
430 3168 671 3259 ἀκούων,
707 3186 933 3259 Χριστοῦ
985 3178 1195 3258 ἀκούει,
1250 3181 1340 3237 καὶ
1398 3182 1426 3236 6
1486 3180 1641 3237 αὑτὸν
1670 3168 1892 3251 ἀθετῶν,

1987 3170 2138 3233 tatis.
2161 3168 2273 3243 Qui
2306 3172 2463 3235 enim
2494 3174 2659 3238 audit
2689 3193 2850 3250 eum,
2876 3175 3175 3240 Christum
3208 3174 3411 3251 audit;
3449 3180 3506 3235 et
3522 3172 3621 3253 qui

236 3270 465 3347 Χριστὸν
511 3268 712 3348 ἀθετεῖ,
772 3269 862 3325 καὶ
920 3270 948 3325 6
983 3269 1079 3326 τὸν
1121 3269 1346 3347 Χριστὸν
1377 3269 1459 3345 μὴ
1488 3267 1809 3349 δεχόμενος,
1837 3269 1895 3326 οὒ

231 3356 453 3435 δέχεται
490 3357 584 3414 τὸν
631 3360 789 3417 αὐτοῦ
845 3358 976 3414 Θεὸν
1016 3358 1107 3415 καὶ
1164 3357 1395 3434 Πατέρα.
1438 3380 1462 3415 ι
1500 3357 1560 3417 ’0
1591 3360 1761 3435 ὑμῶν,
1792 3360 1894 3439 γάρ

230 3468 421 3527 φησιν,
453 3445 684 3523 ἀκούων,
741 3450 873 3524 ῐμοῦ
924 3448 1125 3520 ἀκούει,
1186 3449 1275 3505 καὶ
1307 3450 1335 3505 6
1364 3449 1501 3524 ὑμᾶς
1535 3447 1759 3521 ἀθετῶν,
1795 3447 1892 3525 ἐμὲ

225 3540 436 3617 ἀθετεῖ,
493 3536 583 3593 καὶ
623 3538 653 3594 6
714 3536 811 3613 ἐμὲ
852 3537 1080 3618 ἀθετῶν,
1119 3539 1300 3595 ἀθετεῖ
1352 3540 1443 3595 τὸν
1495 3536 1881 3595 ἀποστείλαντά

227 3647 325 3702 με.
362 3648 391 3681 ι
426 3623 658 3702 Ὀμοίως
716 3629 744 3683 6
805 3626 1093 3684 ἐπίσκοπος
1149 3630 1222 3691 ὼς
1271 3626 1429 3684 τέκνα
1485 3628 1608 3690 τοὺς
1658 3626 1881 3693 λα’ίκούς

226 3714 518 3793 ἀγαπάτω,
560 3713 777 3772 θάλπων
826 3717 914 3773 καὶ
970 3716 1205 3795 στέργων
1255 3716 1386 3795 (11)
1415 3722 1484 3794 τῇ
1534 3715 1736 3793 σπουδῇ
1784 3722 1882 3784 τῆς

230 3803 474 3881 ἀγάπης,
522 3805 598 3869 ὡς
626 3806 730 3879 ὡὰ,
788 3806 860 3869 εἰς
918 3807 1259 3886 περιποίησιν
1289 3805 1534 3875 νοσσίων,
1589 3806 1626 3874 ἢ
1649 3808 1727 3863 ὡσ
1757 3828 1884 3863 νοσ-

236 3893 353 3964 σία,
407 3890 827 3971 ἀγχαλιζόμενος
885 3896 958 3958 εἰς
1002 3894 1339 3965 περιποίησιν
1400 3894 1637 3972 ὀρνίθων·
1684 3894 1886 3958 πάντας

237 3981 521 4057 νουθετῶν,
580 3988 710 4039 πᾶσι
760 3996 883 4047 ταῖς
948 3982 1288 4060 πληχτισμοῦ
1348 3982 1478 4063 (12)
1533 3981 1892 4060 ἱπιδευμένοις

235 4068 612 4145 ἰπιπλήσσων,
645 4070 783 4128 ἀλλά
828 4073 907 4149 μὴ
936 4071 1216 4149 πλήσσων,
1257 4072 1556 4145 ύποπιέζων
1585 4074 1658 4136 εἷς
1706 4073 1892 4152 ἐντρο-

236 4158 373 4239 πὴν,
406 4157 543 4217 ἄλλά
572 4158 702 4241 (13)
732 4161 810 4236 μὴ
868 4164 943 4225 εἰς
992 4162 1323 4242 ἀνατροπὴν,
1375 4166 1629 4220 νουθετῶν
1660 4163 1737 4227 εἷς
1766 4162 1892 4219 ἐπι-

238 4248 502 4327 στροφὴν,
535 4248 796 4325 ἕπιτιμῶν
845 4252 921 4316 εἰς
978 4248 1272 4330 διόρθωσιν,
1315 4252 1404 4308 καὶ
1455 4252 1713 4319 εὐθύτητα
1783 4273 1891 4308 πο-

232 4337 401 4415 ρείας·
454 4338 517 4395 τὸ
571 4339 790 4419 ἰσχυρὸν
845 4338 1151 4421 φυλάσσων,
1184 4340 1446 4421 τουτέστι,
1481 4342 1545 4397 τὸ
1574 4340 1787 4419 ἑδραῖον
1831 4348 1898 4419 τῇ

233 4427 410 4484 πίστει
440 4427 673 4508 ἀσφαλὲς
704 4434 907 4509 τηρῶν·
942 4430 1033 4486 τὸν
1087 4428 1219 4487 λαὸτ
1250 4431 1533 4509 εἰρηνικῶς
1590 4431 1894 4505 ποιμαίνων

231 4516 301 4571 τὸ
347 4515 740 4598 ἑνοχλούμενον
797 4518 1079 4599 ἐνισχύων,
1116 4519 1379 4589 τουτέστι,
1412 4521 1476 4577 τὸ
1508 4519 1892 4598 πειραζόμενον

224 4604 375 4682 ξντῇ
444 4606 684 4679 τουθεσίᾳ
736 4605 1116 4686 στερῤοποιῶν’
1177 4608 1239 4664 τὸ
1296 4606 1598 4687 ἆῤῥωστοῦν
1632 4609 1887 4687 ἰώμενος,

222 4695 498 4775 τουτέστι,
542 4697 604 4753 τὸ
653 4696 839 4754 νοσοῦν
884 4696 946 4753 ἐκ
1006 4702 1104 4764 τῆς
1134 4697 1361 4760 πίστεως
1395 4697 1451 4753 ἐν
1483 4698 1746 4778 διχονοίᾳ,
1780 4696 1889 4755 διὰ·

223 4785 336 4850 τῆς
405 4783 741 4850 διδσσκαλίας
799 4787 1124 4860 θεραπεύων*
1176 4787 1238 4844 τὺ
1294 4785 1736 4866 συντετριμμένον
1781 4808 1886 4843 κα-

1977 3259 2206 3341 spernit
2235 3262 2721 3343 eum,Ghristum
2753 3266 2983 3347 spernit
3010 3289 3025 3340 ;
3060 3274 3120 3330 et
3143 3264 3248 3345 qui
3270 3282 3389 3326 non
3410 3261 3623 3342 recipit

1978 3347 2305 3425 Christum,
2340 3371 2461 3413 non
2492 3354 2702 3435 recipit
2736 3354 2892 3418 illius
2918 3356 3105 3419 Deum
3137 3374 3205 3417 ac
3237 3356 3496 3419 Patrem.
3521 3351 3624 3416 Ait

1976 3438 2176 3503 enim:
2210 3465 2237 3497 α
2271 3439 2385 3514 Qui
2414 3460 2515 3504 vos
2543 3445 2734 3518 audit,
2764 3464 2857 3509 me
2888 3445 3053 3509 audit
3078 3462 3095 3521 ;
3120 3453 3176 3506 et
3197 3443 3299 3525 qui
3330 3462 3433 3505 vos
3461 3459 3626 3524 sper-

1975 3529 2085 3605 nit,
2121 3547 2217 3591 me
2247 3532 2516 3611 spernit;
2546 3542 2605 3593 et
2650 3534 2751 3615 qui
2790 3553 2885 3596 me
2934 3534 3186 3616 spernit,
3222 3531 3449 3614 spernit
3488 3548 3622 3593 eum

1977 3621 2077 3701 qui
2108 3638 2206 3682 me
2236 3621 2405 3683 misit
2432 3619 2507 3681 ⁸⁷.
2542 3647 2566 3682 ιι
2598 3622 2887 3687 Similiter
2922 3623 3210 3705 epicopus
3240 3621 3429 3684 laicos
3458 3628 3523 3682 nt
3554 3621 3628 3682 ﬂ-

1977 3710 2087 3771 lios
2109 3709 2313 3790 diligat
2338 3712 2651 3787 ;naturalis
2676 3713 2875 3777 studio
2902 3712 3207 3775 charitatis
3230 3727 3621 3792 prosequens.

1972 3818 2041 3861 ac
2066 3799 2297 3875 fovens,
2326 3801 2495 3883 quasi
2518 3821 2625 3864 ova
2650 3802 2725 3865 ad
2751 3803 3155 3865 exclusionem
3179 3800 3497 3881 pullorum,
3522 3805 3626 3860 aut

1976 3889 2149 3967 quasi
2183 3888 2377 3970 pullos
2413 3899 2476 3952 ut
2520 3891 2579 3953 in
2610 3892 2867 3971 gallinas
2921 3894 3258 3955 educentur
3286 3889 3421 3952 sinu
3451 3906 3623 3950 com-

1977 3980 2243 4059 plectens
2270 3996 2285 4042 :
2320 3990 2569 4044 cunctos
2596 3980 2967 4061 admonens;
3001 3998 3209 4043 omnes
3239 3979 3340 4062 qui
3371 3981 3623 4058 castiga-

1977 4070 2139 4131 tione
2161 4067 2432 4148 indigent
2458 4069 2817 4147 laadens,sed
2843 4090 2961 4132 non
2984 4070 3251 4142 illidens;
3275 4069 3348 4132 ad
3371 4086 3623 4131 conver-

1976 4157 2206 4220 siouem
2243 4175 2547 4239 premens,
2574 4179 2690 4223 non
2720 4168 2919 4224 autem
2941 4159 3013 4223 ad
3038 4160 3409 4223 eversionem
3440 4176 3623 4234 ;sua-

1979 4247 2129 4310 dens
2144 4247 2216 4310 ad
2240 4265 2604 4328 regressum;
2621 4251 2939 4332 increpans
2958 4258 3024 4316 ut
3044 4251 3300 4330 corrigat
3319 4258 3378 4312 et
3394 4249 3455 4311 in
3469 4248 3620 4311 viam

1980 4345 2204 4400 rectam
2242 4335 2540 4401 deducat:
2578 4339 2737 4422 quod
2791 4340 3025 4402 ﬁrmum
3081 4348 3171 4402 est
3220 4340 3528 4420 retinens;
3560 4337 3620 4400 id

1980 4435 2092 4502 est,
2125 4427 2283 4507 quod
2348 4427 2464 4491 ﬁde
2524 4428 2833 4491 fundatum
2894 4440 3009 4511 est,
3041 4429 3101 4492 in
3160 4439 3282 4491 tuto
3334 4446 3619 4493 servans:

1979 4516 2260 4598 populum
2326 4516 2576 4598 paciﬁce
2634 4536 2923 4600 pascens:
2987 4518 3145 4601 quod
3196 4537 3477 4602 quassum
3537 4527 3626 4580 est

1976 4606 2306 4679 roborans;
2341 4607 2455 4669 hoc
2512 4616 2620 4679 est,
2659 4607 2818 4687 quod
2880 4610 3206 4671 tentatione
3265 4608 3618 4681 concutitur,

1973 4696 2386 4759 admonitione
2417 4697 2834 4760 consolidans:
2871 4698 3028 4780 quod
3075 4707 3355 4777 aegrotum
3408 4706 3497 4759 est
3525 4716 3621 4758 sa-

1972 4803 2126 4849 nans
2156 4803 2172 4861 ;
2206 4786 2265 4847 id
2303 4796 2415 4866 est,
2445 4788 2600 4868 quod
2631 4807 2702 4849 ex
2743 4787 2864 4850 ﬁde
2897 4788 3209 4850 vacillante
3239 4786 3487 4859 laborat,
3520 4803 3625 4865 per

222 4871 534 4950 ταδεσμῶν,
570 4874 835 4951 τουτέστι,
888 4877 951 4933 τὸ
1007 4874 1442 4952 πεπλανημένον,
1475 4876 1512 4946 ἢ
1540 4879 1604 4934 τὸ
1628 4880 1886 4955 τεθραυσ-

1987 4875 2305 4938 ioctrinam
2331 4896 2548 4939 curans
2573 4899 2586 4941 :
2613 4877 2767 4959 quod
2794 4878 3117 4939 contritum
3141 4885 3229 4937 est
3251 4876 3439 4955 ligans
3468 4896 3483 4950 ;
3508 4876 3620 4936 hoc

304 4991 363 5038 ⁸⁸
390 4992 608 5060 Ezecb.
640 5011 838 5072 xxxtv,
875 4994 974 5069 30,
1009 4995 1106 5060 3t.
1194 4996 1258 5048 ⁸5
1290 4996 1442 5059 ibid.
1485 4997 1578 5060 1⁸7.
1666 4996 1729 5047 ⁸6
1759 4998 1799 5060 l.
1836 4996 2000 5077 Ignat
2060 4998 2344 5078 interpol.
2378 4998 2451 5060 ad
2477 4997 2660 5060 Trall.
2693 4999 2757 5061 7.
2845 4997 2905 5046 ⁸⁷
2937 4998 3105 5069 Luc.,
3148 4996 3238 5060 t6.

1561 5123 1959 5190 VARIOBUM
2006 5123 2256 5189 ΝΟΤιΕ.

308 5249 404 5335 ςζι)
429 5252 625 5335 μήπὸ
655 5252 732 5335 μή
766 5252 830 5335 ἱιιΔ
855 5251 1047 5335 altero
1071 5252 1493 5335 codicum,nec
1516 5254 1881 5319 male.Ct.sn.

311 5322 394 5413 (β)
429 5330 567 5413 ζέας.
602 5322 689 5413 rt,
723 5332 895 5413 quid.
928 5331 1018 5399 In.

306 5409 986 5495 (QiKz‘ﬁobaéviléxom
1041 5415 1178 5479 Haec
1229 5415 1413 5479 verba
1459 5424 1517 5477 et
1574 5416 1887 5495 sequentia

220 5489 299 5552 ad
329 5489 479 5559 δίκὴν
508 5489 725 5555 desunt
757 5491 817 5555 iu
851 5489 1039 5556 altero
1072 5497 1302 5560 codice.
1336 5495 1489 5561 Sunt
1519 5489 1727 5559 revera
1755 5514 1880 5558 am-

2054 5256 2105 5339 (_1
2212 5257 2306 5322 Ὠς
2338 5260 2541 5339 κύριον.
2576 5256 2892 5339 Praemittit
2919 5256 3071 5339 alter
3088 5256 3277 5339 codex
3301 5261 3372 5325 ὡς
3395 5259 3618 5339 πατέρα,

1969 5336 2316 5415 omittitque
2350 5335 2808 5419 quodisequitur
2838 5340 2912 5401 ὡς
2943 5335 3226 5405 δεσπότην.
3262 5341 3349 5401 In.

2050 5419 2171 5486 (11;
2203 5416 2470 5498 Στέργων.
2503 5416 2662 5480 Idem
2702 5416 2881 5498 habet
2909 5418 3218 5498 θερμαίνων,
3256 5420 3340 5483 In,

2052 5498 2181 5577 (12)
2217 5498 2587 5575 Πληκτισμοῦ.
2621 5498 2793 5561 Alter
2852 5497 3269 5575 διατληκτισμοῦ
3323 5499 3615 5577 δεομένοις.

214 5568 505 5654 pliticatio
548 5588 780 5648 eorum,
814 5592 950 5654 quae
975 5577 1249 5653 proxime
1276 5584 1748 5648 antecesserunt;
1774 5576 1876 5637 sed
1963 5574 2045 5641 Io.

214 5649 373 5792 pihil
408 5662 559 5713 votat
608 5654 734 5715 haec
785 5649 1028 5737 quoque
1078 5676 1209 5720 esse
1239 5656 1627 5741 aScriptnris
1675 5674 1870 5717 manu.

250 5746 311 5792 ι).

250 5746 311 5793 D.

2039 5657 2166 5746 (d3)
2217 5658 2407 5746 qua.
2445 5657 2610 5720 Hanc
2660 5677 2863 5746 vocem
2898 5667 2957 5719 et
2997 5666 3117 5720 tres
3150 5667 3467 5746 sequentes
3498 5680 3619 5729 non

1964 5737 2218 5816 legimus
2253 5738 2313 5800 in
2343 5740 2529 5801 altera
2563 5741 2698 5802 cod.
2736 5750 2823 5806 tu.
