4082 6348
423 385 539 451 635

1254 388 1313 450 S.
1362 385 1796 452 CLEMENTIS
1840 386 1862 450 1
1909 391 2091 453 ROM.
2139 391 2364 454 PONT.
2410 391 2657 455 OPERA
2702 388 2954 455 DUBlA.

3673 392 3795 458 636

423 526 535 596 est,
553 520 727 611 Aquod
750 538 957 611 vagum
988 530 1102 596 est,
1134 523 1219 585 vel
1252 521 1549 605 collisum,
1575 523 1665 585 vel
1700 524 1779 585 ita
1809 525 2062 604 peccatis

2154 524 2335 609 μένον,
2367 528 2402 596 ἢ
2434 529 2496 584 τὸ
2548 529 2909 609 κατεαγμένον
2970 530 3023 586 ἐν
3084 529 3362 608 ἁμαρτίαις
3429 533 3502 594 εἱς
3560 529 3802 611 χωλείαν

424 608 792 672 confractum
823 618 886 671 ut
907 610 967 672 in
998 611 1091 674 via
1112 611 1429 684 claudicet,
1456 630 1563 692 per
1591 612 2068 680 exhortationem

425 699 880 762 consolatoriam
908 700 1193 765 vinciens.
1217 700 1617 777 Peccatorem,
1642 702 2069 786 episcope,de~

427 788 580 851 lictis
601 788 1025 861 deonerans,et
1047 791 1272 872 optima
1292 809 1398 873 Spe
1425 791 1687 872 replens,
1704 792 1827 873 jam
1850 794 2067 857 robus-

426 885 547 940 tum
582 876 640 939 in
666 876 992 940 Ecclesiam
1038 879 1313 961 restitue,
1346 889 1527 958 atque
1573 881 1759 943 reduc
1787 883 1862 946 ad
1892 884 2062 946 ovile.

424 966 595 1041 Quod
620 967 931 1048 expulsum
961 968 1069 1030 fuit
1098 980 1351 1051 revoca;
1377 970 1493 1032 hoc
1522 978 1633 1045 est,
1658 972 1814 1052 quod
1846 973 1907 1034 in
1936 992 2062 1054 poe-

422 1074 557 1118 nam
591 1067 969 1137 peccatorum
995 1077 1237 1121 suorum
1264 1060 1523 1139 ejectum
1549 1060 1762 1135 fuit,ne
1784 1062 1946 1124 sinas
1977 1064 2063 1126 fo-

423 1148 506 1211 ris
530 1151 1011 1229 permanere;sed
1036 1159 1407 1233 assumptum
1428 1155 2065 1231 etconversum,redde

421 1236 719 1317 gregi,seu
743 1239 1135 1302 immaculatze
1156 1240 1437 1303 Ecclesiae
1464 1243 1717 1323 populo:
1743 1245 1897 1326 quod
1923 1264 2060 1308 vero

423 1326 681 1407 perierat
704 1329 962 1410 require;
986 1329 1044 1391 id
1065 1330 1343 1412 est,quod
1371 1330 1751 1396 multitudine
1781 1344 2061 1413 peccato-

421 1433 554 1478 rum
584 1434 825 1479 suorum
849 1437 1014 1499 spem
1039 1419 1244 1481 salutis
1259 1419 1561 1496 amiserat,
1584 1420 1849 1485 funditus
1870 1423 2061 1486 inter-

421 1505 513 1595 ire
535 1525 609 1568 ue
632 1507 976 1587 permiseris
1003 1530 1015 1568 :
1045 1509 1203 1586 quod
1230 1528 1300 1571 ex
1324 1509 1508 1571 animi
1539 1520 1780 1589 torpore
1799 1531 1867 1576 ac
1898 1519 2066 1595 supi-

424 1594 608 1658 nitate
640 1596 697 1657 in
724 1616 999 1677 soporem
1033 1598 1193 1661 venit
1222 1608 1279 1661 et
1313 1598 1462 1661 adeo
1494 1618 1727 1679 gravem
1759 1594 2060 1679 somnum,

2153 616 2292 693 ὁδοῦ,
2356 617 2639 676 ἐπιδέννων
2698 619 2815 699 (14)
2888 619 2992 679 ’διὰ
3044 619 3449 699 παραύητικῆς
3500 622 3795 691 νουθεσίας,

2152 707 2453 788 ἐλαφρύνων
2514 710 2615 765 ὑπὸ
2670 711 3154 788 παραπτωμάπων,
3190 712 3276 766 καὶ
3333 708 3545 767 εὔελπιν
3599 716 3795 787 ποιῶν,

2151 796 2308 872 οὕτω,
2343 796 2617 875 ῥωμαλέον
2664 797 2719 854 ἐν
2748 804 2815 875 τῇ
2864 798 3157 872 Ἐκκλησία
3212 800 3561 878 ἀποκαθίστα,
3628 799 3801 856 ἐπαν-

2152 887 2296 964 άγων
2325 886 2379 943 ἐν
2540 888 2762 964 πυίμνῃ.
2826 889 2895 946 Τὸ
2944 888 3251 962 ἐξωσμένων
3308 890 3608 968 ἐπίστρεφε,
3668 910 3799 944 του-

2149 975 2315 1050 τέστι,
2350 978 2410 1032 τὸ
2458 976 2510 1032 ἐν
2560 976 2839 1055 ἁμαρτίαις
2889 978 3171 1055 γενόμενον
3225 979 3315 1034 καὶ
3359 978 3431 1041 εἰς
3488 977 3797 1053 ἐπιτίμησιν

2151 1062 2537 1142 ἐκϐεϐλημένον
2579 1067 2656 1142 μὴ
2712 1066 2813 1123 ἐῶν
2864 1066 2962 1132 ἔξω
3011 1063 3300 1142 διαμένειν,
3333 1065 3468 1123 ἀλλά
3513 1066 3793 1144 προσλαμο

2148 1152 2436 1231 ϐανόμενος
2495 1158 2582 1212 καὶ
2641 1155 2965 1236 ἐπιστρέφων
3000 1157 3324 1213 ἀποκαθίστα
3357 1156 3411 1212 ἐν
3454 1162 3522 1232 τῇ
3563 1158 3790 1232 ποίμνῃ,

2144 1244 2432 1317 τουτέστιν,
2461 1247 2515 1300 ἐν
2555 1250 2631 1319 τῷ
2693 1244 2806 1320 λαῷ
2859 1249 2958 1309 τῖς
3017 1244 3243 1319 ἀμώμου
3294 1244 3603 1312 ἐκκλησίας·
3649 1246 3708 1300 τὸ
3737 1244 3793 1301 δὲ

2144 1331 2424 1397 ἀπολωλὸς
2464 1334 2698 1408 ἐκζήτει,
2757 1335 3020 1403 τουτέστι,
3065 1337 3126 1391 τὸ
3174 1336 3275 1392 ὑπὸ
3322 1334 3555 1405 πλήθους
3607 1358 3793 1420 παρα-⁸

2145 1421 2446 1499 πτωμάτων
2496 1425 2685 1483 ἐαυτοῠ
2726 1424 2861 1501 (15)
2917 1423 3217 1481 ἀπελπίσαν
3259 1429 3355 1491 τῆς
3385 1424 3673 1501 σωτηρίας,
3706 1426 3785 1499 μὴ

2144 1512 2308 1589 ἐάσῃς
2339 1511 2533 1577 τέλέως
2565 1512 2878 1571 ἀπολέσθαι·
2934 1515 2994 1569 τὸ
3043 1514 3144 1570 ὑπὸ
3194 1512 3401 1580 πολλῆς
3435 1512 3634 1589 ψύξεως
3683 1518 3791 1589 ψυ-

2144 1602 2312 1682 χικῆς
2340 1602 2471 1682 (16)
2511 1604 2598 1660 καὶ
2634 1602 2901 1684 νωχελίας
2932 1604 3192 1664 κάθυπνον
3227 1604 3538 1683 γενόμενον,
3578 1605 3664 1661 καὶ
3706 1602 3792 1659 δια

424 1694 493 1747 ut
510 1702 675 1749 suam
704 1686 878 1748 vitam
906 1707 1022 1750 non
1047 1689 1401 1752 recordetur
1427 1710 1444 1766 ;
1472 1690 1748 1771 quodque
1771 1692 1944 1773 longe
1968 1711 2062 1754 re-

2146 1692 2329 1770 βαρέος
2379 1691 2542 1750 ὕπνου
2603 1693 2701 1760 τῆς
2777 1692 2963 1753 ἐαυτοῦ
3021 1694 3161 1764 ζωῆς
3237 1692 3643 1772 ἐπιλαθόμενον,
3706 1696 3793 1749 καὶ

424 1775 605 1839 cessit
629 1795 661 1836 a
702 1778 941 1858 proprio
968 1796 1167 1858 grege,
1191 1778 1270 1840 ita
1299 1788 1361 1840 ut
1388 1779 1670 1842 inciderlt
1696 1780 1756 1842 in
1787 1781 1961 1862 lupos
1988 1782 2060 1845 ad

422 1882 618 1929 escam
647 1886 662 1947 ;
688 1865 747 1929 id
782 1876 843 1929 tu
874 1869 1223 1948 pervestiga,
1252 1879 1309 1930 et
1332 1870 1630 1933 monendo
1662 1880 1963 1948 converte,
1994 1890 2063 1935 ac

425 1963 490 2016 ut
510 1955 709 2035 vigilet
737 1956 995 2031 hortare,
1020 1966 1077 2019 et
1100 1975 1265 2038 spem
1291 1958 1528 2030 insere;
1555 1978 1750 2041 neque
1770 1960 1901 2042 ipse
1925 1980 2067 2025 con-

426 2043 601 2107 cedas
624 2053 685 2105 ut
711 2045 866 2108 dicat
888 2047 1042 2129 quod
1066 2066 1099 2108 a
1119 2047 1476 2128 quibusdam
1501 2048 1728 2113 dictum
1748 2060 1858 2114 est:
1893 2073 1917 2111 ι
1938 2051 2061 2114 Im-

423 2133 673 2215 pietates
706 2144 923 2198 nostra;
944 2155 1127 2218 super
1148 2156 1281 2218 nos,
1315 2146 1371 2198 et
1404 2157 1510 2200 nos
1540 2138 1601 2200 in
1634 2140 1778 2221 ipsis
1810 2140 2068 2204 tabesci-

421 2233 643 2298 mus,et
667 2243 784 2305 quo
816 2225 993 2288 modo
1025 2225 1288 2288 vivemus
1314 2226 1367 2270 ιδ
1389 2227 1419 2287 ‘2
1448 2252 1471 2286 ι
1503 2227 1917 2311 Episcopus,si
1945 2230 2072 2293 ﬁeri

420 2315 625 2393 possit,
661 2313 942 2376 delictum
979 2316 1223 2378 alterius
1249 2318 1414 2397 quasi
1450 2317 1757 2398 proprium
1789 2320 2071 2383 conside-

421 2408 537 2482 ret,
566 2410 623 2464 et
654 2405 955 2482 peccaturi
988 2404 1144 2467 dicat
1173 2424 1186 2469 :
1223 2409 1307 2469 Te
1341 2408 1517 2469 modo
1550 2407 1645 2470 fac
1668 2416 2065 2490 convertas,et

419 2508 528 2570 ego
542 2501 797 2554 mortem
814 2492 917 2555 tibi
933 2493 1193 2558 debitam
1212 2497 2061 2579 suscipiam,quemadmodum

413 2581 701 2645 Dominus
727 2600 831 2661 pro
857 2602 953 2645 me
973 2592 1030 2645 et
1057 2602 1160 2665 pro
1183 2586 1465 2648 omnibus
1491 2594 1758 2648 mortuus
1778 2596 1885 2649 est.
1913 2587 2060 2650 Nam

419 2694 442 2728 ι
481 2670 678 2733 bonus
710 2680 908 2751 pastor
950 2672 1213 2735 animam
1255 2693 1421 2737 suam
1475 2675 1644 2755 ponit
1692 2695 1797 2757 pro
1849 2676 2060 2740 ovibus

2146 1782 2350 1859 μακρὰν
2394 1781 2767 1849 ἀποστατῆσαν
2810 1788 2909 1850 τῆς
2962 1782 3092 1847 ἰδίας
3147 1783 3405 1857 ποίμνης,
3466 1784 3538 1845 ὡς
3581 1784 3669 1838 καὶ
3701 1781 3793 1838 λύ-

2144 1876 2623 1945 κοις⁶περιπεσεϊν
2680 1873 2750 1937 εἰς
2826 1873 2986 1951 βορὰν
3059 1871 3211 1953 (17),
3246 1873 3306 1928 σὺ
3363 1872 3643 1945 ἀναζήτει,
3702 1875 3792 1928 καὶ

2145 1966 2398 2021 νουθετῶν
2453 1962 2752 2042 ἐπίστρεφε,
2809 1964 2898 2019 καὶ
2955 1963 3138 2042 νήφειν
3194 1960 3491 2041 παρακάλε,
3556 1962 3642 2018 καὶ
3692 1961 3783 2017 ἐλο

2151 2049 2273 2107 πίδα
2319 2050 2628 2130 ὑπόσπειρε,
2692 2051 2769 2126 μὴ
2826 2058 3123 2131 συγχωρῶν
3182 2055 3325 2119 αὖτῷ
3383 2049 3556 2128 λέγειν
3598 2052 3659 2107 τὸ
3689 2050 3795 2106 ί)πὸ

2151 2164 2305 2197 τινων
2337 2141 2461 2216 (18)
2507 2141 2808 2218 εἰρημένον,
2867 2140 2946 2198 ὅτι
2999 2162 3022 2196 a
3068 2142 3144 2199 Τὰ
3172 2137 3485 2215 ἀσεϐήματα
3526 2142 3678 2213 ἡμῶν
3711 2140 3798 2219 ἐφ’

2151 2233 2310 2309 ἡμῖν,
2340 2232 2427 2287 καὶ
2474 2232 2638 2302 ἡμεῖς
2670 2229 2724 2285 ἐν
2756 2233 2938 2294 αὐτοῖς
2988 2230 3282 2309 τηκόμεθα,
3336 2230 3419 2286 καὶ
3470 2235 3585 2293 πῶς
3619 2230 3792 2300 ζησά-

2152 2324 2310 2402 μεθα,
2342 2344 2370 2375 ιι
2435 2321 2491 2377 Εἰ
2547 2320 2667 2376 οἷόν
2722 2341 2779 2375 τε
2832 2320 2942 2400 οὖν,
2974 2318 3324 2377 ἱδιοποιείσθω
3353 2321 3380 2374 ὁ
3418 2318 3701 2381 ἐπίσκοπος
3733 2319 3797 2374 τὸ

2146 2408 2522 2487 πλημμέλημα
2558 2453 2572 2480 ,
2626 2409 2713 2466 καὶ
2772 2408 2976 2487 λεγέτω
3025 2417 3104 2483 τῷ
3156 2406 3514 2486 ἡμαρτηκότι,
3583 2405 3664 2463 ὅτι
3735 2410 3800 2462 σὺ

2145 2502 2306 2576 μόνον
2338 2499 2675 2577 ἐπίστρεψον,
2737 2498 2887 2577 κάγὼ
2924 2501 3015 2555 τὸν
3055 2497 3182 2574 ὑπὲρ
3254 2504 3348 2555 σοῦ
3399 2497 3621 2553 θάνατον
3664 2496 3793 2552 ἀναο

2144 2589 2377 2668 δέξομαι,
2447 2590 2520 2653 ὡς
2570 2590 2597 2644 ὁ
2647 2584 2839 2664 Κύριος
2894 2589 2984 2644 τὸν
3057 2587 3187 2666 ὑπὲρ
3243 2585 3374 2660 ἐμοῦ
3413 2587 3499 2642 καὶ
3547 2586 3783 2646 πάντων.

2145 2680 2246 2738 α¹Ο
2276 2678 2480 2753 ποιμὴν
2536 2678 2635 2755 γὰρ
2686 2680 2714 2733 ὁ
2767 2675 2927 2742 καλὸς
2974 2676 3072 2744 τὴν
3129 2676 3314 2756 ψυχὴν
3374 2675 3533 2733 αὒτοῦ
3579 2675 3783 2741 τίθησιν

413 2759 571 2822 suis:
624 2761 1030 2823 mercenaruis
1061 2773 1259 2826 autem
1316 2772 1374 2825 et
1397 2765 1498 2845 qui
1552 2783 1671 2827 non
1697 2775 1790 2829 est
1833 2774 2056 2847 pastor,

2146 2770 2270 2846 ὺπέρ
2299 2773 2402 2823 τῶν
2454 2765 2756 2838 προϐάτων·
2794 2767 2820 2821 ὁ
2851 2763 2905 2821 δὲ
2960 2766 3227 2841 μισθωτὸς
3288 2766 3375 2822 καὶ
3406 2768 3501 2822 οὒκ
3537 2764 3610 2821 ὣν
3654 2785 3779 2820 ποι-

416 2850 588 2931 cujus
618 2869 737 2911 non
767 2858 906 2912 sunt
933 2870 1073 2914 oves
1096 2853 1375 2935 propriae,
1398 2854 1555 2917 videt
1582 2855 1789 2936 lupum
1809 2857 2053 2919 venien-

2141 2860 2271 2937 μὴν,
2332 2858 2391 2913 οὗ
2444 2857 2536 2912 οὐκ
2592 2854 2797 2911 ἐστιτὰ
2829 2852 3064 2934 πρόϐατα
3097 2852 3227 2934 ἴδια,
3273 2858 3461 2933 θεωρεῖ
3504 2860 3592 2910 τὸν
3624 2853 3779 2909 λύκον

416 2948 560 3017 tem,
592 2964 619 2996 ιι
644 2940 757 3002 hoc
784 2948 895 3015 est,
918 2940 1250 3017 diabolum,
1283 2965 1304 2998 α
1336 2952 1393 3005 et
1421 2943 1672 3007 dimittit
1701 2964 1869 3021 oves,
1894 2953 1951 3007 et
1974 2946 2059 3008 fu-

2146 2948 2496 3027 ἐρχομενον,»
2532 2943 2795 3017 τουτέστι,
2831 2946 2923 3001 τὸν
2952 2941 3193 3001 διάϐολον
3228 2942 3376 3024 (19),
3415 2962 3445 3001 ι
3482 2944 3569 2999 καὶ
3598 2942 3783 3021 ἀφίησι

416 3028 497 3106 git
521 3052 538 3104 ;
564 3037 623 3091 et
644 3028 819 3111 lupus
849 3033 999 3111 rapit
1018 3050 1117 3093 eas
1140 3031 1223 3090 49.
1254 3057 1281 3089 ι
1310 3033 1604 3106 Quocirca
1624 3034 1778 3103 scire
1799 3044 2055 3116 oportet,

416 3118 573 3201 quod
600 3121 779 3195 Deus,
801 3120 903 3201 qui
928 3121 1267 3184 misericors
1291 3131 1403 3198 est,
1430 3122 1920 3202 delinquentibus
1944 3142 2063 3207 pue-

416 3207 725 3299 nitﬁentiam
752 3210 1145 3289 jurejurando
1171 3212 1464 3292 promisit.
1489 3212 1602 3286 Qui
1623 3232 1762 3277 vero
1785 3214 2061 3299 deliquit,

416 3308 476 3361 et
497 3298 648 3362 hanc
671 3298 745 3361 de
771 3299 1119 3380 poenitentia
1147 3301 1589 3382 professionem
1617 3303 1722 3367 Dei
1745 3298 2065 3383 ignorat,et

414 3387 680 3451 divinam
714 3389 1235 3453 mansuetudinem
1262 3399 1440 3473 atque
1475 3394 1817 3472 patientiam
1848 3399 2059 3469 nescit,

414 3478 772 3560 insuperque
798 3488 1031 3541 sanctas
1055 3478 1393 3561 Scripturss
1423 3482 1828 3562 paenitentiam
1854 3482 2059 3564 praedi-

416 3575 621 3630 cantes
650 3586 768 3629 non
801 3568 1127 3646 cognoscit,
1148 3569 1400 3643 scilicet,
1423 3577 1534 3632 ate
1558 3588 1676 3633 non
1698 3569 1943 3632 edoctus
1968 3593 1983 3646 ;
2008 3569 2060 3632 is

416 3666 658 3739 propter
686 3656 979 3720 inscitiam
1013 3658 1198 3740 perit;
1233 3667 1291 3720 at
1324 3668 1411 3735 tu,
1441 3667 1718 3740 tanquam
1743 3658 2061 3737 indulgens

417 3756 617 3827 pastor
647 3758 706 3810 et
736 3747 1040 3810 studiosus
1072 3747 1406 3828 pabulator,
1437 3748 1699 3830 require,
1735 3765 2060 3811 numerans

414 3855 654 3917 gregem
691 3858 704 3898 :
741 3837 899 3919 quod
960 3837 1333 3901 desideratur
1384 3837 1692 3919 investiga,
1727 3837 1882 3899 sicut
1929 3839 2056 3901 Do-

417 3927 612 3989 minus
627 3930 807 4009 Deus,
828 3928 1019 3990 bonus
1040 3929 1215 3991 Pater
1239 3937 1462 4003 noster,
1490 3927 1590 4008 qui
1620 3927 1921 3989 doctorem
1947 3945 2060 3988 no-

2142 3038 2206 3094 τά
2238 3033 2497 3116 πρόϐατα,
2548 3035 2636 3091 καὶ
2684 3034 2888 3113 φεύγει,
2920 3035 3007 3091 καὶ
3036 3036 3063 3089 'o
3097 3032 3254 3096 λύκος
3314 3033 3531 3113 ἁρπάζει
3562 3032 3715 3093 αὔτα.
3756 3055 3779 3088 ιι

2146 3125 2346 3184 Εἷδέναι
2408 3127 2496 3182 οὖν
2552 3125 2862 3203 προσήκει,
2928 3122 3008 3180 ὅτι
3082 3135 3201 3185 τοῖς
3257 3124 3630 3200 ἡμαρτηκοσιν
3700 3119 3785 3177 εὖ·

2148 3215 2462 3296 πλαγχνος
2520 3214 2593 3271 ὢν
2626 3215 2653 3270 ὁ
2689 3215 2840 3287 Θεὸς,
2876 3213 3010 3288 μετὰ
3053 3212 3209 3291 ὅρκου
3266 3213 3551 3288 μετάνοιαν
3609 3210 3786 3287 ἐπηγ-

2146 3304 2380 3384 γείλατο’
2433 3306 2461 3361 ὁ
2526 3301 2580 3359 δέ
2649 3304 2964 3383 ἁμαρτήσας
3025 3303 3113 3357 καὶ
3165 3301 3265 3368 τὴν
3316 3299 3641 3381 ἐπαγγελίαν
3697 3310 3789 3359 τοῦ

2148 3404 2278 3455 Θεοῦ
2305 3397 2402 3465 τὴν
2431 3397 2548 3474 περὶ
2578 3396 2859 3472 μετάνοιαν
2907 3395 3136 3472 ἀγνοῶν,
3190 3393 3275 3449 καὶ
3327 3394 3387 3449 τὸ
3448 3392 3783 3468 μακρόθυμον

2147 3486 2233 3543 διαὶ
2262 3484 2566 3551 ἀνεξίκακον
2595 3483 2753 3542 αὖτοῦ
2783 3484 2862 3559 μὴ
2890 3483 3265 3561 ἐπιστάμενος,
3311 3481 3389 3538 ’ἑτι
3437 3482 3545 3557 μὴν
3574 3480 3663 3537 καὶ
3692 3480 3785 3543 τὰς

2142 3574 2293 3654 ἁγίας
2341 3575 2549 3654 Γραφὰς
2594 3574 2686 3639 τὰς
2718 3573 2915 3641 ταύτην
2969 3573 3333 3652 κηρυσσούσας
3376 3574 3436 3630 οὒ
3480 3570 3779 3649 γινώσκων,

2141 3663 2234 3721 ἅτε
2293 3664 2371 3739 μὴ
2443 3666 2767 3739 μεμαθηκὼς
2835 3663 2977 3741 παρά
3052 3668 3169 3741 σοῦ,
3229 3658 3523 3719 ἀπολλυται
3570 3658 3655 3738 50,
3719 3658 3781 3715 σὺ

2141 3750 2194 3808 δέ
2244 3754 2317 3817 ὡς
2367 3751 2711 3832 φιλόστοργος
2771 3751 2975 3826 ποιμήν
3019 3751 3105 3807 καὶ
3133 3752 3207 3813 ὡς
3257 3747 3545 3810 σπουδαῖος
3590 3748 3779 3823 νομεὺς

2144 3842 2415 3916 ἀναζήτει,
2475 3842 2710 3920 ἀριθμῶν
2760 3842 2860 3909 τὴν
2908 3840 3161 3916 ποίμνην’
3218 3839 3278 3895 τὸ
3333 3836 3524 3896 λεῖπον
3578 3835 3781 3907 ἐκζήτει

2144 3932 2217 3997 ὠς
2268 3929 2458 4009 Κύριος
2491 3933 2519 3987 ὁ
2552 3930 2679 3993 Θεὸς
2730 3932 2758 3987 ὁ
2801 3930 2997 4008 ἀγαθὸς
3031 3928 3211 4008 Πατὴρ
3255 3928 3431 4001 ἡμῶν,
3469 3924 3783 3989 ἀποστείλας

414 4023 604 4077 strum
633 4014 861 4093 Jesum,
895 4015 1110 4078 Filium
1144 4035 1340 4091 suum,
1377 4026 1674 4097 pastorem
1722 4015 1945 4077 bonum
1994 4033 2062 4078 ac

2146 4022 2234 4079 τὸν
2263 4020 2447 4078 ἑαυτοῦ
2508 4023 2627 4077 Υίὸν
2676 4020 2905 4095 ποιμένα
2966 4018 3125 4077 καλὸν
3176 4018 3264 4075 καὶ
3323 4022 3549 4097 Σωτῆρα
3584 4018 3669 4073 τὸν
3697 4014 3780 4071 δι-

415 4102 774 4168 Salvatorem
809 4106 990 4181 misit,
1015 4114 1073 4167 et
1095 4106 1393 4168 mandavit
1424 4106 1479 4169 ei
1509 4107 1849 4187 relinquere
1881 4124 2038 4167 nona

2146 4109 2407 4167 δάσκαλον
2464 4114 2610 4181 ἡκῶν
2657 4111 2889 4189 Ἰησοῦν,
2961 4109 3247 4189 ἐπιτρέψας
3307 4109 3448 4181 αὗτῷ
3520 4104 3673 4162 ἐάσαι
3725 4105 3789 4163 τὰ

416 4194 576 4276 ginta
607 4213 818 4257 novem
849 4214 985 4259 oves
1041 4195 1102 4257 in
1155 4196 1478 4271 montibus,
1508 4204 1567 4259 et
1615 4212 1938 4277 properare
1986 4193 2059 4255 ad

2148 4198 2650 4267 ἐννενηκονταεννέα
2707 4200 2792 4257 ἐπὶ
2844 4198 2962 4277 (20)
3021 4199 3087 4256 τὰ
3134 4197 3257 4278 ὅρη,
3325 4199 3412 4254 καὶ
3474 4198 3787 4274 πορευθῆναι

416 4284 799 4363 quaerendam
817 4304 945 4349 eam
963 4306 1095 4368 quas
1116 4286 1868 4362 erraverat,iuventamque
1882 4302 2062 4365 super

2146 4288 2231 4346 ἐπὶ
2279 4289 2379 4357 τὴν
2428 4291 2650 4362 ζήτησιν
2680 4296 2772 4347 τοῦ
2801 4286 3240 4367 πεπλανημένου,
3295 4287 3384 4343 καὶ
3425 4286 3642 4362 εὓρόντα
3664 4283 3783 4362 ἆραι

414 4375 699 4437 humeros
717 4394 858 4438 suos
881 4376 1175 4457 attollere,
1200 4385 1257 4437 et
1276 4375 1347 4438 ad
1367 4394 1602 4456 gregem
1627 4382 1884 4456 portare,
1908 4392 2054 4453 gau-

2146 4378 2225 4435 ἐπὶ
2276 4380 2397 4443 τοὺς
2454 4380 2640 4436 ἐαυτοῦ
2692 4378 2896 4458 ὤμους,
2971 4380 3054 4436 καὶ
3100 4375 3271 4456 φέρειν
3325 4374 3377 4431 ἐν
3426 4380 3498 4451 τῇ
3554 4374 3777 4447 ποίμνη,

414 4463 614 4527 dendo
642 4464 717 4528 de
749 4464 874 4527 ovis
904 4466 1151 4547 perditae
1179 4465 1634 4548 recuperatione
1656 4464 1731 4523 ⁵1.
1760 4462 1893 4526 Pari
1917 4479 2057 4540 ergo

2146 4473 2402 4549 χαίροναα
2452 4469 2634 4545 ἐπὶτῇ
2677 4468 2871 4546 εὑρέσει
2928 4474 3020 4524 τοῦ
3070 4463 3437 4527 ἀπολωλότος.
3486 4461 3660 4523 Οὕτως
3693 4459 3782 4517 οὖν

417 4553 617 4655 modo,
652 4574 685 4614 ο
717 4554 1019 4655 episcopo,
1047 4564 1105 4618 et
1136 4565 1195 4617 tu
1227 4558 1348 4619 Deo
1382 4553 1783 4655 obedientiam
1818 4561 2053 4655 praesta,

2146 4559 2374 4629 ὑπήκοος
2429 4564 2573 4637 γίνου
2619 4558 2706 4614 καὶ
2759 4557 2845 4627 σὺ,
2880 4557 2926 4612 ὦ
2956 4556 3232 4632 ἐπίσκοπε,
3265 4553 3501 4625 ἐκζητῶν
3525 4553 3586 4608 τὸ
3618 4549 3779 4605 απολ-

415 4642 556 4705 dum
580 4644 736 4725 quod
759 4644 1015 4726 perierat
1034 4646 1313 4728 requiris,
1338 4645 1495 4728 quod
1514 4643 1889 4708 aberraverat
1906 4641 2055 4703 diri-

2146 4647 2305 4718 ωλὸς,
2353 4648 2673 4705 κατευθύνων
2732 4648 2792 4703 τὸ
2855 4643 3292 4724 πεπλανημένον,
3355 4640 3680 4720 ἐπιστρέφων
3720 4640 3782 4696 τὸ

492 4776 555 4827 48
585 4774 814 4840 Ezech.
850 4793 1053 4854 χχχιιι,
1090 4776 1181 4841 l0.
1269 4778 1332 4829 49
1359 4779 1529 4840 Joan.
1564 4793 1623 4857 x,
1658 4775 1755 4838 ll.
1843 4776 1906 4828 ω
1933 4775 2011 4839 al.
2044 4794 2062 4837 ε

2146 4776 2184 4841 Ι.
2215 4779 2317 4835 ὑπὸ
2355 4779 2557 4844 ἀνοίας.
2643 4777 2692 4821 δι
2725 4777 2933 4841 Matth.
2959 4792 3124 4853 xviii;
3150 4773 3297 4837 Luc.
3328 4789 3421 4835 xv.

1774 4894 2175 4964 VARIOBUM
2219 4898 2469 4965 ΝΟΤᾸΞ.

493 5025 623 5107 (14)
661 5024 997 5107 Ἐπιδέννων.
1037 5024 1160 5089 Vox
1192 5024 1519 5107 estnihili,
1564 5041 1670 5105 pro
1702 5040 1819 5107 qua
1848 5022 2054 5107 legen-

2223 5022 2337 5107 (16)
2370 5018 2917 5107 Wupaﬁgﬂomittit
2939 5024 3220 5107 uterque,
3258 5032 3368 5077 nec
3397 5031 3541 5076 sane
3572 5031 3784 5076 neces-

417 5096 582 5182 dum,
604 5096 733 5192 'aut
757 5105 1003 5192 ἐπιθέων,
1039 5115 1159 5192 aut,
1195 5096 1516 5182 ἐπιδεσμῶν,
1565 5096 1623 5165 ill
1777 5102 1836 5164 in
1868 5096 2054 5192 altero

2146 5096 2359 5192 sarium
2392 5096 3235 5192 est-Aetoﬂ'epditauresfln.“
3304 5182 3330 5192 υ
3530 5172 3544 5192 1
3670 5173 3731 5192 ﬂ

415 5172 622 5279 codice
665 5172 1239 5279 Vindobon_ensi,:ut
1276 5172 1906 5279 pos'tea:rescivimus;
1942 5183 2055 5244 hoc
2177 5182 2345 5279 "(17)
2378 5184 2676 5279 Εἶςβοράτν.
2707 5180 2948 5245 Rectius
2978 5196 3154 5261 quam
3207 5178 3355 5255 βορᾷ,
3390 5172 3548 5255 quod
3600 5182 3688 5235 est
3718 5173 3778 5235 in

415 5275 524 5355 est,
559 5266 783 5355 ligatus,
815 5274 876 5328 ut
886 5267 1098 5355 _sole_nt
1118 5261 1168 5355 _ii
1200 5261 1299 5355 qui
1332 5264 1814 5355 membra_l'racta
1848 5278 2056 5355 curare
2139 5261 2588 5355 alte‘rro‘codice.
2612 5264 2698 5326 ID.
2752 5344 2785 5355 Α
3080 5341 3091 5353 .

413 5337 637 5431 volunt:
671 5337 851 5410 Miror
880 5337 1237 5431 Cotelerium
1262 5349 1373 5410 hoc
1397 5366 1512 5409 non
1537 5344 1916 5431 vidissenam
1944 5344 2057 5404 hoc

2221 5341 2345 5431 (-
2384 5342 2514 5401 ’Υπό
2532 5367 2716 5431 τινων..
2746 5340 3050 5431 omittitur
3078 5341 3139 5431 int]
3170 5337 3375 5431 altero.
3403 5338 3491 5428 ID:

414 5428 577 5491 verbi
610 5436 938 5489 monstrum
972 5428 1032 5490 in
1060 5429 1187 5493 Iud.
1218 5430 1421 5494 Gr'nco
1441 5414 1767 5490 recensuit.
1790 5422 2058 5488 Cum.—

2221 5414 2355 5501 (19)
2388 5424 2629 5483 Τουτέστι
2660 5426 2750 5481 τὸν
2781 5421 3045 5487 διάϐολον,
3078 5419 3445 5486 Omittuntur
3475 5416 3536 5478 in
3564 5414 3773 5493 altero,

411 5507 664 5596 Tantum
695 5507 1235 5596 διιοειιιιέτιιδρινω
1256 5509 1504 5596 verbum
1536 5505 1841 5596 sit_nihi{i,
1874 5504 2060 5596 ut‘ha-
2144 5510 2197 5566 et
2230 5503 2935 5596 glossam-redolenti!»
3029 5581 3065 5596 Ἀ
3307 5580 3322 5596 ι
3387 5580 3400 5596 ν
3452 5581 3464 5596 ι
3528 5584 3550 5593 _

414 5589 1086 5674 beatu[,sensu_ligu,in
1109 5588 1449 5674 Symmachi
1470 5587 1743 5674 versione
1774 5578 2060 5674 lslvr,tes-
2224 5578 2354 5674 (29)
2386 5585 2530 5674 ζιῑπί.
2560 5584 2881 5674 A_n_tecedit
2901 5584 2965 5647 in
2993 5581 3180 5674 altero
3216 5580 3470 5674 coiit-tut
3490 5584 3558 5655 τῇ
3574 5578 3781 5657 ἐρήμῳ,

414 5676 573 5732 tante
594 5663 892 5749 Procopio
912 5663 937 5729 Ξ
956 5663 1352 5748 ἑτὶιδεννόμένου
1369 5670 1789 5749 (80.τραύματος
1820 5665 2053 5749 Βιι-Αοιι.

2146 5663 2273 5749 qua}
2296 5663 2468 5749 facile
2499 5664 2871 5742 exciderunt,
2901 5670 3141 5748 propter
3165 5663 3581 5744 repetitionem
3615 5677 3785 5721 vocu-

498 5750 627 5829 (15)
687 5745 937 5812 Ἐαυτοῦ.
992 5750 1163 5814 Alter
1195 5745 1392 5815 habet
1441 5745 1678 5825 ἐαυτοός,
1742 5746 2055 5811 mendose.

2146 5745 2219 5809 lae
2247 5746 2354 5811 ἐπὶ.
2390 5748 2475 5810 ΙΙ).

415 5831 600 5898 Cum.
