4096 6348
486 286 594 352 851

1322 289 1383 350 8.
1428 283 1866 350 CLEMENTIS
1907 289 1930 347 Ι
1979 287 2160 349 ROM.
2210 285 2434 346 PONT.
2482 283 2729 346 ΟΡΕΗΑ
2774 280 3028 342 DUBIA.

3743 282 3870 344 85‘2

489 435 658 499 ctus;
684 425 949 506 profecto
970 425 1147 488 etiam
1179 443 1284 506 per
1311 442 1446 487 eum
1481 430 1610 502 post
1635 430 1884 486 mortem
1917 441 2148 484 resur-.

2235 422 2403 479 ναστόν
2609 443 2713 495 μου
2762 415 2906 474 εἶδον
2955 417 3005 474 οἱ
3071 415 3332 496 ὀφθαλμοί
3371 438 3491 506 σου,
3541 421 3628 474 καὶ
3667 419 3775 506 ἐπὶ-
3807 423 3870 474 τὸ

491 525 590 595 get
616 535 633 591 ;
657 522 720 577 ut
749 515 838 576 vel
882 525 1204 578 coronetur
1238 534 1345 596 pro
1369 512 1706 586 virtutibus,
1730 513 1816 573 vel
1856 513 2134 593 puniatur

491 623 599 686 pro
617 603 874 666 delictis.
900 605 1069 678 Quod
1094 605 1142 667 si
1161 604 1399 686 justitia
1421 602 1671 682 judicat,
1699 611 1758 662 ut
1790 602 2128 681 legislator;

493 693 993 775 quemadmodum
1056 696 1224 773 punit
1280 693 1520 774 impios,
1550 693 1636 753 sic
1669 691 1876 753 ﬁdeles
1924 700 1982 752 et
2032 693 2134 770 qui

496 789 739 864 propter
765 802 899 845 eum
931 783 1004 846 ab
1036 783 1379 846 hominibus
1409 790 1548 844 sunt
1601 781 1839 842 mactati
1872 791 2130 854 sanctos,

494 871 802 935 beneﬁcus
820 873 1241 953 salvat;partim
1269 873 1427 936 sicut
1449 880 1607 933 astra
1628 870 1975 950 splendidos
1997 871 2135 931 red-

495 959 668 1036 dens,
704 961 918 1040 partim
968 961 1130 1024 velut
1183 961 1498 1022 luminaria
1563 959 1948 1036 refulgentes,
1976 960 2136 1036 quod

498 1049 729 1114 Danieli
778 1051 1123 1130 prolocutus
1189 1059 1278 1112 est
1335 1049 1572 1114 Gabriel
1597 1047 1671 1111 49.
1705 1048 1888 1127 Igitur
1937 1048 2141 1110 ﬁdeles

500 1140 841 1221 omnes,qui
864 1140 1082 1204 Christi
1105 1159 1316 1203 sumus
1358 1139 1657 1220 discipuli,
1681 1137 1991 1217 promissis
2013 1139 2138 1218 ejus

499 1229 838 1292 credimus:
863 1249 998 1291 nam
1032 1230 1137 1311 qui
1169 1229 1463 1310 promisit,
1492 1228 1732 1290 mentiri
1764 1246 1880 1287 non
1907 1236 2134 1306 potest:

499 1317 643 1382 dicit
670 1326 866 1380 autem
902 1319 1108 1381 beatus
1131 1320 1419 1400 propheta
1436 1317 1619 1379 David
1648 1339 1662 1378 :
1690 1316 1922 1378 Fidelis
1943 1317 2143 1379 Domi-

500 1427 616 1471 nus
642 1409 708 1470 in
735 1407 1013 1471 omnibus
1034 1409 1229 1472 verbis
1255 1410 1405 1482 suis,
1431 1415 1485 1471 et
1505 1415 1751 1470 sanctus
1775 1409 1838 1467 in
1864 1407 2142 1468 omnibus

499 1495 784 1578 operibus
811 1498 942 1560 suis
965 1496 1040 1562 ⁸³.
1065 1495 1240 1562 Certe
1264 1497 1365 1578 qui
1395 1497 1508 1558 sibi
1540 1514 1760 1576 corpus
1791 1513 1861 1556 ex
1899 1495 2140 1574 Virgine

501 1586 916 1660 construxit,is
933 1594 991 1649 et
1009 1595 1362 1650 caeterorum
1387 1587 1693 1648 hominum
1719 1593 1808 1646 est
1826 1585 2094 1646 conditor
2121 1606 2136 1666 ;

502 1684 562 1740 et
589 1675 698 1753 qui
737 1693 803 1738 se
851 1695 885 1738 a
935 1677 1185 1739 mortuis
1230 1676 1522 1756 excitavit,
1554 1675 1712 1736 idem
1747 1687 1804 1735 et
1835 1691 2042 1734 omnes
2080 1675 2142 1734 in

2214 509 2417 588 βιϐλίον
2467 533 2561 569 σου
2611 507 2804 570 πάντες
2859 508 3248 586 γραφήσονται,
3303 529 3331 560 »
3369 504 3533 588 ’ᾼλλὰ
3565 510 3711 565 καὶό
3762 501 3867 564 Ἠ-

2217 586 2377 666 σαὶας
2406 599 2552 679 λέγει
2583 598 3018 676 προσευχόμενος
3041 596 3207 670 αύτῷ,
3236 595 3321 652 ὅτι
3358 586 3585 670 «Ἠμεῖς
3609 599 3636 654 ὁ
3660 599 3868 672 πηλὸς,

2218 692 2396 749 καὶσὺ
2427 691 2454 747 6
2480 690 2726 756 πλάστης
2770 687 2926 762 ἡμῶν
2986 685 3136 764 (44).
3177 710 3204 742 ι
3255 687 3314 743 Εἰ
3357 687 3525 745 τοίνυν
3556 692 3716 747 αὐτοῦ
3762 689 3870 756 δη-

2219 781 2527 858 μιούργημα
2556 780 2583 835 6
2630 778 2927 856 ἄνθρωπος,
2978 775 3056 832 διὺ
3103 782 3328 854 Χριστοῦ
3377 775 3687 859 γενόμενος,
3722 782 3868 835 πάν-

2217 892 2323 932 τως
2354 869 2434 926 ὅτι
2485 870 2571 925 καὶ
2627 867 2819 940 θανὼν,
2854 863 2920 921 δι’
2951 868 3108 923 αὑτοῦ
3139 866 3491 935 ἀναστήσεται
3527 884 3542 901 ⁸
3591 867 3676 925 ἐπὶ
3720 877 3802 941 τῷ
3834 870 3870 937 ἢ

2219 962 2506 1039 στεφθῆναι
2537 955 2657 1038 (45)
2703 957 2790 1012 επὶ
2822 968 2938 1018 τοῖς
2987 956 3415 1034 κατορθώμασιν,
3471 955 3507 1022 ἥ
3538 955 3870 1025 κολασθῆναι

2222 1049 2307 1106 ἐπὶ
2359 1061 2475 1112 τοῖς
2529 1044 2974 1123 πλημελημασιν.
3045 1047 3103 1102 Εἰ
3179 1042 3234 1099 δὲ
3298 1043 3603 1125 δικαιοσύνῃ
3666 1051 3867 1130 κρίνει,

2223 1140 2293 1204 ὡς
2341 1136 2633 1213 νομοθέτης
2669 1155 2686 1171 °
2740 1135 2918 1211 ὥσπερ
2972 1133 3183 1206 κολάζει
3242 1135 3364 1198 τοὺς
3397 1135 3638 1218 ἀσεϐεῖς,
3696 1140 3873 1201 οὕτως

2223 1233 2510 1306 εὐεργετῶν
2553 1229 2709 1297 σώζει
2744 1225 2866 1288 τοὺς
2920 1226 3158 1298 πιστοὺς,
3194 1225 3426 1288 καὶτοὺς
3473 1225 3536 1282 δι’
3574 1230 3731 1284 αὺτὸν
3777 1227 3872 1284 ὕπ’

2224 1318 2511 1398 ἀνθρώπων
2545 1315 2841 1396 σφαγέντας
2876 1314 3054 1394 ἁγίους
3090 1334 3104 1348 ⁶
3166 1317 3287 1381 τοὺς
3321 1316 3417 1392 μὲν
3447 1318 3519 1380 ὡς
3553 1315 3717 1396 ἄστρα
3748 1343 3877 1398 φαι.

2222 1407 2439 1488 δρύνων,
2489 1407 2613 1470 τοὺς
2664 1404 2718 1461 δὲ
2773 1407 2846 1468 ὡς
2879 1409 3162 1484 φωστῆρας
3196 1404 3513 1484 λαμπρύνων
3551 1422 3566 1436 ⁸
3608 1410 3785 1472 καθὼς
3847 1411 3874 1465 6

2226 1496 2460 1576 Γαϐριὴλ
2489 1504 2566 1569 τῷ
2601 1493 2804 1562 Δανιὴλ
2836 1493 2986 1573 ἔλεγε
3024 1515 3038 1531 ·
3075 1496 3307 1570 μαθηταὶ
3346 1498 3435 1552 οὖν
3481 1505 3709 1574 Χριστοῦ
3740 1499 3875 1554 πάν.

2222 1610 2310 1651 τες
2357 1587 2687 1666 δπάρχοντες
2746 1585 2793 1640 οἶ
2867 1585 3067 1664 πιστοὶ,
3151 1585 3467 1662 πιστεύομεν
3529 1589 3685 1645 αὗτοῦ
3747 1602 3874 1654 ταῖς

2221 1675 2566 1754 ἔπαγγελίαις
2607 1690 2621 1706 ⁶
2673 1671 2904 1749 ἀψευδὴς
2971 1674 3072 1752 γὰρ
3122 1675 3149 1730 ό
3205 1674 3684 1752 ἐπαγγειλάμενος·
3722 1677 3873 1755 λέγει

505 1772 696 1827 morte
703 1766 974 1845 jacentes
995 1765 1069 1827 ad
1091 1765 1265 1828 vitam
1299 1765 1504 1842 eriget.
1540 1763 1650 1837 Qui
1678 1764 2040 1824 frumentum
2072 1783 2141 1824 ex

2235 1762 2279 1821 δὲ
2323 1766 2350 1821 6
2382 1765 2637 1844 μακάριος
2697 1764 2978 1842 προφήτης
3032 1761 3213 1838 Δαϐὶδ,
3269 1763 3348 1820 ὅτι
3389 1782 3419 1822 (
3456 1768 3647 1830 Πιστὸς
3684 1766 3875 1845 Κύριος

501 1873 620 1916 uno
637 1872 818 1932 grano
839 1873 1225 1917 numerosum
1249 1862 1462 1917 eterra
1493 1853 1694 1916 educit
1716 1871 1731 1927 ;
1757 1853 1855 1933 qni
1880 1855 2136 1914 excisam

503 1943 779 2007 arborem
807 1944 1172 2025 repullulare
1193 1944 1329 2006 facit
1353 1944 1412 2005 in
1439 1943 1869 2024 surculum;qui
1891 1943 2142 2006 Aaronis

501 2033 724 2113 virgam
741 2035 866 2114 jam
906 2034 1210 2110 siccatam,
1245 2035 1306 2096 in
1355 2052 1603 2114 germen
1630 2034 1807 2113 jussit
1860 2051 2138 2113 prorum-

504 2121 724 2206 pere“
749 2144 762 2187 :
789 2123 917 2205 ipse
946 2143 1054 2186 nos
1085 2143 1327 2205 quoque
1356 2123 1664 2186 suscitabit
1688 2122 1748 2184 in
1789 2122 1995 2201 gloria.
2031 2122 2143 2194 Qui

507 2213 891 2296 paralyticum
923 2232 1132 2276 sanum
1177 2218 1234 2275 in
1279 2214 1462 2295 pedes
1492 2213 1689 2274 statuit
1718 2212 1772 2254 ‘5
1799 2233 1814 2286 ;
1848 2220 1903 2272 et
1935 2230 2144 2274 manus

505 2303 778 2366 ariditate
809 2302 1176 2366 laborantem
1233 2302 1663 2377 curavit“;et
1711 2320 1866 2363 caeco
1907 2321 1940 2362 a
1986 2302 2144 2363 nati-

502 2393 702 2472 vitate,
728 2392 884 2472 quod
923 2391 1238 2454 deﬁciebat
1289 2391 1650 2466 membrum,
1681 2408 1787 2470 per
1833 2397 2053 2450 terram
2089 2399 2148 2450 et

505 2481 744 2546 salivam
775 2481 1041 2544 reddidit
1067 2479 1160 2542 ‘7:
1200 2482 1250 2544 is
1272 2481 1402 2563 ipse
1433 2500 1544 2544 nos
1579 2498 1817 2561 quoque
1859 2479 1933 2540 ad
1968 2479 2144 2540 vitam

503 2570 820 2634 revocabit.
853 2570 966 2643 Qui
996 2589 1064 2634 ex
1096 2572 1358 2653 quinque
1404 2569 1658 2652 panibus
1689 2577 1747 2630 et
1778 2567 2010 2629 duobus
2046 2569 2142 2648 pi-

507 2659 707 2725 scibus
736 2659 1002 2741 quinque
1029 2660 1217 2722 millia
1247 2661 1506 2723 virorum
1542 2657 1793 2734 satiavit,
1830 2657 2054 2719 faciens
2085 2665 2146 2719 ut

509 2748 823 2814 duodecim
871 2748 1111 2830 cophini
1162 2746 1659 2831 superessent“;
1689 2757 1746 2809 et
1775 2766 1843 2808 ex
1875 2766 2025 2828 aqua
2056 2748 2146 2807 vi-

510 2854 650 2900 num
691 2836 949 2900 confecit
970 2835 1026 2880 ⁸ο
1054 2858 1070 2910 ;
1093 2845 1151 2900 et
1177 2857 1244 2900 ex
1270 2855 1374 2900 ore
1396 2837 1579 2919 piscis
1613 2844 1934 2899 extractum
1962 2844 2148 2897 state-

507 2945 636 2991 rem
663 2943 773 3007 per
801 2944 897 2988 me
925 2928 1162 2989 Petrum
1197 2926 1357 2988 misit
1385 2944 1605 2991 census
1637 2925 2015 2990 exactoribus
2043 2928 2105 2977 50
2129 2944 2144 2989 :

2224 1855 2279 1912 ἂν
2309 1861 2440 1910 πᾶσι
2470 1867 2588 1919 τοῖς
2620 1852 2802 1932 λόγοις
2834 1854 3020 1934 αὐτοῦ,
3053 1854 3143 1910 καὶ
3173 1852 3316 1915 ὅσιος
3506 1855 3559 1911 ὲν
3590 1862 3717 1912 πᾶσι
3747 1863 3874 1920 τοῖς

2224 1943 2396 2023 ἔργοις
2446 1948 2629 2005 αὺτοῦ.
2685 1966 2706 2000 ι)
2767 1941 2827 2001 ’0
2887 1944 2988 2022 γὰρ
3035 1943 3096 1998 ἐκ
3158 1944 3418 2021 παρθένου
3468 1946 3637 2020 ἐαυτῷ
3696 1970 3874 2004 κατα-

2225 2031 2481 2098 σκευάσας
2514 2039 2693 2109 σῶμα,
2727 2033 2879 2097 οὗτος
2910 2034 2998 2089 καὶ
3027 2039 3131 2088 τῶν
3193 2032 3368 2089 ἄλλων
3429 2035 3716 2112 ἀνθρώπων
3775 2038 3881 2105 δη-

2226 2146 2476 2205 μιουργος
2507 2123 2619 2180 ἐστι
2646 2138 2660 2152 ⁹
2695 2124 2783 2179 καὶ
2813 2122 2943 2202 (47)
2976 2123 3160 2178 ἑαυτὸν
3208 2124 3508 2193 ἀναστήσας
3557 2129 3618 2181 ὲκ
3644 2129 3749 2182 τῶν
3785 2151 3880 2184 νε-

2225 2222 2410 2296 796w,-
2456 2217 2610 2276 αὐτὸς
2670 2215 2755 2269 καὶ
2810 2213 3007 2274 πάντας
3063 2213 3183 2277 τοὺς
3226 2213 3500 2288 κειμένους
3555 2215 3874 2286 ἀναστήσει·

2226 2307 2254 2362 6
2283 2307 2374 2361 τὸν
2407 2303 2567 2383 πυρόν
2599 2303 2650 2370 ἐξ
2683 2304 2798 2366 ἑνὸς
2829 2302 3028 2359 κόκκου
3087 2301 3360 2382 πολύχουν
3393 2304 3452 2360 ἐκ
3481 2309 3582 2382 γῆς
3618 2308 3875 2383 ἂνιστῶν,

2226 2396 2253 2452 6
2284 2395 2345 2451 τὸ
2377 2392 2602 2450 ἐκκοπέν
2636 2391 2842 2466 δένδρον
2889 2393 2961 2456 εἷς
3019 2389 3279 2469 ῥάδαμνον
3319 2393 3648 2474 ἀναϐάλλων,
3704 2397 3731 2452 6
3776 2400 3882 2465 τὴν

2227 2483 2419 2564 ’Λαρδν
2461 2481 2646 2561 ῥάϐδον
2681 2481 2975 2560 ξηράνασαν
3206 2480 3431 2560 ἐκφύσας
3488 2485 3560 2545 είς
3590 2484 3822 2560 βλαστόν
3860 2508 3878 2524 ο

2229 2575 2384 2638 αὐτὸς
2413 2574 2502 2630 καὶ
2545 2575 2688 2648 ἡμᾶς
2721 2571 2898 2650 ἐγερεῖ
2947 2570 3002 2626 έν
3058 2570 3200 2648 δόξῃ.
3262 2565 3318 2629 Ὀ
3371 2574 3462 2628 τὸν
3518 2575 3879 2652 παραλυτικὸν

2228 2669 2366 2719 σῶον
2421 2662 2714 2743 ἀνεγείρας,
2790 2663 2878 2718 καὶ
2939 2663 3030 2717 τὸν
3083 2660 3455 2740 ἐξηραμμένην
3525 2662 3720 2744 ἔχοντα
3777 2670 3879 2734 τήν

2230 2766 2396 2833 χεῖρα
2425 2752 2734 2833 ἰασάμενος,
2785 2754 2875 2810 καὶ
2918 2754 2978 2807 τὸ
3027 2750 3218 2808 λεῖπον
3251 2752 3408 2831 μέρος
3438 2753 3490 2810 ἰν
3526 2756 3602 2828 τῷ
3631 2755 3692 2811 ἐκ
3719 2779 3877 2834 γενε-

2230 2847 2327 2909 τῆς
2377 2849 2537 2921 πηρῷ
2579 2841 2638 2898 ἆκ
2672 2847 2774 2920 γῆς
2805 2842 2892 2897 καὶ
2941 2839 3117 2898 σιέλου
3173 2838 3398 2904 ἀποδούς
3439 2861 3450 2873 ’
3502 2845 3529 2898 ὁ
3578 2847 3735 2909 αύτὸς
3792 2846 3883 2902 καὶ

2230 2933 2375 3007 ἡμᾶς
2404 2931 2668 3010 ἀνεγερεῖ.
2717 2929 2776 2988 Ὀ
2821 2930 2883 2987 ἐκ
2943 2929 3099 2986 πέντε
3161 2927 3332 3006 ἄρτων
3391 2933 3478 2986 καὶ
3533 2929 3622 2989 δύο
3679 2936 3885 3013 ἰχθύων

507 3017 667 3088 idem
700 3023 757 3078 et
784 3023 976 3078 morte
1013 3015 1276 3079 sublatos
1309 3016 1443 3078 vitae
1489 3015 1720 3078 reddet.
1760 3014 1897 3078 Haec
1928 3016 2148 3097 quippe

2235 3021 2697 3102 πεντακισχιλίους
2768 3020 3015 3099 κορέσας,
3103 3021 3191 3075 καὶ
3271 3022 3617 3099 περισσεύσας
3679 3022 3885 3081 δώδεκα

509 3107 711 3170 omnia
743 3104 818 3168 de
843 3124 915 3168 eo
937 3111 1288 3170 attestamur
1318 3106 1469 3182 ;alia
1497 3124 1635 3168 vero
1670 3107 1998 3187 prophetae.
2033 3105 2154 3169 Nos

508 3196 758 3278 quicum
783 3214 854 3258 eo
876 3195 1246 3258 comedimus
1268 3212 1338 3258 ac
1359 3193 1619 3257 bibimus
1644 3203 1738 3272 ;et
1759 3195 2154 3276 spectavimus

519 3285 805 3351 miracula
826 3287 978 3367 ejus,
1015 3287 1212 3362 vitam,
1247 3287 1784 3367 conversationem,
1815 3305 2150 3364 sermones,

514 3376 849 3458 passiones,
882 3383 1158 3452 mortem,
1184 3385 1360 3458 atque
1385 3395 1456 3439 ex
1487 3377 1734 3438 mortuis
1765 3378 2156 3439 resurrectio-

517 3484 692 3543 nem;
727 3472 786 3528 et
814 3483 950 3526 cum
997 3483 1067 3526 eo
1100 3483 1207 3547 per
1253 3466 1639 3547 quadraginta
1670 3466 1799 3527 dies
1839 3476 2152 3547 postquam

517 3555 694 3620 rediit
722 3553 794 3617 ad
842 3555 1021 3617 vitam
1050 3555 1131 3629 54,
1165 3556 1384 3618 versati
1434 3574 1676 3632 sumus;
1704 3565 1759 3617 et
1811 3555 2152 3618 mandatum

513 3645 854 3725 accepimus
883 3644 957 3707 ab
985 3664 1081 3721 eo,
1117 3645 1474 3726 praedicandi
1510 3645 1895 3725 Evangelium
1928 3649 1983 3705 in
2017 3646 2152 3724 uni-

515 3754 687 3799 verso
711 3734 1222 3808 mundo,docendi
1250 3753 1459 3798 omnes
1474 3745 1705 3815 gentes,
1727 3753 1792 3796 ac
1816 3735 2154 3813 baptizandi

513 3826 577 3889 in
603 3832 856 3887 mortem
887 3823 1019 3904 ejus
1033 3823 1118 3899 53,
1143 3823 1204 3887 in
1235 3825 1588 3888 auctoritate
1623 3825 1728 3888 Dei
1759 3836 2149 3908 cunctorum;

515 3915 618 3998 qui
639 3922 728 3976 est
752 3917 929 3977 Pater
950 3913 1100 3993 ejus,
1127 3932 1239 3977 nec
1265 3933 1385 3976 non
1416 3914 1477 3975 in
1512 3914 1847 3976 testimonio
1873 3914 2153 3997 Spiritus,

516 4005 616 4089 qui
639 4011 729 4066 est
747 4003 1089 4067 Paracletus
1116 4025 1128 4062 :
1161 4021 1292 4084 nos,
1318 4004 1589 4084 inquam,
1611 4004 1734 4066 haec
1759 4005 1959 4066 omnia
1983 4005 2158 4068 doce-

517 4113 650 4158 mus
678 4111 819 4170 vos;
854 4111 986 4174 quas
1015 4112 1147 4155 cum
1193 4093 1478 4156 edixisset
1511 4093 1705 4175 nobis,
1738 4094 1799 4155 in
1830 4102 2156 4174 conspectu

517 4191 720 4246 nostro
735 4190 1074 4263 assumptus
1094 4191 1183 4245 est
1207 4185 1266 4246 in
1291 4183 1666 4260 cmlum”,ad
1688 4201 1822 4245 eum
1848 4185 1946 4265 qui
1962 4185 2156 4266 ipsum

521 4275 783 4338 miserat.
809 4273 1003 4352 Atque
1025 4273 1076 4334 si
1094 4272 1495 4349 credideritis,
1521 4272 1681 4336 beati
1706 4274 1869 4336 eritis
1896 4296 1910 4346 ;
1937 4275 1985 4336 si
2010 4294 2158 4336 con-

518 4373 604 4426 tra
645 4380 765 4424 non
816 4360 1211 4438 credideritis,
1249 4380 1360 4423 nos
1409 4363 1761 4425 innocentes
1799 4372 1856 4425 et
1889 4364 2096 4426 mundi
2127 4385 2161 4428 a

515 4460 708 4517 vestra
734 4449 1152 4513 incredulitate
1191 4452 1588 4532 reperiemur.

2233 3111 2503 3192 κοφίνους,
2561 3113 2649 3167 καὶ
2693 3109 2746 3176 ιξ
2776 3108 2963 3173 ὕδατος
3022 3107 3172 3166 οἶνον
3232 3111 3626 3185 μεταποιήσας,
3677 3115 3766 3169 καὶ
3827 3114 3889 3172 ix

2235 3202 2499 3277 στόματος
2531 3201 2711 3281 ἰχθύος
2743 3205 2986 3276 στατῆρα
3029 3196 3097 3253 δι’
3129 3198 3260 3275 ἐμοῦ
3303 3198 3500 3274 Πέτρου
3551 3215 3667 3265 τοῖς
3716 3203 3887 3259 ἁπαι-

2235 3298 2379 3347 τοῦσι
2411 3297 2608 3358 κῆνσον
2639 3289 2959 3353 ἀποστείλας
2999 3307 3012 3323 ⁸
3073 3289 3225 3351 οὗτος
3251 3291 3337 3344 καὶ
3371 3292 3492 3352 τοὺς
3522 3293 3736 3370 νεκροὺς
3768 3294 3893 3349 ἆνε-

2237 3393 2406 3459 γερεῖ.
2467 3382 2643 3439 Ταῦτα
2699 3381 2799 3457 γὰρ
2849 3379 3060 3435 ἅπαντα
3115 3381 3281 3454 ἡμεῖς
3330 3381 3450 3457 περὶ
3495 3380 3653 3438 αὖτοῦ
3683 3405 3890 3460 p.1th-

2236 3473 2429 3548 ροῦμεν
2465 3485 2479 3500 ⁸
2516 3471 2580 3526 τὰ
2612 3467 2656 3525 δ’
2690 3469 2826 3525 ἄλλα
2849 3471 2896 3524 οἱ
2928 3474 3219 3548 προφῆται.
3277 3466 3469 3544 Ἠμεῖς
3500 3473 3545 3526 οἱ
3576 3474 3892 3552 συμφαγόν-

2235 3581 2321 3623 τες
2356 3559 2496 3632 αὒτῷ
2542 3560 2631 3615 καὶ
2687 3557 3005 3634 συμπιόντες
3041 3577 3056 3593 ⁸
3093 3561 3182 3614 καὶ
3211 3561 3391 3614 θεαταὶ
3441 3561 3720 3637 γενόμεντι
3782 3569 3893 3618 τῶν

2237 3651 2395 3706 αὐτοῦ
2451 3650 2763 3728 τεραστίων,
2813 3650 2899 3704 καὶ
2956 3649 3052 3716 τῆς
3113 3649 3282 3722 ζωῆς,
3346 3651 3559 3716 καὶτῆς
3589 3649 3891 3727 πολιτείας,

2236 3742 2458 3796 καὶτῶν
2519 3739 2721 3818 λόγων,
2762 3739 2848 3796 καὶ
2880 3743 2982 3796 τῶν
3027 3738 3383 3818 παθημάτων,
3438 3743 3524 3796 καί
3573 3749 3660 3797 τοῦ
3721 3743 3892 3797 θανά-

2237 3849 2351 3903 του,
2384 3830 2468 3885 ιιαὶ
2497 3834 2595 3897 τῆς
2625 3830 2687 3883 εκ
2720 3834 2914 3902 νεκρῶν
2967 3830 3125 3885 αὐτοῦ
3180 3827 3544 3904 ἀναστάσεως,
3583 3832 3670 3887 καὶ
3723 3855 3896 3888 συνα-

2239 3918 2620 3998 ναστραφέντες
2681 3921 2821 3991 semp
2875 3917 3080 3997 ἡμέρας
3141 3919 3534 3991 τεσσαράκοντα
3598 3922 3734 3994 μετὰ
3789 3923 3893 3990 τήν

2239 4008 2441 4087 ἔγερσιν
2502 4009 2657 4065 αὒτοῦ
2695 4022 2709 4039 ⁸
2797 4009 2883 4064 καὶ
2957 4005 3208 4071 λαϐόντες
3266 4006 3488 4076 ὶντολῆν
3548 4009 3670 4086 παρ’
3731 4010 3895 4068 αὒτοῦ

2239 4095 2458 4175 κηρύξαι
2486 4097 2548 4153 τὸ
2580 4096 2904 4176 Ειῖιαγγὲλιον
2961 4098 3032 4157 εἰς
3084 4095 3207 4154 ὅλον
3237 4101 3328 4154 τὸν
3359 4100 3582 4174 κόσμον,
3633 4101 3720 4155 καὶ
3777 4123 3894 4174 μα-

2241 4191 2490 4255 θητεῦσαι
2521 4187 2787 4243 πάντατὰ
2818 4186 2967 4261 ἔθνη,
3022 4192 3108 4242 καί
3162 4187 3414 4263 βαπτίσαι
3465 4190 3536 4253 εἷς
3593 4189 3682 4245 τὸν
3734 4194 3896 4247 αύτοῦ

2242 4278 2489 4351 θάνατον,
2547 4276 2634 4333 ἰπὶ
2688 4276 2923 4348 αὒθεντίᾳ
2967 4283 3057 4333 τοῦ
3091 4277 3222 4333 Θεοῦ
3258 4283 3364 4333 τῶν
3424 4275 3589 4352 ὅλων,
3639 4278 3694 4339 ὅς
3743 4279 3894 4336 ὶστιν

2243 4369 2398 4425 αὐτοῦ
2458 4368 2665 4446 Πατὴρ,
2709 4369 2797 4423 καὶ
2851 4367 3107 4446 μαρτυρίᾳ
3139 4367 3471 4443 Πνεύματος,
3514 4367 3573 4430 ὅς
3619 4367 3730 4425 ἐστι
3777 4375 3896 4425 Πα-

2243 4455 2510 4535 ράκλητος
2541 4473 2555 4487 ’
2590 4455 2906 4531 διδάσκομεν
2959 4457 3094 4532 ὑμᾶς
3137 4455 3300 4513 ταῦτα
3349 4457 3542 4537 πάντα,
3577 4457 3610 4511 ἅ
3639 4456 3898 4524 διαταξά-

519 4565 676 4622 μενος
722 4545 858 4617 ἡμῖν
891 4540 1163 4621 ἀνελήφθη
1194 4542 1280 4598 ἐπ’
1312 4542 1431 4617 ὄψει
1464 4544 1618 4618 ἡμῶν
1678 4544 1750 4607 εἰς
1796 4546 1884 4600 τὸν
1945 4547 2160 4621 οὐρανὸν
2222 4550 2352 4626 πρὸς
2402 4549 2494 4602 τὸν
2550 4544 2936 4604 ἀποστείλαντα
2994 4547 3179 4608 αὐτὸν.
3239 4547 3337 4605 Καὶ
3390 4547 3478 4602 ἐὰν
3527 4547 3624 4622 μὲν
3669 4551 3896 4605 πιστεύ-

519 4656 672 4708 σητε,
733 4632 978 4710 μακὰρίοι
1036 4633 1343 4708 γενήσεσθε’
1401 4633 1444 4687 εἰ
1502 4629 1556 4686 δὲ
1610 4634 1686 4706 μὴ
1748 4633 2099 4708 πεστεύσητε,
2161 4635 2320 4694 ἆθῶοι
2379 4636 2546 4713 ἡμεῖς
2624 4635 3008 4715 εὒρεθησόμεθα
3060 4637 3147 4691 καὶ
3201 4635 3418 4713 καθαροὶ
3473 4641 3572 4702 τῆς
3631 4638 3897 4717 ὑμετέρας

516 4722 840 4783 δυσπιστίας.

593 4853 647 4899 ⁸³
671 4854 825 4938 Dan.
860 4871 966 4938 xu,
1000 4853 1058 4918 3.
1141 4852 1198 4938 f’
1227 4855 1386 4938 Psal.
1411 4871 1609 4938 cxuv,
1643 4857 1773 4938 13.7
1830 4854 2078 4938 “Num.
2113 4873 2148 4938 ιι

2243 4905 2259 4931 ,
2293 4857 2353 4920 8.
2439 4856 2492 4898 ⁸⁵
2545 4856 2748 4938 Matth.
2782 4873 2862 4938 IX,
2891 4859 2953 4921 5.
3037 4855 3093 4938 ιβ
3121 4859 3306 4938 Marc.
3339 4854 3517 4938 111,5.
3560 4849 3614 4897 ‘7
3634 4855 3894 4938 Joannx,

521 4939 576 5018 7,.
661 4933 1234 5018 “Matthixtvﬂo.
1318 4933 1574 4998 “Joan.
1626 4952 1688 5010 ιι,
1749 4937 1806 5001 3.
1896 4935 1947 4980 ⁵ο
1997 4935 2204 4999 Matth.
2260 4953 2408 5018 xvu,
2467 4938 2569 5001 26.
2653 4937 2702 4980 ιι
2758 4933 2892 5002 Act.
2958 4956 3001 5018 ι,
3049 4937 3110 5003 3.
3193 4935 3247 4981 ⁵³
3276 4935 3480 4999 Matth.
3542 4952 3727 4998 xxvm
3792 4935 3890 4997 18.

514 5017 567 5063 ⁵³
597 5018 732 5080 Act.
765 5035 810 5098 ι,
843 5016 903 5080 9.

1865 5149 2246 5218 νΑιιιΟΒυΜ
2291 5152 2540 5218 ΝΟΤᾹΕ.

603 5314 722 5395 (43)
755 5312 831 5395 T6_
877 5311 1292 5395 ἀκατέργαστον.
1357 5313 1684 5395 Prmﬁgitur
1729 5315 1791 5375 in
1842 5314 2028 5376 altern
2073 5317 2160 5372 καὶ

518 5391 688 5471 αὖθις,
723 5399 787 5455 ιιι
816 5391 876 5452 in
914 5391 1209 5473 versione,
1242 5410 1354 5455 nec
1387 5391 1561 5456 male.
1593 5394 1773 5457 CLER.

599 5473 719 5554 (44)
757 5475 855 5532 Καὶ
884 5473 952 5554 σὺ.
993 5475 1020 5529 ὁ
1081 5471 1357 5554 πλάστης,
1389 5477 1568 5549 ἡμῶν,
1629 5477 1756 5537 Νοιι
1794 5474 2076 5536 abhorret
2127 5493 2160 5535 a
2252 5531 2255 5535 .

521 5551 852 5627 vero,'esse
877 5551 1053 5614 etiam
1082 5559 1182 5610 τῶν
1213 5552 1296 5636 θ’,
1325 5553 1466 5616 licet
1494 5554 1650 5636 apud
1675 5573 1780 5616 eos
1794 5556 2155 5636 jampridem

519 5653 639 5697 non
671 5640 1074 5714 compareant,
1110 5641 1168 5694 et
1197 5633 1309 5695 sub
1332 5633 1620 5696 asterisco
1657 5633 1823 5711 quasi
1847 5633 2082 5713 Aquila;
2099 5643 2158 5696 et

516 5712 1354 5808 Theodotionis,ponantur‘in
1371 5715 1634 5808 editione
1655 5716 1926 5808 Procopii
1948 5734 2016 5777 ex
2038 5734 2152 5808 ms.

517 5793 734 5861 Renati
763 5791 1157 5856 Marchali.Ac
1180 5794 1330 5857 forte
1355 5795 1819 5860 continebantur
1847 5791 1911 5858 in
1945 5795 2156 5860 codice

515 5894 633 5962 quo
655 5892 802 5938 usus
831 5872 942 5936 fuit
961 5873 1379 5940 Theodoritus.
1414 5878 1558 5940 Cor.

2328 5315 2458 5395 (45)
2489 5320 2812 5394 Στεφθῆναι.
2884 5314 3054 5395 Alter
3102 5313 3237 5376 cod.
3302 5311 3482 5395 Vind.
3545 5317 3895 5390 στεῖρανωθῆ-

2241 5393 2350 5472 ναι,
2389 5393 2594 5458 eadem
2609 5393 3062 5469 sententia,sed
3088 5412 3230 5456 voce
3255 5393 3430 5474 paulo
3453 5393 3892 5535 frequentiore.

2252 5531 2255 5535 .
3586 5488 3721 5534 LER.

3586 5488 3721 5534 LER.

2479 5559 2575 5614 Καὶ
2606 5557 2750 5620 ὅσιος
2810 5571 2998 5637 usque
3042 5553 3115 5637 ad
3177 5555 3351 5616 αὒτοῦ.
3401 5554 3629 5616 Desunt
3681 5554 3739 5613 in
3775 5571 3891 5614 an-

2242 5635 2498 5717 tiquiore
2531 5637 2636 5698 sed
2667 5635 2969 5717 deteriore
2999 5635 3134 5697 cod.
3171 5638 3251 5698 In.

2323 5715 2449 5797 (47)
2483 5719 2601 5781 Καί.
2637 5717 2790 5796 Lege
2821 5735 2891 5780 ex
2921 5716 3107 5797 altero
3138 5717 3271 5779 cod.
3304 5717 3399 5774 Καὶ
3427 5715 3474 5774 ὁ.
3526 5715 3611 5778 In.

2319 5795 2435 5876 (48)
2465 5795 2803 5877 Ξεράνασαν,
2881 5796 3050 5860 Alter
3120 5797 3462 5879 ξηραίνουσαν
3555 5796 3887 5938 ἐκςῖδσήσας.

3664 5902 3718 5938 ιι.

3664 5902 3718 5945 ῃ.
