  <div class='ocr_page' id='page_1' title='image "/cluster/home/n/w/nwhite01/storage/ocr_20150623/1/hvd.32044073501413/514.png"; bbox 0 0 4068 6350; ppageno 0'>
   <div class='ocr_carea' id='block_1_1' title="bbox 497 357 2157 426">
    <p class='ocr_par' dir='ltr' id='par_1_1' title="bbox 497 359 2157 426">
     <span class='ocr_line' id='line_1_1' title="bbox 497 359 2157 426; baseline -0.003 -1"><span class='ocrx_word' id='word_1_1' title='bbox 497 360 649 426; x_wconf 80' lang='grc'>1015</span> <span class='ocrx_word' id='word_1_2' title='bbox 1313 360 1375 423; x_wconf 80' lang='lat' dir='ltr'><strong>S.</strong></span> <span class='ocrx_word' id='word_1_3' title='bbox 1421 360 1860 426; x_wconf 84' lang='lat' dir='ltr'><strong>CLEMENTIS</strong></span> <span class='ocrx_word' id='word_1_4' title='bbox 1906 362 1928 421; x_wconf 91' lang='grc' dir='ltr'>Ι</span> <span class='ocrx_word' id='word_1_5' title='bbox 1976 359 2157 421; x_wconf 84' lang='lat' dir='ltr'><strong>ROM.</strong></span> 
     </span>
    </p>
   </div>
   <div class='ocr_carea' id='block_1_2' title="bbox 2252 357 3879 426">
    <p class='ocr_par' dir='ltr' id='par_1_2' title="bbox 2252 357 3879 423">
     <span class='ocr_line' id='line_1_2' title="bbox 2252 357 3879 423; baseline -0.002 0"><span class='ocrx_word' id='word_1_6' title='bbox 2252 359 2429 423; x_wconf 90' lang='lat' dir='ltr'><strong>ONT.</strong></span> <span class='ocrx_word' id='word_1_7' title='bbox 2476 358 2724 421; x_wconf 82' lang='lat' dir='ltr'><strong>OPERA</strong></span> <span class='ocrx_word' id='word_1_8' title='bbox 2770 358 3023 421; x_wconf 80' lang='lat' dir='ltr'><strong>DUBIA.</strong></span> <span class='ocrx_word' id='word_1_9' title='bbox 3721 357 3879 421; x_wconf 76' lang='grc'><strong>1016</strong></span> 
     </span>
    </p>
   </div>
   <div class='ocr_carea' id='block_1_3' title="bbox 494 488 2157 575">
    <p class='ocr_par' dir='ltr' id='par_1_3' title="bbox 494 491 2137 575">
     <span class='ocr_line' id='line_1_3' title="bbox 494 491 2137 575; baseline -0.004 -16"><span class='ocrx_word' id='word_1_10' title='bbox 494 496 623 567; x_wconf 79' lang='grc' dir='ltr'>ἀίὶι,</span> <span class='ocrx_word' id='word_1_11' title='bbox 657 511 792 558; x_wconf 87' lang='lat' dir='ltr'><strong>cum</strong></span> <span class='ocrx_word' id='word_1_12' title='bbox 822 493 1008 559; x_wconf 68' lang='lat' dir='ltr'><strong>Iudae</strong></span> <span class='ocrx_word' id='word_1_13' title='bbox 1058 494 1313 575; x_wconf 87' lang='lat' dir='ltr'><strong>pecunia</strong></span> <span class='ocrx_word' id='word_1_14' title='bbox 1346 494 1739 575; x_wconf 80' lang='lat' dir='ltr'><strong>proditionem</strong></span> <span class='ocrx_word' id='word_1_15' title='bbox 1773 501 1934 557; x_wconf 90' lang='lat' dir='ltr'><strong>esset</strong></span> <span class='ocrx_word' id='word_1_16' title='bbox 1966 491 2137 574; x_wconf 84' lang='lat' dir='ltr'><strong>polli-</strong></span> 
     </span>
    </p>
   </div>
   <div class='ocr_carea' id='block_1_4' title="bbox 2252 488 3873 575">
    <p class='ocr_par' dir='ltr' id='par_1_4' title="bbox 2252 488 3873 570">
     <span class='ocr_line' id='line_1_4' title="bbox 2252 488 3873 570; baseline 0 -23"><span class='ocrx_word' id='word_1_17' title='bbox 2252 488 2390 548; x_wconf 88' lang='grc' dir='ltr'>[ούδα</span> <span class='ocrx_word' id='word_1_18' title='bbox 2437 489 2711 570; x_wconf 80' lang='grc' dir='ltr'>χρήμασιν</span> <span class='ocrx_word' id='word_1_19' title='bbox 2758 489 3217 569; x_wconf 78' lang='grc' dir='ltr'><strong>ἐπαγγειλαμένου</strong></span> <span class='ocrx_word' id='word_1_20' title='bbox 3262 491 3360 557; x_wconf 82' lang='grc' dir='ltr'><strong>τὴν</strong></span> <span class='ocrx_word' id='word_1_21' title='bbox 3403 489 3687 568; x_wconf 88' lang='grc' dir='ltr'>προδοσίαν</span> <span class='ocrx_word' id='word_1_22' title='bbox 3720 509 3735 523; x_wconf 91' lang='grc'><strong>·</strong></span> <span class='ocrx_word' id='word_1_23' title='bbox 3772 494 3873 561; x_wconf 77' lang='grc' dir='ltr'>τὴν</span> 
     </span>
    </p>
   </div>
   <div class='ocr_carea' id='block_1_5' title="bbox 494 578 2157 664">
    <p class='ocr_par' dir='ltr' id='par_1_5' title="bbox 494 583 2141 664">
     <span class='ocr_line' id='line_1_5' title="bbox 494 583 2141 664; baseline -0.004 -17"><span class='ocrx_word' id='word_1_24' title='bbox 494 586 691 648; x_wconf 85' lang='lat' dir='ltr'><strong>citus:</strong></span> <span class='ocrx_word' id='word_1_25' title='bbox 728 586 1060 648; x_wconf 87' lang='lat' dir='ltr'><strong>Parasceve</strong></span> <span class='ocrx_word' id='word_1_26' title='bbox 1115 592 1336 663; x_wconf 87' lang='lat' dir='ltr'><strong>autem,</strong></span> <span class='ocrx_word' id='word_1_27' title='bbox 1394 584 1532 664; x_wconf 88' lang='lat' dir='ltr'><strong>quia</strong></span> <span class='ocrx_word' id='word_1_28' title='bbox 1579 603 1648 645; x_wconf 94' lang='lat' dir='ltr'><strong>eo</strong></span> <span class='ocrx_word' id='word_1_29' title='bbox 1701 584 1799 644; x_wconf 91' lang='lat' dir='ltr'><strong>die</strong></span> <span class='ocrx_word' id='word_1_30' title='bbox 1854 583 2141 643; x_wconf 84' lang='lat' dir='ltr'><strong>Dominus</strong></span> 
     </span>
    </p>
   </div>
   <div class='ocr_carea' id='block_1_6' title="bbox 2252 578 3873 664">
    <p class='ocr_par' dir='ltr' id='par_1_6' title="bbox 2255 579 3873 658">
     <span class='ocr_line' id='line_1_6' title="bbox 2255 579 3873 658; baseline 0.002 -23"><span class='ocrx_word' id='word_1_31' title='bbox 2255 580 2673 657; x_wconf 76' lang='grc' dir='ltr'>ὲπαρασκευὴν,</span> <span class='ocrx_word' id='word_1_32' title='bbox 2727 579 2807 636; x_wconf 81' lang='grc' dir='ltr'><strong>ὅτι</strong></span> <span class='ocrx_word' id='word_1_33' title='bbox 2868 580 3059 637; x_wconf 75' lang='grc' dir='ltr'>ἔπαθεν</span> <span class='ocrx_word' id='word_1_34' title='bbox 3121 583 3148 636; x_wconf 84' lang='grc' dir='ltr'>ὁ</span> <span class='ocrx_word' id='word_1_35' title='bbox 3195 581 3379 658; x_wconf 71' lang='grc' dir='ltr'>Κύριος</span> <span class='ocrx_word' id='word_1_36' title='bbox 3422 582 3477 636; x_wconf 76' lang='grc' dir='ltr'><strong>εν</strong></span> <span class='ocrx_word' id='word_1_37' title='bbox 3524 583 3655 657; x_wconf 71' lang='grc' dir='ltr'>αὒτῇ</span> <span class='ocrx_word' id='word_1_38' title='bbox 3702 582 3873 644; x_wconf 69' lang='grc' dir='ltr'>πάθος</span> 
     </span>
    </p>
   </div>
   <div class='ocr_carea' id='block_1_7' title="bbox 496 671 2139 754">
    <p class='ocr_par' dir='ltr' id='par_1_7' title="bbox 496 671 2139 754">
     <span class='ocr_line' id='line_1_7' title="bbox 496 671 2139 754; baseline -0.003 -19"><span class='ocrx_word' id='word_1_39' title='bbox 496 683 749 737; x_wconf 90' lang='lat' dir='ltr'><strong>mortem</strong></span> <span class='ocrx_word' id='word_1_40' title='bbox 782 674 976 736; x_wconf 90' lang='lat' dir='ltr'><strong>crucis</strong></span> <span class='ocrx_word' id='word_1_41' title='bbox 1007 691 1217 754; x_wconf 89' lang='lat' dir='ltr'><strong>passus</strong></span> <span class='ocrx_word' id='word_1_42' title='bbox 1248 681 1357 748; x_wconf 91' lang='lat' dir='ltr'><strong>est,</strong></span> <span class='ocrx_word' id='word_1_43' title='bbox 1397 672 1505 734; x_wconf 91' lang='lat' dir='ltr'><strong>sub</strong></span> <span class='ocrx_word' id='word_1_44' title='bbox 1539 671 1747 734; x_wconf 90' lang='lat' dir='ltr'><strong>Pontio</strong></span> <span class='ocrx_word' id='word_1_45' title='bbox 1780 672 1993 735; x_wconf 80' lang='lat' dir='ltr'><strong>Pilato.</strong></span> <span class='ocrx_word' id='word_1_46' title='bbox 2030 671 2139 733; x_wconf 84' lang='lat' dir='ltr'><strong>At-</strong></span> 
     </span>
    </p>
   </div>
   <div class='ocr_carea' id='block_1_8' title="bbox 496 761 2136 846">
    <p class='ocr_par' dir='ltr' id='par_1_8' title="bbox 496 761 2136 846">
     <span class='ocr_line' id='line_1_8' title="bbox 496 761 2136 846; baseline -0.004 -22"><span class='ocrx_word' id='word_1_47' title='bbox 496 764 595 846; x_wconf 89' lang='lat' dir='ltr'><strong>qui</strong></span> <span class='ocrx_word' id='word_1_48' title='bbox 620 763 941 827; x_wconf 85' lang='lat' dir='ltr'><strong>Sabbatum</strong></span> <span class='ocrx_word' id='word_1_49' title='bbox 976 772 1037 825; x_wconf 88' lang='lat' dir='ltr'><strong>et</strong></span> <span class='ocrx_word' id='word_1_50' title='bbox 1058 762 1455 833; x_wconf 88' lang='lat' dir='ltr'><strong>Dominicam.</strong></span> <span class='ocrx_word' id='word_1_51' title='bbox 1494 763 1675 824; x_wconf 87' lang='lat' dir='ltr'><strong>festos</strong></span> <span class='ocrx_word' id='word_1_52' title='bbox 1722 762 1850 825; x_wconf 83' lang='lat' dir='ltr'><strong>dies</strong></span> <span class='ocrx_word' id='word_1_53' title='bbox 1875 761 2089 823; x_wconf 77' lang='lat' dir='ltr'><strong>habete</strong></span> <span class='ocrx_word' id='word_1_54' title='bbox 2124 780 2136 817; x_wconf 90' lang='lat'><strong>:</strong></span> 
     </span>
    </p>
   </div>
   <div class='ocr_carea' id='block_1_9' title="bbox 498 850 2146 935">
    <p class='ocr_par' dir='ltr' id='par_1_9' title="bbox 498 850 2146 935">
     <span class='ocr_line' id='line_1_9' title="bbox 498 850 2146 935; baseline -0.004 -19"><span class='ocrx_word' id='word_1_55' title='bbox 498 852 639 935; x_wconf 87' lang='lat' dir='ltr'><strong>quia</strong></span> <span class='ocrx_word' id='word_1_56' title='bbox 657 852 798 914; x_wconf 91' lang='lat' dir='ltr'><strong>illud</strong></span> <span class='ocrx_word' id='word_1_57' title='bbox 832 851 1079 931; x_wconf 88' lang='lat' dir='ltr'><strong>quidem</strong></span> <span class='ocrx_word' id='word_1_58' title='bbox 1112 852 1447 915; x_wconf 88' lang='lat' dir='ltr'><strong>Creationis</strong></span> <span class='ocrx_word' id='word_1_59' title='bbox 1472 850 1809 913; x_wconf 81' lang='lat' dir='ltr'><strong>recordatio</strong></span> <span class='ocrx_word' id='word_1_60' title='bbox 1855 859 1984 927; x_wconf 90' lang='lat' dir='ltr'><strong>est;</strong></span> <span class='ocrx_word' id='word_1_61' title='bbox 2020 851 2146 911; x_wconf 83' lang='lat' dir='ltr'><strong>haec</strong></span> 
     </span>
    </p>
   </div>
   <div class='ocr_carea' id='block_1_10' title="bbox 494 937 2143 1017">
    <p class='ocr_par' dir='ltr' id='par_1_10' title="bbox 494 937 2143 1017">
     <span class='ocr_line' id='line_1_10' title="bbox 494 937 2143 1017; baseline -0.001 -14"><span class='ocrx_word' id='word_1_62' title='bbox 494 961 659 1017; x_wconf 91' lang='lat' dir='ltr'><strong>vero,</strong></span> <span class='ocrx_word' id='word_1_63' title='bbox 712 940 1212 1005; x_wconf 81' lang='lat' dir='ltr'><strong>Resurrectionis.</strong></span> <span class='ocrx_word' id='word_1_64' title='bbox 1267 943 1461 1003; x_wconf 89' lang='lat' dir='ltr'><strong>Unum</strong></span> <span class='ocrx_word' id='word_1_65' title='bbox 1505 957 1648 1002; x_wconf 83' lang='lat' dir='ltr'><strong>vero</strong></span> <span class='ocrx_word' id='word_1_66' title='bbox 1684 941 1963 1002; x_wconf 85' lang='lat' dir='ltr'><strong>duntaxat</strong></span> <span class='ocrx_word' id='word_1_67' title='bbox 1990 937 2143 1002; x_wconf 87' lang='lat' dir='ltr'><strong>Sab-</strong></span> 
     </span>
    </p>
   </div>
   <div class='ocr_carea' id='block_1_11' title="bbox 497 1028 2145 1105">
    <p class='ocr_par' dir='ltr' id='par_1_11' title="bbox 497 1028 2145 1105">
     <span class='ocr_line' id='line_1_11' title="bbox 497 1028 2145 1105; baseline -0.002 -12"><span class='ocrx_word' id='word_1_68' title='bbox 497 1032 697 1093; x_wconf 92' lang='lat' dir='ltr'><strong>hatum</strong></span> <span class='ocrx_word' id='word_1_69' title='bbox 728 1030 894 1094; x_wconf 87' lang='lat' dir='ltr'><strong>vobis</strong></span> <span class='ocrx_word' id='word_1_70' title='bbox 923 1029 1364 1093; x_wconf 86' lang='lat' dir='ltr'><strong>observandum</strong></span> <span class='ocrx_word' id='word_1_71' title='bbox 1405 1031 1579 1092; x_wconf 78' lang='lat' dir='ltr'><strong>estin</strong></span> <span class='ocrx_word' id='word_1_72' title='bbox 1622 1036 1743 1091; x_wconf 92' lang='lat' dir='ltr'><strong>toto</strong></span> <span class='ocrx_word' id='word_1_73' title='bbox 1774 1049 1928 1092; x_wconf 81' lang='lat' dir='ltr'><strong>anno</strong></span> <span class='ocrx_word' id='word_1_74' title='bbox 1958 1050 1974 1105; x_wconf 86' lang='lat'><strong>;</strong></span> <span class='ocrx_word' id='word_1_75' title='bbox 1999 1028 2145 1091; x_wconf 91' lang='lat' dir='ltr'><strong>illud</strong></span> 
     </span>
    </p>
   </div>
   <div class='ocr_carea' id='block_1_12' title="bbox 497 1118 2143 1203">
    <p class='ocr_par' dir='ltr' id='par_1_12' title="bbox 497 1118 2143 1203">
     <span class='ocr_line' id='line_1_12' title="bbox 497 1118 2143 1203; baseline -0.004 -20"><span class='ocrx_word' id='word_1_76' title='bbox 497 1140 612 1203; x_wconf 94' lang='lat' dir='ltr'><strong>quo</strong></span> <span class='ocrx_word' id='word_1_77' title='bbox 647 1121 934 1183; x_wconf 86' lang='lat' dir='ltr'><strong>Dominus</strong></span> <span class='ocrx_word' id='word_1_78' title='bbox 964 1119 1234 1201; x_wconf 89' lang='lat' dir='ltr'><strong>sepultus</strong></span> <span class='ocrx_word' id='word_1_79' title='bbox 1265 1119 1411 1195; x_wconf 87' lang='lat' dir='ltr'><strong>fuit;</strong></span> <span class='ocrx_word' id='word_1_80' title='bbox 1470 1138 1588 1201; x_wconf 89' lang='lat' dir='ltr'><strong>quo</strong></span> <span class='ocrx_word' id='word_1_81' title='bbox 1615 1120 1894 1200; x_wconf 82' lang='lat' dir='ltr'><strong>jejunure</strong></span> <span class='ocrx_word' id='word_1_82' title='bbox 1922 1118 2143 1193; x_wconf 79' lang='lat' dir='ltr'><strong>decuit,</strong></span> 
     </span>
    </p>
   </div>
   <div class='ocr_carea' id='block_1_13' title="bbox 497 1208 2151 1289">
    <p class='ocr_par' dir='ltr' id='par_1_13' title="bbox 497 1208 2151 1289">
     <span class='ocr_line' id='line_1_13' title="bbox 497 1208 2151 1289; baseline -0.002 -17"><span class='ocrx_word' id='word_1_83' title='bbox 497 1228 617 1273; x_wconf 92' lang='lat' dir='ltr'><strong>non</strong></span> <span class='ocrx_word' id='word_1_84' title='bbox 647 1219 843 1274; x_wconf 89' lang='lat' dir='ltr'><strong>autem</strong></span> <span class='ocrx_word' id='word_1_85' title='bbox 878 1210 1096 1273; x_wconf 85' lang='lat' dir='ltr'><strong>festum</strong></span> <span class='ocrx_word' id='word_1_86' title='bbox 1135 1227 1350 1289; x_wconf 88' lang='lat' dir='ltr'><strong>agere:</strong></span> <span class='ocrx_word' id='word_1_87' title='bbox 1393 1210 1657 1289; x_wconf 85' lang='lat' dir='ltr'><strong>quandiu</strong></span> <span class='ocrx_word' id='word_1_88' title='bbox 1692 1210 1851 1271; x_wconf 90' lang='lat' dir='ltr'><strong>enim</strong></span> <span class='ocrx_word' id='word_1_89' title='bbox 1906 1208 2151 1271; x_wconf 89' lang='lat' dir='ltr'><strong>Creator</strong></span> 
     </span>
    </p>
   </div>
   <div class='ocr_carea' id='block_1_14' title="bbox 498 1299 2147 1381">
    <p class='ocr_par' dir='ltr' id='par_1_14' title="bbox 498 1299 2147 1381">
     <span class='ocr_line' id='line_1_14' title="bbox 498 1299 2147 1381; baseline -0.004 -18"><span class='ocrx_word' id='word_1_90' title='bbox 498 1302 611 1364; x_wconf 80' lang='lat' dir='ltr'><strong>sub</strong></span> <span class='ocrx_word' id='word_1_91' title='bbox 638 1310 799 1364; x_wconf 89' lang='lat' dir='ltr'><strong>terra</strong></span> <span class='ocrx_word' id='word_1_92' title='bbox 830 1300 1012 1377; x_wconf 82' lang='lat' dir='ltr'><strong>degit,</strong></span> <span class='ocrx_word' id='word_1_93' title='bbox 1043 1299 1175 1381; x_wconf 90' lang='lat' dir='ltr'><strong>plus</strong></span> <span class='ocrx_word' id='word_1_94' title='bbox 1226 1299 1381 1361; x_wconf 92' lang='lat' dir='ltr'><strong>valet</strong></span> <span class='ocrx_word' id='word_1_95' title='bbox 1402 1299 1593 1361; x_wconf 92' lang='lat' dir='ltr'><strong>luctus</strong></span> <span class='ocrx_word' id='word_1_96' title='bbox 1619 1300 1695 1361; x_wconf 86' lang='lat' dir='ltr'><strong>de</strong></span> <span class='ocrx_word' id='word_1_97' title='bbox 1718 1318 1789 1363; x_wconf 91' lang='lat' dir='ltr'><strong>eo</strong></span> <span class='ocrx_word' id='word_1_98' title='bbox 1813 1306 2147 1379; x_wconf 80' lang='lat' dir='ltr'><strong>susceptus,</strong></span> 
     </span>
    </p>
   </div>
   <div class='ocr_carea' id='block_1_15' title="bbox 500 1388 2147 1471">
    <p class='ocr_par' dir='ltr' id='par_1_15' title="bbox 500 1388 2147 1471">
     <span class='ocr_line' id='line_1_15' title="bbox 500 1388 2147 1471; baseline -0.002 -19"><span class='ocrx_word' id='word_1_99' title='bbox 500 1408 675 1471; x_wconf 91' lang='lat' dir='ltr'><strong>quam</strong></span> <span class='ocrx_word' id='word_1_100' title='bbox 700 1390 907 1452; x_wconf 75' lang='lat' dir='ltr'><strong>laetitia</strong></span> <span class='ocrx_word' id='word_1_101' title='bbox 926 1389 1000 1451; x_wconf 91' lang='lat' dir='ltr'><strong>de</strong></span> <span class='ocrx_word' id='word_1_102' title='bbox 1022 1389 1327 1450; x_wconf 85' lang='lat' dir='ltr'><strong>creatione</strong></span> <span class='ocrx_word' id='word_1_103' title='bbox 1364 1410 1375 1447; x_wconf 88' lang='lat'><strong>:</strong></span> <span class='ocrx_word' id='word_1_104' title='bbox 1404 1388 1684 1469; x_wconf 90' lang='lat' dir='ltr'><strong>quoniam</strong></span> <span class='ocrx_word' id='word_1_105' title='bbox 1710 1392 1953 1453; x_wconf 89' lang='lat' dir='ltr'><strong>Creator</strong></span> <span class='ocrx_word' id='word_1_106' title='bbox 1983 1405 2147 1450; x_wconf 56' lang='lat' dir='ltr'><strong>creao</strong></span> 
     </span>
    </p>
   </div>
   <div class='ocr_carea' id='block_1_16' title="bbox 499 1477 1757 1558">
    <p class='ocr_par' dir='ltr' id='par_1_16' title="bbox 499 1477 1757 1558">
     <span class='ocr_line' id='line_1_16' title="bbox 499 1477 1757 1558; baseline -0.006 -18"><span class='ocrx_word' id='word_1_107' title='bbox 499 1479 652 1541; x_wconf 89' lang='lat' dir='ltr'><strong>turis</strong></span> <span class='ocrx_word' id='word_1_108' title='bbox 685 1478 809 1540; x_wconf 84' lang='lat' dir='ltr'><strong>suis</strong></span> <span class='ocrx_word' id='word_1_109' title='bbox 832 1488 1044 1540; x_wconf 90' lang='lat' dir='ltr'><strong>natura</strong></span> <span class='ocrx_word' id='word_1_110' title='bbox 1073 1496 1140 1539; x_wconf 92' lang='lat' dir='ltr'><strong>ac</strong></span> <span class='ocrx_word' id='word_1_111' title='bbox 1173 1477 1466 1557; x_wconf 81' lang='lat' dir='ltr'><strong>dignitate</strong></span> <span class='ocrx_word' id='word_1_112' title='bbox 1500 1488 1757 1558; x_wconf 64' lang='lat' dir='ltr'><strong>praestat.</strong></span> 
     </span>
    </p>
   </div>
   <div class='ocr_carea' id='block_1_17' title="bbox 1076 1565 1567 1630">
    <p class='ocr_par' dir='ltr' id='par_1_17' title="bbox 1076 1565 1567 1630">
     <span class='ocr_line' id='line_1_17' title="bbox 1076 1565 1567 1630; baseline -0.004 0"><span class='ocrx_word' id='word_1_113' title='bbox 1076 1566 1322 1630; x_wconf 85' lang='lat' dir='ltr'><strong>CAPUT</strong></span> <span class='ocrx_word' id='word_1_114' title='bbox 1364 1565 1567 1629; x_wconf 83' lang='lat' dir='ltr'><strong>XXIV.</strong></span> 
     </span>
    </p>
   </div>
   <div class='ocr_carea' id='block_1_18' title="bbox 506 1656 2153 1737">
    <p class='ocr_par' dir='ltr' id='par_1_18' title="bbox 506 1656 2153 1737">
     <span class='ocr_line' id='line_1_18' title="bbox 506 1656 2153 1737; baseline -0.001 -19"><span class='ocrx_word' id='word_1_115' title='bbox 506 1656 732 1732; x_wconf 78' lang='lat' dir='ltr'><strong>Quales</strong></span> <span class='ocrx_word' id='word_1_116' title='bbox 761 1674 885 1720; x_wconf 77' lang='lat' dir='ltr'><strong>esse</strong></span> <span class='ocrx_word' id='word_1_117' title='bbox 915 1663 1189 1737; x_wconf 79' lang='lat' dir='ltr'><strong>oporteat</strong></span> <span class='ocrx_word' id='word_1_118' title='bbox 1212 1674 1308 1719; x_wconf 86' lang='lat' dir='ltr'><strong>eos</strong></span> <span class='ocrx_word' id='word_1_119' title='bbox 1328 1657 1433 1735; x_wconf 75' lang='lat' dir='ltr'><strong>qui</strong></span> <span class='ocrx_word' id='word_1_120' title='bbox 1454 1666 1637 1719; x_wconf 83' lang='lat' dir='ltr'><strong>erant</strong></span> <span class='ocrx_word' id='word_1_121' title='bbox 1668 1675 1704 1719; x_wconf 91' lang='lat' dir='ltr'><strong>a</strong></span> <span class='ocrx_word' id='word_1_122' title='bbox 1736 1658 1986 1719; x_wconf 75' lang='lat' dir='ltr'><strong>Domino</strong></span> <span class='ocrx_word' id='word_1_123' title='bbox 2014 1666 2153 1719; x_wconf 85' lang='lat' dir='ltr'><strong>tra-</strong></span> 
     </span>
    </p>
   </div>
   <div class='ocr_carea' id='block_1_19' title="bbox 1032 1737 1629 1801">
    <p class='ocr_par' dir='ltr' id='par_1_19' title="bbox 1032 1737 1629 1801">
     <span class='ocr_line' id='line_1_19' title="bbox 1032 1737 1629 1801; baseline 0.002 -2"><span class='ocrx_word' id='word_1_124' title='bbox 1032 1737 1238 1800; x_wconf 82' lang='lat' dir='ltr'><strong>ditam</strong></span> <span class='ocrx_word' id='word_1_125' title='bbox 1267 1738 1629 1801; x_wconf 77' lang='lat' dir='ltr'><strong>orationem.</strong></span> 
     </span>
    </p>
   </div>
   <div class='ocr_carea' id='block_1_20' title="bbox 584 1824 2214 1915">
    <p class='ocr_par' dir='ltr' id='par_1_20' title="bbox 584 1824 2214 1915">
     <span class='ocr_line' id='line_1_20' title="bbox 584 1824 2214 1915; baseline -0.002 -25"><span class='ocrx_word' id='word_1_126' title='bbox 584 1829 731 1891; x_wconf 88' lang='lat' dir='ltr'><strong>Cum</strong></span> <span class='ocrx_word' id='word_1_127' title='bbox 773 1824 1349 1915; x_wconf 9' lang='lat' dir='ltr'><strong>autemforaveritis,</strong></span> <span class='ocrx_word' id='word_1_128' title='bbox 1378 1844 1454 1887; x_wconf 92' lang='lat' dir='ltr'><strong>ne</strong></span> <span class='ocrx_word' id='word_1_129' title='bbox 1482 1826 1611 1888; x_wconf 90' lang='lat' dir='ltr'><strong>sitis</strong></span> <span class='ocrx_word' id='word_1_130' title='bbox 1642 1825 2147 1915; x_wconf 65' lang='lat' dir='ltr'><strong>quemadmodum</strong></span> <span class='ocrx_word' id='word_1_131' title='bbox 2178 1864 2214 1915; x_wconf 73' lang='grc' dir='ltr'><strong>Β</strong></span> 
     </span>
    </p>
   </div>
   <div class='ocr_carea' id='block_1_21' title="bbox 504 1913 2152 1998">
    <p class='ocr_par' dir='ltr' id='par_1_21' title="bbox 504 1913 2152 1998">
     <span class='ocr_line' id='line_1_21' title="bbox 504 1913 2152 1998; baseline -0.003 -18"><span class='ocrx_word' id='word_1_132' title='bbox 504 1916 870 1998; x_wconf 65' lang='lat' dir='ltr'><strong>hypocritaa;</strong></span> <span class='ocrx_word' id='word_1_133' title='bbox 902 1914 1034 1994; x_wconf 90' lang='lat' dir='ltr'><strong>sed,</strong></span> <span class='ocrx_word' id='word_1_134' title='bbox 1064 1915 1219 1979; x_wconf 90' lang='lat' dir='ltr'><strong>sicut</strong></span> <span class='ocrx_word' id='word_1_135' title='bbox 1242 1914 1536 1977; x_wconf 89' lang='lat' dir='ltr'><strong>Dominus</strong></span> <span class='ocrx_word' id='word_1_136' title='bbox 1560 1915 1813 1976; x_wconf 87' lang='lat' dir='ltr'><strong>nobisin</strong></span> <span class='ocrx_word' id='word_1_137' title='bbox 1838 1913 2152 1991; x_wconf 81' lang='lat' dir='ltr'><strong>Evangelia</strong></span> 
     </span>
    </p>
   </div>
   <div class='ocr_carea' id='block_1_22' title="bbox 510 2002 2151 2086">
    <p class='ocr_par' dir='ltr' id='par_1_22' title="bbox 510 2002 2151 2086">
     <span class='ocr_line' id='line_1_22' title="bbox 510 2002 2151 2086; baseline -0.001 -19"><span class='ocrx_word' id='word_1_138' title='bbox 510 2004 813 2086; x_wconf 65' lang='lat' dir='ltr'><strong>praecepit,</strong></span> <span class='ocrx_word' id='word_1_139' title='bbox 849 2011 927 2065; x_wconf 86' lang='lat' dir='ltr'><strong>ita</strong></span> <span class='ocrx_word' id='word_1_140' title='bbox 949 2012 1151 2067; x_wconf 91' lang='lat' dir='ltr'><strong>orate:</strong></span> <span class='ocrx_word' id='word_1_141' title='bbox 1182 2028 1210 2059; x_wconf 70' lang='grc' dir='ltr'><strong>α</strong></span> <span class='ocrx_word' id='word_1_142' title='bbox 1245 2002 1421 2065; x_wconf 89' lang='lat' dir='ltr'><strong>Pater</strong></span> <span class='ocrx_word' id='word_1_143' title='bbox 1438 2012 1640 2065; x_wconf 89' lang='lat' dir='ltr'><strong>noster</strong></span> <span class='ocrx_word' id='word_1_144' title='bbox 1660 2003 1761 2085; x_wconf 87' lang='lat' dir='ltr'><strong>qui</strong></span> <span class='ocrx_word' id='word_1_145' title='bbox 1784 2022 1847 2065; x_wconf 87' lang='lat' dir='ltr'><strong>es</strong></span> <span class='ocrx_word' id='word_1_146' title='bbox 1872 2004 1931 2065; x_wconf 93' lang='lat' dir='ltr'><strong>in</strong></span> <span class='ocrx_word' id='word_1_147' title='bbox 1962 2003 2151 2075; x_wconf 73' lang='lat' dir='ltr'><strong>cmlis,</strong></span> 
     </span>
    </p>
   </div>
   <div class='ocr_carea' id='block_1_23' title="bbox 507 2094 2154 2171">
    <p class='ocr_par' dir='ltr' id='par_1_23' title="bbox 507 2094 2154 2171">
     <span class='ocr_line' id='line_1_23' title="bbox 507 2094 2154 2171; baseline -0.002 -15"><span class='ocrx_word' id='word_1_148' title='bbox 507 2095 910 2157; x_wconf 76' lang='lat' dir='ltr'><strong>sanctiﬁcatur</strong></span> <span class='ocrx_word' id='word_1_149' title='bbox 932 2110 1153 2154; x_wconf 90' lang='lat' dir='ltr'><strong>nomen</strong></span> <span class='ocrx_word' id='word_1_150' title='bbox 1179 2099 1368 2167; x_wconf 89' lang='lat' dir='ltr'><strong>tuum;</strong></span> <span class='ocrx_word' id='word_1_151' title='bbox 1394 2094 1668 2156; x_wconf 88' lang='lat' dir='ltr'><strong>adveniat</strong></span> <span class='ocrx_word' id='word_1_152' title='bbox 1686 2112 1932 2171; x_wconf 86' lang='lat' dir='ltr'><strong>regnum</strong></span> <span class='ocrx_word' id='word_1_153' title='bbox 1962 2101 2154 2169; x_wconf 87' lang='lat' dir='ltr'><strong>tuum;</strong></span> 
     </span>
    </p>
   </div>
   <div class='ocr_carea' id='block_1_24' title="bbox 512 2182 2155 2263">
    <p class='ocr_par' dir='ltr' id='par_1_24' title="bbox 512 2182 2155 2263">
     <span class='ocr_line' id='line_1_24' title="bbox 512 2182 2155 2263; baseline -0.001 -18"><span class='ocrx_word' id='word_1_154' title='bbox 512 2184 613 2245; x_wconf 83' lang='lat' dir='ltr'><strong>ﬁat</strong></span> <span class='ocrx_word' id='word_1_155' title='bbox 633 2185 898 2245; x_wconf 86' lang='lat' dir='ltr'><strong>voluntas</strong></span> <span class='ocrx_word' id='word_1_156' title='bbox 926 2191 1046 2257; x_wconf 89' lang='lat' dir='ltr'><strong>tua,</strong></span> <span class='ocrx_word' id='word_1_157' title='bbox 1076 2183 1227 2243; x_wconf 85' lang='lat' dir='ltr'><strong>sicut</strong></span> <span class='ocrx_word' id='word_1_158' title='bbox 1250 2182 1311 2243; x_wconf 89' lang='lat' dir='ltr'><strong>in</strong></span> <span class='ocrx_word' id='word_1_159' title='bbox 1336 2183 1510 2258; x_wconf 72' lang='lat' dir='ltr'><strong>coelo,</strong></span> <span class='ocrx_word' id='word_1_160' title='bbox 1547 2192 1604 2246; x_wconf 93' lang='lat' dir='ltr'><strong>et</strong></span> <span class='ocrx_word' id='word_1_161' title='bbox 1631 2185 1689 2243; x_wconf 90' lang='lat' dir='ltr'><strong>in</strong></span> <span class='ocrx_word' id='word_1_162' title='bbox 1718 2193 1872 2243; x_wconf 90' lang='lat' dir='ltr'><strong>terra</strong></span> <span class='ocrx_word' id='word_1_163' title='bbox 1900 2204 1911 2245; x_wconf 92' lang='lat'>:</span> <span class='ocrx_word' id='word_1_164' title='bbox 1945 2201 2155 2263; x_wconf 90' lang='lat' dir='ltr'><strong>panem</strong></span> 
     </span>
    </p>
   </div>
   <div class='ocr_carea' id='block_1_25' title="bbox 511 2271 2158 2352">
    <p class='ocr_par' dir='ltr' id='par_1_25' title="bbox 511 2271 2158 2352">
     <span class='ocr_line' id='line_1_25' title="bbox 511 2271 2158 2352; baseline 0 -18"><span class='ocrx_word' id='word_1_165' title='bbox 511 2282 777 2335; x_wconf 91' lang='lat' dir='ltr'><strong>nostrum</strong></span> <span class='ocrx_word' id='word_1_166' title='bbox 820 2271 1230 2352; x_wconf 89' lang='lat' dir='ltr'><strong>quotidianum</strong></span> <span class='ocrx_word' id='word_1_167' title='bbox 1277 2272 1351 2332; x_wconf 77' lang='lat' dir='ltr'><strong>(la</strong></span> <span class='ocrx_word' id='word_1_168' title='bbox 1390 2272 1563 2335; x_wconf 89' lang='lat' dir='ltr'><strong>nobis</strong></span> <span class='ocrx_word' id='word_1_169' title='bbox 1585 2272 1763 2333; x_wconf 91' lang='lat' dir='ltr'><strong>hodie</strong></span> <span class='ocrx_word' id='word_1_170' title='bbox 1792 2290 1803 2331; x_wconf 79' lang='grc' dir='ltr'><strong>ε</strong></span> <span class='ocrx_word' id='word_1_171' title='bbox 1834 2284 1894 2334; x_wconf 89' lang='lat' dir='ltr'><strong>et</strong></span> <span class='ocrx_word' id='word_1_172' title='bbox 1924 2272 2158 2334; x_wconf 85' lang='lat' dir='ltr'><strong>dimitte</strong></span> 
     </span>
    </p>
   </div>
   <div class='ocr_carea' id='block_1_26' title="bbox 510 2360 2154 2432">
    <p class='ocr_par' dir='ltr' id='par_1_26' title="bbox 510 2360 2154 2432">
     <span class='ocr_line' id='line_1_26' title="bbox 510 2360 2154 2432; baseline 0 -9"><span class='ocrx_word' id='word_1_173' title='bbox 510 2361 686 2423; x_wconf 89' lang='lat' dir='ltr'><strong>nobis</strong></span> <span class='ocrx_word' id='word_1_174' title='bbox 707 2360 907 2423; x_wconf 88' lang='lat' dir='ltr'><strong>debita</strong></span> <span class='ocrx_word' id='word_1_175' title='bbox 928 2370 1151 2432; x_wconf 90' lang='lat' dir='ltr'><strong>nostra,</strong></span> <span class='ocrx_word' id='word_1_176' title='bbox 1188 2360 1346 2422; x_wconf 91' lang='lat' dir='ltr'><strong>sicut</strong></span> <span class='ocrx_word' id='word_1_177' title='bbox 1376 2369 1434 2423; x_wconf 91' lang='lat' dir='ltr'><strong>et</strong></span> <span class='ocrx_word' id='word_1_178' title='bbox 1456 2380 1563 2423; x_wconf 86' lang='lat' dir='ltr'><strong>nos</strong></span> <span class='ocrx_word' id='word_1_179' title='bbox 1595 2362 1949 2423; x_wconf 90' lang='lat' dir='ltr'><strong>dimittimus</strong></span> <span class='ocrx_word' id='word_1_180' title='bbox 1979 2361 2154 2424; x_wconf 89' lang='lat' dir='ltr'><strong>debi-</strong></span> 
     </span>
    </p>
   </div>
   <div class='ocr_carea' id='block_1_27' title="bbox 511 2450 2156 2529">
    <p class='ocr_par' dir='ltr' id='par_1_27' title="bbox 511 2450 2156 2529">
     <span class='ocr_line' id='line_1_27' title="bbox 511 2450 2156 2529; baseline 0 -16"><span class='ocrx_word' id='word_1_181' title='bbox 511 2450 743 2513; x_wconf 89' lang='lat' dir='ltr'><strong>toribus</strong></span> <span class='ocrx_word' id='word_1_182' title='bbox 764 2456 983 2512; x_wconf 89' lang='lat' dir='ltr'><strong>nostris</strong></span> <span class='ocrx_word' id='word_1_183' title='bbox 1013 2472 1025 2510; x_wconf 92' lang='lat'>:</span> <span class='ocrx_word' id='word_1_184' title='bbox 1053 2458 1202 2512; x_wconf 90' lang='lat' dir='ltr'><strong>etne</strong></span> <span class='ocrx_word' id='word_1_185' title='bbox 1229 2469 1336 2512; x_wconf 87' lang='lat' dir='ltr'><strong>nos</strong></span> <span class='ocrx_word' id='word_1_186' title='bbox 1373 2451 1619 2513; x_wconf 88' lang='lat' dir='ltr'><strong>inducas</strong></span> <span class='ocrx_word' id='word_1_187' title='bbox 1650 2451 1709 2512; x_wconf 93' lang='lat' dir='ltr'><strong>in</strong></span> <span class='ocrx_word' id='word_1_188' title='bbox 1744 2452 2156 2529; x_wconf 89' lang='lat' dir='ltr'><strong>teutationem;</strong></span> 
     </span>
    </p>
   </div>
   <div class='ocr_carea' id='block_1_28' title="bbox 511 2538 2157 2619">
    <p class='ocr_par' dir='ltr' id='par_1_28' title="bbox 511 2538 2157 2619">
     <span class='ocr_line' id='line_1_28' title="bbox 511 2538 2157 2619; baseline -0.001 -15"><span class='ocrx_word' id='word_1_189' title='bbox 511 2540 618 2604; x_wconf 78' lang='lat' dir='ltr'><strong>sed</strong></span> <span class='ocrx_word' id='word_1_190' title='bbox 649 2539 841 2603; x_wconf 83' lang='lat' dir='ltr'><strong>libera</strong></span> <span class='ocrx_word' id='word_1_191' title='bbox 862 2558 971 2603; x_wconf 88' lang='lat' dir='ltr'><strong>nos</strong></span> <span class='ocrx_word' id='word_1_192' title='bbox 999 2559 1034 2601; x_wconf 92' lang='lat' dir='ltr'><strong>a</strong></span> <span class='ocrx_word' id='word_1_193' title='bbox 1065 2538 1258 2619; x_wconf 81' lang='lat' dir='ltr'><strong>malo;</strong></span> <span class='ocrx_word' id='word_1_194' title='bbox 1291 2541 1428 2618; x_wconf 82' lang='lat' dir='ltr'><strong>quia</strong></span> <span class='ocrx_word' id='word_1_195' title='bbox 1453 2548 1617 2602; x_wconf 91' lang='lat' dir='ltr'><strong>tuum</strong></span> <span class='ocrx_word' id='word_1_196' title='bbox 1674 2548 1763 2603; x_wconf 92' lang='lat' dir='ltr'><strong>est</strong></span> <span class='ocrx_word' id='word_1_197' title='bbox 1785 2559 2057 2619; x_wconf 84' lang='lat' dir='ltr'><strong>regnum,</strong></span> <span class='ocrx_word' id='word_1_198' title='bbox 2095 2542 2157 2603; x_wconf 88' lang='lat' dir='ltr'><strong>in</strong></span> 
     </span>
    </p>
   </div>
   <div class='ocr_carea' id='block_1_29' title="bbox 513 2628 2154 2711">
    <p class='ocr_par' dir='ltr' id='par_1_29' title="bbox 513 2628 2154 2711">
     <span class='ocr_line' id='line_1_29' title="bbox 513 2628 2154 2711; baseline 0 -18"><span class='ocrx_word' id='word_1_199' title='bbox 513 2628 957 2693; x_wconf 66' lang='lat' dir='ltr'><strong>saacula.Amen</strong></span> <span class='ocrx_word' id='word_1_200' title='bbox 978 2628 1055 2691; x_wconf 73' lang='grc'><strong>6⁵.</strong></span> <span class='ocrx_word' id='word_1_201' title='bbox 1086 2654 1113 2684; x_wconf 70' lang='grc' dir='ltr'><strong>ι</strong></span> <span class='ocrx_word' id='word_1_202' title='bbox 1149 2629 1205 2672; x_wconf 69' lang='grc'><strong>⁸6</strong></span> <span class='ocrx_word' id='word_1_203' title='bbox 1225 2628 1345 2691; x_wconf 89' lang='lat' dir='ltr'><strong>Ter</strong></span> <span class='ocrx_word' id='word_1_204' title='bbox 1367 2630 1429 2691; x_wconf 90' lang='lat' dir='ltr'><strong>in</strong></span> <span class='ocrx_word' id='word_1_205' title='bbox 1457 2629 1555 2691; x_wconf 91' lang='lat' dir='ltr'><strong>die</strong></span> <span class='ocrx_word' id='word_1_206' title='bbox 1577 2630 1665 2691; x_wconf 86' lang='lat' dir='ltr'><strong>sic</strong></span> <span class='ocrx_word' id='word_1_207' title='bbox 1686 2638 1853 2692; x_wconf 90' lang='lat' dir='ltr'><strong>orate</strong></span> <span class='ocrx_word' id='word_1_208' title='bbox 1878 2648 1892 2693; x_wconf 90' lang='lat'>:</span> <span class='ocrx_word' id='word_1_209' title='bbox 1928 2638 1985 2693; x_wconf 90' lang='lat' dir='ltr'><strong>et</strong></span> <span class='ocrx_word' id='word_1_210' title='bbox 2013 2648 2154 2711; x_wconf 71' lang='lat' dir='ltr'><strong>prte-</strong></span> 
     </span>
    </p>
   </div>
   <div class='ocr_carea' id='block_1_30' title="bbox 509 2718 2154 2800">
    <p class='ocr_par' dir='ltr' id='par_1_30' title="bbox 509 2718 2154 2800">
     <span class='ocr_line' id='line_1_30' title="bbox 509 2718 2154 2800; baseline 0.001 -20"><span class='ocrx_word' id='word_1_211' title='bbox 509 2727 711 2799; x_wconf 88' lang='lat' dir='ltr'><strong>parate</strong></span> <span class='ocrx_word' id='word_1_212' title='bbox 739 2727 937 2793; x_wconf 82' lang='lat' dir='ltr'><strong>vos,ut</strong></span> <span class='ocrx_word' id='word_1_213' title='bbox 963 2718 1092 2779; x_wconf 88' lang='lat' dir='ltr'><strong>sitis</strong></span> <span class='ocrx_word' id='word_1_214' title='bbox 1117 2718 1281 2799; x_wconf 84' lang='lat' dir='ltr'><strong>digni</strong></span> <span class='ocrx_word' id='word_1_215' title='bbox 1304 2718 1631 2798; x_wconf 79' lang='lat' dir='ltr'><strong>adoptione</strong></span> <span class='ocrx_word' id='word_1_216' title='bbox 1656 2720 1867 2799; x_wconf 82' lang='lat' dir='ltr'><strong>Patris;</strong></span> <span class='ocrx_word' id='word_1_217' title='bbox 1896 2738 1995 2800; x_wconf 92' lang='lat' dir='ltr'><strong>ne,</strong></span> <span class='ocrx_word' id='word_1_218' title='bbox 2020 2738 2154 2782; x_wconf 88' lang='lat' dir='ltr'><strong>cum</strong></span> 
     </span>
    </p>
   </div>
   <div class='ocr_carea' id='block_1_31' title="bbox 506 2806 2155 2888">
    <p class='ocr_par' dir='ltr' id='par_1_31' title="bbox 506 2806 2155 2888">
     <span class='ocr_line' id='line_1_31' title="bbox 506 2806 2155 2888; baseline 0 -18"><span class='ocrx_word' id='word_1_219' title='bbox 506 2826 643 2870; x_wconf 89' lang='lat' dir='ltr'><strong>eum</strong></span> <span class='ocrx_word' id='word_1_220' title='bbox 660 2807 905 2887; x_wconf 77' lang='lat' dir='ltr'><strong>indigne</strong></span> <span class='ocrx_word' id='word_1_221' title='bbox 918 2806 995 2868; x_wconf 90' lang='lat' dir='ltr'><strong>Pa</strong></span> <span class='ocrx_word' id='word_1_222' title='bbox 1005 2814 1153 2869; x_wconf 91' lang='lat' dir='ltr'><strong>trem</strong></span> <span class='ocrx_word' id='word_1_223' title='bbox 1170 2807 1566 2888; x_wconf 82' lang='lat' dir='ltr'><strong>appellabitis.</strong></span> <span class='ocrx_word' id='word_1_224' title='bbox 1580 2807 1864 2887; x_wconf 89' lang='lat' dir='ltr'><strong>probrum</strong></span> <span class='ocrx_word' id='word_1_225' title='bbox 1881 2808 1953 2869; x_wconf 91' lang='lat' dir='ltr'><strong>ab</strong></span> <span class='ocrx_word' id='word_1_226' title='bbox 1971 2826 2155 2871; x_wconf 87' lang='lat' dir='ltr'><strong>core-</strong></span> 
     </span>
    </p>
   </div>
   <div class='ocr_carea' id='block_1_32' title="bbox 508 2895 2156 2977">
    <p class='ocr_par' dir='ltr' id='par_1_32' title="bbox 508 2895 2156 2977">
     <span class='ocr_line' id='line_1_32' title="bbox 508 2895 2156 2977; baseline -0.002 -15"><span class='ocrx_word' id='word_1_227' title='bbox 508 2895 734 2977; x_wconf 79' lang='lat' dir='ltr'><strong>l‘eratis;</strong></span> <span class='ocrx_word' id='word_1_228' title='bbox 762 2896 915 2960; x_wconf 91' lang='lat' dir='ltr'><strong>sicut</strong></span> <span class='ocrx_word' id='word_1_229' title='bbox 947 2904 1005 2959; x_wconf 91' lang='lat' dir='ltr'><strong>et</strong></span> <span class='ocrx_word' id='word_1_230' title='bbox 1035 2896 1241 2971; x_wconf 89' lang='lat' dir='ltr'><strong>Israel,</strong></span> <span class='ocrx_word' id='word_1_231' title='bbox 1274 2896 1377 2977; x_wconf 90' lang='lat' dir='ltr'><strong>qui</strong></span> <span class='ocrx_word' id='word_1_232' title='bbox 1400 2896 1539 2958; x_wconf 91' lang='lat' dir='ltr'><strong>olim</strong></span> <span class='ocrx_word' id='word_1_233' title='bbox 1575 2905 1701 2958; x_wconf 84' lang='lat' dir='ltr'><strong>erat</strong></span> <span class='ocrx_word' id='word_1_234' title='bbox 1727 2898 2156 2977; x_wconf 84' lang='lat' dir='ltr'><strong>primogenitus</strong></span> 
     </span>
    </p>
   </div>
   <div class='ocr_carea' id='block_1_33' title="bbox 506 2984 2158 3067">
    <p class='ocr_par' dir='ltr' id='par_1_33' title="bbox 506 2984 2158 3067">
     <span class='ocr_line' id='line_1_33' title="bbox 506 2984 2158 3067; baseline -0.001 -18"><span class='ocrx_word' id='word_1_235' title='bbox 506 2986 689 3061; x_wconf 81' lang='lat' dir='ltr'><strong>ﬁlius,</strong></span> <span class='ocrx_word' id='word_1_236' title='bbox 721 2986 945 3049; x_wconf 88' lang='lat' dir='ltr'><strong>audivit</strong></span> <span class='ocrx_word' id='word_1_237' title='bbox 980 3008 992 3047; x_wconf 90' lang='lat'><strong>:</strong></span> <span class='ocrx_word' id='word_1_238' title='bbox 1036 3010 1062 3042; x_wconf 68' lang='grc' dir='ltr'><strong>α</strong></span> <span class='ocrx_word' id='word_1_239' title='bbox 1098 2984 1159 3048; x_wconf 92' lang='lat' dir='ltr'><strong>Si</strong></span> <span class='ocrx_word' id='word_1_240' title='bbox 1183 2994 1349 3067; x_wconf 90' lang='lat' dir='ltr'><strong>pater</strong></span> <span class='ocrx_word' id='word_1_241' title='bbox 1400 3004 1507 3064; x_wconf 84' lang='lat' dir='ltr'><strong>ego</strong></span> <span class='ocrx_word' id='word_1_242' title='bbox 1547 2986 1813 3067; x_wconf 90' lang='lat' dir='ltr'><strong>sum,ubi</strong></span> <span class='ocrx_word' id='word_1_243' title='bbox 1847 2996 1936 3048; x_wconf 91' lang='lat' dir='ltr'><strong>est</strong></span> <span class='ocrx_word' id='word_1_244' title='bbox 1966 2989 2158 3049; x_wconf 89' lang='lat' dir='ltr'><strong>honor</strong></span> 
     </span>
    </p>
   </div>
   <div class='ocr_carea' id='block_1_34' title="bbox 509 3074 2148 3156">
    <p class='ocr_par' dir='ltr' id='par_1_34' title="bbox 509 3074 2148 3156">
     <span class='ocr_line' id='line_1_34' title="bbox 509 3074 2148 3156; baseline 0.001 -19"><span class='ocrx_word' id='word_1_245' title='bbox 509 3080 709 3137; x_wconf 87' lang='lat' dir='ltr'><strong>meus?</strong></span> <span class='ocrx_word' id='word_1_246' title='bbox 741 3084 798 3137; x_wconf 92' lang='lat' dir='ltr'><strong>et</strong></span> <span class='ocrx_word' id='word_1_247' title='bbox 845 3076 897 3138; x_wconf 88' lang='lat' dir='ltr'><strong>si</strong></span> <span class='ocrx_word' id='word_1_248' title='bbox 946 3074 1224 3137; x_wconf 88' lang='lat' dir='ltr'><strong>dominus</strong></span> <span class='ocrx_word' id='word_1_249' title='bbox 1275 3077 1541 3156; x_wconf 90' lang='lat' dir='ltr'><strong>sum,ubi</strong></span> <span class='ocrx_word' id='word_1_250' title='bbox 1571 3089 1660 3139; x_wconf 90' lang='lat' dir='ltr'><strong>est</strong></span> <span class='ocrx_word' id='word_1_251' title='bbox 1690 3076 1869 3138; x_wconf 87' lang='lat' dir='ltr'><strong>timor</strong></span> <span class='ocrx_word' id='word_1_252' title='bbox 1902 3077 2148 3138; x_wconf 69' lang='lat' dir='ltr'><strong>meus?)</strong></span> 
     </span>
    </p>
   </div>
   <div class='ocr_carea' id='block_1_35' title="bbox 2224 668 3871 748">
    <p class='ocr_par' dir='ltr' id='par_1_35' title="bbox 2224 668 3871 748">
     <span class='ocr_line' id='line_1_35' title="bbox 2224 668 3871 748; baseline 0.001 -23"><span class='ocrx_word' id='word_1_253' title='bbox 2224 672 2286 725; x_wconf 86' lang='grc' dir='ltr'>τὸ</span> <span class='ocrx_word' id='word_1_254' title='bbox 2328 668 2413 726; x_wconf 79' lang='grc' dir='ltr'><strong>διὰ</strong></span> <span class='ocrx_word' id='word_1_255' title='bbox 2444 676 2689 748; x_wconf 82' lang='grc' dir='ltr'>σταυροῦ,</span> <span class='ocrx_word' id='word_1_256' title='bbox 2735 671 2836 726; x_wconf 76' lang='grc' dir='ltr'><strong>ὑπὸ</strong></span> <span class='ocrx_word' id='word_1_257' title='bbox 2892 670 3111 726; x_wconf 64' lang='grc' dir='ltr'>Ποντίου</span> <span class='ocrx_word' id='word_1_258' title='bbox 3164 668 3417 728; x_wconf 77' lang='grc' dir='ltr'><strong>Πιλάτου.</strong></span> <span class='ocrx_word' id='word_1_259' title='bbox 3480 671 3550 727; x_wconf 79' lang='grc' dir='ltr'><strong>Τὸ</strong></span> <span class='ocrx_word' id='word_1_260' title='bbox 3597 669 3871 728; x_wconf 76' lang='grc' dir='ltr'>Σάϐϐατόν</span> 
     </span>
    </p>
   </div>
   <div class='ocr_carea' id='block_1_36' title="bbox 2226 757 3875 839">
    <p class='ocr_par' dir='ltr' id='par_1_36' title="bbox 2226 757 3875 839">
     <span class='ocr_line' id='line_1_36' title="bbox 2226 757 3875 839; baseline 0.002 -25"><span class='ocrx_word' id='word_1_261' title='bbox 2226 760 2406 835; x_wconf 72' lang='grc' dir='ltr'>μέντοι</span> <span class='ocrx_word' id='word_1_262' title='bbox 2464 761 2551 817; x_wconf 68' lang='grc' dir='ltr'>καὶ</span> <span class='ocrx_word' id='word_1_263' title='bbox 2606 761 2704 827; x_wconf 79' lang='grc' dir='ltr'><strong>τὴν</strong></span> <span class='ocrx_word' id='word_1_264' title='bbox 2757 760 3027 836; x_wconf 59' lang='grc' dir='ltr'>κυριακὸν</span> <span class='ocrx_word' id='word_1_265' title='bbox 3074 760 3372 838; x_wconf 72' lang='grc' dir='ltr'>ἑορτάζετε,</span> <span class='ocrx_word' id='word_1_266' title='bbox 3419 757 3498 816; x_wconf 81' lang='grc' dir='ltr'><strong>ὅτι</strong></span> <span class='ocrx_word' id='word_1_267' title='bbox 3558 760 3621 816; x_wconf 76' lang='grc' dir='ltr'><strong>τὸ</strong></span> <span class='ocrx_word' id='word_1_268' title='bbox 3665 761 3761 835; x_wconf 77' lang='grc' dir='ltr'>μὲν</span> <span class='ocrx_word' id='word_1_269' title='bbox 3792 759 3875 839; x_wconf 74' lang='grc'><strong>6³,</strong></span> 
     </span>
    </p>
   </div>
   <div class='ocr_carea' id='block_1_37' title="bbox 2227 847 3872 929">
    <p class='ocr_par' dir='ltr' id='par_1_37' title="bbox 2227 847 3872 929">
     <span class='ocr_line' id='line_1_37' title="bbox 2227 847 3872 929; baseline 0.001 -24"><span class='ocrx_word' id='word_1_270' title='bbox 2227 848 2572 929; x_wconf 82' lang='grc' dir='ltr'>δημιουργίας</span> <span class='ocrx_word' id='word_1_271' title='bbox 2615 848 2752 905; x_wconf 78' lang='grc' dir='ltr'>ἐστίν</span> <span class='ocrx_word' id='word_1_272' title='bbox 2777 850 3095 926; x_wconf 76' lang='grc' dir='ltr'>ὑπόμνημα,</span> <span class='ocrx_word' id='word_1_273' title='bbox 3130 851 3163 916; x_wconf 76' lang='grc' dir='ltr'>ἡ</span> <span class='ocrx_word' id='word_1_274' title='bbox 3193 847 3245 904; x_wconf 69' lang='grc' dir='ltr'>δὲ</span> <span class='ocrx_word' id='word_1_275' title='bbox 3286 847 3433 927; x_wconf 75' lang='grc'>(52),</span> <span class='ocrx_word' id='word_1_276' title='bbox 3478 848 3821 916; x_wconf 65' lang='grc' dir='ltr'>ἀναστάσεως</span> <span class='ocrx_word' id='word_1_277' title='bbox 3856 871 3872 884; x_wconf 82' lang='grc'><em>’</em></span> 
     </span>
    </p>
   </div>
   <div class='ocr_carea' id='block_1_38' title="bbox 2228 932 3878 1018">
    <p class='ocr_par' dir='ltr' id='par_1_38' title="bbox 2228 932 3878 1018">
     <span class='ocr_line' id='line_1_38' title="bbox 2228 932 3878 1018; baseline 0 -23"><span class='ocrx_word' id='word_1_278' title='bbox 2228 939 2283 996; x_wconf 86' lang='grc' dir='ltr'>ἓν</span> <span class='ocrx_word' id='word_1_279' title='bbox 2314 938 2368 995; x_wconf 80' lang='grc' dir='ltr'>δὲ</span> <span class='ocrx_word' id='word_1_280' title='bbox 2413 939 2575 1015; x_wconf 82' lang='grc' dir='ltr'>μόνον</span> <span class='ocrx_word' id='word_1_281' title='bbox 2634 936 2909 996; x_wconf 66' lang='grc' dir='ltr'>Σάϐϐατον</span> <span class='ocrx_word' id='word_1_282' title='bbox 2952 936 3425 1018; x_wconf 55' lang='grc' dir='ltr'>ὑμϊνίφυλακτὲον</span> <span class='ocrx_word' id='word_1_283' title='bbox 3472 932 3531 979; x_wconf 68' lang='grc'><strong>⁸⁸</strong></span> <span class='ocrx_word' id='word_1_284' title='bbox 3559 938 3614 993; x_wconf 80' lang='grc' dir='ltr'>ἐν</span> <span class='ocrx_word' id='word_1_285' title='bbox 3646 938 3756 1013; x_wconf 83' lang='grc' dir='ltr'>ὅλῳ</span> <span class='ocrx_word' id='word_1_286' title='bbox 3800 946 3878 1013; x_wconf 82' lang='grc' dir='ltr'>τῷ</span> 
     </span>
    </p>
   </div>
   <div class='ocr_carea' id='block_1_39' title="bbox 2230 1027 3875 1109">
    <p class='ocr_par' dir='ltr' id='par_1_39' title="bbox 2230 1027 3875 1109">
     <span class='ocr_line' id='line_1_39' title="bbox 2230 1027 3875 1109; baseline -0.002 -24"><span class='ocrx_word' id='word_1_287' title='bbox 2230 1029 2475 1109; x_wconf 80' lang='grc' dir='ltr'>ἐνιαυτῷ,</span> <span class='ocrx_word' id='word_1_288' title='bbox 2537 1031 2598 1086; x_wconf 86' lang='grc' dir='ltr'>τὸ</span> <span class='ocrx_word' id='word_1_289' title='bbox 2641 1034 2741 1096; x_wconf 83' lang='grc' dir='ltr'>τῆς</span> <span class='ocrx_word' id='word_1_290' title='bbox 2772 1037 2865 1087; x_wconf 83' lang='grc' dir='ltr'>τοῦ</span> <span class='ocrx_word' id='word_1_291' title='bbox 2924 1030 3110 1106; x_wconf 80' lang='grc' dir='ltr'>Κυρίου</span> <span class='ocrx_word' id='word_1_292' title='bbox 3158 1028 3331 1107; x_wconf 75' lang='grc' dir='ltr'>ταφῆς</span> <span class='ocrx_word' id='word_1_293' title='bbox 3395 1027 3544 1107; x_wconf 85' lang='grc'>(53),</span> <span class='ocrx_word' id='word_1_294' title='bbox 3582 1030 3715 1108; x_wconf 81' lang='grc' dir='ltr'>ὅπερ</span> <span class='ocrx_word' id='word_1_295' title='bbox 3766 1052 3875 1096; x_wconf 84' lang='grc' dir='ltr'>νη-</span> 
     </span>
    </p>
   </div>
   <div class='ocr_carea' id='block_1_40' title="bbox 2231 1118 3878 1199">
    <p class='ocr_par' dir='ltr' id='par_1_40' title="bbox 2231 1118 3878 1199">
     <span class='ocr_line' id='line_1_40' title="bbox 2231 1118 3878 1199; baseline -0.001 -23"><span class='ocrx_word' id='word_1_296' title='bbox 2231 1121 2432 1176; x_wconf 78' lang='grc' dir='ltr'><strong>στεύειν</strong></span> <span class='ocrx_word' id='word_1_297' title='bbox 2458 1121 2753 1199; x_wconf 75' lang='grc' dir='ltr'>προσῆκεν,</span> <span class='ocrx_word' id='word_1_298' title='bbox 2787 1118 2914 1175; x_wconf 80' lang='grc' dir='ltr'>ἀλλ’</span> <span class='ocrx_word' id='word_1_299' title='bbox 2960 1121 3063 1199; x_wconf 80' lang='grc' dir='ltr'><strong>ούχ</strong></span> <span class='ocrx_word' id='word_1_300' title='bbox 3095 1119 3362 1197; x_wconf 77' lang='grc' dir='ltr'>ἑορτάζειν</span> <span class='ocrx_word' id='word_1_301' title='bbox 3392 1133 3405 1148; x_wconf 85' lang='grc'><em>³</em></span> <span class='ocrx_word' id='word_1_302' title='bbox 3442 1119 3494 1174; x_wconf 69' lang='lat' dir='ltr'><strong>tv</strong></span> <span class='ocrx_word' id='word_1_303' title='bbox 3544 1118 3653 1192; x_wconf 76' lang='grc' dir='ltr'>ὅσῳ</span> <span class='ocrx_word' id='word_1_304' title='bbox 3697 1119 3798 1197; x_wconf 75' lang='grc' dir='ltr'>γὰρ</span> <span class='ocrx_word' id='word_1_305' title='bbox 3851 1124 3878 1175; x_wconf 84' lang='grc' dir='ltr'>ὁ</span> 
     </span>
    </p>
   </div>
   <div class='ocr_carea' id='block_1_41' title="bbox 2236 1208 3879 1289">
    <p class='ocr_par' dir='ltr' id='par_1_41' title="bbox 2236 1208 3879 1289">
     <span class='ocr_line' id='line_1_41' title="bbox 2236 1208 3879 1289; baseline -0.001 -24"><span class='ocrx_word' id='word_1_306' title='bbox 2236 1211 2571 1287; x_wconf 79' lang='grc' dir='ltr'>Δημιουργὸς</span> <span class='ocrx_word' id='word_1_307' title='bbox 2616 1209 2717 1265; x_wconf 76' lang='grc' dir='ltr'>ὑπὸ</span> <span class='ocrx_word' id='word_1_308' title='bbox 2759 1213 2861 1286; x_wconf 78' lang='grc' dir='ltr'>γῆν</span> <span class='ocrx_word' id='word_1_309' title='bbox 2914 1208 3197 1289; x_wconf 78' lang='grc' dir='ltr'>τυγχάνει,</span> <span class='ocrx_word' id='word_1_310' title='bbox 3249 1208 3593 1287; x_wconf 78' lang='grc' dir='ltr'>ἱσχυρότερον</span> <span class='ocrx_word' id='word_1_311' title='bbox 3637 1209 3698 1263; x_wconf 82' lang='grc' dir='ltr'>τὸ</span> <span class='ocrx_word' id='word_1_312' title='bbox 3760 1211 3879 1287; x_wconf 80' lang='grc' dir='ltr'>περὶ</span> 
     </span>
    </p>
   </div>
   <div class='ocr_carea' id='block_1_42' title="bbox 2232 1297 3878 1378">
    <p class='ocr_par' dir='ltr' id='par_1_42' title="bbox 2232 1297 3878 1378">
     <span class='ocr_line' id='line_1_42' title="bbox 2232 1297 3878 1378; baseline -0.001 -22"><span class='ocrx_word' id='word_1_313' title='bbox 2232 1303 2390 1359; x_wconf 73' lang='grc' dir='ltr'>αὐτοῦ</span> <span class='ocrx_word' id='word_1_314' title='bbox 2419 1298 2629 1374; x_wconf 78' lang='grc' dir='ltr'>πένθος,</span> <span class='ocrx_word' id='word_1_315' title='bbox 2675 1300 2777 1367; x_wconf 73' lang='grc' dir='ltr'><strong>τῆς</strong></span> <span class='ocrx_word' id='word_1_316' title='bbox 2807 1300 2943 1355; x_wconf 82' lang='grc' dir='ltr'>κατὰ</span> <span class='ocrx_word' id='word_1_317' title='bbox 2972 1300 3067 1366; x_wconf 79' lang='grc' dir='ltr'><strong>τὴν</strong></span> <span class='ocrx_word' id='word_1_318' title='bbox 3126 1297 3474 1377; x_wconf 82' lang='grc' dir='ltr'>δημιουργίαν</span> <span class='ocrx_word' id='word_1_319' title='bbox 3518 1306 3692 1378; x_wconf 71' lang='grc' dir='ltr'>χαρᾶς</span> <span class='ocrx_word' id='word_1_320' title='bbox 3725 1318 3738 1333; x_wconf 83' lang='grc'><em>’</em></span> <span class='ocrx_word' id='word_1_321' title='bbox 3796 1299 3878 1355; x_wconf 71' lang='grc' dir='ltr'><strong>ὅτι</strong></span> 
     </span>
    </p>
   </div>
   <div class='ocr_carea' id='block_1_43' title="bbox 2233 1386 3877 1468">
    <p class='ocr_par' dir='ltr' id='par_1_43' title="bbox 2233 1386 3877 1468">
     <span class='ocr_line' id='line_1_43' title="bbox 2233 1386 3877 1468; baseline -0.001 -22"><span class='ocrx_word' id='word_1_322' title='bbox 2233 1393 2261 1446; x_wconf 82' lang='grc' dir='ltr'>ὁ</span> <span class='ocrx_word' id='word_1_323' title='bbox 2296 1392 2630 1468; x_wconf 82' lang='grc' dir='ltr'>Δημιουργὸς</span> <span class='ocrx_word' id='word_1_324' title='bbox 2662 1396 2768 1447; x_wconf 83' lang='grc' dir='ltr'>τῶν</span> <span class='ocrx_word' id='word_1_325' title='bbox 2825 1389 3013 1445; x_wconf 73' lang='grc' dir='ltr'>ἑαυτοῦ</span> <span class='ocrx_word' id='word_1_326' title='bbox 3063 1386 3556 1467; x_wconf 65' lang='grc' dir='ltr'>δημιουργημάτων</span> <span class='ocrx_word' id='word_1_327' title='bbox 3603 1390 3755 1467; x_wconf 68' lang='grc' dir='ltr'>φύσει</span> <span class='ocrx_word' id='word_1_328' title='bbox 3822 1411 3877 1446; x_wconf 77' lang='grc' dir='ltr'><strong>τε</strong></span> 
     </span>
    </p>
   </div>
   <div class='ocr_carea' id='block_1_44' title="bbox 2234 1478 2834 1557">
    <p class='ocr_par' dir='ltr' id='par_1_44' title="bbox 2234 1478 2834 1557">
     <span class='ocr_line' id='line_1_44' title="bbox 2234 1478 2834 1557; baseline 0.005 -22"><span class='ocrx_word' id='word_1_329' title='bbox 2234 1482 2322 1535; x_wconf 85' lang='grc' dir='ltr'>καὶ</span> <span class='ocrx_word' id='word_1_330' title='bbox 2350 1478 2467 1551; x_wconf 76' lang='grc' dir='ltr'>ἀξίᾳ</span> <span class='ocrx_word' id='word_1_331' title='bbox 2497 1480 2834 1557; x_wconf 81' lang='grc' dir='ltr'>τιμιώτερος.</span> 
     </span>
    </p>
   </div>
   <div class='ocr_carea' id='block_1_45' title="bbox 2777 1566 3345 1630">
    <p class='ocr_par' dir='ltr' id='par_1_45' title="bbox 2777 1566 3345 1630">
     <span class='ocr_line' id='line_1_45' title="bbox 2777 1566 3345 1630; baseline 0.005 -3"><span class='ocrx_word' id='word_1_332' title='bbox 2777 1573 3165 1627; x_wconf 75' lang='grc' dir='ltr'><strong>ΚΕΦΑΛΑΙΟΝ</strong></span> <span class='ocrx_word' id='word_1_333' title='bbox 3211 1566 3345 1630; x_wconf 80' lang='grc' dir='ltr'><strong>ΚΔ’.</strong></span> 
     </span>
    </p>
   </div>
   <div class='ocr_carea' id='block_1_46' title="bbox 2237 1658 3882 1738">
    <p class='ocr_par' dir='ltr' id='par_1_46' title="bbox 2237 1658 3882 1738">
     <span class='ocr_line' id='line_1_46' title="bbox 2237 1658 3882 1738; baseline 0.002 -24"><span class='ocrx_word' id='word_1_334' title='bbox 2237 1659 2395 1721; x_wconf 59' lang='grc' dir='ltr'>Οτίους</span> <span class='ocrx_word' id='word_1_335' title='bbox 2445 1663 2585 1714; x_wconf 87' lang='grc' dir='ltr'>εἶναι</span> <span class='ocrx_word' id='word_1_336' title='bbox 2636 1662 2749 1738; x_wconf 81' lang='grc' dir='ltr'><strong>χρὴ</strong></span> <span class='ocrx_word' id='word_1_337' title='bbox 2808 1658 2929 1738; x_wconf 77' lang='grc' dir='ltr'>τοὺς</span> <span class='ocrx_word' id='word_1_338' title='bbox 2991 1658 3456 1738; x_wconf 81' lang='grc' dir='ltr'>προσευχομένους</span> <span class='ocrx_word' id='word_1_339' title='bbox 3506 1660 3601 1727; x_wconf 73' lang='grc' dir='ltr'><strong>τὴν</strong></span> <span class='ocrx_word' id='word_1_340' title='bbox 3631 1662 3731 1717; x_wconf 74' lang='grc' dir='ltr'><strong>ὑπὸ</strong></span> <span class='ocrx_word' id='word_1_341' title='bbox 3790 1669 3882 1717; x_wconf 74' lang='grc' dir='ltr'>τοῦ</span> 
     </span>
    </p>
   </div>
   <div class='ocr_carea' id='block_1_47' title="bbox 2641 1737 3467 1819">
    <p class='ocr_par' dir='ltr' id='par_1_47' title="bbox 2641 1737 3467 1819">
     <span class='ocr_line' id='line_1_47' title="bbox 2641 1737 3467 1819; baseline -0.004 -22"><span class='ocrx_word' id='word_1_342' title='bbox 2641 1737 2828 1815; x_wconf 78' lang='grc' dir='ltr'>Κυρίου</span> <span class='ocrx_word' id='word_1_343' title='bbox 2857 1737 3101 1795; x_wconf 76' lang='grc' dir='ltr'>δοθεῖσαν</span> <span class='ocrx_word' id='word_1_344' title='bbox 3133 1737 3467 1819; x_wconf 75' lang='grc' dir='ltr'>προσευχὴν.</span> 
     </span>
    </p>
   </div>
   <div class='ocr_carea' id='block_1_48' title="bbox 2322 1825 3881 1908">
    <p class='ocr_par' dir='ltr' id='par_1_48' title="bbox 2322 1825 3881 1908">
     <span class='ocr_line' id='line_1_48' title="bbox 2322 1825 3881 1908; baseline 0 -23"><span class='ocrx_word' id='word_1_345' title='bbox 2322 1826 2503 1885; x_wconf 80' lang='grc' dir='ltr'>’Ὅταν</span> <span class='ocrx_word' id='word_1_346' title='bbox 2533 1825 2588 1882; x_wconf 76' lang='grc' dir='ltr'>δὲ</span> <span class='ocrx_word' id='word_1_347' title='bbox 2619 1828 3017 1908; x_wconf 78' lang='grc' dir='ltr'><strong>προσεύχησθε,</strong></span> <span class='ocrx_word' id='word_1_348' title='bbox 3072 1828 3149 1902; x_wconf 76' lang='grc' dir='ltr'><strong>μὴ</strong></span> <span class='ocrx_word' id='word_1_349' title='bbox 3206 1829 3409 1906; x_wconf 75' lang='grc' dir='ltr'>γίνεσθε</span> <span class='ocrx_word' id='word_1_350' title='bbox 3458 1831 3531 1893; x_wconf 82' lang='grc' dir='ltr'>ὡς</span> <span class='ocrx_word' id='word_1_351' title='bbox 3579 1834 3628 1886; x_wconf 80' lang='grc' dir='ltr'>οἱ</span> <span class='ocrx_word' id='word_1_352' title='bbox 3655 1832 3881 1907; x_wconf 76' lang='grc' dir='ltr'>ὑποκρι-</span> 
     </span>
    </p>
   </div>
   <div class='ocr_carea' id='block_1_49' title="bbox 2236 1916 3883 1996">
    <p class='ocr_par' dir='ltr' id='par_1_49' title="bbox 2236 1916 3883 1996">
     <span class='ocr_line' id='line_1_49' title="bbox 2236 1916 3883 1996; baseline 0.001 -23"><span class='ocrx_word' id='word_1_353' title='bbox 2236 1940 2321 1973; x_wconf 90' lang='grc' dir='ltr'><strong>ται</strong></span> <span class='ocrx_word' id='word_1_354' title='bbox 2357 1937 2369 1950; x_wconf 92' lang='grc'><strong>·</strong></span> <span class='ocrx_word' id='word_1_355' title='bbox 2417 1916 2533 1973; x_wconf 84' lang='grc' dir='ltr'>ἀλλ’</span> <span class='ocrx_word' id='word_1_356' title='bbox 2568 1920 2642 1981; x_wconf 83' lang='grc' dir='ltr'>ὡς</span> <span class='ocrx_word' id='word_1_357' title='bbox 2674 1920 2703 1973; x_wconf 84' lang='grc' dir='ltr'>ὁ</span> <span class='ocrx_word' id='word_1_358' title='bbox 2737 1918 2921 1995; x_wconf 83' lang='grc' dir='ltr'>Κύριος</span> <span class='ocrx_word' id='word_1_359' title='bbox 2968 1920 3103 1991; x_wconf 75' lang='grc' dir='ltr'>ἡμῖν</span> <span class='ocrx_word' id='word_1_360' title='bbox 3136 1917 3190 1972; x_wconf 71' lang='grc' dir='ltr'>ἓν</span> <span class='ocrx_word' id='word_1_361' title='bbox 3245 1924 3324 1991; x_wconf 83' lang='grc' dir='ltr'>τῷ</span> <span class='ocrx_word' id='word_1_362' title='bbox 3370 1917 3673 1996; x_wconf 69' lang='grc' dir='ltr'>Εὖαγγελίῳ</span> <span class='ocrx_word' id='word_1_363' title='bbox 3703 1919 3883 1975; x_wconf 74' lang='grc' dir='ltr'>διετά-</span> 
     </span>
    </p>
   </div>
   <div class='ocr_carea' id='block_1_50' title="bbox 2238 2005 3884 2086">
    <p class='ocr_par' dir='ltr' id='par_1_50' title="bbox 2238 2005 3884 2086">
     <span class='ocr_line' id='line_1_50' title="bbox 2238 2005 3884 2086; baseline 0.002 -24"><span class='ocrx_word' id='word_1_364' title='bbox 2238 2006 2383 2082; x_wconf 77' lang='grc' dir='ltr'>ξατο,</span> <span class='ocrx_word' id='word_1_365' title='bbox 2430 2005 2569 2063; x_wconf 75' lang='grc' dir='ltr'>οὕτω</span> <span class='ocrx_word' id='word_1_366' title='bbox 2626 2008 2987 2086; x_wconf 81' lang='grc' dir='ltr'>προσεύχεσθε</span> <span class='ocrx_word' id='word_1_367' title='bbox 3075 2031 3099 2061; x_wconf 81' lang='grc' dir='ltr'><strong>ιι</strong></span> <span class='ocrx_word' id='word_1_368' title='bbox 3153 2008 3326 2082; x_wconf 84' lang='grc' dir='ltr'>Πάτερ</span> <span class='ocrx_word' id='word_1_369' title='bbox 3374 2010 3550 2083; x_wconf 78' lang='grc' dir='ltr'>ἡμῶν,</span> <span class='ocrx_word' id='word_1_370' title='bbox 3600 2011 3629 2065; x_wconf 86' lang='grc' dir='ltr'>ὁ</span> <span class='ocrx_word' id='word_1_371' title='bbox 3659 2009 3713 2065; x_wconf 82' lang='grc' dir='ltr'>ὲν</span> <span class='ocrx_word' id='word_1_372' title='bbox 3759 2023 3884 2071; x_wconf 76' lang='grc' dir='ltr'>τοῖς</span> 
     </span>
    </p>
   </div>
   <div class='ocr_carea' id='block_1_51' title="bbox 2240 2095 3879 2175">
    <p class='ocr_par' dir='ltr' id='par_1_51' title="bbox 2240 2095 3879 2175">
     <span class='ocr_line' id='line_1_51' title="bbox 2240 2095 3879 2175; baseline 0.001 -22"><span class='ocrx_word' id='word_1_373' title='bbox 2240 2100 2507 2173; x_wconf 72' lang='grc' dir='ltr'>οὐρανοῖς,</span> <span class='ocrx_word' id='word_1_374' title='bbox 2549 2098 2859 2173; x_wconf 81' lang='grc' dir='ltr'>ἁγιασθήτω</span> <span class='ocrx_word' id='word_1_375' title='bbox 2891 2098 2951 2153; x_wconf 82' lang='grc' dir='ltr'>τὸ</span> <span class='ocrx_word' id='word_1_376' title='bbox 2981 2095 3152 2170; x_wconf 76' lang='grc' dir='ltr'>ὄνομά</span> <span class='ocrx_word' id='word_1_377' title='bbox 3208 2118 3301 2153; x_wconf 89' lang='grc' dir='ltr'><strong>σου</strong></span> <span class='ocrx_word' id='word_1_378' title='bbox 3330 2112 3343 2126; x_wconf 88' lang='grc'><em>’</em></span> <span class='ocrx_word' id='word_1_379' title='bbox 3401 2097 3597 2153; x_wconf 75' lang='grc' dir='ltr'>ἐλθέτω</span> <span class='ocrx_word' id='word_1_380' title='bbox 3627 2101 3660 2166; x_wconf 72' lang='grc' dir='ltr'>ἦ</span> <span class='ocrx_word' id='word_1_381' title='bbox 3720 2101 3879 2175; x_wconf 85' lang='grc' dir='ltr'>βασι-</span> 
     </span>
    </p>
   </div>
   <div class='ocr_carea' id='block_1_52' title="bbox 2240 2185 3882 2266">
    <p class='ocr_par' dir='ltr' id='par_1_52' title="bbox 2240 2185 3882 2266">
     <span class='ocr_line' id='line_1_52' title="bbox 2240 2185 3882 2266; baseline 0.001 -25"><span class='ocrx_word' id='word_1_382' title='bbox 2240 2185 2355 2242; x_wconf 86' lang='grc' dir='ltr'>λεία</span> <span class='ocrx_word' id='word_1_383' title='bbox 2404 2208 2499 2243; x_wconf 92' lang='grc' dir='ltr'><strong>σου</strong></span> <span class='ocrx_word' id='word_1_384' title='bbox 2533 2201 2546 2214; x_wconf 87' lang='lat'>&#39;</span> <span class='ocrx_word' id='word_1_385' title='bbox 2594 2188 2876 2263; x_wconf 72' lang='grc' dir='ltr'>γενηθήτω</span> <span class='ocrx_word' id='word_1_386' title='bbox 2932 2187 2992 2241; x_wconf 81' lang='grc' dir='ltr'><strong>το</strong></span> <span class='ocrx_word' id='word_1_387' title='bbox 3033 2185 3245 2260; x_wconf 82' lang='grc' dir='ltr'>θέλημά</span> <span class='ocrx_word' id='word_1_388' title='bbox 3286 2208 3401 2261; x_wconf 90' lang='grc' dir='ltr'>σου,</span> <span class='ocrx_word' id='word_1_389' title='bbox 3451 2189 3524 2249; x_wconf 84' lang='grc' dir='ltr'>ὡς</span> <span class='ocrx_word' id='word_1_390' title='bbox 3559 2186 3613 2242; x_wconf 79' lang='grc' dir='ltr'>ἒν</span> <span class='ocrx_word' id='word_1_391' title='bbox 3656 2190 3882 2266; x_wconf 73' lang='grc' dir='ltr'>οὐρανῷ,</span> 
     </span>
    </p>
   </div>
   <div class='ocr_carea' id='block_1_53' title="bbox 2240 2274 3885 2353">
    <p class='ocr_par' dir='ltr' id='par_1_53' title="bbox 2240 2274 3885 2353">
     <span class='ocr_line' id='line_1_53' title="bbox 2240 2274 3885 2353; baseline 0.001 -21"><span class='ocrx_word' id='word_1_392' title='bbox 2240 2277 2328 2332; x_wconf 89' lang='grc' dir='ltr'><strong>καὶ</strong></span> <span class='ocrx_word' id='word_1_393' title='bbox 2358 2278 2443 2332; x_wconf 71' lang='grc' dir='ltr'>επὶ</span> <span class='ocrx_word' id='word_1_394' title='bbox 2473 2281 2570 2342; x_wconf 80' lang='grc' dir='ltr'>τῆς</span> <span class='ocrx_word' id='word_1_395' title='bbox 2615 2278 2717 2353; x_wconf 80' lang='grc' dir='ltr'><strong>γῆς</strong></span> <span class='ocrx_word' id='word_1_396' title='bbox 2748 2293 2762 2308; x_wconf 84' lang='grc'><strong>’</strong></span> <span class='ocrx_word' id='word_1_397' title='bbox 2814 2276 2905 2331; x_wconf 82' lang='grc' dir='ltr'><strong>τὸν</strong></span> <span class='ocrx_word' id='word_1_398' title='bbox 2964 2274 3121 2353; x_wconf 73' lang='grc' dir='ltr'>ἄρτον</span> <span class='ocrx_word' id='word_1_399' title='bbox 3178 2278 3332 2349; x_wconf 78' lang='grc' dir='ltr'>ἡμῶν</span> <span class='ocrx_word' id='word_1_400' title='bbox 3362 2278 3452 2332; x_wconf 82' lang='grc' dir='ltr'>τὸν</span> <span class='ocrx_word' id='word_1_401' title='bbox 3482 2279 3753 2333; x_wconf 72' lang='grc' dir='ltr'>ὶπιούσιον</span> <span class='ocrx_word' id='word_1_402' title='bbox 3798 2276 3885 2339; x_wconf 75' lang='grc' dir='ltr'><strong>δὸς</strong></span> 
     </span>
    </p>
   </div>
   <div class='ocr_carea' id='block_1_54' title="bbox 2240 2364 3886 2445">
    <p class='ocr_par' dir='ltr' id='par_1_54' title="bbox 2240 2364 3886 2445">
     <span class='ocr_line' id='line_1_54' title="bbox 2240 2364 3886 2445; baseline -0.001 -24"><span class='ocrx_word' id='word_1_403' title='bbox 2240 2364 2380 2440; x_wconf 80' lang='grc' dir='ltr'>ἡμῖν</span> <span class='ocrx_word' id='word_1_404' title='bbox 2431 2366 2662 2444; x_wconf 82' lang='grc' dir='ltr'>σήμερον</span> <span class='ocrx_word' id='word_1_405' title='bbox 2699 2383 2715 2400; x_wconf 81' lang='grc'><strong>’</strong></span> <span class='ocrx_word' id='word_1_406' title='bbox 2749 2366 2836 2420; x_wconf 82' lang='grc' dir='ltr'>καὶ</span> <span class='ocrx_word' id='word_1_407' title='bbox 2864 2364 2994 2445; x_wconf 71' lang='grc' dir='ltr'>ἄφες</span> <span class='ocrx_word' id='word_1_408' title='bbox 3026 2368 3164 2441; x_wconf 72' lang='grc' dir='ltr'>ἡμῖν</span> <span class='ocrx_word' id='word_1_409' title='bbox 3211 2366 3275 2421; x_wconf 79' lang='grc' dir='ltr'>τὰ</span> <span class='ocrx_word' id='word_1_410' title='bbox 3319 2364 3657 2445; x_wconf 71' lang='grc' dir='ltr'>ὀφειλήματα</span> <span class='ocrx_word' id='word_1_411' title='bbox 3707 2369 3886 2441; x_wconf 78' lang='grc' dir='ltr'>ἡμῶν,</span> 
     </span>
    </p>
   </div>
   <div class='ocr_carea' id='block_1_55' title="bbox 2242 2453 3891 2535">
    <p class='ocr_par' dir='ltr' id='par_1_55' title="bbox 2242 2453 3891 2535">
     <span class='ocr_line' id='line_1_55' title="bbox 2242 2453 3891 2535; baseline -0.001 -24"><span class='ocrx_word' id='word_1_412' title='bbox 2242 2456 2312 2518; x_wconf 84' lang='grc' dir='ltr'>ὡς</span> <span class='ocrx_word' id='word_1_413' title='bbox 2358 2456 2445 2511; x_wconf 83' lang='grc' dir='ltr'><strong>καὶ</strong></span> <span class='ocrx_word' id='word_1_414' title='bbox 2475 2455 2640 2531; x_wconf 75' lang='grc' dir='ltr'>ἡμεῖς</span> <span class='ocrx_word' id='word_1_415' title='bbox 2671 2456 2891 2535; x_wconf 76' lang='grc' dir='ltr'>ἀφίεμεν</span> <span class='ocrx_word' id='word_1_416' title='bbox 2921 2467 3037 2517; x_wconf 72' lang='grc' dir='ltr'>τοῖς</span> <span class='ocrx_word' id='word_1_417' title='bbox 3072 2453 3369 2534; x_wconf 70' lang='grc' dir='ltr'>ὀφειλέταις</span> <span class='ocrx_word' id='word_1_418' title='bbox 3421 2454 3575 2529; x_wconf 74' lang='grc' dir='ltr'>ἡμῶν</span> <span class='ocrx_word' id='word_1_419' title='bbox 3613 2474 3625 2486; x_wconf 79' lang='lat'><strong>&#39;</strong></span> <span class='ocrx_word' id='word_1_420' title='bbox 3677 2457 3765 2512; x_wconf 82' lang='grc' dir='ltr'>καὶ</span> <span class='ocrx_word' id='word_1_421' title='bbox 3816 2458 3891 2531; x_wconf 71' lang='grc' dir='ltr'>μὴ</span> 
     </span>
    </p>
   </div>
   <div class='ocr_carea' id='block_1_56' title="bbox 2242 2541 3892 2622">
    <p class='ocr_par' dir='ltr' id='par_1_56' title="bbox 2242 2541 3892 2622">
     <span class='ocr_line' id='line_1_56' title="bbox 2242 2541 3892 2622; baseline 0 -21"><span class='ocrx_word' id='word_1_422' title='bbox 2242 2543 2545 2622; x_wconf 74' lang='grc' dir='ltr'>εἰσενέγκῃς</span> <span class='ocrx_word' id='word_1_423' title='bbox 2597 2546 2741 2613; x_wconf 74' lang='grc' dir='ltr'>ἡμᾶς</span> <span class='ocrx_word' id='word_1_424' title='bbox 2802 2546 2874 2606; x_wconf 78' lang='grc' dir='ltr'><strong>είς</strong></span> <span class='ocrx_word' id='word_1_425' title='bbox 2951 2549 3273 2621; x_wconf 81' lang='grc' dir='ltr'>πειρασμὸν,</span> <span class='ocrx_word' id='word_1_426' title='bbox 3335 2541 3471 2599; x_wconf 79' lang='grc' dir='ltr'>ἀλλὰ</span> <span class='ocrx_word' id='word_1_427' title='bbox 3534 2543 3705 2622; x_wconf 65' lang='grc' dir='ltr'><strong>ῥῦσαι⁷</strong></span> <span class='ocrx_word' id='word_1_428' title='bbox 3744 2547 3892 2620; x_wconf 74' lang='grc' dir='ltr'>ἡμᾶς</span> 
     </span>
    </p>
   </div>
   <div class='ocr_carea' id='block_1_57' title="bbox 2241 2632 3891 2712">
    <p class='ocr_par' dir='ltr' id='par_1_57' title="bbox 2241 2632 3891 2712">
     <span class='ocr_line' id='line_1_57' title="bbox 2241 2632 3891 2712; baseline 0.002 -23"><span class='ocrx_word' id='word_1_429' title='bbox 2241 2633 2348 2691; x_wconf 77' lang='grc' dir='ltr'><strong>ἀπὸ</strong></span> <span class='ocrx_word' id='word_1_430' title='bbox 2391 2640 2482 2690; x_wconf 80' lang='grc' dir='ltr'>τοῦ</span> <span class='ocrx_word' id='word_1_431' title='bbox 2506 2642 2739 2712; x_wconf 80' lang='grc' dir='ltr'>πονηροῦ</span> <span class='ocrx_word' id='word_1_432' title='bbox 2772 2648 2787 2665; x_wconf 85' lang='grc'><strong><em>⁸</em></strong></span> <span class='ocrx_word' id='word_1_433' title='bbox 2824 2633 2903 2689; x_wconf 81' lang='grc' dir='ltr'><strong>ὅτι</strong></span> <span class='ocrx_word' id='word_1_434' title='bbox 2956 2635 3051 2690; x_wconf 73' lang='grc' dir='ltr'><strong>σοῦ</strong></span> <span class='ocrx_word' id='word_1_435' title='bbox 3095 2636 3239 2689; x_wconf 63' lang='grc' dir='ltr'>ἔστιν</span> <span class='ocrx_word' id='word_1_436' title='bbox 3289 2635 3323 2701; x_wconf 80' lang='grc' dir='ltr'>ἡ</span> <span class='ocrx_word' id='word_1_437' title='bbox 3356 2632 3625 2709; x_wconf 84' lang='grc' dir='ltr'>βασιλεία,</span> <span class='ocrx_word' id='word_1_438' title='bbox 3662 2635 3737 2699; x_wconf 76' lang='grc' dir='ltr'><strong>εἰς</strong></span> <span class='ocrx_word' id='word_1_439' title='bbox 3766 2636 3891 2700; x_wconf 78' lang='grc' dir='ltr'>τοὺς</span> 
     </span>
    </p>
   </div>
   <div class='ocr_carea' id='block_1_58' title="bbox 2242 2721 3889 2802">
    <p class='ocr_par' dir='ltr' id='par_1_58' title="bbox 2242 2721 3889 2802">
     <span class='ocr_line' id='line_1_58' title="bbox 2242 2721 3889 2802; baseline 0.001 -23"><span class='ocrx_word' id='word_1_440' title='bbox 2242 2726 2459 2787; x_wconf 77' lang='grc' dir='ltr'>αἰῶνας.</span> <span class='ocrx_word' id='word_1_441' title='bbox 2512 2721 2705 2799; x_wconf 83' lang='grc' dir='ltr'>Ἀμήν,</span> <span class='ocrx_word' id='word_1_442' title='bbox 2743 2746 2770 2778; x_wconf 71' lang='grc' dir='ltr'>ι)</span> <span class='ocrx_word' id='word_1_443' title='bbox 2836 2724 2954 2801; x_wconf 85' lang='grc' dir='ltr'>Τρὶς</span> <span class='ocrx_word' id='word_1_444' title='bbox 3013 2727 3113 2789; x_wconf 80' lang='grc' dir='ltr'>τῆς</span> <span class='ocrx_word' id='word_1_445' title='bbox 3144 2723 3348 2799; x_wconf 81' lang='grc' dir='ltr'>ἡμέρας</span> <span class='ocrx_word' id='word_1_446' title='bbox 3377 2721 3507 2802; x_wconf 76' lang='grc'><strong>(54)</strong></span> <span class='ocrx_word' id='word_1_447' title='bbox 3540 2722 3679 2780; x_wconf 61' lang='grc' dir='ltr'>οὕτω</span> <span class='ocrx_word' id='word_1_448' title='bbox 3711 2746 3889 2801; x_wconf 88' lang='grc' dir='ltr'>προσ-</span> 
     </span>
    </p>
   </div>
   <div class='ocr_carea' id='block_1_59' title="bbox 2242 2812 3888 2893">
    <p class='ocr_par' dir='ltr' id='par_1_59' title="bbox 2242 2812 3888 2893">
     <span class='ocr_line' id='line_1_59' title="bbox 2242 2812 3888 2893; baseline 0.001 -23"><span class='ocrx_word' id='word_1_449' title='bbox 2242 2814 2489 2893; x_wconf 70' lang='grc' dir='ltr'>εύχεσθε,</span> <span class='ocrx_word' id='word_1_450' title='bbox 2580 2812 3176 2891; x_wconf 73' lang='grc' dir='ltr'>προπαρασκευάζοντες</span> <span class='ocrx_word' id='word_1_451' title='bbox 3249 2813 3466 2874; x_wconf 78' lang='grc' dir='ltr'>ἑαυτοὺς</span> <span class='ocrx_word' id='word_1_452' title='bbox 3554 2812 3728 2878; x_wconf 72' lang='grc' dir='ltr'>ἀξίους</span> <span class='ocrx_word' id='word_1_453' title='bbox 3788 2821 3888 2881; x_wconf 78' lang='grc' dir='ltr'>τῆς</span> 
     </span>
    </p>
   </div>
   <div class='ocr_carea' id='block_1_60' title="bbox 2236 2901 3888 2981">
    <p class='ocr_par' dir='ltr' id='par_1_60' title="bbox 2236 2901 3888 2981">
     <span class='ocr_line' id='line_1_60' title="bbox 2236 2901 3888 2981; baseline -0.002 -22"><span class='ocrx_word' id='word_1_454' title='bbox 2236 2903 2490 2968; x_wconf 81' lang='grc' dir='ltr'>υἱοθεσίας</span> <span class='ocrx_word' id='word_1_455' title='bbox 2538 2909 2630 2959; x_wconf 77' lang='grc' dir='ltr'><strong>τοῦ</strong></span> <span class='ocrx_word' id='word_1_456' title='bbox 2674 2903 2903 2981; x_wconf 81' lang='grc' dir='ltr'>Πατρὸς,</span> <span class='ocrx_word' id='word_1_457' title='bbox 2965 2901 3059 2958; x_wconf 75' lang='grc' dir='ltr'><strong>ἵνα</strong></span> <span class='ocrx_word' id='word_1_458' title='bbox 3103 2902 3179 2976; x_wconf 81' lang='grc' dir='ltr'>μὴ</span> <span class='ocrx_word' id='word_1_459' title='bbox 3238 2901 3460 2967; x_wconf 78' lang='grc' dir='ltr'>ἀναξίως</span> <span class='ocrx_word' id='word_1_460' title='bbox 3514 2905 3665 2975; x_wconf 76' lang='grc' dir='ltr'>ὑμῶν</span> <span class='ocrx_word' id='word_1_461' title='bbox 3730 2906 3888 2962; x_wconf 69' lang='grc' dir='ltr'>αὐτὸν</span> 
     </span>
    </p>
   </div>
   <div class='ocr_carea' id='block_1_61' title="bbox 2240 2989 3893 3065">
    <p class='ocr_par' dir='ltr' id='par_1_61' title="bbox 2240 2989 3893 3065">
     <span class='ocr_line' id='line_1_61' title="bbox 2240 2989 3893 3065; baseline 0 -17"><span class='ocrx_word' id='word_1_462' title='bbox 2240 2991 2448 3064; x_wconf 81' lang='grc' dir='ltr'>Πατέρα</span> <span class='ocrx_word' id='word_1_463' title='bbox 2491 2990 2816 3065; x_wconf 78' lang='grc' dir='ltr'>καλούντων,</span> <span class='ocrx_word' id='word_1_464' title='bbox 2871 2989 3196 3058; x_wconf 81' lang='grc' dir='ltr'>ὀνειδισθῆτε</span> <span class='ocrx_word' id='word_1_465' title='bbox 3240 2991 3329 3047; x_wconf 77' lang='grc' dir='ltr'><strong>ὑπ’</strong></span> <span class='ocrx_word' id='word_1_466' title='bbox 3390 2993 3550 3048; x_wconf 79' lang='grc' dir='ltr'><strong>αύτοῦ</strong></span> <span class='ocrx_word' id='word_1_467' title='bbox 3590 3010 3604 3027; x_wconf 82' lang='grc'><strong>⁸</strong></span> <span class='ocrx_word' id='word_1_468' title='bbox 3663 2994 3736 3057; x_wconf 81' lang='grc' dir='ltr'>ὡς</span> <span class='ocrx_word' id='word_1_469' title='bbox 3800 2996 3893 3048; x_wconf 82' lang='grc' dir='ltr'><strong>καὶ</strong></span> 
     </span>
    </p>
   </div>
   <div class='ocr_carea' id='block_1_62' title="bbox 2240 3079 3893 3160">
    <p class='ocr_par' dir='ltr' id='par_1_62' title="bbox 2240 3079 3893 3160">
     <span class='ocr_line' id='line_1_62' title="bbox 2240 3079 3893 3160; baseline -0.001 -22"><span class='ocrx_word' id='word_1_470' title='bbox 2240 3085 2266 3138; x_wconf 78' lang='grc' dir='ltr'><em>ὃ</em></span> <span class='ocrx_word' id='word_1_471' title='bbox 2299 3079 2517 3158; x_wconf 76' lang='grc' dir='ltr'>Ἰσραὴλ</span> <span class='ocrx_word' id='word_1_472' title='bbox 2548 3080 2709 3137; x_wconf 83' lang='grc' dir='ltr'>ὁπότε</span> <span class='ocrx_word' id='word_1_473' title='bbox 2740 3082 3083 3160; x_wconf 61' lang='grc' dir='ltr'>πρωτότοκος</span> <span class='ocrx_word' id='word_1_474' title='bbox 3113 3082 3222 3146; x_wconf 75' lang='grc' dir='ltr'>υἱὸς</span> <span class='ocrx_word' id='word_1_475' title='bbox 3249 3080 3496 3160; x_wconf 72' lang='grc' dir='ltr'>ἤκουσεν,</span> <span class='ocrx_word' id='word_1_476' title='bbox 3532 3080 3613 3136; x_wconf 78' lang='grc' dir='ltr'><strong>ὅτι</strong></span> <span class='ocrx_word' id='word_1_477' title='bbox 3639 3079 3692 3123; x_wconf 76' lang='grc'><strong>6⁷</strong></span> <span class='ocrx_word' id='word_1_478' title='bbox 3721 3102 3734 3116; x_wconf 90' lang='grc'><strong>·</strong></span> <span class='ocrx_word' id='word_1_479' title='bbox 3775 3105 3803 3137; x_wconf 78' lang='grc' dir='ltr'>ι</span> <span class='ocrx_word' id='word_1_480' title='bbox 3837 3088 3893 3139; x_wconf 73' lang='grc' dir='ltr'><strong>Εἰ</strong></span> 
     </span>
    </p>
   </div>
   <div class='ocr_carea' id='block_1_63' title="bbox 504 3162 2157 3251">
    <p class='ocr_par' dir='ltr' id='par_1_63' title="bbox 504 3162 2156 3243">
     <span class='ocr_line' id='line_1_63' title="bbox 504 3162 2156 3243; baseline 0.002 -17"><span class='ocrx_word' id='word_1_481' title='bbox 504 3162 560 3207; x_wconf 74' lang='grc'><strong>⁸8</strong></span> <span class='ocrx_word' id='word_1_482' title='bbox 577 3163 783 3226; x_wconf 87' lang='lat' dir='ltr'><strong>Honor</strong></span> <span class='ocrx_word' id='word_1_483' title='bbox 802 3166 963 3227; x_wconf 90' lang='lat' dir='ltr'><strong>enim</strong></span> <span class='ocrx_word' id='word_1_484' title='bbox 982 3173 1217 3243; x_wconf 87' lang='lat' dir='ltr'><strong>patrum</strong></span> <span class='ocrx_word' id='word_1_485' title='bbox 1239 3178 1332 3227; x_wconf 85' lang='lat' dir='ltr'><strong>est</strong></span> <span class='ocrx_word' id='word_1_486' title='bbox 1354 3166 1639 3228; x_wconf 86' lang='lat' dir='ltr'><strong>sanctitas</strong></span> <span class='ocrx_word' id='word_1_487' title='bbox 1666 3166 1948 3241; x_wconf 83' lang='lat' dir='ltr'><strong>ﬁliorum;</strong></span> <span class='ocrx_word' id='word_1_488' title='bbox 1971 3172 2032 3229; x_wconf 83' lang='lat' dir='ltr'><strong>et</strong></span> <span class='ocrx_word' id='word_1_489' title='bbox 2056 3166 2156 3229; x_wconf 90' lang='lat' dir='ltr'><strong>ho-</strong></span> 
     </span>
    </p>
   </div>
   <div class='ocr_carea' id='block_1_64' title="bbox 2252 3162 3892 3251">
    <p class='ocr_par' dir='ltr' id='par_1_64' title="bbox 2252 3169 3892 3251">
     <span class='ocr_line' id='line_1_64' title="bbox 2252 3169 3892 3251; baseline -0.001 -22"><span class='ocrx_word' id='word_1_490' title='bbox 2252 3174 2418 3249; x_wconf 76' lang='grc' dir='ltr'>πατήρ</span> <span class='ocrx_word' id='word_1_491' title='bbox 2449 3172 2557 3245; x_wconf 86' lang='grc' dir='ltr'>εἰμι</span> <span class='ocrx_word' id='word_1_492' title='bbox 2591 3170 2721 3250; x_wconf 82' lang='grc' dir='ltr'>ἐγὼ,</span> <span class='ocrx_word' id='word_1_493' title='bbox 2757 3178 2859 3227; x_wconf 77' lang='grc' dir='ltr'>ποῦ</span> <span class='ocrx_word' id='word_1_494' title='bbox 2889 3171 3029 3227; x_wconf 84' lang='grc' dir='ltr'>ἐστιν</span> <span class='ocrx_word' id='word_1_495' title='bbox 3060 3174 3095 3238; x_wconf 79' lang='grc' dir='ltr'>ἡ</span> <span class='ocrx_word' id='word_1_496' title='bbox 3145 3169 3267 3236; x_wconf 78' lang='grc' dir='ltr'>δόξα</span> <span class='ocrx_word' id='word_1_497' title='bbox 3312 3190 3453 3245; x_wconf 75' lang='grc' dir='ltr'>μους</span> <span class='ocrx_word' id='word_1_498' title='bbox 3488 3173 3573 3227; x_wconf 85' lang='grc' dir='ltr'>καὶ</span> <span class='ocrx_word' id='word_1_499' title='bbox 3616 3173 3659 3227; x_wconf 80' lang='grc' dir='ltr'><strong>εί</strong></span> <span class='ocrx_word' id='word_1_500' title='bbox 3718 3172 3892 3251; x_wconf 77' lang='grc' dir='ltr'>κύριός</span> 
     </span>
    </p>
   </div>
   <div class='ocr_carea' id='block_1_65' title="bbox 509 3236 2157 3342">
    <p class='ocr_par' dir='ltr' id='par_1_65' title="bbox 509 3236 2154 3342">
     <span class='ocr_line' id='line_1_65' title="bbox 509 3236 2154 3342; baseline 0.002 -29"><span class='ocrx_word' id='word_1_501' title='bbox 509 3270 620 3342; x_wconf 90' lang='lat' dir='ltr'><strong>nor</strong></span> <span class='ocrx_word' id='word_1_502' title='bbox 647 3253 954 3327; x_wconf 93' lang='lat' dir='ltr'><strong>herorum,</strong></span> <span class='ocrx_word' id='word_1_503' title='bbox 982 3236 1347 3317; x_wconf 44' lang='lat' dir='ltr'><strong>&#39;famulorum</strong></span> <span class='ocrx_word' id='word_1_504' title='bbox 1383 3263 1577 3316; x_wconf 87' lang='lat' dir='ltr'><strong>metus</strong></span> <span class='ocrx_word' id='word_1_505' title='bbox 1613 3236 2154 3335; x_wconf 86' lang='lat' dir='ltr'><strong>:quemadmodum</strong></span> 
     </span>
    </p>
   </div>
   <div class='ocr_carea' id='block_1_66' title="bbox 2252 3236 3243 3342">
    <p class='ocr_par' dir='ltr' id='par_1_66' title="bbox 2252 3260 3243 3342">
     <span class='ocr_line' id='line_1_66' title="bbox 2252 3260 3243 3342; baseline -0.005 -24"><span class='ocrx_word' id='word_1_506' title='bbox 2252 3263 2376 3342; x_wconf 73' lang='grc' dir='ltr'>εἶμι,</span> <span class='ocrx_word' id='word_1_507' title='bbox 2426 3268 2528 3317; x_wconf 77' lang='grc' dir='ltr'>ποῦ</span> <span class='ocrx_word' id='word_1_508' title='bbox 2582 3260 2727 3316; x_wconf 68' lang='grc' dir='ltr'>ἔστιν</span> <span class='ocrx_word' id='word_1_509' title='bbox 2758 3263 2786 3317; x_wconf 80' lang='grc' dir='ltr'>ὁ</span> <span class='ocrx_word' id='word_1_510' title='bbox 2841 3261 3002 3339; x_wconf 78' lang='grc' dir='ltr'>φόϐος</span> <span class='ocrx_word' id='word_1_511' title='bbox 3035 3280 3181 3335; x_wconf 83' lang='grc' dir='ltr'>μου;</span> <span class='ocrx_word' id='word_1_512' title='bbox 3220 3285 3243 3313; x_wconf 78' lang='grc' dir='ltr'><strong>ιι</strong></span> 
     </span>
    </p>
   </div>
   <div class='ocr_carea' id='block_1_67' title="bbox 512 3341 2161 3425">
    <p class='ocr_par' dir='ltr' id='par_1_67' title="bbox 512 3341 2161 3425">
     <span class='ocr_line' id='line_1_67' title="bbox 512 3341 2161 3425; baseline 0.002 -24"><span class='ocrx_word' id='word_1_513' title='bbox 512 3341 717 3421; x_wconf 91' lang='lat' dir='ltr'><strong>utique</strong></span> <span class='ocrx_word' id='word_1_514' title='bbox 746 3342 905 3423; x_wconf 90' lang='lat' dir='ltr'><strong>quod</strong></span> <span class='ocrx_word' id='word_1_515' title='bbox 930 3343 1296 3407; x_wconf 89' lang='lat' dir='ltr'><strong>contrarium</strong></span> <span class='ocrx_word' id='word_1_516' title='bbox 1346 3352 1461 3423; x_wconf 90' lang='lat' dir='ltr'><strong>est,</strong></span> <span class='ocrx_word' id='word_1_517' title='bbox 1492 3342 1801 3423; x_wconf 88' lang='lat' dir='ltr'><strong>despectio</strong></span> <span class='ocrx_word' id='word_1_518' title='bbox 1835 3353 1892 3405; x_wconf 91' lang='lat' dir='ltr'><strong>et</strong></span> <span class='ocrx_word' id='word_1_519' title='bbox 1925 3344 2161 3425; x_wconf 87' lang='lat' dir='ltr'><strong>imperii</strong></span> 
     </span>
    </p>
   </div>
   <div class='ocr_carea' id='block_1_68' title="bbox 509 3429 2159 3514">
    <p class='ocr_par' dir='ltr' id='par_1_68' title="bbox 509 3429 2159 3514">
     <span class='ocr_line' id='line_1_68' title="bbox 509 3429 2159 3514; baseline 0.003 -24"><span class='ocrx_word' id='word_1_520' title='bbox 509 3429 768 3510; x_wconf 89' lang='lat' dir='ltr'><strong>abjectio</strong></span> <span class='ocrx_word' id='word_1_521' title='bbox 788 3439 1094 3494; x_wconf 89' lang='lat' dir='ltr'><strong>censetur.</strong></span> <span class='ocrx_word' id='word_1_522' title='bbox 1129 3431 1410 3512; x_wconf 69' lang='lat' dir='ltr'><strong>«Propter</strong></span> <span class='ocrx_word' id='word_1_523' title='bbox 1439 3450 1541 3494; x_wconf 91' lang='lat' dir='ltr'><strong>vos</strong></span> <span class='ocrx_word' id='word_1_524' title='bbox 1585 3432 1769 3506; x_wconf 88' lang='lat' dir='ltr'><strong>enim,</strong></span> <span class='ocrx_word' id='word_1_525' title='bbox 1799 3433 2012 3514; x_wconf 89' lang='lat' dir='ltr'><strong>inquit,</strong></span> <span class='ocrx_word' id='word_1_526' title='bbox 2048 3452 2159 3495; x_wconf 90' lang='lat' dir='ltr'><strong>no-</strong></span> 
     </span>
    </p>
   </div>
   <div class='ocr_carea' id='block_1_69' title="bbox 513 3521 1934 3602">
    <p class='ocr_par' dir='ltr' id='par_1_69' title="bbox 513 3521 1934 3602">
     <span class='ocr_line' id='line_1_69' title="bbox 513 3521 1934 3602; baseline -0.001 -21"><span class='ocrx_word' id='word_1_527' title='bbox 513 3537 653 3583; x_wconf 87' lang='lat' dir='ltr'><strong>men</strong></span> <span class='ocrx_word' id='word_1_528' title='bbox 685 3537 883 3583; x_wconf 87' lang='lat' dir='ltr'><strong>meum</strong></span> <span class='ocrx_word' id='word_1_529' title='bbox 915 3521 1367 3602; x_wconf 86' lang='lat' dir='ltr'><strong>blasphematur</strong></span> <span class='ocrx_word' id='word_1_530' title='bbox 1397 3522 1457 3583; x_wconf 91' lang='lat' dir='ltr'><strong>in</strong></span> <span class='ocrx_word' id='word_1_531' title='bbox 1489 3522 1766 3601; x_wconf 89' lang='lat' dir='ltr'><strong>gentibus</strong></span> <span class='ocrx_word' id='word_1_532' title='bbox 1792 3521 1868 3584; x_wconf 70' lang='lat'><strong>89.</strong></span> <span class='ocrx_word' id='word_1_533' title='bbox 1908 3549 1934 3578; x_wconf 68' lang='grc' dir='ltr'><strong>ι</strong></span> 
     </span>
    </p>
   </div>
   <div class='ocr_carea' id='block_1_70' title="bbox 1101 3698 1571 3763">
    <p class='ocr_par' dir='ltr' id='par_1_70' title="bbox 1101 3698 1571 3763">
     <span class='ocr_line' id='line_1_70' title="bbox 1101 3698 1571 3763; baseline -0.006 -1"><span class='ocrx_word' id='word_1_534' title='bbox 1101 3698 1351 3763; x_wconf 86' lang='lat' dir='ltr'><strong>CAPUT</strong></span> <span class='ocrx_word' id='word_1_535' title='bbox 1394 3698 1571 3763; x_wconf 83' lang='lat' dir='ltr'><strong>XXV.</strong></span> 
     </span>
    </p>
   </div>
   <div class='ocr_carea' id='block_1_71' title="bbox 797 3789 1859 3855">
    <p class='ocr_par' dir='ltr' id='par_1_71' title="bbox 797 3789 1859 3855">
     <span class='ocr_line' id='line_1_71' title="bbox 797 3789 1859 3855; baseline -0.001 -1"><span class='ocrx_word' id='word_1_536' title='bbox 797 3789 1167 3855; x_wconf 70' lang='lat' dir='ltr'><strong>Gratiarum</strong></span> <span class='ocrx_word' id='word_1_537' title='bbox 1189 3792 1349 3853; x_wconf 81' lang='lat' dir='ltr'><strong>actio</strong></span> <span class='ocrx_word' id='word_1_538' title='bbox 1369 3792 1859 3853; x_wconf 77' lang='lat' dir='ltr'><strong>sacramentalis.</strong></span> 
     </span>
    </p>
   </div>
   <div class='ocr_carea' id='block_1_72' title="bbox 594 3878 2161 3959">
    <p class='ocr_par' dir='ltr' id='par_1_72' title="bbox 594 3878 2161 3959">
     <span class='ocr_line' id='line_1_72' title="bbox 594 3878 2161 3959; baseline 0 -16"><span class='ocrx_word' id='word_1_539' title='bbox 594 3878 650 3924; x_wconf 80' lang='grc' dir='ltr'><strong>⁷ο</strong></span> <span class='ocrx_word' id='word_1_540' title='bbox 669 3878 874 3943; x_wconf 84' lang='lat' dir='ltr'><strong>Estote</strong></span> <span class='ocrx_word' id='word_1_541' title='bbox 895 3882 1095 3941; x_wconf 84' lang='lat' dir='ltr'><strong>autem</strong></span> <span class='ocrx_word' id='word_1_542' title='bbox 1126 3896 1369 3958; x_wconf 90' lang='lat' dir='ltr'><strong>semper</strong></span> <span class='ocrx_word' id='word_1_543' title='bbox 1426 3879 1499 3941; x_wconf 85' lang='lat' dir='ltr'><strong>ad</strong></span> <span class='ocrx_word' id='word_1_544' title='bbox 1530 3880 1749 3959; x_wconf 88' lang='lat' dir='ltr'><strong>gratias</strong></span> <span class='ocrx_word' id='word_1_545' title='bbox 1784 3880 2045 3959; x_wconf 82' lang='lat' dir='ltr'><strong>agendas</strong></span> <span class='ocrx_word' id='word_1_546' title='bbox 2074 3882 2161 3943; x_wconf 90' lang='lat' dir='ltr'><strong>in-</strong></span> 
     </span>
    </p>
   </div>
   <div class='ocr_carea' id='block_1_73' title="bbox 515 3968 2160 4051">
    <p class='ocr_par' dir='ltr' id='par_1_73' title="bbox 515 3968 2160 4051">
     <span class='ocr_line' id='line_1_73' title="bbox 515 3968 2160 4051; baseline 0.001 -20"><span class='ocrx_word' id='word_1_547' title='bbox 515 3970 756 4050; x_wconf 90' lang='lat' dir='ltr'><strong>tenti,ut</strong></span> <span class='ocrx_word' id='word_1_548' title='bbox 772 3968 980 4032; x_wconf 82' lang='lat' dir='ltr'><strong>ﬁdeles</strong></span> <span class='ocrx_word' id='word_1_549' title='bbox 998 3977 1059 4032; x_wconf 89' lang='lat' dir='ltr'><strong>et</strong></span> <span class='ocrx_word' id='word_1_550' title='bbox 1080 3968 1242 4048; x_wconf 84' lang='lat' dir='ltr'><strong>gravi</strong></span> <span class='ocrx_word' id='word_1_551' title='bbox 1257 3968 1435 4031; x_wconf 88' lang='lat' dir='ltr'><strong>servi:</strong></span> <span class='ocrx_word' id='word_1_552' title='bbox 1462 3980 1519 4031; x_wconf 91' lang='lat' dir='ltr'><strong>et</strong></span> <span class='ocrx_word' id='word_1_553' title='bbox 1543 3969 1619 4031; x_wconf 92' lang='lat' dir='ltr'><strong>de</strong></span> <span class='ocrx_word' id='word_1_554' title='bbox 1643 3970 2005 4031; x_wconf 88' lang='lat' dir='ltr'><strong>eucharistia</strong></span> <span class='ocrx_word' id='word_1_555' title='bbox 2022 3970 2160 4051; x_wconf 85' lang='lat' dir='ltr'><strong>qui-</strong></span> 
     </span>
    </p>
   </div>
   <div class='ocr_carea' id='block_1_74' title="bbox 515 4057 2161 4138">
    <p class='ocr_par' dir='ltr' id='par_1_74' title="bbox 515 4057 2161 4138">
     <span class='ocr_line' id='line_1_74' title="bbox 515 4057 2161 4138; baseline 0.001 -19"><span class='ocrx_word' id='word_1_556' title='bbox 515 4057 651 4121; x_wconf 89' lang='lat' dir='ltr'><strong>dem</strong></span> <span class='ocrx_word' id='word_1_557' title='bbox 676 4058 758 4119; x_wconf 87' lang='lat' dir='ltr'><strong>ita</strong></span> <span class='ocrx_word' id='word_1_558' title='bbox 777 4057 957 4125; x_wconf 91' lang='lat' dir='ltr'><strong>dicite</strong></span> <span class='ocrx_word' id='word_1_559' title='bbox 990 4078 1003 4115; x_wconf 93' lang='lat'><strong>:</strong></span> <span class='ocrx_word' id='word_1_560' title='bbox 1048 4058 1278 4120; x_wconf 84' lang='lat' dir='ltr'><strong>Gratias</strong></span> <span class='ocrx_word' id='word_1_561' title='bbox 1306 4059 1535 4138; x_wconf 88' lang='lat' dir='ltr'><strong>agimus</strong></span> <span class='ocrx_word' id='word_1_562' title='bbox 1568 4059 1695 4134; x_wconf 89' lang='lat' dir='ltr'><strong>tibi,</strong></span> <span class='ocrx_word' id='word_1_563' title='bbox 1730 4058 1906 4121; x_wconf 89' lang='lat' dir='ltr'><strong>Pater</strong></span> <span class='ocrx_word' id='word_1_564' title='bbox 1931 4068 2161 4135; x_wconf 89' lang='lat' dir='ltr'><strong>noster,</strong></span> 
     </span>
    </p>
   </div>
   <div class='ocr_carea' id='block_1_75' title="bbox 3300 3259 3890 3339">
    <p class='ocr_par' dir='ltr' id='par_1_75' title="bbox 3300 3259 3890 3339">
     <span class='ocr_line' id='line_1_75' title="bbox 3300 3259 3890 3339; baseline -0.002 -23"><span class='ocrx_word' id='word_1_565' title='bbox 3300 3259 3420 3326; x_wconf 88' lang='grc' dir='ltr'>δόξα</span> <span class='ocrx_word' id='word_1_566' title='bbox 3464 3263 3564 3337; x_wconf 79' lang='grc' dir='ltr'>γὰρ</span> <span class='ocrx_word' id='word_1_567' title='bbox 3624 3261 3890 3339; x_wconf 72' lang='grc' dir='ltr'>πατέρων,</span> 
     </span>
    </p>
   </div>
   <div class='ocr_carea' id='block_1_76' title="bbox 2243 3347 3889 3429">
    <p class='ocr_par' dir='ltr' id='par_1_76' title="bbox 2243 3347 3889 3429">
     <span class='ocr_line' id='line_1_76' title="bbox 2243 3347 3889 3429; baseline 0 -22"><span class='ocrx_word' id='word_1_568' title='bbox 2243 3352 2457 3417; x_wconf 84' lang='grc' dir='ltr'>ὁσιότης</span> <span class='ocrx_word' id='word_1_569' title='bbox 2488 3347 2713 3423; x_wconf 85' lang='grc' dir='ltr'>παίδων,</span> <span class='ocrx_word' id='word_1_570' title='bbox 2768 3352 2854 3406; x_wconf 85' lang='grc' dir='ltr'><strong>καὶ</strong></span> <span class='ocrx_word' id='word_1_571' title='bbox 2907 3352 3039 3425; x_wconf 75' lang='grc' dir='ltr'>τιμὴ</span> <span class='ocrx_word' id='word_1_572' title='bbox 3102 3349 3393 3423; x_wconf 77' lang='grc' dir='ltr'>δεσποτῶν,</span> <span class='ocrx_word' id='word_1_573' title='bbox 3430 3351 3651 3406; x_wconf 74' lang='grc' dir='ltr'>οἰκετῶν</span> <span class='ocrx_word' id='word_1_574' title='bbox 3683 3349 3845 3429; x_wconf 78' lang='grc' dir='ltr'>φόϐος</span> <span class='ocrx_word' id='word_1_575' title='bbox 3876 3367 3889 3379; x_wconf 88' lang='lat'><strong>‘</strong></span> 
     </span>
    </p>
   </div>
   <div class='ocr_carea' id='block_1_77' title="bbox 2243 3438 3894 3519">
    <p class='ocr_par' dir='ltr' id='par_1_77' title="bbox 2243 3438 3894 3519">
     <span class='ocr_line' id='line_1_77' title="bbox 2243 3438 3894 3519; baseline -0.001 -22"><span class='ocrx_word' id='word_1_576' title='bbox 2243 3440 2423 3519; x_wconf 81' lang='grc' dir='ltr'>ὥσπερ</span> <span class='ocrx_word' id='word_1_577' title='bbox 2452 3439 2541 3497; x_wconf 78' lang='grc' dir='ltr'>οὖν</span> <span class='ocrx_word' id='word_1_578' title='bbox 2571 3440 2631 3495; x_wconf 81' lang='grc' dir='ltr'>τὸ</span> <span class='ocrx_word' id='word_1_579' title='bbox 2663 3439 2895 3497; x_wconf 80' lang='grc' dir='ltr'>ἐναντίον</span> <span class='ocrx_word' id='word_1_580' title='bbox 2928 3438 3104 3507; x_wconf 82' lang='grc' dir='ltr'>ἀδοξία</span> <span class='ocrx_word' id='word_1_581' title='bbox 3156 3441 3243 3495; x_wconf 83' lang='grc' dir='ltr'><strong>καὶ</strong></span> <span class='ocrx_word' id='word_1_582' title='bbox 3275 3440 3530 3519; x_wconf 84' lang='grc' dir='ltr'>ἀναρχία,</span> <span class='ocrx_word' id='word_1_583' title='bbox 3573 3464 3599 3492; x_wconf 73' lang='grc' dir='ltr'>ι</span> <span class='ocrx_word' id='word_1_584' title='bbox 3638 3441 3720 3495; x_wconf 84' lang='grc' dir='ltr'><strong>Δι’</strong></span> <span class='ocrx_word' id='word_1_585' title='bbox 3761 3442 3894 3515; x_wconf 81' lang='grc' dir='ltr'>ὑμᾶς</span> 
     </span>
    </p>
   </div>
   <div class='ocr_carea' id='block_1_78' title="bbox 2242 3527 3887 3609">
    <p class='ocr_par' dir='ltr' id='par_1_78' title="bbox 2242 3527 3887 3609">
     <span class='ocr_line' id='line_1_78' title="bbox 2242 3527 3887 3609; baseline -0.001 -22"><span class='ocrx_word' id='word_1_586' title='bbox 2242 3532 2365 3609; x_wconf 75' lang='grc' dir='ltr'>γὰρ,</span> <span class='ocrx_word' id='word_1_587' title='bbox 2398 3529 2527 3609; x_wconf 68' lang='grc' dir='ltr'>φησὶ</span> <span class='ocrx_word' id='word_1_588' title='bbox 2562 3528 2706 3609; x_wconf 79' lang='grc'>(55),</span> <span class='ocrx_word' id='word_1_589' title='bbox 2760 3530 2822 3585; x_wconf 77' lang='grc' dir='ltr'>τὸ</span> <span class='ocrx_word' id='word_1_590' title='bbox 2866 3527 3037 3604; x_wconf 65' lang='grc' dir='ltr'>ὄνομα</span> <span class='ocrx_word' id='word_1_591' title='bbox 3087 3536 3188 3594; x_wconf 75' lang='grc' dir='ltr'><strong>μου</strong></span> <span class='ocrx_word' id='word_1_592' title='bbox 3218 3528 3625 3608; x_wconf 72' lang='grc' dir='ltr'>βλασφημεῖται</span> <span class='ocrx_word' id='word_1_593' title='bbox 3668 3532 3725 3586; x_wconf 66' lang='grc' dir='ltr'>ἓν</span> <span class='ocrx_word' id='word_1_594' title='bbox 3770 3544 3887 3593; x_wconf 73' lang='grc' dir='ltr'>τοῖς</span> 
     </span>
    </p>
   </div>
   <div class='ocr_carea' id='block_1_79' title="bbox 2243 3619 2502 3681">
    <p class='ocr_par' dir='ltr' id='par_1_79' title="bbox 2243 3619 2502 3681">
     <span class='ocr_line' id='line_1_79' title="bbox 2243 3619 2502 3681; baseline -0.004 -6"><span class='ocrx_word' id='word_1_595' title='bbox 2243 3619 2411 3676; x_wconf 79' lang='grc' dir='ltr'>ἔθνεσι</span> <span class='ocrx_word' id='word_1_596' title='bbox 2423 3667 2436 3681; x_wconf 92' lang='grc'><strong>,</strong></span> <span class='ocrx_word' id='word_1_597' title='bbox 2480 3641 2502 3674; x_wconf 75' lang='grc' dir='ltr'><strong>ι</strong></span> 
     </span>
    </p>
   </div>
   <div class='ocr_carea' id='block_1_80' title="bbox 2781 3707 3347 3770">
    <p class='ocr_par' dir='ltr' id='par_1_80' title="bbox 2781 3707 3347 3770">
     <span class='ocr_line' id='line_1_80' title="bbox 2781 3707 3347 3770; baseline 0.005 -3"><span class='ocrx_word' id='word_1_598' title='bbox 2781 3712 3168 3767; x_wconf 77' lang='grc' dir='ltr'><strong>ΚΕΦΑΛΑῙΟΝ</strong></span> <span class='ocrx_word' id='word_1_599' title='bbox 3218 3717 3255 3767; x_wconf 81' lang='grc' dir='ltr'>Κ</span> <span class='ocrx_word' id='word_1_600' title='bbox 3268 3707 3347 3770; x_wconf 85' lang='grc' dir='ltr'><strong>ε’.</strong></span> 
     </span>
    </p>
   </div>
   <div class='ocr_carea' id='block_1_81' title="bbox 2684 3786 3449 3868">
    <p class='ocr_par' dir='ltr' id='par_1_81' title="bbox 2684 3786 3449 3868">
     <span class='ocr_line' id='line_1_81' title="bbox 2684 3786 3449 3868; baseline 0.003 -22"><span class='ocrx_word' id='word_1_601' title='bbox 2684 3790 3008 3868; x_wconf 73' lang='grc' dir='ltr'>Εὖχαριστία</span> <span class='ocrx_word' id='word_1_602' title='bbox 3039 3789 3270 3863; x_wconf 79' lang='grc' dir='ltr'>μυστική</span> <span class='ocrx_word' id='word_1_603' title='bbox 3302 3786 3420 3867; x_wconf 78' lang='grc'>(56)</span> <span class='ocrx_word' id='word_1_604' title='bbox 3433 3835 3449 3848; x_wconf 94' lang='grc'><strong>.</strong></span> 
     </span>
    </p>
   </div>
   <div class='ocr_carea' id='block_1_82' title="bbox 2327 3878 3893 3958">
    <p class='ocr_par' dir='ltr' id='par_1_82' title="bbox 2327 3878 3893 3958">
     <span class='ocr_line' id='line_1_82' title="bbox 2327 3878 3893 3958; baseline -0.002 -23"><span class='ocrx_word' id='word_1_605' title='bbox 2327 3879 2532 3935; x_wconf 83' lang='grc' dir='ltr'>Γίνεσθε</span> <span class='ocrx_word' id='word_1_606' title='bbox 2562 3878 2617 3934; x_wconf 83' lang='grc' dir='ltr'>δὲ</span> <span class='ocrx_word' id='word_1_607' title='bbox 2668 3879 2895 3935; x_wconf 77' lang='grc' dir='ltr'>πάντοτε</span> <span class='ocrx_word' id='word_1_608' title='bbox 2942 3878 3277 3958; x_wconf 68' lang='grc' dir='ltr'>εὐχάριστοι,</span> <span class='ocrx_word' id='word_1_609' title='bbox 3330 3881 3403 3942; x_wconf 83' lang='grc' dir='ltr'>ὡς</span> <span class='ocrx_word' id='word_1_610' title='bbox 3449 3881 3624 3934; x_wconf 83' lang='grc' dir='ltr'>πιστοὶ</span> <span class='ocrx_word' id='word_1_611' title='bbox 3672 3880 3758 3933; x_wconf 78' lang='grc' dir='ltr'><strong>καὶ</strong></span> <span class='ocrx_word' id='word_1_612' title='bbox 3802 3878 3893 3934; x_wconf 57' lang='lat'><strong>1&quot;)-</strong></span> 
     </span>
    </p>
   </div>
   <div class='ocr_carea' id='block_1_83' title="bbox 2244 3966 3894 4048">
    <p class='ocr_par' dir='ltr' id='par_1_83' title="bbox 2244 3966 3894 4048">
     <span class='ocr_line' id='line_1_83' title="bbox 2244 3966 3894 4048; baseline -0.001 -23"><span class='ocrx_word' id='word_1_613' title='bbox 2244 3970 2515 4048; x_wconf 85' lang='grc' dir='ltr'>γνώμονες</span> <span class='ocrx_word' id='word_1_614' title='bbox 2568 3966 2783 4025; x_wconf 59' lang='grc' dir='ltr'>δοῦλον</span> <span class='ocrx_word' id='word_1_615' title='bbox 2847 3968 2962 4045; x_wconf 84' lang='grc' dir='ltr'>περὶ</span> <span class='ocrx_word' id='word_1_616' title='bbox 3008 3968 3104 4041; x_wconf 80' lang='grc' dir='ltr'>μὲν</span> <span class='ocrx_word' id='word_1_617' title='bbox 3173 3973 3270 4035; x_wconf 78' lang='grc' dir='ltr'>τῆς</span> <span class='ocrx_word' id='word_1_618' title='bbox 3330 3968 3668 4048; x_wconf 71' lang='grc' dir='ltr'>εὔχαριστίας</span> <span class='ocrx_word' id='word_1_619' title='bbox 3756 3968 3894 4024; x_wconf 73' lang='grc' dir='ltr'>οῧτω</span> 
     </span>
    </p>
   </div>
   <div class='ocr_carea' id='block_1_84' title="bbox 2246 4057 3895 4138">
    <p class='ocr_par' dir='ltr' id='par_1_84' title="bbox 2246 4057 3895 4138">
     <span class='ocr_line' id='line_1_84' title="bbox 2246 4057 3895 4138; baseline -0.002 -21"><span class='ocrx_word' id='word_1_620' title='bbox 2246 4062 2492 4138; x_wconf 79' lang='grc' dir='ltr'>λέγοντες</span> <span class='ocrx_word' id='word_1_621' title='bbox 2528 4073 2539 4086; x_wconf 94' lang='grc'><strong>·</strong></span> <span class='ocrx_word' id='word_1_622' title='bbox 2580 4058 3009 4138; x_wconf 71' lang='grc' dir='ltr'>Εὐχαριστουμέν</span> <span class='ocrx_word' id='word_1_623' title='bbox 3036 4057 3159 4133; x_wconf 81' lang='grc'><strong>(57)</strong></span> <span class='ocrx_word' id='word_1_624' title='bbox 3191 4079 3299 4131; x_wconf 89' lang='grc' dir='ltr'>σοι,</span> <span class='ocrx_word' id='word_1_625' title='bbox 3346 4060 3517 4134; x_wconf 75' lang='grc' dir='ltr'>Πάτερ</span> <span class='ocrx_word' id='word_1_626' title='bbox 3549 4060 3729 4137; x_wconf 73' lang='grc' dir='ltr'>ἡμῶν,</span> <span class='ocrx_word' id='word_1_627' title='bbox 3763 4058 3895 4135; x_wconf 73' lang='grc' dir='ltr'>ὑπὲρ</span> 
     </span>
    </p>
   </div>
   <div class='ocr_carea' id='block_1_85' title="bbox 597 4187 2157 4271">
    <p class='ocr_par' dir='ltr' id='par_1_85' title="bbox 597 4187 2152 4271">
     <span class='ocr_line' id='line_1_85' title="bbox 597 4187 2152 4271; baseline 0.003 -21"><span class='ocrx_word' id='word_1_628' title='bbox 597 4187 653 4234; x_wconf 71' lang='grc'><strong>⁸³</strong></span> <span class='ocrx_word' id='word_1_629' title='bbox 682 4190 793 4271; x_wconf 92' lang='lat' dir='ltr'><strong>hoc</strong></span> <span class='ocrx_word' id='word_1_630' title='bbox 822 4208 1071 4271; x_wconf 83' lang='lat' dir='ltr'><strong>comma</strong></span> <span class='ocrx_word' id='word_1_631' title='bbox 1087 4207 1206 4251; x_wconf 91' lang='lat' dir='ltr'><strong>non</strong></span> <span class='ocrx_word' id='word_1_632' title='bbox 1238 4188 1419 4253; x_wconf 86' lang='lat' dir='ltr'><strong>habet</strong></span> <span class='ocrx_word' id='word_1_633' title='bbox 1448 4190 1820 4255; x_wconf 84' lang='lat' dir='ltr'><strong>Anastasius.</strong></span> <span class='ocrx_word' id='word_1_634' title='bbox 1906 4190 1961 4236; x_wconf 68' lang='lat'><strong>5‘</strong></span> <span class='ocrx_word' id='word_1_635' title='bbox 1990 4194 2152 4254; x_wconf 90' lang='lat' dir='ltr'><strong>Anas</strong></span> 
     </span>
    </p>
   </div>
   <div class='ocr_carea' id='block_1_86' title="bbox 2252 4187 3887 4271">
    <p class='ocr_par' dir='ltr' id='par_1_86' title="bbox 2259 4189 3887 4271">
     <span class='ocr_line' id='line_1_86' title="bbox 2259 4189 3887 4271; baseline 0.001 -16"><span class='ocrx_word' id='word_1_636' title='bbox 2259 4193 2446 4254; x_wconf 90' lang='lat' dir='ltr'><strong>nserit</strong></span> <span class='ocrx_word' id='word_1_637' title='bbox 2492 4195 2565 4257; x_wconf 84' lang='grc' dir='ltr'>ὼς</span> <span class='ocrx_word' id='word_1_638' title='bbox 2610 4193 2846 4269; x_wconf 66' lang='grc' dir='ltr'>εἴρηται.</span> <span class='ocrx_word' id='word_1_639' title='bbox 2934 4189 2988 4235; x_wconf 74' lang='grc'><strong>⁸⁵</strong></span> <span class='ocrx_word' id='word_1_640' title='bbox 3018 4192 3227 4257; x_wconf 85' lang='lat' dir='ltr'><strong>Matth.</strong></span> <span class='ocrx_word' id='word_1_641' title='bbox 3262 4208 3340 4271; x_wconf 78' lang='lat' dir='ltr'><strong>Vl,</strong></span> <span class='ocrx_word' id='word_1_642' title='bbox 3375 4192 3553 4256; x_wconf 80' lang='grc'>9-13.</span> <span class='ocrx_word' id='word_1_643' title='bbox 3637 4189 3695 4235; x_wconf 58' lang='lat' dir='ltr'><strong>eo</strong></span> <span class='ocrx_word' id='word_1_644' title='bbox 3723 4191 3887 4256; x_wconf 83' lang='lat' dir='ltr'><strong>Cita-</strong></span> 
     </span>
    </p>
   </div>
   <div class='ocr_carea' id='block_1_87' title="bbox 518 4270 2157 4352">
    <p class='ocr_par' dir='ltr' id='par_1_87' title="bbox 518 4270 2157 4352">
     <span class='ocr_line' id='line_1_87' title="bbox 518 4270 2157 4352; baseline -0.002 -20"><span class='ocrx_word' id='word_1_645' title='bbox 518 4276 680 4333; x_wconf 85' lang='lat' dir='ltr'><strong>tatur</strong></span> <span class='ocrx_word' id='word_1_646' title='bbox 702 4270 776 4352; x_wconf 67' lang='lat' dir='ltr'><strong>ab</strong></span> <span class='ocrx_word' id='word_1_647' title='bbox 808 4270 1143 4352; x_wconf 75' lang='lat' dir='ltr'><strong>Anastasio,</strong></span> <span class='ocrx_word' id='word_1_648' title='bbox 1171 4279 1377 4352; x_wconf 56' lang='lat' dir='ltr'><strong>quaest.</strong></span> <span class='ocrx_word' id='word_1_649' title='bbox 1404 4272 1463 4332; x_wconf 83' lang='grc'><strong>1.</strong></span> <span class='ocrx_word' id='word_1_650' title='bbox 1508 4272 1561 4314; x_wconf 80' lang='grc'>6⁷</span> <span class='ocrx_word' id='word_1_651' title='bbox 1589 4273 1795 4335; x_wconf 84' lang='lat' dir='ltr'><strong>Anast.</strong></span> <span class='ocrx_word' id='word_1_652' title='bbox 1826 4276 1933 4337; x_wconf 82' lang='grc' dir='ltr'>υἱός</span> <span class='ocrx_word' id='word_1_653' title='bbox 1967 4273 2157 4345; x_wconf 76' lang='grc' dir='ltr'>δοξάζει</span> 
     </span>
    </p>
   </div>
   <div class='ocr_carea' id='block_1_88' title="bbox 2252 4270 3893 4352">
    <p class='ocr_par' dir='ltr' id='par_1_88' title="bbox 2252 4270 3893 4352">
     <span class='ocr_line' id='line_1_88' title="bbox 2252 4270 3893 4352; baseline 0.001 -22"><span class='ocrx_word' id='word_1_654' title='bbox 2252 4273 2421 4352; x_wconf 76' lang='grc' dir='ltr'>κτέρα,</span> <span class='ocrx_word' id='word_1_655' title='bbox 2455 4276 2542 4329; x_wconf 82' lang='grc' dir='ltr'><strong>καὶ</strong></span> <span class='ocrx_word' id='word_1_656' title='bbox 2574 4271 2755 4337; x_wconf 73' lang='grc' dir='ltr'>δοῦλος</span> <span class='ocrx_word' id='word_1_657' title='bbox 2784 4274 2876 4329; x_wconf 80' lang='grc' dir='ltr'>τὸν</span> <span class='ocrx_word' id='word_1_658' title='bbox 2905 4274 3077 4345; x_wconf 86' lang='grc' dir='ltr'>κύριον</span> <span class='ocrx_word' id='word_1_659' title='bbox 3112 4277 3265 4332; x_wconf 74' lang='grc' dir='ltr'>αὖτοῦ</span> <span class='ocrx_word' id='word_1_660' title='bbox 3294 4270 3778 4350; x_wconf 58' lang='grc' dir='ltr'>φοϐηθήσεταιριαὶ</span> <span class='ocrx_word' id='word_1_661' title='bbox 3814 4278 3857 4332; x_wconf 76' lang='grc' dir='ltr'><strong>εί</strong></span> <span class='ocrx_word' id='word_1_662' title='bbox 3879 4326 3893 4349; x_wconf 89' lang='grc'><strong>,</strong></span> 
     </span>
    </p>
   </div>
   <div class='ocr_carea' id='block_1_89' title="bbox 518 4348 2794 4435">
    <p class='ocr_par' dir='ltr' id='par_1_89' title="bbox 518 4348 2794 4435">
     <span class='ocr_line' id='line_1_89' title="bbox 518 4348 2794 4435; baseline 0.001 -23"><span class='ocrx_word' id='word_1_663' title='bbox 518 4358 637 4415; x_wconf 90' lang='lat' dir='ltr'><strong>etc.</strong></span> <span class='ocrx_word' id='word_1_664' title='bbox 723 4348 779 4395; x_wconf 72' lang='grc' dir='ltr'><strong>σε</strong></span> <span class='ocrx_word' id='word_1_665' title='bbox 805 4350 945 4413; x_wconf 83' lang='lat' dir='ltr'><strong>Mal.</strong></span> <span class='ocrx_word' id='word_1_666' title='bbox 977 4368 1018 4424; x_wconf 86' lang='grc' dir='ltr'><strong>ι,</strong></span> <span class='ocrx_word' id='word_1_667' title='bbox 1052 4350 1109 4415; x_wconf 88' lang='grc'><strong>6.</strong></span> <span class='ocrx_word' id='word_1_668' title='bbox 1188 4348 1391 4414; x_wconf 52' lang='lat' dir='ltr'><strong>Nisa.</strong></span> <span class='ocrx_word' id='word_1_669' title='bbox 1429 4367 1527 4429; x_wconf 80' lang='lat' dir='ltr'><strong>ul,</strong></span> <span class='ocrx_word' id='word_1_670' title='bbox 1554 4352 1614 4415; x_wconf 88' lang='lat'><strong>5.</strong></span> <span class='ocrx_word' id='word_1_671' title='bbox 1701 4355 1763 4404; x_wconf 84' lang='lat'><strong>70</strong></span> <span class='ocrx_word' id='word_1_672' title='bbox 1792 4353 1834 4416; x_wconf 93' lang='lat' dir='ltr'><strong>l.</strong></span> <span class='ocrx_word' id='word_1_673' title='bbox 1861 4353 2024 4433; x_wconf 87' lang='lat' dir='ltr'><strong>Ignat</strong></span> <span class='ocrx_word' id='word_1_674' title='bbox 2045 4348 2346 4435; x_wconf 61' lang='lat' dir='ltr'><strong>interpol.</strong></span> <span class='ocrx_word' id='word_1_675' title='bbox 2367 4353 2437 4414; x_wconf 86' lang='lat' dir='ltr'><strong>ad</strong></span> <span class='ocrx_word' id='word_1_676' title='bbox 2469 4352 2698 4416; x_wconf 87' lang='lat' dir='ltr'><strong>Philad.</strong></span> <span class='ocrx_word' id='word_1_677' title='bbox 2734 4354 2794 4416; x_wconf 90' lang='lat'><strong>9.</strong></span> 
     </span>
    </p>
   </div>
   <div class='ocr_carea' id='block_1_90' title="bbox 1848 4470 2541 4538">
    <p class='ocr_par' dir='ltr' id='par_1_90' title="bbox 1848 4470 2541 4538">
     <span class='ocr_line' id='line_1_90' title="bbox 1848 4470 2541 4538; baseline 0.003 -2"><span class='ocrx_word' id='word_1_678' title='bbox 1848 4470 2247 4537; x_wconf 79' lang='lat' dir='ltr'><strong>VARIORUM</strong></span> <span class='ocrx_word' id='word_1_679' title='bbox 2294 4472 2541 4538; x_wconf 69' lang='lat' dir='ltr'><strong>NOTIE.</strong></span> 
     </span>
    </p>
   </div>
   <div class='ocr_carea' id='block_1_91' title="bbox 612 4608 3898 4694">
    <p class='ocr_par' dir='ltr' id='par_1_91' title="bbox 612 4608 3898 4694">
     <span class='ocr_line' id='line_1_91' title="bbox 612 4608 3898 4694; baseline -0 -20"><span class='ocrx_word' id='word_1_680' title='bbox 612 4611 743 4694; x_wconf 74' lang='grc'>(52)</span> <span class='ocrx_word' id='word_1_681' title='bbox 775 4613 840 4672; x_wconf 81' lang='grc' dir='ltr'><em>Ἦ</em></span> <span class='ocrx_word' id='word_1_682' title='bbox 871 4611 951 4675; x_wconf 78' lang='grc' dir='ltr'><strong>δὲ.</strong></span> <span class='ocrx_word' id='word_1_683' title='bbox 982 4611 1147 4675; x_wconf 82' lang='lat' dir='ltr'><strong>Alter</strong></span> <span class='ocrx_word' id='word_1_684' title='bbox 1194 4610 1330 4674; x_wconf 92' lang='lat' dir='ltr'><strong>cod.</strong></span> <span class='ocrx_word' id='word_1_685' title='bbox 1393 4613 1464 4694; x_wconf 71' lang='lat' dir='ltr'><strong>rb</strong></span> <span class='ocrx_word' id='word_1_686' title='bbox 1491 4608 1571 4694; x_wconf 63' lang='grc' dir='ltr'>δέ,</span> <span class='ocrx_word' id='word_1_687' title='bbox 1606 4608 1803 4694; x_wconf 75' lang='lat' dir='ltr'><strong>minus</strong></span> <span class='ocrx_word' id='word_1_688' title='bbox 1834 4608 2167 4682; x_wconf 88' lang='lat' dir='ltr'><strong>commode,</strong></span> <span class='ocrx_word' id='word_1_689' title='bbox 2195 4610 2484 4694; x_wconf 66' lang='lat' dir='ltr'><strong>uaricibus</strong></span> <span class='ocrx_word' id='word_1_690' title='bbox 2513 4610 3183 4694; x_wconf 63' lang='lat' dir='ltr'><strong>oret,mane,scil§cet,et</strong></span> <span class='ocrx_word' id='word_1_691' title='bbox 3211 4612 3697 4694; x_wconf 62' lang='lat' dir='ltr'><strong>oespere,digens</strong></span> <span class='ocrx_word' id='word_1_692' title='bbox 3720 4613 3898 4694; x_wconf 71' lang='lat' dir='ltr'><strong>Synt-</strong></span> 
     </span>
    </p>
   </div>
   <div class='ocr_carea' id='block_1_92' title="bbox 529 4689 1807 4768">
    <p class='ocr_par' dir='ltr' id='par_1_92' title="bbox 529 4689 1807 4768">
     <span class='ocr_line' id='line_1_92' title="bbox 529 4689 1807 4768; baseline -0.009 -11"><span class='ocrx_word' id='word_1_693' title='bbox 529 4689 852 4768; x_wconf 85' lang='lat' dir='ltr'><strong>respicitur</strong></span> <span class='ocrx_word' id='word_1_694' title='bbox 873 4694 1032 4755; x_wconf 90' lang='lat' dir='ltr'><strong>enim</strong></span> <span class='ocrx_word' id='word_1_695' title='bbox 1064 4696 1098 4761; x_wconf 76' lang='grc' dir='ltr'>ἡ</span> <span class='ocrx_word' id='word_1_696' title='bbox 1131 4694 1365 4768; x_wconf 78' lang='grc' dir='ltr'>Κυριακὴ</span> <span class='ocrx_word' id='word_1_697' title='bbox 1396 4689 1592 4768; x_wconf 70' lang='grc' dir='ltr'>ἡμέρα,</span> <span class='ocrx_word' id='word_1_698' title='bbox 1629 4690 1807 4752; x_wconf 71' lang='lat' dir='ltr'><strong>Cum.</strong></span> 
     </span>
    </p>
   </div>
   <div class='ocr_carea' id='block_1_93' title="bbox 608 4715 2175 4917">
    <p class='ocr_par' dir='ltr' id='par_1_93' title="bbox 608 4715 2175 4917">
     <span class='ocr_line' id='line_1_93' title="bbox 608 4715 1807 4768; baseline -0.005 -11"><span class='ocrx_word' id='word_1_699' title='bbox 608 4715 625 4757; x_wconf 78' lang='lat'><strong>5</strong></span> <span class='ocrx_word' id='word_1_700' title='bbox 670 4715 852 4757; x_wconf 69' lang='lat' dir='ltr'><strong>tentur</strong></span> <span class='ocrx_word' id='word_1_701' title='bbox 873 4715 1032 4755; x_wconf 75' lang='lat' dir='ltr'><strong>enim</strong></span> <span class='ocrx_word' id='word_1_702' title='bbox 1064 4715 1098 4761; x_wconf 84' lang='grc' dir='ltr'><strong>η</strong></span> <span class='ocrx_word' id='word_1_703' title='bbox 1132 4715 1204 4751; x_wconf 66' lang='lat' dir='ltr'><strong>nu</strong></span> <span class='ocrx_word' id='word_1_704' title='bbox 1239 4716 1365 4759; x_wconf 83' lang='grc' dir='ltr'>ιακη</span> <span class='ocrx_word' id='word_1_705' title='bbox 1396 4715 1592 4768; x_wconf 69' lang='grc' dir='ltr'>τιμερα.</span> <span class='ocrx_word' id='word_1_706' title='bbox 1629 4715 1807 4752; x_wconf 67' lang='grc' dir='ltr'>ιιωςιι.</span> 
     </span>
     <span class='ocr_line' id='line_1_94' title="bbox 608 4715 2175 4917; baseline -0.005 -80"><span class='ocrx_word' id='word_1_707' title='bbox 608 4715 740 4917; x_wconf 57' lang='grc' dir='ltr'><strong>ςὲδ)</strong></span> <span class='ocrx_word' id='word_1_708' title='bbox 772 4777 844 4833; x_wconf 78' lang='grc' dir='ltr'><strong>Τὸ</strong></span> <span class='ocrx_word' id='word_1_709' title='bbox 887 4774 983 4843; x_wconf 71' lang='grc' dir='ltr'>τῆς</span> <span class='ocrx_word' id='word_1_710' title='bbox 1035 4774 1127 4830; x_wconf 60' lang='lat' dir='ltr'><strong>to;</strong></span> <span class='ocrx_word' id='word_1_711' title='bbox 1168 4715 1359 4851; x_wconf 50' lang='grc' dir='ltr'>Κίίλρίου</span> <span class='ocrx_word' id='word_1_712' title='bbox 1419 4776 1613 4849; x_wconf 72' lang='grc' dir='ltr'>ταφῆς.</span> <span class='ocrx_word' id='word_1_713' title='bbox 1661 4768 1747 4831; x_wconf 90' lang='lat' dir='ltr'><strong>Ita</strong></span> <span class='ocrx_word' id='word_1_714' title='bbox 1801 4778 2175 4873; x_wconf 71' lang='lat' dir='ltr'><strong>expresserat</strong></span> 
     </span>
     <span class='ocr_line' id='line_1_95' title="bbox 634 4848 2172 4917; baseline -0.007 0"><span class='ocrx_word' id='word_1_715' title='bbox 634 4873 841 4917; x_wconf 90' lang='lat' dir='ltr'><strong>samon</strong></span> <span class='ocrx_word' id='word_1_716' title='bbox 874 4855 947 4917; x_wconf 89' lang='lat' dir='ltr'><strong>ad</strong></span> <span class='ocrx_word' id='word_1_717' title='bbox 982 4871 1270 4916; x_wconf 85' lang='lat' dir='ltr'><strong>canonem</strong></span> <span class='ocrx_word' id='word_1_718' title='bbox 1322 4850 1671 4915; x_wconf 89' lang='lat' dir='ltr'><strong>Trullanum</strong></span> <span class='ocrx_word' id='word_1_719' title='bbox 1723 4848 1800 4915; x_wconf 87' lang='lat'><strong>89</strong></span> <span class='ocrx_word' id='word_1_720' title='bbox 1835 4870 1849 4914; x_wconf 90' lang='lat'><strong>:</strong></span> <span class='ocrx_word' id='word_1_721' title='bbox 1908 4851 2021 4909; x_wconf 78' lang='grc' dir='ltr'>Ὀτι</span> <span class='ocrx_word' id='word_1_722' title='bbox 2053 4850 2172 4907; x_wconf 87' lang='grc' dir='ltr'>τότε</span> 
     </span>
    </p>
   </div>
   <div class='ocr_carea' id='block_1_94' title="bbox 524 4848 2172 4918">
    <p class='ocr_par' dir='ltr' id='par_1_94' title="bbox 524 4848 2172 4918">
     <span class='ocr_line' id='line_1_96' title="bbox 524 4848 2172 4918; baseline -0.007 0"><span class='ocrx_word' id='word_1_723' title='bbox 524 4848 841 4918; x_wconf 86' lang='lat' dir='ltr'><strong>Balsamon</strong></span> <span class='ocrx_word' id='word_1_724' title='bbox 874 4855 947 4917; x_wconf 89' lang='lat' dir='ltr'><strong>ad</strong></span> <span class='ocrx_word' id='word_1_725' title='bbox 982 4848 1270 4916; x_wconf 84' lang='lat' dir='ltr'><strong>canonem</strong></span> <span class='ocrx_word' id='word_1_726' title='bbox 1322 4850 1671 4915; x_wconf 89' lang='lat' dir='ltr'><strong>Trullanum</strong></span> <span class='ocrx_word' id='word_1_727' title='bbox 1723 4848 1800 4915; x_wconf 87' lang='lat'><strong>89</strong></span> <span class='ocrx_word' id='word_1_728' title='bbox 1835 4848 2021 4914; x_wconf 74' lang='lat' dir='ltr'><strong>:&quot;0n</strong></span> <span class='ocrx_word' id='word_1_729' title='bbox 2053 4850 2172 4907; x_wconf 87' lang='grc' dir='ltr'>τότε</span> 
     </span>
    </p>
   </div>
   <div class='ocr_carea' id='block_1_95' title="bbox 525 4930 2173 5014">
    <p class='ocr_par' dir='ltr' id='par_1_95' title="bbox 525 4930 2173 5014">
     <span class='ocr_line' id='line_1_97' title="bbox 525 4930 2173 5014; baseline -0.002 -22"><span class='ocrx_word' id='word_1_730' title='bbox 525 4936 812 4993; x_wconf 79' lang='grc' dir='ltr'>κατέκειτο</span> <span class='ocrx_word' id='word_1_731' title='bbox 856 4935 912 4991; x_wconf 83' lang='grc' dir='ltr'>ἐν</span> <span class='ocrx_word' id='word_1_732' title='bbox 957 4942 1031 5009; x_wconf 85' lang='grc' dir='ltr'>τῷ</span> <span class='ocrx_word' id='word_1_733' title='bbox 1078 4935 1228 5014; x_wconf 76' lang='grc' dir='ltr'>τάφῳ</span> <span class='ocrx_word' id='word_1_734' title='bbox 1299 4936 1358 4989; x_wconf 75' lang='grc' dir='ltr'>τὸ</span> <span class='ocrx_word' id='word_1_735' title='bbox 1418 4932 1740 5007; x_wconf 82' lang='grc' dir='ltr'>τεθεωμὲνον</span> <span class='ocrx_word' id='word_1_736' title='bbox 1806 4939 1986 5014; x_wconf 66' lang='grc' dir='ltr'><strong>σῶμαΔ</strong></span> <span class='ocrx_word' id='word_1_737' title='bbox 2017 4930 2173 4988; x_wconf 71' lang='grc' dir='ltr'>αὐτοῦ</span> 
     </span>
    </p>
   </div>
   <div class='ocr_carea' id='block_1_96' title="bbox 526 5009 2171 5094">
    <p class='ocr_par' dir='ltr' id='par_1_96' title="bbox 526 5009 2171 5094">
     <span class='ocr_line' id='line_1_98' title="bbox 526 5009 2171 5094; baseline -0.002 -20"><span class='ocrx_word' id='word_1_738' title='bbox 526 5018 779 5094; x_wconf 74' lang='grc' dir='ltr'>(Χριστοῦ</span> <span class='ocrx_word' id='word_1_739' title='bbox 809 5013 1080 5089; x_wconf 76' lang='lat' dir='ltr'><strong>scilicet),</strong></span> <span class='ocrx_word' id='word_1_740' title='bbox 1107 5009 1553 5094; x_wconf 84' lang='lat' dir='ltr'><strong>concordante</strong></span> <span class='ocrx_word' id='word_1_741' title='bbox 1564 5011 1624 5094; x_wconf 81' lang='lat' dir='ltr'><strong>in</strong></span> <span class='ocrx_word' id='word_1_742' title='bbox 1671 5010 1831 5094; x_wconf 63' lang='lat' dir='ltr'><strong>hanc</strong></span> <span class='ocrx_word' id='word_1_743' title='bbox 1852 5009 2171 5094; x_wconf 82' lang='lat' dir='ltr'><strong>lectionem</strong></span> 
     </span>
    </p>
   </div>
   <div class='ocr_carea' id='block_1_97' title="bbox 527 5089 2162 5171">
    <p class='ocr_par' dir='ltr' id='par_1_97' title="bbox 527 5089 2162 5171">
     <span class='ocr_line' id='line_1_99' title="bbox 527 5089 2162 5171; baseline -0.003 -14"><span class='ocrx_word' id='word_1_744' title='bbox 527 5089 709 5157; x_wconf 75' lang='lat' dir='ltr'><strong>sensu</strong></span> <span class='ocrx_word' id='word_1_745' title='bbox 736 5113 871 5156; x_wconf 91' lang='lat' dir='ltr'><strong>cum</strong></span> <span class='ocrx_word' id='word_1_746' title='bbox 894 5093 1150 5157; x_wconf 80' lang='lat' dir='ltr'><strong>exaratis</strong></span> <span class='ocrx_word' id='word_1_747' title='bbox 1172 5112 1352 5155; x_wconf 88' lang='lat' dir='ltr'><strong>manu</strong></span> <span class='ocrx_word' id='word_1_748' title='bbox 1368 5089 1875 5171; x_wconf 80' lang='lat' dir='ltr'><strong>codicibus.Unde</strong></span> <span class='ocrx_word' id='word_1_749' title='bbox 1898 5089 2036 5171; x_wconf 82' lang='lat' dir='ltr'><strong>ejici</strong></span> <span class='ocrx_word' id='word_1_750' title='bbox 2066 5090 2162 5152; x_wconf 89' lang='lat' dir='ltr'><strong>de-</strong></span> 
     </span>
    </p>
   </div>
   <div class='ocr_carea' id='block_1_98' title="bbox 529 5170 2176 5251">
    <p class='ocr_par' dir='ltr' id='par_1_98' title="bbox 529 5170 2176 5251">
     <span class='ocr_line' id='line_1_100' title="bbox 529 5170 2176 5251; baseline -0.007 -13"><span class='ocrx_word' id='word_1_751' title='bbox 529 5176 631 5239; x_wconf 88' lang='lat' dir='ltr'><strong>bet</strong></span> <span class='ocrx_word' id='word_1_752' title='bbox 646 5174 1003 5239; x_wconf 88' lang='lat' dir='ltr'><strong>eTheodoro</strong></span> <span class='ocrx_word' id='word_1_753' title='bbox 1018 5173 1614 5237; x_wconf 90' lang='lat' dir='ltr'><strong>editoinconcinnum</strong></span> <span class='ocrx_word' id='word_1_754' title='bbox 1633 5170 2176 5251; x_wconf 72' lang='grc' dir='ltr'>ρΙειηθὶΙΙυᾱ,τεθεα-</span> 
     </span>
    </p>
   </div>
   <div class='ocr_carea' id='block_1_99' title="bbox 527 5252 2174 5337">
    <p class='ocr_par' dir='ltr' id='par_1_99' title="bbox 527 5252 2174 5337">
     <span class='ocr_line' id='line_1_101' title="bbox 527 5252 2174 5337; baseline -0.009 -17"><span class='ocrx_word' id='word_1_755' title='bbox 527 5258 715 5333; x_wconf 55' lang='grc' dir='ltr'>μένον.</span> <span class='ocrx_word' id='word_1_756' title='bbox 748 5255 1033 5337; x_wconf 88' lang='lat' dir='ltr'><strong>Sequitur</strong></span> <span class='ocrx_word' id='word_1_757' title='bbox 1084 5254 1161 5337; x_wconf 13' lang='lat' dir='ltr'><strong>in,</strong></span> <span class='ocrx_word' id='word_1_758' title='bbox 1204 5254 1685 5337; x_wconf 59' lang='lat' dir='ltr'><strong>Constitutione;</strong></span> <span class='ocrx_word' id='word_1_759' title='bbox 1739 5252 1869 5325; x_wconf 80' lang='grc' dir='ltr'>ὅπερ</span> <span class='ocrx_word' id='word_1_760' title='bbox 1900 5252 2174 5319; x_wconf 84' lang='grc' dir='ltr'>νηστεύειν</span> 
     </span>
    </p>
   </div>
   <div class='ocr_carea' id='block_1_100' title="bbox 529 5330 2179 5417">
    <p class='ocr_par' dir='ltr' id='par_1_100' title="bbox 529 5330 2179 5417">
     <span class='ocr_line' id='line_1_102' title="bbox 529 5330 2179 5417; baseline -0.002 -23"><span class='ocrx_word' id='word_1_761' title='bbox 529 5330 823 5417; x_wconf 77' lang='grc' dir='ltr'>προσῆκεν,</span> <span class='ocrx_word' id='word_1_762' title='bbox 848 5330 977 5394; x_wconf 70' lang='grc' dir='ltr'>’ἀλλ’</span> <span class='ocrx_word' id='word_1_763' title='bbox 1014 5339 1120 5417; x_wconf 70' lang='grc' dir='ltr'><strong>ούχ</strong></span> <span class='ocrx_word' id='word_1_764' title='bbox 1149 5336 1436 5417; x_wconf 65' lang='grc' dir='ltr'>ἑορτάζειν,</span> <span class='ocrx_word' id='word_1_765' title='bbox 1475 5337 1631 5412; x_wconf 94' lang='lat' dir='ltr'><strong>quod</strong></span> <span class='ocrx_word' id='word_1_766' title='bbox 1656 5330 1940 5417; x_wconf 81' lang='lat' dir='ltr'><strong>i_nepte_et</strong></span> <span class='ocrx_word' id='word_1_767' title='bbox 1972 5340 2179 5417; x_wconf 80' lang='lat' dir='ltr'><strong>contra</strong></span> 
     </span>
    </p>
   </div>
   <div class='ocr_carea' id='block_1_101' title="bbox 530 5411 2177 5495">
    <p class='ocr_par' dir='ltr' id='par_1_101' title="bbox 530 5411 2177 5495">
     <span class='ocr_line' id='line_1_103' title="bbox 530 5411 2177 5495; baseline -0.005 -16"><span class='ocrx_word' id='word_1_768' title='bbox 530 5411 713 5480; x_wconf 72' lang='lat' dir='ltr'><strong>fidem</strong></span> <span class='ocrx_word' id='word_1_769' title='bbox 748 5433 891 5481; x_wconf 89' lang='lat' dir='ltr'><strong>mss.</strong></span> <span class='ocrx_word' id='word_1_770' title='bbox 927 5411 1253 5495; x_wconf 75' lang='lat' dir='ltr'><strong>Regiorum</strong></span> <span class='ocrx_word' id='word_1_771' title='bbox 1297 5411 1647 5495; x_wconf 81' lang='lat' dir='ltr'><strong>adjecerunt</strong></span> <span class='ocrx_word' id='word_1_772' title='bbox 1675 5411 1804 5474; x_wconf 84' lang='lat' dir='ltr'><strong>loco</strong></span> <span class='ocrx_word' id='word_1_773' title='bbox 1852 5411 2093 5495; x_wconf 85' lang='lat' dir='ltr'><strong>Eusebii</strong></span> <span class='ocrx_word' id='word_1_774' title='bbox 2117 5412 2177 5472; x_wconf 92' lang='lat' dir='ltr'><strong>in</strong></span> 
     </span>
    </p>
   </div>
   <div class='ocr_carea' id='block_1_102' title="bbox 527 5493 2071 5579">
    <p class='ocr_par' dir='ltr' id='par_1_102' title="bbox 527 5493 2071 5579">
     <span class='ocr_line' id='line_1_104' title="bbox 527 5493 2071 5579; baseline -0.006 -18"><span class='ocrx_word' id='word_1_775' title='bbox 527 5496 831 5579; x_wconf 76' lang='lat' dir='ltr'><strong>Anastasii</strong></span> <span class='ocrx_word' id='word_1_776' title='bbox 854 5493 1189 5579; x_wconf 67' lang='lat' dir='ltr'><strong>quaestione</strong></span> <span class='ocrx_word' id='word_1_777' title='bbox 1215 5495 1317 5579; x_wconf 85' lang='lat'><strong>65_,</strong></span> <span class='ocrx_word' id='word_1_778' title='bbox 1350 5493 1411 5579; x_wconf 84' lang='lat' dir='ltr'><strong>p.</strong></span> <span class='ocrx_word' id='word_1_779' title='bbox 1445 5494 1585 5569; x_wconf 82' lang='grc'>450,</span> <span class='ocrx_word' id='word_1_780' title='bbox 1615 5493 1655 5555; x_wconf 94' lang='lat' dir='ltr'><strong>l.</strong></span> <span class='ocrx_word' id='word_1_781' title='bbox 1680 5508 1760 5565; x_wconf 74' lang='lat' dir='ltr'><strong>vr,</strong></span> <span class='ocrx_word' id='word_1_782' title='bbox 1793 5509 1889 5579; x_wconf 75' lang='lat' dir='ltr'><strong>vn.</strong></span> <span class='ocrx_word' id='word_1_783' title='bbox 1916 5494 2071 5579; x_wconf 54' lang='lat' dir='ltr'><strong>_Cor:</strong></span> 
     </span>
    </p>
   </div>
   <div class='ocr_carea' id='block_1_103' title="bbox 614 5570 2178 5659">
    <p class='ocr_par' dir='ltr' id='par_1_103' title="bbox 614 5570 2178 5659">
     <span class='ocr_line' id='line_1_105' title="bbox 614 5570 2178 5659; baseline -0.003 -21"><span class='ocrx_word' id='word_1_784' title='bbox 614 5576 739 5659; x_wconf 70' lang='grc'>(54)</span> <span class='ocrx_word' id='word_1_785' title='bbox 771 5570 890 5657; x_wconf 75' lang='grc' dir='ltr'>Τρὶξ</span> <span class='ocrx_word' id='word_1_786' title='bbox 914 5584 1013 5659; x_wconf 68' lang='grc' dir='ltr'>τῆς</span> <span class='ocrx_word' id='word_1_787' title='bbox 1036 5575 1335 5659; x_wconf 28' lang='grc' dir='ltr'><strong>ἡμέρας-,10</strong></span> <span class='ocrx_word' id='word_1_788' title='bbox 1350 5570 2178 5659; x_wconf 70' lang='lat' dir='ltr'><strong>hon_orem_sanctissima3_&#39;l&#39;ri-</strong></span> 
     </span>
    </p>
   </div>
   <div class='ocr_carea' id='block_1_104' title="bbox 536 5652 2171 5738">
    <p class='ocr_par' dir='ltr' id='par_1_104' title="bbox 536 5652 2171 5738">
     <span class='ocr_line' id='line_1_106' title="bbox 536 5652 2171 5738; baseline -0.003 -20"><span class='ocrx_word' id='word_1_789' title='bbox 536 5652 835 5738; x_wconf 76' lang='lat' dir='ltr'><strong>uitatismt</strong></span> <span class='ocrx_word' id='word_1_790' title='bbox 856 5652 1168 5738; x_wconf 21' lang='lat' dir='ltr'><strong>colligo’ei</strong></span> <span class='ocrx_word' id='word_1_791' title='bbox 1185 5654 1923 5738; x_wconf 57' lang='lat' dir='ltr'><strong>Theodorito_epis_.145,et</strong></span> <span class='ocrx_word' id='word_1_792' title='bbox 1948 5652 2171 5738; x_wconf 83' lang='lat' dir='ltr'><strong>Isidoro</strong></span> 
     </span>
    </p>
   </div>
   <div class='ocr_carea' id='block_1_105' title="bbox 531 5732 2169 5817">
    <p class='ocr_par' dir='ltr' id='par_1_105' title="bbox 531 5732 2169 5817">
     <span class='ocr_line' id='line_1_107' title="bbox 531 5732 2169 5817; baseline -0.003 -16"><span class='ocrx_word' id='word_1_793' title='bbox 531 5736 852 5817; x_wconf 65' lang='lat' dir='ltr'><strong>Originum</strong></span> <span class='ocrx_word' id='word_1_794' title='bbox 872 5738 983 5803; x_wconf 83' lang='lat' dir='ltr'><strong>lib.</strong></span> <span class='ocrx_word' id='word_1_795' title='bbox 1003 5732 1099 5813; x_wconf 48' lang='grc' dir='ltr'>ἧι,</span> <span class='ocrx_word' id='word_1_796' title='bbox 1133 5754 1277 5817; x_wconf 60' lang='lat' dir='ltr'><strong>cap.</strong></span> <span class='ocrx_word' id='word_1_797' title='bbox 1298 5735 1404 5797; x_wconf 91' lang='lat' dir='ltr'><strong>ult.</strong></span> <span class='ocrx_word' id='word_1_798' title='bbox 1433 5732 1807 5817; x_wconf 64' lang='lat' dir='ltr'><strong>Euthymium</strong></span> <span class='ocrx_word' id='word_1_799' title='bbox 1830 5734 2076 5796; x_wconf 90' lang='lat' dir='ltr'><strong>consule</strong></span> <span class='ocrx_word' id='word_1_800' title='bbox 2098 5732 2169 5796; x_wconf 88' lang='lat' dir='ltr'><strong>ad</strong></span> 
     </span>
    </p>
   </div>
   <div class='ocr_carea' id='block_1_106' title="bbox 669 5814 2173 5897">
    <p class='ocr_par' dir='ltr' id='par_1_106' title="bbox 669 5814 2173 5897">
     <span class='ocr_line' id='line_1_108' title="bbox 669 5814 2173 5897; baseline -0.001 -18"><span class='ocrx_word' id='word_1_801' title='bbox 669 5832 873 5895; x_wconf 59' lang='lat' dir='ltr'><strong>manv,</strong></span> <span class='ocrx_word' id='word_1_802' title='bbox 907 5819 975 5882; x_wconf 85' lang='lat'><strong>18</strong></span> <span class='ocrx_word' id='word_1_803' title='bbox 1001 5840 1014 5882; x_wconf 90' lang='lat'><strong>:</strong></span> <span class='ocrx_word' id='word_1_804' title='bbox 1041 5814 1386 5880; x_wconf 66' lang='lat' dir='ltr'><strong>Diceadum</strong></span> <span class='ocrx_word' id='word_1_805' title='bbox 1408 5814 1938 5897; x_wconf 73' lang='lat' dir='ltr'><strong>illis,tidelibus,ut</strong></span> <span class='ocrx_word' id='word_1_806' title='bbox 1961 5820 2173 5897; x_wconf 70' lang='lat' dir='ltr'><strong>singu-</strong></span> 
     </span>
    </p>
   </div>
   <div class='ocr_carea' id='block_1_107' title="bbox 531 5837 2175 5979">
    <p class='ocr_par' dir='ltr' id='par_1_107' title="bbox 531 5837 2175 5979">
     <span class='ocr_line' id='line_1_109' title="bbox 579 5837 2173 5897; baseline -0.002 -17"><span class='ocrx_word' id='word_1_807' title='bbox 579 5837 873 5895; x_wconf 62' lang='lat' dir='ltr'><strong>samum,</strong></span> <span class='ocrx_word' id='word_1_808' title='bbox 907 5837 975 5882; x_wconf 79' lang='grc' dir='ltr'>Ιδ</span> <span class='ocrx_word' id='word_1_809' title='bbox 1001 5840 1014 5882; x_wconf 78' lang='grc' dir='ltr'>ζ</span> <span class='ocrx_word' id='word_1_810' title='bbox 1041 5837 1386 5880; x_wconf 75' lang='lat' dir='ltr'><strong>urcenaum</strong></span> <span class='ocrx_word' id='word_1_811' title='bbox 1408 5837 1937 5897; x_wconf 67' lang='lat' dir='ltr'><strong>mrs,uueuuus,ut</strong></span> <span class='ocrx_word' id='word_1_812' title='bbox 1961 5837 2173 5893; x_wconf 84' lang='lat' dir='ltr'><strong>smgu-</strong></span> 
     </span>
     <span class='ocr_line' id='line_1_110' title="bbox 531 5837 2175 5979; baseline -0.001 -20"><span class='ocrx_word' id='word_1_813' title='bbox 531 5837 608 5962; x_wconf 58' lang='lat' dir='ltr'><strong>K’e</strong></span> <span class='ocrx_word' id='word_1_814' title='bbox 634 5896 865 5979; x_wconf 74' lang='lat' dir='ltr'><strong>diebus,</strong></span> <span class='ocrx_word' id='word_1_815' title='bbox 890 5900 998 5978; x_wconf 73' lang='lat' dir='ltr'><strong>qui</strong></span> <span class='ocrx_word' id='word_1_816' title='bbox 1030 5898 1296 5978; x_wconf 69' lang='lat' dir='ltr'><strong>amplius</strong></span> <span class='ocrx_word' id='word_1_817' title='bbox 1324 5914 1451 5961; x_wconf 77' lang='lat' dir='ltr'><strong>non</strong></span> <span class='ocrx_word' id='word_1_818' title='bbox 1474 5894 1914 5976; x_wconf 70' lang='lat' dir='ltr'><strong>potest,ealtem</strong></span> <span class='ocrx_word' id='word_1_819' title='bbox 1941 5894 2175 5958; x_wconf 71' lang='lat' dir='ltr'><strong>duabus</strong></span> 
     </span>
    </p>
   </div>
   <div class='ocr_carea' id='block_1_108' title="bbox 2260 4689 3901 4767">
    <p class='ocr_par' dir='ltr' id='par_1_108' title="bbox 2260 4689 3901 4767">
     <span class='ocr_line' id='line_1_111' title="bbox 2260 4689 3901 4767; baseline 0 -14"><span class='ocrx_word' id='word_1_820' title='bbox 2260 4689 2575 4765; x_wconf 82' lang='lat' dir='ltr'><strong>bolum,vel</strong></span> <span class='ocrx_word' id='word_1_821' title='bbox 2598 4690 2949 4754; x_wconf 80' lang='lat' dir='ltr'><strong>Orationem</strong></span> <span class='ocrx_word' id='word_1_822' title='bbox 2976 4689 3375 4767; x_wconf 75' lang='lat' dir='ltr'><strong>Dominicam,</strong></span> <span class='ocrx_word' id='word_1_823' title='bbox 3401 4689 3517 4756; x_wconf 76' lang='lat' dir='ltr'><strong>etc.</strong></span> <span class='ocrx_word' id='word_1_824' title='bbox 3546 4691 3690 4765; x_wconf 72' lang='lat' dir='ltr'><strong>Quae</strong></span> <span class='ocrx_word' id='word_1_825' title='bbox 3719 4689 3901 4753; x_wconf 79' lang='lat' dir='ltr'><strong>verba</strong></span> 
     </span>
    </p>
   </div>
   <div class='ocr_carea' id='block_1_109' title="bbox 2258 4770 3904 4854">
    <p class='ocr_par' dir='ltr' id='par_1_109' title="bbox 2258 4770 3904 4854">
     <span class='ocr_line' id='line_1_112' title="bbox 2258 4770 3904 4854; baseline 0.001 -20"><span class='ocrx_word' id='word_1_826' title='bbox 2258 4770 2613 4851; x_wconf 87' lang='lat' dir='ltr'><strong>Capitularis</strong></span> <span class='ocrx_word' id='word_1_827' title='bbox 2643 4770 2955 4854; x_wconf 79' lang='lat' dir='ltr'><strong>Theodulti</strong></span> <span class='ocrx_word' id='word_1_828' title='bbox 2984 4774 3243 4854; x_wconf 89' lang='lat' dir='ltr'><strong>capitulo</strong></span> <span class='ocrx_word' id='word_1_829' title='bbox 3274 4771 3519 4847; x_wconf 73' lang='lat' dir='ltr'><strong>23,ideo</strong></span> <span class='ocrx_word' id='word_1_830' title='bbox 3554 4774 3904 4854; x_wconf 85' lang='lat' dir='ltr'><strong>apposui,ut</strong></span> 
     </span>
    </p>
   </div>
   <div class='ocr_carea' id='block_1_110' title="bbox 2256 4852 3899 4932">
    <p class='ocr_par' dir='ltr' id='par_1_110' title="bbox 2256 4852 3899 4932">
     <span class='ocr_line' id='line_1_113' title="bbox 2256 4852 3899 4932; baseline 0.001 -19"><span class='ocrx_word' id='word_1_831' title='bbox 2256 4869 2565 4932; x_wconf 82' lang='lat' dir='ltr'><strong>monerem</strong></span> <span class='ocrx_word' id='word_1_832' title='bbox 2598 4852 2921 4932; x_wconf 85' lang='lat' dir='ltr'><strong>capitulum</strong></span> <span class='ocrx_word' id='word_1_833' title='bbox 2956 4852 3104 4915; x_wconf 91' lang='lat' dir='ltr'><strong>illud</strong></span> <span class='ocrx_word' id='word_1_834' title='bbox 3154 4863 3209 4915; x_wconf 93' lang='lat' dir='ltr'><strong>et</strong></span> <span class='ocrx_word' id='word_1_835' title='bbox 3241 4854 3553 4932; x_wconf 89' lang='lat' dir='ltr'><strong>sequentia</strong></span> <span class='ocrx_word' id='word_1_836' title='bbox 3596 4852 3721 4914; x_wconf 78' lang='lat' dir='ltr'><strong>duo</strong></span> <span class='ocrx_word' id='word_1_837' title='bbox 3765 4872 3899 4915; x_wconf 90' lang='lat' dir='ltr'><strong>cum</strong></span> 
     </span>
    </p>
   </div>
   <div class='ocr_carea' id='block_1_111' title="bbox 2258 4930 3899 5013">
    <p class='ocr_par' dir='ltr' id='par_1_111' title="bbox 2258 4930 3899 5013">
     <span class='ocr_line' id='line_1_114' title="bbox 2258 4930 3899 5013; baseline 0.001 -20"><span class='ocrx_word' id='word_1_838' title='bbox 2258 4930 2732 5013; x_wconf 72' lang='lat' dir='ltr'><strong>praecedentibus</strong></span> <span class='ocrx_word' id='word_1_839' title='bbox 2762 4942 3016 5010; x_wconf 82' lang='lat' dir='ltr'><strong>septem,</strong></span> <span class='ocrx_word' id='word_1_840' title='bbox 3048 4933 3109 4995; x_wconf 92' lang='lat' dir='ltr'><strong>in</strong></span> <span class='ocrx_word' id='word_1_841' title='bbox 3143 4930 3534 4996; x_wconf 85' lang='lat' dir='ltr'><strong>conciliorum</strong></span> <span class='ocrx_word' id='word_1_842' title='bbox 3568 4934 3899 4998; x_wconf 61' lang='lat' dir='ltr'><strong>Collectio.</strong></span> 
     </span>
    </p>
   </div>
   <div class='ocr_carea' id='block_1_112' title="bbox 2256 5011 3902 5091">
    <p class='ocr_par' dir='ltr' id='par_1_112' title="bbox 2256 5011 3902 5091">
     <span class='ocr_line' id='line_1_115' title="bbox 2256 5011 3902 5091; baseline 0 -17"><span class='ocrx_word' id='word_1_843' title='bbox 2256 5011 2433 5074; x_wconf 82' lang='lat' dir='ltr'><strong>nibus</strong></span> <span class='ocrx_word' id='word_1_844' title='bbox 2484 5012 2704 5091; x_wconf 88' lang='lat' dir='ltr'><strong>subjici</strong></span> <span class='ocrx_word' id='word_1_845' title='bbox 2762 5014 3093 5076; x_wconf 86' lang='lat' dir='ltr'><strong>canonihus</strong></span> <span class='ocrx_word' id='word_1_846' title='bbox 3128 5014 3450 5087; x_wconf 88' lang='lat' dir='ltr'><strong>Trullanis,</strong></span> <span class='ocrx_word' id='word_1_847' title='bbox 3500 5034 3610 5077; x_wconf 89' lang='lat' dir='ltr'><strong>nec</strong></span> <span class='ocrx_word' id='word_1_848' title='bbox 3642 5015 3902 5077; x_wconf 88' lang='lat' dir='ltr'><strong>indicari</strong></span> 
     </span>
    </p>
   </div>
   <div class='ocr_carea' id='block_1_113' title="bbox 2256 5091 2706 5172">
    <p class='ocr_par' dir='ltr' id='par_1_113' title="bbox 2256 5091 2706 5172">
     <span class='ocr_line' id='line_1_116' title="bbox 2256 5091 2706 5172; baseline -0.004 -17"><span class='ocrx_word' id='word_1_849' title='bbox 2256 5092 2427 5172; x_wconf 88' lang='lat' dir='ltr'><strong>cujus</strong></span> <span class='ocrx_word' id='word_1_850' title='bbox 2450 5091 2587 5153; x_wconf 91' lang='lat' dir='ltr'><strong>sint.</strong></span> <span class='ocrx_word' id='word_1_851' title='bbox 2624 5092 2706 5155; x_wconf 85' lang='lat' dir='ltr'><strong>In.</strong></span> 
     </span>
    </p>
   </div>
   <div class='ocr_carea' id='block_1_114' title="bbox 2344 5173 3904 5253">
    <p class='ocr_par' dir='ltr' id='par_1_114' title="bbox 2344 5173 3904 5253">
     <span class='ocr_line' id='line_1_117' title="bbox 2344 5173 3904 5253; baseline 0 -18"><span class='ocrx_word' id='word_1_852' title='bbox 2344 5173 2472 5253; x_wconf 86' lang='grc'>(55)</span> <span class='ocrx_word' id='word_1_853' title='bbox 2502 5176 2662 5241; x_wconf 80' lang='grc' dir='ltr'>Φησί.</span> <span class='ocrx_word' id='word_1_854' title='bbox 2698 5176 2879 5237; x_wconf 92' lang='lat' dir='ltr'><strong>Deest</strong></span> <span class='ocrx_word' id='word_1_855' title='bbox 2909 5174 2969 5235; x_wconf 89' lang='lat' dir='ltr'><strong>in</strong></span> <span class='ocrx_word' id='word_1_856' title='bbox 2998 5174 3326 5249; x_wconf 88' lang='lat' dir='ltr'><strong>altero,sed</strong></span> <span class='ocrx_word' id='word_1_857' title='bbox 3360 5176 3585 5239; x_wconf 81' lang='lat' dir='ltr'><strong>rectius</strong></span> <span class='ocrx_word' id='word_1_858' title='bbox 3608 5174 3904 5237; x_wconf 71' lang='lat' dir='ltr'><strong>subaudi-</strong></span> 
     </span>
    </p>
   </div>
   <div class='ocr_carea' id='block_1_115' title="bbox 2259 5254 3740 5332">
    <p class='ocr_par' dir='ltr' id='par_1_115' title="bbox 2259 5254 3740 5332">
     <span class='ocr_line' id='line_1_118' title="bbox 2259 5254 3740 5332; baseline 0.003 -17"><span class='ocrx_word' id='word_1_859' title='bbox 2259 5261 2355 5316; x_wconf 90' lang='lat' dir='ltr'><strong>tur</strong></span> <span class='ocrx_word' id='word_1_860' title='bbox 2378 5254 2581 5332; x_wconf 72' lang='grc' dir='ltr'>Γραφή,</span> <span class='ocrx_word' id='word_1_861' title='bbox 2616 5262 2677 5315; x_wconf 92' lang='lat' dir='ltr'><strong>ut</strong></span> <span class='ocrx_word' id='word_1_862' title='bbox 2708 5263 2767 5316; x_wconf 92' lang='lat' dir='ltr'><strong>et</strong></span> <span class='ocrx_word' id='word_1_863' title='bbox 2787 5254 2940 5316; x_wconf 79' lang='lat' dir='ltr'><strong>infra</strong></span> <span class='ocrx_word' id='word_1_864' title='bbox 2974 5255 3525 5318; x_wconf 86' lang='lat' dir='ltr'><strong>animadvertimus.</strong></span> <span class='ocrx_word' id='word_1_865' title='bbox 3548 5257 3740 5319; x_wconf 75' lang='lat' dir='ltr'><strong>CLER.</strong></span> 
     </span>
    </p>
   </div>
   <div class='ocr_carea' id='block_1_116' title="bbox 2339 5334 3909 5415">
    <p class='ocr_par' dir='ltr' id='par_1_116' title="bbox 2339 5334 3909 5415">
     <span class='ocr_line' id='line_1_119' title="bbox 2339 5334 3909 5415; baseline 0.001 -19"><span class='ocrx_word' id='word_1_866' title='bbox 2339 5334 2474 5415; x_wconf 75' lang='grc'>(56)</span> <span class='ocrx_word' id='word_1_867' title='bbox 2497 5338 2759 5415; x_wconf 45' lang='lat' dir='ltr'><strong>Mummi.</strong></span> <span class='ocrx_word' id='word_1_868' title='bbox 2793 5334 2973 5397; x_wconf 91' lang='lat' dir='ltr'><strong>Deest</strong></span> <span class='ocrx_word' id='word_1_869' title='bbox 2994 5336 3055 5396; x_wconf 90' lang='lat' dir='ltr'><strong>in</strong></span> <span class='ocrx_word' id='word_1_870' title='bbox 3078 5337 3265 5397; x_wconf 87' lang='lat' dir='ltr'><strong>altero</strong></span> <span class='ocrx_word' id='word_1_871' title='bbox 3304 5337 3616 5400; x_wconf 78' lang='lat' dir='ltr'><strong>Vind.Sed</strong></span> <span class='ocrx_word' id='word_1_872' title='bbox 3656 5335 3909 5415; x_wconf 88' lang='lat' dir='ltr'><strong>perinde</strong></span> 
     </span>
    </p>
   </div>
   <div class='ocr_carea' id='block_1_117' title="bbox 2261 5412 3910 5508">
    <p class='ocr_par' dir='ltr' id='par_1_117' title="bbox 2261 5412 3910 5508">
     <span class='ocr_line' id='line_1_120' title="bbox 2261 5412 3910 5508; baseline 0.001 -34"><span class='ocrx_word' id='word_1_873' title='bbox 2261 5421 2373 5508; x_wconf 80' lang='lat' dir='ltr'><strong>est,</strong></span> <span class='ocrx_word' id='word_1_874' title='bbox 2408 5412 2531 5508; x_wconf 62' lang='lat' dir='ltr'><strong>sive</strong></span> <span class='ocrx_word' id='word_1_875' title='bbox 2568 5414 2843 5508; x_wconf 76' lang='lat' dir='ltr'><strong>addatur,</strong></span> <span class='ocrx_word' id='word_1_876' title='bbox 2889 5414 3012 5476; x_wconf 91' lang='lat' dir='ltr'><strong>sive</strong></span> <span class='ocrx_word' id='word_1_877' title='bbox 3046 5417 3428 5508; x_wconf 74' lang='lat' dir='ltr'><strong>detrahatur;</strong></span> <span class='ocrx_word' id='word_1_878' title='bbox 3470 5434 3564 5478; x_wconf 81' lang='lat' dir='ltr'><strong>res</strong></span> <span class='ocrx_word' id='word_1_879' title='bbox 3594 5412 3753 5508; x_wconf 55' lang='lat' dir='ltr'><strong>enirn</strong></span> <span class='ocrx_word' id='word_1_880' title='bbox 3778 5417 3910 5508; x_wconf 73' lang='lat' dir='ltr'><strong>ipsa</strong></span> 
     </span>
    </p>
   </div>
   <div class='ocr_carea' id='block_1_118' title="bbox 2262 5492 3909 5583">
    <p class='ocr_par' dir='ltr' id='par_1_118' title="bbox 2262 5492 3909 5583">
     <span class='ocr_line' id='line_1_121' title="bbox 2262 5492 3909 5583; baseline 0.001 -27"><span class='ocrx_word' id='word_1_881' title='bbox 2262 5492 2524 5583; x_wconf 75' lang='lat' dir='ltr'><strong>ostendit</strong></span> <span class='ocrx_word' id='word_1_882' title='bbox 2555 5494 2629 5555; x_wconf 92' lang='lat' dir='ltr'><strong>de</strong></span> <span class='ocrx_word' id='word_1_883' title='bbox 2658 5492 3423 5575; x_wconf 51' lang='lat' dir='ltr'><strong>grata&#39;comtnemoratione</strong></span> <span class='ocrx_word' id='word_1_884' title='bbox 3456 5498 3662 5559; x_wconf 86' lang='lat' dir='ltr'><strong>mortis</strong></span> <span class='ocrx_word' id='word_1_885' title='bbox 3685 5492 3909 5559; x_wconf 71' lang='lat' dir='ltr'><strong>Christi</strong></span> 
     </span>
    </p>
   </div>
   <div class='ocr_carea' id='block_1_119' title="bbox 2262 5588 2503 5653">
    <p class='ocr_par' dir='ltr' id='par_1_119' title="bbox 2262 5588 2503 5653">
     <span class='ocr_line' id='line_1_122' title="bbox 2262 5588 2503 5653; baseline 0.004 -17"><span class='ocrx_word' id='word_1_886' title='bbox 2262 5592 2377 5653; x_wconf 80' lang='lat' dir='ltr'><strong>agi.</strong></span> <span class='ocrx_word' id='word_1_887' title='bbox 2414 5588 2503 5637; x_wconf 80' lang='grc' dir='ltr'>ω.</span> 
     </span>
    </p>
   </div>
   <div class='ocr_carea' id='block_1_120' title="bbox 2336 5654 3909 5737">
    <p class='ocr_par' dir='ltr' id='par_1_120' title="bbox 2336 5654 3909 5737">
     <span class='ocr_line' id='line_1_123' title="bbox 2336 5654 3909 5737; baseline 0.002 -21"><span class='ocrx_word' id='word_1_888' title='bbox 2336 5655 2469 5737; x_wconf 78' lang='grc'>(57)</span> <span class='ocrx_word' id='word_1_889' title='bbox 2506 5654 2959 5737; x_wconf 64' lang='grc' dir='ltr'>Εὖχκριστοῦμεδ,</span> <span class='ocrx_word' id='word_1_890' title='bbox 2994 5665 3108 5722; x_wconf 92' lang='lat' dir='ltr'><strong>etc.</strong></span> <span class='ocrx_word' id='word_1_891' title='bbox 3136 5655 3353 5722; x_wconf 77' lang='lat' dir='ltr'><strong>Confer</strong></span> <span class='ocrx_word' id='word_1_892' title='bbox 3378 5655 3554 5719; x_wconf 85' lang='lat' dir='ltr'><strong>sodes</strong></span> <span class='ocrx_word' id='word_1_893' title='bbox 3585 5674 3720 5718; x_wconf 87' lang='lat' dir='ltr'><strong>cum</strong></span> <span class='ocrx_word' id='word_1_894' title='bbox 3750 5654 3909 5719; x_wconf 79' lang='lat' dir='ltr'><strong>libro</strong></span> 
     </span>
    </p>
   </div>
   <div class='ocr_carea' id='block_1_121' title="bbox 2256 5735 3905 5817">
    <p class='ocr_par' dir='ltr' id='par_1_121' title="bbox 2256 5735 3905 5817">
     <span class='ocr_line' id='line_1_124' title="bbox 2256 5735 3905 5817; baseline -0.001 -19"><span class='ocrx_word' id='word_1_895' title='bbox 2256 5735 2656 5817; x_wconf 79' lang='lat' dir='ltr'><strong>Athanasiano</strong></span> <span class='ocrx_word' id='word_1_896' title='bbox 2686 5737 2773 5817; x_wconf 82' lang='lat' dir='ltr'><strong>De</strong></span> <span class='ocrx_word' id='word_1_897' title='bbox 2796 5735 3182 5816; x_wconf 77' lang='lat' dir='ltr'><strong>virginitate,</strong></span> <span class='ocrx_word' id='word_1_898' title='bbox 3213 5758 3265 5817; x_wconf 90' lang='lat' dir='ltr'><strong>p.</strong></span> <span class='ocrx_word' id='word_1_899' title='bbox 3301 5737 3443 5801; x_wconf 78' lang='grc'><strong>1051</strong></span> <span class='ocrx_word' id='word_1_900' title='bbox 3484 5758 3498 5805; x_wconf 71' lang='grc' dir='ltr'><strong>ς</strong></span> <span class='ocrx_word' id='word_1_901' title='bbox 3556 5738 3711 5817; x_wconf 84' lang='lat' dir='ltr'><strong>piget</strong></span> <span class='ocrx_word' id='word_1_902' title='bbox 3742 5737 3905 5800; x_wconf 81' lang='lat' dir='ltr'><strong>enim</strong></span> 
     </span>
    </p>
   </div>
   <div class='ocr_carea' id='block_1_122' title="bbox 2258 5814 2859 5880">
    <p class='ocr_par' dir='ltr' id='par_1_122' title="bbox 2258 5814 2859 5880">
     <span class='ocr_line' id='line_1_125' title="bbox 2258 5814 2859 5880; baseline 0.008 -5"><span class='ocrx_word' id='word_1_903' title='bbox 2258 5814 2681 5879; x_wconf 88' lang='lat' dir='ltr'><strong>transcribere.</strong></span> <span class='ocrx_word' id='word_1_904' title='bbox 2719 5816 2859 5880; x_wconf 82' lang='lat' dir='ltr'><strong>Cor.</strong></span> 
     </span>
    </p>
   </div>
  </div>
