4068 6350
1482 153 1680 218 καλλι-..
1759 161 1800 220 ﬂ
1821 197 1848 220 το
1865 165 1910 202 ’--·

256 328 410 396 101⁸7

1077 327 1734 392 CONSTITUTIONES
1774 325 2281 390 APOSTOLIC/E.
2332 363 2401 373 —-
2453 332 2598 393 LIB.
2649 329 2778 393 VII.

1969 165 2020 222 ,λ
2041 203 2050 208 -
2073 169 2115 208 ιο
2147 169 2152 194 τ
2193 173 2196 180 ·

3461 331 3621 396 1018

252 467 402 539 ζωῆς
461 468 528 536 ἧς
598 467 888 546 ἐγνώρισας
939 467 1076 540 ἡμῖν
1132 464 1216 522 διά
1237 466 1417 534 Ἰησοῦ
1445 472 1536 524 τοῦ
1558 464 1750 530 Παιδός
1783 478 1898 522 σου·

1989 477 2094 540 pro
2126 459 2239 524 vita
2267 481 2442 544 quam
2477 465 2834 528 manilestati
2861 465 3034 529 nobis
3054 463 3365 548 perJesum
3399 465 3616 530 Filium

254 554 321 612 δι’
384 564 445 613 οὗ
507 558 596 614 καὶ
653 557 747 612 τά
793 557 964 612 πάντα
1015 557 1296 629 ἐποίησας,
1331 557 1419 612 καὶ
1460 558 1564 612 τῶν
1587 555 1728 613 ὅλων
1761 578 1895 633 προ-

254 660 422 709 νοεῖς·
481 650 539 703 δν
599 648 686 702 καὶ
745 644 1064 709 ἀπέστειλας
1137 647 1254 724 περὶ
1325 645 1454 724 (58)
1527 648 1761 724 σωτηρίᾳ
1831 650 1897 720 τῇ

252 735 491 815 ἡμετέρᾳ
537 737 776 813 γενέσθαι
851 734 1145 814 ἄνθρωπον·
1216 735 1272 792 ὅν
1331 737 1417 792 καὶ
1513 738 1895 815 συνεχώρησας

253 830 444 882 παθεῖν
503 828 590 882 καὶ
640 828 949 882 ἀποθανεῖν·
999 823 1058 880 ὅν
1099 827 1186 882 καὶ
1245 825 1547 895 ἀναστήσας
1605 823 1894 892 εὐδόκησας

251 913 490 988 δοξάσαι,
550 917 637 972 καὶ
696 915 939 980 ἑκάθισας
994 914 1054 970 ἐκ
1111 913 1293 980 δεξιῶν
1369 936 1487 970 σου·
1569 913 1640 970 δι’
1690 917 1750 970 οὗ
1806 916 1894 971 καὶ

251 1003 562 1082 ἑπηγγείλω
590 1006 730 1078 ἡμῖν
800 1005 898 1072 τὴν
955 1002 1244 1061 ἀνάστασιδ
1273 1009 1378 1060 τῶν
1406 1011 1626 1076 νεκρῶν,
1663 1006 1758 1076 Σὺ,
1786 1003 1892 1060 Δέσ-

254 1097 427 1152 σποτα
487 1094 880 1173 παντόκρατορ,
943 1093 1038 1149 Θεέ
1082 1093 1282 1150 αἰώνιε·
1363 1095 1544 1173 ὥσπερ
1601 1099 1666 1163 ἦν
1736 1093 1893 1152 τοῦτο

254 1186 748 1266 διεσκορπισμὲνον,
801 1188 889 1243 καὶ
975 1186 1232 1266 συνοχθὲν
1283 1185 1493 1264 ἐγένετο
1551 1187 1639 1248 εἷς
1711 1184 1891 1264 ὂίρτος,

255 1275 392 1333 οὕτω
447 1277 709 1354 συνάγαγέ
762 1299 856 1331 σου
885 1277 984 1342 τὴν
1016 1274 1340 1343 Ἐκκλησίαν
1364 1276 1470 1333 ἀπὸ
1498 1283 1604 1332 τῶν
1653 1273 1897 1355 περάτων

256 1372 354 1434 τῆς
421 1367 520 1445 γῆς
556 1368 631 1430 εἷς
661 1368 758 1434 τὴν
787 1365 918 1447 (59)
951 1363 1251 1442 βασιλείαν.
1280 1363 1415 1423 ’Ἔτι
1452 1367 1891 1446 εὐχαριστοῦμεν,

258 1457 430 1534 Πάτερ
472 1458 652 1532 ἡμῶν,
704 1455 833 1533 ὑπὲρ
864 1463 957 1512 τοῦ
985 1456 1160 1530 τιμίου
1193 1454 1426 1530 αἵματος
1457 1455 1634 1522 Ἰησοῦ
1667 1461 1896 1533 Χριστοῦ

255 1554 346 1601 τοῦ
431 1545 748 1626 ἐκχυθέντος
777 1545 906 1623 ὑπὲρ
949 1547 1128 1618 ἡμῶν·
1191 1546 1278 1600 καὶ
1307 1552 1398 1602 τεῦ
1453 1545 1634 1619 τιμίου
1701 1547 1895 1619 σώμα-

257 1651 370 1698 τος·
427 1632 487 1692 οὗ
541 1638 628 1691 καὶ
678 1637 930 1692 ἀντίτυπα
988 1643 1152 1694 ταῦτα
1179 1633 1551 1715 επιτελοῦμεν,
1586 1635 1742 1691 αὖτοῦ
1779 1633 1897 1690 δια-

258 1723 548 1800 ταξαμένου
591 1727 725 1799 ἡμῖν
810 1722 1199 1802 καταγγέλλειν
1275 1726 1366 1780 τὸν
1424 1728 1584 1783 αὖτοῦ
1651 1725 1896 1781 θάνατον·

1982 558 2146 612 tuum
2175 572 2192 628 ;
2226 570 2336 632 per
2361 571 2537 634 quem
2570 562 2691 616 tum
2741 555 2942 619 omnia
2993 556 3230 629 creasti,
3293 565 3414 618 tum
3476 556 3617 620 uni-

1979 641 2168 704 versis
2189 642 2465 722 provides
2497 663 2512 723 ;
2547 657 2722 725 quem
2756 653 2815 705 et
2847 644 3075 717 misisti,
3131 655 3192 706 ut
3233 645 3304 707 ad
3364 645 3613 708 salutem

1981 736 2242 790 nostram
2269 730 2446 793 homo
2478 733 2690 806 ﬁeret;
2725 751 2901 814 quem
2933 733 3111 796 etiam
3140 733 3462 814 permisisti
3496 734 3617 814 pati

1979 827 2037 880 et
2070 820 2228 882 mori
2259 839 2474 900 ;quem
2505 829 2564 884 et
2591 821 2959 884 resuscitans
2987 823 3322 902 gloriﬁcare
3351 823 3612 898 voluisti,

1979 917 2038 970 et
2066 908 2280 971 sedere
2303 909 2490 972 fecisti
2518 911 2587 972 ad
2614 911 2918 974 dexteram
2948 921 3104 974 tuam
3141 933 3154 975 :
3191 929 3299 993 per
3348 930 3525 993 quem
3558 919 3617 975 et

1979 997 2300 1078 promisisti
2333 1000 2505 1063 nobis
2539 1001 3042 1064 resurrectionem
3076 1010 3468 1065 mortuorum.
3501 1001 3613 1076 Tu,

1979 1087 2232 1150 Domine
2285 1089 2686 1172 omnipotens,
2727 1093 2885 1153 Deus
2915 1099 3136 1154 interno
3169 1112 3182 1152 :
3219 1091 3614 1173 quemadmo-

1979 1179 2118 1240 dum
2154 1179 2267 1239 hoc
2298 1189 2425 1240 erat
2475 1178 2834 1260 dispersum,
2870 1191 3090 1244 etcum
3123 1181 3234 1244 fuit
3283 1198 3615 1261 congrega-

1983 1276 2128 1341 tum,
2165 1267 2351 1330 factus
2383 1279 2473 1332 est
2489 1288 2640 1333 unus
2664 1270 2854 1350 panis,
2875 1270 2953 1333 ita
2975 1289 3270 1352 congrega
3289 1271 3616 1334 Ecclesiam

1983 1366 2140 1418 tuam
2167 1376 2202 1419 a
2233 1357 2450 1422 ﬁnibus
2484 1369 2658 1422 terrae
2691 1359 2752 1422 in
2796 1379 3073 1440 regnum.
3134 1361 3346 1424 Adhuc
3401 1360 3624 1441 gratias

1981 1446 2234 1526 agimus.
2309 1445 2486 1510 Pater
2563 1458 2788 1529 noster,
2858 1467 2964 1531 pro
3020 1451 3281 1532 pretioso
3336 1455 3625 1529 sanguine

1979 1535 2120 1600 Jesu
2179 1535 2395 1600 Christi
2421 1537 2609 1600 eﬁ‘uso
2632 1546 2835 1601 nostra
2864 1558 3041 1602 causa
3074 1559 3090 1616 ;
3124 1551 3184 1602 et
3221 1557 3327 1620 pro
3360 1539 3622 1621 pretioso

1985 1643 2259 1708 corpore,
2299 1627 2472 1708 cujus
2501 1638 2558 1688 et
2588 1628 2710 1690 haec
2741 1630 3006 1711 antitypa
3037 1628 3436 1704 celebramus,
3487 1646 3621 1691 cum

1986 1716 2116 1797 ipse
2139 1716 2312 1778 nobis
2369 1718 2743 1780 constituerit
2776 1728 3024 1781 mortem
3058 1719 3216 1782 illius
3272 1717 3626 1780 annuntiare

257 1809 326 1866 δι’
358 1813 514 1870 αὖτοῦ
543 1813 643 1892 γάρ
671 1835 753 1870 σοι
783 1813 895 1869 καῖ’
923 1815 956 1880 ἡ
988 1811 1136 1883 δόξα,
1171 1814 1244 1876 είς
1277 1814 1400 1879 τοὺς
1454 1815 1672 1873 αἰῶνας.
1698 1813 1898 1886 Ἀμήν.

1990 1805 2062 1869 ⁷¹ε
2096 1824 2199 1886 per
2223 1807 2416 1888 ipsum
2453 1808 2612 1869 enim
2649 1809 2749 1870 tibi
2780 1808 2969 1888 gloria
3023 1811 3081 1871 in
3135 1809 3371 1870 saecula.
3406 1809 3620 1869 Amen.

261 1899 454 1969 Μηδεὶς
510 1900 565 1958 δὲ
599 1901 814 1958 ἐσθιέτω
869 1901 920 1967 ἐξ
997 1904 1190 1981 αὐτῶν,
1269 1908 1375 1958 τῶν
1433 1903 1710 1978 ἀμυήτων·
1767 1902 1903 1960 ἀλλὰ

256 1991 409 2064 μόνοι
470 1993 516 2048 oi
573 1989 987 2069 βεϐαπτισμένοι
1055 1993 1127 2055 είς
1186 1994 1276 2048 ⁸ιὸν
1307 1999 1402 2049 τοῦ
1436 1995 1622 2070 Κυρίου
1651 1993 1895 2051 θάνατον.

258 2081 314 2136 Εἰ
371 2079 427 2136 δέ
487 2103 564 2144 τις
623 2081 864 2156 ἀμύητος
907 2083 1106 2160 κρύψος
1136 2081 1319 2140 ἑαυτὸν
1369 2079 1669 2159 μεταλάϐῃ,
1733 2097 1901 2161 κρῖμα

256 2171 466 2227 αἰώνιον
525 2172 772 2251 φάγεται·
807 2171 889 2227 ὅτι
921 2173 999 2245 μὴ
1030 2171 1103 2227 ὥν
1134 2173 1234 2237 τῆς
1268 2173 1342 2236 εἰς
1396 2174 1618 2229 Χοιστὸν
1649 2175 1876 2236 πίστεως
1886 2226 1901 2257 ,

1989 1895 2204 1959 Nullus
2231 1914 2406 1976 porro
2429 1915 2506 1959 ex
2537 1897 2613 1961 iis
2641 1898 2740 1980 qui
2797 1898 3008 1961 initiati
3065 1917 3170 1961 seu
3207 1898 3474 1979 baptizati
3506 1915 3625 1958 non

1987 1994 2145 2060 sunt,
2181 2003 2249 2048 ex
2283 1987 2367 2047 eis
2411 1988 2735 2065 comedat;
2798 1988 2901 2050 sed
2949 1989 3059 2051 soli
3110 1987 3154 2050 ii
3201 1993 3304 2064 qui
3359 1985 3629 2068 baptisati

1988 2074 2228 2137 fuerunt
2258 2077 2316 2138 in
2352 2077 2586 2140 Domini
2620 2086 2895 2140 mortem.
2932 2079 2992 2141 Si
3027 2080 3159 2160 quis
3189 2097 3328 2140 vero
3360 2096 3478 2138 non
3505 2075 3622 2139 ini-

1989 2165 2184 2239 tiatus,
2213 2166 2490 2227 celaverit
2519 2184 2584 2227 se
2616 2166 2834 2246 ipsum,
2858 2175 2915 2229 et
2944 2167 3030 2228 sic
3045 2164 3622 2241 communicaverit;

255 2257 542 2331 μετέλαϐεν
573 2261 648 2315 ὧν
711 2261 771 2317 οὗ
840 2259 1012 2338 θέμις,
1063 2261 1138 2322 εἰς
1187 2260 1443 2338 τιμωρίαν
1475 2261 1680 2320 ἑαυτοῦ.
1739 2262 1792 2318 Εἰ
1849 2253 1898 2316 δέ

1989 2253 2276 2333 iudicium
2311 2263 2592 2316 mternum
2630 2256 3011 2318 manducabit
3039 2253 3094 2300 ⁷³
3125 2277 3138 2336 ;
3174 2255 3335 2336 quod
3367 2273 3485 2318 non
3504 2255 3617 2318 ad-

257 2370 336 2410 τις
411 2349 545 2406 κατά
625 2349 839 2427 ἄγνοιαν
903 2347 1196 2424 μεταλάϐοι
1263 2348 1409 2430 (60),
1469 2358 1657 2407 τοῦτον
1712 2351 1902 2432 τάχιοι

1991 2343 2192 2406 dictus
2253 2343 2387 2405 ﬁdei
2449 2345 2507 2405 in
2569 2345 2889 2418 Christum,
2949 2364 3080 2427 qua!
3162 2346 3247 2406 fas
3306 2362 3422 2406 non
3501 2353 3629 2408 erat

257 2442 705 2517 στοιχειώσαντες
775 2440 1038 2519 ιουήσατε,
1113 2438 1256 2504 ὅπως
1339 2441 1413 2514 μὴ
1499 2441 1898 2519 καταφρονητὴς

1989 2432 2261 2514 sumpsit,
2297 2433 2356 2494 in
2390 2433 2744 2515 supplicium
2781 2453 2978 2498 suum.
3013 2433 3074 2498 Si
3100 2435 3233 2516 quis
3288 2444 3484 2498 autem
3519 2451 3630 2515 per

260 2526 477 2592 ἰξέλθοι,

783 2716 1167 2767 ΚΕΦΑΛΑΙΟΝ
1215 2708 1366 2782 KQ".

549 2799 869 2878 Εὒχαριστία
900 2799 986 2854 ἐπὶ
1037 2804 1102 2875 τῇ
1132 2799 1244 2871 θείᾳ
1288 2799 1614 2874 μεταλήψει.

343 2889 486 2942 Μετά
543 2884 596 2941 δὲ
658 2887 750 2953 τὴν
799 2886 1130 2962 μετάληψιν,
1204 2887 1371 2952 οὕτως
1449 2890 1896 2968 εὖχαριστήσατε·

263 2976 692 3056 Εοῦχαριστοῦμέν
745 2997 852 3051 σοι,
915 2979 943 3032 ὸ
1003 2979 1133 3040 Θεὸς
1195 2979 1282 3033 καὶ
1331 2979 1509 3055 Πατὴρ
1566 2977 1742 3044 Ἰησοῦ
1812 2987 1903 3036 τ·θῦ

1989 2522 2379 2601 ignorantiam
2406 2523 2865 2604 participaverit,
2898 2524 3054 2586 hunc
3080 2523 3196 2585 cito
3227 2522 3530 2604 instruite,
3556 2541 3626 2584 ac

1988 2612 2282 2693 baptismo
2305 2613 2555 2689 initiate,
2587 2631 2662 2674 ne
2694 2621 3066 2694 contemptor
3094 2625 3280 2676 exeat.

2547 2700 2789 2766 CAPUT
2845 2701 3054 2772 XXVI.

2069 2794 2422 2857 Gratiarum
2465 2795 2621 2855 actio
2644 2811 2826 2871 super
2853 2793 3066 2855 divina
3087 2793 3544 2858 communione.

2067 2882 2204 2944 Post
2223 2881 2706 2944 communionem
2737 2882 2997 2952 vero,sic
3029 2883 3252 2959 gratias
3272 2882 3448 2960 agite:
3471 2881 3626 2945 Gra-

1987 2973 2097 3034 tias
2129 2973 2358 3051 agimus
2391 2971 2520 3047 tibi,
2577 2974 2737 3035 Deus
2795 2980 2851 3033 et
2883 2971 3060 3034 Pater
3115 2970 3258 3035 Jesu
3307 2971 3630 3034 Salvatoris

261 3071 511 3142 Σωτῆρος
574 3069 752 3140 ἡμῶν,
810 3066 939 3146 ὑπὲρ
993 3070 1086 3124 τοῦ
1116 3069 1264 3144 ἁγίου
1297 3069 1558 3142 ὀνόματᾶς
1591 3065 1645 3110 ⁷³
1693 3091 1808 3148 σου,
1841 3072 1898 3125 οὗ

1989 3063 2195 3134 nostri,
2231 3080 2335 3140 pro
2365 3074 2568 3123 sancto
2601 3061 2844 3123 nomine
2878 3071 3003 3136 tuo,
3030 3063 3183 3143 quod
3247 3060 3514 3125 habitare
3543 3061 3627 3123 fe-

259 3159 672 3226 κατεσκήνωσας
723 3156 778 3212 ἐν
846 3159 1008 3232 ἡμῖν·
1070 3158 1156 3214 καὶ
1211 3158 1340 3235 ὑπὲρ
1369 3158 1464 3225 τῆς
1497 3160 1770 3238 γνώσεως,
1805 3160 1897 3216 καί

258 3247 516 3322 πίστεως,
558 3246 644 3302 καὶ
703 3246 945 3324 ἀγάπης,
1023 3248 1110 3303 καὶ
1165 3246 1471 3310 ἀθανασίας·
1547 3249 1613 3317 ἧς
1698 3246 1896 3312 ἔδωκα,

257 3337 395 3402 ἡμτν
443 3334 526 3390 διὰ
556 3333 733 3401 Ἰησοῦ
791 3335 881 3391 τοῦ
909 3333 1101 3400 Παιδός
1133 3357 1250 3394 σου.
1286 3339 1380 3408 Σὺ,
1421 3337 1662 3394 Δέσποτα
1692 3340 1897 3394 παντό-

259 3445 472 3502 κρατορ,
533 3427 561 3481 ὁ
602 3426 731 3488 Θεὸς
787 3430 892 3480 τῶν
921 3424 1079 3498 ὅλων,
1111 3425 1326 3490 ἔκτισας
1373 3425 1504 3506 (61)
1548 3429 1637 3482 τὸν
1668 3427 1894 3502 κόσμον,

260 3515 346 3570 καὶ
401 3516 466 3570 τὰ
523 3514 577 3570 ἐν
609 3516 774 3594 αὐτῷ,
805 3513 872 3571 δι’
905 3517 1081 3572 αὑτοῦ·
1120 3517 1205 3572 καὶ
1235 3517 1398 3591 νόμον
1422 3517 1811 3597 κατεφὸτευσας
1844 3519 1901 3575 ἂν

259 3617 382 3667 ταῖς
433 3609 641 3684 ψυχαῖς
690 3606 866 3679 ⁴ἡμῶν·
897 3607 984 3661 καὶ
1015 3608 1080 3662 τὰ
1113 3607 1242 3684 πρὸς
1273 3605 1579 3682 μετάληψιν
1623 3607 1902 3686 προευτρέ-

217 3717 229 3724 ο
263 3716 420 3757 πισας
471 3693 594 3774 (69)
656 3695 972 3773 ἀνθρώποις.
1006 3695 1064 3752 ’0
1111 3698 1237 3760 Θεὸς
1268 3703 1372 3752 τῶν
1403 3697 1568 3773 ἁγίων
1600 3700 1683 3752 καὶ
1716 3698 1898 3773 ἀμέμ-

260 3807 407 3840 πτων
429 3783 672 3862 πατέρων
701 3785 878 3858 ἡμῶν,
915 3783 1178 3861 Ἀϐραὰμ,
1214 3787 1299 3842 καὶ
1329 3785 1535 3858 Ἰσαὰκ,
1565 3788 1650 3842 καὶ
1680 3785 1896 3865 Ἰακὼϐ,

262 3874 366 3930 τῶν
399 3879 600 3929 πιστῶν
654 3871 854 3932 δούλων
914 3897 1027 3932 σου.
1065 3873 1122 3934 ’0
1164 3874 1375 3940 δυνατὸς
1437 3878 1587 3951 Θεὸς,
1636 3879 1663 3932 ὸ
1716 3879 1902 3938 πιστὸς

261 3963 349 4018 καὶ
405 3962 681 4034 ἀληθινὸς,
743 3966 829 4019 καὶ
887 3963 1119 4040 ἀψευδὴς
1179 3964 1233 4019 ὲν
1279 3977 1402 4027 ταῖς
1453 3963 1816 4043 ἐπαγγελίαις·
1877 3969 1903 4022 ὁ

264 4050 583 4114 ἀποστείλας
627 4054 712 4110 επὶ
740 4058 840 4130 γῆς
874 4052 1076 4120 ἰτισοῦν
1107 4057 1194 4111 τὸν
1253 4057 1476 4131 Χριστόν
1537 4077 1650 4128 σου,
1706 4057 1900 4133 ἀνθρώ⁸

264 4163 383 4206 ποις
443 4147 931 4222 συναναστραφῆναι
963 4147 1035 4208 ὡς
1065 4143 1363 4222 ἄνθρωπον,
1396 4146 1526 4199 Θεὸν
1573 4142 1697 4200 ὄντα
1729 4147 1900 4222 Λόγον

261 4233 349 4287 καὶ
407 4231 700 4310 ἄνθρωπον,
765 4234 850 4288 καὶ
919 4235 1016 4301 τὴν
1077 4233 1285 4300 πλάνην
1332 4231 1605 4311 πρόρῤιζον
1662 4235 1894 4291 ἀνελεῖν·

263 4323 429 4386 Λῦεὸς
477 4322 568 4377 καὶ
624 4332 710 4382 νῦν
769 4321 839 4378 δι’
911 4326 1066 4380 αὐτοῦ
1127 4326 1389 4398 μνήσθητι
1460 4327 1556 4389 τῆς
1607 4325 1758 4401 ἁγίας
1805 4348 1898 4382 σου

257 4407 583 4478 Ἐκκλησίας
644 4413 865 4485 ταύτης,
899 4413 963 4480 ἢν
996 4415 1365 4490 περιεποιήσω
1393 4419 1469 4485 τῷ
1500 4412 1658 4487 τιμίῳ
1705 4414 1898 4490 α’ίματι

333 4553 384 4602 τί
422 4551 600 4616 ICor.
636 4553 842 4634 xu,26.
931 4551 985 4597 π
1016 4553 1138 4616 Ibid
1179 4594 1199 4627 ,
1234 4553 1330 4617 29.

1985 3153 2117 3215 cisti
2144 3153 2202 3214 in
2231 3151 2432 3227 nobis;
2466 3160 2522 3212 et
2549 3169 2654 3232 pro
2677 3151 3044 3231 cognitione,
3078 3151 3218 3224 ﬁde,
3253 3150 3628 3229 charitateet

1985 3241 2428 3304 immortalitate
2459 3258 2591 3322 quae
2621 3240 2836 3304 dedisti
2867 3241 3039 3303 nobis
3073 3259 3183 3322 per
3202 3239 3628 3304 JesumFilium

1986 3332 2552 3398 tuum.Tu.Domine
2571 3330 2980 3410 omnipotens,
3007 3330 3165 3393 Deus
3191 3337 3628 3410 universorum,

1983 3420 2194 3482 creasti
2212 3419 2496 3480 mundum
2513 3428 2572 3480 et
2591 3437 2724 3500 quae
2746 3428 2883 3481 sunt
2901 3421 2960 3482 in
2985 3439 3080 3492 eo,
3099 3437 3208 3500 per
3234 3419 3630 3501 ipsum;etle-

1984 3529 2116 3590 gem
2151 3510 2414 3572 insevisti
2435 3510 2494 3570 in
2526 3509 2846 3572 animabus
2873 3508 3372 3586 nostris;etvictui
3397 3527 3632 3572 accom-

1986 3598 2160 3662 moda
2195 3599 2534 3680 praeparasti
2568 3598 2933 3663 hominibus.
2975 3602 3131 3662 Deus
3189 3605 3529 3660 sanctorum
3570 3604 3627 3659 et

1985 3689 2422 3770 inculpatorum
2456 3696 2686 3768 patrum
2713 3687 3408 3768 nostrorum,Abrahami
3442 3685 3626 3748 [saaci

1986 3788 2044 3841 et
2067 3776 2572 3858 Jacobi,ﬁdelium
2597 3794 2903 3838 servorum
2939 3776 3367 3838 tuorum.Deus
3391 3785 3622 3856 potens,

1989 3869 2183 3930 ﬁdelis
2214 3877 2271 3928 et
2300 3885 2502 3946 verax,
2537 3875 2594 3928 et
2635 3867 2693 3926 in
2731 3865 3041 3945 promissis
3074 3885 3190 3926 non
3220 3864 3498 3936 mendax;
3531 3862 3635 3940 qui

1989 3957 2200 4019 misisti
2231 3956 2289 4016 in
2323 3965 2541 4017 terram
2592 3957 2796 4016 Jesum
2843 3957 3140 4017 Christum
3177 3963 3369 4034 tuum,
3402 3962 3463 4014 ut
3494 3971 3630 4014 cum

1987 4046 2332 4110 hominibus
2360 4053 2818 4106 conversaretur
2841 4055 3120 4124 tanquam
3145 4045 3345 4114 homo,
3382 4061 3516 4103 cum
3549 4043 3634 4105 sit

1985 4145 2044 4199 et
2075 4136 2234 4198 Deus
2255 4134 2543 4214 Verbum,
2567 4151 2623 4207 οι
2652 4135 3037 4213 homo,utque
3062 4149 3330 4195 errorem
3353 4132 3636 4195 radicitus

1986 4224 2287 4290 evelleret.
2323 4222 2456 4304 Ipse
2489 4231 2548 4285 et
2568 4241 2725 4285 nunc
2761 4241 2867 4302 per
2898 4243 3032 4286 eum
3061 4232 3363 4286 memento
3387 4219 3637 4302 hujusce

1982 4323 2201 4378 sancta;
2248 4313 2530 4376 Ecclesia
2581 4323 2720 4386 tute,
2767 4332 2942 4394 quam
2995 4312 3319 4395 acquisiisti
3374 4312 3633 4393 pretioso

1925 4386 2270 4483 Dsanguine
2301 4402 2522 4466 Christi
2559 4402 2688 4478 tui;
2744 4386 2921 4484 atque
2950 4386 3104 4465 eam-
3128 4401 3203 4464 ab
3261 4386 3422 4464 omni
3476 4399 3630 4462 malo

1420 4551 1475 4597 ’⁷³
1511 4557 1690 4618 Deest
1714 4556 1770 4618 in
1797 4558 1912 4620 alio
1959 4555 2185 4622 codice.

1580 4698 1980 4766 VARIORUM
2028 4693 2266 4762 NOTAE.

342 4832 466 4912 (58)
500 4835 775 4910 ΠερίἘπὶ
825 4834 1053 4898 rectius
1115 4833 1172 4895 in
1227 4835 1363 4896 cod.
1435 4834 1908 4904 Vindobonensi,

1991 4830 2160 4909 fueri
2167 4826 2722 4909 t,eius_que1_tcscius
2731 4821 2931 4897 [actus
2953 4821 3029 4879 sit
3044 4820 3368 4909 particeps,
3381 4831 3596 4892 respon
3609 4845 3634 4858 «-

261 4897 376 4975 hoc
407 4893 515 4978 est.
549 4893 798 4995 propter
826 4893 1093 4977 sntit-tem
1127 4893 1706 4993 uestrammec‘aspi
1733 4893 1908 4975 linem
1991 4893 2609 4995 'deturhhéptiiandum
2672 4893 2805 4995 ean
2840 4893 3228 4995 esseutpote
3249 4893 3637 4995 a‘

260 4994 605 5070 signiﬁcare
631 4994 803 5058 sclet.
835 4997 1019 5060 Cum.

1999 4999 2146 5049 tum.
2169 4979 2288 5050 Sed
2311 5001 2444 5044 cum
2473 4985 2701 5043 ratione
2725 4979 3143 5040 Constitutoris
3166 4994 3237 5034 ne
3267 4980 3642 5053 contemptor

343 5054 1098 5154 (59)’ττςν.ιίὲιίυῖσῆζίη
1126 5095 1238 5136 ms.
1288 5074 1465 5138 Vind.
1529 5081 1596 5156 in
1655 5093 1910 5156 regnum
1995 5074 2188 5156 ςπεατν
2223 5060 2707 5156 ρρηετιιίςοξθηρη
2740 5061 2816 5150 ἷξ⁷
2847 5054 3634 5156 εἴηίὲάίίΓ-οιξξξίξῇᾼιξξιξιιο

258 5162 454 5235 tuum.
486 5157 757 5235 Regnum
781 5156 893 5219 Dei
919 5165 1018 5217 aut
1048 5159 1332 5218 caelorum
1360 5175 1474 5219 non
1497 5155 1649 5219 solet
1678 5154 1908 5235 simpli-

267 5234 419 5295 citer
446 5233 688 5312 βασιλεία
720 5236 861 5299 dici.
900 5236 1050 5298 Vide
1071 5236 1224 5298 infra
1254 5255 1310 5300 c.
1340 5237 1439 5311 26,
1475 5235 1584 5298 sub
1609 5233 1903 5296 ﬁnem.ln.

1994 5132 2435 5210 decer'nitur'ut
2459 5141 2646 5203 Judaei
2671 5132 2902 5220 quippei-
2931 5132 3357 5220 vim_‘ba‘pti_zati
3370 5132 3630 5220 fuerant,

1994 5229 2247 5308 aliisque
2301 5212 2704 5308 sacramentis
2754 5212 2982 5297 donati,
3027 5212 3425 5308 Christianam
3482 5212 3637 5305 reli4

347 5293 470 5392 (60.)
507 5319 560 5373 Εἰ
590 5315 646 5373 δέ
677 5339 754 5379 τις
806 5321 939 5374 κατά
997 5315 1214 5395 ἄγνοιαν
1265 5293 1579 5393 μεταλάϐοι.
1658 5314 1720 5377 In
1783 5315 1898 5377 ΒΘ-

1991 5293 2228 5395 gioném
2259 5302 2548 5395 retinere.
2579 5308 2886 5395 cpgantur,
2939 5293 3012 5359 ne
3086 5313 3303 5358 nomen
3359 5293 3639 5395 divinum

268 5395 507 5476 sponsis
540 5396 844 5460 canonicis
876 5395 1172 5459 Timothei
1203 5396 1590 5459 Alexandrini
1613 5397 1686 5457 ad
1716 5397 1904 5456 inter-

1994 5373 2550 5466 Zlasphemetugct
2593 5373 2739 5466 ﬁdes
2786 5397 2987 5466 quam
3023 5383 3424 5456 susceperunt
3493 5373 3640 5435 vilis

267 5456 606 5569 τδεειεοηεε
637 5477 758 5569 i951
767 5456 1910 5569 βρτξφίεεδρ-εςετιςέίεςίεδξρτοροεειεε
1992 5456 3089 5569 σε,έρριςμρριίωιίελιαυςέιῖιιςξ

267 5572 399 5638 cap.
442 5559 495 5637 l,
525 5559 684 5638 apud
718 5557 1155 5632 Balsamonem,
1183 5558 1446 5638 ρ.1059,
1484 5559 1552 5619 ait
1580 5557 1909 5634 interroga.

272 5636 494 5718 tionem
521 5637 687 5714 Quid
720 5639 1022 5717 agendum
1036 5641 1142 5718 sit,
1167 5636 1224 5701 si
1242 5656 1396 5718 puer
1416 5657 1486 5701 ca
1501 5640 1908 5718 techumenus,

270 5729 381 5779 aut
393 5716 569 5782 homo
581 5715 1004 5796 udultitsﬂum
1020 5715 1791 5802 obtutio'ﬁeret,opportune
1804 5715 1913 5779 ad—

2079 5547 2218 5627 (61)
2242 5531 2530 5627 "div-m5.
2562 5540 2620 5600 ’0
2645 5541 2834 5627 litin;
2869 5534 2930 5600 in
2961 5538 3150 5600 altero
3203 5533 3338 5597 cod.
3370 5531 3633 5596 Vindob.

1996 5638 2054 5692 et
2084 5619 2325 5708 quidem
2353 5621 2599 5708 rectius.
2637 5619 2820 5708 Cesti.

2239 5704 2678 5782 Προευτρέπιτας.
2722 5701 2884 5766 Idem
2912 5699 3245 5778 εὐτρέπισας.
3279 5696 3361 5759 ιι).
