4068 6350
455 253 612 319 1043

1314 254 1378 317 S.
1423 246 1923 316 CLEMENTISI
1965 249 2149 314 ROM.
2196 249 2423 315 PONT.
2470 248 2718 312 OPEBA
2760 243 3016 309 DUBIA.

3673 241 3832 307 10M

439 394 710 449 mortuus
731 394 822 450 est
853 402 959 468 pro
1000 385 1175 448 nobis
1202 406 1218 462 ;
1251 392 1310 446 et
1358 393 1665 465 postquam
1724 402 1936 464 passus
1963 397 2078 462 est,
2106 419 2114 440 ι

2212 384 2287 446 θὺς
2321 382 2519 456 νόμους
2589 387 2683 438 τοῦ
2737 380 2871 435 Θεοῦ
2921 377 3010 434 καὶ
3075 377 3282 456 Πατρὸς
3345 376 3523 448 αὐτοῦ,
3557 380 3644 434 καὶ
3675 400 3833 436 σταυ-

441 477 612 538 tertia
637 476 736 540 die
755 476 1084 538 resurrexit
1106 493 1141 535 a
1163 474 1415 536 mortuis
1442 496 1457 545 ;
1483 473 1758 536 ascendit
1777 474 1848 536 ad
1875 473 2078 546 caelos,

2172 471 2401 551 ρωθέντα
2455 470 2542 526 ἐπὶ
2588 469 2810 526 Ποντίου
2871 465 3126 541 Πιλάτου,
3187 467 3274 524 καὶ
3324 466 3658 524 ἀποθανόντα
3704 468 3836 547 ὑπὲρ

441 573 500 626 et
523 564 694 627 sedet
714 565 784 626 ad
810 566 1116 627 dexteram
1144 563 1423 640 Patris,et
1444 565 1658 627 iterum
1682 570 1966 624 venturus
1996 569 2088 622 est

2212 562 2347 641 μῶν,
2414 561 2505 616 καὶ
2569 558 2873 615 ἀναστάντα
2927 557 2989 613 ἐκ
3057 563 3257 636 νεκρῶν
3289 558 3424 632 μετὰ
3465 558 3526 613 τὸ
3547 562 3739 615 παθεῖν

441 654 499 715 in
521 655 1038 716 consummatione
1062 653 1260 714 saeculi
1278 671 1410 714 cum
1426 651 1713 731 gloria,ad
1730 650 2089 732 judicandos

2212 651 2322 729 ρίτῃ
2385 647 2597 726 ἡμέρᾳ,
2634 648 2721 703 καὶ
2776 643 3069 702 ἀνελθόντα
3118 647 3190 709 εἷς
3246 647 3366 712 τοὺς
3437 647 3706 720 οὐρανοὺς,
3750 649 3837 704 καὶ

441 743 602 804 vivos
627 762 694 806 ac
720 752 1011 818 mortuos,
1037 743 1208 822 cujus
1229 742 1400 820 regni
1422 761 1540 803 non
1566 743 1681 803 erit
1702 742 1838 804 ﬁnis
1865 760 1878 804 :
1905 740 2090 822 bapti-

438 851 544 895 σοι’
569 831 744 894 etiam
769 835 830 894 in
854 831 1144 913 Spiritum
1179 840 1474 906 sanctum,
1503 831 1560 892 id
1585 839 1672 892 est
1695 832 2002 894 Paracletu
2015 849 2093 904 m,

2180 738 2502 797 καθεσθέντα
2532 737 2588 792 ἐν
2616 734 2757 808 δεξιᾷ
2814 745 2910 794 τοῦ
2939 736 3170 816 Πατρὸς,
3205 737 3289 792 καὶ
3333 735 3491 792 πάλιν
3541 735 3836 816 ἐρχόμενον

2184 830 2268 886 ἐπὶ
2332 825 2607 898 συντελείᾳ
2667 831 2760 882 τοῦ
2833 825 3025 889 αἰῶνος
3069 826 3205 901 μετὰ
3235 823 3389 891 δόξης
3411 840 3587 903 κρῖναι
3635 826 3838 896 ζῶα-εις

442 922 543 1002 qui
565 920 825 1001 Spiritus
842 930 1121 1002 operatus
1142 928 1231 982 est
1253 920 1313 981 in
1333 919 1612 982 omnibus
1637 919 1710 982 ab
1738 921 1906 981 initio
1931 939 2104 980 mun-

2212 921 2272 975 ,αἱ
2332 917 2569 996 νεκροὺς,
2632 915 2692 972 οὗ
2739 919 2839 982 τῆς
2882 913 3154 991 βασιλείας
3189 917 3285 972 οὒκ
3313 914 3460 972 ἔσται
3502 915 3680 978 τέλος-⁸
3729 916 3835 992 βα-

441 1011 501 1072 di
524 1010 980 1091 sanctis,postea
1000 1029 1140 1072 vero
1164 1010 1380 1070 missus
1398 1028 1634 1089 quoque
1659 1018 1748 1071 est
1769 1009 2102 1090 apostolisa

2212 1014 2437 1085 ττίζομαι
2489 1010 2590 1090 καὶ.
2636 1010 2708 1072 εἷς
2765 1009 2827 1064 τὸ
2885 1014 3098 1084 Πνεῦμα
3129 1009 3192 1065 τὸ
3223 1008 3392 1088 ἂγιον²
3455 1010 3697 1066 τουτέστι
3745 1013 3836 1066 τὸν

439 1099 635 1175 Patre,
673 1101 1004 1163 secundum
1044 1101 1500 1181 promissionem
1545 1099 1874 1162 Salvatoris
1909 1100 2099 1161 nostri

2212 1098 2564 1179 Ιαρᾶκλητον,
2614 1099 2677 1154 τὸ
2717 1099 3010 1176 ὶνεργῆσαν
3059 1096 3115 1154 ἐν
3144 1105 3304 1154 πᾶσιν
3346 1113 3464 1163 τοῖς
3506 1099 3598 1155 ἀπ’
3645 1101 3834 1163 αἰῶνος

447 1189 686 1251 Domini
707 1192 845 1253 Iesu
870 1191 1115 1265 Christi,
1145 1198 1202 1251 et
1224 1196 1354 1269 post
1371 1188 1671 1268 apostolos
1690 1189 1870 1250 etiam
1900 1188 2102 1251 omni-

2212 1183 2390 1270 ιγίοις,
2421 1190 2641 1264 ὓστερον
2661 1185 2715 1243 δὲ
2735 1186 3038 1243 ἀποσταλὲν
3053 1189 3139 1244 καὶ
3157 1195 3277 1252 τοῦς
3300 1187 3834 1267 &1tono').0ic(98)75

448 1281 581 1355 bus,
614 1280 716 1362 qui
746 1281 808 1342 in
839 1288 1040 1343 sancta
1091 1277 1384 1340 catholica
1432 1276 1700 1341 Ecclesia
1756 1279 2011 1341 credunt
2043 1278 2103 1340 in

2212 1281 2335 1360 ταρά
2392 1285 2486 1336 τοῦ
2543 1278 2748 1357 Πατρὸς
2778 1277 2913 1334 κατά
2963 1276 3063 1344 τὴν
3093 1275 3412 1356 ἔπαγγελίαν
3443 1287 3536 1336 τοῦ
3577 1285 3826 1356 Σωτῆρος

442 1371 639 1431 carnis
652 1369 1238 1445 resurrectionemjn
1256 1366 1684 1429 remissionem
1705 1377 2104 1450 peccatorum.

2212 1375 2344 1444 ,μῶν
2406 1366 2602 1446 Κυρίου
2662 1366 2841 1432 Ἰησοῦ
2887 1373 3129 1445 Χριστοῦ,
3197 1368 3286 1424 καὶ
3343 1369 3478 1444 μετὰ
3504 1369 3626 1431 τοὺς
3683 1369 3824 1426 ἀπο-

443 1458 504 1518 in
527 1477 776 1537 regnum
805 1459 1119 1539 caelorum,
1147 1466 1204 1519 et
1223 1458 1282 1517 in
1306 1455 1486 1518 vitam
1514 1457 1690 1518 futuri
1723 1458 1948 1520 saeculi.
1970 1457 2106 1519 Post

2212 1456 2406 1518 πόλους
2438 1455 2492 1512 δὲ
2524 1463 2655 1512 πᾶσι
2686 1468 2805 1520 τοῖς
2836 1455 3190 1530 πιστεύουσιν,
3225 1455 3280 1512 ἓν
3322 1462 3391 1532 τῇ
3415 1457 3536 1535 ἀγίᾳ
3575 1456 3831 1532 καθολικῇ

446 1546 599 1608 hanc
622 1556 822 1609 autem
849 1546 1530 1628 professionem,ordine
1556 1549 1714 1610 venit
1743 1548 1812 1609 ad
1843 1547 1958 1608 olei
1985 1566 2102 1608 un-

445 1636 730 1698 ctionem.

2187 1546 2481 1618 Ἐκκλησία
2550 1544 2708 1627 (29),
2755 1547 2828 1609 εἰς
2878 1546 3073 1622 σαρκὸς
3103 1545 3392 1602 ἀνάστασιν
3450 1547 3593 1627 (30),
3627 1551 3714 1604 καί
3758 1550 3831 1612 εἷς

2193 1633 2379 1711 ἄφεσιν
2434 1637 2733 1715 ἁμαρτιῶν,
2795 1635 2883 1690 καὶ
2909 1636 2982 1698 είς
3026 1634 3304 1711 βασιλείαν
3334 1640 3589 1718 οὐρανῶν,
3637 1640 3724 1693 καὶ
3755 1638 3828 1700 είς

447 1727 590 1796 ζωὴν
648 1735 741 1784 τοῦ
801 1727 1088 1802 μέλλοντος
1144 1730 1356 1792 αἰῶνος.
1400 1729 1504 1793 Καὶ
1555 1728 1690 1803 μετὰ
1745 1728 1844 1794 τὴν
1903 1725 2223 1806 ἐπαγγελίαν
2265 1725 2493 1804 ταύτην,
2545 1724 2671 1781 κατ’
2716 1721 3024 1781 ἀκολουθίαν
3074 1723 3291 1803 ἔρχεται
3350 1727 3439 1782 καὶ
3499 1729 3572 1790 είς
3613 1730 3714 1792 τὴν
3740 1733 3832 1784 τοῦ

447 1813 624 1871 ἐλαίου
677 1818 876 1896 χρίσιν.

1043 1905 1290 1971 CAPUT
1331 1907 1506 1970 XLII.
2125 1902 2162 1954 Β

556 1986 644 2046 De
673 1990 963 2048 unctione
991 1989 1236 2066 mystici
1267 1988 1385 2051 olei
1421 1988 1580 2050 actio
1611 1993 1992 2066 gratiarum.

535 2073 916 2136 Benedicitur
929 2083 1124 2136 autem
1142 2082 1253 2138 hoc
1269 2096 1300 2138 a
1317 2076 1592 2156 pontiﬁce
1607 2076 1666 2136 in
1679 2075 2097 2138 remissionem

2727 1908 3119 1962 ΚΕΦΑΔΑΙΟΝ
3151 1893 3290 1964 MB'.

2266 1995 2399 2071 Περὶ
2433 1994 2746 2074 χρίσματος
2797 1995 2890 2049 τοῦ
2919 1991 3174 2068 μυστικοῦ
3215 1992 3392 2051 ἐλαίου
3421 1995 3752 2074 εὐχαριστία.

2268 2085 2586 2162 Εύλογετται
2643 2082 2699 2138 δὲ
2730 2082 2885 2139 τοῦτο
2916 2083 3056 2157 παρᾶ
3088 2085 3177 2138 τοῦ
3205 2083 3499 2164 ἀρχιερέως
3545 2087 3619 2149 εἰς
3648 2084 3833 2165 ἄφεσιν

457 2174 857 2244 peccatorum,
880 2174 936 2226 et
969 2168 1462 2247 praeparationem
1489 2166 1791 2247 baptismi.
1819 2166 1916 2229 Sic
1939 2165 2097 2227 enim

2212 2181 2484 2254 εμαρτιῶν,
2557 2174 2643 2229 καὶ
2727 2173 3163 2249 προκατασκευιὶψ
3252 2184 3346 2232 τοῦ
3432 2175 3827 2250 βαπτίσματος.

459 2255 690 2316 invocat
722 2254 1048 2334 ingenitum
1099 2257 1312 2334 Deum,
1348 2259 1586 2319 Patrem
1617 2257 1863 2332 Christi,
1898 2273 2098 2333 regem

2185 2262 2563 2323 Ἐπικαλεϊται
2625 2262 2724 2341 γὰρ
2747 2261 2884 2318 οὕτω
2924 2261 3156 2339 (3ί)τὸν
3186 2263 3475 2340 ἀγέννητον
3528 2267 3680 2337 Θεὸν,
3745 2267 3835 2321 τὸν

451 2343 647 2404 omnis
679 2353 903 2406 natura;
940 2346 999 2407 in
1052 2365 1294 2408 sensum
1353 2365 1420 2408 ac
1479 2346 1929 2424 intelligentiam
1990 2362 2092 2404 ca-

2212 2354 2399 2433 Ιατὲρα
2457 2363 2548 2412 τοῦ
2620 2359 2868 2431 Χριστοῦ,
2921 2354 3010 2408 τὸν
3063 2353 3286 2428 βασιλέα
3344 2355 3521 2421 πάσης
3580 2355 3834 2422 αἰσθητῆς

451 2433 688 2508 dentis;
725 2444 786 2495 ut
818 2436 1151 2498 sanctiﬁcet
1175 2437 1372 2498 oleum
1407 2437 1651 2499 nomine
1675 2434 2094 2505 DominiJesu,

2186 2447 2270 2503 καὶ
2324 2449 2528 2510 νοητῆς
2562 2443 2789 2522 φύσεως,
2834 2441 2927 2498 ἵνα
2970 2442 3167 2520 ἁγιάσῃ
3198 2445 3258 2498 τὸ
3290 2443 3466 2499 ἔλαιον
3497 2451 3573 2515 τῷ
3616 2445 3834 2520 ὀνόματι

453 2532 512 2584 et
542 2523 642 2584 det
674 2525 916 2602 gratiam
970 2525 1371 2607 Spiritualem,
1406 2536 1463 2587 et
1505 2527 1624 2587 vim
1675 2526 1999 2600 efﬁcacem,
2034 2542 2101 2584 ac

2212 2543 2280 2591 τοῦ
2335 2533 2531 2613 Κυρίου
2610 2530 2813 2606 Ἰησοῦ,
2859 2533 2946 2588 καὶ
2976 2530 3120 2608 δώσῃ
3154 2534 3314 2612 χάριν
3344 2535 3725 2605 πνευματικὴν,
3751 2535 3840 2590 καὶ

457 2613 879 2675 remissionem
935 2613 1316 2693 delictorum,
1382 2623 1560 2690 atque
1614 2614 2100 2695 praeparationem

2212 2625 2414 2700 ῖύναμιν
2485 2622 2856 2699 ἔνεργητικὴν,
2908 2620 3090 2702 ἄφεσίν
3145 2645 3201 2678 τε
3255 2623 3548 2702 ἁμαρτιῶν,
3583 2626 3669 2680 καὶ
3703 2646 3837 2700 προ-

463 2702 861 2762 confessionis
894 2702 1172 2782 baptismi
1201 2725 1215 2778 ;
1249 2713 1314 2764 ut
1343 2704 1393 2764 is
1424 2705 1524 2784 qui
1574 2705 1838 2781 ungitur,
1875 2705 2106 2764 solutus

2212 2712 2537 2793 ταρασκευὴν
2570 2710 2856 2788 ὁμολογίας
2887 2711 3277 2790 βαπτίσματος,
3312 2713 3448 2769 ὥστε
3487 2715 3577 2770 τὸν
3608 2713 3840 2793 χριόμε-

459 2790 623 2882 omni
656 2791 984 2882 impietate,
1013 2792 1114 2853 ﬁat
1139 2792 1353 2872 dignus
1407 2793 1741 2856 initiatione
1772 2793 2106 2855 secundum

2212 2790 2310 2882 ιον,
2343 2801 2667 2860 ἀπολυθέντα
2702 2801 2880 2867 πάσης
2939 2798 3206 2871 ἀσεϐείας,
3242 2798 3384 2866 ἄξιον
3443 2790 3686 2882 γενέσθαι
3743 2805 3842 2870 τῆς

456 2876 757 2957 Unigeniti
801 2891 1191 2960 praeceptum.

1036 2973 1280 3038 CAPUT
1323 2973 1520 3038 XLIII.

701 3067 1070 3130 Gratiarum
1102 3072 1264 3130 actio
1297 3069 1370 3131 de
1396 3072 1654 3149 mystica
1680 3088 1869 3150 aqua.

537 3163 769 3225 Deinde
792 3163 950 3224 venit
973 3163 1046 3224 ad
1073 3181 1312 3244 aquam.
1334 3165 1624 3226 Sacerdos
1650 3173 1845 3226 autem
1876 3164 2117 3226 benedi-

2196 2892 2446 2967 μυήσεως
2481 2886 2600 2947 κατ’
2631 2888 2852 2956 ἐντολὴν
2882 2896 2975 2946 τοῦ
3007 2897 3356 2967 Μονογενοῦς,

2741 2985 3135 3037 ΚΕΦΑΛΑΙΟΝ
3182 2983 3297 3041 ΜΓ.

2451 3071 2574 3142 Περὶ
2604 3077 2697 3125 τοῦ
2727 3075 2987 3144 μυστικοῦ
3018 3067 3204 3132 ὕδατος
3242 3069 3573 3149 εὐχαριστία.

2282 3162 2418 3220 Εἶτα
2462 3160 2677 3240 ἔρχεται
2728 3160 2799 3224 είς
2843 3160 2904 3214 τὸ
2965 3156 3124 3235 ὕδωρ,
3164 3157 3386 3237 Εὖλογεῒ
3416 3161 3499 3215 καὶ
3522 3158 3723 3229 δοξάζει
3747 3162 3840 3216 τὸν

464 3253 546 3314 cit
575 3251 1216 3351 aculaudatDominum
1250 3252 1438 3314 Deum
1469 3254 1960 3335 omnipotentem,
2000 3257 2113 3314 Pa-

2212 3252 2479 3317 Δεσπότην
2537 3251 2665 3306 Θεὸν
2718 3250 2810 3305 τὸν
2867 3249 3290 3327 παντοκράτορα,
3325 3251 3415 3305 τὸν
3478 3249 3684 3327 Πατέρα
3750 3257 3852 3307 τοῦ

463 3352 610 3403 trem
635 3341 936 3420 Unigeniti
959 3341 1154 3415 Dei,et
1173 3343 1395 3422 gratias
1420 3343 1705 3424 agit;quia
1729 3343 2114 3405 misitFilium

2212 3347 2529 3420 Μονογενοῦς
2589 3345 2719 3394 Θεοῦ
2778 3335 2920 3411 (39),

3013 3338 3368 3417 εὖχαριστῶν,
3426 3341 3453 3394 ὁ
3508 3339 3699 3416 ἱερεύς·
3756 3338 3843 3394 ὅτι

460 3430 767 3510 suum,qui
790 3430 972 3491 homo
996 3431 1169 3492 ﬁeret
1198 3440 1438 3512 propter
1463 3442 1666 3508 nos,ut
1689 3451 1797 3494 nos
1837 3433 2113 3505 salvaret;

2212 3430 2507 3488 ὶπέστειλεν
2575 3429 2971 3506 ἱνανθρωπῆσαι
3025 3428 3114 3484 τὸν
3172 3428 3292 3483 Υίὸν
3343 3430 3500 3486 αὐτοῦ
3530 3427 3606 3482 δι’
3668 3430 3838 3502 ἡμᾶς,

463 3522 601 3600 quia
615 3520 897 3583 sustinuit
913 3532 976 3581 ut
991 3520 1091 3582 ille
1105 3520 1164 3580 in
1182 3520 1598 3584 lucarnatione
1612 3524 1782 3585 ﬁeret
1799 3541 1906 3603 per
1918 3522 2120 3583 omnia

2198 3523 2290 3578 ’ίνα
2341 3523 2483 3595 ἡμᾶς
2543 3520 2716 3595 σώσῃ⁸
2777 3517 2856 3574 ὅτι
2910 3517 3176 3597 ἠνέσχετο
3232 3519 3332 3585 τῆς
3393 3517 3850 3596 ἕνανθρωπήσεως

468 3607 779 3686 obediens,
808 3609 1158 3688 praedicaret
1178 3628 1427 3689 regnum
1462 3611 1772 3692 caelorum,
1802 3611 2114 3672 remissio-

2212 3613 2438 3680 >πήκοον
2497 3611 2651 3666 αὐτὸν
2683 3607 2923 3686 γενέσθαι
2978 3607 3031 3663 ἀν
3093 3613 3246 3681 πᾶσι,
3299 3606 3517 3680 κηρύξαι
3567 3607 3846 3682 βασιλείαν

471 3718 608 3762 ηοω
642 3708 1432 3780 peccatorum,mortuorum
1465 3703 1990 3763 resurrectionem.
2026 3701 2117 3763 Ad

470 3790 598 3851 haec
621 3788 830 3851 adorat
868 3787 1062 3868 ipsum
1096 3788 1468 3868 unigenitum
1497 3789 1686 3852 Deum
1714 3797 1844 3868 post
1867 3808 2027 3863 eum,
2064 3798 2123 3850 et

475 3897 580 3959 per
601 3877 768 3938 illum
792 3877 1010 3956 gratias
1035 3877 1177 3939 huic
1203 3896 1409 3957 agens,
1433 3881 1591 3957 quod
1618 3879 1716 3940 ille
1737 3888 1986 3940 mortem
2015 3897 2120 3960 pro

473 3967 751 4029 omnibus
769 3985 878 4049 per
897 3985 1134 4028 crucem
1167 3967 1617 4050 subierit,cujus
1642 3968 1851 4031 mortis
1872 3969 2118 4048 ﬁguram

471 4055 634 4118 dedit
658 4056 1020 4137 baptismum
1044 4057 1774 4136 regenerationis.Laudat
1792 4057 1966 4120 etiam
1983 4056 2121 4138 quia

470 4146 530 4207 in
561 4146 806 4207 nomine
838 4145 1079 4225 Christi,
1109 4149 1267 4208 Deus
1314 4157 1665 4209 cunctorum
1714 4148 2025 4222 Dominus,
2062 4149 2120 4208 in

471 4234 696 4313 Spiritu
727 4243 930 4296 sancto
975 4254 1093 4296 non
1130 4235 1351 4315 abjecit
1396 4238 1720 4299 humanum
1752 4256 1979 4317 genus;
2013 4237 2119 4298 sed

470 4323 649 4386 variis
675 4323 1051 4404 temporibus
1082 4325 1299 4388 variam
1339 4327 1773 4407 providentiam
1809 4327 2115 4389 adhibuit:

550 4511 671 4593 (75)
702 4509 778 4573 al.
809 4509 952 4573 add.
976 4512 1133 4588 ἡμῖν.
1218 4509 1274 4557 ’⁷⁸
1303 4511 1349 4576 Ι.
1376 4514 1488 4573 τόν.

2203 3700 2458 3780 οὒρανῶν,
2521 3697 2706 3777 ἄφεσιν
2739 3699 3032 3776 ἁμαρτιῶν,
3105 3704 3302 3774 νεκρῶν
3359 3697 3673 3759 ἀνάστασιν,
3727 3698 3854 3754 ἐπὶ

2203 3792 2408 3854 τούτοις
2475 3799 2765 3867 προσκυνεῖ
2825 3788 2982 3846 αὐτὸν
3010 3787 3100 3842 τὸν
3131 3791 3394 3864 μονογενῆ
3427 3787 3558 3841 Θεὸν
3591 3784 3709 3857 μετ’
3741 3787 3846 3842 αὗ-

2204 3883 2318 3938 τὸν.
2381 3878 2469 3934 καὶ
2498 3875 2565 3932 δι’
2598 3878 2751 3933 αὐτὸν
2798 3878 3132 3956 εὐχαριστῶν
3177 3875 3341 3954 αὐτῷ,
3387 3876 3463 3949 τῷ
3506 3872 3852 3941 ἀναδέξασθαι

2207 3971 2362 4029 αὐτὸν
2419 3975 2522 4024 τῶν
2570 3963 2626 4007 ⁷⁸
2666 3968 2795 4045 ὑπὲρ
2839 3967 3052 4022 πάντων
3081 3966 3304 4023 θάνατον
3336 3963 3418 4020 διὰ
3449 3973 3540 4021 τοῦ
3595 3974 3851 4044 σταυροῦ,

2205 4061 2263 4116 οὗ
2312 4063 2474 4115 τύπον
2516 4056 2678 4114 ἔδωκε
2735 4057 2795 4112 τὸ
2828 4056 3104 4132 βάπτισμα
3125 4060 3223 4122 τῆς
3260 4053 3696 4132 παλιγγενεσίας.
3754 4065 3856 4112 Δο-

2204 4149 2340 4220 ξάζει
2397 4169 2452 4203 τε
2485 4145 2564 4202 ὅτι
2624 4146 2675 4201 ἐν
2725 4152 2801 4219 τῷ
2832 4144 3052 4217 ὀνόματι
3078 4154 3169 4202 τοῦ
3208 4151 3453 4222 Χριστοῦ,
3492 4145 3622 4209 Θεὸς
3667 4146 3694 4201 ὁ
3746 4153 3854 4202 τῶν

2204 4238 2342 4295 ὅλων
2370 4236 2586 4316 Κύριος,
2621 4235 2675 4291 ἐν
2705 4236 2838 4313 ἁγίῳ
2873 4235 3136 4310 Πνεύματι
3194 4233 3290 4289 οὒκ
3322 4232 3580 4311 ἀπὲῤῥιψε
3614 4236 3706 4290 τὸν
3740 4241 3858 4290 τῶν

2204 4328 2492 4406 ἀνθρώπων
2548 4325 2722 4405 γένος,
2797 4323 2935 4380 ἀλλά
2991 4322 3260 4404 διαφόροις
3314 4336 3520 4402 καιροῖς
3573 4322 3856 4405 διαφόρους

1821 4641 2221 4708 VARIOBUM
2269 4638 2520 4705 NOTAE.

555 4833 680 4915 (28)
713 4832 1230 4897 Τοϊςλάπσστόλοις.
1293 4831 1478 4896 Deest
1504 4833 1563 4894 in
1595 4832 1781 4894 altero
1811 4832 1943 4893 cod.
1973 4831 2123 4893 Vin-

468 4913 691 4975 dobon.
725 4915 908 4976 Cum.

551 4993 671 5075 (29)
707 4992 986 5071 Καθολικῇ
1038 4992 1355 5075 Ἐκκλησία.
1406 4991 1560 5075 Satis
1617 5001 1849 5055 constat
1898 5002 2128 5074 aposto-

468 5073 662 5136 lorum
696 5094 817 5136 aevo
853 5075 1136 5136 usitatum
1164 5091 1283 5154 non
1312 5073 1500 5135 fuisse
1545 5074 1659 5135 hoc
1704 5073 1991 5154 loquendi
2022 5093 2122 5154 ge-

471 5173 605 5217 nus.
663 5155 834 5217 Alter
878 5155 1071 5234 codex
1108 5152 1290 5214 habet
1321 5171 1454 5234 pro
1484 5154 1743 5231 καθολικῇ
1785 5152 1977 5234 νικος
2029 5152 2128 5213 ’καὶ

473 5235 833 5312 ἀποστολικῇ.
869 5233 992 5297 Sed
1037 5252 1147 5296 nec
1207 5233 1491 5314 apostoli
1551 5234 1660 5314 ipsi
1713 5233 1987 5296 solebant
2036 5237 2128 5297 sui

473 5314 580 5397 aevi
600 5315 928 5397 Ecclesiam
967 5318 1053 5376 sic
1081 5313 1321 5376 vocare.
1357 5313 1447 5376 Ita
1483 5313 1679 5376 locuta
1710 5323 1846 5376 sunt
1877 5333 2127 5397 sequen-

477 5396 557 5458 tia
587 5396 831 5458 saacula.
863 5397 946 5456 In.

559 5476 678 5555 (30)
711 5479 797 5542 Εἲς
821 5477 1018 5554 σαρκὸς
1072 5475 1385 5555 ἀνάστασιν.
1417 5473 1663 5538 Frustra
1695 5474 1908 5555 asserit
1940 5474 2126 5555 Fran-

476 5556 674 5618 ciscus
705 5555 1037 5618 Turrianus
1057 5554 1398 5635 respexisse
1429 5555 1502 5616 ad
1527 5556 1653 5618 haec
1674 5554 2123 5633 verbaSophro-

478 5635 642 5697 nium
675 5635 1310 5716 Hierosolymitauum,
1337 5635 1399 5697 in
1428 5635 1680 5716 epistola
1714 5636 1816 5698 illa
1853 5653 1960 5696 sua
1996 5652 2127 5714 quae

474 5717 735 5806 refertur
757 5715 1556 5806 actionenigr‘sextze’synpdi,
1592 5716 1693 5776 ubi
1720 5716 1985 5806 aliquem
2024 5733 2124 5775 sa-

476 5795 744 5878 pientum
771 5799 936 5858 citat.
970 5795 1278 5872 (Editionis
1307 5795 1574 5859 Binianaa
1591 5816 1731 5860 ann.
1765 5795 1941 5873 1618,
1973 5803 2119 5858 tom.

2207 4828 2304 4906 III,
2333 4836 2485 4910 part.
2521 4844 2561 4903 Ι,
2599 4846 2658 4910 p.
2678 4825 2955 4910 _126,_A.)
2981 4826 3125 4910 Quae
3145 4825 3303 4910 enim
3325 4822 3671 4910 laudantur,
3696 4823 3824 4910 haec
3846 4872 3860 4895 ,

2211 4905 2302 4968 ἵνα
2331 4905 2423 4966 καὶ
2451 4911 2546 4978 τὴν
2579 4905 2753 4965 είκόνα
2780 4905 2953 4984 σώσῃ,
3013 4909 3098 4962 καὶ
3152 4908 3248 4973 τὴν
3308 4907 3476 4982 σάρκα
3535 4905 3825 4984 ἀθανατίσῃ
3845 4951 3860 4976 ,

2212 4998 2443 5052 exstant
2475 4989 2534 5049 in
2567 4983 3252 5067 GregorioiNazianzeno
3284 4992 3433 5046 orat.
3467 4985 3567 5064 38,
3615 5003 3675 5063 p.
3709 4983 3864 5064 6‘20,

2213 5071 2256 5134 C
2285 5068 2613 5154 ;_9rat.__49,
2655 5066 2912 5154 p.__682,
2944 5069 3007 5154 β.
3042 5068 3184 5154 (10].
3322 5144 3356 5154 Α
3467 5144 3481 5154 ,
3685 5141 3698 5154 ο

2297 5150 2413 5231 (3t)
2451 5144 2621 5208 Οὕτωζ
2655 5144 2829 5211 ἉΙίοι·
2858 5147 3260 5231 cederem“.
3301 5144 3484 5231 Quod
3531 5144 3866 5231 sequitur}

2213 5221 2502 5311 ἀγέννητος
2551 5238 2681 5292 Θεος
2731 5235 2820 5311 est
2850 5227 3024 5289 etiam
3059 5225 3340 5311 loquendi
3393 5221 3650 5311 formula
3712 5221 3860 5286 Ari-

2212 5307 2489 5384 anorum,
2515 5308 2784 5390 quamvis
2827 5307 3154 5390 caeteroqui
3182 5307 3256 5390 sit
3286 5323 3446 5390 vere.
3481 5309 3660 5390 cum.

2291 5391 2412 5472 (32)
2450 5385 2601 5452 Θεοῦ.
2640 5389 2830 5472 Etiam
2863 5389 2976 5472 hoc
3001 5385 3298 5472 μονογενὴς
3327 5389 3457 5472 ead;
3486 5385 3747 5446 alienum
3772 5391 3870 5472 est

2214 5490 2252 5568 Ξ
2282 5463 2426 5568 ston
2459 5470 2810 5568 apostolico,
2844 5463 3720 5568 sedlprqpriumuArianorum,
3750 5463 3867 5568 qPi

2207 5544 2442 5615 Patr'em
2492 5544 2782 5630 ἀγέννητον
2797 5544 3124 5624 ’νοοεὼειιιιζ
3161 5556 3223 5609 ut
3253 5546 3510 5609 vidimus
3541 5544 3724 5630 paulo
3746 5559 3863 5630 an:

2211 5641 2304 5694 tea
2342 5651 2357 5710 ;
2389 5621 2605 5694 Filiu'm
2633 5646 2768 5693 vero
2800 5631 3053 5709 γεννητόν
3087 5621 3459 5710 οβ’-μονογενῆ
3490 5621 3644 5710 Θεόγ.

2208 5703 2354 5775 ευηί
2376 5711 2704 5775 oﬂ‘enderet
2731 5703 3083 5791 scriptorem
3120 5703 3425 5791 librarium
3453 5705 3695 5768 alterius
3727 5703 3866 5766 cod.

2209 5792 2469 5856 Vindob.
2503 5811 2613 5874 pro
2645 5800 2774 5849 Θεοῦ
2803 5789 2899 5853 hic
2929 5789 3179 5871 scripsit
3212 5792 3354 5850 τιού.
