4068 6350
491 374 647 438 f087‘
1320 377 1359 438 S
1425 372 1865 440 CLEMENTIS
1905 379 1926 438 Ι
1973 378 2156 440 ROM.
2199 377 2427 442 PONT.
2476 377 2722 443 OPERA
2766 381 3023 446 DUDIA.

489 507 709 572 Evodio
741 518 804 572 et
836 509 1110 590 parceciis
1161 511 1295 590 ejus
1343 527 1627 572 oremus:
1664 517 1726 571 ut
1775 510 2126 574 misericors

2222 513 2338 591 >πὶρ
2366 519 2461 572 τοῦ
2489 513 2786 573 ἐπισκόπου
2847 517 3004 592 ἡμῶν
3050 515 3363 594 Κλήμεντος
3414 521 3502 578 καὶ
3531 525 3638 580 τῶν
3669 543 3870 602 παροι-

487 600 646 664 Deus
668 598 802 661 illos
823 598 1107 662 Ecclesiis
1127 599 1348 662 sanctis
1365 598 1491 661 suis
1517 607 1757 680 prastet
1773 599 2134 683 incolumes,

2222 603 2352 660 κιῶν
2396 604 2554 661 αὐτοῦ
2595 602 2871 682 διηοῶμιν
2904 622 2920 637 ⁸
2997 607 3132 681 ὑπὶρ
3215 616 3308 666 τοῦ
3361 609 3657 668 ἐπισκόπου
3711 598 3873 688 ἡμῶν

487 689 833 762 honoratos,
870 689 1191 769 longaevos,
1226 696 1284 749 et
1339 688 1603 770 prebeat
1649 690 1737 752 eis
1786 691 2134 754 honoratam

2225 689 2434 751 Εὖοδίοο
2497 692 2626 772 (26)
2697 696 2787 752 καὶ
2844 703 2951 753 τῶν
3003 703 3296 770 παροικιῶν
3353 699 3515 757 αὗτοῦ
3562 696 3869 777 διηθῶμιν

488 785 855 869 senectutem
890 778 1200 869 inpietate
1229 797 1300 840 ac
1345 777 1600 869 justitia.
1635 777 1822 843 Etiam
1854 798 1963 860 pro
1996 799 2134 862 pre-

2222 781 2368 845 ὅπως
2399 784 2428 839 6
2457 783 2741 859 οἶκτίρμων
2786 787 2915 848 Θεὸς
2963 786 3254 865 χαρίσηται
3297 789 3489 852 αὐτοὺς
3538 801 3661 855 ταῖς
3690 791 3876 869 ἁγίοις

488 866 751 959 sbyteris
790 867 1010 959 nostris
1039 886 1302 948 oremus,
1340 876 1404 929 ut
1435 867 1726 959 Dominus
1758 869 1973 932 liberet
2004 870 2134 933 illos

2224 871 2384 930 αὒτοῦ
2472 871 2814 942 Ἐκκλησίαις
2905 876 3100 957 σώους,
3187 876 3456 954 ιντίμους,
3543 866 3874 959 μικροημσ-

487 958 561 1020 ab
591 956 755 1020 omni
787 957 943 1050 turpi
972 975 1041 1019 ac
1074 975 1248 1038 prava
1275 975 1365 1050 re,
1397 966 1455 1020 et
1493 957 1788 1050 concedat
1828 959 1948 1021 illis
1977 959 2134 1021 inte-

2224 963 2468 1038 ρεύοντας
2502 977 2516 992 ⁸
2575 965 2663 1020 καὶ
2718 967 2894 1039 τίμιον
2937 956 3123 1029 αὐτοῖς
3175 969 3237 1023 τὸ
3298 973 3468 1046 γῆρας
3517 956 3873 1050 παράσχηται

489 1065 661 1138 grum
704 1055 763 1110 et
791 1048 1145 1110 honoratum
1208 1048 1669 1129 presbyterium.
1704 1047 1823 1111 Pro
1862 1051 2134 1112 universo

2225 1050 2279 1106 iv
2311 1051 2547 1126 εὗσεόείᾳ
2604 1055 2693 1110 καὶ
2751 1053 3055 1131 δικαιοσύνῃ
3095 1073 3111 1090 ⁸
3171 1057 3258 1115 καὶ
3303 1058 3436 1135 ὑπὲρ
3494 1047 3604 1116 τῶν
3635 1047 3874 1138 πρέσϐυ·

491 1134 704 1200 Christi
763 1138 1041 1201 diaconio
1087 1158 1155 1200 ac
1215 1138 1545 1200 ministerio
1604 1156 1866 1212 oremus,
1901 1149 1968 1201 ut
2015 1138 2134 1201 Do-

2225 1139 2387 1217 τὲρων
2429 1143 2584 1216 ἡμῶν
2627 1142 2900 1219 δτηοῶμεν
2929 1160 2943 1174 ⁸
2978 1145 3125 1209 ὅπως
3169 1148 3196 1202 6
3250 1134 3440 1226 Κύριος
3495 1134 3716 1226 pontii
3761 1150 3870 1206 αὒ-

491 1226 689 1288 minus
721 1226 1080 1306 inculpatam
1111 1227 1258 1309 ipsis
1291 1227 1582 1316 largiatur
1608 1229 2132 1293 ministrationem.

2223 1231 2342 1294 τοὺς
2388 1233 2493 1288 ἀπὸ
2536 1234 2732 1294 παντὸς
2787 1234 2987 1290 ἑιτόπου
3068 1235 3157 1291 καὶ
3220 1242 3456 1314 πονηροῦ
3512 1237 3864 1316 πράγματος,

490 1318 608 1378 Pro
682 1317 1026 1391 lectoribus,
1106 1318 1471 1394 cantoribus,
1533 1314 1885 1400 virginibus,
1946 1318 2134 1382 viduis

2226 1321 2311 1376 καὶ
2368 1327 2506 1404 σῶον
2562 1323 2646 1378 καὶ
2704 1320 2914 1398 ἔντιμον
2960 1325 3021 1381 τὸ
3077 1321 3448 1404 πρεσϐυτέρων
3504 1314 3690 1392 minute
3749 1349 3868 1384 πα-

493 1415 551 1466 et
576 1405 815 1487 pupillis
841 1425 1120 1472 oremus:
1155 1426 1262 1487 pro
1293 1408 1364 1469 iis
1411 1411 1509 1488 qui
1557 1409 1615 1468 in
1671 1409 2052 1472 matrimonio
2079 1417 2134 1470 et

2225 1409 2440 1490 ράσχοι.
2491 1401 2649 1489 ἰ’πὲρ
2698 1411 2878 1478 πάσης
2925 1418 3022 1480 τῆς
3083 1413 3138 1470 iv
3199 1401 3409 1491 Χριστῷ
3451 1411 3722 1474 διακονίας
3771 1417 3872 1472 καί

493 1495 818 1557 liberorum
854 1501 1266 1575 procreatione
1298 1498 1516 1576 vivunt,
1549 1516 1811 1572 oremus,
1845 1505 1910 1560 ut
1941 1499 2134 1561 Domi-

2225 1500 2514 1576 ὑπηρεσίας
2545 1497 2816 1576 διηθῶμεν
2849 1516 2864 1531 ⁸
2925 1501 3073 1568 ὅπως
3125 1505 3153 1559 6
3187 1503 3373 1582 Κύριος
3427 1503 3710 1580 ἄμιμπτον
3765 1505 3874 1572 τὴν

494 1603 605 1646 nus
631 1585 986 1649 misereatur
1017 1606 1224 1650 eorum
1279 1587 1569 1651 omnium.
1616 1590 1732 1650 Pro
1757 1589 2051 1650 eunuchis
2082 1590 2134 1650 in

2225 1586 2489 1646 διακονίαν
2561 1594 2744 1654 αὐτοῖς
2821 1592 3197 1672 παράσχηται.
3266 1584 3427 1672 ’Υπὲρ
3487 1594 3871 1672 ἆναγνωστῶν,

492 1676 802 1738 sanctitate
830 1678 1277 1740 ambulantibus
1317 1696 1583 1742 oremus.
1619 1676 1731 1739 Pro
1760 1677 1833 1739 iis
1863 1679 1963 1760 qui
1992 1697 2134 1741 con-

2226 1677 2468 1752 ψαλτῶν,
2499 1679 2794 1755 παρθένων,
2827 1681 3017 1760 χηρῶν
3049 1703 3106 1738 τι
3136 1683 3227 1738 καὶ
3253 1684 3496 1763 ὀρφανῶν
3539 1681 3818 1759 δαηοῶμσν
3853 1697 3873 1714 ⁸

495 1765 783 1828 tinentem
818 1775 876 1827 et
903 1767 1243 1845 religiosam
1269 1777 1448 1843 agunt
1487 1767 1686 1846 vitam,
1725 1785 1987 1828 oremus.
2026 1767 2134 1829 Pro

2225 1769 2353 1845 ὑπὲρ
2410 1774 2514 1824 τῶν
2574 1769 2630 1824 iv
2679 1772 2941 1846 συζυγίαις
2986 1774 3075 1827 καὶ
3132 1773 3485 1850 τεκνογονίαις
3537 1770 3815 1847 διηθῶμιν
3849 1790 3868 1810 ⁸

494 1854 565 1915 iis
595 1853 695 1935 qui
724 1855 790 1918 in
831 1864 1037 1918 sancta
1088 1857 1359 1919 Ecclesia
1417 1856 1747 1919 oblationes
1796 1857 2039 1933 faciunt,
2071 1876 2134 1918 ac

2223 1859 2367 1921 ὅπως
2424 1861 2452 1915 6
2513 1854 2696 1938 Κύριος
2752 1863 2872 1924 τοὺς
2924 1861 3125 1924 πάντας
3185 1863 3374 1925 αὐτοὺς
3416 1861 3641 1940 ἐλεήσῃ,
3708 1855 3878 1933 ’Υπὲρ

494 1943 903 2025 eleemosynas
926 1945 1286 2026 pauperibus
1319 1945 1491 2020 dant,
1528 1963 1769 2007 oremus
1796 1963 1809 2008 ;
1845 1955 1900 2005 et
1933 1963 2039 2025 pro
2068 1946 2134 2008 iis

2223 1949 2491 2028 εὖνούχων
2537 1948 2694 2013 ὁσίως
2749 1949 3124 2026 πορευομένων
3181 1949 3476 2027 εεηθῶμιν.
3547 1943 3708 2031 ’Υπὲρ
3765 1959 3879 2008 τῶν

497 2033 588 2113 qui
627 2034 882 2097 Domino
913 2034 1036 2098 Deo
1065 2045 1266 2097 nostro
1302 2036 1522 2097 hostias
1575 2041 1636 2098 et
1667 2035 1958 2114 primitias
1987 2035 2134 2096 οσο-

2223 2036 2278 2093 iv
2358 2036 2655 2114 ἐγκρατείᾳ,
2717 2038 2803 2094 καὶ
2865 2035 3108 2111 ιῦλαϐείᾳ
3178 2037 3470 2115 διηθωμεν,
3551 2031 3712 2118 ’Υπὲρ
3765 2047 3878 2096 τῶν

495 2131 654 2196 runt,
673 2142 946 2204 oremus,
981 2134 1043 2187 ut
1073 2125 1232 2188 Deus
1281 2126 1541 2206 optimus
1587 2131 2008 2189 remuneretur
2036 2144 2134 2188 eos

2223 2127 2693 2204 καρποφορούντων
2741 2129 2796 2183 iv
2855 2135 2923 2204 τῇ
2975 2129 3100 2206 ἁγίᾳ
3149 2127 3463 2209 Ἐκκλησία,
3507 2131 3594 2186 καὶ
3641 2132 3874 2188 ποιούν-

494 2211 835 2274 cmlestibus
864 2215 990 2277 suis
1021 2216 1247 2294 gratiis,
1277 2215 1497 2295 detque
1526 2215 1597 2275 iis
1625 2215 1682 2275 in
1705 2218 1982 2295 praa_senli
2005 2235 2134 2278 cen-

2224 2239 2328 2271 των
2391 2230 2508 2277 τοῖς
2565 2215 2755 2283 πένησι
2825 2217 2916 2283 τὰς
2972 2216 3334 2293 ἆλιημοσύνας
3387 2217 3659 2294 δεηοῶμιν
3695 2238 3710 2252 ⁸
3769 2222 3867 2276 καὶ

499 2303 753 2383 tuplum,
782 2313 840 2366 et
871 2305 930 2365 in
972 2285 1375 2367 futuro-vitam
1399 2285 1730 2378 aeternam}
1751 2285 1927 2386 aﬂue
1958 2309 2134 2369 donet

2222 2305 2350 2385 ὑπὲρ
2380 2309 2485 2364 τῶν
2526 2307 2620 2372 τὰς
2663 2306 2840 2370 Θυσίας
2894 2308 2980 2364 καὶ
3023 2285 3116 2373 τάξ
3159 2307 3408 2388 ἀπαρχὰς
3450 2285 3860 2390 προσφερόντων

495 2391 639 2472 ipsis
671 2411 776 2472 pro
820 2396 1197 2474 temporariis
1247 2405 1490 2464 aeterna.
1527 2413 1633 2475 pro
1668 2395 1926 2458 terrenis
1956 2396 2134 2458 cmle-

2227 2398 2396 2474 Κυρίῳ
2449 2399 2527 2469 τῷ
2585 2401 2700 2469 Θιῷ
2755 2398 2909 2470 ἡμῶν
2970 2394 3243 2463 δεηθῶμιν
3277 2413 3292 2427 ⁸
3353 2396 3498 2462 ὅπως
3554 2399 3864 2477 πανάγαοος

496 2484 606 2543 stia
626 2484 967 2547 77.0remus
1001 2503 1104 2565 pro
1131 2504 1344 2548 recens
1375 2485 1687 2567 baptisatis
1709 2484 1988 2547 fratribus
2020 2505 2131 2547 no-

493 2571 726 2652 stris,ut
747 2572 1032 2635 Dominus
1054 2595 1158 2637 eos
1179 2575 1437 2637 stabiliat
1459 2595 1527 2637 ac
1549 2576 1770 2638 firmet.
1799 2579 1910 2637 Pro
1933 2575 2131 2636 fratri-

497 2658 610 2721 bus
634 2663 852 2727 nostris
880 2664 1031 2725 mala
1053 2666 1398 2728 valetudine
1420 2666 1657 2729 afﬂictis
1679 2665 2134 2740 oremus;utDo-

497 2750 695 2811 minus
722 2752 934 2816 liberet
963 2753 1095 2816 illos
1117 2756 1281 2817 omni
1307 2755 1515 2817 morbo
1548 2765 1604 2816 et
1634 2756 1796 2816 omni
1823 2755 2130 2836 languore,

497 2859 794 2922 sanusque
819 2845 1087 2905 restituat
1109 2855 1327 2908 sancta;
1349 2864 1471 2908 suae
1495 2844 1798 2907 Ecclesia}.
1822 2844 1936 2906 Pro
1968 2844 2136 2906 navi-

495 2930 771 3008 gantibus
801 2951 869 2993 ac
894 2931 1010 2996 iter
1036 2934 1393 2996 habentibus
1424 2953 1689 2999 oremus.
1722 2933 1834 2996 Pro
1865 2934 1938 2996 iis
1958 2935 2134 3015 quiin

497 3019 771 3097 metallis,
799 3023 1047 3104 exsiliis,
1069 3024 1356 3087 custodiis
1385 3033 1446 3087 et
1467 3023 1742 3104 vinculis,
1771 3034 2010 3105 propter
2032 3044 2138 3085 no-

498 3127 636 3174 men
670 3095 932 3193 Domini,
966 3095 1300 3196 versantur,
1330 3132 1595 3176 oremus.
1626 3095 1741 3175 Pro
1769 3095 1982 3176 acerba
2013 3095 2195 3175 ser-c

494 3201 680 3264 vitute
707 3207 1010 3284 oppressis
1042 3223 1305 3267 oremus.
1339 3202 1448 3267 Pro
1479 3204 1738 3267 inimicis
1769 3211 1827 3264 et
1856 3204 1993 3266 odio
2025 3204 2134 3267 ha-

495 3290 772 3354 bentibus
806 3311 934 3374 nos,
966 3313 1249 3357 oremus:
1316 3314 1419 3376 pro
1477 3293 1978 3376 persequentibus
2029 3312 2136 3374 nos

493 3390 740 3462 propter
759 3402 978 3446 nomen
998 3386 1258 3466 Domini,
1281 3403 1521 3448 oremus
1559 3392 1652 3446 :ut
1677 3384 1982 3460 Dominus,
2014 3383 2130 3445 mi-

496 3469 672 3548 tigato
704 3491 910 3534 eorum
965 3474 1188 3548 furore,
1223 3476 1476 3557 dissipet
1514 3477 1661 3537 iram
1705 3474 1992 3536 adversus
2024 3493 2133 3536 nos

493 3562 871 3626 concitatam.
896 3563 1009 3626 Pro
1041 3563 1115 3626 iis
1145 3565 1246 3646 qui
1296 3565 1440 3626 foris
1470 3574 1628 3639 sunt,
1664 3583 1733 3627 ac
1781 3582 1988 3625 errore
2017 3564 2134 3625 du-

496 3660 983 3729 cuntur,oremus
1008 3676 1025 3726 ;
1054 3663 1116 3716 ut
1134 3655 1423 3718 Dominus
1446 3653 1578 3716 illos
1599 3652 2135 3716 convertat.lnt'an—

495 3740 640 3802 tium
689 3743 974 3805 Ecclesiae
1019 3746 1447 3816 recordemur;
1480 3745 1563 3805 uti
1595 3742 1905 3815 Dominus,
1939 3760 2043 3804 eos
2071 3743 2134 3805 in

496 3831 710 3894 timore
733 3850 840 3894 suo
864 3834 1074 3896 reddat
1093 3836 1407 3916 perfectos,
1427 3843 1486 3896 et
1513 3833 1584 3896 ad
1621 3850 1959 3894 mensuram
1990 3842 2133 3894 aeta-

497 3923 569 3982 tis
603 3923 907 4001 perducat.
946 3923 1056 3985 Pro
1088 3925 1262 3987 nobis
1292 3925 1547 3986 invicem
1574 3940 1837 3999 oremus;
1853 3929 1913 3984 ut
1936 3922 2136 3984 Domi-

485 4029 611 4071 nus
645 4011 832 4090 gratia
863 4032 969 4075 sua
998 4022 1194 4077 servet
1225 4033 1331 4079 nos
1383 4033 1451 4076 ac
1506 4011 1801 4077 custodiat
1849 4030 2036 4092 usque
2064 4012 2138 4074 ad

495 4100 700 4178 tinem,
737 4112 797 4163 et
828 4103 1041 4166 liberet
1070 4123 1177 4165 nos
1208 4124 1241 4166 a
1267 4105 1446 4176 malo,
1473 4114 1530 4166 et
1559 4103 1632 4165 ab
1663 4099 1942 4164 omnibus
1969 4120 2140 4164 scan-

491 4190 645 4252 dalis
669 4194 1044 4271 operantium
1081 4195 1448 4276 iniquitatem
1473 4192 1548 4269 ⁷⁸,
1567 4200 1624 4255 et
1654 4191 1845 4254 salvos
1881 4208 1988 4251 nos
2020 4193 2136 4253 du-

496 4288 590 4341 cat
620 4280 679 4342 in
712 4300 962 4362 regnum
996 4301 1166 4344 suum
1228 4285 1490 4345 creleste.
1551 4283 1664 4345 Pro
1720 4279 1886 4343 omni
1940 4281 2140 4343 anima

494 4369 830 4433 Christiana
862 4390 1125 4435 oremus.
1163 4372 1332 4437 Salva
1363 4382 1420 4436 et
1453 4373 1615 4451 erige
1646 4390 1778 4443 nos,
1817 4372 1991 4442 Deus,
2023 4372 2137 4433 mi-

2224 2486 2676 2560 Θιὸςᾶμείψηται
2734 2487 2919 2552 αὐτοὺς
2974 2500 3100 2551 ταῖς
3161 2487 3491 2565 ἐπουρανίαις
3533 2488 3692 2545 αὒτοῦ
3743 2488 3862 2545 δω-

2219 2587 2393 2654 ρεαῖς,
2451 2579 2542 2632 καὶ
2588 2574 2662 2648 δῷ
2719 2579 2904 2639 αὐτοῖς
2964 2576 3018 2633 iv
3061 2583 3138 2650 τῷ
3183 2577 3404 2656 παρόντι
3463 2577 3867 2648 ἱκατονταπλατ

2216 2666 2387 2740 σίονα,
2420 2667 2507 2721 καὶ
2552 2666 2607 2721 ia
2654 2672 2730 2738 τῷ
2781 2665 3030 2741 μέλλοντι
3062 2667 3206 2738 ζωὴν
3236 2666 3470 2742 αἰώνιον,
3503 2669 3590 2724 καὶ
3619 2668 3859 2749 χαρίση-

2220 2776 2305 2810 ται
2378 2757 2558 2819 αὐτοῖς
2612 2755 2725 2812 ἀντὶ
2780 2756 2887 2812 τῶν
2957 2757 3289 2835 προσκαίρων
3346 2757 3412 2813 τὰ
3468 2757 3680 2832 αἰώνια,
3738 2757 3856 2816 ἀντὶ

2220 2850 2324 2900 τῶν
2369 2843 2616 2923 ἐπιγείων
2671 2847 2737 2902 τὰ
2795 2846 3100 2923 ἐπουράνια,
3137 2838 3298 2919 ’Υπὲρ
3334 2852 3442 2904 τῶν
3491 2849 3857 2927 νιοφωτίστων

2219 2931 2460 3014 ἀδελφῶν
2511 2936 2668 3009 ἡμῶν
2725 2933 2998 3010 διηθὼμεν
3034 2955 3049 2969 ⁸
3124 2934 3272 3000 ὅπως
3326 2939 3355 2992 6
3402 2937 3590 3015 Κύριος
3638 2937 3860 3015 στηρίξῃ

2220 3026 2407 3088 αὐτοὺς
2490 3026 2578 3080 καὶ
2651 3023 2951 3102 βεϐαιώσῃ.
3031 3016 3192 3105 ’Υπὲρ
3278 3031 3386 3083 τῶν
3465 3025 3520 3082 iv
3604 3024 3862 3104 ἀρρωστία

2219 3112 2604 3190 ἐξεταζομένων
2649 3113 2887 3194 ἀδελφῶν
2923 3118 3076 3192 ἡμῶν
3134 3113 3408 3191 δεηθῶμιν
3441 3133 3456 3149 ⁸
3511 3113 3657 3180 ὅπως
3685 3118 3714 3173 6
3746 3119 3862 3175 Κύ-

2221 3226 2330 3283 ριος
2372 3205 2590 3281 ῥύσηται
2626 3206 2812 3270 αὐτοὺς
2864 3207 3043 3275 πάσης
3091 3209 3246 3263 νόσου
3304 3207 3392 3263 καὶ
3433 3206 3611 3273 πάσης
3673 3205 3858 3281 μαλα-

2217 3295 2357 3368 κίας,
2415 3296 2502 3351 καὶ
2557 3296 2727 3358 σώους
2785 3296 3206 3371 ἀποκαταστήσῃ
3245 3301 3313 3371 τῇ
3369 3297 3494 3372 ἁγίᾳ
3535 3295 3694 3353 αὐτοῦ
3724 3292 3856 3354 Ἐκ-

2217 3383 2432 3457 κλησίᾳ.
2499 3376 2659 3462 ’Υπὲρ
2719 3385 2992 3443 πλεόντων
3035 3387 3125 3442 καὶ
3181 3384 3595 3462 ὁδοιπορούντων
3650 3383 3856 3452 διηθιῦ-

2216 3496 2310 3548 μεν
2350 3493 2364 3508 ⁸
2411 3476 2542 3554 ὑπὲρ
2575 3480 2681 3531 τῶν
2723 3475 2778 3531 iv
2837 3474 3124 3550 μιτάλλοις
3183 3476 3270 3532 καὶ
3311 3474 3532 3554 ὶξορίαις
3562 3476 3652 3532 καὶ
3681 3475 3856 3555 φυλα-

2216 3577 2342 3630 καῖς
2393 3566 2482 3620 καὶ
2517 3562 2738 3639 δισμοτς
2781 3562 2951 3621 ὄντων
2998 3564 3084 3623 διὰ
3153 3567 3213 3621 τὸ
3269 3563 3440 3640 ὄνομα
3495 3572 3587 3622 τοῦ
3647 3565 3853 3644 Κυρίου,

2216 3652 2490 3729 δεηθῶμεν
2526 3669 2542 3683 ⁸
2595 3654 2725 3733 ὑπὶρ
2782 3661 2889 3710 τῶν
2941 3654 2995 3710 iv
3053 3660 3218 3732 πιγρᾷ
3267 3652 3475 3728 δουλιίᾳ
3516 3673 3856 3710 καταπονοδ-

2217 3743 2392 3818 μένων
2442 3742 2714 3819 δεηοῶμεν
2748 3764 2764 3780 ⁸
2807 3744 2938 3824 ὑπὲρ
2993 3744 3199 3824 ἐχθρῶν
3243 3745 3330 3799 καὶ
3373 3743 3670 3817 μισοὰντων
3713 3743 3858 3816 ἡμᾶς

2218 3833 2489 3909 ὀεηθῶμιν
2513 3851 2531 3866 ⁸
2593 3835 2727 3911 ὑπὲρ
2768 3841 2874 3892 τῶν
2919 3833 3219 3890 διωκόντων
3261 3835 3408 3908 ἡμᾶς
3456 3831 3543 3890 διὰ
3584 3835 3646 3889 τὸ
3687 3832 3859 3908 ὄνομα

2219 3931 2310 3980 τοῦ
2344 3925 2551 4003 Κυρίου,
2606 3922 2878 4000 δεηθῶμεν
2912 3940 2926 3954 ·
2970 3925 3113 3988 ὅπως
3163 3926 3192 3979 6
3249 3923 3438 4001 Κύριος
3483 3926 3716 4002 πραΰνας
3765 3923 3858 3979 τδν

2219 4015 2381 4088 Θυμὸν
2422 4013 2594 4070 αὐτῶν
2625 4011 2942 4090 διασκιδάσῃ
2973 4014 3072 4079 τὴν
3101 4012 3218 4070 καθ’
3257 4013 3415 4088 ἡμῶν
3456 4011 3618 4092 ὀργήν
3838 4031 3857 4048 ⁵

2218 4104 2346 4181 ὑπὲρ
2394 4110 2500 4160 τῶν
2553 4101 2654 4169 ἔξω
2710 4103 2875 4160 ὄντων
2935 4105 3022 4160 καὶ
3064 4100 3494 4178 πεπλανημένων
3533 4099 3809 4178 ἄηθὸμιν
3839 4114 3858 4131 ‘

2219 4193 2364 4258 ὅπως
2410 4196 2438 4250 'o
2499 4194 2683 4272 Κύριος
2749 4194 2935 4258 αὖτοὺς
2995 4192 3313 4270 ἅπιστρέψῃ.
3351 4198 3468 4250 τῶν
3514 4193 3719 4258 νηπίων
3767 4192 3864 4259 τῆς

2221 4282 2542 4349 Ἐκκλησίας
2621 4283 3076 4358 μνημονεύσωμεν
3111 4301 3129 4320 ⁸
3201 4280 3346 4346 ὅπως
3418 4284 3447 4338 6
3530 4281 3715 4360 Κύριος
3773 4302 3869 4338 τι.

2223 4374 2448 4436 λειώσας
2500 4373 2631 4429 αὕτα
2691 4372 2745 4428 ἐν
2799 4381 2875 4446 τῷ
2922 4371 3069 4452 φόϐῳ
3099 4372 3277 4445 αὐτοῦ,
3313 4372 3387 4435 εἰς
3418 4370 3608 4448 μέτρον
3651 4371 3862 4439 ἡλικίας

496 4459 824 4522 sericordia
855 4469 974 4523 tua.
1023 4461 1369 4543 Surgamus.
1433 4460 1686 4524 Orantes
1743 4461 1992 4533 intente,
2030 4480 2134 4524 nos

2222 4463 2397 4540 ἀγάγῃ
2432 4478 2446 4491 ⁸
2503 4463 2632 4540 ὑπὲρ
2692 4461 2944 4531 ἀλλήλων
3008 4461 3326 4529 διηθῶμινο
3385 4457 3532 4524 ὅπως
3594 4463 3621 4517 6
3676 4461 3865 4539 Κύριος

493 4547 658 4630 ipsos
718 4561 898 4632 atque
958 4562 1184 4634 mutuo,
1217 4552 1433 4614 viventi
1492 4554 1639 4632 Deo,
1675 4570 1782 4632 per
1835 4547 2134 4615 Christum

2222 4554 2430 4627 τηρήσῃ
2467 4549 2590 4631 (28)
2620 4554 2760 4626 ἡμᾶς
2814 4553 2896 4608 καὶ
2955 4549 3154 4630 φυλάξῃ
3215 4553 3282 4626 τῇ
3333 4551 3493 4606 αὖτοιό
3535 4549 3720 4630 χάριτι
3775 4551 3852 4613 sic

494 4640 623 4720 ejus
655 4643 1169 4706 commendemus.
1202 4643 1492 4705 Precetur
1534 4651 1731 4702 autem
1766 4644 2048 4726 pontifex,
2079 4650 2134 4707 et

2222 4642 2396 4715 τέΑος,
2453 4644 2540 4698 καὶ
2595 4643 2814 4719 ῥύσηται
2867 4643 3010 4714 ἡμᾶς
3064 4648 3157 4698 τοῦ
3205 4647 3441 4719 πονηροῦ
3501 4641 3588 4695 καὶ
3647 4640 3857 4696 πάντων

496 4730 689 4795 dicat:
2215 4739 2323 4790 τῶν
2380 4730 2688 4788 σκανδάλων
2745 4731 2849 4787 τῶν
2906 4730 3272 4809 ἐργαζομένων
3320 4730 3422 4796 τὴν
3465 4728 3707 4805 ἀνομίαν,
3764 4734 3854 4786 καί

495 4823 644 4898 σώσῃ
673 4824 746 4885 εἰς
777 4824 876 4890 τὴν
903 4823 1174 4900 βασιλείαν
1209 4824 1361 4880 αὒτοῦ
1393 4824 1489 4890 τὴν
1517 4822 1846 4898 ἐπουράνιον.
1880 4823 2044 4902 ’Υπὲρ
2073 4827 2250 4892 πάσης
2283 4826 2467 4902 ψυχῆς
2519 4820 2845 4901 χριστιανῆς
2894 4818 3190 4895 διηθῶμεν,
3236 4819 3419 4876 Σῶσον
3449 4820 3536 4875 καὶ
3566 4820 3861 4892 ὰνᾶστησον

495 4912 635 4984 ἡμᾶς
693 4914 719 4968 6
773 4915 903 4977 Θεὸς
934 4921 1009 4986 τῷ
1042 4913 1174 4969 ὶλέει
1210 4935 1324 4974 σου,
1372 4913 1752 4990 Ἐγειρωμεθα,
1791 4914 2077 4980 Δεηθὲντες
2110 4913 2334 4976 ἐκτενῶς
2363 4911 2577 4974 ἑαυτοὺς
2607 4913 2696 4966 καὶ
2732 4909 2997 4980 ἀλλήλους
3025 4909 3103 4965 τῶ
3129 4909 3286 4982 ζῶντι
3317 4914 3434 4982 θιῷ
3461 4904 3546 4965 διὰ
3573 4915 3665 4966 τοῦ
3695 4915 3861 4988 Χρισ-

491 5009 582 5058 τοῦ
612 5001 768 5059 ὠτοῦ
798 5003 1175 5081 παραθώμεθα,
1211 5002 1555 5081 Ἐπευχέσθω
1585 5002 1638 5058 δὲ
1670 5001 1788 5081 (29)
1825 5005 1851 5060 6
1878 5005 2180 5084 ἀρχιερεὺς,
2216 5005 2305 5060 καὶ
2336 5001 2562 5079 λεγέτω³

1112 5097 1360 5160 CAPUT
1406 5094 1509 5159 XI.

2763 5100 3151 5154 ΚΕΦΑΛΔΙΟΝ
3211 5092 3325 5156 u’.

2690 5182 3008 5251 Ἐπίκλησις
3038 5189 3144 5240 τῶν
3173 5190 3404 5244 πιστῶν.

2303 5275 2462 5353 Κύριε
2522 5277 2910 5352 παντόκρατορ,
2967 5272 3176 5349 ὕψιστα,
3247 5275 3275 5329 6
3318 5272 3373 5329 iv
3430 5273 3664 5348 ὑψηλοῖς
3719 5292 3866 5329 κατ-

923 5187 1237 5251 Invocatio
1265 5204 1377 5268 pro
1403 5186 1706 5266 ﬁdelibus.

580 5275 832 5339 Domine
863 5277 1265 5358 omnipotens,
1294 5275 1646 5350 celsissimo,
1674 5275 1776 5358 qui
1800 5276 1860 5338 in
1879 5275 2012 5337 altis
2040 5276 2139 5338 ha-

576 5438 638 5488 77
667 5437 878 5502 Matth.
912 5455 1034 5512 xxx,
1069 5438 1172 5499 29.
1261 5437 1324 5487 78
1352 5436 1509 5499 Psal.
1544 5451 1683 5503 cxn.
1729 5436 1791 5498 9.

1842 5561 2246 5629 VARIORUM
2291 5558 2541 5626 NOTAE.

2471 5702 2722 5790 τῃρήεζῃ.
2759 5701 3100 5790 Διρτῃρήσςῃο
3310 5696 3492 5790 Vipd.
3536 5693 3623 5760 ID.
3737 5783 3746 5790 θ

576 5712 696 5788 (96)
733 5715 965 5776 Εὗοδίου.
1003 5711 1107 5774 Ms.
1141 5710 1322 5774 Vind.
1355 5711 1651 5790 :A‘thzvou.
1685 5709 1874 5772 CLER.
1909 5783 1925 5790 _

2311 5709 2441 5790 (ἓξ)
2471 5709 2722 5790 τηρήεηο
2759 5709 3100 5790 meam.
3128 5709 3248 5790 υοςι

2304 5777 2437 5863 {29)
2474 5781 2564 5842 Δί.
2599 5783 2703 5840 Οὗν
2728 5781 2863 5845 cod.
2891 5777 3070 5843 Vind.
3104 5778 3350 5843 restium
3376 5778 3460 5841 la.

581 5783 704 5873 (97')
740 5791 957 5871 Ὀργήν.
982 5791 1166 5855 Addit
1194 5791 1328 5855 cod.
1363 5788 1544 5853 Vind.
1576 5788 1868 5864 διηθῶμεν.
1908 5783 1994 5848 ID.
