4056 6352
203 348 349 410 1141

1018 313 1680 412 CONS’I‘ITUTIONES
1720 341 2350 408 APOSTOLICIE.‘-
2392 344 2546 408 LIB.
2589 346 2760 410 VIII.

3410 347 3478 409 Η
3489 347 3568 411 42

195 484 321 549 τοὺς
372 485 460 540 καὶ
514 481 781 553 ἀλλήλους
829 490 908 556 τῷ
963 488 1118 555 ζῶντι
1176 487 1295 559 Θεῷ
1339 483 1424 542 διὰ
1477 489 1572 546 τοῦ
1600 497 1842 562 Μονογι-

1934 478 2285 540 mendemus
2318 499 2424 561 per
2475 481 2857 562 Unigenitum
2907 485 3062 565 ejus.
3108 485 3194 548 Ac
3241 485 3558 568 episcopus

190 580 316 632 νοῦς
351 571 933 662 αὖτοῦνπασαθώμεθα.
1020 574 1118 631 Καὶ
1175 575 1205 630 6
1257 574 1546 644 ἑπισκοπος
1601 579 1843 662 ἐπευχό-

187 686 377 743 μενος,
411 661 642 742 Αεγέτω,

753 758 1144 812 ΚΕΦΑΛΑΙΟΝ
1177 754 1315 816 ΑΠ’.

707 842 1032 922 Εὐχάριστία
1116 845 1349 923 δρθρινῆ.

279 933 340 993 Ὀ
392 935 521 997 Θεὸς
570 935 597 990 6
651 939 757 990 τῶν
802 933 1118 1008 πνευμάτων
1175 937 1264 991 καὶ
1325 934 1504 1005 πάσης
1564 942 1780 1018 σαρκὸς⁹
1817 943 1846 997 6

202 1024 520 1102 ἀσύγκριτος
578 1024 665 1079 καὶ
714 1023 746 1079 ἆ
811 1020 1091 1101 προσὸιὴς,
1155 1026 1183 1080 6
1231 1023 1348 1092 δοὺς
1405 1029 1496 1084 τὸν
1566 1027 1718 1095 ἣλιον
1772 1031 1843 1094 εἷς

203 1111 440 1178 ἰξουσίαν
472 1117 568 1181 τῆς
596 1111 825 1188 ἡμέρασ,
858 1113 959 1179 τὴν
1000 1110 1056 1168 δὲ
1089 1112 1322 1186 σελήνην
1350 1117 1438 1174 καὶ
1468 1118 1534 1174 τὰ
1562 1115 1728 1197 ἄστρα
1773 1120 1845 1185 εἷς

203 1202 442 1268 ἐξουσίαν
489 1207 588 1269 τῆς
642 1203 852 1266 νυκτός⁶
911 1204 1067 1267 αὒτὸς
1115 1207 1204 1261 καὶ
1249 1212 1338 1262 νῦν
1396 1203 1541 1263 ἔπιδε
1585 1206 1671 1286 ὶιρ⁹
1704 1210 1844 1284 ἡμᾶς

202 1290 476 1366 εὐμενέσιν
557 1289 854 1371 ὀφθαλμοῖς
889 1335 906 1365 ,
969 1293 1056 1348 καὶ
1134 1291 1413 1372 πρόσδεξαι
1472 1296 1565 1361 τὰς
1627 1296 1844 1362 ὶωθινὰς

198 1385 354 1456 ἡμῶν
411 1383 774 1462 εὔχαριστέας,
825 1383 914 1438 καὶ
970 1381 1208 1453 ὶλήησον
1265 1385 1434 1460 ἡμᾶς,
1491 1388 1551 1443 οὗ
1601 1387 1702 1465 γὰρ
1732 1384 1840 1442 διες

193 1472 498 1546 πετάσαμεν
550 1472 646 1534 τὰς
712 1474 908 1551 χεῖρας
962 1473 1120 1545 ἡμῶν
1177 1475 1309 1552 πρὸς
1357 1476 1476 1531 θεὸν
1536 1472 1836 1556 ἀλλότριονο

192 1563 252 1617 οὗ
281 1562 382 1640 γάρ
411 1559 551 1617 ἔστιν
581 1559 634 1617 ἒν
677 1563 814 1635 ἡμῖν
843 1563 961 1625 θεὸς
1021 1562 1352 1643 πρόσφατος,
1389 1563 1530 1621 ἀλλὰ
1561 1565 1623 1621 σὺ
1659 1567 1687 1622 6
1717 1569 1842 1622 αἰώ-

194 1671 303 1710 νιος
351 1651 440 1705 καὶ
490 1648 860 1717 ἆτελεύτητος.
920 1649 982 1708 Ὀ
1011 1651 1074 1707 τὸ
1106 1651 1250 1707 εἶναι
1306 1653 1446 1726 ἡμῖν
1477 1649 1560 1708 διὰ
1613 1653 1841 1732 Χριστοῦ

194 1739 635 1820 παρασγόμενος,
685 1741 777 1797 καὶ
823 1741 884 1796 τὸ
945 1739 1000 1796 εὖ
1031 1739 1174 1797 εἶναι
1227 1739 1294 1797 δι’
1327 1740 1486 1799 αὖτυῦ
1515 1739 1838 1820 δωρησάμε-

1927 585 2129 642 orans,
2160 569 2319 631 dicat
2345 591 2360 633 :

2433 748 2682 813 CAPUT
2746 747 3070 815 XXXVIII.

2291 837 2649 900 Gratiarum
2693 841 2853 900 actio
2883 841 3212 902 matutina.

2008 925 2331 1005 Spirituum
2352 935 2418 994 et
2439 927 2634 987 omnis
2662 927 2860 988 carnis
2887 929 3066 1004 Deus,
3092 927 3574 1008 incomparabilis

1927 1029 1996 1072 ac
2023 1014 2244 1076 nullius
2279 1015 2366 1076 rei
2388 1015 2447 1076 in
2471 1016 2676 1095 digus;
2697 1017 2797 1098 qui
2819 1016 3036 1078 dedisti
3053 1018 3342 1099 solem,ut
3365 1035 3578 1096 praees-

1929 1110 2019 1162 set
2042 1102 2160 1165 diei
2189 1121 2205 1180 ;
2233 1103 2428 1165 lunam
2455 1123 2592 1166 vero
2620 1113 2677 1166 et
2697 1105 2922 1186 stellas,
2951 1114 3012 1168 ut
3034 1114 3359 1189 praeessent
3388 1107 3570 1181 uorti,

1927 1189 2054 1270 ipse
2071 1202 2126 1254 et
2157 1211 2314 1254 nunc
2336 1193 2574 1272 respice
2594 1210 2775 1274 super
2797 1213 2905 1256 nos
2928 1195 3116 1258 oculis
3140 1194 3442 1257 benevolis
3469 1215 3485 1271 ;
3507 1214 3576 1256 ac

1926 1281 2167 1360 suscipe
2202 1283 2522 1345 matutinas
2553 1291 2786 1344 nostras
2818 1285 3139 1360 gratiarum
3175 1286 3439 1346 actiones
3467 1302 3484 1359 ;
3517 1293 3575 1346 et

1927 1371 2218 1434 miserere
2245 1375 2426 1434 nostri
2451 1395 2464 1436 :
2494 1393 2608 1435 non
2633 1375 2791 1436 enim
2820 1375 3214 1448 exuandimus
3236 1394 3442 1436 manus
3473 1394 3574 1435 nu-

1924 1469 2074 1520 stras
2098 1463 2169 1522 ad
2195 1463 2372 1524 deum
2397 1463 2656 1526 alienum
2690 1487 2704 1540 ;
2735 1463 3031 1544 siquidem
3056 1483 3171 1526 non
3191 1465 3365 1525 estin
3402 1463 3573 1524 nobis

1924 1548 2072 1610 deus
2102 1569 2315 1613 recens
2337 1552 2422 1626 86,
2451 1554 2552 1615 sed
2590 1565 2648 1614 tu
2682 1561 2941 1614 aeternus
2961 1572 3032 1614 ac
3055 1553 3432 1614 immortalis.
3457 1551 3570 1626 Qui

1923 1639 2098 1699 nobis
2133 1659 2238 1720 per
2267 1641 2569 1704 Christum
2605 1641 2907 1722 praebuisti
2936 1650 2999 1703 ut
3037 1659 3326 1715 essemus,
3354 1643 3573 1723 quippe

1925 1747 2032 1806 per
2055 1729 2330 1790 eumdem
2375 1731 2609 1792 donasti
2661 1740 2726 1793 ut
2777 1730 2931 1794 bene
2963 1749 3272 1808 essemus;
3306 1731 3434 1812 ipse
3465 1749 3574 1792 nos

199 1843 312 1892 νος⁹
373 1831 529 1892 αδτὸς
573 1831 718 1904 ἡμᾶς
777 1826 846 1885 δι’
876 1830 1036 1889 αὖτοῦ
1083 1828 1411 1896 καταξίωσον
1456 1832 1542 1888 καὶ
1583 1837 1683 1900 τῆς
1712 1834 1837 1889 αἰω-

1934 1835 2032 1896 ρει·
2050 1838 2182 1880 eum
2211 1820 2456 1897 dignare
2486 1829 2713 1883 aeterna
2744 1820 2878 1897 vita,
2913 1839 3048 1883 cum
3080 1839 3200 1899 quo
3233 1820 3337 1882 tibi
3362 1821 3571 1902 gloria,

206 1918 320 1974 νίου
360 1923 526 1989 ζωῆς·
588 1919 706 1990 μεθ’
765 1919 826 1976 οὗ
890 1942 973 1978 σοι
1027 1917 1171 1992 δόξα,
1228 1921 1318 1978 καὶ
1356 1921 1512 1997 τιμὴ,
1543 1922 1632 1979 καὶ
1663 1920 1838 1996 σέϐας,

201 2011 291 2064 καὶ
339 2014 418 2082 τῷ
467 2008 604 2087 ἁγίῳ
660 2010 944 2086 Πνεύματι,
1010 2010 1082 2075 εἰς
1119 2011 1240 2074 τοὺς
1275 2011 1488 2074 αἰῶνας.
1516 2009 1714 2087 Ἀμήν,
1745 2013 1844 2072 Καὶ

199 2098 228 2153 6
276 2094 514 2163 διάκονος
543 2095 767 2176 λεγέτω’
806 2097 1026 2158 Κλίνατε
1057 2102 1124 2177 τῇ
1151 2099 1473 2180 χέιροθεσίᾳ.
1535 2101 1633 2160 Καὶ
1666 2103 1694 2158 6
1725 2100 1846 2158 ἐπ(-

197 2208 400 2250 σκοπος
424 2186 758 2268 ἐπευχέσθω,
792 2187 989 2267 λέγων·

379 2291 384 2298 ’
747 2285 1138 2338 ΚΕΦΑΛΑῙΟΝ
1163 2280 1302 2341 ΛΘ’.

716 2370 1018 2447 Χειροθεσία
1113 2371 1350 2448 ὀρθρινή,

276 2459 340 2516 Ὀ
371 2460 504 2522 Θεὸς
557 2461 583 2514 6
628 2460 824 2521 πιστὸς
867 2459 955 2515 καὶ
997 2457 1275 2540 ἀληθινὸς,
1307 2462 1335 2516 6
1378 2459 1546 2517 πόιῶν
1589 2460 1737 2525 ἵλεος
1770 2465 1844 2528 εἷς

197 2546 448 2628 χιλιάδας
497 2549 586 2605 καὶ
617 2546 867 2625 μυριάδας
912 2563 1031 2612 τοῖς
1065 2547 1336 2629 ἃγαπῶσί,
1379 2571 1464 2624 σε,
1499 2552 1528 2607 6
1571 2550 1718 2631 φίλος
1750 2573 1846 2610 τα·

201 2643 421 2710 πεινῶν,
473 2639 561 2694 καὶ
619 2638 864 2707 πενήτων
921 2639 1250 2719 προστάτης,
1282 2641 1342 2694 οὗ
1384 2639 1554 2700 πάντα
1609 2640 1662 2696 ὲν
1691 2644 1848 2722 χρείᾳ

203 2726 547 2808 καθέστηκεν,
599 2727 678 2785 ὅτι
735 2728 799 2784 τὰ
843 2728 1122 2802 σύμπαντα
1171 2727 1332 2814 δοῦλα
1388 2749 1503 2786 σου’
1562 2727 1706 2786 ἔπιδε
1751 2732 1844 2788 τὸν

201 2814 330 2872 λαόν
374 2839 468 2875 σου
518 2827 700 2876 τοῦτον
738 2863 756 2890 ,
815 2814 935 2880 τοὺς
991 2817 1304 2884 κεκλικότας
1360 2839 1444 2875 σοι
1487 2819 1580 2885 τὰς
1643 2820 1844 2878 ἑαυτῶν

200 2908 459 2987 γεεραλᾶς,
513 2909 600 2964 καὶ
651 2907 945 2985 εὖλόγησον
1000 2907 1187 2972 αὖτοὺς
1240 2906 1484 2986 εὖλογὶαν
1545 2931 1840 2986 πνευματιο

196 2996 325 3075 κήν,
370 2996 594 3076 ιριὶλαξον
642 2998 827 3061 αὐτοὺς
878 2998 953 3062 ὡς
983 2997 1149 3076 κόρην
1179 2995 1475 3078 ὀφθαλμοῦ,
1522 2996 1846 3079 διατήρησον

201 3085 389 3150 αὖτοὺς
444 3089 500 3142 ιν
557 3084 790 3160 εὔσεόείᾳ
847 3089 935 3144 καὶ
984 3085 1313 3162 δικαιοσύνη,
1372 3088 1461 3145 καὶ
1519 3087 1844 3155 καταξὲωσον

199 3174 386 3239 αὖτοὺς
434 3175 536 3242 τῆς
591 3176 800 3232 αἰωνίου
833 3180 1003 3255 ζωῆς,
1040 3175 1094 3232 ἂν
1130 3181 1342 3255 Χριστῷ
1370 3175 1549 3244 Ἰησοῦ
1589 3183 1668 3251 τῷ
1695 3179 1844 3257 ἠγα-

194 3264 428 3339 πημένῳ
493 3286 588 3321 σου
620 3262 787 3322 παιδί·
839 3262 955 3341 μεθ’
999 3267 1060 3322 οὗ
1113 3285 1196 3321 σοι
1255 3263 1401 3340 δόξα,
1452 3266 1585 3341 τιμὴ
1616 3267 1704 3322 καὶ
1745 3267 1843 3323 σέ-

197 3351 319 3427 ϐας,
376 3355 463 3411 καὶ
529 3359 605 3427 τῷ
645 3355 779 3432 ἁγίῳ
822 3354 1112 3433 Πνεόματι,
1167 3355 1290 3427 νὺν,
1350 3355 1439 3411 καὶ
1497 3355 1600 3428 ἀεὶ,
1635 3357 1720 3412 καὶ
1769 3358 1843 3420 εἱς

197 3444 322 3508 τοὺς
372 3445 566 3509 αἰῶνας
621 3450 730 3499 τῶν
779 3445 1008 3506 αἰώνων,
1043 3443 1249 3519 Ἀμήν.
1287 3446 1382 3503 Καὶ
1415 3445 1445 3500 ὀ
1473 3442 1713 3510 διάκονος
1744 3443 1840 3501 λε-

198 3532 360 3611 γέτω·
399 3534 682 3613 Προέλθετε
735 3535 789 3591 ἰν
838 3536 1044 3614 εἷρτςνῃο
1084 3532 1206 3591 Ἐπὶ
1262 3532 1318 3590 δὶ
1361 3546 1484 3597 ταῖς
1542 3555 1845 3615 προσρερο-

202 3622 388 3699 μὲναις
418 3624 719 3705 ἀπαρχαῖς,
754 3625 918 3688 οὕτως
950 3627 1261 3704 εὐχαριστεῖ
1303 3627 1334 3681 6
1363 3625 1676 3688 ἐπίσκοπος.

766 3720 1153 3774 ΚΕΦΑΛΑΙΟΝ
1191 3713 1284 3778 Μ’.

646 3803 964 3871 Ἐπίκλησις
996 3804 1082 3862 ἰπὶ
1111 3805 1397 3884 ἀπαρχῶν.

285 3893 715 3972 Εὐχαριστοῦμέν
763 3916 872 3974 σοι,
928 3894 1079 3973 Κύριε
1129 3893 1517 3972 παντόκρατορ,
1553 3891 1844 3973 δημιουργὲ

197 3989 303 4039 τῶν
335 3982 473 4040 ὅλων
503 3985 588 4040 καὶ
619 3986 916 4062 προνοητὰ,
949 3983 1034 4040 διὰ
1088 3991 1181 4042 τοῦ
1209 3992 1527 4062 μονογενοῦς
1573 4005 1668 4042 σου
1712 3991 1838 4040 [lau-

1927 1907 2142 1981 honor,
2179 1912 2505 1992 veneratio,
2542 1919 2599 1972 et
2650 1919 2853 1972 sancto
2911 1909 3177 1991 Spiritui,
3226 1911 3286 1971 in
3336 1912 3569 1972 saecula.

1924 1995 2138 2061 Amen.
2178 1997 2323 2060 Tum
2350 2000 2638 2062 diaconus
2667 2000 2863 2063 dicat:
2898 1999 3191 2062 Inclinate
3238 2000 3311 2061 ad
3362 2017 3571 2062 manus

1925 2086 2392 2166 impositionem.
2427 2093 2509 2170 Ac
2544 2090 2864 2172 episcopus
2895 2097 3048 2165 oret,
3081 2090 3177 2152 his
3208 2090 3444 2152 verbis:

2479 2269 2724 2336 CAPUT
2763 2272 3028 2337 XXXIX.

2291 2363 2601 2443 Impositio
2631 2380 2851 2426 manus
2886 2363 3210 2425 matutina.

2009 2449 2166 2511 Deus
2193 2450 2384 2512 ﬁdelis
2417 2461 2473 2514 ct
2505 2471 2676 2514 verax
2695 2453 2780 2534 87,
2805 2456 2904 2534 qui
2934 2453 3076 2515 facis
3108 2452 3572 2515 misericordiam

1929 2538 1987 2599 in
2020 2539 2224 2615 millia,
2259 2551 2317 2604 et
2350 2542 2504 2604 dena
2554 2543 2760 2617 millia,
2799 2542 3187 2621 diligentibus
3216 2551 3312 2623 te;
3347 2545 3574 2606 amicus

1930 2626 2270 2703 humilium,
2304 2639 2360 2691 et
2394 2649 2720 2712 pauperum
2766 2631 3082 2708 defensor;
3135 2652 3250 2714 quo
3299 2634 3578 2694 universa

1928 2736 2080 2798 opus
2104 2718 2494 2802 habent,quia
2511 2730 2722 2784 cuncta
2742 2721 2846 2782 tibi
2869 2739 3038 2784 serva
3051 2729 3187 2783 sunt
3211 2741 3224 2785 :
3252 2723 3484 2802 respice
3515 2723 3575 2784 in

1926 2815 2212 2896 populum
2248 2825 2410 2879 tuum
2446 2819 2626 2900 hunc,
2663 2819 2720 2880 in
2769 2819 2881 2882 hos
2933 2818 3031 2901 qui
3084 2817 3442 2882 inclinarunt
3469 2821 3573 2884 tibi

1925 2908 2119 2986 capita
2153 2924 2284 2988 sua,
2310 2917 2368 2970 et
2399 2907 2654 2971 benedic
2685 2909 2771 2971 eis
2805 2907 3223 2973 benedictione
3243 2912 3572 2991 spirituali;

1930 2996 2160 3058 custodi
2185 3007 2380 3076 eos,ut
2399 2997 2684 3080 pupillam
2707 2999 2859 3061 oculi
2876 2999 3064 3076 88-89;
3084 3018 3368 3064 conserva
3389 3020 3492 3064 eos
3514 3003 3572 3063 in

1928 3085 2146 3168 pietate
2177 3105 2243 3148 ac
2264 3087 2498 3166 justitia
2527 3107 2542 3164 ;
2573 3096 2632 3149 et
2664 3107 2766 3151 eos
2795 3089 2912 3151 vita
2943 3097 3160 3152 {eterna
3190 3089 3438 3170 dignare
3467 3111 3483 3165 ;
3514 3093 3572 3154 in

1928 3175 2165 3239 Christo
2187 3174 2330 3238 Jesu
2359 3176 2575 3239 dilecto
2598 3175 2748 3239 Filio
2768 3187 2865 3239 tuo
2894 3198 2910 3253 ;
2935 3197 3067 3240 cum
3092 3198 3210 3254 quo
3229 3179 3328 3241 tibi
3360 3179 3571 3258 gloria,

1927 3264 2141 3346 honor,
2178 3275 2359 3345 atque
2402 3267 2626 3341 cultus,
2659 3277 2715 3328 et
2745 3277 2947 3330 sancto
3001 3265 3269 3349 Spiritui,
3303 3288 3484 3350 nunc,
3518 3278 3576 3333 et

1927 3372 2192 3435 semper,
2218 3363 2276 3416 et
2296 3355 2355 3416 in
2376 3359 2590 3418 saecula
2621 3356 2997 3420 saeculorum.
3021 3361 3240 3423 Amen.
3264 3358 3334 3421 Et
3365 3361 3570 3423 diaco-

1927 3462 2039 3504 nus
2065 3444 2261 3507 dicat:
2298 3443 2464 3506 Exite
2491 3445 2551 3506 in
2591 3463 2757 3523 pace.
2800 3450 3091 3510 Caeterum
3145 3467 3248 3529 pro
3303 3449 3576 3529 primitiis

1927 3551 2064 3613 quae
2099 3534 2458 3608 otl'eruntur,
2499 3535 2821 3615 episcopus
2867 3538 3090 3616 gratias
3140 3538 3260 3618 agit
3309 3539 3466 3601 hunc.
3515 3539 3578 3600 in

1930 3622 2170 3683 modum
2198 3645 2213 3684 :

2551 3710 2792 3777 CAPUT
2836 3713 2956 3779 XL.

2355 3802 2664 3868 [avocatio
2687 3821 2803 3883 pro
2827 3805 3150 3884 primitiis.

2012 3890 2240 3954 Gratias
2287 3891 2516 3972 agimus
2552 3892 2678 3968 tibi,
2716 3892 2966 3954 Domine
3008 3891 3407 3973 omnipotens,
3442 3913 3576 3955 om-

1928 3980 2091 4040 nium
2127 3981 2321 4060 opifex
2354 3999 2424 4043 ac
2468 3982 2764 4062 provisor,
2795 4001 2902 4062 per
2955 3981 3322 4060 unigenitum
3357 3981 3574 4045 Filium

197 4071 284 4136 δὸς
343 4072 522 4140 Ἰησοῦ
552 4081 776 4153 Χριστοῦ
803 4082 897 4131 τοῦ
928 4074 1118 4154 Κυρίου
1147 4074 1329 4152 ἡμῶν,
1360 4073 1444 4130 ἐπὶ
1488 4086 1610 4136 ταῖς
1633 4095 1834 4153 προσε-

1934 4077 2093 4130 tuum
2143 4067 2349 4132 Jesum
2413 4071 2711 4134 Christum
2768 4071 3087 4133 Dominum
3142 4080 3574 4153 nostrum,pro

195 4165 490 4243 νεχθεὶσαις
548 4186 632 4221 σοι
689 4163 992 4244 ἀπαρχαῖς,
1039 4167 1142 4243 οὔχ
1198 4162 1320 4220 ὅσον
1376 4162 1682 4243 ὀφείλομεν,
1716 4162 1833 4220 ἀλλ’

1934 4159 2131 4222 ablatis
2157 4159 2258 4221 tibi
2293 4160 2614 4240 primitiis;
2650 4179 2766 4224 non
2798 4170 3084 4243 quantum
3119 4161 3433 4236 debemus,
3467 4162 3572 4224 sed

194 4251 319 4308 ὅσον
374 4250 653 4323 δυνάμεσθα.
689 4253 776 4316 Τίς
835 4255 934 4331 γαρ
991 4252 1279 4333 ἀνθρώπων
1337 4250 1562 4317 ἐπαξίως
1609 4252 1837 4332 εὔχαρι-

1934 4259 2210 4331 quantum
2237 4249 2724 4328 possumus.Quis
2750 4251 2910 4312 enim
2937 4251 3244 4314 hominum
3273 4251 3571 4332 condigne

194 4342 382 4407 στῆετιί
411 4363 492 4397 σοι
525 4340 758 4416 δύναται,
790 4341 920 4419 ὑπὲρ
948 4342 1024 4398 ὧν
1065 4339 1296 4405 δέδωκας
1331 4343 1516 4404 αὐτοῖς
1562 4343 1639 4404 εὶς
1677 4342 1840 4416 μετά-

1934 4346 2114 4417 polest
2138 4341 2355 4415 gratias
2372 4339 2475 4400 tibi
2501 4359 2820 4421 agere,pro
2845 4340 2918 4402 iis
2937 4360 3074 4416 qua:
3093 4340 3313 4402 dedisti
3337 4341 3482 4422 ipsis
3499 4344 3572 4404 ad

196 4429 388 4506 ληψινς
443 4433 471 4487 6
529 4433 658 4496 Θεὸς
709 4428 974 4509 Ἀϐραὰμ,
1042 4434 1126 4489 καὶ
1191 4430 1394 4504 Ἰσαὰκ,
1470 4433 1558 4488 καὶ
1616 4429 1834 4510 Ἰακὼϐ,

1934 4428 2395 4508 participandum
2412 4430 2607 4491 ?Deus
2628 4430 2957 4493 Abrahami
2983 4439 3043 4492 et
3066 4429 3244 4492 Isaaci
3267 4440 3324 4492 et
3342 4430 3572 4508 Jacobi,

197 4520 289 4575 καὶ
343 4520 556 4578 πάντων
607 4527 716 4576 τῶν
773 4521 961 4598 ἆγίων’
1022 4523 1050 4578 6
1106 4520 1279 4579 πάντα
1308 4518 1723 4600 τελεσφορησας,
1755 4518 1839 4575 διὰ

1934 4517 2313 4597 omniumque
2337 4529 2678 4580 sanctorum
2708 4541 2723 4579 :
2755 4520 2858 4596 qui
2900 4531 3114 4580 cuncta
3145 4521 3215 4580 ad
3253 4522 3567 4598 perfectio-

194 4619 291 4668 τοῦ
343 4608 506 4686 λόγου
533 4631 649 4684 σου,
691 4613 780 4667 καὶ
821 4609 1072 4673 κελεύσας
1140 4616 1208 4686 τῇ
1237 4616 1310 4688 γῇ
1350 4608 1718 4675 παντοδαποὺς
1739 4612 1838 4666 ἔκ·-

1934 4625 2060 4668 nem
2087 4626 2153 4669 ac
2179 4612 2572 4670 maturitatem
2602 4609 3071 4690 perduxisti,per
3094 4611 3353 4669 Verbum
3382 4617 3568 4682 tuum,

197 4706 357 4778 φῦσαι
388 4701 642 4776 καιρποὺς
677 4701 751 4762 εἰς
782 4700 1103 4778 εὐφροσύνην
1121 4701 1209 4756 καὶ
1237 4699 1436 4778 τροφὴν
1469 4698 1762 4779 ἡμετέρανο
1810 4702 1838 4756 6

1934 4709 1983 4758 et
2019 4706 2191 4758 terra}
2214 4697 2443 4775 jussisti
2470 4699 2825 4778 progignere
2848 4700 3046 4761 omnis
3073 4700 3314 4775 generis
3345 4698 3572 4758 fructus

196 4787 316 4853 δοὺς
363 4803 480 4850 τοῖς
511 4788 850 4866 νωθεστὲρυις
889 4790 978 4845 καὶ
1018 4787 1326 4869 βληχώδέσι
1385 4786 1595 4868 χειλὸν,
1651 4788 1836 4868 χλοη-

1934 4785 1991 4846 id
2023 4786 2281 4846 laetitiam
2312 4797 2369 4848 et
2395 4787 2740 4850 alimoniam
2767 4798 3026 4849 nostram
3057 4807 3070 4848 :
3098 4786 3199 4867 qui
3221 4785 3436 4846 dedisti
3459 4787 3569 4847 he-

1444 4875 1492 4932 δὲ
1527 4877 1833 4956 σπέρματα,
1923 4873 2255 4936 betiuribus
2286 4894 2353 4937 ac
2386 4877 2817 4955 stupidiorihus
2855 4876 3133 4956 pabulum
3182 4875 3324 4954 feni,
3360 4875 3567 4936 herbi-

193 4879 386 4958 φάγοις
422 4876 616 4956 χλόην,
659 4880 747 4934 καὶ
786 4891 904 4941 τοῖς
936 4879 1032 4952 μὲν
1063 4880 1211 4956 κρέα.
1271 4892 1388 4941 τοῖς
1439 4876 1492 4932 δὲ
1527 4877 1833 4956 σπέρματα,

1924 4963 2079 5024 voris
2113 4965 2357 5026 herbam
2389 4987 2402 5028 :
2438 4975 2495 5026 et
2523 4966 2653 5026 aliis
2705 4967 2946 5046 quidem
2993 4982 3232 5043 carnes,
3265 4963 3400 5024 aliis
3428 4983 3567 5026 vero

195 4967 336 5040 ἦμῖν
385 4964 436 5021 δὲ
499 4982 648 5022 σῖτον
706 4969 837 5046 πρὸς
897 4969 1094 5046 τροφήν
1123 4969 1417 5048 πρόσφορον
1443 4971 1528 5022 καὶ
1558 4967 1840 5034 κατάλλη-

193 5055 313 5127 λον,
361 5059 448 5111 καὶ
489 5055 639 5134 ἕτερα
695 5055 938 5136 διέιρορα,
982 5058 1048 5113 τὰ
1105 5057 1201 5131 μὲν
1257 5059 1386 5135 πρὸς
1434 5061 1653 5135 χρῆσιν,
1690 5056 1839 5112 τὰδὲ

194 5147 327 5222 πρὸς
369 5145 592 5225 ὑγίειαν,
653 5147 716 5202 τὰ
773 5146 828 5202 δὲ
875 5149 1004 5224 πρὸς
1063 5146 1248 5224 τέρψιν
1310 5147 1426 5203 Ἐπὶ
1483 5145 1689 5210 τούτοις
1749 5146 1838 5203 οὖν

197 5234 388 5290 ἅτασιν
431 5235 793 5314 ὑπερύμνητος
843 5234 973 5315 (57)
1027 5238 1309 5316 ὑπάρχεις,
1358 5240 1455 5302 της
1497 5236 1570 5298 εἰς
1632 5257 1836 5299 παντας

1924 5054 2176 5134 semina,
2204 5055 2376 5116 nobis
2406 5065 2602 5117 autem
2635 5055 2995 5117 frumentum
3030 5054 3102 5115 ad
3136 5053 3332 5115 cibum
3363 5063 3567 5133 aptum

1923 5161 1994 5203 ac
2022 5142 2527 5220 convenientem;
2581 5145 2726 5206 item
2786 5145 3024 5206 diversa
3075 5143 3217 5223 alia,
3251 5149 3462 5222 partim
3493 5145 3566 5205 ad

1922 5250 2122 5306 usum,
2152 5234 2364 5311 partim
2401 5232 2473 5295 ad
2506 5234 2842 5306 sanitatem,
2871 5232 3086 5314 partim
3112 5229 3187 5294 ad
3213 5229 3566 5294 oblectatio-

279 5469 342 5519 8’5
369 5467 525 5531 Psal.
560 5485 732 5539 Lxxx,
779 5467 870 5531 10.
956 5466 1017 5520 87
1046 5467 1232 5532 Exod.
1266 5485 1466 5544 xxxtv,
1501 5469 1560 5532 6.
1644 5467 1807 5520 38-89
1835 5465 1990 5530 Psal.
2025 5483 2140 5547 xw,
2173 5466 2235 5529 8.

1534 5644 1939 5711 VABIORUM
1983 5643 2232 5708 NOTAE.

265 5825 384 5904 (5'7)
419 5826 845 5904 ἰ’περύμννιτος.
882 5827 944 5888 lu
976 5826 1166 5887 altero
1197 5827 1336 5890 cod.
1363 5830 1622 5904 ὑμνητὸς.
1653 5827 1737 5888 In.
