4056 6352
454 289 610 352 1159

534 519 783 592 Quidam
805 539 977 600 porro
998 521 1112 583 alia
1139 521 1314 584 etiam
1342 541 1520 604 opera

455 614 682 694 prolixa
711 622 768 675 et
814 615 1052 695 copiosa
1079 614 1188 676 sub
1233 616 1361 695 ejus
1405 635 1517 679 no-

459 709 616 769 mine
636 707 763 770 heri
784 725 854 772 ac
881 708 1312 772 nudiustertius
1335 710 1399 774 in
1422 710 1518 773 lu-

453 817 581 862 cem
629 799 1002 881 protulerunt
1039 821 1053 861 :
1103 810 1241 882 puta
1274 803 1433 865 Petri
1464 812 1522 865 et

455 892 703 974 Apionis
751 891 1224 974 disputationes;
1264 913 1517 973 quorum

455 982 610 1061 apud
647 981 920 1063 antiquos
943 984 1104 1044 nulla
1135 986 1376 1046 omnino
1412 1003 1518 1047 ex-

455 1084 564 1137 stat
582 1076 826 1138 mentio.
860 1078 1064 1156 Neque
1099 1079 1258 1139 enim
1291 1079 1525 1142 sincera

456 1180 635 1232 rectae
667 1171 802 1230 fidei
854 1170 926 1232 ab
982 1173 1264 1250 apostolis
1301 1174 1526 1235 traditae

459 1277 601 1326 nota
630 1265 690 1325 in
741 1267 856 1325 illis
887 1284 1167 1345 expressa
1201 1269 1523 1346 reperitur.
1599 1265 1936 1368 χαρακτῆρας

461 1361 614 1438 Lege
644 1358 892 1422 Maximi
921 1359 1252 1440 Prologum
1280 1366 1346 1423 in
1373 1362 1525 1442 Ope-
1602 1353 1640 1368 "

451 1471 522 1516 ra
556 1452 865 1533 Dionysii.

1593 937 1718 991 γους

1311 295 1372 358 S.
1419 291 1849 361 CLEMENTIS
1893 300 1917 361 Ι
1963 299 2142 363 ROM.
2192 299 2417 364 PONT.
2463 299 2712 367 OPERA
2756 302 3010 368 DUBIA.

1588 432 1754 496 Idem
1783 433 2089 513 Eusnsms,
2120 435 2225 500 lib.
2262 453 2352 514 ιιι,
2387 456 2494 520 cap
2554 438 2655 502 38.

1672 537 1824 608 ’Ἤδη
1855 540 2019 599 δὲκαὶ
2061 544 2212 622 ἕτερα
2267 543 2510 611 πολυεπῆ
2569 544 2662 600 καὶ

1591 637 1769 714 μακρὰ
1799 638 2210 716 συγγράμματα,
2275 641 2348 702 ὡς
2407 646 2500 694 τοῦ
2559 643 2652 696 αὒ-

1590 747 1706 802 του,
1735 730 1864 808 χθὲς
1908 732 1995 786 καὶ
2026 730 2212 808 πρώην
2236 731 2373 794 τινές
2417 730 2630 808 προὴγα

1592 843 1708 902 γον,
1755 823 1950 902 Πέτρου
1973 822 2038 891 δὴ
2071 825 2158 880 καὶ
2190 823 2452 889 Ἀπίωνος
2481 823 2659 880 διαλό-

1806 917 2150 996 περιέχοκταο
2224 919 2298 971 ὧν
2350 915 2456 973 οὔδ’
2518 915 2658 980 ὅλως

1595 1010 1787 1084 μνὴμη
1817 1033 1898 1074 τις
1956 1012 2240 1090 παρὰ-τοϊς
2285 1009 2540 1073 παλαιοῖς
2571 1011 2660 1088 φέ-

1597 1124 1766 1179 ρεται,
1816 1102 1946 1159 Οὒδὲ
1977 1105 2076 1183 γὰρ
2115 1105 2342 1181 καθαρὸν
2372 1103 2466 1170 τῆς
2514 1104 2658 1159 ἀπο-

1598 1194 1850 1262 στολικῆς
1893 1195 2182 1275 ὀρθοδοξίας
2247 1196 2509 1265 ἀποσώζει
2569 1197 2661 1250 τὸν

3673 299 3838 372 1160

2948 439 3053 523 Ea:
3083 443 3347 522 interpr.
3381 442 3611 522 Ruﬁni.

2822 531 2942 595 Sed
2973 541 3031 596 et
3056 533 3173 596 alia
3195 536 3330 615 ejus
3382 536 3673 616 opuscula
3704 556 3835 598 non

2742 626 2993 689 minima
3011 648 3044 689 a
3069 631 3372 692 nonnullis
3396 630 3604 692 haberi
3621 631 3838 712 perbi-

2741 720 3151 800 bentur;velut
3170 723 3328 785 Petri
3349 729 3411 788 et
3435 724 3688 806 Apionis
3705 725 3835 786 dis-

2743 816 2966 896 putatio
2997 837 3011 893 ;
3043 836 3176 897 quae
3198 819 3258 878 in
3290 836 3402 879 usu
3427 836 3460 878 a
3507 817 3830 880 veteribus

2740 907 2941 970 habita
2973 910 3222 972 minime
3252 911 3595 984 reperimus
3628 932 3646 984 ;
3684 912 3836 991 quia

2741 1018 2853 1062 nec
2876 1019 3020 1081 pura
3043 1004 3102 1065 in
3123 1003 3209 1065 eis
3231 1012 3284 1064 et
3311 1004 3657 1085 incorrupta
3680 1022 3840 1085 apo-

2743 1095 2966 1156 stolicae
2991 1096 3128 1157 tidei
3158 1097 3363 1176 regula
3407 1097 3696 1158 mansisse
3723 1097 3838 1159 de.

2745 1188 3165 1267 prehenditur.
3211 1189 3372 1270 Lege
3413 1190 3673 1270 Nicepb.
3714 1189 3829 1250 lib.

2753 1296 2842 1362 ιιι,
2881 1298 3013 1360 cap.
3041 1281 3138 1345 18.

455 1579 538 1639 De
571 1559 978 1657 Disputatione
1011 1576 1169 1636 Petri
1203 1586 1260 1639 et
1283 1579 1557 1719 Apionis,
1590 1600 1721 1661 qua:
1752 1583 1992 1647 videtur
2020 1583 2220 1662 fuisse
2248 1588 2341 1649 vel
2362 1603 2512 1667 pars
2546 1585 2646 1647 vel
2701 1581 3008 1662 appendix
3068 1580 3395 1644 Clementis
3438 1583 3835 1661 Hecognitio-

807 1674 945 1716 num
979 1664 1036 1717 et
1066 1653 1318 1719 Actuum
1400 1661 1511 1719 etri
1542 1663 1681 1719 vide
1709 1664 1874 1719 infra
1908 1666 1970 1719 in
2004 1663 2393 1719 Hiernnvmn-
2429 1665 2638 1719 Photio
2660 1662 2923 1719 Honorio
2952 1661 3502 1719 Auuustodunensi-

807 1674 945 1716 num
979 1664 1036 1717 et
1066 1653 1318 1719 Actuum

1400 1661 1511 1721 etri
1542 1663 1681 1725 vide
1709 1664 1874 1744 infra
1908 1666 1970 1725 in
2004 1661 2395 1747 Hieronymo,
2429 1665 2638 1729 Photio
2660 1661 2923 1730 Honorio
2952 1661 3502 1741 Augustodunensi.

2109 1842 2211 1908 III.

1401 2026 1463 2086 S.
1501 2026 1899 2102 ATHANASIUS,
1933 2021 1992 2082 in
2024 2022 2498 2105 Synopsisacrce
2523 2021 2880 2101 Scriptura.

539 2202 756 2264 lterum
791 2199 926 2260 libri
952 2201 1095 2262 Novi
1113 2196 1476 2260 Testamenti
1500 2199 1718 2280 quibus
1740 2200 2090 2264 contradici-

2256 2208 2365 2270 Τῆς
2421 2202 2556 2265 Νέας
2621 2197 2781 2257 πάλιν
2864 2198 3134 2267 Διαθήκης
3204 2197 3590 2276 ἀντιλεγόμενα
3649 2206 3824 2256 ταῦτα

460 2301 576 2371 tur,
610 2296 749 2352 sunt
786 2310 800 2350 :
835 2290 1135 2351 Circuitus
1169 2289 1354 2363 Petri,
1388 2300 1498 2351 etc.
1529 2289 1610 2352 Ex
1633 2290 1847 2371 quibus
1867 2291 2100 2352 veriora

2195 2290 2414 2372 Περίοδοι
2468 2291 2689 2370 Πέτρου²
2746 2296 2865 2350 etc.
2899 2285 2987 2353 Ἐξ
3035 2287 3106 2342 ὧν
3167 2289 3602 2366 μετεφράσθησαν
3663 2287 3834 2345 ἰκλι-

457 2389 514 2441 et
556 2399 589 2442 a
617 2382 738 2442 Deo
770 2379 1076 2460 inspirata,
1111 2379 1301 2441 electa
1334 2389 1472 2441 sunt
1503 2399 1570 2442 ac
1628 2381 1933 2444 translata.
1964 2380 2099 2444 Haec

2195 2380 2339 2461 γέντα
2401 2381 2466 2437 τὰ
2521 2379 2845 2458 ἇληθεστερα
2875 2379 2963 2433 nni
2991 2377 3335 2440 θεόπνευστα.
3372 2385 3548 2435 Ταῦτα
3581 2381 3650 2434 τὰ
3702 2380 3847 2435 ἁνα-

459 2479 750 2550 suntquae
774 2468 1078 2550 leguntur,
1114 2478 1231 2530 etc.

2183 2471 2579 2552 γινωσκόμενα,
2613 2475 2727 2530 etc.

2108 2645 2211 2712 IV.

1279 2771 1344 2836 S.
1383 2775 1758 2848 EPIPBANIUS,
1795 2771 2013 2834 heresi
2043 2784 2190 2846 xxx,
2221 2766 2678 2844 Ebionworum,
2708 2785 2878 2830 num.
2915 2768 3009 2832 l5.

542 2969 796 3030 Utuntur
825 2973 1025 3028 autem
1055 2966 1262 3028 etaliis
1287 2967 1640 3047 quibusdam
1667 2967 1854 3040 libris,
1884 2983 2102 3044 nempe

2265 2972 2503 3044 Χρῶνται
2541 2963 2594 3020 δὲ
2625 2965 2711 3020 καὶ
2732 2961 2916 3028 ἄλλαις
2957 2964 3058 3020 τισὶ
3103 2960 3331 3040 βιὸλοις,
3364 2958 3516 3027 δῆθεν
3547 2974 3675 3023 ταῖς
3714 2967 3833 3016 Πε-

456 3057 527 3118 iis
557 3058 655 3136 qui
690 3068 977 3118 vocantur
1003 3055 1298 3116 Circuitus
1332 3057 1516 3130 Petri,
1557 3075 1589 3116 a
1620 3057 1929 3118 Clemente
1950 3074 2099 3115 con-

2195 3053 2379 3117 >ιόόοις
2409 3053 2761 3129 καλουμέναις
2795 3053 3012 3131 Πέτρου,
3048 3053 3173 3114 ταῖς
3207 3049 3291 3106 διὰ
3328 3051 3644 3124 Κλήμεντος
3694 3073 3843 3128 γρα-

455 3147 660 3226 scripti
698 3157 911 3226 :atque
943 3165 1012 3207 ea
1041 3145 1283 3225 quidem
1320 3147 1525 3224 qumin
1560 3145 1679 3207 illis
1711 3145 2099 3209 continentur

456 3244 1068 3314 corruperunt,pnuca
1096 3244 1291 3297 autem
1319 3253 1405 3295 νει
1425 3254 1457 3294 a
1489 3235 2101 3316 reliqueruntzquem-

456 3325 778 3386 admodum
811 3343 914 3384 eos
930 3325 1058 3402 ipse
1081 3323 1361 3386 Clemens
1385 3325 1666 3386 omnibus
1690 3325 1881 3386 modis
1897 3325 2102 3384 redar-

456 3414 600 3492 guit,
639 3432 745 3493 per
772 3411 1058 3493 epistolas
1090 3413 1666 3494 circularesquae,ab
1689 3413 2104 3492 eoscriptzeﬁn

457 3501 681 3564 sanctis
703 3502 980 3564 ecclesiis
1013 3500 1468 3580 legunturQuia
1491 3503 1668 3564 alium
1702 3501 1880 3564 habet
1900 3502 2105 3563 chara-

2184 3146 2412 3220 φείσαιςο
2473 3143 2811 3206 νοθεύσαντες
2843 3143 2937 3216 μὲν
2966 3144 3032 3199 τὰ
3061 3142 3113 3197 ἒν
3147 3145 3356 3205 αὐταῖς·
3406 3138 3558 3215 ὀλίγα
3595 3137 3653 3194 δὲ
3685 3139 3848 3207 ἅλη-

2184 3235 2299 3291 θινὰ
2360 3234 2633 3298 ἐάσαντες·
2673 3235 2746 3297 ὡς
2798 3235 2954 3294 αὐτὸς
3023 3231 3250 3305 Κλήμης
3280 3231 3466 3289 αὐτοὺς
3496 3231 3636 3284 κατὰ
3664 3230 3849 3285 πάντα

2186 3323 2426 3404 ἐλέγχει,
2460 3321 2552 3402 ἀφ’
2605 3322 2680 3378 ὧν
2738 3321 2967 3400 ἔγραψεν
3026 3319 3354 3378 Ἐπιστολῶν
3399 3316 3696 3395 ἐγκυκλίων
3731 3319 3846 3376 tti

2187 3413 2239 3468 ἰν
2293 3425 2415 3478 ταῖς
2473 3413 2647 3491 ἁγίαις
2688 3411 2997 3479 ἐκκλησίαις
3024 3408 3558 3489 ἀναγινωσκομένων·
3613 3406 3702 3462 ὅτι
3736 3406 3851 3463 ἆλ-

2187 3504 2279 3559 λον
2332 3501 2450 3582 ἔχει
2500 3507 2818 3581 χαρακτῆρα
2866 3504 2901 3570 ἠ
2945 3503 3136 3559 ἑαυτοῦ
3184 3499 3358 3564 πίστις
3411 3499 3498 3554 καὶ
3555 3499 3583 3552 ὁ
3647 3495 3846 3577 λόγος,

457 3582 683 3652 cterem
715 3591 863 3652 ﬁdes
897 3591 1057 3651 illius
1090 3609 1158 3652 ac
1181 3592 1393 3667 oratio,
1421 3591 1493 3652 ab
1533 3592 1608 3654 iis
1667 3610 1798 3669 quae
1842 3590 1956 3653 sub
1992 3610 2102 3651 no-

2195 3593 2328 3671 παρὰ
2381 3593 2446 3648 τὰ
2502 3591 2604 3647 ὕπὸ
2644 3591 2843 3649 τούτωι
2897 3593 2969 3656 εἰς
3001 3588 3171 3664 ὄνομα
3216 3587 3374 3644 αὐτοῦ
3417 3586 3471 3641 ἓν
3493 3599 3617 3650 ταῖς
3652 3589 3856 3665 Περιό-

459 3681 618 3741 miue
651 3681 782 3759 ejus
815 3682 904 3740 isti
937 3681 992 3740 iu
1053 3681 1422 3742 Circuitibus
1480 3689 1944 3761 supposuerunt.
2001 3680 2105 3741 llle

460 3771 618 3830 enim
668 3769 1064 3848 virginitatem
1100 3769 1320 3840 docet;
1355 3779 1413 3832 at
1443 3771 1537 3831 isti
1597 3771 1934 3851 repudiant.
1998 3769 2105 3831 Ille

459 3858 671 3933 Etiam,
698 3861 1002 3930 Davidem,
1025 3858 1414 3939 Sampsouem
1437 3879 1763 3940 omnesque
1782 3861 2104 3941 prophetas

459 3949 836 4009 commendat
867 3969 882 4020 ;
919 3968 1065 4028 quos
1096 3949 1194 4011 isti
1221 3949 1611 4013 detestantur.
1647 3948 1848 4031 Itaque
1883 3950 1938 4010 in
1965 3950 2101 4012 Cir-

461 4038 713 4099 cuitibus
728 4038 1005 4099 omniaad
1021 4057 1193 4099 suum
1208 4040 1532 4100 institutum
1546 4039 2099 4116 accommodarent,

460 4145 527 4187 ac
573 4128 646 4188 de
681 4130 852 4187 Petro
879 4128 1061 4188 multa
1087 4129 1399 4190 mendacia
1429 4130 1848 4191 conﬁnxerunt
1883 4148 1895 4191 :
1935 4131 2105 4209 quasi

463 4217 512 4276 is
542 4215 810 4295 quotidie
839 4217 1208 4278 castimoniae
1237 4237 1419 4280 causa
1450 4219 1694 4290 laverit,
1737 4219 1889 4280 sicut
1917 4229 1976 4280 et
2007 4218 2104 4281 isti

459 4306 704 4368 t'aciunt.‘
736 4303 1026 4366 Eumdem
1061 4308 1238 4368 etiam
1262 4309 1430 4369 aiunt
1457 4308 1819 4371 abstinuisse
1850 4307 1922 4370 ab
1980 4309 2104 4369 ani-

460 4394 633 4455 matis
662 4402 724 4455 et
747 4395 1052 4470 carnibus,
1082 4403 1146 4457 ut
1170 4397 1281 4477 ipsi
1313 4398 1503 4459 solent
1538 4419 1554 4474 ;
1587 4408 1645 4460 et
1675 4397 1748 4460 ab
1780 4398 1945 4459 omni
1987 4398 2102 4460 alio

460 4483 593 4546 cibo
623 4483 726 4565 qui
785 4501 963 4546 carne
1020 4496 1288 4561 constet;
1351 4487 1832 4570 quandoquidem
1886 4497 1944 4550 et
1975 4490 2104 4569 ipse

456 4573 668 4649 Ebiou,
697 4581 757 4635 et
787 4572 1076 4637 Ebionitm
1098 4576 1344 4637 omnino
1376 4576 1450 4638 ab
1481 4577 1556 4639 iis
1585 4577 1908 4640 abstinent.
1950 4577 2104 4658 Lege

458 4662 768 4743 Recognit.
801 4663 899 4724 lib.
938 4681 1013 4745 IV,
1041 4683 1173 4745 cap.
1207 4666 1285 4747 3;
1318 4666 1424 4730 lib.
1457 4683 1519 4747 v,
1551 4685 1681 4748 cap.
1711 4667 1788 4731 36
1822 4689 1838 4740 ;
1872 4665 2100 4745 lib.vn,

457 4753 667 4829 cap.6,
703 4762 761 4813 et
797 4752 880 4814 lib
942 4771 1062 4835 vm,
1094 4775 1224 4836 cap.
1259 4757 1282 4816 l
1317 4764 1376 4816 et
1405 4758 1463 4816 Ξ.

2091 4935 2167 5006 ν.

2188 3680 2297 3745 δοις
2350 3680 2714 3756 νενοθευμένα.
2761 3680 2938 3746 Αὖτὸς
2988 3681 3088 3758 γὰρ
3143 3679 3421 3755 παρθενίαν
3451 3673 3711 3749 διδάσκει,
3755 3678 3852 3734 καὶ

2188 3771 2333 3828 αὑτοὶ
2399 3769 2459 3826 οὒ
2484 3768 2756 3849 δέχονται.
2787 3769 2960 3833 Αὒτὸς
2990 3771 3089 3848 γὰρ
3122 3767 3444 3844 ἐγκωμιάζει
3496 3763 3709 3836 Ἠλίαν,
3750 3765 3847 3822 καὶ

2191 3859 2372 3940 Δαϐὶδ,
2448 3861 2534 3916 καὶ
2582 3859 2844 3935 Σαξζίψὼν,
2905 3860 2991 3914 καὶ
3023 3858 3224 3914 πάντας
3257 3855 3377 3918 τοὺς
3411 3853 3714 3933 προφήτας,
3757 3854 3850 3919 οἷς

2187 3953 2330 4007 οὗτοι
2382 3946 2772 4025 βδελύττονται.
2822 3947 2912 4005 Ἐν
2954 3960 3076 4009 ταῖς
3109 3948 3197 4003 οὖν
3233 3941 3500 4022 Περιόδοις
3534 3945 3591 3999 τὲ
3626 3950 3734 4000 πᾶν
3769 3945 3845 4007 εἷς

2189 4041 2403 4102 ἑαυτοὺς
2475 4040 2837 4116 μετήνεγκαν,
2929 4035 3391 4112 καταψευσάμενοι
3455 4034 3651 4111 Πέτρου
3703 4034 3852 4089 κατὰ

2186 4128 2413 4191 πολλοὺς
2470 4127 2718 4206 τρόπους⁶
2796 4129 2868 4190 ὡς
2921 4130 3077 4185 αὒτοῦ
3149 4124 3267 4182 καθ’
3316 4122 3518 4200 ἡμέραν
3575 4123 3852 4198 βαπτιζο-

2186 4219 2347 4296 μένου
2416 4216 2671 4292 ἆννισμοῦ
2729 4215 2932 4295 ἕνεκεν,
2986 4217 3217 4292 καθάπερ
3275 4215 3366 4270 καὶ
3398 4211 3562 4275 οὗτοι,
3622 4209 3851 4286 Ἐμψύ-

2185 4331 2305 4389 χων
2336 4328 2394 4363 τε
2433 4307 2523 4363 τὸν
2581 4307 2737 4362 αὐτὸν
2765 4305 3060 4386 ἀπέχεσθαι
3095 4306 3184 4361 καὶ
3216 4309 3408 4379 κρεῶν,
3442 4303 3514 4364 ὡς
3546 4303 3634 4356 καὶ
3667 4301 3824 4358 οὗτοι

2185 4400 2274 4455 καὶ
2305 4397 2481 4463 πάσης
2534 4391 2706 4462 ἄλλης
2765 4389 2964 4460 ἔᾶωδῆς
2994 4399 3091 4461 τῆς
3136 4393 3242 4449 ἀπὸ
3275 4395 3485 4468 σαρκῶν
3519 4389 3850 4466 πεποιημέ-

2188 4509 2283 4554 νης
2317 4486 2584 4564 λέγουσιν,
2639 4472 2926 4561 ἐπειδήπερ
2977 4485 3065 4539 καὶ
3123 4485 3277 4547 αὐτὸς
3309 4478 3499 4537 Ἐὅίων
3531 4482 3616 4535 καὶ
3647 4475 3854 4538 Ἐὖιωο

2189 4590 2333 4634 ντται
2357 4578 2630 4638 παντελῶς
2663 4573 2958 4651 ἀπέχονται
2989 4571 3212 4630 τούτων.

1477 5113 1540 5180 S.
1581 5115 1990 5200 Hienommus,
2027 5120 2110 5179 De
2138 5115 2260 5181 vir.
2293 5110 2547 5183 illum,
2581 5124 2712 5186 cap.
2749 5114 2806 5165 t.

541 5384 703 5451 Libri
740 5391 963 5462 autem,
998 5403 1028 5440 θ
1055 5380 1270 5463 quibus
1301 5401 1453 5444 unus
1485 5385 1768 5449 Actorum
1802 5390 1931 5470 ejus
1969 5389 2099 5470 (Pe-

2653 5285 2755 5349 ΕΞ
2782 5287 3038 5365 antiqua
3071 5285 3373 5347 versione.

2262 5387 2338 5444 Τὰ
2375 5382 2428 5441 δὲ
2487 5381 2895 5461 συγγράμματα,
2947 5376 3087 5434 τοῦτ’
3121 5377 3229 5434 ἔστι
3290 5371 3583 5455 πρῶτοηὸ
3637 5375 3848 5456 ἐπιγε-

460 5481 550 5557 tri)
575 5472 945 5552 inscribitur,
981 5472 1131 5533 alius
1160 5473 1485 5555 Evangelii,
1532 5479 1739 5539 tertius
1797 5464 2097 5542 Praedica-

2195 5496 2437 5556 γριπτχι,
2497 5471 2709 5550 Πρέξεις
2764 5469 2940 5525 αὖτοῦ·
3008 5466 3268 5546 δεύτερον,
3310 5464 3659 5545 Εὗιγγέ).ιον⁹
3721 5467 3854 5548 τρί-

457 5569 660 5645 ιίοιιίδθ
681 5572 925 5643 quartus
942 5562 1402 5642 Apocalypseos,
1434 5564 1676 5643 quintus
1696 5568 1916 5630 Judicii
1945 5570 2102 5633 inter

2195 5587 2296 5643 ιον,
2361 5563 2638 5639 Κήρυγμν

454 5657 814 5738 apocryphas
845 5651 1170 5728 scripturas
1211 5661 1566 5729 reputantur
1616 5655 1732 5736 (3).
1770 5658 1924 5738 Lege
1955 5660 2102 5722 Fre-

455 5749 704 5817 cultum,
781 5749 924 5800 tom.
960 5739 1032 5819 Il,
1090 5740 1195 5800 lib.
1252 5757 1295 5815 ι,
1329 5759 1458 5822 cap.
1513 5743 1612 5818 20,
1667 5755 1720 5806 et
1778 5747 2102 5812 Honorium

458 5840 735 5911 August.,
783 5845 917 5906 cap.
952 5835 1011 5888 t.

541 6009 627 6087 (3)
652 6007 1064 6086 Reputanlur.
1087 6005 1182 6067 Al.
1216 6009 1642 6087 repudiantur.

2729 5560 2997 5636 τέταρτον,
3082 5555 3407 5627 Ἀποκάλυψ
3420 5571 3489 5617 ις’
3564 5555 3852 5636 πέμπτον,

2191 5653 2393 5732 Κρῖσις·
2422 5653 2494 5712 ὡς
2540 5649 2815 5727 ἀπόκρυφα
2863 5645 2990 5701 ὅντα
3024 5644 3498 5719 ἀποδοκιμάζεται.
