  <div class='ocr_page' id='page_1' title='image "/cluster/home/n/w/nwhite01/storage/ocr_20150623/1/hvd.32044073501413/594.png"; bbox 0 0 2028 3176; ppageno 0'>
   <div class='ocr_carea' id='block_1_1' title="bbox 229 145 1053 185">
    <p class='ocr_par' dir='ltr' id='par_1_1' title="bbox 229 147 1053 185">
     <span class='ocr_line' id='line_1_1' title="bbox 229 147 1053 185; baseline -0.004 -5"><span class='ocrx_word' id='word_1_1' title='bbox 229 147 305 180; x_wconf 71' lang='grc' dir='ltr'><strong>Ηπὸ</strong></span> <span class='ocrx_word' id='word_1_2' title='bbox 640 147 671 178; x_wconf 81' lang='grc'><strong>8.</strong></span> <span class='ocrx_word' id='word_1_3' title='bbox 694 147 912 185; x_wconf 64' lang='grc' dir='ltr'><strong>ΟΒΕΜΜΙΒ</strong></span> <span class='ocrx_word' id='word_1_4' title='bbox 931 147 942 177; x_wconf 90' lang='lat' dir='ltr'><strong>l</strong></span> <span class='ocrx_word' id='word_1_5' title='bbox 963 147 1053 179; x_wconf 81' lang='lat' dir='ltr'><strong>ROM.</strong></span> 
     </span>
    </p>
   </div>
   <div class='ocr_carea' id='block_1_2' title="bbox 1099 145 1927 185">
    <p class='ocr_par' dir='ltr' id='par_1_2' title="bbox 1099 145 1927 182">
     <span class='ocr_line' id='line_1_2' title="bbox 1099 145 1927 182; baseline 0 -3"><span class='ocrx_word' id='word_1_6' title='bbox 1099 147 1194 182; x_wconf 59' lang='lat' dir='ltr'><strong>0N7.</strong></span> <span class='ocrx_word' id='word_1_7' title='bbox 1216 146 1347 180; x_wconf 72' lang='lat' dir='ltr'><strong>OPERL</strong></span> <span class='ocrx_word' id='word_1_8' title='bbox 1367 145 1496 178; x_wconf 84' lang='lat' dir='ltr'><strong>DUBIA.</strong></span> <span class='ocrx_word' id='word_1_9' title='bbox 1840 146 1927 179; x_wconf 71' lang='grc'><strong>11⁸15</strong></span> 
     </span>
    </p>
   </div>
   <div class='ocr_carea' id='block_1_3' title="bbox 227 209 1926 255">
    <p class='ocr_par' dir='ltr' id='par_1_3' title="bbox 227 209 1926 255">
     <span class='ocr_line' id='line_1_3' title="bbox 227 209 1926 255; baseline 0 -12"><span class='ocrx_word' id='word_1_10' title='bbox 227 213 355 249; x_wconf 66' lang='lat' dir='ltr'><strong>advenit!</strong></span> <span class='ocrx_word' id='word_1_11' title='bbox 380 213 449 255; x_wconf 71' lang='lat' dir='ltr'><strong>ejus</strong></span> <span class='ocrx_word' id='word_1_12' title='bbox 470 212 629 248; x_wconf 79' lang='lat' dir='ltr'><strong>certiorem</strong></span> <span class='ocrx_word' id='word_1_13' title='bbox 648 213 771 250; x_wconf 75' lang='lat' dir='ltr'><strong>factum.</strong></span> <span class='ocrx_word' id='word_1_14' title='bbox 795 212 828 245; x_wconf 91' lang='lat' dir='ltr'><strong>in</strong></span> <span class='ocrx_word' id='word_1_15' title='bbox 843 212 958 254; x_wconf 71' lang='lat' dir='ltr'><strong>Syriam</strong></span> <span class='ocrx_word' id='word_1_16' title='bbox 981 211 1171 246; x_wconf 78' lang='lat' dir='ltr'><strong>ten-Abere.</strong></span> <span class='ocrx_word' id='word_1_17' title='bbox 1188 210 1262 245; x_wconf 82' lang='lat' dir='ltr'><strong>Illos</strong></span> <span class='ocrx_word' id='word_1_18' title='bbox 1281 210 1454 251; x_wconf 74' lang='lat' dir='ltr'><strong>autemqui</strong></span> <span class='ocrx_word' id='word_1_19' title='bbox 1474 209 1532 242; x_wconf 89' lang='lat' dir='ltr'><strong>hoc</strong></span> <span class='ocrx_word' id='word_1_20' title='bbox 1557 210 1794 250; x_wconf 62' lang='lat' dir='ltr'><strong>regenerationis</strong></span> <span class='ocrx_word' id='word_1_21' title='bbox 1815 219 1926 243; x_wconf 81' lang='lat' dir='ltr'><strong>sacra-</strong></span> 
     </span>
    </p>
   </div>
   <div class='ocr_carea' id='block_1_4' title="bbox 227 255 1922 300">
    <p class='ocr_par' dir='ltr' id='par_1_4' title="bbox 227 255 1922 300">
     <span class='ocr_line' id='line_1_4' title="bbox 227 255 1922 300; baseline -0.002 -9"><span class='ocrx_word' id='word_1_22' title='bbox 227 259 348 294; x_wconf 85' lang='lat' dir='ltr'><strong>dsntem</strong></span> <span class='ocrx_word' id='word_1_23' title='bbox 361 259 511 300; x_wconf 81' lang='lat' dir='ltr'><strong>aufugisse</strong></span> <span class='ocrx_word' id='word_1_24' title='bbox 522 270 535 295; x_wconf 87' lang='lat'><strong>,-</strong></span> <span class='ocrx_word' id='word_1_25' title='bbox 550 263 579 290; x_wconf 90' lang='lat' dir='ltr'><strong>et</strong></span> <span class='ocrx_word' id='word_1_26' title='bbox 595 258 737 299; x_wconf 83' lang='lat' dir='ltr'><strong>populum</strong></span> <span class='ocrx_word' id='word_1_27' title='bbox 750 257 937 299; x_wconf 87' lang='lat' dir='ltr'><strong>frequentem</strong></span> <span class='ocrx_word' id='word_1_28' title='bbox 951 259 988 290; x_wconf 85' lang='lat' dir='ltr'><strong>ad</strong></span> <span class='ocrx_word' id='word_1_29' title='bbox 1001 259 1046 299; x_wconf 87' lang='lat' dir='ltr'><strong>ja—</strong></span> <span class='ocrx_word' id='word_1_30' title='bbox 1089 260 1189 288; x_wconf 89' lang='lat' dir='ltr'><strong>mento</strong></span> <span class='ocrx_word' id='word_1_31' title='bbox 1204 256 1311 287; x_wconf 91' lang='lat' dir='ltr'><strong>initiati</strong></span> <span class='ocrx_word' id='word_1_32' title='bbox 1324 259 1420 300; x_wconf 88' lang='lat' dir='ltr'><strong>erant,</strong></span> <span class='ocrx_word' id='word_1_33' title='bbox 1436 255 1678 296; x_wconf 87' lang='lat' dir='ltr'><strong>commonefecit,</strong></span> <span class='ocrx_word' id='word_1_34' title='bbox 1697 255 1772 297; x_wconf 86' lang='lat' dir='ltr'><strong>ipsis</strong></span> <span class='ocrx_word' id='word_1_35' title='bbox 1788 265 1851 288; x_wconf 91' lang='lat' dir='ltr'><strong>non</strong></span> <span class='ocrx_word' id='word_1_36' title='bbox 1869 266 1922 287; x_wconf 85' lang='lat' dir='ltr'><strong>so-</strong></span> 
     </span>
    </p>
   </div>
   <div class='ocr_carea' id='block_1_5' title="bbox 227 299 1927 345">
    <p class='ocr_par' dir='ltr' id='par_1_5' title="bbox 227 299 1927 345">
     <span class='ocr_line' id='line_1_5' title="bbox 227 299 1927 345; baseline -0.003 -6"><span class='ocrx_word' id='word_1_37' title='bbox 227 313 328 343; x_wconf 77' lang='lat' dir='ltr'><strong>nuam,</strong></span> <span class='ocrx_word' id='word_1_38' title='bbox 345 309 378 339; x_wconf 88' lang='lat' dir='ltr'><strong>ut</strong></span> <span class='ocrx_word' id='word_1_39' title='bbox 388 299 543 342; x_wconf 55' lang='lat' dir='ltr'><strong>“sibones</strong></span> <span class='ocrx_word' id='word_1_40' title='bbox 557 304 624 345; x_wconf 78' lang='lat' dir='ltr'><strong>ejus</strong></span> <span class='ocrx_word' id='word_1_41' title='bbox 634 303 763 340; x_wconf 74' lang='lat' dir='ltr'><strong>audiret.</strong></span> <span class='ocrx_word' id='word_1_42' title='bbox 801 303 858 345; x_wconf 87' lang='lat' dir='ltr'><strong>ipsi</strong></span> <span class='ocrx_word' id='word_1_43' title='bbox 878 304 1049 336; x_wconf 72' lang='lat' dir='ltr'><strong>avidissime</strong></span> <span class='ocrx_word' id='word_1_44' title='bbox 1089 300 1153 334; x_wconf 87' lang='lat' dir='ltr'><strong>lum</strong></span> <span class='ocrx_word' id='word_1_45' title='bbox 1169 301 1280 332; x_wconf 87' lang='lat' dir='ltr'><strong>omnia</strong></span> <span class='ocrx_word' id='word_1_46' title='bbox 1294 299 1477 345; x_wconf 71' lang='lat' dir='ltr'><strong>operations</strong></span> <span class='ocrx_word' id='word_1_47' title='bbox 1490 308 1558 345; x_wconf 71' lang='lat' dir='ltr'><strong>quae</strong></span> <span class='ocrx_word' id='word_1_48' title='bbox 1564 300 1711 345; x_wconf 79' lang='lat' dir='ltr'><strong>hactenus</strong></span> <span class='ocrx_word' id='word_1_49' title='bbox 1720 306 1927 341; x_wconf 78' lang='lat' dir='ltr'><strong>egeranteon-</strong></span> 
     </span>
    </p>
   </div>
   <div class='ocr_carea' id='block_1_6' title="bbox 226 344 1926 393">
    <p class='ocr_par' dir='ltr' id='par_1_6' title="bbox 226 344 1926 393">
     <span class='ocr_line' id='line_1_6' title="bbox 226 344 1926 393; baseline 0 -14"><span class='ocrx_word' id='word_1_50' title='bbox 226 349 401 393; x_wconf 65' lang='lat' dir='ltr'><strong>prastolari.</strong></span> <span class='ocrx_word' id='word_1_51' title='bbox 575 344 579 345; x_wconf 58' lang='grc'><strong><em>⁷</em></strong></span> <span class='ocrx_word' id='word_1_52' title='bbox 815 344 819 345; x_wconf 58' lang='grc'><strong><em>⁷</em></strong></span> <span class='ocrx_word' id='word_1_53' title='bbox 1090 346 1175 393; x_wconf 79' lang='lat' dir='ltr'><strong>tilum</strong></span> <span class='ocrx_word' id='word_1_54' title='bbox 1186 354 1221 393; x_wconf 77' lang='lat' dir='ltr'><strong>es</strong></span> <span class='ocrx_word' id='word_1_55' title='bbox 1230 354 1264 377; x_wconf 88' lang='lat' dir='ltr'><strong>se</strong></span> <span class='ocrx_word' id='word_1_56' title='bbox 1276 344 1483 393; x_wconf 79' lang='lat' dir='ltr'><strong>facienda,sed</strong></span> <span class='ocrx_word' id='word_1_57' title='bbox 1488 344 1526 377; x_wconf 84' lang='lat' dir='ltr'><strong>ad</strong></span> <span class='ocrx_word' id='word_1_58' title='bbox 1532 344 1926 393; x_wconf 66' lang='lat' dir='ltr'><strong>sublimiorespert‘ectioris</strong></span> 
     </span>
    </p>
   </div>
   <div class='ocr_carea' id='block_1_7' title="bbox 267 390 1925 436">
    <p class='ocr_par' dir='ltr' id='par_1_7' title="bbox 267 390 1925 436">
     <span class='ocr_line' id='line_1_7' title="bbox 267 390 1925 436; baseline -0.002 -7"><span class='ocrx_word' id='word_1_59' title='bbox 267 394 466 432; x_wconf 81' lang='lat' dir='ltr'><strong>Quamobrem</strong></span> <span class='ocrx_word' id='word_1_60' title='bbox 482 399 682 436; x_wconf 87' lang='lat' dir='ltr'><strong>opportunum</strong></span> <span class='ocrx_word' id='word_1_61' title='bbox 697 393 750 427; x_wconf 84' lang='lat' dir='ltr'><strong>ille</strong></span> <span class='ocrx_word' id='word_1_62' title='bbox 765 399 868 427; x_wconf 85' lang='lat' dir='ltr'><strong>nactus</strong></span> <span class='ocrx_word' id='word_1_63' title='bbox 880 394 988 429; x_wconf 88' lang='lat' dir='ltr'><strong>locum.</strong></span> <span class='ocrx_word' id='word_1_64' title='bbox 1003 397 1050 426; x_wconf 89' lang='lat' dir='ltr'><strong>st-</strong></span> <span class='ocrx_word' id='word_1_65' title='bbox 1095 390 1212 426; x_wconf 74' lang='lat' dir='ltr'><strong>virtutis</strong></span> <span class='ocrx_word' id='word_1_66' title='bbox 1220 390 1339 436; x_wconf 72' lang='lat' dir='ltr'><strong>gradus</strong></span> <span class='ocrx_word' id='word_1_67' title='bbox 1348 398 1470 436; x_wconf 78' lang='lat' dir='ltr'><strong>semper</strong></span> <span class='ocrx_word' id='word_1_68' title='bbox 1479 399 1547 425; x_wconf 84' lang='lat' dir='ltr'><strong>esse</strong></span> <span class='ocrx_word' id='word_1_69' title='bbox 1561 390 1796 424; x_wconf 75' lang='lat' dir='ltr'><strong>ascendentium.</strong></span> <span class='ocrx_word' id='word_1_70' title='bbox 1807 392 1925 425; x_wconf 60' lang='lat' dir='ltr'><strong>Haut</strong></span> 
     </span>
    </p>
   </div>
   <div class='ocr_carea' id='block_1_8' title="bbox 227 435 1923 482">
    <p class='ocr_par' dir='ltr' id='par_1_8' title="bbox 227 435 1923 482">
     <span class='ocr_line' id='line_1_8' title="bbox 227 435 1923 482; baseline -0.004 -6"><span class='ocrx_word' id='word_1_71' title='bbox 227 449 286 482; x_wconf 70' lang='lat' dir='ltr'><strong>qua</strong></span> <span class='ocrx_word' id='word_1_72' title='bbox 305 449 343 478; x_wconf 64' lang='lat' dir='ltr'><strong>ea</strong></span> <span class='ocrx_word' id='word_1_73' title='bbox 356 439 394 474; x_wconf 80' lang='lat' dir='ltr'><strong>iis</strong></span> <span class='ocrx_word' id='word_1_74' title='bbox 407 449 483 481; x_wconf 82' lang='lat' dir='ltr'><strong>quos</strong></span> <span class='ocrx_word' id='word_1_75' title='bbox 504 435 542 472; x_wconf 84' lang='lat' dir='ltr'><strong>ab</strong></span> <span class='ocrx_word' id='word_1_76' title='bbox 557 439 694 480; x_wconf 88' lang='lat' dir='ltr'><strong>corporis</strong></span> <span class='ocrx_word' id='word_1_77' title='bbox 719 438 947 479; x_wconf 64' lang='lat' dir='ltr'><strong>egritudinibus</strong></span> <span class='ocrx_word' id='word_1_78' title='bbox 975 439 1021 471; x_wconf 85' lang='lat' dir='ltr'><strong>vel</strong></span> <span class='ocrx_word' id='word_1_79' title='bbox 1037 449 1054 471; x_wconf 90' lang='lat' dir='ltr'><strong>a</strong></span> <span class='ocrx_word' id='word_1_80' title='bbox 1095 435 1786 482; x_wconf 7' lang='lat' dir='ltr'><strong>hirsimilta,yinquitClemensmwsrdizisset</strong></span> <span class='ocrx_word' id='word_1_81' title='bbox 1796 438 1923 476; x_wconf 68' lang='lat' dir='ltr'><strong>Petrus,</strong></span> 
     </span>
    </p>
   </div>
   <div class='ocr_carea' id='block_1_9' title="bbox 229 480 1925 526">
    <p class='ocr_par' dir='ltr' id='par_1_9' title="bbox 229 480 1925 526">
     <span class='ocr_line' id='line_1_9' title="bbox 229 480 1925 526; baseline -0.003 -6"><span class='ocrx_word' id='word_1_82' title='bbox 229 480 372 520; x_wconf 64' lang='lat' dir='ltr'><strong>damonis</strong></span> <span class='ocrx_word' id='word_1_83' title='bbox 380 480 571 526; x_wconf 76' lang='lat' dir='ltr'><strong>possessione</strong></span> <span class='ocrx_word' id='word_1_84' title='bbox 581 484 772 525; x_wconf 84' lang='lat' dir='ltr'><strong>liberaverat,</strong></span> <span class='ocrx_word' id='word_1_85' title='bbox 780 489 988 525; x_wconf 84' lang='lat' dir='ltr'><strong>argumentum</strong></span> <span class='ocrx_word' id='word_1_86' title='bbox 1001 485 1057 517; x_wconf 89' lang='lat' dir='ltr'><strong>du-</strong></span> <span class='ocrx_word' id='word_1_87' title='bbox 1096 482 1214 526; x_wconf 61' lang='lat' dir='ltr'><strong>dimisit</strong></span> <span class='ocrx_word' id='word_1_88' title='bbox 1228 480 1347 526; x_wconf 53' lang='lat' dir='ltr'><strong>turbas.</strong></span> <span class='ocrx_word' id='word_1_89' title='bbox 1364 481 1425 513; x_wconf 90' lang='lat' dir='ltr'><strong>Per</strong></span> <span class='ocrx_word' id='word_1_90' title='bbox 1443 484 1510 513; x_wconf 80' lang='lat' dir='ltr'><strong>tres</strong></span> <span class='ocrx_word' id='word_1_91' title='bbox 1525 484 1626 513; x_wconf 67' lang='lat' dir='ltr'><strong>utam</strong></span> <span class='ocrx_word' id='word_1_92' title='bbox 1642 481 1779 526; x_wconf 79' lang='lat' dir='ltr'><strong>integros</strong></span> <span class='ocrx_word' id='word_1_93' title='bbox 1801 492 1925 515; x_wconf 69' lang='lat' dir='ltr'><strong>mensa</strong></span> 
     </span>
    </p>
   </div>
   <div class='ocr_carea' id='block_1_10' title="bbox 228 525 1923 571">
    <p class='ocr_par' dir='ltr' id='par_1_10' title="bbox 228 525 1923 571">
     <span class='ocr_line' id='line_1_10' title="bbox 228 525 1923 571; baseline -0.004 -8"><span class='ocrx_word' id='word_1_94' title='bbox 228 540 311 571; x_wconf 83' lang='lat' dir='ltr'><strong>cens,</strong></span> <span class='ocrx_word' id='word_1_95' title='bbox 328 525 449 571; x_wconf 83' lang='lat' dir='ltr'><strong>planum</strong></span> <span class='ocrx_word' id='word_1_96' title='bbox 464 529 603 571; x_wconf 83' lang='lat' dir='ltr'><strong>omnibus</strong></span> <span class='ocrx_word' id='word_1_97' title='bbox 618 530 689 571; x_wconf 77' lang='lat' dir='ltr'><strong>fecit</strong></span> <span class='ocrx_word' id='word_1_98' title='bbox 699 530 907 571; x_wconf 66' lang='lat' dir='ltr'><strong>aegrotationes</strong></span> <span class='ocrx_word' id='word_1_99' title='bbox 918 531 1053 562; x_wconf 87' lang='lat' dir='ltr'><strong>morbos-</strong></span> <span class='ocrx_word' id='word_1_100' title='bbox 1095 525 1174 566; x_wconf 83' lang='lat' dir='ltr'><strong>apud</strong></span> <span class='ocrx_word' id='word_1_101' title='bbox 1187 525 1405 571; x_wconf 56' lang='lat' dir='ltr'><strong>Tripolitanos,</strong></span> <span class='ocrx_word' id='word_1_102' title='bbox 1416 534 1544 571; x_wconf 85' lang='lat' dir='ltr'><strong>quorum</strong></span> <span class='ocrx_word' id='word_1_103' title='bbox 1571 525 1717 566; x_wconf 81' lang='lat' dir='ltr'><strong>plurimos</strong></span> <span class='ocrx_word' id='word_1_104' title='bbox 1731 526 1856 559; x_wconf 71' lang='lat' dir='ltr'><strong>acidum</strong></span> <span class='ocrx_word' id='word_1_105' title='bbox 1879 529 1923 560; x_wconf 66' lang='grc' dir='ltr'><strong>..τι</strong></span> 
     </span>
    </p>
   </div>
   <div class='ocr_carea' id='block_1_11' title="bbox 229 569 1921 614">
    <p class='ocr_par' dir='ltr' id='par_1_11' title="bbox 229 569 1921 614">
     <span class='ocr_line' id='line_1_11' title="bbox 229 569 1921 614; baseline -0.001 -9"><span class='ocrx_word' id='word_1_106' title='bbox 229 580 286 614; x_wconf 86' lang='lat' dir='ltr'><strong>que</strong></span> <span class='ocrx_word' id='word_1_107' title='bbox 297 569 463 608; x_wconf 78' lang='lat' dir='ltr'><strong>hominum.</strong></span> <span class='ocrx_word' id='word_1_108' title='bbox 480 570 587 605; x_wconf 79' lang='lat' dir='ltr'><strong>iisdem</strong></span> <span class='ocrx_word' id='word_1_109' title='bbox 601 570 710 612; x_wconf 89' lang='lat' dir='ltr'><strong>quibus</strong></span> <span class='ocrx_word' id='word_1_110' title='bbox 722 569 740 603; x_wconf 66' lang='grc' dir='ltr'><strong><em>ὁ</em></strong></span> <span class='ocrx_word' id='word_1_111' title='bbox 754 580 824 603; x_wconf 87' lang='lat' dir='ltr'><strong>vero</strong></span> <span class='ocrx_word' id='word_1_112' title='bbox 836 570 890 604; x_wconf 93' lang='lat' dir='ltr'><strong>Dei</strong></span> <span class='ocrx_word' id='word_1_113' title='bbox 902 572 984 604; x_wconf 85' lang='lat' dir='ltr'><strong>cultu</strong></span> <span class='ocrx_word' id='word_1_114' title='bbox 1001 580 1050 603; x_wconf 84' lang='lat' dir='ltr'><strong>re-</strong></span> <span class='ocrx_word' id='word_1_115' title='bbox 1095 571 1198 608; x_wconf 73' lang='lat' dir='ltr'><strong>ﬁdem,</strong></span> <span class='ocrx_word' id='word_1_116' title='bbox 1213 569 1322 603; x_wconf 80' lang='lat' dir='ltr'><strong>eodem</strong></span> <span class='ocrx_word' id='word_1_117' title='bbox 1338 569 1427 604; x_wconf 84' lang='lat' dir='ltr'><strong>modo</strong></span> <span class='ocrx_word' id='word_1_118' title='bbox 1452 569 1651 603; x_wconf 86' lang='lat' dir='ltr'><strong>concionatus</strong></span> <span class='ocrx_word' id='word_1_119' title='bbox 1682 575 1738 603; x_wconf 83' lang='lat' dir='ltr'><strong>est.</strong></span> <span class='ocrx_word' id='word_1_120' title='bbox 1758 572 1828 604; x_wconf 86' lang='lat' dir='ltr'><strong>Post</strong></span> <span class='ocrx_word' id='word_1_121' title='bbox 1844 572 1921 612; x_wconf 67' lang='lat' dir='ltr'><strong>hac,</strong></span> 
     </span>
    </p>
   </div>
   <div class='ocr_carea' id='block_1_12' title="bbox 228 614 1923 658">
    <p class='ocr_par' dir='ltr' id='par_1_12' title="bbox 228 614 1923 658">
     <span class='ocr_line' id='line_1_12' title="bbox 228 614 1923 658; baseline 0.001 -10"><span class='ocrx_word' id='word_1_122' title='bbox 228 619 392 658; x_wconf 80' lang='lat' dir='ltr'><strong>cesserant,</strong></span> <span class='ocrx_word' id='word_1_123' title='bbox 405 615 443 647; x_wconf 87' lang='lat' dir='ltr'><strong>ad</strong></span> <span class='ocrx_word' id='word_1_124' title='bbox 460 624 511 648; x_wconf 87' lang='lat' dir='ltr'><strong>eos</strong></span> <span class='ocrx_word' id='word_1_125' title='bbox 523 616 687 648; x_wconf 79' lang='lat' dir='ltr'><strong>accessisse</strong></span> <span class='ocrx_word' id='word_1_126' title='bbox 701 615 842 655; x_wconf 73' lang='lat' dir='ltr'><strong>gradibus</strong></span> <span class='ocrx_word' id='word_1_127' title='bbox 856 627 864 654; x_wconf 87' lang='lat'><strong>;</strong></span> <span class='ocrx_word' id='word_1_128' title='bbox 880 624 916 647; x_wconf 91' lang='lat' dir='ltr'><strong>ac</strong></span> <span class='ocrx_word' id='word_1_129' title='bbox 929 616 1050 649; x_wconf 83' lang='lat' dir='ltr'><strong>tandem</strong></span> <span class='ocrx_word' id='word_1_130' title='bbox 1092 616 1247 650; x_wconf 80' lang='lat' dir='ltr'><strong>Clemente</strong></span> <span class='ocrx_word' id='word_1_131' title='bbox 1258 614 1386 656; x_wconf 85' lang='lat' dir='ltr'><strong>aliisqu</strong></span> <span class='ocrx_word' id='word_1_132' title='bbox 1397 614 1535 656; x_wconf 72' lang='lat' dir='ltr'><strong>pluribus</strong></span> <span class='ocrx_word' id='word_1_133' title='bbox 1544 625 1633 648; x_wconf 87' lang='lat' dir='ltr'><strong>sacro</strong></span> <span class='ocrx_word' id='word_1_134' title='bbox 1644 615 1827 657; x_wconf 80' lang='lat' dir='ltr'><strong>baptismate</strong></span> <span class='ocrx_word' id='word_1_135' title='bbox 1836 618 1923 650; x_wconf 80' lang='lat' dir='ltr'><strong>ablu-</strong></span> 
     </span>
    </p>
   </div>
   <div class='ocr_carea' id='block_1_13' title="bbox 230 659 1923 704">
    <p class='ocr_par' dir='ltr' id='par_1_13' title="bbox 230 659 1923 704">
     <span class='ocr_line' id='line_1_13' title="bbox 230 659 1923 704; baseline 0 -9"><span class='ocrx_word' id='word_1_136' title='bbox 230 671 265 695; x_wconf 86' lang='lat' dir='ltr'><strong>eo</strong></span> <span class='ocrx_word' id='word_1_137' title='bbox 279 661 361 695; x_wconf 86' lang='lat' dir='ltr'><strong>cultu</strong></span> <span class='ocrx_word' id='word_1_138' title='bbox 375 660 494 701; x_wconf 81' lang='lat' dir='ltr'><strong>penitus</strong></span> <span class='ocrx_word' id='word_1_139' title='bbox 504 659 659 698; x_wconf 86' lang='lat' dir='ltr'><strong>derelicto,</strong></span> <span class='ocrx_word' id='word_1_140' title='bbox 674 664 765 700; x_wconf 82' lang='lat' dir='ltr'><strong>atque</strong></span> <span class='ocrx_word' id='word_1_141' title='bbox 775 660 954 699; x_wconf 85' lang='lat' dir='ltr'><strong>idololatria,</strong></span> <span class='ocrx_word' id='word_1_142' title='bbox 965 661 1051 701; x_wconf 90' lang='lat' dir='ltr'><strong>cujus</strong></span> <span class='ocrx_word' id='word_1_143' title='bbox 1094 660 1424 702; x_wconf 71' lang='lat' dir='ltr'><strong>tis.TripoIiMaronem</strong></span> <span class='ocrx_word' id='word_1_144' title='bbox 1430 659 1617 702; x_wconf 82' lang='lat' dir='ltr'><strong>episcopum,</strong></span> <span class='ocrx_word' id='word_1_145' title='bbox 1627 661 1825 693; x_wconf 84' lang='lat' dir='ltr'><strong>etduodeeim</strong></span> <span class='ocrx_word' id='word_1_146' title='bbox 1839 672 1923 704; x_wconf 84' lang='lat' dir='ltr'><strong>pres-</strong></span> 
     </span>
    </p>
   </div>
   <div class='ocr_carea' id='block_1_14' title="bbox 229 704 1921 748">
    <p class='ocr_par' dir='ltr' id='par_1_14' title="bbox 229 704 1921 748">
     <span class='ocr_line' id='line_1_14' title="bbox 229 704 1921 748; baseline -0.001 -6"><span class='ocrx_word' id='word_1_147' title='bbox 229 705 319 742; x_wconf 80' lang='lat' dir='ltr'><strong>sicuti</strong></span> <span class='ocrx_word' id='word_1_148' title='bbox 327 710 357 739; x_wconf 85' lang='lat' dir='ltr'><strong>et</strong></span> <span class='ocrx_word' id='word_1_149' title='bbox 368 705 472 746; x_wconf 63' lang='lat' dir='ltr'><strong>magis</strong></span> <span class='ocrx_word' id='word_1_150' title='bbox 483 704 628 745; x_wconf 84' lang='lat' dir='ltr'><strong>originem</strong></span> <span class='ocrx_word' id='word_1_151' title='bbox 639 705 754 745; x_wconf 82' lang='lat' dir='ltr'><strong>pandit,</strong></span> <span class='ocrx_word' id='word_1_152' title='bbox 765 705 944 742; x_wconf 86' lang='lat' dir='ltr'><strong>introducta,</strong></span> <span class='ocrx_word' id='word_1_153' title='bbox 953 706 1049 737; x_wconf 83' lang='lat' dir='ltr'><strong>datam</strong></span> <span class='ocrx_word' id='word_1_154' title='bbox 1093 705 1223 747; x_wconf 77' lang='lat' dir='ltr'><strong>byteros.</strong></span> <span class='ocrx_word' id='word_1_155' title='bbox 1234 714 1269 738; x_wconf 89' lang='lat' dir='ltr'><strong>ac</strong></span> <span class='ocrx_word' id='word_1_156' title='bbox 1277 704 1426 746; x_wconf 81' lang='lat' dir='ltr'><strong>quosdam</strong></span> <span class='ocrx_word' id='word_1_157' title='bbox 1442 705 1586 738; x_wconf 84' lang='lat' dir='ltr'><strong>diaconos</strong></span> <span class='ocrx_word' id='word_1_158' title='bbox 1596 707 1717 747; x_wconf 59' lang='lat' dir='ltr'><strong>«cavit,</strong></span> <span class='ocrx_word' id='word_1_159' title='bbox 1726 711 1832 748; x_wconf 77' lang='lat' dir='ltr'><strong>atque,</strong></span> <span class='ocrx_word' id='word_1_160' title='bbox 1844 708 1921 740; x_wconf 85' lang='lat' dir='ltr'><strong>inde</strong></span> 
     </span>
    </p>
   </div>
   <div class='ocr_carea' id='block_1_15' title="bbox 229 749 1701 791">
    <p class='ocr_par' dir='ltr' id='par_1_15' title="bbox 229 749 1701 791">
     <span class='ocr_line' id='line_1_15' title="bbox 229 749 1701 791; baseline -0.001 -8"><span class='ocrx_word' id='word_1_161' title='bbox 229 749 414 785; x_wconf 69' lang='lat' dir='ltr'><strong>damonihus</strong></span> <span class='ocrx_word' id='word_1_162' title='bbox 429 749 543 782; x_wconf 78' lang='lat' dir='ltr'><strong>animas</strong></span> <span class='ocrx_word' id='word_1_163' title='bbox 558 758 661 783; x_wconf 87' lang='lat' dir='ltr'><strong>eorum</strong></span> <span class='ocrx_word' id='word_1_164' title='bbox 683 749 857 791; x_wconf 85' lang='lat' dir='ltr'><strong>possidendi</strong></span> <span class='ocrx_word' id='word_1_165' title='bbox 867 750 1049 784; x_wconf 85' lang='lat' dir='ltr'><strong>facultatem.</strong></span> <span class='ocrx_word' id='word_1_166' title='bbox 1093 750 1213 785; x_wconf 80' lang='lat' dir='ltr'><strong>tandem</strong></span> <span class='ocrx_word' id='word_1_167' title='bbox 1229 758 1380 791; x_wconf 80' lang='lat' dir='ltr'><strong>egressus,</strong></span> <span class='ocrx_word' id='word_1_168' title='bbox 1404 750 1485 782; x_wconf 89' lang='lat' dir='ltr'><strong>venit</strong></span> <span class='ocrx_word' id='word_1_169' title='bbox 1498 750 1701 783; x_wconf 76' lang='lat' dir='ltr'><strong>Antiochiam.</strong></span> 
     </span>
    </p>
   </div>
   <div class='ocr_carea' id='block_1_16' title="bbox 228 794 1922 836">
    <p class='ocr_par' dir='ltr' id='par_1_16' title="bbox 228 794 1922 836">
     <span class='ocr_line' id='line_1_16' title="bbox 228 794 1922 836; baseline 0.001 -7"><span class='ocrx_word' id='word_1_170' title='bbox 228 794 362 829; x_wconf 78' lang='lat' dir='ltr'><strong>Subinde</strong></span> <span class='ocrx_word' id='word_1_171' title='bbox 377 803 410 829; x_wconf 80' lang='lat' dir='ltr'><strong>se</strong></span> <span class='ocrx_word' id='word_1_172' title='bbox 423 803 554 836; x_wconf 86' lang='lat' dir='ltr'><strong>suosque</strong></span> <span class='ocrx_word' id='word_1_173' title='bbox 573 794 611 826; x_wconf 87' lang='lat' dir='ltr'><strong>ad</strong></span> <span class='ocrx_word' id='word_1_174' title='bbox 622 804 724 827; x_wconf 88' lang='lat' dir='ltr'><strong>verum</strong></span> <span class='ocrx_word' id='word_1_175' title='bbox 739 795 848 826; x_wconf 86' lang='lat' dir='ltr'><strong>summi</strong></span> <span class='ocrx_word' id='word_1_176' title='bbox 862 795 914 828; x_wconf 86' lang='lat' dir='ltr'><strong>Dei</strong></span> <span class='ocrx_word' id='word_1_177' title='bbox 938 795 1050 829; x_wconf 88' lang='lat' dir='ltr'><strong>cultum</strong></span> <span class='ocrx_word' id='word_1_178' title='bbox 1133 796 1253 829; x_wconf 64' lang='grc' dir='ltr'><strong>ειη-111</strong></span> <span class='ocrx_word' id='word_1_179' title='bbox 1264 802 1340 828; x_wconf 74' lang='lat' dir='ltr'><strong>nam</strong></span> <span class='ocrx_word' id='word_1_180' title='bbox 1354 794 1441 827; x_wconf 87' lang='lat' dir='ltr'><strong>initio</strong></span> <span class='ocrx_word' id='word_1_181' title='bbox 1457 800 1597 827; x_wconf 83' lang='lat' dir='ltr'><strong>narratur</strong></span> <span class='ocrx_word' id='word_1_182' title='bbox 1607 795 1740 836; x_wconf 86' lang='lat' dir='ltr'><strong>Petrum,</strong></span> <span class='ocrx_word' id='word_1_183' title='bbox 1761 806 1833 828; x_wconf 79' lang='lat' dir='ltr'><strong>cum</strong></span> <span class='ocrx_word' id='word_1_184' title='bbox 1849 797 1922 830; x_wconf 77' lang='lat' dir='ltr'><strong>Tri-</strong></span> 
     </span>
    </p>
   </div>
   <div class='ocr_carea' id='block_1_17' title="bbox 228 839 1922 883">
    <p class='ocr_par' dir='ltr' id='par_1_17' title="bbox 228 839 1922 883">
     <span class='ocr_line' id='line_1_17' title="bbox 228 839 1922 883; baseline 0.001 -11"><span class='ocrx_word' id='word_1_185' title='bbox 228 839 444 874; x_wconf 84' lang='lat' dir='ltr'><strong>restituendum</strong></span> <span class='ocrx_word' id='word_1_186' title='bbox 455 839 563 873; x_wconf 85' lang='lat' dir='ltr'><strong>missos</strong></span> <span class='ocrx_word' id='word_1_187' title='bbox 576 848 643 871; x_wconf 87' lang='lat' dir='ltr'><strong>esse</strong></span> <span class='ocrx_word' id='word_1_188' title='bbox 658 839 720 870; x_wconf 87' lang='lat' dir='ltr'><strong>suis</strong></span> <span class='ocrx_word' id='word_1_189' title='bbox 735 839 921 874; x_wconf 85' lang='lat' dir='ltr'><strong>annuntiavit</strong></span> <span class='ocrx_word' id='word_1_190' title='bbox 936 839 1051 872; x_wconf 86' lang='lat' dir='ltr'><strong>andito-</strong></span> <span class='ocrx_word' id='word_1_191' title='bbox 1093 839 1155 881; x_wconf 88' lang='lat' dir='ltr'><strong>poli</strong></span> <span class='ocrx_word' id='word_1_192' title='bbox 1168 840 1353 872; x_wconf 79' lang='lat' dir='ltr'><strong>Antaradum</strong></span> <span class='ocrx_word' id='word_1_193' title='bbox 1374 840 1675 878; x_wconf 73' lang='lat' dir='ltr'><strong>accusisset,socios</strong></span> <span class='ocrx_word' id='word_1_194' title='bbox 1691 850 1773 882; x_wconf 87' lang='lat' dir='ltr'><strong>suos,</strong></span> <span class='ocrx_word' id='word_1_195' title='bbox 1789 851 1922 883; x_wconf 82' lang='lat' dir='ltr'><strong>quorum</strong></span> 
     </span>
    </p>
   </div>
   <div class='ocr_carea' id='block_1_18' title="bbox 228 883 1923 930">
    <p class='ocr_par' dir='ltr' id='par_1_18' title="bbox 228 883 1923 930">
     <span class='ocr_line' id='line_1_18' title="bbox 228 883 1923 930; baseline 0.002 -15"><span class='ocrx_word' id='word_1_196' title='bbox 228 884 324 925; x_wconf 83' lang='lat' dir='ltr'><strong>ribus,</strong></span> <span class='ocrx_word' id='word_1_197' title='bbox 336 884 471 930; x_wconf 86' lang='lat' dir='ltr'><strong>ipsisque</strong></span> <span class='ocrx_word' id='word_1_198' title='bbox 484 884 554 930; x_wconf 88' lang='lat' dir='ltr'><strong>quid</strong></span> <span class='ocrx_word' id='word_1_199' title='bbox 571 883 649 916; x_wconf 87' lang='lat' dir='ltr'><strong>inter</strong></span> <span class='ocrx_word' id='word_1_200' title='bbox 664 883 751 930; x_wconf 85' lang='lat' dir='ltr'><strong>falsas</strong></span> <span class='ocrx_word' id='word_1_201' title='bbox 764 893 908 924; x_wconf 86' lang='lat' dir='ltr'><strong>verasque</strong></span> <span class='ocrx_word' id='word_1_202' title='bbox 921 884 1051 930; x_wconf 84' lang='lat' dir='ltr'><strong>prophe-</strong></span> <span class='ocrx_word' id='word_1_203' title='bbox 1064 905 1082 930; x_wconf 71' lang='grc' dir='ltr'><strong>Β</strong></span> <span class='ocrx_word' id='word_1_204' title='bbox 1093 885 1338 930; x_wconf 75' lang='lat' dir='ltr'><strong>majorerevernt</strong></span> <span class='ocrx_word' id='word_1_205' title='bbox 1349 893 1508 926; x_wconf 87' lang='lat' dir='ltr'><strong>numerus,</strong></span> <span class='ocrx_word' id='word_1_206' title='bbox 1532 885 1619 922; x_wconf 64' lang='lat' dir='ltr'><strong>dum,</strong></span> <span class='ocrx_word' id='word_1_207' title='bbox 1643 895 1711 926; x_wconf 63' lang='lat' dir='ltr'><strong>qua:</strong></span> <span class='ocrx_word' id='word_1_208' title='bbox 1726 886 1825 926; x_wconf 84' lang='lat' dir='ltr'><strong>ipsum</strong></span> <span class='ocrx_word' id='word_1_209' title='bbox 1842 897 1923 928; x_wconf 69' lang='lat' dir='ltr'><strong>pra-</strong></span> 
     </span>
    </p>
   </div>
   <div class='ocr_carea' id='block_1_19' title="bbox 230 928 1922 971">
    <p class='ocr_par' dir='ltr' id='par_1_19' title="bbox 230 928 1922 971">
     <span class='ocr_line' id='line_1_19' title="bbox 230 928 1922 971; baseline -0.001 -7"><span class='ocrx_word' id='word_1_210' title='bbox 230 930 286 964; x_wconf 85' lang='lat' dir='ltr'><strong>tias</strong></span> <span class='ocrx_word' id='word_1_211' title='bbox 299 934 330 962; x_wconf 89' lang='lat' dir='ltr'><strong>et</strong></span> <span class='ocrx_word' id='word_1_212' title='bbox 342 929 482 966; x_wconf 74' lang='lat' dir='ltr'><strong>visiones,</strong></span> <span class='ocrx_word' id='word_1_213' title='bbox 505 928 585 961; x_wconf 86' lang='lat' dir='ltr'><strong>inter</strong></span> <span class='ocrx_word' id='word_1_214' title='bbox 608 929 793 962; x_wconf 74' lang='lat' dir='ltr'><strong>sanationem</strong></span> <span class='ocrx_word' id='word_1_215' title='bbox 812 938 881 961; x_wconf 84' lang='lat' dir='ltr'><strong>vero</strong></span> <span class='ocrx_word' id='word_1_216' title='bbox 901 933 950 961; x_wconf 89' lang='lat' dir='ltr'><strong>aut</strong></span> <span class='ocrx_word' id='word_1_217' title='bbox 977 929 1049 961; x_wconf 85' lang='lat' dir='ltr'><strong>falso</strong></span> <span class='ocrx_word' id='word_1_218' title='bbox 1064 928 1080 930; x_wconf 74' lang='grc'><strong><em>“</em></strong></span> <span class='ocrx_word' id='word_1_219' title='bbox 1092 929 1250 970; x_wconf 88' lang='lat' dir='ltr'><strong>cederent,</strong></span> <span class='ocrx_word' id='word_1_220' title='bbox 1266 929 1405 961; x_wconf 85' lang='lat' dir='ltr'><strong>divisisse</strong></span> <span class='ocrx_word' id='word_1_221' title='bbox 1417 929 1446 961; x_wconf 91' lang='lat' dir='ltr'><strong>in</strong></span> <span class='ocrx_word' id='word_1_222' title='bbox 1463 933 1577 962; x_wconf 84' lang='lat' dir='ltr'><strong>turmas</strong></span> <span class='ocrx_word' id='word_1_223' title='bbox 1590 940 1598 971; x_wconf 91' lang='lat'><strong>;</strong></span> <span class='ocrx_word' id='word_1_224' title='bbox 1610 934 1700 971; x_wconf 87' lang='lat' dir='ltr'><strong>atque</strong></span> <span class='ocrx_word' id='word_1_225' title='bbox 1710 931 1922 969; x_wconf 80' lang='lat' dir='ltr'><strong>uniNicetam,</strong></span> 
     </span>
    </p>
   </div>
   <div class='ocr_carea' id='block_1_20' title="bbox 229 973 1924 1016">
    <p class='ocr_par' dir='ltr' id='par_1_20' title="bbox 229 973 1924 1016">
     <span class='ocr_line' id='line_1_20' title="bbox 229 973 1924 1016; baseline 0.001 -9"><span class='ocrx_word' id='word_1_226' title='bbox 229 973 373 1009; x_wconf 89' lang='lat' dir='ltr'><strong>miraculo</strong></span> <span class='ocrx_word' id='word_1_227' title='bbox 388 973 537 1006; x_wconf 74' lang='lat' dir='ltr'><strong>redditam</strong></span> <span class='ocrx_word' id='word_1_228' title='bbox 549 973 667 1005; x_wconf 82' lang='lat' dir='ltr'><strong>intersit</strong></span> <span class='ocrx_word' id='word_1_229' title='bbox 686 973 879 1011; x_wconf 86' lang='lat' dir='ltr'><strong>discriminis,</strong></span> <span class='ocrx_word' id='word_1_230' title='bbox 896 973 1047 1014; x_wconf 74' lang='lat' dir='ltr'><strong>patefecit.</strong></span> <span class='ocrx_word' id='word_1_231' title='bbox 1090 974 1229 1016; x_wconf 78' lang='lat' dir='ltr'><strong>Aquilam</strong></span> <span class='ocrx_word' id='word_1_232' title='bbox 1250 974 1338 1006; x_wconf 84' lang='lat' dir='ltr'><strong>alteri</strong></span> <span class='ocrx_word' id='word_1_233' title='bbox 1350 974 1535 1015; x_wconf 70' lang='lat' dir='ltr'><strong>prafecisse.</strong></span> <span class='ocrx_word' id='word_1_234' title='bbox 1547 975 1688 1007; x_wconf 84' lang='lat' dir='ltr'><strong>Clemens</strong></span> <span class='ocrx_word' id='word_1_235' title='bbox 1703 985 1785 1013; x_wconf 84' lang='lat' dir='ltr'><strong>vero,</strong></span> <span class='ocrx_word' id='word_1_236' title='bbox 1816 977 1924 1016; x_wconf 81' lang='lat' dir='ltr'><strong>gratiis</strong></span> 
     </span>
    </p>
   </div>
   <div class='ocr_carea' id='block_1_21' title="bbox 230 1017 1915 1062">
    <p class='ocr_par' dir='ltr' id='par_1_21' title="bbox 230 1017 1915 1062">
     <span class='ocr_line' id='line_1_21' title="bbox 230 1017 1915 1062; baseline 0.001 -10"><span class='ocrx_word' id='word_1_237' title='bbox 230 1019 367 1061; x_wconf 83' lang='lat' dir='ltr'><strong>Denique</strong></span> <span class='ocrx_word' id='word_1_238' title='bbox 382 1018 450 1051; x_wconf 90' lang='lat' dir='ltr'><strong>illos</strong></span> <span class='ocrx_word' id='word_1_239' title='bbox 463 1017 500 1051; x_wconf 92' lang='lat' dir='ltr'><strong>ad</strong></span> <span class='ocrx_word' id='word_1_240' title='bbox 512 1027 611 1050; x_wconf 81' lang='lat' dir='ltr'><strong>veram</strong></span> <span class='ocrx_word' id='word_1_241' title='bbox 621 1017 797 1058; x_wconf 76' lang='lat' dir='ltr'><strong>religionem</strong></span> <span class='ocrx_word' id='word_1_242' title='bbox 809 1019 1048 1059; x_wconf 80' lang='lat' dir='ltr'><strong>amplexandam;</strong></span> <span class='ocrx_word' id='word_1_243' title='bbox 1090 1019 1190 1060; x_wconf 85' lang='lat' dir='ltr'><strong>Petro,</strong></span> <span class='ocrx_word' id='word_1_244' title='bbox 1203 1019 1275 1060; x_wconf 80' lang='lat' dir='ltr'><strong>quia</strong></span> <span class='ocrx_word' id='word_1_245' title='bbox 1286 1028 1355 1051; x_wconf 87' lang='lat' dir='ltr'><strong>eum</strong></span> <span class='ocrx_word' id='word_1_246' title='bbox 1375 1019 1456 1060; x_wconf 88' lang='lat' dir='ltr'><strong>apud</strong></span> <span class='ocrx_word' id='word_1_247' title='bbox 1481 1029 1517 1051; x_wconf 90' lang='lat' dir='ltr'><strong>se</strong></span> <span class='ocrx_word' id='word_1_248' title='bbox 1543 1020 1723 1057; x_wconf 85' lang='lat' dir='ltr'><strong>retinuerat,</strong></span> <span class='ocrx_word' id='word_1_249' title='bbox 1748 1021 1834 1058; x_wconf 84' lang='lat' dir='ltr'><strong>actis,</strong></span> <span class='ocrx_word' id='word_1_250' title='bbox 1864 1022 1915 1062; x_wconf 89' lang='lat' dir='ltr'><strong>ips</strong></span> 
     </span>
    </p>
   </div>
   <div class='ocr_carea' id='block_1_22' title="bbox 227 1062 1920 1107">
    <p class='ocr_par' dir='ltr' id='par_1_22' title="bbox 227 1062 1920 1107">
     <span class='ocr_line' id='line_1_22' title="bbox 227 1062 1920 1107; baseline 0.001 -10"><span class='ocrx_word' id='word_1_251' title='bbox 227 1064 370 1107; x_wconf 75' lang='lat' dir='ltr'><strong>apostolis</strong></span> <span class='ocrx_word' id='word_1_252' title='bbox 383 1062 663 1102; x_wconf 83' lang='lat' dir='ltr'><strong>Cbristigerendum</strong></span> <span class='ocrx_word' id='word_1_253' title='bbox 675 1072 801 1101; x_wconf 88' lang='lat' dir='ltr'><strong>morem,</strong></span> <span class='ocrx_word' id='word_1_254' title='bbox 813 1064 962 1104; x_wconf 76' lang='lat' dir='ltr'><strong>vitamque</strong></span> <span class='ocrx_word' id='word_1_255' title='bbox 974 1073 1048 1105; x_wconf 89' lang='lat' dir='ltr'><strong>pure</strong></span> <span class='ocrx_word' id='word_1_256' title='bbox 1091 1064 1223 1105; x_wconf 82' lang='lat' dir='ltr'><strong>poscenti</strong></span> <span class='ocrx_word' id='word_1_257' title='bbox 1238 1063 1388 1105; x_wconf 88' lang='lat' dir='ltr'><strong>quomodo</strong></span> <span class='ocrx_word' id='word_1_258' title='bbox 1403 1068 1531 1103; x_wconf 82' lang='lat' dir='ltr'><strong>patrem,</strong></span> <span class='ocrx_word' id='word_1_259' title='bbox 1547 1067 1579 1097; x_wconf 84' lang='lat' dir='ltr'><strong>et</strong></span> <span class='ocrx_word' id='word_1_260' title='bbox 1594 1069 1733 1106; x_wconf 88' lang='lat' dir='ltr'><strong>matrem,</strong></span> <span class='ocrx_word' id='word_1_261' title='bbox 1749 1075 1784 1096; x_wconf 88' lang='lat' dir='ltr'><strong>ac</strong></span> <span class='ocrx_word' id='word_1_262' title='bbox 1808 1066 1920 1098; x_wconf 81' lang='lat' dir='ltr'><strong>fratrea</strong></span> 
     </span>
    </p>
   </div>
   <div class='ocr_carea' id='block_1_23' title="bbox 228 1108 1914 1153">
    <p class='ocr_par' dir='ltr' id='par_1_23' title="bbox 228 1108 1914 1153">
     <span class='ocr_line' id='line_1_23' title="bbox 228 1108 1914 1153; baseline 0.001 -11"><span class='ocrx_word' id='word_1_263' title='bbox 228 1118 259 1150; x_wconf 71' lang='lat' dir='ltr'><strong>et</strong></span> <span class='ocrx_word' id='word_1_264' title='bbox 271 1110 410 1152; x_wconf 79' lang='lat' dir='ltr'><strong>religiose</strong></span> <span class='ocrx_word' id='word_1_265' title='bbox 424 1108 647 1145; x_wconf 83' lang='lat' dir='ltr'><strong>instituendam,</strong></span> <span class='ocrx_word' id='word_1_266' title='bbox 661 1108 846 1150; x_wconf 79' lang='lat' dir='ltr'><strong>adhortatus,</strong></span> <span class='ocrx_word' id='word_1_267' title='bbox 865 1113 897 1140; x_wconf 91' lang='lat' dir='ltr'><strong>ut</strong></span> <span class='ocrx_word' id='word_1_268' title='bbox 919 1109 969 1140; x_wconf 90' lang='lat' dir='ltr'><strong>die</strong></span> <span class='ocrx_word' id='word_1_269' title='bbox 998 1118 1048 1141; x_wconf 90' lang='lat' dir='ltr'><strong>se-</strong></span> <span class='ocrx_word' id='word_1_270' title='bbox 1090 1109 1251 1150; x_wconf 86' lang='lat' dir='ltr'><strong>amisisset,</strong></span> <span class='ocrx_word' id='word_1_271' title='bbox 1269 1108 1424 1141; x_wconf 75' lang='lat' dir='ltr'><strong>confestim</strong></span> <span class='ocrx_word' id='word_1_272' title='bbox 1440 1109 1613 1142; x_wconf 83' lang='lat' dir='ltr'><strong>declaravit.</strong></span> <span class='ocrx_word' id='word_1_273' title='bbox 1632 1110 1686 1142; x_wconf 87' lang='lat' dir='ltr'><strong>Die</strong></span> <span class='ocrx_word' id='word_1_274' title='bbox 1700 1109 1914 1153; x_wconf 83' lang='lat' dir='ltr'><strong>subsequenti,</strong></span> 
     </span>
    </p>
   </div>
   <div class='ocr_carea' id='block_1_24' title="bbox 228 1153 1917 1199">
    <p class='ocr_par' dir='ltr' id='par_1_24' title="bbox 228 1153 1917 1199">
     <span class='ocr_line' id='line_1_24' title="bbox 228 1153 1917 1199; baseline -0.001 -9"><span class='ocrx_word' id='word_1_275' title='bbox 228 1156 333 1199; x_wconf 79' lang='lat' dir='ltr'><strong>quanti</strong></span> <span class='ocrx_word' id='word_1_276' title='bbox 346 1154 385 1189; x_wconf 82' lang='lat' dir='ltr'><strong>ad</strong></span> <span class='ocrx_word' id='word_1_277' title='bbox 399 1153 538 1189; x_wconf 82' lang='lat' dir='ltr'><strong>eumdem</strong></span> <span class='ocrx_word' id='word_1_278' title='bbox 550 1153 649 1186; x_wconf 91' lang='lat' dir='ltr'><strong>locum</strong></span> <span class='ocrx_word' id='word_1_279' title='bbox 660 1154 804 1185; x_wconf 82' lang='lat' dir='ltr'><strong>maturius</strong></span> <span class='ocrx_word' id='word_1_280' title='bbox 818 1163 852 1186; x_wconf 88' lang='lat' dir='ltr'><strong>se</strong></span> <span class='ocrx_word' id='word_1_281' title='bbox 866 1154 1048 1196; x_wconf 88' lang='lat' dir='ltr'><strong>conferrent,</strong></span> <span class='ocrx_word' id='word_1_282' title='bbox 1089 1153 1195 1187; x_wconf 85' lang='lat' dir='ltr'><strong>Petrus</strong></span> <span class='ocrx_word' id='word_1_283' title='bbox 1208 1153 1241 1186; x_wconf 91' lang='lat' dir='ltr'><strong>in</strong></span> <span class='ocrx_word' id='word_1_284' title='bbox 1255 1153 1383 1199; x_wconf 83' lang='lat' dir='ltr'><strong>insulam</strong></span> <span class='ocrx_word' id='word_1_285' title='bbox 1398 1154 1547 1199; x_wconf 76' lang='lat' dir='ltr'><strong>Aradum,</strong></span> <span class='ocrx_word' id='word_1_286' title='bbox 1564 1154 1657 1186; x_wconf 86' lang='lat' dir='ltr'><strong>viteas</strong></span> <span class='ocrx_word' id='word_1_287' title='bbox 1675 1154 1833 1187; x_wconf 68' lang='lat' dir='ltr'><strong>immensa</strong></span> <span class='ocrx_word' id='word_1_288' title='bbox 1850 1166 1917 1188; x_wconf 88' lang='lat' dir='ltr'><strong>ma-</strong></span> 
     </span>
    </p>
   </div>
   <div class='ocr_carea' id='block_1_25' title="bbox 225 1198 1923 1240">
    <p class='ocr_par' dir='ltr' id='par_1_25' title="bbox 225 1198 1923 1240">
     <span class='ocr_line' id='line_1_25' title="bbox 225 1198 1923 1240; baseline 0 -7"><span class='ocrx_word' id='word_1_289' title='bbox 225 1198 393 1240; x_wconf 62' lang='lat' dir='ltr'><strong>idmonuit.</strong></span> <span class='ocrx_word' id='word_1_290' title='bbox 1089 1198 1252 1240; x_wconf 74' lang='lat' dir='ltr'><strong>gnitudinis</strong></span> <span class='ocrx_word' id='word_1_291' title='bbox 1266 1198 1421 1231; x_wconf 81' lang='lat' dir='ltr'><strong>columnas</strong></span> <span class='ocrx_word' id='word_1_292' title='bbox 1435 1198 1557 1231; x_wconf 85' lang='lat' dir='ltr'><strong>videndi</strong></span> <span class='ocrx_word' id='word_1_293' title='bbox 1583 1200 1688 1240; x_wconf 85' lang='lat' dir='ltr'><strong>gratia,</strong></span> <span class='ocrx_word' id='word_1_294' title='bbox 1717 1209 1750 1231; x_wconf 89' lang='lat' dir='ltr'><strong>se</strong></span> <span class='ocrx_word' id='word_1_295' title='bbox 1776 1201 1923 1239; x_wconf 81' lang='lat' dir='ltr'><strong>contulit,</strong></span> 
     </span>
    </p>
   </div>
   <div class='ocr_carea' id='block_1_26' title="bbox 267 1243 1913 1286">
    <p class='ocr_par' dir='ltr' id='par_1_26' title="bbox 267 1243 1913 1286">
     <span class='ocr_line' id='line_1_26' title="bbox 267 1243 1913 1286; baseline 0.001 -10"><span class='ocrx_word' id='word_1_296' title='bbox 267 1246 377 1285; x_wconf 65' lang='lat' dir='ltr'><strong>Exorta</strong></span> <span class='ocrx_word' id='word_1_297' title='bbox 385 1244 476 1286; x_wconf 87' lang='lat' dir='ltr'><strong>igitur</strong></span> <span class='ocrx_word' id='word_1_298' title='bbox 487 1243 548 1284; x_wconf 90' lang='lat' dir='ltr'><strong>die,</strong></span> <span class='ocrx_word' id='word_1_299' title='bbox 565 1243 643 1275; x_wconf 89' lang='lat' dir='ltr'><strong>idem</strong></span> <span class='ocrx_word' id='word_1_300' title='bbox 667 1243 731 1284; x_wconf 87' lang='lat' dir='ltr'><strong>ipse</strong></span> <span class='ocrx_word' id='word_1_301' title='bbox 758 1243 875 1284; x_wconf 85' lang='lat' dir='ltr'><strong>Petrus,</strong></span> <span class='ocrx_word' id='word_1_302' title='bbox 893 1245 1047 1285; x_wconf 61' lang='lat' dir='ltr'><strong>praemissa</strong></span> <span class='ocrx_word' id='word_1_303' title='bbox 1088 1244 1192 1283; x_wconf 84' lang='lat' dir='ltr'><strong>ibique</strong></span> <span class='ocrx_word' id='word_1_304' title='bbox 1206 1243 1346 1277; x_wconf 82' lang='lat' dir='ltr'><strong>Clemens</strong></span> <span class='ocrx_word' id='word_1_305' title='bbox 1353 1243 1472 1283; x_wconf 84' lang='lat' dir='ltr'><strong>agnovit</strong></span> <span class='ocrx_word' id='word_1_306' title='bbox 1486 1247 1611 1276; x_wconf 86' lang='lat' dir='ltr'><strong>matrem</strong></span> <span class='ocrx_word' id='word_1_307' title='bbox 1626 1253 1710 1276; x_wconf 84' lang='lat' dir='ltr'><strong>suam</strong></span> <span class='ocrx_word' id='word_1_308' title='bbox 1735 1245 1913 1277; x_wconf 75' lang='lat' dir='ltr'><strong>Mathidiam</strong></span> 
     </span>
    </p>
   </div>
   <div class='ocr_carea' id='block_1_27' title="bbox 226 1287 1919 1331">
    <p class='ocr_par' dir='ltr' id='par_1_27' title="bbox 226 1287 1919 1331">
     <span class='ocr_line' id='line_1_27' title="bbox 226 1287 1919 1331; baseline -0.001 -8"><span class='ocrx_word' id='word_1_309' title='bbox 226 1291 352 1330; x_wconf 61' lang='lat' dir='ltr'><strong>ese-tali</strong></span> <span class='ocrx_word' id='word_1_310' title='bbox 365 1289 605 1326; x_wconf 62' lang='lat' dir='ltr'><strong>orationemliam</strong></span> <span class='ocrx_word' id='word_1_311' title='bbox 627 1298 694 1330; x_wconf 75' lang='lat' dir='ltr'><strong>quas</strong></span> <span class='ocrx_word' id='word_1_312' title='bbox 703 1297 792 1322; x_wconf 74' lang='lat' dir='ltr'><strong>LIBRO</strong></span> <span class='ocrx_word' id='word_1_313' title='bbox 804 1296 911 1325; x_wconf 75' lang='lat' dir='ltr'><strong>QUINTO</strong></span> <span class='ocrx_word' id='word_1_314' title='bbox 923 1289 1049 1322; x_wconf 79' lang='lat' dir='ltr'><strong>exhibe-</strong></span> <span class='ocrx_word' id='word_1_315' title='bbox 1090 1290 1162 1322; x_wconf 87' lang='lat' dir='ltr'><strong>illuc</strong></span> <span class='ocrx_word' id='word_1_316' title='bbox 1183 1287 1336 1327; x_wconf 85' lang='lat' dir='ltr'><strong>naufragio</strong></span> <span class='ocrx_word' id='word_1_317' title='bbox 1351 1288 1516 1327; x_wconf 81' lang='lat' dir='ltr'><strong>expulsam,</strong></span> <span class='ocrx_word' id='word_1_318' title='bbox 1530 1293 1632 1329; x_wconf 81' lang='lat' dir='ltr'><strong>atque</strong></span> <span class='ocrx_word' id='word_1_319' title='bbox 1654 1289 1857 1331; x_wconf 77' lang='lat' dir='ltr'><strong>eleemosyeis</strong></span> <span class='ocrx_word' id='word_1_320' title='bbox 1872 1291 1919 1322; x_wconf 90' lang='lat' dir='ltr'><strong>vi-</strong></span> 
     </span>
    </p>
   </div>
   <div class='ocr_carea' id='block_1_28' title="bbox 227 1332 1918 1376">
    <p class='ocr_par' dir='ltr' id='par_1_28' title="bbox 227 1332 1918 1376">
     <span class='ocr_line' id='line_1_28' title="bbox 227 1332 1918 1376; baseline -0.002 -6"><span class='ocrx_word' id='word_1_321' title='bbox 227 1343 286 1375; x_wconf 88' lang='lat' dir='ltr'><strong>tur,</strong></span> <span class='ocrx_word' id='word_1_322' title='bbox 301 1336 338 1368; x_wconf 89' lang='lat' dir='ltr'><strong>ad</strong></span> <span class='ocrx_word' id='word_1_323' title='bbox 354 1334 495 1376; x_wconf 78' lang='lat' dir='ltr'><strong>pupulum</strong></span> <span class='ocrx_word' id='word_1_324' title='bbox 507 1333 609 1366; x_wconf 85' lang='lat' dir='ltr'><strong>habuit</strong></span> <span class='ocrx_word' id='word_1_325' title='bbox 622 1333 810 1366; x_wconf 85' lang='lat' dir='ltr'><strong>concionem.</strong></span> <span class='ocrx_word' id='word_1_326' title='bbox 825 1333 859 1364; x_wconf 90' lang='lat' dir='ltr'><strong>1n</strong></span> <span class='ocrx_word' id='word_1_327' title='bbox 879 1343 914 1365; x_wconf 84' lang='lat' dir='ltr'><strong>ea</strong></span> <span class='ocrx_word' id='word_1_328' title='bbox 929 1334 967 1366; x_wconf 91' lang='lat' dir='ltr'><strong>ob</strong></span> <span class='ocrx_word' id='word_1_329' title='bbox 978 1344 1047 1367; x_wconf 89' lang='lat' dir='ltr'><strong>om-</strong></span> <span class='ocrx_word' id='word_1_330' title='bbox 1091 1338 1171 1367; x_wconf 91' lang='lat' dir='ltr'><strong>ctum</strong></span> <span class='ocrx_word' id='word_1_331' title='bbox 1181 1336 1377 1374; x_wconf 61' lang='lat' dir='ltr'><strong>quaerentem.</strong></span> <span class='ocrx_word' id='word_1_332' title='bbox 1389 1332 1443 1365; x_wconf 89' lang='lat' dir='ltr'><strong>Illa</strong></span> <span class='ocrx_word' id='word_1_333' title='bbox 1457 1342 1528 1365; x_wconf 80' lang='lat' dir='ltr'><strong>vero</strong></span> <span class='ocrx_word' id='word_1_334' title='bbox 1538 1343 1607 1365; x_wconf 81' lang='lat' dir='ltr'><strong>cum</strong></span> <span class='ocrx_word' id='word_1_335' title='bbox 1624 1343 1718 1366; x_wconf 82' lang='lat' dir='ltr'><strong>uxore</strong></span> <span class='ocrx_word' id='word_1_336' title='bbox 1745 1335 1827 1366; x_wconf 87' lang='lat' dir='ltr'><strong>Petri</strong></span> <span class='ocrx_word' id='word_1_337' title='bbox 1859 1345 1918 1367; x_wconf 36' lang='lat' dir='ltr'><strong>cas</strong></span> 
     </span>
    </p>
   </div>
   <div class='ocr_carea' id='block_1_29' title="bbox 227 1377 1915 1420">
    <p class='ocr_par' dir='ltr' id='par_1_29' title="bbox 227 1377 1915 1420">
     <span class='ocr_line' id='line_1_29' title="bbox 227 1377 1915 1420; baseline -0.001 -6"><span class='ocrx_word' id='word_1_338' title='bbox 227 1383 311 1417; x_wconf 82' lang='lat' dir='ltr'><strong>nium</strong></span> <span class='ocrx_word' id='word_1_339' title='bbox 326 1379 428 1413; x_wconf 87' lang='lat' dir='ltr'><strong>oculos</strong></span> <span class='ocrx_word' id='word_1_340' title='bbox 453 1377 536 1419; x_wconf 81' lang='lat' dir='ltr'><strong>ponit</strong></span> <span class='ocrx_word' id='word_1_341' title='bbox 564 1378 729 1419; x_wconf 87' lang='lat' dir='ltr'><strong>hominem,</strong></span> <span class='ocrx_word' id='word_1_342' title='bbox 755 1378 793 1410; x_wconf 91' lang='lat' dir='ltr'><strong>ad</strong></span> <span class='ocrx_word' id='word_1_343' title='bbox 817 1379 976 1419; x_wconf 87' lang='lat' dir='ltr'><strong>imaginem</strong></span> <span class='ocrx_word' id='word_1_344' title='bbox 994 1380 1050 1412; x_wconf 90' lang='lat' dir='ltr'><strong>Dei</strong></span> <span class='ocrx_word' id='word_1_345' title='bbox 1093 1379 1225 1420; x_wconf 84' lang='lat' dir='ltr'><strong>terisque</strong></span> <span class='ocrx_word' id='word_1_346' title='bbox 1239 1377 1379 1410; x_wconf 77' lang='lat' dir='ltr'><strong>clunibus</strong></span> <span class='ocrx_word' id='word_1_347' title='bbox 1389 1377 1566 1411; x_wconf 78' lang='lat' dir='ltr'><strong>Laodiceam</strong></span> <span class='ocrx_word' id='word_1_348' title='bbox 1580 1379 1711 1417; x_wconf 82' lang='lat' dir='ltr'><strong>ducitur,</strong></span> <span class='ocrx_word' id='word_1_349' title='bbox 1723 1380 1821 1420; x_wconf 87' lang='lat' dir='ltr'><strong>quain</strong></span> <span class='ocrx_word' id='word_1_350' title='bbox 1839 1381 1915 1412; x_wconf 85' lang='lat' dir='ltr'><strong>urbe</strong></span> 
     </span>
    </p>
   </div>
   <div class='ocr_carea' id='block_1_30' title="bbox 227 1422 1918 1466">
    <p class='ocr_par' dir='ltr' id='par_1_30' title="bbox 227 1422 1918 1466">
     <span class='ocr_line' id='line_1_30' title="bbox 227 1422 1918 1466; baseline -0.003 -4"><span class='ocrx_word' id='word_1_351' title='bbox 227 1428 351 1466; x_wconf 74' lang='lat' dir='ltr'><strong>factum,</strong></span> <span class='ocrx_word' id='word_1_352' title='bbox 365 1423 468 1457; x_wconf 85' lang='lat' dir='ltr'><strong>tandiu</strong></span> <span class='ocrx_word' id='word_1_353' title='bbox 479 1423 510 1454; x_wconf 91' lang='lat' dir='ltr'><strong>in</strong></span> <span class='ocrx_word' id='word_1_354' title='bbox 525 1431 575 1455; x_wconf 85' lang='lat' dir='ltr'><strong>res</strong></span> <span class='ocrx_word' id='word_1_355' title='bbox 590 1426 727 1455; x_wconf 87' lang='lat' dir='ltr'><strong>terrenas</strong></span> <span class='ocrx_word' id='word_1_356' title='bbox 745 1423 884 1459; x_wconf 83' lang='lat' dir='ltr'><strong>habuisse</strong></span> <span class='ocrx_word' id='word_1_357' title='bbox 907 1424 1048 1457; x_wconf 85' lang='lat' dir='ltr'><strong>domina-</strong></span> <span class='ocrx_word' id='word_1_358' title='bbox 1089 1423 1235 1456; x_wconf 85' lang='lat' dir='ltr'><strong>aduobus</strong></span> <span class='ocrx_word' id='word_1_359' title='bbox 1248 1422 1317 1454; x_wconf 89' lang='lat' dir='ltr'><strong>aliis</strong></span> <span class='ocrx_word' id='word_1_360' title='bbox 1345 1423 1416 1454; x_wconf 85' lang='lat' dir='ltr'><strong>ﬁliis</strong></span> <span class='ocrx_word' id='word_1_361' title='bbox 1439 1423 1513 1461; x_wconf 88' lang='lat' dir='ltr'><strong>suis,</strong></span> <span class='ocrx_word' id='word_1_362' title='bbox 1538 1424 1718 1464; x_wconf 85' lang='lat' dir='ltr'><strong>quibuscum</strong></span> <span class='ocrx_word' id='word_1_363' title='bbox 1733 1425 1918 1465; x_wconf 68' lang='lat' dir='ltr'><strong>naufragium</strong></span> 
     </span>
    </p>
   </div>
   <div class='ocr_carea' id='block_1_31' title="bbox 228 1467 1917 1511">
    <p class='ocr_par' dir='ltr' id='par_1_31' title="bbox 228 1467 1917 1511">
     <span class='ocr_line' id='line_1_31' title="bbox 228 1467 1917 1511; baseline 0.002 -13"><span class='ocrx_word' id='word_1_364' title='bbox 228 1476 303 1508; x_wconf 58' lang='lat' dir='ltr'><strong>tum,</strong></span> <span class='ocrx_word' id='word_1_365' title='bbox 318 1467 452 1511; x_wconf 65' lang='grc' dir='ltr'><strong>,ιιιιιιᾱίιι</strong></span> <span class='ocrx_word' id='word_1_366' title='bbox 468 1467 532 1508; x_wconf 88' lang='lat' dir='ltr'><strong>ipse</strong></span> <span class='ocrx_word' id='word_1_367' title='bbox 543 1467 668 1507; x_wconf 58' lang='lat' dir='ltr'><strong>iustitiae</strong></span> <span class='ocrx_word' id='word_1_368' title='bbox 680 1467 796 1507; x_wconf 82' lang='lat' dir='ltr'><strong>legibus</strong></span> <span class='ocrx_word' id='word_1_369' title='bbox 810 1467 1049 1508; x_wconf 87' lang='lat' dir='ltr'><strong>obtemperavit;</strong></span> <span class='ocrx_word' id='word_1_370' title='bbox 1090 1470 1211 1507; x_wconf 77' lang='lat' dir='ltr'><strong>fecerat,</strong></span> <span class='ocrx_word' id='word_1_371' title='bbox 1226 1467 1326 1508; x_wconf 86' lang='lat' dir='ltr'><strong>agnita</strong></span> <span class='ocrx_word' id='word_1_372' title='bbox 1340 1477 1460 1509; x_wconf 83' lang='lat' dir='ltr'><strong>quoque</strong></span> <span class='ocrx_word' id='word_1_373' title='bbox 1471 1473 1530 1502; x_wconf 89' lang='lat' dir='ltr'><strong>est.</strong></span> <span class='ocrx_word' id='word_1_374' title='bbox 1545 1468 1582 1502; x_wconf 80' lang='lat' dir='ltr'><strong>Hi</strong></span> <span class='ocrx_word' id='word_1_375' title='bbox 1596 1473 1695 1502; x_wconf 88' lang='lat' dir='ltr'><strong>autem</strong></span> <span class='ocrx_word' id='word_1_376' title='bbox 1718 1474 1917 1502; x_wconf 85' lang='lat' dir='ltr'><strong>narraverunt</strong></span> 
     </span>
    </p>
   </div>
   <div class='ocr_carea' id='block_1_32' title="bbox 230 1511 1919 1554">
    <p class='ocr_par' dir='ltr' id='par_1_32' title="bbox 230 1511 1919 1554">
     <span class='ocr_line' id='line_1_32' title="bbox 230 1511 1919 1554; baseline 0.001 -8"><span class='ocrx_word' id='word_1_377' title='bbox 230 1515 283 1551; x_wconf 82' lang='lat' dir='ltr'><strong>ubi</strong></span> <span class='ocrx_word' id='word_1_378' title='bbox 295 1523 366 1546; x_wconf 86' lang='lat' dir='ltr'><strong>vero</strong></span> <span class='ocrx_word' id='word_1_379' title='bbox 375 1512 414 1546; x_wconf 86' lang='lat' dir='ltr'><strong>ab</strong></span> <span class='ocrx_word' id='word_1_380' title='bbox 430 1512 467 1545; x_wconf 87' lang='lat' dir='ltr'><strong>iis</strong></span> <span class='ocrx_word' id='word_1_381' title='bbox 474 1511 769 1551; x_wconf 86' lang='lat' dir='ltr'><strong>discessit,continuo</strong></span> <span class='ocrx_word' id='word_1_382' title='bbox 780 1512 944 1553; x_wconf 83' lang='lat' dir='ltr'><strong>fragilitati,</strong></span> <span class='ocrx_word' id='word_1_383' title='bbox 958 1514 1049 1545; x_wconf 87' lang='lat' dir='ltr'><strong>animi</strong></span> <span class='ocrx_word' id='word_1_384' title='bbox 1090 1523 1123 1546; x_wconf 92' lang='lat' dir='ltr'><strong>se</strong></span> <span class='ocrx_word' id='word_1_385' title='bbox 1138 1517 1204 1554; x_wconf 85' lang='lat' dir='ltr'><strong>post</strong></span> <span class='ocrx_word' id='word_1_386' title='bbox 1219 1512 1405 1553; x_wconf 74' lang='lat' dir='ltr'><strong>naufragium</strong></span> <span class='ocrx_word' id='word_1_387' title='bbox 1417 1512 1581 1547; x_wconf 62' lang='lat' dir='ltr'><strong>Caesaream</strong></span> <span class='ocrx_word' id='word_1_388' title='bbox 1600 1513 1727 1552; x_wconf 87' lang='lat' dir='ltr'><strong>delatos,</strong></span> <span class='ocrx_word' id='word_1_389' title='bbox 1749 1520 1779 1546; x_wconf 90' lang='lat' dir='ltr'><strong>et</strong></span> <span class='ocrx_word' id='word_1_390' title='bbox 1799 1516 1919 1547; x_wconf 82' lang='lat' dir='ltr'><strong>cuidam</strong></span> 
     </span>
    </p>
   </div>
   <div class='ocr_carea' id='block_1_33' title="bbox 229 1556 1919 1602">
    <p class='ocr_par' dir='ltr' id='par_1_33' title="bbox 229 1556 1919 1602">
     <span class='ocr_line' id='line_1_33' title="bbox 229 1556 1919 1602; baseline -0.002 -8"><span class='ocrx_word' id='word_1_391' title='bbox 229 1556 513 1602; x_wconf 83' lang='lat' dir='ltr'><strong>perturbationibus,</strong></span> <span class='ocrx_word' id='word_1_392' title='bbox 531 1556 755 1602; x_wconf 76' lang='lat' dir='ltr'><strong>testationibus,</strong></span> <span class='ocrx_word' id='word_1_393' title='bbox 771 1557 978 1602; x_wconf 68' lang='lat' dir='ltr'><strong>venationibus</strong></span> <span class='ocrx_word' id='word_1_394' title='bbox 990 1558 1050 1590; x_wconf 69' lang='lat' dir='ltr'><strong>daa-</strong></span> <span class='ocrx_word' id='word_1_395' title='bbox 1060 1587 1080 1602; x_wconf 53' lang='grc' dir='ltr'>η</span> <span class='ocrx_word' id='word_1_396' title='bbox 1092 1558 1201 1596; x_wconf 63' lang='lat' dir='ltr'><strong>vidua,</strong></span> <span class='ocrx_word' id='word_1_397' title='bbox 1217 1558 1266 1589; x_wconf 90' lang='lat' dir='ltr'><strong>cui</strong></span> <span class='ocrx_word' id='word_1_398' title='bbox 1283 1566 1393 1591; x_wconf 87' lang='lat' dir='ltr'><strong>nomen</strong></span> <span class='ocrx_word' id='word_1_399' title='bbox 1401 1557 1495 1592; x_wconf 68' lang='lat' dir='ltr'><strong>lustre</strong></span> <span class='ocrx_word' id='word_1_400' title='bbox 1506 1562 1584 1599; x_wconf 83' lang='lat' dir='ltr'><strong>erat,</strong></span> <span class='ocrx_word' id='word_1_401' title='bbox 1602 1559 1751 1598; x_wconf 79' lang='lat' dir='ltr'><strong>venditas,</strong></span> <span class='ocrx_word' id='word_1_402' title='bbox 1783 1560 1851 1599; x_wconf 79' lang='lat' dir='ltr'><strong>ejus</strong></span> <span class='ocrx_word' id='word_1_403' title='bbox 1867 1570 1919 1600; x_wconf 82' lang='lat' dir='ltr'><strong>po-</strong></span> 
     </span>
    </p>
   </div>
   <div class='ocr_carea' id='block_1_34' title="bbox 219 1587 1921 1645">
    <p class='ocr_par' dir='ltr' id='par_1_34' title="bbox 219 1587 1921 1645">
     <span class='ocr_line' id='line_1_34' title="bbox 219 1587 1921 1645; baseline 0.001 -11"><span class='ocrx_word' id='word_1_404' title='bbox 219 1587 348 1639; x_wconf 51' lang='lat'><strong>$33.17.;</strong></span> <span class='ocrx_word' id='word_1_405' title='bbox 347 1587 576 1644; x_wconf 61' lang='grc' dir='ltr'><strong>ξῖἱιίἷὲι-ἶίἐιιὶέά</strong></span> <span class='ocrx_word' id='word_1_406' title='bbox 588 1587 1049 1639; x_wconf 49' lang='lat' dir='ltr'><strong>insignesinsigne&#39;un</strong></span> <span class='ocrx_word' id='word_1_407' title='bbox 1060 1587 1081 1614; x_wconf 69' lang='grc' dir='ltr'><em>ε</em></span> <span class='ocrx_word' id='word_1_408' title='bbox 1095 1587 1690 1642; x_wconf 44' lang='lat' dir='ltr'><strong>2am;aestimemus;</strong></span> <span class='ocrx_word' id='word_1_409' title='bbox 1696 1587 1921 1645; x_wconf 59' lang='grc' dir='ltr'><strong>ἒῶοἷὶίὶἆο</strong></span> 
     </span>
    </p>
   </div>
   <div class='ocr_carea' id='block_1_35' title="bbox 227 1646 1922 1688">
    <p class='ocr_par' dir='ltr' id='par_1_35' title="bbox 227 1646 1922 1688">
     <span class='ocr_line' id='line_1_35' title="bbox 227 1646 1922 1688; baseline 0.001 -8"><span class='ocrx_word' id='word_1_410' title='bbox 227 1650 410 1684; x_wconf 84' lang='lat' dir='ltr'><strong>esse.Monet</strong></span> <span class='ocrx_word' id='word_1_411' title='bbox 420 1650 518 1678; x_wconf 86' lang='lat' dir='ltr'><strong>tamen</strong></span> <span class='ocrx_word' id='word_1_412' title='bbox 529 1654 619 1688; x_wconf 86' lang='lat' dir='ltr'><strong>parvo</strong></span> <span class='ocrx_word' id='word_1_413' title='bbox 630 1646 701 1678; x_wconf 83' lang='lat' dir='ltr'><strong>fidei</strong></span> <span class='ocrx_word' id='word_1_414' title='bbox 709 1655 804 1686; x_wconf 87' lang='lat' dir='ltr'><strong>grano</strong></span> <span class='ocrx_word' id='word_1_415' title='bbox 813 1647 935 1679; x_wconf 88' lang='lat' dir='ltr'><strong>morbos</strong></span> <span class='ocrx_word' id='word_1_416' title='bbox 946 1657 1053 1680; x_wconf 88' lang='lat' dir='ltr'><strong>omnes</strong></span> <span class='ocrx_word' id='word_1_417' title='bbox 1095 1656 1216 1688; x_wconf 87' lang='lat' dir='ltr'><strong>operam</strong></span> <span class='ocrx_word' id='word_1_418' title='bbox 1227 1646 1360 1688; x_wconf 85' lang='lat' dir='ltr'><strong>dedisse,</strong></span> <span class='ocrx_word' id='word_1_419' title='bbox 1376 1646 1516 1688; x_wconf 81' lang='lat' dir='ltr'><strong>illiusque</strong></span> <span class='ocrx_word' id='word_1_420' title='bbox 1526 1647 1683 1680; x_wconf 80' lang='lat' dir='ltr'><strong>imbibisse</strong></span> <span class='ocrx_word' id='word_1_421' title='bbox 1697 1657 1817 1681; x_wconf 84' lang='lat' dir='ltr'><strong>errores</strong></span> <span class='ocrx_word' id='word_1_422' title='bbox 1831 1660 1841 1686; x_wconf 80' lang='grc' dir='ltr'>ς</span> <span class='ocrx_word' id='word_1_423' title='bbox 1853 1650 1922 1687; x_wconf 86' lang='lat' dir='ltr'><strong>sed,</strong></span> 
     </span>
    </p>
   </div>
   <div class='ocr_carea' id='block_1_36' title="bbox 229 1690 1055 1734">
    <p class='ocr_par' dir='ltr' id='par_1_36' title="bbox 229 1690 1055 1734">
     <span class='ocr_line' id='line_1_36' title="bbox 229 1690 1055 1734; baseline 0.001 -11"><span class='ocrx_word' id='word_1_424' title='bbox 229 1691 433 1734; x_wconf 70' lang='lat' dir='ltr'><strong>possesanari.</strong></span> <span class='ocrx_word' id='word_1_425' title='bbox 449 1690 533 1725; x_wconf 83' lang='lat' dir='ltr'><strong>Hanc</strong></span> <span class='ocrx_word' id='word_1_426' title='bbox 546 1690 635 1731; x_wconf 85' lang='lat' dir='ltr'><strong>igitur</strong></span> <span class='ocrx_word' id='word_1_427' title='bbox 650 1691 740 1724; x_wconf 87' lang='lat' dir='ltr'><strong>ﬁdem</strong></span> <span class='ocrx_word' id='word_1_428' title='bbox 749 1691 787 1723; x_wconf 88' lang='lat' dir='ltr'><strong>ab</strong></span> <span class='ocrx_word' id='word_1_429' title='bbox 803 1691 946 1726; x_wconf 81' lang='lat' dir='ltr'><strong>omnibus</strong></span> <span class='ocrx_word' id='word_1_430' title='bbox 957 1693 1055 1724; x_wconf 88' lang='lat' dir='ltr'><strong>susci-</strong></span> 
     </span>
    </p>
   </div>
   <div class='ocr_carea' id='block_1_37' title="bbox 227 1734 1054 1780">
    <p class='ocr_par' dir='ltr' id='par_1_37' title="bbox 227 1734 1054 1780">
     <span class='ocr_line' id='line_1_37' title="bbox 227 1734 1054 1780; baseline 0.001 -12"><span class='ocrx_word' id='word_1_431' title='bbox 227 1737 369 1780; x_wconf 60' lang='lat' dir='ltr'><strong>piendam</strong></span> <span class='ocrx_word' id='word_1_432' title='bbox 383 1744 451 1769; x_wconf 86' lang='lat' dir='ltr'><strong>esse</strong></span> <span class='ocrx_word' id='word_1_433' title='bbox 465 1734 627 1780; x_wconf 78' lang='lat' dir='ltr'><strong>concludit,</strong></span> <span class='ocrx_word' id='word_1_434' title='bbox 642 1739 673 1768; x_wconf 90' lang='lat' dir='ltr'><strong>et</strong></span> <span class='ocrx_word' id='word_1_435' title='bbox 682 1744 752 1769; x_wconf 89' lang='lat' dir='ltr'><strong>vero</strong></span> <span class='ocrx_word' id='word_1_436' title='bbox 768 1736 937 1780; x_wconf 62' lang='lat' dir='ltr'><strong>Prophetas,</strong></span> <span class='ocrx_word' id='word_1_437' title='bbox 950 1747 1054 1779; x_wconf 86' lang='lat' dir='ltr'><strong>quem,</strong></span> 
     </span>
    </p>
   </div>
   <div class='ocr_carea' id='block_1_38' title="bbox 229 1778 1058 1823">
    <p class='ocr_par' dir='ltr' id='par_1_38' title="bbox 229 1778 1058 1823">
     <span class='ocr_line' id='line_1_38' title="bbox 229 1778 1058 1823; baseline -0.005 -8"><span class='ocrx_word' id='word_1_438' title='bbox 229 1778 317 1823; x_wconf 76' lang='lat' dir='ltr'><strong>iicuti</strong></span> <span class='ocrx_word' id='word_1_439' title='bbox 332 1778 563 1822; x_wconf 77' lang='lat' dir='ltr'><strong>praenuntiatum</strong></span> <span class='ocrx_word' id='word_1_440' title='bbox 578 1779 687 1820; x_wconf 82' lang='lat' dir='ltr'><strong>fuerat,</strong></span> <span class='ocrx_word' id='word_1_441' title='bbox 700 1780 765 1820; x_wconf 83' lang='lat' dir='ltr'><strong>jam</strong></span> <span class='ocrx_word' id='word_1_442' title='bbox 776 1778 1058 1815; x_wconf 69' lang='lat' dir='ltr'><strong>adventauenove-</strong></span> 
     </span>
    </p>
   </div>
   <div class='ocr_carea' id='block_1_39' title="bbox 228 1823 1056 1867">
    <p class='ocr_par' dir='ltr' id='par_1_39' title="bbox 228 1823 1056 1867">
     <span class='ocr_line' id='line_1_39' title="bbox 228 1823 1056 1867; baseline -0.001 -8"><span class='ocrx_word' id='word_1_443' title='bbox 228 1830 308 1867; x_wconf 85' lang='lat' dir='ltr'><strong>rant,</strong></span> <span class='ocrx_word' id='word_1_444' title='bbox 322 1825 412 1861; x_wconf 87' lang='lat' dir='ltr'><strong>unice</strong></span> <span class='ocrx_word' id='word_1_445' title='bbox 427 1823 634 1857; x_wconf 89' lang='lat' dir='ltr'><strong>serviendum.</strong></span> <span class='ocrx_word' id='word_1_446' title='bbox 662 1824 777 1858; x_wconf 86' lang='lat' dir='ltr'><strong>Deinde</strong></span> <span class='ocrx_word' id='word_1_447' title='bbox 809 1824 897 1857; x_wconf 87' lang='lat' dir='ltr'><strong>docet</strong></span> <span class='ocrx_word' id='word_1_448' title='bbox 925 1834 986 1858; x_wconf 88' lang='lat' dir='ltr'><strong>non</strong></span> <span class='ocrx_word' id='word_1_449' title='bbox 1000 1835 1056 1858; x_wconf 89' lang='lat' dir='ltr'><strong>au-</strong></span> 
     </span>
    </p>
   </div>
   <div class='ocr_carea' id='block_1_40' title="bbox 229 1868 1055 1910">
    <p class='ocr_par' dir='ltr' id='par_1_40' title="bbox 229 1868 1055 1910">
     <span class='ocr_line' id='line_1_40' title="bbox 229 1868 1055 1910; baseline -0.002 -6"><span class='ocrx_word' id='word_1_450' title='bbox 229 1870 358 1906; x_wconf 80' lang='lat' dir='ltr'><strong>diendas</strong></span> <span class='ocrx_word' id='word_1_451' title='bbox 371 1878 451 1908; x_wconf 81' lang='lat' dir='ltr'><strong>esse,</strong></span> <span class='ocrx_word' id='word_1_452' title='bbox 465 1878 540 1910; x_wconf 77' lang='lat' dir='ltr'><strong>quas</strong></span> <span class='ocrx_word' id='word_1_453' title='bbox 563 1868 615 1900; x_wconf 90' lang='lat' dir='ltr'><strong>ille</strong></span> <span class='ocrx_word' id='word_1_454' title='bbox 630 1869 801 1910; x_wconf 73' lang='lat' dir='ltr'><strong>singulatim</strong></span> <span class='ocrx_word' id='word_1_455' title='bbox 815 1875 964 1908; x_wconf 84' lang='lat' dir='ltr'><strong>recenset,</strong></span> <span class='ocrx_word' id='word_1_456' title='bbox 981 1880 1055 1910; x_wconf 89' lang='lat' dir='ltr'><strong>sug-</strong></span> 
     </span>
    </p>
   </div>
   <div class='ocr_carea' id='block_1_41' title="bbox 227 1913 1056 1958">
    <p class='ocr_par' dir='ltr' id='par_1_41' title="bbox 227 1913 1056 1958">
     <span class='ocr_line' id='line_1_41' title="bbox 227 1913 1056 1958; baseline -0.001 -11"><span class='ocrx_word' id='word_1_457' title='bbox 227 1920 327 1958; x_wconf 72' lang='lat' dir='ltr'><strong>gestus</strong></span> <span class='ocrx_word' id='word_1_458' title='bbox 341 1924 360 1946; x_wconf 87' lang='lat' dir='ltr'><strong>a</strong></span> <span class='ocrx_word' id='word_1_459' title='bbox 371 1914 507 1947; x_wconf 73' lang='lat' dir='ltr'><strong>dmmoue</strong></span> <span class='ocrx_word' id='word_1_460' title='bbox 523 1913 714 1947; x_wconf 84' lang='lat' dir='ltr'><strong>tentationes.</strong></span> <span class='ocrx_word' id='word_1_461' title='bbox 732 1914 869 1947; x_wconf 78' lang='lat' dir='ltr'><strong>Dimissis</strong></span> <span class='ocrx_word' id='word_1_462' title='bbox 886 1924 974 1955; x_wconf 91' lang='lat' dir='ltr'><strong>porro</strong></span> <span class='ocrx_word' id='word_1_463' title='bbox 988 1925 1056 1947; x_wconf 91' lang='lat' dir='ltr'><strong>om-</strong></span> 
     </span>
    </p>
   </div>
   <div class='ocr_carea' id='block_1_42' title="bbox 229 1958 1057 2000">
    <p class='ocr_par' dir='ltr' id='par_1_42' title="bbox 229 1958 1057 2000">
     <span class='ocr_line' id='line_1_42' title="bbox 229 1958 1057 2000; baseline 0 -9"><span class='ocrx_word' id='word_1_464' title='bbox 229 1961 330 1999; x_wconf 82' lang='lat' dir='ltr'><strong>nibus,</strong></span> <span class='ocrx_word' id='word_1_465' title='bbox 339 1959 376 1993; x_wconf 89' lang='lat' dir='ltr'><strong>ad</strong></span> <span class='ocrx_word' id='word_1_466' title='bbox 388 1968 442 1991; x_wconf 86' lang='lat' dir='ltr'><strong>sua</strong></span> <span class='ocrx_word' id='word_1_467' title='bbox 456 1958 522 2000; x_wconf 90' lang='lat' dir='ltr'><strong>ipse</strong></span> <span class='ocrx_word' id='word_1_468' title='bbox 535 1958 705 2000; x_wconf 82' lang='lat' dir='ltr'><strong>revertitur,</strong></span> <span class='ocrx_word' id='word_1_469' title='bbox 722 1959 773 1991; x_wconf 88' lang='lat' dir='ltr'><strong>ubi</strong></span> <span class='ocrx_word' id='word_1_470' title='bbox 794 1959 885 1991; x_wconf 84' lang='lat' dir='ltr'><strong>sociis</strong></span> <span class='ocrx_word' id='word_1_471' title='bbox 898 1959 961 1991; x_wconf 91' lang='lat' dir='ltr'><strong>suis</strong></span> <span class='ocrx_word' id='word_1_472' title='bbox 981 1969 1057 1992; x_wconf 94' lang='lat' dir='ltr'><strong>con-</strong></span> 
     </span>
    </p>
   </div>
   <div class='ocr_carea' id='block_1_43' title="bbox 229 2002 1056 2046">
    <p class='ocr_par' dir='ltr' id='par_1_43' title="bbox 229 2002 1056 2046">
     <span class='ocr_line' id='line_1_43' title="bbox 229 2002 1056 2046; baseline -0.001 -9"><span class='ocrx_word' id='word_1_473' title='bbox 229 2006 309 2040; x_wconf 83' lang='lat' dir='ltr'><strong>cedit</strong></span> <span class='ocrx_word' id='word_1_474' title='bbox 323 2003 523 2046; x_wconf 86' lang='lat' dir='ltr'><strong>quodcunque</strong></span> <span class='ocrx_word' id='word_1_475' title='bbox 532 2002 681 2042; x_wconf 87' lang='lat' dir='ltr'><strong>libuisset,</strong></span> <span class='ocrx_word' id='word_1_476' title='bbox 690 2003 863 2036; x_wconf 86' lang='lat' dir='ltr'><strong>sciscitandi</strong></span> <span class='ocrx_word' id='word_1_477' title='bbox 871 2004 1056 2044; x_wconf 84' lang='lat' dir='ltr'><strong>facultatem,</strong></span> 
     </span>
    </p>
   </div>
   <div class='ocr_carea' id='block_1_44' title="bbox 230 2048 1052 2090">
    <p class='ocr_par' dir='ltr' id='par_1_44' title="bbox 230 2048 1052 2090">
     <span class='ocr_line' id='line_1_44' title="bbox 230 2048 1052 2090; baseline -0.002 -7"><span class='ocrx_word' id='word_1_478' title='bbox 230 2048 408 2083; x_wconf 85' lang='lat' dir='ltr'><strong>etcontinuo</strong></span> <span class='ocrx_word' id='word_1_479' title='bbox 422 2048 460 2080; x_wconf 85' lang='lat' dir='ltr'><strong>ad</strong></span> <span class='ocrx_word' id='word_1_480' title='bbox 472 2048 591 2088; x_wconf 88' lang='lat' dir='ltr'><strong>singula</strong></span> <span class='ocrx_word' id='word_1_481' title='bbox 615 2057 741 2090; x_wconf 67' lang='lat' dir='ltr'><strong>quisque</strong></span> <span class='ocrx_word' id='word_1_482' title='bbox 768 2050 923 2090; x_wconf 82' lang='lat' dir='ltr'><strong>respondit</strong></span> <span class='ocrx_word' id='word_1_483' title='bbox 947 2059 1052 2082; x_wconf 83' lang='lat' dir='ltr'><strong>eorum</strong></span> 
     </span>
    </p>
   </div>
   <div class='ocr_carea' id='block_1_45' title="bbox 228 2092 1052 2135">
    <p class='ocr_par' dir='ltr' id='par_1_45' title="bbox 228 2092 1052 2135">
     <span class='ocr_line' id='line_1_45' title="bbox 228 2092 1052 2135; baseline 0 -8"><span class='ocrx_word' id='word_1_484' title='bbox 228 2096 419 2134; x_wconf 79' lang='lat' dir='ltr'><strong>interrogata.</strong></span> <span class='ocrx_word' id='word_1_485' title='bbox 436 2092 575 2125; x_wconf 83' lang='lat' dir='ltr'><strong>Clemens</strong></span> <span class='ocrx_word' id='word_1_486' title='bbox 590 2102 659 2125; x_wconf 89' lang='lat' dir='ltr'><strong>vero</strong></span> <span class='ocrx_word' id='word_1_487' title='bbox 674 2098 783 2126; x_wconf 85' lang='lat' dir='ltr'><strong>cuncta</strong></span> <span class='ocrx_word' id='word_1_488' title='bbox 799 2094 910 2135; x_wconf 66' lang='lat' dir='ltr'><strong>quaeat)</strong></span> <span class='ocrx_word' id='word_1_489' title='bbox 927 2104 963 2127; x_wconf 87' lang='lat' dir='ltr'><strong>eo</strong></span> <span class='ocrx_word' id='word_1_490' title='bbox 979 2105 1052 2134; x_wconf 84' lang='lat' dir='ltr'><strong>pro-</strong></span> 
     </span>
    </p>
   </div>
   <div class='ocr_carea' id='block_1_46' title="bbox 231 2137 1052 2180">
    <p class='ocr_par' dir='ltr' id='par_1_46' title="bbox 231 2137 1052 2180">
     <span class='ocr_line' id='line_1_46' title="bbox 231 2137 1052 2180; baseline -0.001 -7"><span class='ocrx_word' id='word_1_491' title='bbox 231 2141 365 2173; x_wconf 84' lang='lat' dir='ltr'><strong>nuntiata</strong></span> <span class='ocrx_word' id='word_1_492' title='bbox 379 2138 508 2179; x_wconf 87' lang='lat' dir='ltr'><strong>fuerant,</strong></span> <span class='ocrx_word' id='word_1_493' title='bbox 525 2138 557 2170; x_wconf 86' lang='lat' dir='ltr'><strong>in</strong></span> <span class='ocrx_word' id='word_1_494' title='bbox 572 2137 696 2177; x_wconf 91' lang='lat' dir='ltr'><strong>librum,</strong></span> <span class='ocrx_word' id='word_1_495' title='bbox 713 2148 800 2180; x_wconf 84' lang='lat' dir='ltr'><strong>quem</strong></span> <span class='ocrx_word' id='word_1_496' title='bbox 817 2139 897 2171; x_wconf 89' lang='lat' dir='ltr'><strong>misit</strong></span> <span class='ocrx_word' id='word_1_497' title='bbox 911 2139 948 2172; x_wconf 87' lang='lat' dir='ltr'><strong>ad</strong></span> <span class='ocrx_word' id='word_1_498' title='bbox 963 2141 1052 2172; x_wconf 83' lang='lat' dir='ltr'><strong>Jaco-</strong></span> 
     </span>
    </p>
   </div>
   <div class='ocr_carea' id='block_1_47' title="bbox 231 2182 689 2224">
    <p class='ocr_par' dir='ltr' id='par_1_47' title="bbox 231 2182 689 2224">
     <span class='ocr_line' id='line_1_47' title="bbox 231 2182 689 2224; baseline 0 -7"><span class='ocrx_word' id='word_1_499' title='bbox 231 2184 315 2222; x_wconf 90' lang='lat' dir='ltr'><strong>bum,</strong></span> <span class='ocrx_word' id='word_1_500' title='bbox 327 2183 549 2215; x_wconf 87' lang='lat' dir='ltr'><strong>accuratissime</strong></span> <span class='ocrx_word' id='word_1_501' title='bbox 560 2182 689 2224; x_wconf 85' lang='lat' dir='ltr'><strong>redegit.</strong></span> 
     </span>
    </p>
   </div>
   <div class='ocr_carea' id='block_1_48' title="bbox 1093 1691 1922 1733">
    <p class='ocr_par' dir='ltr' id='par_1_48' title="bbox 1093 1691 1922 1733">
     <span class='ocr_line' id='line_1_48' title="bbox 1093 1691 1922 1733; baseline 0.001 -8"><span class='ocrx_word' id='word_1_502' title='bbox 1093 1691 1208 1725; x_wconf 79' lang='lat' dir='ltr'><strong>Zacin</strong></span> <span class='ocrx_word' id='word_1_503' title='bbox 1219 1701 1287 1732; x_wconf 87' lang='lat' dir='ltr'><strong>ope,</strong></span> <span class='ocrx_word' id='word_1_504' title='bbox 1301 1691 1360 1724; x_wconf 83' lang='lat' dir='ltr'><strong>ﬁde</strong></span> <span class='ocrx_word' id='word_1_505' title='bbox 1369 1691 1479 1724; x_wconf 78' lang='lat' dir='ltr'><strong>Christi</strong></span> <span class='ocrx_word' id='word_1_506' title='bbox 1494 1696 1645 1733; x_wconf 89' lang='lat' dir='ltr'><strong>suscepta,</strong></span> <span class='ocrx_word' id='word_1_507' title='bbox 1657 1701 1690 1724; x_wconf 88' lang='lat' dir='ltr'><strong>se</strong></span> <span class='ocrx_word' id='word_1_508' title='bbox 1700 1693 1791 1725; x_wconf 87' lang='lat' dir='ltr'><strong>Petro</strong></span> <span class='ocrx_word' id='word_1_509' title='bbox 1800 1694 1922 1726; x_wconf 82' lang='lat' dir='ltr'><strong>tandem</strong></span> 
     </span>
    </p>
   </div>
   <div class='ocr_carea' id='block_1_49' title="bbox 1095 1736 1922 1778">
    <p class='ocr_par' dir='ltr' id='par_1_49' title="bbox 1095 1736 1922 1778">
     <span class='ocr_line' id='line_1_49' title="bbox 1095 1736 1922 1778; baseline 0.002 -10"><span class='ocrx_word' id='word_1_510' title='bbox 1095 1736 1188 1770; x_wconf 89' lang='lat' dir='ltr'><strong>fuisse</strong></span> <span class='ocrx_word' id='word_1_511' title='bbox 1197 1736 1324 1770; x_wconf 85' lang='lat' dir='ltr'><strong>oblatos.</strong></span> <span class='ocrx_word' id='word_1_512' title='bbox 1336 1736 1454 1774; x_wconf 81' lang='lat' dir='ltr'><strong>Quibus</strong></span> <span class='ocrx_word' id='word_1_513' title='bbox 1470 1736 1593 1775; x_wconf 84' lang='lat' dir='ltr'><strong>auditis.</strong></span> <span class='ocrx_word' id='word_1_514' title='bbox 1605 1737 1713 1770; x_wconf 86' lang='lat' dir='ltr'><strong>Petrus</strong></span> <span class='ocrx_word' id='word_1_515' title='bbox 1735 1738 1922 1778; x_wconf 71' lang='lat' dir='ltr'><strong>Mathidian,</strong></span> 
     </span>
    </p>
   </div>
   <div class='ocr_carea' id='block_1_50' title="bbox 1098 1780 1926 1824">
    <p class='ocr_par' dir='ltr' id='par_1_50' title="bbox 1098 1780 1926 1824">
     <span class='ocr_line' id='line_1_50' title="bbox 1098 1780 1926 1824; baseline 0.004 -11"><span class='ocrx_word' id='word_1_516' title='bbox 1098 1781 1240 1822; x_wconf 87' lang='lat' dir='ltr'><strong>baptismi</strong></span> <span class='ocrx_word' id='word_1_517' title='bbox 1266 1781 1361 1820; x_wconf 85' lang='lat' dir='ltr'><strong>gratia</strong></span> <span class='ocrx_word' id='word_1_518' title='bbox 1384 1780 1491 1815; x_wconf 80' lang='lat' dir='ltr'><strong>donari</strong></span> <span class='ocrx_word' id='word_1_519' title='bbox 1514 1781 1727 1822; x_wconf 83' lang='lat' dir='ltr'><strong>postulantem,</strong></span> <span class='ocrx_word' id='word_1_520' title='bbox 1754 1784 1926 1824; x_wconf 73' lang='lat' dir='ltr'><strong>postuies</strong></span> 
     </span>
    </p>
   </div>
   <div class='ocr_carea' id='block_1_51' title="bbox 1098 1825 1926 1867">
    <p class='ocr_par' dir='ltr' id='par_1_51' title="bbox 1098 1825 1926 1867">
     <span class='ocr_line' id='line_1_51' title="bbox 1098 1825 1926 1867; baseline 0.004 -10"><span class='ocrx_word' id='word_1_521' title='bbox 1098 1825 1163 1858; x_wconf 22' lang='lat' dir='ltr'><strong>diei,</strong></span> <span class='ocrx_word' id='word_1_522' title='bbox 1170 1825 1320 1867; x_wconf 89' lang='lat' dir='ltr'><strong>jejunium</strong></span> <span class='ocrx_word' id='word_1_523' title='bbox 1355 1835 1392 1859; x_wconf 89' lang='lat' dir='ltr'><strong>eo</strong></span> <span class='ocrx_word' id='word_1_524' title='bbox 1417 1826 1656 1866; x_wconf 70' lang='lat' dir='ltr'><strong>regenerationis</strong></span> <span class='ocrx_word' id='word_1_525' title='bbox 1680 1832 1872 1860; x_wconf 79' lang='lat' dir='ltr'><strong>sacramento</strong></span> <span class='ocrx_word' id='word_1_526' title='bbox 1893 1828 1926 1860; x_wconf 88' lang='lat' dir='ltr'><strong>in</strong></span> 
     </span>
    </p>
   </div>
   <div class='ocr_carea' id='block_1_52' title="bbox 1099 1870 1327 1903">
    <p class='ocr_par' dir='ltr' id='par_1_52' title="bbox 1099 1870 1327 1903">
     <span class='ocr_line' id='line_1_52' title="bbox 1099 1870 1327 1903; baseline 0.004 -1"><span class='ocrx_word' id='word_1_527' title='bbox 1099 1870 1174 1902; x_wconf 85' lang='lat' dir='ltr'><strong>mari</strong></span> <span class='ocrx_word' id='word_1_528' title='bbox 1191 1870 1327 1903; x_wconf 84' lang='lat' dir='ltr'><strong>initiavit.</strong></span> 
     </span>
    </p>
   </div>
   <div class='ocr_carea' id='block_1_53' title="bbox 1140 1914 1927 1956">
    <p class='ocr_par' dir='ltr' id='par_1_53' title="bbox 1140 1914 1927 1956">
     <span class='ocr_line' id='line_1_53' title="bbox 1140 1914 1927 1956; baseline 0.003 -9"><span class='ocrx_word' id='word_1_529' title='bbox 1140 1916 1193 1948; x_wconf 89' lang='lat' dir='ltr'><strong>Die</strong></span> <span class='ocrx_word' id='word_1_530' title='bbox 1206 1914 1414 1956; x_wconf 83' lang='lat' dir='ltr'><strong>subsequenti,</strong></span> <span class='ocrx_word' id='word_1_531' title='bbox 1431 1918 1464 1946; x_wconf 90' lang='lat' dir='ltr'><strong>ut</strong></span> <span class='ocrx_word' id='word_1_532' title='bbox 1476 1916 1505 1946; x_wconf 90' lang='lat' dir='ltr'><strong>in</strong></span> <span class='ocrx_word' id='word_1_533' title='bbox 1522 1923 1609 1947; x_wconf 78' lang='lat' dir='ltr'><strong>cinno</strong></span> <span class='ocrx_word' id='word_1_534' title='bbox 1620 1924 1728 1948; x_wconf 81' lang='lat' dir='ltr'><strong>ocravo</strong></span> <span class='ocrx_word' id='word_1_535' title='bbox 1743 1921 1849 1948; x_wconf 85' lang='lat' dir='ltr'><strong>auctor</strong></span> <span class='ocrx_word' id='word_1_536' title='bbox 1860 1927 1927 1949; x_wconf 86' lang='lat' dir='ltr'><strong>nar-</strong></span> 
     </span>
    </p>
   </div>
   <div class='ocr_carea' id='block_1_54' title="bbox 1098 1959 1928 2000">
    <p class='ocr_par' dir='ltr' id='par_1_54' title="bbox 1098 1959 1928 2000">
     <span class='ocr_line' id='line_1_54' title="bbox 1098 1959 1928 2000; baseline 0.005 -9"><span class='ocrx_word' id='word_1_537' title='bbox 1098 1965 1154 2000; x_wconf 85' lang='lat' dir='ltr'><strong>rat,</strong></span> <span class='ocrx_word' id='word_1_538' title='bbox 1172 1962 1292 1997; x_wconf 85' lang='lat' dir='ltr'><strong>Petrus,</strong></span> <span class='ocrx_word' id='word_1_539' title='bbox 1309 1960 1462 1992; x_wconf 84' lang='lat' dir='ltr'><strong>Clemente</strong></span> <span class='ocrx_word' id='word_1_540' title='bbox 1488 1959 1664 2000; x_wconf 88' lang='lat' dir='ltr'><strong>duobusque</strong></span> <span class='ocrx_word' id='word_1_541' title='bbox 1693 1961 1760 1992; x_wconf 86' lang='lat' dir='ltr'><strong>aliis</strong></span> <span class='ocrx_word' id='word_1_542' title='bbox 1784 1961 1928 1995; x_wconf 79' lang='lat' dir='ltr'><strong>fratribus</strong></span> 
     </span>
    </p>
   </div>
   <div class='ocr_carea' id='block_1_55' title="bbox 1099 2004 1926 2045">
    <p class='ocr_par' dir='ltr' id='par_1_55' title="bbox 1099 2004 1926 2045">
     <span class='ocr_line' id='line_1_55' title="bbox 1099 2004 1926 2045; baseline 0.004 -9"><span class='ocrx_word' id='word_1_543' title='bbox 1099 2005 1161 2036; x_wconf 88' lang='lat' dir='ltr'><strong>suis</strong></span> <span class='ocrx_word' id='word_1_544' title='bbox 1174 2004 1346 2044; x_wconf 85' lang='lat' dir='ltr'><strong>comitibus,</strong></span> <span class='ocrx_word' id='word_1_545' title='bbox 1363 2004 1438 2035; x_wconf 84' lang='lat' dir='ltr'><strong>lavat</strong></span> <span class='ocrx_word' id='word_1_546' title='bbox 1453 2004 1485 2036; x_wconf 89' lang='lat' dir='ltr'><strong>in</strong></span> <span class='ocrx_word' id='word_1_547' title='bbox 1495 2008 1579 2043; x_wconf 87' lang='lat' dir='ltr'><strong>mari,</strong></span> <span class='ocrx_word' id='word_1_548' title='bbox 1601 2009 1690 2045; x_wconf 85' lang='lat' dir='ltr'><strong>atque</strong></span> <span class='ocrx_word' id='word_1_549' title='bbox 1715 2006 1746 2036; x_wconf 87' lang='lat' dir='ltr'><strong>in</strong></span> <span class='ocrx_word' id='word_1_550' title='bbox 1772 2010 1926 2039; x_wconf 82' lang='lat' dir='ltr'><strong>secretum</strong></span> 
     </span>
    </p>
   </div>
   <div class='ocr_carea' id='block_1_56' title="bbox 1099 2049 1924 2090">
    <p class='ocr_par' dir='ltr' id='par_1_56' title="bbox 1099 2049 1924 2090">
     <span class='ocr_line' id='line_1_56' title="bbox 1099 2049 1924 2090; baseline 0.004 -9"><span class='ocrx_word' id='word_1_551' title='bbox 1099 2051 1197 2081; x_wconf 91' lang='lat' dir='ltr'><strong>locum</strong></span> <span class='ocrx_word' id='word_1_552' title='bbox 1214 2050 1250 2081; x_wconf 85' lang='lat' dir='ltr'><strong>ad</strong></span> <span class='ocrx_word' id='word_1_553' title='bbox 1267 2049 1430 2080; x_wconf 85' lang='lat' dir='ltr'><strong>orationem</strong></span> <span class='ocrx_word' id='word_1_554' title='bbox 1446 2049 1571 2082; x_wconf 85' lang='lat' dir='ltr'><strong>secedit.</strong></span> <span class='ocrx_word' id='word_1_555' title='bbox 1590 2049 1661 2081; x_wconf 87' lang='lat' dir='ltr'><strong>[nde</strong></span> <span class='ocrx_word' id='word_1_556' title='bbox 1676 2050 1719 2080; x_wconf 88' lang='lat' dir='ltr'><strong>illi</strong></span> <span class='ocrx_word' id='word_1_557' title='bbox 1751 2051 1924 2090; x_wconf 78' lang='lat' dir='ltr'><strong>egredienti</strong></span> 
     </span>
    </p>
   </div>
   <div class='ocr_carea' id='block_1_57' title="bbox 1095 2094 1925 2134">
    <p class='ocr_par' dir='ltr' id='par_1_57' title="bbox 1095 2094 1925 2134">
     <span class='ocr_line' id='line_1_57' title="bbox 1095 2094 1925 2134; baseline 0.001 -9"><span class='ocrx_word' id='word_1_558' title='bbox 1095 2095 1322 2126; x_wconf 82' lang='lat' dir='ltr'><strong>occurritsenex</strong></span> <span class='ocrx_word' id='word_1_559' title='bbox 1331 2094 1452 2133; x_wconf 84' lang='lat' dir='ltr'><strong>quidam</strong></span> <span class='ocrx_word' id='word_1_560' title='bbox 1460 2103 1625 2134; x_wconf 57' lang='lat' dir='ltr'><strong>pauperet:</strong></span> <span class='ocrx_word' id='word_1_561' title='bbox 1635 2094 1925 2134; x_wconf 76' lang='lat' dir='ltr'><strong>habituoperars&#39;ua,</strong></span> 
     </span>
    </p>
   </div>
   <div class='ocr_carea' id='block_1_58' title="bbox 1095 2139 1927 2180">
    <p class='ocr_par' dir='ltr' id='par_1_58' title="bbox 1095 2139 1927 2180">
     <span class='ocr_line' id='line_1_58' title="bbox 1095 2139 1927 2180; baseline 0.004 -11"><span class='ocrx_word' id='word_1_562' title='bbox 1095 2139 1146 2180; x_wconf 88' lang='lat' dir='ltr'><strong>qui</strong></span> <span class='ocrx_word' id='word_1_563' title='bbox 1164 2148 1267 2178; x_wconf 87' lang='lat' dir='ltr'><strong>preces</strong></span> <span class='ocrx_word' id='word_1_564' title='bbox 1283 2139 1319 2169; x_wconf 82' lang='lat' dir='ltr'><strong>ad</strong></span> <span class='ocrx_word' id='word_1_565' title='bbox 1333 2139 1426 2169; x_wconf 92' lang='lat' dir='ltr'><strong>Deum</strong></span> <span class='ocrx_word' id='word_1_566' title='bbox 1444 2148 1603 2178; x_wconf 86' lang='lat' dir='ltr'><strong>perperam</strong></span> <span class='ocrx_word' id='word_1_567' title='bbox 1619 2139 1714 2174; x_wconf 81' lang='lat' dir='ltr'><strong>fundi,</strong></span> <span class='ocrx_word' id='word_1_568' title='bbox 1728 2144 1758 2170; x_wconf 87' lang='lat' dir='ltr'><strong>et</strong></span> <span class='ocrx_word' id='word_1_569' title='bbox 1768 2140 1927 2172; x_wconf 66' lang='lat' dir='ltr'><strong>mundum</strong></span> 
     </span>
    </p>
   </div>
   <div class='ocr_carea' id='block_1_59' title="bbox 1095 2184 1927 2223">
    <p class='ocr_par' dir='ltr' id='par_1_59' title="bbox 1095 2184 1927 2223">
     <span class='ocr_line' id='line_1_59' title="bbox 1095 2184 1927 2223; baseline 0.004 -8"><span class='ocrx_word' id='word_1_570' title='bbox 1095 2193 1156 2215; x_wconf 82' lang='lat' dir='ltr'><strong>non</strong></span> <span class='ocrx_word' id='word_1_571' title='bbox 1162 2185 1329 2215; x_wconf 78' lang='lat' dir='ltr'><strong>secundum</strong></span> <span class='ocrx_word' id='word_1_572' title='bbox 1340 2184 1398 2215; x_wconf 83' lang='lat' dir='ltr'><strong>Dei</strong></span> <span class='ocrx_word' id='word_1_573' title='bbox 1405 2184 1631 2223; x_wconf 79' lang='lat' dir='ltr'><strong>providentiam</strong></span> <span class='ocrx_word' id='word_1_574' title='bbox 1637 2184 1927 2223; x_wconf 59' lang='lat' dir='ltr'><strong>gubernari&quot;..an</strong></span> 
     </span>
    </p>
   </div>
   <div class='ocr_carea' id='block_1_60' title="bbox 271 2227 1927 2278">
    <p class='ocr_par' dir='ltr' id='par_1_60' title="bbox 271 2227 1927 2278">
     <span class='ocr_line' id='line_1_60' title="bbox 271 2227 1927 2278; baseline -0.001 -17"><span class='ocrx_word' id='word_1_575' title='bbox 271 2229 491 2278; x_wconf 40' lang='lat' dir='ltr'><strong>Stramenta“</strong></span> <span class='ocrx_word' id='word_1_576' title='bbox 511 2227 602 2278; x_wconf 73' lang='lat' dir='ltr'><strong>aliam</strong></span> <span class='ocrx_word' id='word_1_577' title='bbox 624 2237 745 2278; x_wconf 74' lang='lat' dir='ltr'><strong>quoque</strong></span> <span class='ocrx_word' id='word_1_578' title='bbox 759 2229 850 2278; x_wconf 79' lang='lat' dir='ltr'><strong>_Petri</strong></span> <span class='ocrx_word' id='word_1_579' title='bbox 865 2230 1052 2278; x_wconf 69' lang='lat' dir='ltr'><strong>_conc_ionem</strong></span> <span class='ocrx_word' id='word_1_580' title='bbox 1066 2253 1086 2278; x_wconf 63' lang='grc' dir='ltr'><strong>Β</strong></span> <span class='ocrx_word' id='word_1_581' title='bbox 1095 2229 1220 2278; x_wconf 61' lang='grc' dir='ltr'><strong>νεικείῃ</strong></span> <span class='ocrx_word' id='word_1_582' title='bbox 1229 2238 1292 2278; x_wconf 52' lang='lat' dir='ltr'><strong>esse</strong></span> <span class='ocrx_word' id='word_1_583' title='bbox 1303 2237 1371 2278; x_wconf 66' lang='lat' dir='ltr'><strong>quae</strong></span> <span class='ocrx_word' id='word_1_584' title='bbox 1381 2229 1485 2278; x_wconf 70' lang='lat' dir='ltr'><strong>omnia</strong></span> <span class='ocrx_word' id='word_1_585' title='bbox 1494 2229 1561 2268; x_wconf 80' lang='lat' dir='ltr'><strong>agit</strong></span> <span class='ocrx_word' id='word_1_586' title='bbox 1576 2232 1605 2259; x_wconf 79' lang='lat' dir='ltr'><strong>et</strong></span> <span class='ocrx_word' id='word_1_587' title='bbox 1620 2229 1762 2278; x_wconf 64' lang='lat' dir='ltr'><strong>continet,</strong></span> <span class='ocrx_word' id='word_1_588' title='bbox 1779 2229 1927 2262; x_wconf 64' lang='lat' dir='ltr'><strong>audacte-</strong></span> 
     </span>
    </p>
   </div>
   <div class='ocr_carea' id='block_1_61' title="bbox 231 2272 1053 2308">
    <p class='ocr_par' dir='ltr' id='par_1_61' title="bbox 231 2272 1053 2308">
     <span class='ocr_line' id='line_1_61' title="bbox 231 2272 1053 2308; baseline -0.001 0"><span class='ocrx_word' id='word_1_589' title='bbox 231 2274 376 2308; x_wconf 85' lang='lat' dir='ltr'><strong>eontinet.</strong></span> <span class='ocrx_word' id='word_1_590' title='bbox 391 2273 420 2305; x_wconf 87' lang='lat' dir='ltr'><strong>Is</strong></span> <span class='ocrx_word' id='word_1_591' title='bbox 429 2281 497 2304; x_wconf 89' lang='lat' dir='ltr'><strong>cum</strong></span> <span class='ocrx_word' id='word_1_592' title='bbox 511 2272 624 2305; x_wconf 90' lang='lat' dir='ltr'><strong>tardius</strong></span> <span class='ocrx_word' id='word_1_593' title='bbox 638 2274 724 2306; x_wconf 86' lang='lat' dir='ltr'><strong>solito</strong></span> <span class='ocrx_word' id='word_1_594' title='bbox 739 2274 777 2306; x_wconf 93' lang='lat' dir='ltr'><strong>ob</strong></span> <span class='ocrx_word' id='word_1_595' title='bbox 793 2275 925 2307; x_wconf 86' lang='lat' dir='ltr'><strong>noctium</strong></span> <span class='ocrx_word' id='word_1_596' title='bbox 952 2275 1053 2307; x_wconf 85' lang='lat' dir='ltr'><strong>brevi-</strong></span> 
     </span>
    </p>
   </div>
   <div class='ocr_carea' id='block_1_62' title="bbox 232 2317 1053 2354">
    <p class='ocr_par' dir='ltr' id='par_1_62' title="bbox 232 2317 1053 2354">
     <span class='ocr_line' id='line_1_62' title="bbox 232 2317 1053 2354; baseline 0 -2"><span class='ocrx_word' id='word_1_597' title='bbox 232 2324 323 2353; x_wconf 88' lang='lat' dir='ltr'><strong>tatem</strong></span> <span class='ocrx_word' id='word_1_598' title='bbox 338 2317 526 2354; x_wconf 84' lang='lat' dir='ltr'><strong>surrexisset,</strong></span> <span class='ocrx_word' id='word_1_599' title='bbox 542 2317 580 2349; x_wconf 89' lang='lat' dir='ltr'><strong>ad</strong></span> <span class='ocrx_word' id='word_1_600' title='bbox 594 2323 767 2351; x_wconf 88' lang='lat' dir='ltr'><strong>consuetum</strong></span> <span class='ocrx_word' id='word_1_601' title='bbox 778 2320 933 2352; x_wconf 88' lang='lat' dir='ltr'><strong>concionis</strong></span> <span class='ocrx_word' id='word_1_602' title='bbox 956 2321 1053 2353; x_wconf 90' lang='lat' dir='ltr'><strong>locum</strong></span> 
     </span>
    </p>
   </div>
   <div class='ocr_carea' id='block_1_63' title="bbox 232 2362 1053 2406">
    <p class='ocr_par' dir='ltr' id='par_1_63' title="bbox 232 2362 1053 2406">
     <span class='ocr_line' id='line_1_63' title="bbox 232 2362 1053 2406; baseline 0.002 -10"><span class='ocrx_word' id='word_1_603' title='bbox 232 2363 376 2406; x_wconf 80' lang='lat' dir='ltr'><strong>perrexit.</strong></span> <span class='ocrx_word' id='word_1_604' title='bbox 391 2362 489 2404; x_wconf 76' lang='lat' dir='ltr'><strong>Atque</strong></span> <span class='ocrx_word' id='word_1_605' title='bbox 508 2363 550 2394; x_wconf 87' lang='lat' dir='ltr'><strong>ibi</strong></span> <span class='ocrx_word' id='word_1_606' title='bbox 564 2364 661 2405; x_wconf 92' lang='lat' dir='ltr'><strong>primo</strong></span> <span class='ocrx_word' id='word_1_607' title='bbox 676 2364 818 2405; x_wconf 81' lang='lat' dir='ltr'><strong>explicuit</strong></span> <span class='ocrx_word' id='word_1_608' title='bbox 829 2365 979 2406; x_wconf 91' lang='lat' dir='ltr'><strong>quomodo</strong></span> <span class='ocrx_word' id='word_1_609' title='bbox 996 2366 1053 2398; x_wconf 89' lang='lat' dir='ltr'><strong>ho-</strong></span> 
     </span>
    </p>
   </div>
   <div class='ocr_carea' id='block_1_64' title="bbox 232 2407 1053 2451">
    <p class='ocr_par' dir='ltr' id='par_1_64' title="bbox 232 2407 1053 2451">
     <span class='ocr_line' id='line_1_64' title="bbox 232 2407 1053 2451; baseline 0.002 -10"><span class='ocrx_word' id='word_1_610' title='bbox 232 2411 330 2441; x_wconf 87' lang='lat' dir='ltr'><strong>mines</strong></span> <span class='ocrx_word' id='word_1_611' title='bbox 345 2408 458 2449; x_wconf 90' lang='lat' dir='ltr'><strong>possint</strong></span> <span class='ocrx_word' id='word_1_612' title='bbox 471 2407 560 2440; x_wconf 85' lang='lat' dir='ltr'><strong>falsas</strong></span> <span class='ocrx_word' id='word_1_613' title='bbox 570 2408 727 2449; x_wconf 81' lang='lat' dir='ltr'><strong>opiniones</strong></span> <span class='ocrx_word' id='word_1_614' title='bbox 737 2409 902 2451; x_wconf 89' lang='lat' dir='ltr'><strong>deponere,</strong></span> <span class='ocrx_word' id='word_1_615' title='bbox 910 2415 940 2442; x_wconf 89' lang='lat' dir='ltr'><strong>et</strong></span> <span class='ocrx_word' id='word_1_616' title='bbox 953 2410 984 2442; x_wconf 92' lang='lat' dir='ltr'><strong>in</strong></span> <span class='ocrx_word' id='word_1_617' title='bbox 1001 2420 1053 2442; x_wconf 88' lang='lat' dir='ltr'><strong>ve-</strong></span> 
     </span>
    </p>
   </div>
   <div class='ocr_carea' id='block_1_65' title="bbox 231 2452 1051 2494">
    <p class='ocr_par' dir='ltr' id='par_1_65' title="bbox 231 2452 1051 2494">
     <span class='ocr_line' id='line_1_65' title="bbox 231 2452 1051 2494; baseline -0.001 -7"><span class='ocrx_word' id='word_1_618' title='bbox 231 2453 331 2487; x_wconf 86' lang='lat' dir='ltr'><strong>ritatis</strong></span> <span class='ocrx_word' id='word_1_619' title='bbox 340 2452 463 2493; x_wconf 85' lang='lat' dir='ltr'><strong>verique</strong></span> <span class='ocrx_word' id='word_1_620' title='bbox 478 2452 532 2485; x_wconf 90' lang='lat' dir='ltr'><strong>Dei</strong></span> <span class='ocrx_word' id='word_1_621' title='bbox 541 2455 696 2494; x_wconf 86' lang='lat' dir='ltr'><strong>pervenire</strong></span> <span class='ocrx_word' id='word_1_622' title='bbox 705 2454 853 2486; x_wconf 82' lang='lat' dir='ltr'><strong>notitiam.</strong></span> <span class='ocrx_word' id='word_1_623' title='bbox 866 2455 1051 2487; x_wconf 78' lang='lat' dir='ltr'><strong>Manifestum</strong></span> 
     </span>
    </p>
   </div>
   <div class='ocr_carea' id='block_1_66' title="bbox 232 2496 1054 2541">
    <p class='ocr_par' dir='ltr' id='par_1_66' title="bbox 232 2496 1054 2541">
     <span class='ocr_line' id='line_1_66' title="bbox 232 2496 1054 2541; baseline 0.001 -10"><span class='ocrx_word' id='word_1_624' title='bbox 232 2497 343 2531; x_wconf 87' lang='lat' dir='ltr'><strong>deinde</strong></span> <span class='ocrx_word' id='word_1_625' title='bbox 359 2496 430 2529; x_wconf 88' lang='lat' dir='ltr'><strong>fecit</strong></span> <span class='ocrx_word' id='word_1_626' title='bbox 452 2497 521 2529; x_wconf 81' lang='lat' dir='ltr'><strong>illos</strong></span> <span class='ocrx_word' id='word_1_627' title='bbox 537 2498 617 2530; x_wconf 85' lang='lat' dir='ltr'><strong>haud</strong></span> <span class='ocrx_word' id='word_1_628' title='bbox 638 2498 802 2531; x_wconf 86' lang='lat' dir='ltr'><strong>difficulter</strong></span> <span class='ocrx_word' id='word_1_629' title='bbox 815 2500 894 2532; x_wconf 88' lang='lat' dir='ltr'><strong>scire</strong></span> <span class='ocrx_word' id='word_1_630' title='bbox 923 2501 1054 2541; x_wconf 87' lang='lat' dir='ltr'><strong>potuisse</strong></span> 
     </span>
    </p>
   </div>
   <div class='ocr_carea' id='block_1_67' title="bbox 230 2541 1054 2585">
    <p class='ocr_par' dir='ltr' id='par_1_67' title="bbox 230 2541 1054 2585">
     <span class='ocr_line' id='line_1_67' title="bbox 230 2541 1054 2585; baseline 0.004 -10"><span class='ocrx_word' id='word_1_631' title='bbox 230 2551 290 2575; x_wconf 90' lang='lat' dir='ltr'><strong>non</strong></span> <span class='ocrx_word' id='word_1_632' title='bbox 304 2541 426 2584; x_wconf 86' lang='lat' dir='ltr'><strong>quidem</strong></span> <span class='ocrx_word' id='word_1_633' title='bbox 442 2543 519 2584; x_wconf 80' lang='lat' dir='ltr'><strong>quid</strong></span> <span class='ocrx_word' id='word_1_634' title='bbox 531 2543 573 2575; x_wconf 75' lang='lat' dir='ltr'><strong>sit</strong></span> <span class='ocrx_word' id='word_1_635' title='bbox 589 2543 681 2585; x_wconf 78' lang='lat' dir='ltr'><strong>Deus,</strong></span> <span class='ocrx_word' id='word_1_636' title='bbox 697 2544 750 2576; x_wconf 79' lang='lat' dir='ltr'><strong>sed</strong></span> <span class='ocrx_word' id='word_1_637' title='bbox 761 2545 845 2585; x_wconf 82' lang='lat' dir='ltr'><strong>quod</strong></span> <span class='ocrx_word' id='word_1_638' title='bbox 868 2553 930 2576; x_wconf 79' lang='lat' dir='ltr'><strong>non</strong></span> <span class='ocrx_word' id='word_1_639' title='bbox 950 2545 1001 2583; x_wconf 82' lang='lat' dir='ltr'><strong>sit,</strong></span> <span class='ocrx_word' id='word_1_640' title='bbox 1019 2554 1054 2578; x_wconf 86' lang='lat' dir='ltr'><strong>ac</strong></span> 
     </span>
    </p>
   </div>
   <div class='ocr_carea' id='block_1_68' title="bbox 232 2586 1053 2631">
    <p class='ocr_par' dir='ltr' id='par_1_68' title="bbox 232 2586 1053 2631">
     <span class='ocr_line' id='line_1_68' title="bbox 232 2586 1053 2631; baseline 0.005 -13"><span class='ocrx_word' id='word_1_641' title='bbox 232 2586 360 2629; x_wconf 86' lang='lat' dir='ltr'><strong>proinde</strong></span> <span class='ocrx_word' id='word_1_642' title='bbox 375 2586 460 2619; x_wconf 90' lang='lat' dir='ltr'><strong>illum</strong></span> <span class='ocrx_word' id='word_1_643' title='bbox 475 2587 507 2619; x_wconf 89' lang='lat' dir='ltr'><strong>in</strong></span> <span class='ocrx_word' id='word_1_644' title='bbox 531 2587 632 2625; x_wconf 89' lang='lat' dir='ltr'><strong>idolis,</strong></span> <span class='ocrx_word' id='word_1_645' title='bbox 649 2589 780 2621; x_wconf 89' lang='lat' dir='ltr'><strong>humana</strong></span> <span class='ocrx_word' id='word_1_646' title='bbox 801 2593 866 2622; x_wconf 89' lang='lat' dir='ltr'><strong>arte</strong></span> <span class='ocrx_word' id='word_1_647' title='bbox 889 2588 1053 2631; x_wconf 83' lang='lat' dir='ltr'><strong>fabricatis,</strong></span> 
     </span>
    </p>
   </div>
   <div class='ocr_carea' id='block_1_69' title="bbox 230 2631 1056 2675">
    <p class='ocr_par' dir='ltr' id='par_1_69' title="bbox 230 2631 1056 2675">
     <span class='ocr_line' id='line_1_69' title="bbox 230 2631 1056 2675; baseline 0.002 -10"><span class='ocrx_word' id='word_1_648' title='bbox 230 2641 292 2665; x_wconf 91' lang='lat' dir='ltr'><strong>non</strong></span> <span class='ocrx_word' id='word_1_649' title='bbox 307 2631 435 2665; x_wconf 85' lang='lat' dir='ltr'><strong>includi.</strong></span> <span class='ocrx_word' id='word_1_650' title='bbox 446 2633 487 2665; x_wconf 90' lang='lat' dir='ltr'><strong>At</strong></span> <span class='ocrx_word' id='word_1_651' title='bbox 500 2641 571 2664; x_wconf 87' lang='lat' dir='ltr'><strong>vero</strong></span> <span class='ocrx_word' id='word_1_652' title='bbox 586 2633 656 2674; x_wconf 88' lang='lat' dir='ltr'><strong>quia</strong></span> <span class='ocrx_word' id='word_1_653' title='bbox 679 2635 785 2666; x_wconf 78' lang='lat' dir='ltr'><strong>omnia</strong></span> <span class='ocrx_word' id='word_1_654' title='bbox 811 2635 989 2675; x_wconf 76' lang='lat' dir='ltr'><strong>gignuntur</strong></span> <span class='ocrx_word' id='word_1_655' title='bbox 1016 2644 1056 2667; x_wconf 77' lang='lat' dir='ltr'><strong>ea:</strong></span> 
     </span>
    </p>
   </div>
   <div class='ocr_carea' id='block_1_70' title="bbox 232 2677 1057 2720">
    <p class='ocr_par' dir='ltr' id='par_1_70' title="bbox 232 2677 1057 2720">
     <span class='ocr_line' id='line_1_70' title="bbox 232 2677 1057 2720; baseline 0.002 -11"><span class='ocrx_word' id='word_1_656' title='bbox 232 2685 327 2719; x_wconf 81' lang='lat' dir='ltr'><strong>aqua,</strong></span> <span class='ocrx_word' id='word_1_657' title='bbox 344 2681 518 2718; x_wconf 74' lang='lat' dir='ltr'><strong>quaerente</strong></span> <span class='ocrx_word' id='word_1_658' title='bbox 524 2681 568 2710; x_wconf 76' lang='lat' dir='ltr'><strong>est</strong></span> <span class='ocrx_word' id='word_1_659' title='bbox 574 2677 707 2711; x_wconf 75' lang='lat' dir='ltr'><strong>abinttt&#39;o</strong></span> <span class='ocrx_word' id='word_1_660' title='bbox 714 2688 770 2720; x_wconf 81' lang='lat' dir='ltr'><strong>per</strong></span> <span class='ocrx_word' id='word_1_661' title='bbox 780 2678 989 2719; x_wconf 78' lang='lat' dir='ltr'><strong>Unigenttum,</strong></span> <span class='ocrx_word' id='word_1_662' title='bbox 998 2688 1057 2720; x_wconf 86' lang='lat' dir='ltr'><strong>per</strong></span> 
     </span>
    </p>
   </div>
   <div class='ocr_carea' id='block_1_71' title="bbox 231 2724 1052 2766">
    <p class='ocr_par' dir='ltr' id='par_1_71' title="bbox 231 2724 1052 2766">
     <span class='ocr_line' id='line_1_71' title="bbox 231 2724 1052 2766; baseline 0 -11"><span class='ocrx_word' id='word_1_663' title='bbox 231 2731 321 2764; x_wconf 65' lang='lat' dir='ltr'><strong>quem</strong></span> <span class='ocrx_word' id='word_1_664' title='bbox 330 2724 557 2763; x_wconf 77' lang='lat' dir='ltr'><strong>perveniturad</strong></span> <span class='ocrx_word' id='word_1_665' title='bbox 566 2724 699 2766; x_wconf 73' lang='lat' dir='ltr'><strong>Patrem,</strong></span> <span class='ocrx_word' id='word_1_666' title='bbox 712 2724 821 2756; x_wconf 83' lang='lat' dir='ltr'><strong>exinde</strong></span> <span class='ocrx_word' id='word_1_667' title='bbox 831 2724 930 2756; x_wconf 81' lang='lat' dir='ltr'><strong>intulit</strong></span> <span class='ocrx_word' id='word_1_668' title='bbox 939 2724 1052 2764; x_wconf 60' lang='lat' dir='ltr'><strong>genita.</strong></span> 
     </span>
    </p>
   </div>
   <div class='ocr_carea' id='block_1_72' title="bbox 230 2766 1053 2811">
    <p class='ocr_par' dir='ltr' id='par_1_72' title="bbox 230 2766 1053 2811">
     <span class='ocr_line' id='line_1_72' title="bbox 230 2766 1053 2811; baseline 0.004 -12"><span class='ocrx_word' id='word_1_669' title='bbox 230 2766 309 2800; x_wconf 87' lang='lat' dir='ltr'><strong>libus</strong></span> <span class='ocrx_word' id='word_1_670' title='bbox 320 2766 471 2809; x_wconf 83' lang='lat' dir='ltr'><strong>baptismi,</strong></span> <span class='ocrx_word' id='word_1_671' title='bbox 487 2769 576 2810; x_wconf 87' lang='lat' dir='ltr'><strong>cujus</strong></span> <span class='ocrx_word' id='word_1_672' title='bbox 602 2769 811 2803; x_wconf 83' lang='lat' dir='ltr'><strong>necessitatem</strong></span> <span class='ocrx_word' id='word_1_673' title='bbox 836 2769 1053 2811; x_wconf 86' lang='lat' dir='ltr'><strong>utilitatemque</strong></span> 
     </span>
    </p>
   </div>
   <div class='ocr_carea' id='block_1_73' title="bbox 230 2811 1050 2858">
    <p class='ocr_par' dir='ltr' id='par_1_73' title="bbox 230 2811 1050 2858">
     <span class='ocr_line' id='line_1_73' title="bbox 230 2811 1050 2858; baseline -0.001 -12"><span class='ocrx_word' id='word_1_674' title='bbox 230 2811 437 2846; x_wconf 82' lang='lat' dir='ltr'><strong>demonstrare</strong></span> <span class='ocrx_word' id='word_1_675' title='bbox 457 2819 581 2848; x_wconf 82' lang='lat' dir='ltr'><strong>conatus</strong></span> <span class='ocrx_word' id='word_1_676' title='bbox 604 2819 660 2854; x_wconf 87' lang='lat' dir='ltr'><strong>est,</strong></span> <span class='ocrx_word' id='word_1_677' title='bbox 678 2824 733 2848; x_wconf 88' lang='lat' dir='ltr'><strong>nos</strong></span> <span class='ocrx_word' id='word_1_678' title='bbox 755 2815 841 2858; x_wconf 84' lang='lat' dir='ltr'><strong>aquis</strong></span> <span class='ocrx_word' id='word_1_679' title='bbox 863 2814 982 2847; x_wconf 79' lang='lat' dir='ltr'><strong>renasci</strong></span> <span class='ocrx_word' id='word_1_680' title='bbox 995 2814 1050 2847; x_wconf 50' lang='lat' dir='ltr'><strong>de,</strong></span> 
     </span>
    </p>
   </div>
   <div class='ocr_carea' id='block_1_74' title="bbox 1095 2272 1927 2313">
    <p class='ocr_par' dir='ltr' id='par_1_74' title="bbox 1095 2272 1927 2313">
     <span class='ocr_line' id='line_1_74' title="bbox 1095 2272 1927 2313; baseline 0.001 -8"><span class='ocrx_word' id='word_1_681' title='bbox 1095 2274 1234 2305; x_wconf 83' lang='lat' dir='ltr'><strong>asseruit.</strong></span> <span class='ocrx_word' id='word_1_682' title='bbox 1254 2274 1299 2304; x_wconf 87' lang='lat' dir='ltr'><strong>Fit</strong></span> <span class='ocrx_word' id='word_1_683' title='bbox 1313 2273 1433 2304; x_wconf 87' lang='lat' dir='ltr'><strong>interim</strong></span> <span class='ocrx_word' id='word_1_684' title='bbox 1447 2282 1571 2312; x_wconf 85' lang='lat' dir='ltr'><strong>magnus</strong></span> <span class='ocrx_word' id='word_1_685' title='bbox 1583 2272 1685 2313; x_wconf 89' lang='lat' dir='ltr'><strong>populi</strong></span> <span class='ocrx_word' id='word_1_686' title='bbox 1697 2282 1879 2313; x_wconf 78' lang='lat' dir='ltr'><strong>concursus,</strong></span> <span class='ocrx_word' id='word_1_687' title='bbox 1896 2279 1927 2306; x_wconf 83' lang='lat' dir='ltr'><strong>et</strong></span> 
     </span>
    </p>
   </div>
   <div class='ocr_carea' id='block_1_75' title="bbox 1095 2317 1925 2360">
    <p class='ocr_par' dir='ltr' id='par_1_75' title="bbox 1095 2317 1925 2360">
     <span class='ocr_line' id='line_1_75' title="bbox 1095 2317 1925 2360; baseline -0.002 -9"><span class='ocrx_word' id='word_1_688' title='bbox 1095 2320 1227 2358; x_wconf 76' lang='lat' dir='ltr'><strong>Nicetes,</strong></span> <span class='ocrx_word' id='word_1_689' title='bbox 1244 2319 1335 2350; x_wconf 77' lang='lat' dir='ltr'><strong>datae</strong></span> <span class='ocrx_word' id='word_1_690' title='bbox 1350 2317 1506 2357; x_wconf 85' lang='lat' dir='ltr'><strong>Petro,qui</strong></span> <span class='ocrx_word' id='word_1_691' title='bbox 1517 2318 1583 2348; x_wconf 81' lang='lat' dir='ltr'><strong>seni</strong></span> <span class='ocrx_word' id='word_1_692' title='bbox 1598 2318 1783 2357; x_wconf 84' lang='lat' dir='ltr'><strong>respondere</strong></span> <span class='ocrx_word' id='word_1_693' title='bbox 1795 2318 1925 2360; x_wconf 76' lang='lat' dir='ltr'><strong>volebat,</strong></span> 
     </span>
    </p>
   </div>
   <div class='ocr_carea' id='block_1_76' title="bbox 1095 2362 1925 2403">
    <p class='ocr_par' dir='ltr' id='par_1_76' title="bbox 1095 2362 1925 2403">
     <span class='ocr_line' id='line_1_76' title="bbox 1095 2362 1925 2403; baseline 0.002 -9"><span class='ocrx_word' id='word_1_694' title='bbox 1095 2363 1213 2394; x_wconf 89' lang='lat' dir='ltr'><strong>dicendi</strong></span> <span class='ocrx_word' id='word_1_695' title='bbox 1228 2363 1378 2403; x_wconf 81' lang='lat' dir='ltr'><strong>facultate,</strong></span> <span class='ocrx_word' id='word_1_696' title='bbox 1395 2362 1497 2393; x_wconf 88' lang='lat' dir='ltr'><strong>docuit</strong></span> <span class='ocrx_word' id='word_1_697' title='bbox 1524 2362 1668 2393; x_wconf 88' lang='lat' dir='ltr'><strong>mundum</strong></span> <span class='ocrx_word' id='word_1_698' title='bbox 1684 2371 1702 2393; x_wconf 85' lang='lat' dir='ltr'><strong>a</strong></span> <span class='ocrx_word' id='word_1_699' title='bbox 1717 2363 1780 2394; x_wconf 88' lang='lat' dir='ltr'><strong>Deo</strong></span> <span class='ocrx_word' id='word_1_700' title='bbox 1795 2362 1925 2402; x_wconf 78' lang='lat' dir='ltr'><strong>factum.</strong></span> 
     </span>
    </p>
   </div>
   <div class='ocr_carea' id='block_1_77' title="bbox 1096 2407 1926 2449">
    <p class='ocr_par' dir='ltr' id='par_1_77' title="bbox 1096 2407 1926 2449">
     <span class='ocr_line' id='line_1_77' title="bbox 1096 2407 1926 2449; baseline 0 -10"><span class='ocrx_word' id='word_1_701' title='bbox 1096 2413 1124 2439; x_wconf 90' lang='lat' dir='ltr'><strong>et</strong></span> <span class='ocrx_word' id='word_1_702' title='bbox 1139 2408 1176 2439; x_wconf 82' lang='lat' dir='ltr'><strong>ab</strong></span> <span class='ocrx_word' id='word_1_703' title='bbox 1191 2409 1255 2449; x_wconf 86' lang='lat' dir='ltr'><strong>ipso</strong></span> <span class='ocrx_word' id='word_1_704' title='bbox 1286 2407 1463 2448; x_wconf 84' lang='lat' dir='ltr'><strong>quandoque</strong></span> <span class='ocrx_word' id='word_1_705' title='bbox 1478 2407 1666 2444; x_wconf 85' lang='lat' dir='ltr'><strong>solvendum,</strong></span> <span class='ocrx_word' id='word_1_706' title='bbox 1685 2416 1740 2438; x_wconf 87' lang='lat' dir='ltr'><strong>nec</strong></span> <span class='ocrx_word' id='word_1_707' title='bbox 1755 2417 1791 2438; x_wconf 81' lang='lat' dir='ltr'><strong>ex</strong></span> <span class='ocrx_word' id='word_1_708' title='bbox 1811 2408 1926 2440; x_wconf 82' lang='lat' dir='ltr'><strong>indivi-</strong></span> 
     </span>
    </p>
   </div>
   <div class='ocr_carea' id='block_1_78' title="bbox 1095 2452 1925 2494">
    <p class='ocr_par' dir='ltr' id='par_1_78' title="bbox 1095 2452 1925 2494">
     <span class='ocr_line' id='line_1_78' title="bbox 1095 2452 1925 2494; baseline 0.001 -10"><span class='ocrx_word' id='word_1_709' title='bbox 1095 2454 1161 2485; x_wconf 89' lang='lat' dir='ltr'><strong>duis</strong></span> <span class='ocrx_word' id='word_1_710' title='bbox 1177 2453 1361 2494; x_wconf 87' lang='lat' dir='ltr'><strong>corpusculis</strong></span> <span class='ocrx_word' id='word_1_711' title='bbox 1386 2462 1439 2483; x_wconf 85' lang='lat' dir='ltr'><strong>seu</strong></span> <span class='ocrx_word' id='word_1_712' title='bbox 1465 2452 1585 2489; x_wconf 88' lang='lat' dir='ltr'><strong>atomis,</strong></span> <span class='ocrx_word' id='word_1_713' title='bbox 1602 2456 1633 2482; x_wconf 88' lang='lat' dir='ltr'><strong>ut</strong></span> <span class='ocrx_word' id='word_1_714' title='bbox 1656 2452 1772 2483; x_wconf 84' lang='lat' dir='ltr'><strong>ferebat</strong></span> <span class='ocrx_word' id='word_1_715' title='bbox 1800 2452 1925 2493; x_wconf 75' lang='lat' dir='ltr'><strong>Epicuu&#39;</strong></span> 
     </span>
    </p>
   </div>
   <div class='ocr_carea' id='block_1_79' title="bbox 1095 2496 1927 2539">
    <p class='ocr_par' dir='ltr' id='par_1_79' title="bbox 1095 2496 1927 2539">
     <span class='ocr_line' id='line_1_79' title="bbox 1095 2496 1927 2539; baseline 0.001 -10"><span class='ocrx_word' id='word_1_716' title='bbox 1095 2497 1722 2539; x_wconf 80' lang='lat' dir='ltr'><strong>sententia,quaelibetcorpora,mentesque</strong></span> <span class='ocrx_word' id='word_1_717' title='bbox 1728 2496 1927 2537; x_wconf 67' lang='lat' dir='ltr'><strong>intelligentia</strong></span> 
     </span>
    </p>
   </div>
   <div class='ocr_carea' id='block_1_80' title="bbox 1097 2541 1926 2584">
    <p class='ocr_par' dir='ltr' id='par_1_80' title="bbox 1097 2541 1926 2584">
     <span class='ocr_line' id='line_1_80' title="bbox 1097 2541 1926 2584; baseline 0 -10"><span class='ocrx_word' id='word_1_718' title='bbox 1097 2544 1244 2584; x_wconf 59' lang='lat' dir='ltr'><strong>praeditas,</strong></span> <span class='ocrx_word' id='word_1_719' title='bbox 1268 2543 1344 2575; x_wconf 82' lang='lat' dir='ltr'><strong>ﬁeri.</strong></span> <span class='ocrx_word' id='word_1_720' title='bbox 1359 2543 1455 2574; x_wconf 84' lang='lat' dir='ltr'><strong>Variis</strong></span> <span class='ocrx_word' id='word_1_721' title='bbox 1467 2542 1578 2574; x_wconf 89' lang='lat' dir='ltr'><strong>deinde</strong></span> <span class='ocrx_word' id='word_1_722' title='bbox 1589 2541 1774 2581; x_wconf 83' lang='lat' dir='ltr'><strong>argumentis</strong></span> <span class='ocrx_word' id='word_1_723' title='bbox 1788 2541 1926 2582; x_wconf 61' lang='lat' dir='ltr'><strong>probarit</strong></span> 
     </span>
    </p>
   </div>
   <div class='ocr_carea' id='block_1_81' title="bbox 1097 2586 1923 2629">
    <p class='ocr_par' dir='ltr' id='par_1_81' title="bbox 1097 2586 1923 2629">
     <span class='ocr_line' id='line_1_81' title="bbox 1097 2586 1923 2629; baseline 0.001 -10"><span class='ocrx_word' id='word_1_724' title='bbox 1097 2589 1240 2619; x_wconf 92' lang='lat' dir='ltr'><strong>mundum</strong></span> <span class='ocrx_word' id='word_1_725' title='bbox 1249 2589 1286 2619; x_wconf 83' lang='lat' dir='ltr'><strong>ab</strong></span> <span class='ocrx_word' id='word_1_726' title='bbox 1299 2589 1367 2628; x_wconf 76' lang='lat' dir='ltr'><strong>ipsa</strong></span> <span class='ocrx_word' id='word_1_727' title='bbox 1379 2588 1536 2627; x_wconf 74' lang='lat' dir='ltr'><strong>sapientia</strong></span> <span class='ocrx_word' id='word_1_728' title='bbox 1551 2590 1579 2618; x_wconf 78' lang='lat' dir='ltr'><strong>et</strong></span> <span class='ocrx_word' id='word_1_729' title='bbox 1590 2588 1724 2625; x_wconf 70' lang='lat' dir='ltr'><strong>ratione,</strong></span> <span class='ocrx_word' id='word_1_730' title='bbox 1733 2587 1854 2627; x_wconf 87' lang='lat' dir='ltr'><strong>quando</strong></span> <span class='ocrx_word' id='word_1_731' title='bbox 1864 2586 1923 2629; x_wconf 74' lang='lat' dir='ltr'><strong>ipl&#39;</strong></span> 
     </span>
    </p>
   </div>
   <div class='ocr_carea' id='block_1_82' title="bbox 1097 2633 1508 2674">
    <p class='ocr_par' dir='ltr' id='par_1_82' title="bbox 1097 2633 1508 2674">
     <span class='ocr_line' id='line_1_82' title="bbox 1097 2633 1508 2674; baseline -0.002 -10"><span class='ocrx_word' id='word_1_732' title='bbox 1097 2634 1218 2674; x_wconf 84' lang='lat' dir='ltr'><strong>placuit,</strong></span> <span class='ocrx_word' id='word_1_733' title='bbox 1236 2633 1325 2664; x_wconf 89' lang='lat' dir='ltr'><strong>fuisse</strong></span> <span class='ocrx_word' id='word_1_734' title='bbox 1342 2633 1508 2664; x_wconf 87' lang='lat' dir='ltr'><strong>conditum.</strong></span> 
     </span>
    </p>
   </div>
   <div class='ocr_carea' id='block_1_83' title="bbox 1139 2675 1922 2719">
    <p class='ocr_par' dir='ltr' id='par_1_83' title="bbox 1139 2675 1922 2719">
     <span class='ocr_line' id='line_1_83' title="bbox 1139 2675 1922 2719; baseline -0.003 -10"><span class='ocrx_word' id='word_1_735' title='bbox 1139 2678 1297 2717; x_wconf 82' lang='lat' dir='ltr'><strong>Postridie,</strong></span> <span class='ocrx_word' id='word_1_736' title='bbox 1315 2683 1391 2709; x_wconf 75' lang='lat' dir='ltr'><strong>ccetu</strong></span> <span class='ocrx_word' id='word_1_737' title='bbox 1409 2678 1440 2708; x_wconf 92' lang='lat' dir='ltr'><strong>in</strong></span> <span class='ocrx_word' id='word_1_738' title='bbox 1456 2676 1592 2719; x_wconf 89' lang='lat' dir='ltr'><strong>primarii</strong></span> <span class='ocrx_word' id='word_1_739' title='bbox 1604 2675 1760 2716; x_wconf 86' lang='lat' dir='ltr'><strong>cujusdam</strong></span> <span class='ocrx_word' id='word_1_740' title='bbox 1776 2675 1849 2708; x_wconf 86' lang='lat' dir='ltr'><strong>civis</strong></span> <span class='ocrx_word' id='word_1_741' title='bbox 1864 2676 1922 2708; x_wconf 80' lang='lat' dir='ltr'><strong>da-</strong></span> 
     </span>
    </p>
   </div>
   <div class='ocr_carea' id='block_1_84' title="bbox 1099 2720 1923 2762">
    <p class='ocr_par' dir='ltr' id='par_1_84' title="bbox 1099 2720 1923 2762">
     <span class='ocr_line' id='line_1_84' title="bbox 1099 2720 1923 2762; baseline -0.002 -8"><span class='ocrx_word' id='word_1_742' title='bbox 1099 2733 1178 2754; x_wconf 92' lang='lat' dir='ltr'><strong>mum</strong></span> <span class='ocrx_word' id='word_1_743' title='bbox 1191 2727 1307 2760; x_wconf 84' lang='lat' dir='ltr'><strong>coacto,</strong></span> <span class='ocrx_word' id='word_1_744' title='bbox 1320 2732 1411 2754; x_wconf 87' lang='lat' dir='ltr'><strong>senex</strong></span> <span class='ocrx_word' id='word_1_745' title='bbox 1428 2732 1462 2754; x_wconf 84' lang='lat' dir='ltr'><strong>ea</strong></span> <span class='ocrx_word' id='word_1_746' title='bbox 1480 2731 1545 2762; x_wconf 68' lang='lat' dir='ltr'><strong>qua:</strong></span> <span class='ocrx_word' id='word_1_747' title='bbox 1567 2721 1685 2753; x_wconf 71' lang='lat' dir='ltr'><strong>Nicetes</strong></span> <span class='ocrx_word' id='word_1_748' title='bbox 1705 2720 1822 2752; x_wconf 76' lang='lat' dir='ltr'><strong>dixerat</strong></span> <span class='ocrx_word' id='word_1_749' title='bbox 1835 2729 1923 2753; x_wconf 62' lang='lat' dir='ltr'><strong>sum</strong></span> 
     </span>
    </p>
   </div>
   <div class='ocr_carea' id='block_1_85' title="bbox 1097 2765 1923 2809">
    <p class='ocr_par' dir='ltr' id='par_1_85' title="bbox 1097 2765 1923 2809">
     <span class='ocr_line' id='line_1_85' title="bbox 1097 2765 1923 2809; baseline -0.004 -10"><span class='ocrx_word' id='word_1_750' title='bbox 1097 2768 1197 2799; x_wconf 86' lang='lat' dir='ltr'><strong>matim</strong></span> <span class='ocrx_word' id='word_1_751' title='bbox 1210 2768 1330 2809; x_wconf 85' lang='lat' dir='ltr'><strong>repetit,</strong></span> <span class='ocrx_word' id='word_1_752' title='bbox 1346 2772 1447 2807; x_wconf 86' lang='lat' dir='ltr'><strong>atque,</strong></span> <span class='ocrx_word' id='word_1_753' title='bbox 1460 2767 1605 2798; x_wconf 75' lang='lat' dir='ltr'><strong>adversus</strong></span> <span class='ocrx_word' id='word_1_754' title='bbox 1614 2765 1666 2797; x_wconf 84' lang='lat' dir='ltr'><strong>illa</strong></span> <span class='ocrx_word' id='word_1_755' title='bbox 1675 2765 1923 2806; x_wconf 55' lang='lat' dir='ltr'><strong>disputamus-</strong></span> 
     </span>
    </p>
   </div>
   <div class='ocr_carea' id='block_1_86' title="bbox 1092 2811 1922 2854">
    <p class='ocr_par' dir='ltr' id='par_1_86' title="bbox 1092 2811 1922 2854">
     <span class='ocr_line' id='line_1_86' title="bbox 1092 2811 1922 2854; baseline -0.002 -9"><span class='ocrx_word' id='word_1_756' title='bbox 1092 2813 1186 2845; x_wconf 87' lang='lat' dir='ltr'><strong>tendit</strong></span> <span class='ocrx_word' id='word_1_757' title='bbox 1196 2812 1330 2854; x_wconf 79' lang='lat' dir='ltr'><strong>quaedam</strong></span> <span class='ocrx_word' id='word_1_758' title='bbox 1342 2814 1457 2853; x_wconf 63' lang='lat' dir='ltr'><strong>iniuste</strong></span> <span class='ocrx_word' id='word_1_759' title='bbox 1471 2816 1502 2845; x_wconf 82' lang='lat' dir='ltr'><strong>et</strong></span> <span class='ocrx_word' id='word_1_760' title='bbox 1518 2811 1696 2845; x_wconf 71' lang='lat' dir='ltr'><strong>inordinate</strong></span> <span class='ocrx_word' id='word_1_761' title='bbox 1709 2811 1789 2844; x_wconf 85' lang='lat' dir='ltr'><strong>facta</strong></span> <span class='ocrx_word' id='word_1_762' title='bbox 1801 2818 1922 2846; x_wconf 67' lang='lat' dir='ltr'><strong>assem</strong></span> 
     </span>
    </p>
   </div>
   <div class='ocr_carea' id='block_1_87' title="bbox 1876 2947 2016 3158">
    <p class='ocr_par' dir='ltr' id='par_1_87' title="bbox 1876 2947 2016 3158">
     <span class='ocr_line' id='line_1_87' title="bbox 1876 2947 2016 3158; baseline 0 0"><span class='ocrx_word' id='word_1_763' title='bbox 1876 2947 2016 3158; x_wconf 56' lang='grc' dir='ltr'><em>,Α</em></span> 
     </span>
    </p>
   </div>
  </div>
