4056 6352
236 345 392 417 H77

1321 347 1959 414 REGOGNITIONES.
2007 380 2082 393 -
2126 346 2525 414 PROCEMIA.

3456 344 3614 409 “78

230 477 307 543 iis
330 486 534 545 autem
553 496 691 560 quae
717 479 892 560 juxta
947 480 1222 545 ordinem
1272 483 1447 558 ﬁunt,
1495 480 1765 565 quedam
1796 482 1876 545 ab
1897 490 1933 541 Α
1957 498 2091 546 rum
2122 482 2424 565 sepulcra.
2451 484 2540 547 Ad
2562 483 2687 548 haec
2709 482 2932 565 Aquila
2950 481 3264 564 respondit
3302 480 3432 544 illas
3461 480 3613 545 deo-

234 567 352 632 alio
382 588 560 651 quam
588 568 665 635 ab
696 569 820 633 ulla
838 580 1039 635 mente
1056 571 1244 637 fuisse
1259 582 1477 637 creata.
1501 574 1721 635 Contra
1735 589 1872 635 vero

230 658 446 738 Aquila
475 678 545 723 ex
578 659 655 723 iis
684 678 818 741 qua
846 661 1177 724 secundum
1208 662 1481 725 ordinem
1511 662 1645 724 ﬁeri
1687 680 1871 725 senex

231 756 633 823 concesserat,
666 749 1106 829 aguosceudam
1139 769 1277 816 esse
1298 751 1409 815 Dei
1439 751 1869 832 providentiam

237 835 684 902 demonstravit.
724 837 913 902 Porro
932 858 1005 903 ex
1036 839 1111 903 iis
1139 859 1275 923 quae
1299 842 1646 905 inordinate
1690 841 1866 924 fiunt,

231 925 570 991 luculenter
596 928 966 1010 ostendit,ab
981 932 1451 1012 originemudi
1479 932 1642 995 nihil
1661 950 1869 995 eorum

230 1015 438 1092 fuisse,
464 1015 655 1081 sedes
678 1018 983 1098 impietate
1004 1021 1315 1085 hominum
1340 1040 1515 1085 suum
1540 1022 1695 1085 mala
1712 1040 1872 1083 sum-

232 1106 423 1186 psisse
452 1107 991 1190 initium.Denique
1020 1129 1157 1174 cum
1177 1110 1459 1177 omnibus
1478 1129 1611 1193 qua
1631 1110 1750 1175 sibi
1769 1110 1873 1174 ob-

218 1195 608 1278 jiciebantur,
640 1196 773 1260 fuse
803 1199 1235 1279 respondisset,
1270 1199 1541 1264 ultimam
1567 1200 1732 1265 senis
1755 1199 1871 1263 ob-

220 1285 549 1364 jectionem
562 1304 680 1367 qua
698 1289 991 1353 omniaea:
1007 1291 1363 1354 necessitate
1380 1293 1621 1371 genesis
1640 1292 1763 1354 sibi
1776 1309 1872 1354 ae-

224 1376 441 1438 cidisse
461 1375 723 1455 dicebat,
745 1377 1614 1462 fratri-suoClementi,postero
1635 1379 1735 1444 die
1754 1380 1871 1442 solo

222 1464 479 1529 vendam
500 1466 768 1548 reliquit.
794 1466 898 1530 His
913 1468 1337 1545 dictis,Petrus
1362 1470 1507 1534 nulli
1532 1470 1866 1549 hominum,

225 1554 345 1617 nisi
372 1554 486 1617 soli
510 1570 651 1619 vero
688 1562 1011 1637 propheta,
1037 1577 1169 1640 quae
1188 1562 1350 1624 aDeo
1373 1558 1462 1622 vel
1492 1560 1621 1624 ﬁeri
1642 1559 1732 1622 vel
1752 1579 1869 1623 non

226 1643 361 1708 ﬁeri
390 1663 510 1707 non
548 1646 798 1725 possint,
823 1657 1130 1726 comperta
1150 1667 1283 1713 esse
1312 1649 1460 1713 dixit
1490 1667 1508 1727 ;
1532 1667 1643 1714 nec
1663 1668 1869 1731 quem-

1955 572 2398 637 rumfabulasa
2452 573 2822 655 philosophis
2861 573 3112 653 aliisque
3161 571 3304 634 viris
3355 572 3603 652 sapien-

1954 660 2110 724 tibus
2138 663 2462 744 allegorice
2494 662 2679 725 fuisse
2692 662 3264 743 explicatas.Contra
3284 670 3483 724 autem
3508 658 3607 721 Ni-

1953 761 2115 815 cetas
2147 751 2234 815 illi
2264 753 2551 818 continuo
2580 752 2842 816 ostendit
2864 752 2990 815 haec
3015 751 3268 813 deorum
3301 749 3607 812 criminaa

1954 841 2303 921 pictoribus,
2329 841 2735 925 sculptoribus
2773 851 2833 905 et
2862 841 3052 923 poetis
3099 858 3219 904 non
3261 838 3603 918 allegorice,

1952 930 2060 993 sed
2089 951 2304 1015 reapse
2331 940 2389 997 et
2403 933 2481 996 ad
2498 933 2757 997 litteram
2776 932 2916 1011 poni
2938 930 3348 994 anteomnium
3372 928 3602 992 oculos.

1952 1019 2194 1084 Nicetas
2225 1030 2423 1086 tamen
2454 1022 2560 1085 has
2590 1022 2943 1103 allegoricas
2995 1017 3325 1082 fabularum
3359 1016 3601 1100 exposi-

1962 1109 2179 1187 tiones,
2213 1120 2462 1193 rogante
2477 1111 2909 1189 Clemente,est
2934 1117 3307 1193 prosecutus.
3334 1106 3606 1173 'l‘umPe-

1957 1206 2082 1262 trus
2104 1199 2476 1283 Scripturem
2507 1221 2736 1266 sacram
2776 1220 2896 1263 non
2927 1219 2997 1263 eo
3041 1217 3224 1263 sensu
3254 1196 3600 1277 allegorice,

1952 1288 2058 1350 sed
2081 1290 2222 1368 alia,
2257 1310 2433 1373 quam
2463 1292 2592 1370 ipse
2626 1291 2850 1371 docuit,
2878 1289 3165 1354 methodo
3189 1285 3604 1368 explicandam

1953 1394 2087 1442 esse
2117 1379 2565 1443 demonstravit.
2595 1379 2825 1444 Deinde
2854 1380 2927 1441 ad
2974 1376 3419 1441 Faustinianum
3450 1393 3600 1437 con-

1954 1483 2183 1540 versus,
2218 1468 2411 1552 ipsum
2445 1469 2521 1533 ad
2549 1470 2945 1551 proﬁtendam
2970 1465 3611 1546 religionemChristia-

1953 1572 2113 1631 nam,
2147 1576 2280 1639 quae
2302 1559 2450 1621 nihil
2481 1560 2595 1623 nisi
2612 1570 2883 1623 sanctum
2900 1559 3286 1621 ethouestum
3308 1552 3602 1635 praecipit,

1952 1662 2334 1729 summopere
2363 1650 2711 1713 adhortatus
2740 1644 3389 1730 est.Denique,reddita
3418 1660 3605 1723 aegro-

228 1751 407 1815 qnam
427 1733 502 1797 ah
526 1734 631 1797 illo
665 1734 954 1816 propheta
982 1737 1094 1802 hac
1125 1738 1201 1801 de
1229 1756 1321 1821 re,
1355 1739 1495 1821 nisi,
1521 1739 1700 1802 variis
1728 1739 1867 1821 phi-
1898 1820 1913 1821 ί
1953 1732 2027 1794 iis
2075 1742 2252 1816 atque
2280 1756 2316 1800 a
2369 1737 2641 1803 daemone
2695 1738 2957 1803 obsessis
3005 1736 3278 1809 sanitate,
3317 1734 3598 1816 populum

223 1821 607 1904 losOphorum
630 1824 1058 1890 subtilitatibus
1090 1828 1308 1904 missis,
1333 1828 1572 1892 sincero
1600 1820 1869 1892 veritatis
1893 1820 1930 1871 Β
1950 1825 2305 1902 gaudentem
2339 1826 2658 1911 laetumque
2687 1828 2935 1892 dimisit.

222 1929 434 1975 amore
462 1911 737 1987 ducatur,
770 1913 901 1975 fore
914 1933 1182 1994 unquam
1200 1916 1866 1983 docendumCaeterum

221 2002 295 2064 ad
325 2002 791 2082 investigandam
814 2003 1122 2068 veritatem
1138 2005 1197 2067 id
1223 2008 1639 2071 tantummodo
1659 2009 1868 2089 requi-

222 2090 295 2170 ri,
322 2100 388 2181 ut
434 2091 712 2156 homines
741 2112 885 2156 num
939 2095 1229 2176 propheta
1280 2096 1384 2159 ille
1439 2116 1574 2162 vera
1627 2116 1869 2181 semper

224 2180 588 2263 praedixerit,
619 2182 948 2262 diligenter
971 2183 1302 2265 inquirant.

305 2269 470 2334 Ltstu
499 2287 639 2334 nom
660 2270 830 2334 initio
860 2273 1115 2337 traditur
1130 2276 1408 2357 sequenti
1437 2275 1537 2340 die
1570 2295 1737 2342 more
1758 2299 1865 2343 so-

222 2358 329 2425 lito
350 2360 711 2442 disputatum
735 2360 943 2441 fuisse,
966 2371 1165 2426 utrum
1191 2364 1350 2428 nihil
1378 2372 1557 2429 extra
1592 2371 1866 2448 genesim

219 2449 417 2529 fieret.
470 2449 867 2523 Quamobrem
899 2450 1179 2515 Clemens
1201 2454 1379 2517 variis
1412 2457 1706 2520 rationem
1730 2478 1863 2522 mo-

218 2539 442 2603 mentis
498 2539 926 2602 demonstravit
972 2543 1277 2606 hominem
1326 2545 1518 2609 libero
1548 2548 1865 2612 voluntatis

215 2629 491 2706 arbitrio,
512 2649 629 2723 quo
658 2630 955 2712 quidlibet
974 2651 1157 2713 agere
1182 2643 1378 2716 potest
1400 2639 1490 2701 vel
1515 2658 1635 2702 non
1659 2657 1863 2723 agere,

218 2738 355 2783 esse
376 2720 717 2801 praeditum.
742 2723 938 2785 Senex
973 2742 1111 2785 vero
1135 2726 1329 2805 arguit
1360 2745 1430 2789 ex
1454 2720 1862 2793 constellatio-l

216 2809 396 2874 nibus
407 2809 711 2890 variisque
728 2819 1027 2874 astrorum
1040 2829 1219 2894 aspec
1229 2814 1386 2879 tibus
1396 2836 1570 2896 ,quos
1585 2828 1864 2885 accurate

214 2900 548 2976 recensuit,
583 2899 861 2964 homines
890 2903 982 2965 vel
1043 2902 1231 2966 bonos
1283 2906 1438 2982 fieri,
1498 2908 1588 2971 vel
1648 2910 1858 2975 malos.

215 2991 438 3055 Contra
456 2990 733 3053 Clemens
755 2991 932 3072 longa
962 2991 1328 3067 inductione,
1365 3015 1481 3077 qua
1532 2999 1709 3063 varia
1750 3019 1861 3063 na-

2033 1911 2168 1976 Post
2187 1914 2309 1977 haec
2336 1925 2533 1979 autem
2566 1910 2734 1981 inter
2765 1916 3001 1999 prandii
3020 1924 3336 1999 apparatus
3362 1910 3600 1976 Fausti-

1952 2001 2189 2080 nianus,
2245 2015 2550 2069 annuente
2605 2010 2801 2084 Petro,
2854 2007 3182 2089 Appionem
3232 2015 3291 2066 et
3324 2001 3601 2065 Anuhio-

1952 2094 2225 2176 nem,qui
2256 2096 2572 2159 Antiochia
2606 2096 2961 2161 Laodiceam
2984 2114 3115 2159 cum
3150 2094 3395 2158 Simone
3414 2109 3600 2155 vene-

1950 2190 2104 2263 rant,
2139 2184 2519 2249 invisit.Tum
2550 2185 2781 2263 Simon,
2814 2196 2878 2249 ut
2902 2186 3161 2250 ministri
3190 2185 3464 2256 Czesaris,
3497 2181 3601 2264 qui

1950 2288 2085 2333 eum
2110 2273 2186 2335 ad
2209 2293 2419 2337 necem
2443 2276 3271 2357 quasrebant,Faustiniauum
3308 2272 3368 2334 in
3396 2272 3593 2334 locum

1947 2379 2127 2423 suum
2156 2363 2329 2425 morti
2354 2364 2681 2446 traderent,
2715 2364 2833 2448 ipsi
2858 2364 3103 2444 magicis
3130 2362 3359 2427 artibus
3382 2358 3593 2423 faciem

1947 2451 2293 2532 vultumque
2324 2471 2495 2515 suum
2547 2454 2856 2536 imposuit.
2903 2453 3049 2516 Tam
3116 2450 3408 2534 stupenda
3460 2466 3598 2510 vero

1948 2539 2315 2604 Faustiniani
2349 2543 2876 2606 transformatione
2925 2562 3111 2607 uxore
3152 2541 3412 2622 ﬁliisque
3465 2538 3598 2618 ejus

1948 2627 2392 2713 obstupefactis,
2445 2632 2719 2713 promisit
2793 2632 3003 2696 Petrus
3060 2651 3127 2695 se
3184 2630 3594 2708 Faustiniano,

1948 2726 2263 2800 postquam
2294 2718 2557 2785 Simonis
2590 2720 2755 2785 vultu
2779 2722 2851 2783 ad
2884 2740 3122 2785 errores
3140 2721 3267 2802 ejus
3285 2718 3594 2782 destruen-

1947 2806 2055 2869 dos
2112 2827 2255 2871 usus
2315 2816 2501 2891 esset,
2554 2810 2864 2891 pristinam
2925 2811 3141 2874 faciem
3190 2807 3586 2872 redditurum.

1946 2895 2347 2969 Quamobrem
2382 2900 2661 2963 eumdem
2708 2901 3161 2964 Faustinianum
3208 2897 3589 2964 Antiochiam

1947 2985 2133 3062 misit,
2167 3006 2288 3066 quo
2318 2988 2519 3050 turbas
2541 3007 2751 3052 omnes
2795 3007 2829 3051 a
2862 2993 3029 3071 Mago
3059 2989 3372 3053 adversum
3404 3006 3470 3049 se
3498 3005 3592 3049 ca-

213 3079 415 3144 tiones
469 3080 713 3145 easdem
781 3099 1023 3163 semper
1067 3081 1233 3163 leges
1290 3092 1349 3148 et
1383 3074 1861 3155 consuetudines
1882 3148 1919 3163 ﬂ
1946 3074 2191 3138 lumniis
2220 3078 2630 3141 acerbissimis
2661 3078 3294 3162 concitatas,simulata
3315 3076 3587 3160 ejusdem

207 3179 738 3261 quantumcunque
780 3148 1059 3251 aspectus
1109 3148 1377 3236 siderum
1411 3148 1857 3261 varii?

1946 3166 2067 3261 veri
2110 3167 2373 3261 Simonis
2423 3166 2770 3261 paenitentia
2818 3148 3086 3261 sedaret.
3142 3148 3586 3261 Quodquidem

204 3260 485 3323 inviolate
520 3268 937 3331 servaverunt,
1001 3261 1062 3323 id
1122 3262 1336 3325 falsum
1396 3283 1531 3329 esse
1578 3260 1854 3333 convicit.

204 3351 514 3413 Summam
545 3349 883 3428 argumenti
916 3349 1080 3414 illius
1100 3352 1220 3415 vim
1250 3361 1310 3415 et
1342 3356 1575 3433 pondus
1625 3359 1859 3436 agnovit

204 3456 419 3505 senex.
434 3438 808 3519 Quapropter
820 3447 883 3502 ut
905 3440 965 3502 id
990 3444 1475 3522 experientiasua
1487 3445 1697 3509 falsum
1725 3467 1855 3512 esse

210 3527 400 3608 magis
446 3528 760 3609 magisque
813 3530 1224 3609 persuaderet,
1285 3532 1398 3596 sibi
1453 3553 1673 3599 nomen
1723 3557 1858 3603 esse

213 3617 599 3707 Faustiniano
630 3618 945 3683 confessus
974 3629 1086 3700 est,
1119 3630 1180 3685 et
1225 3640 1596 3706 quaecunque
1618 3627 1733 3691 sibi
1761 3646 1857 3707 ac-

210 3706 505 3782 ciderant,
528 3707 792 3770 breviter
827 3710 1117 3773 narravit.
1145 3710 1237 3775 Ab
1266 3730 1458 3775 uxore
1499 3714 1703 3796 itaque
1749 3706 1857 3782 sua

208 3797 493 3861 Mathidia
517 3796 779 3877 filiisque
807 3797 933 3860 suis
971 3800 1208 3879 agnitus
1230 3810 1339 3876 est,
1387 3801 1572 3884 iique,
1604 3804 1852 3869 dimisso

203 3889 585 3970 populo,una
602 3907 739 3951 cum
766 3891 965 3965 Petro,
995 3888 1057 3951 in
1087 3889 1431 3973 eadem,ubi
1456 3894 1850 3975 disceptatum

200 3978 426 4052 fuerat,
454 3977 631 4039 domo
659 3987 1108 4042 remanserunt.

279 4066 547 4131 Βεσιιιυε
589 4082 774 4133 unxit
815 4066 988 4129 docet
1032 4071 1332 4149 quomodo
1385 4074 1614 4154 Petrus,
1649 4084 1851 4139 exorto

197 4157 351 4238 sole,
370 4156 881 4238 Faustinianoque
897 4157 1093 4220 adhuc
1110 4158 1851 4243 dormiente,Clementem

200 4247 535 4328 fratresque
588 4246 720 4327 ejus
744 4247 819 4309 de
856 4247 1119 4309 ineunda
1149 4267 1283 4311 cum
1317 4250 1419 4312 illo
1450 4251 1852 4333 disputatione

202 4336 518 4413 erudierit,
542 4338 940 4417 statueritque
995 4337 1193 4400 eidem
1226 4336 1633 4417 Faustiniano,
1669 4351 1733 4406 ut
1774 4344 1848 4407 ad

1944 3253 2367 3318 Faustinianus
2393 3256 2574 3318 variis
2606 3256 2949 3320 fictionibus
2981 3267 3039 3320 et
3073 3256 3399 3320 mendaciis
3431 3273 3586 3338 pra)-

1941 3344 2114 3422 stitit,
2147 3363 2217 3407 ac
2249 3354 2453 3426 postea
2484 3346 2676 3408 vultus
2725 3346 3011 3428 pristinus
3064 3366 3099 3410 a
3128 3345 3305 3410 Petro
3338 3345 3423 3408 illi
3454 3364 3589 3407 om-

1941 3432 2079 3495 nino
2105 3436 2412 3499 restitutus
2437 3433 2789 3499 est.Dehinc
2805 3439 3019 3501 Petrus
3039 3437 3257 3501 creatis
3275 3434 3589 3501 Laodiceae

1938 3522 2219 3604 episcopo
2243 3524 2701 3608 etpreshyteris,
2735 3543 2804 3588 ac
2836 3527 3070 3590 reddita
3097 3528 3271 3608 aegris
3301 3525 3588 3588 obsessis-

1938 3630 2057 3690 que
2084 3615 2363 3696 sanitate,
2394 3616 2799 3698 Antiochiam,
2836 3636 2952 3699 qua
2979 3618 3185 3682 Simon
3212 3618 3416 3699 pulsus
3445 3616 3580 3677 fue-

1935 3714 2047 3776 rat,
2083 3705 2413 3782 contendit,
2447 3716 2624 3787 atque
2650 3705 2736 3768 illi
2761 3706 2970 3769 urbem
2995 3707 3357 3787 ingredienti
3386 3704 3583 3768 omnis

1937 3791 2277 3875 populus,et
2306 3813 2515 3858 omnes
2549 3798 2805 3877 majores
2836 3805 3000 3873 natu,
3036 3816 3105 3860 ac
3132 3796 3365 3859 nobiles
3398 3794 3583 3877 paeni-

1939 3881 2181 3944 tentiam
2210 3893 2476 3967 agentes,
2512 3887 2745 3948 iverunt
2768 3885 3023 3950 obviam.
3060 3888 3191 3968 Ipse
3223 3903 3362 3948 vero
3392 3884 3467 3946 de
3499 3891 3582 3946 tot

1937 3971 2244 4034 hominum
2279 3975 2671 4038 conversione
2702 3975 2920 4055 gratias
2950 3974 3073 4038 Deo
3105 3976 3333 4055 retulit,
3367 3992 3579 4038 omnes

1936 4069 2188 4140 aegrotos
2212 4065 2643 4145 sanavit,atque
2665 4065 2820 4127 intra
2843 4076 3074 4147 septem
3098 4066 3229 4129 dies
3257 4062 3575 4127 duodecim

1938 4149 2125 4214 millia
2147 4152 2456 4214 hominum
2480 4172 2650 4217 sacro
2680 4154 2865 4217 abluit
2894 4154 3402 4235 baptismate.Hos
3420 4153 3581 4217 inter

1933 4237 2327 4320 Theophilus,
2350 4242 2445 4305 vir
2472 4244 2674 4325 papuli
2700 4244 3045 4325 primarius,
3078 4246 3292 4309 domus
3317 4262 3447 4308 8W8
3476 4245 3579 4307 in-

1929 4338 2161 4409 gentem
2188 4331 2509 4395 basilicam
2532 4333 2798 4397 ecclesioe
2816 4336 3068 4397 nomine
3095 4336 3577 4415 consecravit,in

199 4425 655 4515 amplexandam
680 4425 1032 4507 religionem
1048 4427 1447 4490 Christianam
1466 4448 1602 4493 sese
1613 4450 1849 4515 compa.
1873 4440 1913 4489 D
1930 4436 2055 4515 quo
2076 4422 2255 4515 Petro
2277 4422 2549 4515 {mustela
2576 4427 2904 4490 constituta
2933 4432 3017 4488 est
3036 4514 3043 4515 ί
3065 4427 3145 4490 ab
3158 4428 3326 4490 omni
3351 4424 3579 4515 populo

198 4524 382 4592 raret,
408 4514 670 4577 dandum
696 4533 832 4578 esse
876 4515 1053 4577 unius
1077 4517 1217 4578 anni
1263 4519 1543 4597 spatium.
1566 4518 1709 4582 Cum
1734 4514 1846 4585 au-

198 4614 317 4667 tem
342 4604 763 4667 Faustinianus
785 4605 997 4668 electo
1047 4607 1428 4680 surrexisset,
1483 4608 1557 4670 ab
1590 4610 1662 4672 iis
1692 4630 1848 4692 quee-

192 4696 332 4759 sivit
358 4713 433 4756 an
464 4694 543 4756 sit
567 4693 629 4755 in
652 4693 980 4756 substantia
999 4704 1059 4756 et
1099 4694 1331 4758 actibus
1353 4695 1575 4759 bonum
1626 4708 1684 4761 et
1714 4720 1842 4763 ma-

190 4786 341 4849 lum.
369 4784 518 4848 Huic
543 4784 856 4865 quaestioni
879 4784 1192 4865 respondit
1217 4785 1511 4855 Clemens,
1547 4796 1727 4869 atque
1749 4808 1845 4853 ex-

191 4874 399 4957 positis
424 4873 502 4939 de
525 4873 682 4936 bono
715 4881 773 4935 et
804 4873 958 4935 malo
989 4873 1298 4937 stellarum
1331 4884 1579 4958 aspectu
1611 4879 1840 4958 princi-

190 4962 328 5044 piis,
354 4962 625 5044 probavit
656 4962 1039 5025 nullaminde
1054 4962 1400 5026 hominibus
1422 4966 1839 5046 imponiposse

192 5052 635 5116 necessitatem.
663 5054 847 5115 Porro
870 5061 1071 5115 autem
1100 5072 1233 5115 cum
1258 5054 1385 5117 haec
1419 5055 1700 5137 utrinque
1717 5058 1837 5119 dis-

192 5151 598 5222 ceptarentur,
656 5144 893 5221 Petrus,
952 5151 1221 5206 coactum
1262 5144 1472 5206 videns
1528 5146 1837 5225 populum,

190 5232 475 5313 deinceps
494 5230 913 5295 deidololatria
931 5232 1218 5311 falsisque
1229 5232 1476 5295 deorum
1495 5235 1841 5299 numinibus

181 5321 365 5401 jussit
391 5322 703 5403 disputari.
731 5320 1021 5395 Quocirca
1042 5320 1320 5385 Clemens
1340 5322 1635 5402 originem
1659 5325 1842 5388 idolo.

188 5411 379 5474 latrla
407 5412 643 5494 evolvit,
665 5411 932 5489 dixitque
955 5430 1094 5475 vera
1117 5412 1399 5473 falsorum
1424 5412 1675 5474 deorum
1720 5415 1838 5475 cri-

183 5500 373 5577 mina,
401 5499 465 5563 in
496 5501 828 5582 primisque
849 5502 1013 5564 Jovis
1054 5510 1263 5583 stupra
1286 5511 1345 5564 et
1382 5501 1675 5563 adulteria
1700 5522 1836 5565 om-

1929 4511 2247 4574 cathedra.
2275 4512 2543 4594 Denique
2563 4515 3009 4578 Faustinianum
3032 4514 3329 4597 baptismo
3356 4513 3576 4576 initiari

1932 4600 2355 4683 postulantem,
2391 4602 2622 4680 Petrus,
2656 4606 2877 4668 indicto
2904 4605 3065 4687 plebi
3090 4606 3347 4685 jejunio,
3374 4603 3569 4684 bapti-

1928 4691 2183 4765 zavit,et
2206 4712 2575 4776 quaecunque
2606 4695 2892 4758 hactenus
2924 4696 2981 4759 ei
3013 4691 3574 4777 contigerant,omni

1930 4782 2148 4863 populo
2186 4783 2457 4865 exposuit

2478 4871 2901 4939 ABTICULUS
2946 4872 3019 4936 II.

2125 4959 2287 5035 Quid
2316 4968 2547 5025 veteres
2593 4962 2668 5025 de
2699 4965 2792 5026 his
2834 4963 3009 5026 libris
3038 4963 3365 5027 senserint.

2002 5049 2243 5111 Auctori
2270 5050 2517 5132 hujusce
2549 5055 2748 5131 operis
2780 5053 2830 5114 si
2853 5052 3003 5116 fides
3029 5052 3568 5126 habeatur,Roma-

1925 5156 2036 5199 nus
2067 5138 2166 5200 ille
2212 5138 2343 5220 fuit,
2376 5160 2410 5202 e
2438 5141 2687 5205 Caesaris
2715 5142 2961 5223 familia,
2994 5146 3237 5206 nomine
3267 5141 3570 5221 Clemens,

1924 5226 2020 5288 cui
2053 5236 2220 5307 pater
2268 5227 2713 5312 FaustinianuS,
2768 5241 2956 5294 mater
2987 5231 3295 5307 Mathidia,
3356 5233 3570 5294 fratres

1924 5318 2166 5381 Nicetas
2186 5326 2246 5380 et
2270 5319 2505 5400 Aquila,
2534 5320 2663 5401 ipse
2694 5323 3030 5403 praecipuus
3061 5322 3571 5402 charissimusque

1922 5405 2083 5469 Petri
2115 5405 2483 5489 discipulus;
2518 5409 2616 5490 qui
2673 5414 2876 5491 plures
2926 5411 3196 5491 ejusdem
3257 5410 3571 5493 apostolici

1921 5494 2247 5557 conciones
2290 5497 2846 5581 disputationesque
2876 5501 3117 5582 scriptis
3148 5502 3410 5580 tradidit,
3457 5519 3565 5562 va-

183 5589 365 5653 nibus
385 5608 520 5654 esse
563 5591 899 5671 notissima,
933 5609 1005 5653 ac
1051 5590 1291 5654 tandem
1320 5593 1645 5653 etiamnum
1676 5600 1836 5655 stare
1916 5585 2168 5664 riosque
2198 5587 2431 5668 redegit
2490 5588 2552 5650 in
2598 5588 2810 5653 libros.
2860 5590 3000 5654 Haec
3025 5592 3129 5654 ille
3160 5598 3320 5655 tanta
3350 5591 3571 5654 ﬁducia

176 5680 348 5762 plura
388 5681 648 5745 ﬁliorum
679 5682 836 5764 ejus,
863 5679 1176 5745 hominum
1207 5681 1416 5764 utique
1437 5681 1835 5762 nequissimo-
1916 5683 2197 5757 tantaque
2220 5678 2664 5742 asseveratione
2684 5680 3034 5760 alﬁrmat,ut
3056 5680 3228 5747 multi
3245 5680 3570 5763 scriptores
