4056 6352
50 53 367 143 f-r”

198 308 351 385 1185

1286 316 1922 382 BECOGNITIONES.
1976 352 2043 361 —
2090 313 2484 381 PRO(EMIA.

3412 317 3567 379 1186

277 452 548 535 Denique
575 471 695 533 quo
729 461 999 534 tempore
1023 451 1268 516 eosdem
1300 452 1437 514 illos
1458 452 1645 515 libros
1666 452 1832 515 inlu—
1854 462 1889 511 Α
1915 448 1987 509 iis
2012 448 2111 527 qui
2142 448 2274 510 illos
2307 449 2584 521 citarunt,
2611 448 2755 509 varii
2805 448 2960 509 tituli
2993 450 3398 528 praeﬁguntur.
3430 448 3563 511 Ali-

187 561 317 604 cem
348 543 479 622 ipse
512 542 804 616 emiserit,
838 542 1012 623 paulo
1056 542 1379 624 proclivius
1425 552 1515 603 est
1563 542 1815 604 deﬁnire

185 631 409 695 Verum
444 636 748 695 enimvero
776 651 911 694 cum
939 633 1238 710 Origenes
1293 650 1412 695 non
1462 632 1655 695 solum
1706 632 1842 694 illos

189 721 486 797 citaverit,
520 721 624 783 sed
658 721 898 802 longum
942 723 1115 785 etiam
1146 742 1214 785 ex
1276 722 1350 783 iis
1401 721 1843 803 transcripserit

188 812 613 891 fragmentum,
647 819 877 873 constat
903 812 1148 874 eosdem
1210 812 1470 892 Origene
1524 814 1841 893 ipsoesse

189 902 586 982 antiquiores.
617 900 747 963 Non
781 911 1007 964 temere
1031 902 1209 981 igitur
1237 900 1321 963 illi
1348 902 1613 964 secundo
1642 901 1846 963 Eccle-

194 988 301 1051 siae
330 990 545 1052 saeculo
576 991 638 1051 in
685 990 897 1070 vulgus
953 991 1259 1071 prodiisse
1306 989 1610 1061 dicuntur.
1670 989 1839 1063 Quod

197 1079 436 1159 quidem
471 1080 613 1142 inde
640 1098 848 1141 rursus
877 1080 1227 1143 conﬁrmari
1258 1088 1474 1161 potest,
1500 1080 1654 1161 quod
1690 1082 1838 1141 Bar-

198 1168 454 1231 desanes
495 1168 674 1250 Syrus
724 1170 883 1232 aliud
934 1189 1195 1252 quoque,
1228 1170 1320 1232 uti
1367 1170 1647 1245 diximus,
1680 1170 1838 1250 frag-

196 1269 462 1319 mentum
497 1278 615 1321 non
661 1262 853 1322 minus
904 1260 1304 1341 prolixum,iu
1356 1278 1527 1321 suum
1558 1259 1839 1321 adversus

194 1349 561 1411 Marcionem
604 1350 826 1412 librum
880 1350 1201 1412 transtulit.
1266 1347 1409 1412 Nam
1469 1348 1838 1411 Bardesanes

189 1437 293 1499 ille
326 1438 484 1502 hunc
511 1440 1042 1501 eumdem‘librum
1075 1438 1184 1501 sub
1216 1438 1443 1502 Soteris
1466 1438 1832 1520 pontiﬁcatu,

190 1526 363 1607 paulo
395 1536 525 1608 post
550 1529 881 1591 secundum
928 1528 1211 1611 szeculum
1263 1527 1528 1590 medium
1578 1528 1838 1589 Antonio

184 1617 537 1696 imperatori
566 1620 950 1699 nuncupavit.
982 1614 1112 1681 Jam
1141 1636 1284 1698 ergo
1309 1616 1639 1698 pervulgati
1668 1625 1841 1679 erant

185 1704 289 1768 illi
307 1708 803 1789 Recogm’ts'onum
828 1708 1335 1771 Clementinarum
1367 1706 1529 1769 libri.
1612 1744 1617 1749 ο
1672 1728 1677 1733 ν

314 1812 335 1837 ·’
388 1832 393 1837 ~
715 1796 1147 1862 ARTICULUS
1192 1796 1316 1861 νη.
1588 1834 1593 1837 -

192 1885 358 1950 Nam
381 1888 453 1950 hi
454 1924 461 1931 -
472 1888 623 1951 libri
637 1886 719 1949 ad
742 1889 1092 1969 nos,quales
1109 1890 1186 1951 ab
1202 1896 1448 1951 auctore
1469 1885 1839 1969 prodierunt

276 1976 663 2051 permeant
687 1986 708 2043 ;
736 1985 819 2032 ac
841 1968 915 2032 de
959 1986 1175 2033 eorum
1224 1969 1519 2043 utilitate,
1553 1968 1757 2032 titulis
1783 1975 1840 2030 et

796 2090 799 2093 ν
1408 2064 1585 2109 ⁴.η

242 2180 245 2183 -
275 2141 571 2205 Caeterum
594 2141 653 2203 hi
674 2138 1152 2220 libri,quam|tm
1163 2138 1248 2202 vis
1268 2137 1594 2201 adhlteﬁni
1613 2138 1854 2201 fuerint.

191 2238 251 2292 et
286 2229 578 2310 corrupti,
604 2230 679 2292 ad
729 2245 845 2292 nos
884 2236 1084 2291 tamen
1115 2228 1319 2310 quales
1344 2228 1422 2290 ab
1451 2237 1696 2291 auctore
1725 2245 1833 2291 suo

186 2320 393 2401 scripti
411 2319 643 2383 fuerant
665 2338 789 2381 non
809 2336 1153 2399 pervenere.
1167 2318 1331 2382 Nulli
1347 2318 1649 2399 siquidem
1673 2336 1853 2380 nuncu

186 2419 511 2473 occurrunt
530 2428 737 2474 eorum
758 2408 949 2473 Grmci
977 2408 1219 2471 codices
1246 2408 1657 2490 manuscripti,
1682 2427 1831 2489 quos

190 2518 300 2562 suo
327 2508 605 2581 tmpore
617 2502 967 2581 frequentes
984 2498 1173 2581 fuisse
1196 2497 1445 2581 Ruﬁnus
1466 2498 1834 2581 Plautiusque

191 2580 561 2651 testantur63
581 2602 599 2647 :
618 2579 806 2647 solam
833 2579 1126 2643 habemus
1144 2579 1327 2659 hujus
1343 2579 1543 2659 operis
1561 2579 1835 2647 Latinam

200 2671 539 2739 versionem
572 2671 806 2745 Ruﬁni,
832 2670 931 2750 qui
958 2670 1183 2749 plures,
1203 2678 1266 2731 ut
1289 2669 1651 2745 monuimus,
1675 2670 1849 2733 locos-

192 2777 259 2823 se
308 2760 613 2836 omisisse,
631 2776 743 2823 nec
793 2760 995 2822 Latine
1023 2758 1278 2822 reddere
1298 2757 1550 2821 voluisse
1580 2758 1841 2838 ingenue

195 2850 515 2917 confessus,
540 2858 649 2913 est.
676 2849 827 2914 Etre
849 2849 1091 2930 quidem
1119 2866 1259 2912 vere
1284 2848 1614 2913 Cotelerius
1646 2849 1709 2931 in
1731 2868 1849 2912 sua.

190 2940 408 3003 horum
431 2939 718 3003 librorum
741 2938 1001 3003 editione
1023 2937 1301 3002 extribus
1324 2937 1834 3019 mss.Sorbonico,

1846 1180 1893 1187 ιν...

1860 1747 1897 1798 Β

1925 539 2161 619 quando
2189 538 2347 601 enim
2386 537 2708 600 Clementis
2734 537 3110 618 Recogm’tio,
3148 539 3233 599 vel
3266 537 3569 619 Recogni-

1931 631 2143 699 tiones,
2185 628 2501 688 Clementis
2549 626 2975 694 Itiuerarium.
3016 628 3172 687 liber
3204 627 3569 689 Ilinn‘arius

1926 716 2329 778 Prwdicatio..
2346 717 2395 775 is
2416 715 2582 777 Petri
2591 716 2939 794 ,Clementis
2958 715 3246 793 gesta,vel
3267 717 3561 795 Historia,

1927 815 2029 866 aut
2060 806 2382 876 Chronica,
2414 804 2501 865 vel
2540 803 3191 880 :l'mratt'o,aliquando
3224 821 3362 864 vero
3400 806 3564 866 Petri

1932 893 2292 967 Periodi,vel
2331 893 2761 966 Circuitus,vel
2793 894 3223 965 Itinerarium,
3251 892 3341 953 vel
3374 895 3560 957 Actus

1922 983 2323 1062 appellantur.
2358 981 2403 1044 li
2437 1002 2613 1061 porro
2656 1000 2726 1053 ex
2775 982 3011 1044 duobus
3044 999 3187 1045 mss.
3221 1000 3357 1043 cum
3391 984 3568 1045 variis

1922 1091 2285 1133 summorum
2320 1073 2711 1152 quorumdam
2748 1072 3091 1151 pontiﬁcum
3126 1071 3419 1151 epistolis,
3455 1092 3562 1134 cu-

1920 1171 2088 1221 rante
2107 1160 2336 1223 Joanne
2360 1162 2669 1233 Sichardo,
2694 1178 2850 1221 anno
2874 1160 3029 1222 1526
3057 1160 3207 1241 typis
3231 1160 3375 1223 editi
3399 1177 3556 1224 sunt.

1923 1249 2127 1311 Postea
2172 1250 2517 1311 Lambertus
2573 1248 2867 1312 Gruterus
2925 1250 3257 1311 Venradius
3317 1252 3559 1312 eosdem

1890 1356 2129 1399 ~-rursus
2173 1338 2321 1417 typis
2377 1339 2637 1409 excudit,
2670 1348 2851 1418 atque
2909 1338 2969 1399 in
3027 1339 3115 1399 eis
3167 1339 3438 1419 qumdam
3501 1358 3566 1401 so

1922 1430 2271 1489 emendasse
2301 1426 2576 1489 afﬁrmat.
2615 1427 2833 1488 Verum
2857 1444 2991 1487 cum
3017 1426 3117 1489 ille
3138 1428 3244 1489 has
3274 1430 3563 1490 emenda-

1923 1517 2115 1577 tioues
2151 1534 2266 1576 non
2300 1534 2368 1577 ex
2403 1515 2829 1595 manuscriptis
2876 1533 2940 1577 se
2998 1515 3272 1578 hausisse
3320 1518 3562 1587 dixerit,

1922 1624 2025 1666 cas
2059 1624 2187 1666 suis
2219 1608 2499 1665 duntaxat
2526 1605 2890 1684 conje'cturis
2922 1605 3159 1667 videtur
3186 1606 3369 1669 fuisse
3397 1622 3564 1668 asse-

1922 1705 2113 1756 cutus.
2155 1692 2232 1755 Ex
2267 1696 2375 1755 hac
2409 1704 2603 1755 tamen
2636 1694 2897 1755 editione
2924 1694 2984 1757 in
3014 1694 3385 1759 Bibliotheca
3404 1696 3565 1777 Lug-

1921 1786 2175 1847 dunensi
2202 1785 2260 1845 hi
2290 1784 2423 1844 libri
2456 1802 2665 1846 rursus
2694 1784 2900 1845 emissi
2932 1792 3068 1845 sunt
3094 1786 3150 1845 in
3195 1788 3410 1849 lucem.
3445 1788 3562 1850 Co-

1924 1875 2163 1937 telerius
2181 1884 2378 1934 autem
2406 1873 2536 1933 illos
2562 1891 2700 1935 cum
2720 1873 3008 1953 Operibus
3028 1872 3401 1955 Patrum,qui
3418 1885 3567 1938 tem-

1924 1963 2167 2044 poribus
2225 1962 2570 2042 apostolicis
2619 1962 2975 2027 ﬂoruerunt.
3018 1961 3309 2043 publicari
3359 1966 3563 2043 voluit,

1923 2055 2193 2134 hancque
2225 2052 2550 2115 editionem
2580 2069 2695 2133 ope
2739 2070 2839 2113 sex
2896 2068 3038 2112 mss.
3088 2052 3387 2129 codicum,
3416 2056 3565 2118 Sor-

1922 2142 2093 2204 bonae
2117 2141 2424 2219 nimirum,
2452 2140 2760 2216 Thuaneo,
2789 2141 2950 2205 Petri
2983 2140 3337 2220 Candelerii,
3358 2143 3562 2229 Regis,

1920 2234 2079 2296 Petri
2116 2232 2313 2307 Petiti,
2349 2239 2408 2293 et
2459 2230 2910 2295 Carmelitarum
2950 2231 3451 2296 Discalceatorum
3498 2254 3564 2299 se

1914 2323 2238 2384 adornasse
2271 2321 2640 2382 testiﬁcatur.
2676 2321 2875 2383 Alium
2923 2330 3211 2401 presteres
3259 2322 3555 2400 codicem,

1913 2421 2050 2474 ante
2081 2429 2272 2473 annos
2303 2408 2751 2491 quadringintos
2773 2419 3177 2487 exaratom,ex
3204 2411 3563 2476 bibliotheca

1915 2500 2254 2563 Colbertina
2288 2517 2469 2580 penes
2500 2516 2609 2559 nos
2641 2497 2974 2561 habuimus.

2428 2586 2849 2652 ARTICULUS
2891 2587 3043 2652 Vill.

1900 2666 2010 2742 :De
2036 2682 2231 2742 variis
2259 2685 2326 2740 in
2356 2678 2467 2741 hos
2494 2678 2680 2741 libros
2710 2678 2876 2741 notis
2903 2687 2961 2740 et
3010 2678 3554 2759 observationibus,

2042 2762 2200 2823 etde
2221 2762 2371 2824 aliis
2402 2760 2581 2821 libris
2613 2760 2686 2820 ab
2713 2760 2913 2822 eodem
2950 2768 3201 2823 auctore
3226 2763 3431 2827 editis.

2002 2851 2293 2913 Gruterus
2315 2849 2584 2931 quaedam
2616 2849 2675 2909 in
2707 2850 2815 2911 hos
2844 2849 3031 2910 libros
3086 2851 3272 2912 edidit
3304 2854 3558 2929 scholia,

1920 2958 2052 3020 qua)
2074 2957 2187 3000 nec
2212 2939 2408 3018 magni
2429 2945 2572 3001 sunt
2595 2938 3025 3020 momenti,nec
3048 2940 3246 3001 multae
3272 2942 3552 3004 utilitatis.

188 3028 505 3105 Thuaneo,
535 3022 594 3093 et
619 3028 1054 3095 Candeleriano
1099 3028 1365 3093 restituit
1413 3028 1834 3109 fragmentum,
1855 3049 1896 3098 c
1920 3029 2349 3093 AtCotelerius
2374 3028 2679 3090 doctiores
2704 3028 3089 3110 utilioresque
3128 3033 3187 3090 in
3237 3030 3345 3093 hos
3374 3032 3560 3093 libros

185 3121 343 3201 quod
370 3119 518 3182 illud
546 3118 741 3200 ipsum
799 3136 940 3184 esse
980 3124 1169 3199 putat,
1197 3137 1313 3199 quo
1358 3128 1569 3181 auctor
1599 3128 1825 3195 noster,

183 3218 335 3272 teste
363 3210 609 3285 Ruﬁno,
626 3210 704 3273 de
718 3210 996 3291 ingenito
1016 3208 1141 3271 Deo
1160 3209 1481 3290 genttoquc
1503 3208 1784 3273 disseruit
1811 3230 1827 3284 ;

182 3308 369 3377 atque
396 3300 539 3363 ideo
559 3299 719 3381 quod
739 3298 982 3363 Arianis
1010 3299 1257 3375 faveret,
1279 3302 1358 3361 ab
1379 3298 1594 3361 eodem
1611 3297 1827 3362 Ruﬁno

187 3390 266 3453 de
289 3390 582 3453 industria
612 3389 806 3452 fuerat
828 3389 1314 3471 pratermissum.
1338 3389 1636 3451 Praeterea
1656 3388 1707 3449 si
1737 3389 1849 3451 ei-.

192 3478 331 3545 dem
355 3477 571 3543 Ruﬁno
611 3479 949 3558 Photioquc
974 3478 1128 3542 ﬁdes
1170 3477 1478 3555 habeatur,
1502 3477 1564 3539 hi
1592 3477 1730 3540 libri
1756 3476 1831 3540 ab

196 3569 588 3635 Eunomiaeis
607 3577 667 3632 et
682 3568 1310 3651 Ariamgprimigenio
1325 3567 1567 3633 illorum
1587 3576 1855 3651 auctore.

198 3659 377 3747 longe
413 3659 867 3740 posterioribus,
899 3658 1203 3740 depravati
1240 3666 1381 3721 sunt
1410 3666 1469 3721 et
1496 3657 1832 3722 adulterati.

218 3796 219 3799 η
274 3749 649 3830 Quapropter
672 3748 945 3828 quamvis
973 3748 1157 3812 iidem
1201 3747 1345 3811 lihri
1391 3750 1665 3812 maxima
1717 3748 1837 3811 sint

193 3839 587 3921 antiquitatis,
614 3839 811 3902 cautis
840 3848 1037 3902 tamen
1079 3838 1602 3921 prudentibusque
1647 3838 1851 3902 oculis

189 3930 431 4011 legendi
460 3938 621 4011 sunt,
651 3929 876 4011 quippe
905 3929 1009 4011 qui
1038 3929 1116 3991 ab
1144 3928 1239 4011 iis
1271 3929 1373 4010 qui
1422 3946 1663 4011 errores
1688 3945 1831 4011 suos
1880 3950 1889 3991 :

184 4008 429 4092 quoque
451 4008 690 4079 tandem
714 4008 891 4073 modo
909 4008 1306 4075 (Κεδθωίωὲ
1318 4008 1827 4085 tentabant,variis

185 4100 563 4184 temporibus
633 4100 907 4181 nequiter
967 4102 1228 4184 corrupti
1282 4097 1523 4163 fuerint.
1577 4101 1830 4162 Possunt

1919 3120 2158 3200 scripsit
2187 3127 2358 3180 notas
2413 3124 2472 3180 et
2532 3117 3003 3199 observationes,
3036 3118 3251 3199 quibus
3300 3121 3561 3183 auctoris

1913 3218 2108 3272 textus
2119 3209 2434 3287 corrigitur
2445 3216 2506 3270 et
2522 3208 2832 3270 enodatur.
2844 3211 3046 3270 Monet
3058 3220 3255 3271 tamen
3267 3212 3555 3290 majorem

1911 3297 2403 3376 Recognitionum
2432 3306 2697 3377 partem,
2724 3298 2881 3376 quod
2909 3300 2988 3359 ad
3015 3298 3312 3361 humanas
3356 3304 3560 3381 potius

1913 3386 2269 3467 disciplinas
2289 3395 2571 3467 spectent,
2598 3404 2783 3465 quam
2808 3388 2886 3447 ad
2908 3386 3465 3467 Iheologiam,notis
3486 3393 3559 3452 il-

1917 3476 2241 3539 lustratum
2255 3494 2320 3537 se
2348 3494 2471 3539 non
2495 3479 2697 3540 ivisse.
2735 3478 2865 3539 Non
2904 3495 3118 3556 paucas
3149 3488 3345 3540 tamen
3368 3480 3428 3541 in
3461 3498 3558 3543 res

1921 3566 2366 3647 philosophicas
2407 3566 2594 3627 edidit
2616 3567 3185 3631 animadversiones.
3207 3569 3417 3650 Neque
3445 3572 3555 3631 for-

1921 3672 2025 3715 san
2056 3654 2176 3715 alia
2206 3654 2373 3735 plura
2422 3652 2495 3715 ab
2527 3671 2599 3715 eo
2632 3652 2944 3716 observata
2988 3654 3313 3717 lectoribus
3362 3657 3561 3717 minus

1919 3753 2123 3805 essent
2144 3744 2413 3823 jucunda
2444 3753 2504 3804 et
2548 3744 2739 3823 utilia,
2770 3741 2821 3803 si
2863 3760 2896 3803 a
2941 3744 3241 3824 proposito
3302 3746 3559 3807 auctoris

1919 3842 2077 3896 textu
2108 3834 2303 3895 rarius
2337 3833 2774 3910 digrederetur.

2000 3919 2190 3987 Unum
2214 3922 2308 3985 his
2329 3923 2609 3984 omnibus
2629 3922 2995 3996 addendum,
3018 3939 3237 4003 nempe
3250 3932 3555 3985 auctorem

1909 4021 2205 4085 nostrum,
2242 4013 2292 4074 si
2324 4013 2502 4074 ﬁdem
2533 4013 2790 4093 aliquam
2824 4019 3144 4086 mereatur,
3179 4012 3381 4093 plures
3409 4013 3559 4076 alios

1910 4102 2072 4165 exiis
2096 4120 2228 4182 quae
2259 4120 2294 4164 a
2323 4100 2498 4173 Petro
2529 4102 2806 4164 audierat
2838 4101 3024 4163 libros
3052 4100 3403 4164 confecisse.
3440 4103 3559 4166 Hos

184 4178 388 4259 tamen
404 4178 861 4267 aliquibus,non
887 4178 1135 4255 omnino
1151 4178 1825 4269 impruden_tibus,non-
1840 4246 1894 4272 λ
1913 4178 2242 4253 εωιθιιίίιιθ
2262 4204 2544 4253 accurate
2562 4198 2874 4253 enumerat
2896 4189 3029 4271 (lib,
3057 4210 3097 4260 I,
3122 4206 3206 4266 ut,
3231 4191 3313 4272 v),
3343 4191 3557 4256 librum

188 4280 349 4347 nihil
394 4259 661 4347 utilitatis
712 4259 941 4345 ideirco
987 4259 1263 4359 adferre,
1282 4277 1441 4359 quod
1481 4259 1835 4363 Christiania
1856 4259 1897 4309 D
1920 4279 2011 4343 De
2028 4298 2179 4343 vero
2204 4280 2534 4361 Pwpluta,
2562 4280 2777 4343 librum
2808 4259 3333 4361 De‘prasﬁmti‘one
3362 4285 3562 4359 Dei,et

188 4371 501 4451 religionis
515 4371 791 4453 Ipolegie
808 4370 932 4435 sint
960 4376 1027 4434 et
1046 4368 1341 4443 defensio,
1364 4386 1485 4449 qua
1500 4366 1720 4443 tabula
1734 4384 1857 4447 ιιι-τ
1919 4369 2131 4433 decem
2147 4371 2300 4433 alios
2317 4372 2396 4434 ab
2417 4372 2620 4451 editis,
2644 4370 3144 4450 Recopniu'onum
3172 4372 3382 4449 libros,
3416 4392 3561 4456 queo

193 4480 478 4543 ganorum
491 4459 1187 4540 ,idololatria,cultusque
1198 4457 1480 4520 falsorum
1495 4456 1833 4537 numinum,

194 4559 375 4630 atque
394 4549 731 4629 θοι-ωηιςαὶ
750 4547 1341 4613 astrisinﬁuentibus
1352 4545 1835 4610 {uelembemini

199 4640 615 4703 necessitatem
644 4639 869 4721 imponi
893 4639 1137 4729 dicunt,
1151 4655 1389 4729 errores
1409 4636 1835 4729 impugnantur

196 4738 256 4794 et
286 4730 696 4794 destruuntur.
722 4730 849 4793 Nec
864 4728 1057 4809 etiam
1074 4724 1323 4809 inuliles
1342 4724 1588 4805 omnino
1607 4726 1681 4788 iis
1699 4742 1836 4789 esse

196 4738 256 4794 et
286 4734 696 4794 destruuntur.
722 4734 849 4793 Nec
864 4734 1057 4807 .etlatn
1074 4734 1141 4790 in
1213 4734 1323 4801 iles
1342 4734 1588 4805 omnino
1607 4734 1681 4788 iis
1699 4742 1835 4789 esse

191 4826 474 4901 poterunt
504 4819 608 4900 qui
635 4819 827 4881 varias
853 4734 1343 4902 philosOthtirﬁm
1371 4814 1707 4897 opiniones,
1741 4833 1835 4877 va-

189 4910 314 4972 rios
342 4909 715 4972 diversorum
746 4908 1097 4992 pepulorum
1121 4924 1319 4969 mores
1341 4904 1836 4969 consuetudines-

193 5017 310 5080 que
367 5008 548 5082 atque
610 4998 963 5079 allegoricae
1016 4994 1381 5077 inbutum}
1409 4993 1834 5076 explicationes

187 5089 484 5152 voluerint
510 5087 844 5153 addiscere.

273 5178 387 5257 His
404 5178 593 5273 tibus.
606 5177 789 5259 ρῌμ
814 5175 1260 5271 multum?!
1288 5172 1639 5255 sodium.
1656 5180 1731 5253 ,οι
1754 5172 1833 5249 ab

276 5401 332 5450 ⁸³
358 5406 427 5471 In
455 5404 753 5473 Blbliotla.
784 5404 917 5469 cod.
954 5411 1068 5470 112
1088 5415 1149 5470 et
1176 5406 1317 5473 H3.

1920 4477 2053 4522 rum
2077 4460 2307 4540 singula
2320 4462 2539 4540 promit
2558 4462 3085 4543 argumentazalios
3104 4472 3301 4526 autem
3324 4464 3561 4528 libellos

1892 4568 1990 4611 "ex
2021 4548 2183 4613 Petri
2213 4551 2288 4613 ad
2320 4551 2757 4632 discipulorum
2797 4569 3037 4614 suorum
3069 4552 3427 4633 interrogata
3455 4573 3558 4618 re-

1917 4643 2153 4731 sponsis
2173 4640 2547 4731 compositas
2580 4640 2787 4704 Utrum
2813 4649 3009 4705 tamen
3037 4643 3098 4704 hi
3121 4642 3261 4704 libri
3281 4643 3343 4706 in
3361 4644 3555 4708 lucem

1882 4724 2236 4810 aliquando
2263 4728 2468 4813 emissi
2525 4730 2745 4794 fuerint
2799 4731 2892 4795 vel
2953 4749 3101 4793 vana
3152 4734 3556 4795 tantummodo

1919 4818 2224 4881 mendacis
2238 4814 2545 4901 scriptoris
2574 4821 2968 4883 ostentatione
2992 4820 3125 4882 ﬁcte
3146 4820 3557 4905 fallaciterque

1916 4907 2318 4983 venditantur,
2343 4910 2406 4969 in
2429 4908 2673 4971 dubium
2702 4910 2913 4971 merito
2944 4912 3211 4973 revovari
3235 4916 3453 4991 potest.
3482 4914 3557 4975 At

1915 4996 1968 5059 si
1990 4996 2308 5077 aliquando
2331 4998 2681 5078 prodierunt
2698 4998 2761 5060 in
2781 4996 3111 5079 publicum,
3136 5000 3194 5061 hi
3221 5018 3338 5062 non
3363 5001 3559 5066 minus

1915 5104 2091 5166 quam
2122 5086 2211 5147 illi
2241 5087 2317 5148 de
2344 5088 2561 5168 quibus
2616 5088 2903 5149 hactenus
2931 5088 3378 5169 disputavimus,
3411 5112 3553 5174 sup-

1917 5174 2101 5257 positi
2129 5184 2269 5239 sunt
2296 5184 2357 5239 et
2379 5177 2727 5243 sdulterini.
3064 5198 3091 5241 .·
