4056 6352
250 396 407 462 1209

1469 399 2106 468 RECOGNITIONUM
2151 405 2296 468 LIB.
2348 408 2398 468 Ι.

3471 408 3630 476 m0

246 539 537 614 vixero,et
549 538 884 603 secundum
902 538 1326 607 nonnullorum
1348 542 1678 606 sententias
1704 538 1890 624 philo-
1913 540 1955 595 Α
1976 537 2086 600 sim
2125 537 2186 602 in
2218 539 2471 622 imperio
2501 539 2730 605 Tiberii
2759 543 3026 620 Caesaris,
3061 544 3232 609 initio
3260 563 3329 609 ex
3361 544 3630 611 Orientis

245 630 596 710 sophorum,
629 628 1174 711 Pyriphlegethonti
1205 629 1382 694 ﬂuvio
1412 630 1502 693 vel
1531 631 1802 712 Tartaro,
1835 635 1901 692 ut

248 717 540 801 Sisyphus
562 728 620 782 et
645 717 867 800 Tityus,
901 728 960 782 et
981 728 1044 782 ut
1071 719 1236 783 Ixion
1269 739 1338 784 ac
1389 719 1674 785 Tantalus
1732 731 1903 784 aeter-

251 810 344 872 nis
369 809 429 871 in
460 808 696 872 inferno
715 808 1024 890 suppliciis
1043 809 1262 872 tradar.
1287 809 1360 873 Et
1380 827 1593 874 rursus
1617 811 1763 875 mihi
1786 811 1902 893 ipsi

249 898 684 980 respondebam
718 917 733 962 :
768 900 884 964 Sed
908 899 1034 966 haec
1077 900 1290 964 fabulae
1337 907 1498 978 sunt,
1549 913 1652 965 aut
1710 903 1762 965 si
1819 904 1900 965 ita

253 997 366 1066 est,
389 987 451 1050 in
476 988 657 1051 rebus
677 987 876 1053 dubiis
907 995 1145 1072 praestat
1173 989 1268 1072 pie
1283 990 1505 1056 vivere.
1539 991 1657 1056 Sed
1679 993 1897 1056 iterum

251 1076 602 1160 reputabam
634 1097 896 1156 mecum,
930 1081 1228 1162 quomodo
1253 1099 1488 1162 possem
1522 1082 1636 1145 sub
1667 1083 1897 1147 incerto

247 1169 494 1249 justitiae
515 1168 784 1251 praemio,
812 1188 848 1232 a
874 1169 1100 1253 peccati
1133 1188 1228 1233 me
1259 1171 1508 1234 libidine
1537 1174 1846 1237 continere
1868 1173 1900 1235 Ἰ

254 1259 508 1321 Maxime
535 1276 672 1320 cum
702 1259 901 1333 etiam,
926 1279 1060 1337 qua:
1091 1259 1170 1324 sit
1200 1259 1331 1341 ipsa
1353 1261 1762 1345 justitia,quae
1781 1266 1906 1328 Deo

253 1348 505 1429 placeat,
537 1347 693 1428 apud
726 1367 822 1410 me
848 1348 1140 1412 habeatur
1169 1351 1491 1426 incertum,
1533 1359 1596 1415 et
1629 1371 1826 1434 neque
1857 1353 1907 1416 si

251 1437 606 1500 immortalis
632 1437 710 1501 sit
737 1437 961 1514 anima,
991 1457 1060 1502 ac
1091 1438 1189 1520 sit,
1222 1459 1355 1522 qum
1401 1441 1628 1521 aliquid
1662 1461 1908 1524 sperare

254 1532 461 1610 possit,
496 1545 837 1608 agnoscam,
890 1546 1086 1611 neque
1115 1530 1260 1608 quid
1312 1531 1464 1596 certi
1511 1531 1776 1596 futurum
1831 1532 1908 1595 sit

254 1618 546 1682 noverim.
577 1616 701 1682 Nec
732 1625 930 1682 tamen
987 1620 1304 1700 quiescere
1360 1621 1434 1685 ab
1494 1621 1907 1703 hujuscemodi

255 1705 716 1788 cogitationibus
738 1725 1006 1791 possum.

335 1799 410 1863 V.
443 1796 594 1872 Quid
624 1797 812 1880 igitur
838 1799 1050 1864 faciam
1073 1799 1104 1863 ?
1129 1801 1451 1884 [Egyptum
1475 1811 1699 1883 petam,
1729 1812 1910 1884 atque

1985 627 2250 708 partibus
2279 637 2538 711 sumpto,
2570 632 2835 712 pervenit
2865 633 2939 697 ad
2971 653 3102 715 nos,
3137 643 3196 697 et
3239 653 3346 717 per
3398 635 3631 717 singula

1985 717 2433 806 convalescens,
2465 720 2625 783 velut
2645 740 2680 784 a
2712 720 2835 785 Deo
2867 721 3061 785 bonus
3116 724 3357 806 quidam
3387 727 3631 789 nuntius

1988 805 2230 889 missus,
2247 807 2588 874 universum
2611 811 2882 893 replebat
2911 805 3149 894 orbem,
3169 830 3280 877 nec
3300 813 3632 894 patiebatur

1985 894 2245 959 divinam
2266 899 2626 962 voluntatem
2651 899 2888 963 silentio
2907 901 3021 982 tegi
3041 902 3151 983 (7).
3178 901 3633 968 Diﬂ'undebatur

1981 1003 2122 1076 ergo
2155 1005 2265 1076 per
2291 988 2524 1067 singula
2554 989 2707 1072 loca,
2733 991 3115 1068 annuntians,
3143 992 3301 1074 quod
3325 1001 3482 1056 esset
3503 992 3636 1076 qui-

1982 1074 2118 1138 dam
2146 1077 2205 1138 in
2237 1075 2461 1148 Iudaea.
2497 1079 2603 1156 qui
2634 1091 2872 1163 sumpto
2905 1099 2941 1143 a
2976 1089 3248 1164 tempore
3271 1082 3434 1145 veris
3453 1074 3632 1146 exor-

1983 1165 2083 1228 dio
2100 1165 2201 1248 (8),
2223 1183 2467 1248 regnum
2484 1167 2588 1232 Dei
2613 1171 3480 1251 evangelizaretiudzeisjdque
3499 1190 3636 1254 per-

1989 1263 2268 1337 cepturos
2312 1257 2538 1321 diceret
2569 1277 2698 1341 eos,
2729 1260 2833 1338 qui
2859 1261 3279 1326 mandatorum
3310 1279 3553 1324 suorum
3576 1269 3635 1326 et

1991 1343 2276 1408 doctrinae
2293 1345 2563 1412 instituta
2593 1359 2948 1413 servassent.
2971 1349 3259 1414 Utautem
3283 1369 3484 1414 sermo
3503 1352 3638 1432 ejus

1989 1433 2108 1523 fide
2136 1433 2372 1516 dignus,
2407 1455 2476 1499 ac
2507 1438 2835 1504 divinitatis
2867 1439 3079 1520 plenus
3103 1459 3238 1504 esse
3259 1441 3634 1523 crederetur,

1990 1522 2237 1588 virtutes
2281 1525 2518 1608 multas,
2555 1538 2615 1591 et
2638 1528 2806 1606 signa
2834 1548 2902 1592 ac
2928 1530 3194 1612 prodigia
3215 1531 3368 1594 mira
3395 1531 3641 1594 efficere

1981 1613 2260 1694 jussione
2289 1615 2416 1679 sola
2438 1615 2771 1695 dicebatur,
2799 1619 2881 1681 ita
2903 1626 2988 1696 ut,
3016 1627 3297 1702 tanquam
3320 1639 3355 1683 a
3377 1619 3500 1684 Deo
3532 1637 3640 1700 po-

1993 1710 2260 1766 testatem
2282 1704 2530 1778 habens,
2547 1705 2763 1769 surdos
2783 1707 3007 1772 faceret
3022 1708 3236 1774 audire
3256 1717 3316 1772 et
3335 1727 3524 1773 caseos
3543 1708 3636 1770 vi-

1995 1791 2163 1868 dere,
2196 1792 2440 1857 claudos
2469 1795 2750 1878 erigeret,
2775 1804 2953 1875 atque
2973 1816 3211 1862 omnem
3231 1798 3638 1862 inﬁrmitatem

254 1886 340 1951 ibi
371 1885 782 1970 hierophantis
804 1889 897 1953 vel
931 1885 1240 1973 prophetis
1271 1890 1378 1969 qni
1410 1890 1600 1974 adytis
1623 1899 1906 1974 pra'sunt,
1933 1908 1971 1959 Β
1992 1891 2357 1974 ουιιςιρείιυθ
2380 1884 2684 1974 (laniones
2710 1904 2779 1950 ex
2810 1887 3158 1952 hominibus
3187 1889 3496 1969 eﬁ'ugal‘el,
3528 1886 3638 1952 sed

253 1977 480 2042 amicus
496 1977 743 2056 efficiar,
769 1981 1096 2062 etpecunia
1117 1981 1190 2044 ab
1210 1981 1298 2044 eis
1325 1980 1638 2044 invitatum
1663 1998 1910 2063 magum

256 2067 566 2151 precabor,
604 2077 670 2130 ut
698 2069 911 2133 educat
940 2071 1088 2133 mihi
1113 2071 1373 2134 animam
1400 2069 1477 2135 de
1505 2071 1788 2153 infernis,
1807 2089 1914 2153 per

256 2176 389 2220 eam
422 2176 596 2242 quam
629 2161 1098 2224 necromantiam
1127 2169 1360 2239 vocant,
1399 2167 1678 2242 tanquam
1709 2161 1786 2224 de
1806 2161 1915 2224 ali-

256 2266 376 2328 quo
406 2251 642 2327 negotio
655 2250 975 2314 consulere
996 2251 1288 2334 cupienti.
1315 2251 1462 2316 Mihi
1485 2269 1624 2314 vero
1647 2251 1778 2314 haec
1801 2251 1914 2314 erit

254 2338 610 2402 consultatio
644 2357 659 2402 :
695 2339 746 2401 si
765 2339 1120 2403 immortalis
1142 2349 1232 2403 est
1261 2341 1483 2402 anima.
1507 2338 1785 2403 Probatio
1808 2359 1914 2403 au-

254 2435 375 2489 tem
402 2429 640 2505 animae,
673 2429 830 2512 quod
851 2430 1207 2494 immortalis
1230 2430 1330 2503 sit,
1364 2448 1484 2492 non
1516 2448 1586 2493 ex
1637 2448 1707 2494 eo
1754 2430 1912 2512 quod

256 2520 541 2603 loquitur,
573 2517 688 2581 erit
709 2518 856 2580 mihi
887 2527 1072 2591 certa,
1103 2520 1189 2582 vel
1219 2538 1289 2582 ex
1313 2537 1385 2583 eo
1401 2519 1560 2602 quod
1579 2519 1786 2592 audio,
1807 2519 1912 2582 sed

258 2629 328 2674 ex
361 2629 431 2672 eo
464 2607 620 2690 quod
635 2607 808 2670 video
836 2630 854 2685 ;
884 2610 1147 2672 utoculis
1171 2609 1322 2672 meis
1343 2627 1599 2672 cernens
1621 2626 1916 2681 eam,cer-

257 2699 547 2762 tissimam
578 2697 654 2759 de
682 2697 911 2779 reliquo
929 2697 1394 2760 immortalitatis
1408 2698 1540 2779 ejus
1557 2697 1913 2760 sententiam

260 2797 523 2853 teneam.
557 2789 768 2868 Neque
798 2785 958 2849 enim
985 2787 1139 2850 ultra
1166 2787 1383 2868 poterit
1402 2787 1710 2849 veritatem
1731 2787 1911 2868 visus,

260 2877 582 2941 verborum
612 2873 844 2938 fallacia
867 2884 926 2939 et
955 2876 1180 2939 auditio
1215 2877 1445 2939 incerta
1485 2875 1754 2938 turbare.
1787 2877 1915 2936 Ve-

259 2976 596 3032 rumtamen
610 2966 763 3029 hanc
782 2966 969 3048 ipsam
1006 2965 1497 3028 deliberationem
1525 2983 1716 3028 meam
1739 2966 1914 3048 retuli

261 3058 334 3120 ad
368 3053 685 3139 quemdam
709 3046 1060 3117 familiarem
1098 3074 1296 3118 meum
1333 3054 1778 3137 philosophum,
1814 3046 1916 3135 qui

265 3145 411 3209 mihi
441 3143 756 3207 consilium
782 3143 968 3218 dedit,
1006 3161 1082 3206 ne
1107 3143 1220 3206 hoc
1241 3143 1438 3206 facere
1463 3142 1916 3207 auderem.Sive

1994 1983 2054 2037 et
2086 1972 2316 2037 oblatos
2344 1973 3088 2054 sibimortuossuscitaret,
3110 1979 3380 2060 leprosos
3401 1994 3640 2061 quoque

1994 2063 2231 2126 eminus
2252 2062 2467 2126 videns
2498 2075 2757 2144 curaret,
2782 2067 3006 2131 etnihil
3029 2069 3272 2132 omnino
3297 2065 3641 2150 esset,quod

1995 2154 2048 2216 ei
2075 2152 2443 2235 impossibile
2461 2153 2929 2221 videretur.Haac
2950 2167 3009 2221 et
3028 2157 3238 2222 horum
3258 2157 3477 2222 similia
3499 2174 3641 2239 pro-

1995 2261 2168 2307 cessu
2201 2244 2510 2326 temporis,
2563 2245 2792 2309 crebris
2813 2247 2941 2328 jam
2973 2267 3094 2312 non
3143 2247 3506 2330 rumoribus,
3534 2245 3642 2310 sed

1997 2331 2331 2396 manifestis
2348 2333 2787 2415 quodammodo
2804 2338 3248 2402 adventantium
3267 2357 3339 2400 ex
3361 2337 3480 2400 illis
3500 2353 3640 2418 par-

1997 2422 2155 2486 tibus
2198 2423 2420 2486 nuntiis
2453 2423 2864 2504 firmabantur,
2901 2435 2958 2490 et
3004 2427 3134 2510 ipsa
3179 2428 3304 2509 jam
3357 2443 3463 2508 per
3515 2426 3643 2488 dies

1998 2513 2267 2589 singulos
2295 2513 2383 2574 rei
2413 2514 2630 2576 veritas
2663 2516 3024 2598 patescebat.

2081 2601 2202 2665 νη.
2232 2602 2502 2684 Denique
2534 2604 2593 2666 in
2626 2606 2773 2668 urbe
2799 2625 2905 2688 per
2926 2607 3055 2670 loca
3075 2615 3402 2669 conventus
3433 2605 3562 2667 ﬁeri
3585 2614 3646 2668 et

2002 2694 2074 2756 de
2097 2694 2208 2755 hoc
2237 2710 2518 2756 sermone
2546 2696 2808 2772 tractari,
2842 2705 3022 2777 atque
3044 2698 3104 2759 in
3136 2695 3529 2759 admiratione
3548 2713 3648 2758 res

1999 2782 2206 2846 haberi
2239 2783 2748 2864 ccepit,'quisnam
2783 2787 2832 2848 is
2853 2789 3139 2869 esset,qui
3167 2785 3649 2868 apparuerit,vel

1998 2872 2136 2957 quid
2171 2872 2363 2934 nuntii
2386 2891 2420 2935 a
2449 2872 2570 2936 Deo
2593 2875 2936 2939 hominibus
2961 2877 3302 2950 detulisset;
3330 2875 3521 2939 donec
3538 2874 3647 2937 sub

1999 2962 2210 3025 eodem
2242 2980 2397 3025 anno
2416 2962 2507 3026 vir
2539 2963 2779 3046 quidam
2809 2975 3004 3029 astans
3034 2967 3094 3029 in
3127 2966 3292 3030 urbis
3324 2967 3453 3029 loco
3485 2965 3650 3028 cele-

2000 3051 2287 3127 berrimo,
2325 3052 2719 3133 proclamaret
2747 3055 2820 3118 ad
2855 3056 3162 3137 populum,
3198 3054 3652 3120 dicenszAudite

2001 3161 2120 3218 me,
2154 3160 2188 3202 ο
2219 3141 2380 3203 cives
2402 3145 2658 3206 Romani
2686 3164 2701 3222 ;
2731 3145 2914 3209 Filius
2941 3145 3049 3209 Dei
3074 3146 3244 3209 adest
3294 3145 3355 3207 in
3387 3143 3652 3226 partibus

261 3236 448 3316 enim,
482 3234 696 3314 inquit,
721 3232 993 3296 evocanti
1017 3251 1186 3313 mago
1214 3251 1332 3295 non
1356 3231 1599 3296 obediat
1621 3231 1914 3309 anima,tu
1935 3237 1976 3290 C
1997 3232 2240 3307 Judaaaa,
2273 3235 2633 3313 promittens
2677 3236 2955 3298 omnibus
2978 3235 3311 3299 volentibus
3331 3233 3538 3298 audire
3559 3251 3650 3308 se,

263 3334 394 3406 post
422 3325 550 3386 hanc
573 3331 851 3403 tanquam
901 3321 1046 3384 nihil
1079 3341 1210 3384 esse
1243 3329 1457 3402 putans
1484 3329 1615 3402 post
1637 3329 1912 3402 mortem,

263 3412 702 3495 desperabilius
745 3413 926 3486 vives,
956 3411 1177 3494 quippe
1199 3412 1383 3494 quiet
1413 3411 1620 3474 illicita
1645 3420 1915 3474 tentave-

262 3504 366 3566 ris.
401 3500 464 3565 Si
494 3519 634 3564 vero
666 3509 726 3564 et
752 3501 979 3580 aliquid
1012 3502 1092 3563 ibi
1115 3500 1325 3564 videre
1355 3500 1464 3562 tibi
1497 3500 1652 3561 visus
1705 3499 1913 3573 fueris,

262 3608 396 3673 qua)
419 3591 527 3654 tibi
551 3591 896 3669 religio,aut
916 3609 1052 3670 quae
1074 3591 1260 3672 pietas
1290 3607 1363 3652 ex
1403 3589 1622 3652 illicitis
1652 3590 1919 3652 tradetur

265 3690 323 3744 et
353 3680 551 3761 impiis
579 3686 609 3743 ?
638 3679 896 3742 Exosum
931 3697 1186 3760 namque
1209 3678 1512 3743 Divinitati
1537 3678 1917 3759 hujuscemo-

265 3771 324 3833 di
358 3769 660 3850 negotium
692 3769 914 3842 ferunt,
969 3778 1027 3831 et
1055 3769 1360 3831 adversari
1417 3768 1604 3831 Deum
1671 3769 1761 3830 his
1811 3767 1914 3848 qui

263 3859 493 3923 animas
524 3867 656 3939 post
683 3858 1118 3921 absolutionem
1149 3876 1467 3938 corporum
1500 3865 1731 3919 vexant.
1794 3855 1914 3937 Ego

267 3969 424 4025 vero,
463 3948 558 4010 his
587 3947 829 4022 auditis,
864 3949 1084 4028 pigrior
1108 3947 1349 4030 quidem
1376 3965 1508 4010 sum
1549 3945 1820 4008 redditus
1840 3947 1910 4007 ad

265 4041 378 4103 hoc
409 4037 565 4119 quod
602 4037 911 4119 parabam,
947 4056 1059 4100 nec
1084 4049 1282 4100 tamen
1342 4054 1769 4118 usquequaque
1821 4053 1925 4105 aut

266 4127 631 4190 desiderium
657 4144 884 4207 ponere
915 4134 1206 4208 poteram,
1239 4135 1339 4188 aut
1371 4125 1697 4187 molestiam
1751 4126 1916 4204 cogi-

269 4215 508 4279 tationis
538 4215 824 4295 abjicere.

346 4304 449 4371 Vl.
478 4305 548 4367 Et
573 4323 650 4368 ne
681 4306 858 4384 longa
885 4313 1017 4368 utar
1040 4305 1545 4381 narratione,cum
1569 4301 1664 4365 his
1687 4322 1796 4384 ego
1815 4322 1921 4365 co-

268 4395 573 4475 gitationis
593 4411 743 4456 mea;
762 4393 1004 4457 aestibus
1022 4395 1300 4475 agitarer,
1311 4393 1466 4456 fama
1487 4391 1754 4475 quaedam
1778 4411 1922 4455 sen-

1999 3321 2174 3384 vitam
2208 3332 2517 3405 aeternam,
2550 3324 2598 3385 si
2621 3327 2753 3406 quis
2775 3333 2970 3390 tamen
3000 3325 3430 3406 (9)secundum
3454 3324 3653 3386 volun-

1999 3417 2180 3471 tatem
2205 3411 2356 3491 ejus,
2382 3429 2415 3475 ι
2448 3430 2567 3492 quo
2601 3411 2819 3475 missus
2849 3423 2940 3480 est
2967 3414 3075 3478 Dei
3098 3415 3489 3490 Patris,actus
3512 3430 3652 3478 suos

2000 3496 2302 3561 direxerit,
2320 3499 2735 3582 Propterquod
2760 3503 3176 3566 convertimini
3201 3522 3236 3566 a
3257 3503 3432 3566 malis
3451 3501 3524 3564 ad
3551 3501 3654 3564 bo-

2000 3589 2582 3669 na,atemporalibus
2599 3591 2670 3653 ad
2703 3593 3279 3672 aeternaAgnoscite
3311 3610 3496 3656 unum
3521 3609 3656 3653 esse

1999 3679 2189 3762 Deum
2221 3679 2674 3762 cmliterrazque
2693 3683 3078 3756 rectorem,in
3099 3683 3270 3761 cujus
3286 3682 3660 3762 justisaspe-

1999 3759 2193 3821 ctibus
2225 3777 2326 3820 vos
2358 3758 2888 3839 injusti'mundum
2922 3763 3053 3842 ejus
3085 3758 3393 3824 habitatis.
3429 3758 3570 3824 Sed,
3604 3762 3659 3826 si

1996 3848 2410 3912 convertimini
2424 3851 2821 3912 etsecundum
2841 3851 3204 3914 voluntatem
3225 3851 3277 3930 ej
3289 3870 3356 3913 us
3375 3847 3652 3930 agitis,ad

1998 3938 2261 3999 futurum
2295 3938 2578 4001 saeculum
2604 3940 2912 4003 venientes
2944 3949 3002 4002 et
3028 3941 3232 4003 aeterni
3258 3937 3658 4019 etl‘ecti,inef-

2003 4027 2284 4091 fabilibus
2314 4027 2444 4108 ejus
2479 4028 2653 4092 bonis
2683 4047 2751 4092 ac
2783 4031 3046 4111 praemiis
3071 4030 3483 4111 perfruemini.
3515 4027 3659 4090 Erat

2004 4126 2201 4180 autem
2232 4116 2321 4180 vir
2350 4117 2487 4192 iste,
2518 4119 2621 4200 qui
2645 4120 2767 4182 haec
2790 4120 3144 4203 loquebatur
3172 4119 3244 4182 ad
3268 4118 3660 4199 populum,ex

2005 4205 2269 4271 Orientis
2291 4207 2582 4289 partibus,
2637 4211 2876 4271 natione
2909 4208 3195 4272 Hebraeus
3227 4209 3378 4291 (10),
3419 4208 3662 4270 nomine

2008 4296 2311 4363 Barnabas
2341 4300 2443 4379 qui
2468 4315 2533 4359 se
2552 4298 2729 4361 etiam
2758 4319 2942 4362 unum
2959 4318 3026 4362 ex
3051 4318 3182 4380 ejus
3205 4298 3513 4378 discipulis
3533 4299 3588 4376 (t
3605 4298 3662 4373 l)

2009 4405 2143 4452 esse
2162 4387 2422 4464 dicebat,
2445 4386 2818 4470 missumque
2840 4388 2914 4451 ob
2937 4391 3070 4464 hoc,
3091 4397 3150 4452 ut
3177 4389 3303 4453 haec
3328 4386 3664 4450 volentibus

1589 4525 1999 4594 COTELEBII
2043 4523 2297 4593 NOTA'}.

354 4665 444 4747 (Ἰ)
479 4664 642 4744 Tagi.
674 4666 741 4728 ln
772 4662 1064 4739 Freculfo,
1133 4672 1361 4746 tegare,
1394 4661 1552 4746 quod
1608 4662 1936 4744 respondet
1959 4670 1999 4720 D
2020 4668 2136 4722 tem
2168 4655 2665 4747 Aleaandrinum,
2696 4657 3100 4747 Eusebiumet
3123 4657 3538 4747 Epiphanium.
3569 4654 3665 4719 Sic

269 4749 476 4813 Graeco
508 4749 715 4823 στέγειν
732 4795 744 4806 .

348 4826 689 4906 (8)8umpto
707 4843 759 4906 a7
773 4832 1037 4906 tempore
1059 4829 1220 4906 veris
1231 4824 1508 4906 egordio.
1527 4825 1933 4906 Martyrologi-

268 4903 1427 4986 umHieronymidictu'mzKalendMaii.
1439 4903 1935 4986 Initiurriprwdi-

271 4989 536 5053 sationis
548 4983 790 5049 Domini
804 4983 1140 5048 nostriJesu
1167 4983 1924 5050 Christi.Wandalbertus:

312 5070 508 5148 Maias
535 5065 739 5148 prima
769 5073 971 5128 sacrat
1001 5066 1228 5148 Christi
1249 5065 1888 5148 doctrinaKalendas.

349 5150 440 5228 (9)
469 5146 543 5208 Si
563 5147 705 5228 quis
738 5155 961 5225 tamen,
996 5154 1113 5228 etc.
1135 5146 1459 5228 lj‘reculfus:
1480 5146 1551 5210 Si
1569 5148 1676 5224 qui
1699 5153 1926 5228 tamen,

275 5237 333 5290 et
357 5223 735 5291 diremérint.
763 5223 1268 5307 quemadmodum
1329 5227 1390 5287 in
1444 5223 1704 5307 Graeco,
1735 5223 1932 5289 Simili

276 5310 453 5370 modo
486 5315 689 5387 postea
720 5305 798 5387 ac
841 5307 1120 5386 praemiis
1159 5305 1335 5387 abest
1386 5305 1739 5387 agFreculfo
1791 5311 1850 5367 et
1897 5323 1931 5366 a

274 5385 520 5453 Graecis.
570 5385 1114 5467 Notanda’quoque
1137 5387 1294 5447 varia
1322 5385 1497 5467 lectio
1527 5387 1793 5467 docendi
1822 5403 1927 5467 pro

274 5468 559 5532 dicendi:
640 5475 698 5526 et
755 5464 1013 5543 utraque
1063 5465 1427 5528 conferenda
1509 5485 1645 5528 cum
1705 5464 1930 5528 Graecis

277 5549 590 5630 Epitomcs
613 5563 682 5630 ac
713 5545 1247 5630 Clerneittinoruln.

361 5629 480 5709 (10)
518 5627 778 5690 Nationc
810 5627 1117 5709 Hebraeus.
1156 5625 1488 5709 Barnabam
1541 5623 1930 5709 Cypijumta-

275 5705 821 5786 ciuntlnterpretes
844 5707 922 5768 ad
955 5708 1090 5786 Act.
1128 5723 1209 5778 1v,
1247 5705 1346 5786 36,
1381 5705 1638 5768 necnon
1673 5705 1926 5786 Epipha-

279 5789 416 5852 nius
441 5785 650 5851 haeresi
687 5787 788 5862 30,
816 5805 865 5848 c.
904 5786 1003 5862 25,
1031 5785 1428 5866 Hieronymus
1456 5786 1516 5866 in
1538 5785 1838 5864 Catalogo,
1874 5792 1934 5846 et

277 5869 618 5934 Alexander
669 5869 990 5930 monachus
1021 5866 1081 5926 in
1128 5864 1415 5930 Encomio
1447 5864 1510 5929 S.
1540 5866 1846 5929 Barnabaa.

357 5952 414 6032 (t
431 5951 484 6025 1)
519 5947 715 6014 Unum
743 5965 827 6012 ca:
851 5949 984 6030 ejus
1004 5947 1338 6028 discipulis.
1367 5947 1452 6012 lta
1473 5945 1627 6028 apud
1651 5945 1930 6011 Clemen-

3250 4739 3411 4799 rino.
3472 4737 3666 4799 Doro-

2015 4757 2254 4820 quoque
2284 4738 2342 4798 in
2371 4738 2672 4820 Chronico
2702 4749 2908 4820 vocato
2957 4738 3205 4820 Alcman

3369 4786 3671 4879 Sed-Iliada

2018 4817 2140 4883 t'bei
2156 4817 2460 4898 ‘SynOpsi,
2495 4827 2554 4882 et
2572 4818 2950 4882 Daudatione
2973 4818 3333 4898 Alexandri.

2020 4895 2493 4979 negatﬁntirmo
2528 4899 2700 4960 nixus
2731 4899 3140 4960 fundamento.
3176 4895 3666 4979 Mirum,inquit,

2020 4976 2469 5044 Retractatione
2512 4979 2570 5040 in
2623 4983 2774 5042 Acta
2822 4979 3250 5060 apostolorum,
3311 4976 3382 5037 ad
3415 4993 3544 5116 cog.
3607 4976 3666 5044 4.

2020 5059 2311 5116 auomodo
2335 5058 2498 5116 hunc
2522 5060 2892 5116 Barnabam.
2925 5059 3034 5116 aui
3054 5064 3256 5116 nostea
3297 5073 3431 5116 cum
3531 5057 3666 5116 aula

2013 5059 2311 5140 quomodo
2335 5058 2498 5120 hunc
2522 5057 2892 5140 Barnabam',
2925 5059 3034 5140 qui
3051 5064 3256 5140 postea
3297 5073 3442 5140 curn
3482 5057 3671 5117 Paulo

2011 5135 2285 5221 gentium
2315 5145 2398 5221 est
2423 5138 2739 5202 ordinatus
2759 5135 3090 5220 apostolus,
3126 5155 3198 5221 ac
3256 5143 3394 5217 post
3421 5135 3672 5221 longum

2012 5216 2142 5300 Ejus
2194 5219 2652 5281 contubernium
2701 5216 2962 5300 Cyprum
3018 5216 3406 5300 undc__0rtus
3443 5216 3666 5300 fuerat.

2009 5295 2454 5380 pmdicaturus
2485 5300 2695 5374 tediit,
2724 5295 3025 5380 Eusebius
3055 5300 3121 5361 in
3161 5295 3668 5380 Historia_eccle-

2013 5375 2275 5450 siastica,
2296 5378 2367 5439 de
2385 5396 2638 5442 numero
2664 5397 2793 5442 esse
2811 5395 2922 5441 Lxx
2947 5379 3392 5457 discipulorum
3423 5375 3678 5457 Domini

2013 5458 2364 5522 Saluatoris
2395 5459 2768 5539 arbitratur,
2801 5477 2940 5521 cum
2973 5455 3290 5537 manifeste
3323 5455 3548 5539 scribat
3597 5457 3669 5520 Β.

2015 5541 2212 5602 Lucas
2238 5555 2371 5599 eum
2399 5547 2530 5618 post
2559 5537 2972 5602 ascensionem
3004 5539 3252 5600 Domini
3281 5537 3361 5598 ad
3395 5539 3673 5618 discipu-

2017 5619 2206 5681 latum
2235 5616 2639 5697 apostolorum
2670 5621 2905 5682 venisse
2938 5637 2951 5682 :
2987 5619 3110 5681 nisi
3145 5620 3307 5697 forte
3334 5616 3674 5696 putandum

2014 5708 2127 5774 est,
2151 5717 2288 5780 eum
2307 5701 2480 5778 prius
2502 5700 2594 5761 ita
2623 5698 3053 5780 discipulatum
3083 5697 3321 5760 Christi
3375 5704 3670 5780 secutum,

2012 5787 2079 5840 ut
2098 5776 2352 5841 necdum
2376 5776 2825 5842 renuntiaverit
2849 5780 3125 5842 omnibus
3145 5796 3283 5859 qua:
3304 5776 3670 5859 possidebat,

2017 5859 2178 5941 quod
2207 5865 2413 5941 utrum
2429 5863 2796 5941 evangelicae
2814 5860 3109 5924 doctrina!
3127 5858 3504 5941 cenvencrit,
3531 5858 3632 5920 cui
3643 5891 3673 5904 -

2015 5938 2108 6003 eis
2125 5938 2428 6020 facillime
2453 5938 2648 6022 patet.
