  <div class='ocr_page' id='page_1' title='image "/cluster/home/n/w/nwhite01/storage/ocr_20150623/1/hvd.32044073501413/612.png"; bbox 0 0 2028 3176; ppageno 0'>
   <div class='ocr_carea' id='block_1_1' title="bbox 197 146 271 179">
    <p class='ocr_par' dir='ltr' id='par_1_1' title="bbox 197 146 271 179">
     <span class='ocr_line' id='line_1_1' title="bbox 197 146 271 179; baseline 0.014 -3"><span class='ocrx_word' id='word_1_1' title='bbox 197 146 271 179; x_wconf 76' lang='grc'><strong>1211</strong></span> 
     </span>
    </p>
   </div>
   <div class='ocr_carea' id='block_1_2' title="bbox 596 146 1445 181">
    <p class='ocr_par' dir='ltr' id='par_1_2' title="bbox 596 146 1445 181">
     <span class='ocr_line' id='line_1_2' title="bbox 596 146 1445 181; baseline 0 -3"><span class='ocrx_word' id='word_1_2' title='bbox 596 148 627 179; x_wconf 78' lang='grc'><strong>8.</strong></span> <span class='ocrx_word' id='word_1_3' title='bbox 650 148 869 179; x_wconf 85' lang='lat' dir='ltr'><strong>GLEMENTIS</strong></span> <span class='ocrx_word' id='word_1_4' title='bbox 889 146 899 178; x_wconf 91' lang='lat' dir='ltr'><strong>l</strong></span> <span class='ocrx_word' id='word_1_5' title='bbox 925 149 1012 179; x_wconf 72' lang='grc' dir='ltr'><strong>ΗΘΜ.</strong></span> <span class='ocrx_word' id='word_1_6' title='bbox 1036 146 1149 180; x_wconf 86' lang='grc' dir='ltr'><strong>ΡΟΝΤ.</strong></span> <span class='ocrx_word' id='word_1_7' title='bbox 1172 149 1295 181; x_wconf 77' lang='lat' dir='ltr'><strong>OPERA</strong></span> <span class='ocrx_word' id='word_1_8' title='bbox 1317 147 1445 179; x_wconf 78' lang='lat' dir='ltr'><strong>DUBIA.</strong></span> 
     </span>
    </p>
   </div>
   <div class='ocr_carea' id='block_1_3' title="bbox 1808 148 1906 181">
    <p class='ocr_par' dir='ltr' id='par_1_3' title="bbox 1808 148 1906 181">
     <span class='ocr_line' id='line_1_3' title="bbox 1808 148 1906 181; baseline 0.01 -1"><span class='ocrx_word' id='word_1_9' title='bbox 1808 148 1906 181; x_wconf 71' lang='grc'><strong>1242</strong></span> 
     </span>
    </p>
   </div>
   <div class='ocr_carea' id='block_1_4' title="bbox 195 212 1902 255">
    <p class='ocr_par' dir='ltr' id='par_1_4' title="bbox 195 212 1902 255">
     <span class='ocr_line' id='line_1_4' title="bbox 195 212 1902 255; baseline 0.004 -11"><span class='ocrx_word' id='word_1_10' title='bbox 195 212 352 255; x_wconf 74' lang='lat' dir='ltr'><strong>indicaret.</strong></span> <span class='ocrx_word' id='word_1_11' title='bbox 364 213 478 251; x_wconf 85' lang='lat' dir='ltr'><strong>Quibus</strong></span> <span class='ocrx_word' id='word_1_12' title='bbox 489 223 542 253; x_wconf 77' lang='lat' dir='ltr'><strong>ego</strong></span> <span class='ocrx_word' id='word_1_13' title='bbox 554 213 675 252; x_wconf 76' lang='lat' dir='ltr'><strong>auditis,</strong></span> <span class='ocrx_word' id='word_1_14' title='bbox 687 223 755 245; x_wconf 93' lang='lat' dir='ltr'><strong>cum</strong></span> <span class='ocrx_word' id='word_1_15' title='bbox 762 214 877 255; x_wconf 84' lang='lat' dir='ltr'><strong>reliqua</strong></span> <span class='ocrx_word' id='word_1_16' title='bbox 885 215 1017 247; x_wconf 87' lang='lat' dir='ltr'><strong>multitu-</strong></span> <span class='ocrx_word' id='word_1_17' title='bbox 1028 218 1046 242; x_wconf 82' lang='grc' dir='ltr'><strong>Α</strong></span> <span class='ocrx_word' id='word_1_18' title='bbox 1059 214 1248 254; x_wconf 87' lang='lat' dir='ltr'><strong>omnipotens</strong></span> <span class='ocrx_word' id='word_1_19' title='bbox 1267 212 1424 244; x_wconf 78' lang='lat' dir='ltr'><strong>abscondit</strong></span> <span class='ocrx_word' id='word_1_20' title='bbox 1443 221 1460 244; x_wconf 73' lang='grc' dir='ltr'>ε</span> <span class='ocrx_word' id='word_1_21' title='bbox 1474 213 1558 244; x_wconf 72' lang='lat' dir='ltr'><strong>vobis</strong></span> <span class='ocrx_word' id='word_1_22' title='bbox 1582 213 1760 245; x_wconf 65' lang='lat' dir='ltr'><strong>voluntatem</strong></span> <span class='ocrx_word' id='word_1_23' title='bbox 1785 224 1902 251; x_wconf 74' lang='lat' dir='ltr'><strong>suam.</strong></span> 
     </span>
    </p>
   </div>
   <div class='ocr_carea' id='block_1_5' title="bbox 197 256 1018 300">
    <p class='ocr_par' dir='ltr' id='par_1_5' title="bbox 197 256 1018 300">
     <span class='ocr_line' id='line_1_5' title="bbox 197 256 1018 300; baseline 0.005 -12"><span class='ocrx_word' id='word_1_24' title='bbox 197 256 267 288; x_wconf 88' lang='lat' dir='ltr'><strong>dine</strong></span> <span class='ocrx_word' id='word_1_25' title='bbox 282 258 367 299; x_wconf 87' lang='lat' dir='ltr'><strong>sequi</strong></span> <span class='ocrx_word' id='word_1_26' title='bbox 381 268 449 289; x_wconf 90' lang='lat' dir='ltr'><strong>eum</strong></span> <span class='ocrx_word' id='word_1_27' title='bbox 461 260 536 300; x_wconf 78' lang='grc' dir='ltr'><strong>οωρί</strong></span> <span class='ocrx_word' id='word_1_28' title='bbox 554 264 584 290; x_wconf 89' lang='lat' dir='ltr'><strong>et</strong></span> <span class='ocrx_word' id='word_1_29' title='bbox 599 258 714 299; x_wconf 82' lang='lat' dir='ltr'><strong>audire,</strong></span> <span class='ocrx_word' id='word_1_30' title='bbox 727 268 791 299; x_wconf 66' lang='lat' dir='ltr'><strong>que</strong></span> <span class='ocrx_word' id='word_1_31' title='bbox 801 259 1018 292; x_wconf 85' lang='lat' dir='ltr'><strong>diceret.lntel-</strong></span> 
     </span>
    </p>
   </div>
   <div class='ocr_carea' id='block_1_6' title="bbox 194 302 1016 344">
    <p class='ocr_par' dir='ltr' id='par_1_6' title="bbox 194 302 1016 344">
     <span class='ocr_line' id='line_1_6' title="bbox 194 302 1016 344; baseline 0.004 -11"><span class='ocrx_word' id='word_1_32' title='bbox 194 302 320 341; x_wconf 77' lang='lat' dir='ltr'><strong>ligebam</strong></span> <span class='ocrx_word' id='word_1_33' title='bbox 337 312 409 334; x_wconf 84' lang='lat' dir='ltr'><strong>sane</strong></span> <span class='ocrx_word' id='word_1_34' title='bbox 423 303 501 344; x_wconf 91' lang='lat' dir='ltr'><strong>quod</strong></span> <span class='ocrx_word' id='word_1_35' title='bbox 519 303 592 335; x_wconf 88' lang='lat' dir='ltr'><strong>nihil</strong></span> <span class='ocrx_word' id='word_1_36' title='bbox 609 303 773 335; x_wconf 74' lang='lat' dir='ltr'><strong>dialecticae</strong></span> <span class='ocrx_word' id='word_1_37' title='bbox 794 304 864 335; x_wconf 82' lang='lat' dir='ltr'><strong>artis</strong></span> <span class='ocrx_word' id='word_1_38' title='bbox 893 310 972 336; x_wconf 81' lang='lat' dir='ltr'><strong>esset</strong></span> <span class='ocrx_word' id='word_1_39' title='bbox 986 305 1016 336; x_wconf 92' lang='lat' dir='ltr'><strong>in</strong></span> 
     </span>
    </p>
   </div>
   <div class='ocr_carea' id='block_1_7' title="bbox 195 347 1016 389">
    <p class='ocr_par' dir='ltr' id='par_1_7' title="bbox 195 347 1016 389">
     <span class='ocr_line' id='line_1_7' title="bbox 195 347 1016 389; baseline 0.002 -11"><span class='ocrx_word' id='word_1_40' title='bbox 195 347 328 385; x_wconf 86' lang='lat' dir='ltr'><strong>homine,</strong></span> <span class='ocrx_word' id='word_1_41' title='bbox 345 348 397 379; x_wconf 84' lang='lat' dir='ltr'><strong>sed</strong></span> <span class='ocrx_word' id='word_1_42' title='bbox 409 348 586 389; x_wconf 79' lang='lat' dir='ltr'><strong>simpliciter</strong></span> <span class='ocrx_word' id='word_1_43' title='bbox 593 353 622 380; x_wconf 91' lang='lat' dir='ltr'><strong>et</strong></span> <span class='ocrx_word' id='word_1_44' title='bbox 633 348 744 389; x_wconf 85' lang='lat' dir='ltr'><strong>absque</strong></span> <span class='ocrx_word' id='word_1_45' title='bbox 756 348 818 380; x_wconf 91' lang='lat' dir='ltr'><strong>ullo</strong></span> <span class='ocrx_word' id='word_1_46' title='bbox 833 349 952 381; x_wconf 80' lang='lat' dir='ltr'><strong>dicendi</strong></span> <span class='ocrx_word' id='word_1_47' title='bbox 968 350 1016 380; x_wconf 83' lang='lat' dir='ltr'><strong>fu—</strong></span> 
     </span>
    </p>
   </div>
   <div class='ocr_carea' id='block_1_8' title="bbox 195 392 1013 435">
    <p class='ocr_par' dir='ltr' id='par_1_8' title="bbox 195 392 1013 435">
     <span class='ocr_line' id='line_1_8' title="bbox 195 392 1013 435; baseline 0.004 -12"><span class='ocrx_word' id='word_1_48' title='bbox 195 401 241 430; x_wconf 91' lang='lat' dir='ltr'><strong>co,</strong></span> <span class='ocrx_word' id='word_1_49' title='bbox 259 402 324 433; x_wconf 72' lang='lat' dir='ltr'><strong>quaa</strong></span> <span class='ocrx_word' id='word_1_50' title='bbox 339 392 472 425; x_wconf 84' lang='lat' dir='ltr'><strong>audisset</strong></span> <span class='ocrx_word' id='word_1_51' title='bbox 484 403 502 424; x_wconf 89' lang='lat' dir='ltr'><strong>a</strong></span> <span class='ocrx_word' id='word_1_52' title='bbox 517 393 592 425; x_wconf 85' lang='lat' dir='ltr'><strong>Filio</strong></span> <span class='ocrx_word' id='word_1_53' title='bbox 622 393 673 424; x_wconf 90' lang='lat' dir='ltr'><strong>Dei</strong></span> <span class='ocrx_word' id='word_1_54' title='bbox 696 393 741 425; x_wconf 91' lang='lat' dir='ltr'><strong>vel</strong></span> <span class='ocrx_word' id='word_1_55' title='bbox 757 394 889 431; x_wconf 88' lang='lat' dir='ltr'><strong>vidisset,</strong></span> <span class='ocrx_word' id='word_1_56' title='bbox 919 404 1013 435; x_wconf 88' lang='lat' dir='ltr'><strong>expo-</strong></span> 
     </span>
    </p>
   </div>
   <div class='ocr_carea' id='block_1_9' title="bbox 195 438 1014 479">
    <p class='ocr_par' dir='ltr' id='par_1_9' title="bbox 195 438 1014 479">
     <span class='ocr_line' id='line_1_9' title="bbox 195 438 1014 479; baseline 0.002 -11"><span class='ocrx_word' id='word_1_57' title='bbox 195 441 291 468; x_wconf 84' lang='lat' dir='ltr'><strong>neret.</strong></span> <span class='ocrx_word' id='word_1_58' title='bbox 310 438 497 469; x_wconf 83' lang='lat' dir='ltr'><strong>Assertiones</strong></span> <span class='ocrx_word' id='word_1_59' title='bbox 512 438 592 469; x_wconf 92' lang='lat' dir='ltr'><strong>enim</strong></span> <span class='ocrx_word' id='word_1_60' title='bbox 607 448 674 469; x_wconf 89' lang='lat' dir='ltr'><strong>suas</strong></span> <span class='ocrx_word' id='word_1_61' title='bbox 698 448 756 469; x_wconf 88' lang='lat' dir='ltr'><strong>non</strong></span> <span class='ocrx_word' id='word_1_62' title='bbox 773 443 1014 479; x_wconf 79' lang='lat' dir='ltr'><strong>argumentorum</strong></span> 
     </span>
    </p>
   </div>
   <div class='ocr_carea' id='block_1_10' title="bbox 195 481 1014 522">
    <p class='ocr_par' dir='ltr' id='par_1_10' title="bbox 195 481 1014 522">
     <span class='ocr_line' id='line_1_10' title="bbox 195 481 1014 522; baseline 0.004 -10"><span class='ocrx_word' id='word_1_63' title='bbox 195 481 301 513; x_wconf 87' lang='lat' dir='ltr'><strong>virtute</strong></span> <span class='ocrx_word' id='word_1_64' title='bbox 317 483 478 521; x_wconf 90' lang='lat' dir='ltr'><strong>muniebat,</strong></span> <span class='ocrx_word' id='word_1_65' title='bbox 495 483 548 515; x_wconf 88' lang='lat' dir='ltr'><strong>sed</strong></span> <span class='ocrx_word' id='word_1_66' title='bbox 571 483 730 514; x_wconf 84' lang='lat' dir='ltr'><strong>verborum</strong></span> <span class='ocrx_word' id='word_1_67' title='bbox 763 487 791 514; x_wconf 90' lang='lat' dir='ltr'><strong>et</strong></span> <span class='ocrx_word' id='word_1_68' title='bbox 820 483 1014 522; x_wconf 84' lang='lat' dir='ltr'><strong>mirabilium,</strong></span> 
     </span>
    </p>
   </div>
   <div class='ocr_carea' id='block_1_11' title="bbox 195 527 1014 569">
    <p class='ocr_par' dir='ltr' id='par_1_11' title="bbox 195 527 1014 569">
     <span class='ocr_line' id='line_1_11' title="bbox 195 527 1014 569; baseline 0.004 -12"><span class='ocrx_word' id='word_1_69' title='bbox 195 535 261 566; x_wconf 63' lang='lat' dir='ltr'><strong>quas</strong></span> <span class='ocrx_word' id='word_1_70' title='bbox 275 527 477 565; x_wconf 80' lang='lat' dir='ltr'><strong>annuntiabat,</strong></span> <span class='ocrx_word' id='word_1_71' title='bbox 496 532 586 560; x_wconf 88' lang='lat' dir='ltr'><strong>testes</strong></span> <span class='ocrx_word' id='word_1_72' title='bbox 603 528 711 559; x_wconf 91' lang='lat' dir='ltr'><strong>multos</strong></span> <span class='ocrx_word' id='word_1_73' title='bbox 727 537 762 559; x_wconf 91' lang='lat' dir='ltr'><strong>ex</strong></span> <span class='ocrx_word' id='word_1_74' title='bbox 777 529 840 569; x_wconf 86' lang='lat' dir='ltr'><strong>ipso</strong></span> <span class='ocrx_word' id='word_1_75' title='bbox 850 529 937 559; x_wconf 89' lang='lat' dir='ltr'><strong>etiam</strong></span> <span class='ocrx_word' id='word_1_76' title='bbox 954 529 1014 560; x_wconf 87' lang='lat' dir='ltr'><strong>cir-</strong></span> 
     </span>
    </p>
   </div>
   <div class='ocr_carea' id='block_1_12' title="bbox 195 571 708 612">
    <p class='ocr_par' dir='ltr' id='par_1_12' title="bbox 195 571 708 612">
     <span class='ocr_line' id='line_1_12' title="bbox 195 571 708 612; baseline 0.004 -11"><span class='ocrx_word' id='word_1_77' title='bbox 195 574 361 602; x_wconf 85' lang='lat' dir='ltr'><strong>cumstante</strong></span> <span class='ocrx_word' id='word_1_78' title='bbox 377 571 497 612; x_wconf 92' lang='lat' dir='ltr'><strong>populo,</strong></span> <span class='ocrx_word' id='word_1_79' title='bbox 516 572 708 612; x_wconf 87' lang='lat' dir='ltr'><strong>producebat.</strong></span> 
     </span>
    </p>
   </div>
   <div class='ocr_carea' id='block_1_13' title="bbox 235 615 1016 657">
    <p class='ocr_par' dir='ltr' id='par_1_13' title="bbox 235 615 1016 657">
     <span class='ocr_line' id='line_1_13' title="bbox 235 615 1016 657; baseline 0.003 -11"><span class='ocrx_word' id='word_1_80' title='bbox 235 615 309 646; x_wconf 83' lang='lat' dir='ltr'><strong>VIII.</strong></span> <span class='ocrx_word' id='word_1_81' title='bbox 326 615 436 648; x_wconf 88' lang='lat' dir='ltr'><strong>Verum</strong></span> <span class='ocrx_word' id='word_1_82' title='bbox 452 617 591 657; x_wconf 90' lang='lat' dir='ltr'><strong>quoniam</strong></span> <span class='ocrx_word' id='word_1_83' title='bbox 608 617 643 647; x_wconf 90' lang='lat' dir='ltr'><strong>ad</strong></span> <span class='ocrx_word' id='word_1_84' title='bbox 656 626 703 654; x_wconf 89' lang='lat' dir='ltr'><strong>ea,</strong></span> <span class='ocrx_word' id='word_1_85' title='bbox 721 626 788 655; x_wconf 61' lang='lat' dir='ltr'><strong>quae</strong></span> <span class='ocrx_word' id='word_1_86' title='bbox 802 618 920 648; x_wconf 83' lang='lat' dir='ltr'><strong>sincere</strong></span> <span class='ocrx_word' id='word_1_87' title='bbox 931 618 1016 649; x_wconf 85' lang='lat' dir='ltr'><strong>dice-</strong></span> 
     </span>
    </p>
   </div>
   <div class='ocr_carea' id='block_1_14' title="bbox 195 659 1016 703">
    <p class='ocr_par' dir='ltr' id='par_1_14' title="bbox 195 659 1016 703">
     <span class='ocr_line' id='line_1_14' title="bbox 195 659 1016 703; baseline 0.004 -13"><span class='ocrx_word' id='word_1_88' title='bbox 195 659 314 700; x_wconf 84' lang='lat' dir='ltr'><strong>bantur,</strong></span> <span class='ocrx_word' id='word_1_89' title='bbox 330 660 597 693; x_wconf 87' lang='lat' dir='ltr'><strong>libenterannuere</strong></span> <span class='ocrx_word' id='word_1_90' title='bbox 610 662 737 702; x_wconf 90' lang='lat' dir='ltr'><strong>populus</strong></span> <span class='ocrx_word' id='word_1_91' title='bbox 753 665 782 693; x_wconf 90' lang='lat' dir='ltr'><strong>et</strong></span> <span class='ocrx_word' id='word_1_92' title='bbox 799 662 938 703; x_wconf 88' lang='lat' dir='ltr'><strong>amplecti</strong></span> <span class='ocrx_word' id='word_1_93' title='bbox 952 672 1016 693; x_wconf 85' lang='lat' dir='ltr'><strong>ser-</strong></span> 
     </span>
    </p>
   </div>
   <div class='ocr_carea' id='block_1_15' title="bbox 195 705 1017 747">
    <p class='ocr_par' dir='ltr' id='par_1_15' title="bbox 195 705 1017 747">
     <span class='ocr_line' id='line_1_15' title="bbox 195 705 1017 747; baseline 0.005 -13"><span class='ocrx_word' id='word_1_94' title='bbox 195 713 313 735; x_wconf 88' lang='lat' dir='ltr'><strong>monem</strong></span> <span class='ocrx_word' id='word_1_95' title='bbox 323 706 488 745; x_wconf 85' lang='lat' dir='ltr'><strong>simplicem</strong></span> <span class='ocrx_word' id='word_1_96' title='bbox 512 705 611 746; x_wconf 63' lang='lat' dir='ltr'><strong>coepit,</strong></span> <span class='ocrx_word' id='word_1_97' title='bbox 631 706 660 736; x_wconf 92' lang='lat' dir='ltr'><strong>hi</strong></span> <span class='ocrx_word' id='word_1_98' title='bbox 671 706 721 747; x_wconf 91' lang='lat' dir='ltr'><strong>qui</strong></span> <span class='ocrx_word' id='word_1_99' title='bbox 732 706 788 737; x_wconf 87' lang='lat' dir='ltr'><strong>sibi</strong></span> <span class='ocrx_word' id='word_1_100' title='bbox 805 706 918 738; x_wconf 87' lang='lat' dir='ltr'><strong>eruditi</strong></span> <span class='ocrx_word' id='word_1_101' title='bbox 932 707 1017 739; x_wconf 89' lang='lat' dir='ltr'><strong>vide-</strong></span> 
     </span>
    </p>
   </div>
   <div class='ocr_carea' id='block_1_16' title="bbox 194 747 1017 791">
    <p class='ocr_par' dir='ltr' id='par_1_16' title="bbox 194 747 1017 791">
     <span class='ocr_line' id='line_1_16' title="bbox 194 747 1017 791; baseline 0.006 -13"><span class='ocrx_word' id='word_1_102' title='bbox 194 747 303 781; x_wconf 86' lang='lat' dir='ltr'><strong>bantur</strong></span> <span class='ocrx_word' id='word_1_103' title='bbox 312 750 359 780; x_wconf 79' lang='lat' dir='ltr'><strong>vel</strong></span> <span class='ocrx_word' id='word_1_104' title='bbox 368 750 548 791; x_wconf 84' lang='lat' dir='ltr'><strong>philosophi,</strong></span> <span class='ocrx_word' id='word_1_105' title='bbox 556 750 656 782; x_wconf 90' lang='lat' dir='ltr'><strong>ridere</strong></span> <span class='ocrx_word' id='word_1_106' title='bbox 667 751 818 782; x_wconf 90' lang='lat' dir='ltr'><strong>hominem</strong></span> <span class='ocrx_word' id='word_1_107' title='bbox 830 761 865 783; x_wconf 90' lang='lat' dir='ltr'><strong>ac</strong></span> <span class='ocrx_word' id='word_1_108' title='bbox 872 760 1017 791; x_wconf 88' lang='lat' dir='ltr'><strong>spernere</strong></span> 
     </span>
    </p>
   </div>
   <div class='ocr_carea' id='block_1_17' title="bbox 193 795 1016 836">
    <p class='ocr_par' dir='ltr' id='par_1_17' title="bbox 193 795 1016 836">
     <span class='ocr_line' id='line_1_17' title="bbox 193 795 1016 836; baseline 0.005 -12"><span class='ocrx_word' id='word_1_109' title='bbox 193 802 323 834; x_wconf 88' lang='lat' dir='ltr'><strong>ccepere,</strong></span> <span class='ocrx_word' id='word_1_110' title='bbox 341 799 369 825; x_wconf 91' lang='lat' dir='ltr'><strong>et</strong></span> <span class='ocrx_word' id='word_1_111' title='bbox 385 795 623 836; x_wconf 76' lang='lat' dir='ltr'><strong>syllogismorum</strong></span> <span class='ocrx_word' id='word_1_112' title='bbox 637 796 666 826; x_wconf 95' lang='lat' dir='ltr'><strong>in</strong></span> <span class='ocrx_word' id='word_1_113' title='bbox 683 805 750 827; x_wconf 93' lang='lat' dir='ltr'><strong>eum</strong></span> <span class='ocrx_word' id='word_1_114' title='bbox 763 796 928 827; x_wconf 88' lang='lat' dir='ltr'><strong>tendiculas</strong></span> <span class='ocrx_word' id='word_1_115' title='bbox 938 796 1016 828; x_wconf 90' lang='lat' dir='ltr'><strong>velut</strong></span> 
     </span>
    </p>
   </div>
   <div class='ocr_carea' id='block_1_18' title="bbox 192 838 1015 880">
    <p class='ocr_par' dir='ltr' id='par_1_18' title="bbox 192 838 1015 880">
     <span class='ocr_line' id='line_1_18' title="bbox 192 838 1015 880; baseline 0.007 -13"><span class='ocrx_word' id='word_1_116' title='bbox 192 838 374 870; x_wconf 83' lang='lat' dir='ltr'><strong>validissima</strong></span> <span class='ocrx_word' id='word_1_117' title='bbox 390 849 472 871; x_wconf 89' lang='lat' dir='ltr'><strong>arma</strong></span> <span class='ocrx_word' id='word_1_118' title='bbox 488 841 633 880; x_wconf 82' lang='lat' dir='ltr'><strong>proferre.</strong></span> <span class='ocrx_word' id='word_1_119' title='bbox 646 840 902 872; x_wconf 88' lang='lat' dir='ltr'><strong>Atilleinterritus</strong></span> <span class='ocrx_word' id='word_1_120' title='bbox 913 846 941 872; x_wconf 92' lang='lat' dir='ltr'><strong>et</strong></span> <span class='ocrx_word' id='word_1_121' title='bbox 953 843 1015 873; x_wconf 76' lang='lat' dir='ltr'><strong>vel-</strong></span> 
     </span>
    </p>
   </div>
   <div class='ocr_carea' id='block_1_19' title="bbox 1059 257 1906 299">
    <p class='ocr_par' dir='ltr' id='par_1_19' title="bbox 1059 257 1906 299">
     <span class='ocr_line' id='line_1_19' title="bbox 1059 257 1906 299; baseline 0.001 -10"><span class='ocrx_word' id='word_1_122' title='bbox 1059 267 1134 299; x_wconf 83' lang='lat' dir='ltr'><strong>quos</strong></span> <span class='ocrx_word' id='word_1_123' title='bbox 1149 258 1299 299; x_wconf 72' lang='lat' dir='ltr'><strong>agnitione</strong></span> <span class='ocrx_word' id='word_1_124' title='bbox 1309 257 1355 289; x_wconf 87' lang='lat' dir='ltr'><strong>sui</strong></span> <span class='ocrx_word' id='word_1_125' title='bbox 1375 257 1512 299; x_wconf 63' lang='lat' dir='ltr'><strong>praevidit</strong></span> <span class='ocrx_word' id='word_1_126' title='bbox 1527 257 1677 298; x_wconf 74' lang='lat' dir='ltr'><strong>indignos,</strong></span> <span class='ocrx_word' id='word_1_127' title='bbox 1694 258 1771 290; x_wconf 83' lang='lat' dir='ltr'><strong>sicut</strong></span> <span class='ocrx_word' id='word_1_128' title='bbox 1788 268 1824 291; x_wconf 82' lang='lat' dir='ltr'><strong>ex</strong></span> <span class='ocrx_word' id='word_1_129' title='bbox 1843 259 1906 290; x_wconf 76' lang='lat' dir='ltr'><strong>his</strong></span> 
     </span>
    </p>
   </div>
   <div class='ocr_carea' id='block_1_20' title="bbox 1058 302 1903 343">
    <p class='ocr_par' dir='ltr' id='par_1_20' title="bbox 1058 302 1903 343">
     <span class='ocr_line' id='line_1_20' title="bbox 1058 302 1903 343; baseline 0.001 -9"><span class='ocrx_word' id='word_1_130' title='bbox 1058 312 1126 342; x_wconf 62' lang='lat' dir='ltr'><strong>quas</strong></span> <span class='ocrx_word' id='word_1_131' title='bbox 1134 313 1215 334; x_wconf 89' lang='lat' dir='ltr'><strong>nunc</strong></span> <span class='ocrx_word' id='word_1_132' title='bbox 1224 303 1430 343; x_wconf 85' lang='lat' dir='ltr'><strong>agitis,sanum</strong></span> <span class='ocrx_word' id='word_1_133' title='bbox 1443 302 1628 343; x_wconf 85' lang='lat' dir='ltr'><strong>sapientibus</strong></span> <span class='ocrx_word' id='word_1_134' title='bbox 1636 303 1730 343; x_wconf 86' lang='lat' dir='ltr'><strong>palam</strong></span> <span class='ocrx_word' id='word_1_135' title='bbox 1740 307 1797 335; x_wconf 87' lang='lat' dir='ltr'><strong>est.</strong></span> <span class='ocrx_word' id='word_1_136' title='bbox 1810 305 1903 336; x_wconf 73' lang='lat' dir='ltr'><strong>Nam</strong></span> 
     </span>
    </p>
   </div>
   <div class='ocr_carea' id='block_1_21' title="bbox 1058 347 1902 388">
    <p class='ocr_par' dir='ltr' id='par_1_21' title="bbox 1058 347 1902 388">
     <span class='ocr_line' id='line_1_21' title="bbox 1058 347 1902 388; baseline 0.001 -9"><span class='ocrx_word' id='word_1_137' title='bbox 1058 357 1125 379; x_wconf 89' lang='lat' dir='ltr'><strong>cum</strong></span> <span class='ocrx_word' id='word_1_138' title='bbox 1138 347 1263 379; x_wconf 84' lang='lat' dir='ltr'><strong>videatis</strong></span> <span class='ocrx_word' id='word_1_139' title='bbox 1272 347 1479 388; x_wconf 81' lang='lat' dir='ltr'><strong>praedicatores</strong></span> <span class='ocrx_word' id='word_1_140' title='bbox 1489 347 1651 380; x_wconf 83' lang='lat' dir='ltr'><strong>voluntatis</strong></span> <span class='ocrx_word' id='word_1_141' title='bbox 1657 347 1711 379; x_wconf 85' lang='lat' dir='ltr'><strong>Dei</strong></span> <span class='ocrx_word' id='word_1_142' title='bbox 1716 348 1902 385; x_wconf 79' lang='lat' dir='ltr'><strong>advenisse,</strong></span> 
     </span>
    </p>
   </div>
   <div class='ocr_carea' id='block_1_22' title="bbox 1057 392 1902 433">
    <p class='ocr_par' dir='ltr' id='par_1_22' title="bbox 1057 392 1902 433">
     <span class='ocr_line' id='line_1_22' title="bbox 1057 392 1902 433; baseline 0.002 -10"><span class='ocrx_word' id='word_1_143' title='bbox 1057 393 1126 433; x_wconf 89' lang='lat' dir='ltr'><strong>quia</strong></span> <span class='ocrx_word' id='word_1_144' title='bbox 1141 392 1252 424; x_wconf 92' lang='lat' dir='ltr'><strong>nullam</strong></span> <span class='ocrx_word' id='word_1_145' title='bbox 1266 401 1365 424; x_wconf 87' lang='lat' dir='ltr'><strong>sermo</strong></span> <span class='ocrx_word' id='word_1_146' title='bbox 1382 401 1486 423; x_wconf 92' lang='lat' dir='ltr'><strong>eorum</strong></span> <span class='ocrx_word' id='word_1_147' title='bbox 1493 393 1695 432; x_wconf 66' lang='lat' dir='ltr'><strong>grammatica;</strong></span> <span class='ocrx_word' id='word_1_148' title='bbox 1702 393 1774 424; x_wconf 87' lang='lat' dir='ltr'><strong>artis</strong></span> <span class='ocrx_word' id='word_1_149' title='bbox 1782 394 1902 425; x_wconf 75' lang='lat' dir='ltr'><strong>scien-</strong></span> 
     </span>
    </p>
   </div>
   <div class='ocr_carea' id='block_1_23' title="bbox 1058 436 1901 478">
    <p class='ocr_par' dir='ltr' id='par_1_23' title="bbox 1058 436 1901 478">
     <span class='ocr_line' id='line_1_23' title="bbox 1058 436 1901 478; baseline 0.001 -10"><span class='ocrx_word' id='word_1_150' title='bbox 1058 437 1126 468; x_wconf 83' lang='lat' dir='ltr'><strong>tiam</strong></span> <span class='ocrx_word' id='word_1_151' title='bbox 1144 438 1309 478; x_wconf 82' lang='lat' dir='ltr'><strong>protitetur,</strong></span> <span class='ocrx_word' id='word_1_152' title='bbox 1320 436 1372 468; x_wconf 92' lang='lat' dir='ltr'><strong>sed</strong></span> <span class='ocrx_word' id='word_1_153' title='bbox 1390 437 1609 477; x_wconf 87' lang='lat' dir='ltr'><strong>simplicicibus</strong></span> <span class='ocrx_word' id='word_1_154' title='bbox 1620 442 1649 469; x_wconf 90' lang='lat' dir='ltr'><strong>et</strong></span> <span class='ocrx_word' id='word_1_155' title='bbox 1660 437 1803 478; x_wconf 88' lang='lat' dir='ltr'><strong>impolitis</strong></span> <span class='ocrx_word' id='word_1_156' title='bbox 1819 447 1901 469; x_wconf 80' lang='lat' dir='ltr'><strong>ser-</strong></span> 
     </span>
    </p>
   </div>
   <div class='ocr_carea' id='block_1_24' title="bbox 1058 481 1902 523">
    <p class='ocr_par' dir='ltr' id='par_1_24' title="bbox 1058 481 1902 523">
     <span class='ocr_line' id='line_1_24' title="bbox 1058 481 1902 523; baseline -0.001 -11"><span class='ocrx_word' id='word_1_157' title='bbox 1058 481 1195 513; x_wconf 88' lang='lat' dir='ltr'><strong>monibus</strong></span> <span class='ocrx_word' id='word_1_158' title='bbox 1218 482 1370 523; x_wconf 82' lang='lat' dir='ltr'><strong>perferunt</strong></span> <span class='ocrx_word' id='word_1_159' title='bbox 1387 482 1424 513; x_wconf 89' lang='lat' dir='ltr'><strong>ad</strong></span> <span class='ocrx_word' id='word_1_160' title='bbox 1435 491 1486 513; x_wconf 89' lang='lat' dir='ltr'><strong>vos</strong></span> <span class='ocrx_word' id='word_1_161' title='bbox 1504 481 1604 513; x_wconf 89' lang='lat' dir='ltr'><strong>divina</strong></span> <span class='ocrx_word' id='word_1_162' title='bbox 1631 482 1779 523; x_wconf 83' lang='lat' dir='ltr'><strong>mandata,</strong></span> <span class='ocrx_word' id='word_1_163' title='bbox 1797 483 1844 514; x_wconf 68' lang='lat' dir='ltr'><strong>ita</strong></span> <span class='ocrx_word' id='word_1_164' title='bbox 1861 484 1902 514; x_wconf 75' lang='lat' dir='ltr'><strong>ut</strong></span> 
     </span>
    </p>
   </div>
   <div class='ocr_carea' id='block_1_25' title="bbox 1059 526 1902 568">
    <p class='ocr_par' dir='ltr' id='par_1_25' title="bbox 1059 526 1902 568">
     <span class='ocr_line' id='line_1_25' title="bbox 1059 526 1902 568; baseline 0.002 -11"><span class='ocrx_word' id='word_1_165' title='bbox 1059 536 1163 558; x_wconf 92' lang='lat' dir='ltr'><strong>omnes</strong></span> <span class='ocrx_word' id='word_1_166' title='bbox 1172 526 1223 566; x_wconf 85' lang='lat' dir='ltr'><strong>qui</strong></span> <span class='ocrx_word' id='word_1_167' title='bbox 1239 526 1464 566; x_wconf 89' lang='lat' dir='ltr'><strong>audiunt,sequi</strong></span> <span class='ocrx_word' id='word_1_168' title='bbox 1477 527 1591 566; x_wconf 86' lang='lat' dir='ltr'><strong>possint</strong></span> <span class='ocrx_word' id='word_1_169' title='bbox 1602 529 1634 558; x_wconf 86' lang='lat' dir='ltr'><strong>et</strong></span> <span class='ocrx_word' id='word_1_170' title='bbox 1645 527 1810 567; x_wconf 80' lang='lat' dir='ltr'><strong>intelligere</strong></span> <span class='ocrx_word' id='word_1_171' title='bbox 1820 537 1902 568; x_wconf 69' lang='lat' dir='ltr'><strong>qua</strong></span> 
     </span>
    </p>
   </div>
   <div class='ocr_carea' id='block_1_26' title="bbox 1059 571 1897 610">
    <p class='ocr_par' dir='ltr' id='par_1_26' title="bbox 1059 571 1897 610">
     <span class='ocr_line' id='line_1_26' title="bbox 1059 571 1897 610; baseline 0.001 -8"><span class='ocrx_word' id='word_1_172' title='bbox 1059 571 1319 609; x_wconf 67' lang='lat' dir='ltr'><strong>dicunturgridetis</strong></span> <span class='ocrx_word' id='word_1_173' title='bbox 1326 571 1539 602; x_wconf 69' lang='lat' dir='ltr'><strong>salutisvestraa</strong></span> <span class='ocrx_word' id='word_1_174' title='bbox 1549 571 1701 603; x_wconf 87' lang='lat' dir='ltr'><strong>ministros</strong></span> <span class='ocrx_word' id='word_1_175' title='bbox 1711 576 1740 603; x_wconf 90' lang='lat' dir='ltr'><strong>et</strong></span> <span class='ocrx_word' id='word_1_176' title='bbox 1750 572 1897 610; x_wconf 85' lang='lat' dir='ltr'><strong>nuntios,</strong></span> 
     </span>
    </p>
   </div>
   <div class='ocr_carea' id='block_1_27' title="bbox 1059 615 1900 658">
    <p class='ocr_par' dir='ltr' id='par_1_27' title="bbox 1059 615 1900 658">
     <span class='ocr_line' id='line_1_27' title="bbox 1059 615 1900 658; baseline 0.002 -12"><span class='ocrx_word' id='word_1_177' title='bbox 1059 615 1230 655; x_wconf 84' lang='lat' dir='ltr'><strong>ignorantes</strong></span> <span class='ocrx_word' id='word_1_178' title='bbox 1243 616 1314 657; x_wconf 86' lang='lat' dir='ltr'><strong>quia</strong></span> <span class='ocrx_word' id='word_1_179' title='bbox 1324 619 1430 653; x_wconf 87' lang='lat' dir='ltr'><strong>vestra,</strong></span> <span class='ocrx_word' id='word_1_180' title='bbox 1444 615 1495 657; x_wconf 92' lang='lat' dir='ltr'><strong>qui</strong></span> <span class='ocrx_word' id='word_1_181' title='bbox 1511 615 1594 647; x_wconf 86' lang='lat' dir='ltr'><strong>vobis</strong></span> <span class='ocrx_word' id='word_1_182' title='bbox 1603 617 1691 656; x_wconf 89' lang='lat' dir='ltr'><strong>periti</strong></span> <span class='ocrx_word' id='word_1_183' title='bbox 1701 622 1732 648; x_wconf 86' lang='lat' dir='ltr'><strong>et</strong></span> <span class='ocrx_word' id='word_1_184' title='bbox 1742 617 1900 658; x_wconf 87' lang='lat' dir='ltr'><strong>eloquen-</strong></span> 
     </span>
    </p>
   </div>
   <div class='ocr_carea' id='block_1_28' title="bbox 1059 660 1898 702">
    <p class='ocr_par' dir='ltr' id='par_1_28' title="bbox 1059 660 1898 702">
     <span class='ocr_line' id='line_1_28' title="bbox 1059 660 1898 702; baseline 0.004 -11"><span class='ocrx_word' id='word_1_185' title='bbox 1059 665 1104 691; x_wconf 87' lang='lat' dir='ltr'><strong>tes</strong></span> <span class='ocrx_word' id='word_1_186' title='bbox 1117 660 1272 700; x_wconf 85' lang='lat' dir='ltr'><strong>videmini,</strong></span> <span class='ocrx_word' id='word_1_187' title='bbox 1287 661 1499 692; x_wconf 87' lang='lat' dir='ltr'><strong>condemnatio</strong></span> <span class='ocrx_word' id='word_1_188' title='bbox 1511 661 1649 702; x_wconf 82' lang='lat' dir='ltr'><strong>eet,quod</strong></span> <span class='ocrx_word' id='word_1_189' title='bbox 1660 662 1739 702; x_wconf 85' lang='lat' dir='ltr'><strong>apud</strong></span> <span class='ocrx_word' id='word_1_190' title='bbox 1751 666 1898 702; x_wconf 72' lang='lat' dir='ltr'><strong>agrestes</strong></span> 
     </span>
    </p>
   </div>
   <div class='ocr_carea' id='block_1_29' title="bbox 1059 705 1896 745">
    <p class='ocr_par' dir='ltr' id='par_1_29' title="bbox 1059 705 1896 745">
     <span class='ocr_line' id='line_1_29' title="bbox 1059 705 1896 745; baseline 0.002 -9"><span class='ocrx_word' id='word_1_191' title='bbox 1059 710 1088 736; x_wconf 86' lang='lat' dir='ltr'><strong>et</strong></span> <span class='ocrx_word' id='word_1_192' title='bbox 1104 705 1245 737; x_wconf 89' lang='lat' dir='ltr'><strong>barbaros</strong></span> <span class='ocrx_word' id='word_1_193' title='bbox 1261 705 1387 737; x_wconf 88' lang='lat' dir='ltr'><strong>habetur</strong></span> <span class='ocrx_word' id='word_1_194' title='bbox 1402 705 1533 737; x_wconf 82' lang='lat' dir='ltr'><strong>veritatis</strong></span> <span class='ocrx_word' id='word_1_195' title='bbox 1543 706 1665 745; x_wconf 75' lang='lat' dir='ltr'><strong>agnitio.</strong></span> <span class='ocrx_word' id='word_1_196' title='bbox 1680 707 1753 743; x_wconf 66' lang='lat' dir='ltr'><strong>Quae</strong></span> <span class='ocrx_word' id='word_1_197' title='bbox 1762 716 1833 737; x_wconf 89' lang='lat' dir='ltr'><strong>cum</strong></span> <span class='ocrx_word' id='word_1_198' title='bbox 1852 708 1896 739; x_wconf 81' lang='lat' dir='ltr'><strong>ad</strong></span> 
     </span>
    </p>
   </div>
   <div class='ocr_carea' id='block_1_30' title="bbox 1058 750 1898 792">
    <p class='ocr_par' dir='ltr' id='par_1_30' title="bbox 1058 750 1898 792">
     <span class='ocr_line' id='line_1_30' title="bbox 1058 750 1898 792; baseline 0.002 -11"><span class='ocrx_word' id='word_1_199' title='bbox 1058 759 1109 781; x_wconf 86' lang='lat' dir='ltr'><strong>vos</strong></span> <span class='ocrx_word' id='word_1_200' title='bbox 1124 750 1289 791; x_wconf 83' lang='lat' dir='ltr'><strong>advenerit,</strong></span> <span class='ocrx_word' id='word_1_201' title='bbox 1305 760 1361 782; x_wconf 91' lang='lat' dir='ltr'><strong>nec</strong></span> <span class='ocrx_word' id='word_1_202' title='bbox 1377 750 1461 791; x_wconf 91' lang='lat' dir='ltr'><strong>quasi</strong></span> <span class='ocrx_word' id='word_1_203' title='bbox 1479 751 1595 791; x_wconf 83' lang='lat' dir='ltr'><strong>hospita</strong></span> <span class='ocrx_word' id='word_1_204' title='bbox 1619 751 1791 792; x_wconf 86' lang='lat' dir='ltr'><strong>suscipitur,</strong></span> <span class='ocrx_word' id='word_1_205' title='bbox 1817 761 1898 792; x_wconf 73' lang='lat' dir='ltr'><strong>qua</strong></span> 
     </span>
    </p>
   </div>
   <div class='ocr_carea' id='block_1_31' title="bbox 1059 795 1895 837">
    <p class='ocr_par' dir='ltr' id='par_1_31' title="bbox 1059 795 1895 837">
     <span class='ocr_line' id='line_1_31' title="bbox 1059 795 1895 837; baseline 0.004 -12"><span class='ocrx_word' id='word_1_206' title='bbox 1059 795 1114 825; x_wconf 84' lang='lat' dir='ltr'><strong>nisi</strong></span> <span class='ocrx_word' id='word_1_207' title='bbox 1130 795 1358 835; x_wconf 82' lang='lat' dir='ltr'><strong>intemperantia</strong></span> <span class='ocrx_word' id='word_1_208' title='bbox 1368 800 1465 826; x_wconf 84' lang='lat' dir='ltr'><strong>vestra</strong></span> <span class='ocrx_word' id='word_1_209' title='bbox 1477 799 1506 826; x_wconf 90' lang='lat' dir='ltr'><strong>et</strong></span> <span class='ocrx_word' id='word_1_210' title='bbox 1520 795 1615 827; x_wconf 89' lang='lat' dir='ltr'><strong>libido</strong></span> <span class='ocrx_word' id='word_1_211' title='bbox 1628 796 1798 837; x_wconf 89' lang='lat' dir='ltr'><strong>obsisteret,</strong></span> <span class='ocrx_word' id='word_1_212' title='bbox 1809 797 1895 829; x_wconf 80' lang='lat' dir='ltr'><strong>civis</strong></span> 
     </span>
    </p>
   </div>
   <div class='ocr_carea' id='block_1_32' title="bbox 1059 842 1891 883">
    <p class='ocr_par' dir='ltr' id='par_1_32' title="bbox 1059 842 1891 883">
     <span class='ocr_line' id='line_1_32' title="bbox 1059 842 1891 883; baseline 0.004 -12"><span class='ocrx_word' id='word_1_213' title='bbox 1059 850 1126 873; x_wconf 88' lang='lat' dir='ltr'><strong>esse</strong></span> <span class='ocrx_word' id='word_1_214' title='bbox 1141 846 1170 872; x_wconf 90' lang='lat' dir='ltr'><strong>et</strong></span> <span class='ocrx_word' id='word_1_215' title='bbox 1185 842 1344 873; x_wconf 83' lang='lat' dir='ltr'><strong>vernacula</strong></span> <span class='ocrx_word' id='word_1_216' title='bbox 1355 842 1510 873; x_wconf 86' lang='lat' dir='ltr'><strong>debuisset</strong></span> <span class='ocrx_word' id='word_1_217' title='bbox 1527 852 1535 880; x_wconf 87' lang='lat'><strong>;</strong></span> <span class='ocrx_word' id='word_1_218' title='bbox 1549 845 1580 872; x_wconf 77' lang='lat' dir='ltr'><strong>ut</strong></span> <span class='ocrx_word' id='word_1_219' title='bbox 1595 851 1630 873; x_wconf 87' lang='lat' dir='ltr'><strong>ex</strong></span> <span class='ocrx_word' id='word_1_220' title='bbox 1645 843 1691 874; x_wconf 90' lang='lat' dir='ltr'><strong>his</strong></span> <span class='ocrx_word' id='word_1_221' title='bbox 1703 843 1891 883; x_wconf 80' lang='lat' dir='ltr'><strong>arguamini,</strong></span> 
     </span>
    </p>
   </div>
   <div class='ocr_carea' id='block_1_33' title="bbox 192 882 1896 928">
    <p class='ocr_par' dir='ltr' id='par_1_33' title="bbox 192 882 1896 928">
     <span class='ocr_line' id='line_1_33' title="bbox 192 882 1896 928; baseline 0.004 -16"><span class='ocrx_word' id='word_1_222' title='bbox 192 885 226 928; x_wconf 80' lang='lat' dir='ltr'><strong>ut</strong></span> <span class='ocrx_word' id='word_1_223' title='bbox 244 882 442 915; x_wconf 87' lang='lat' dir='ltr'><strong>deliramenta</strong></span> <span class='ocrx_word' id='word_1_224' title='bbox 456 885 586 925; x_wconf 77' lang='lat' dir='ltr'><strong>argutias</strong></span> <span class='ocrx_word' id='word_1_225' title='bbox 602 894 705 916; x_wconf 80' lang='lat' dir='ltr'><strong>earum</strong></span> <span class='ocrx_word' id='word_1_226' title='bbox 717 886 882 926; x_wconf 89' lang='lat' dir='ltr'><strong>ducens,ne</strong></span> <span class='ocrx_word' id='word_1_227' title='bbox 892 895 1015 926; x_wconf 86' lang='lat' dir='ltr'><strong>respon-</strong></span> <span class='ocrx_word' id='word_1_228' title='bbox 1028 898 1045 923; x_wconf 75' lang='grc' dir='ltr'><strong>Β</strong></span> <span class='ocrx_word' id='word_1_229' title='bbox 1057 885 1135 926; x_wconf 91' lang='lat' dir='ltr'><strong>quod</strong></span> <span class='ocrx_word' id='word_1_230' title='bbox 1149 896 1208 917; x_wconf 92' lang='lat' dir='ltr'><strong>non</strong></span> <span class='ocrx_word' id='word_1_231' title='bbox 1225 886 1357 917; x_wconf 89' lang='lat' dir='ltr'><strong>veritatis</strong></span> <span class='ocrx_word' id='word_1_232' title='bbox 1372 886 1460 917; x_wconf 88' lang='lat' dir='ltr'><strong>amici</strong></span> <span class='ocrx_word' id='word_1_233' title='bbox 1472 890 1501 917; x_wconf 91' lang='lat' dir='ltr'><strong>et</strong></span> <span class='ocrx_word' id='word_1_234' title='bbox 1513 886 1696 927; x_wconf 79' lang='lat' dir='ltr'><strong>philosophi,</strong></span> <span class='ocrx_word' id='word_1_235' title='bbox 1708 882 1761 918; x_wconf 82' lang='lat' dir='ltr'><strong>sed</strong></span> <span class='ocrx_word' id='word_1_236' title='bbox 1770 889 1896 928; x_wconf 78' lang='lat' dir='ltr'><strong>jactan-</strong></span> 
     </span>
    </p>
   </div>
   <div class='ocr_carea' id='block_1_34' title="bbox 193 926 1014 971">
    <p class='ocr_par' dir='ltr' id='par_1_34' title="bbox 193 926 1014 971">
     <span class='ocr_line' id='line_1_34' title="bbox 193 926 1014 971; baseline 0.005 -13"><span class='ocrx_word' id='word_1_237' title='bbox 193 926 277 958; x_wconf 89' lang='lat' dir='ltr'><strong>sione</strong></span> <span class='ocrx_word' id='word_1_238' title='bbox 293 929 413 966; x_wconf 85' lang='lat' dir='ltr'><strong>quidem</strong></span> <span class='ocrx_word' id='word_1_239' title='bbox 431 929 537 968; x_wconf 78' lang='lat' dir='ltr'><strong>dignos</strong></span> <span class='ocrx_word' id='word_1_240' title='bbox 548 930 771 970; x_wconf 85' lang='lat' dir='ltr'><strong>judicabat,sed</strong></span> <span class='ocrx_word' id='word_1_241' title='bbox 783 940 817 961; x_wconf 90' lang='lat' dir='ltr'><strong>ea</strong></span> <span class='ocrx_word' id='word_1_242' title='bbox 826 940 892 971; x_wconf 66' lang='lat' dir='ltr'><strong>quae</strong></span> <span class='ocrx_word' id='word_1_243' title='bbox 903 940 1014 971; x_wconf 90' lang='lat' dir='ltr'><strong>propo-</strong></span> 
     </span>
    </p>
   </div>
   <div class='ocr_carea' id='block_1_35' title="bbox 192 974 1016 1015">
    <p class='ocr_par' dir='ltr' id='par_1_35' title="bbox 192 974 1016 1015">
     <span class='ocr_line' id='line_1_35' title="bbox 192 974 1016 1015; baseline 0.006 -14"><span class='ocrx_word' id='word_1_244' title='bbox 192 976 301 1007; x_wconf 90' lang='lat' dir='ltr'><strong>suerat,</strong></span> <span class='ocrx_word' id='word_1_245' title='bbox 316 974 539 1014; x_wconf 83' lang='lat' dir='ltr'><strong>exsequebatur</strong></span> <span class='ocrx_word' id='word_1_246' title='bbox 554 975 730 1015; x_wconf 76' lang='lat' dir='ltr'><strong>intrepidus.</strong></span> <span class='ocrx_word' id='word_1_247' title='bbox 750 975 884 1015; x_wconf 90' lang='lat' dir='ltr'><strong>Denique</strong></span> <span class='ocrx_word' id='word_1_248' title='bbox 897 976 1016 1007; x_wconf 84' lang='lat' dir='ltr'><strong>cumlo-</strong></span> 
     </span>
    </p>
   </div>
   <div class='ocr_carea' id='block_1_36' title="bbox 193 1017 1016 1060">
    <p class='ocr_par' dir='ltr' id='par_1_36' title="bbox 193 1017 1016 1060">
     <span class='ocr_line' id='line_1_36' title="bbox 193 1017 1016 1060; baseline 0.006 -13"><span class='ocrx_word' id='word_1_249' title='bbox 193 1018 294 1056; x_wconf 89' lang='lat' dir='ltr'><strong>quenti</strong></span> <span class='ocrx_word' id='word_1_250' title='bbox 312 1017 339 1048; x_wconf 91' lang='lat' dir='ltr'><strong>ei</strong></span> <span class='ocrx_word' id='word_1_251' title='bbox 355 1018 473 1058; x_wconf 85' lang='lat' dir='ltr'><strong>quidam</strong></span> <span class='ocrx_word' id='word_1_252' title='bbox 491 1020 707 1060; x_wconf 81' lang='lat' dir='ltr'><strong>proposuisset,</strong></span> <span class='ocrx_word' id='word_1_253' title='bbox 718 1029 771 1050; x_wconf 90' lang='lat' dir='ltr'><strong>cur</strong></span> <span class='ocrx_word' id='word_1_254' title='bbox 785 1021 824 1051; x_wconf 87' lang='lat' dir='ltr'><strong>ita</strong></span> <span class='ocrx_word' id='word_1_255' title='bbox 836 1021 929 1051; x_wconf 82' lang='lat' dir='ltr'><strong>factus</strong></span> <span class='ocrx_word' id='word_1_256' title='bbox 938 1025 1016 1052; x_wconf 87' lang='lat' dir='ltr'><strong>esset</strong></span> 
     </span>
    </p>
   </div>
   <div class='ocr_carea' id='block_1_37' title="bbox 193 1061 1014 1105">
    <p class='ocr_par' dir='ltr' id='par_1_37' title="bbox 193 1061 1014 1105">
     <span class='ocr_line' id='line_1_37' title="bbox 193 1061 1014 1105; baseline 0.006 -14"><span class='ocrx_word' id='word_1_257' title='bbox 193 1061 276 1092; x_wconf 89' lang='lat' dir='ltr'><strong>culex</strong></span> <span class='ocrx_word' id='word_1_258' title='bbox 295 1062 366 1099; x_wconf 51' lang='grc' dir='ltr'><strong>(ἢ).</strong></span> <span class='ocrx_word' id='word_1_259' title='bbox 386 1068 415 1094; x_wconf 89' lang='lat' dir='ltr'><strong>ut</strong></span> <span class='ocrx_word' id='word_1_260' title='bbox 432 1073 499 1095; x_wconf 89' lang='lat' dir='ltr'><strong>cum</strong></span> <span class='ocrx_word' id='word_1_261' title='bbox 516 1065 672 1095; x_wconf 88' lang='lat' dir='ltr'><strong>sitanimal</strong></span> <span class='ocrx_word' id='word_1_262' title='bbox 686 1066 834 1105; x_wconf 80' lang='lat' dir='ltr'><strong>exiguum,</strong></span> <span class='ocrx_word' id='word_1_263' title='bbox 849 1069 877 1095; x_wconf 91' lang='lat' dir='ltr'><strong>et</strong></span> <span class='ocrx_word' id='word_1_264' title='bbox 891 1075 942 1096; x_wconf 88' lang='lat' dir='ltr'><strong>sex</strong></span> <span class='ocrx_word' id='word_1_265' title='bbox 959 1066 1014 1096; x_wconf 91' lang='lat' dir='ltr'><strong>ha-</strong></span> 
     </span>
    </p>
   </div>
   <div class='ocr_carea' id='block_1_38' title="bbox 192 1105 1015 1150">
    <p class='ocr_par' dir='ltr' id='par_1_38' title="bbox 192 1105 1015 1150">
     <span class='ocr_line' id='line_1_38' title="bbox 192 1105 1015 1150; baseline 0.005 -14"><span class='ocrx_word' id='word_1_266' title='bbox 192 1105 258 1137; x_wconf 90' lang='lat' dir='ltr'><strong>heat</strong></span> <span class='ocrx_word' id='word_1_267' title='bbox 275 1108 376 1146; x_wconf 83' lang='lat' dir='ltr'><strong>pedes,</strong></span> <span class='ocrx_word' id='word_1_268' title='bbox 394 1108 518 1148; x_wconf 75' lang='lat' dir='ltr'><strong>insuper</strong></span> <span class='ocrx_word' id='word_1_269' title='bbox 532 1109 641 1141; x_wconf 69' lang='lat' dir='ltr'><strong>additas</strong></span> <span class='ocrx_word' id='word_1_270' title='bbox 652 1110 711 1139; x_wconf 90' lang='lat' dir='ltr'><strong>sint</strong></span> <span class='ocrx_word' id='word_1_271' title='bbox 727 1110 753 1139; x_wconf 83' lang='lat' dir='ltr'><strong>ei</strong></span> <span class='ocrx_word' id='word_1_272' title='bbox 767 1110 1015 1150; x_wconf 64' lang='lat' dir='ltr'><strong>etalae,eleplian-</strong></span> 
     </span>
    </p>
   </div>
   <div class='ocr_carea' id='block_1_39' title="bbox 192 1153 1013 1193">
    <p class='ocr_par' dir='ltr' id='par_1_39' title="bbox 192 1153 1013 1193">
     <span class='ocr_line' id='line_1_39' title="bbox 192 1153 1013 1193; baseline 0.006 -12"><span class='ocrx_word' id='word_1_273' title='bbox 192 1156 240 1181; x_wconf 92' lang='lat' dir='ltr'><strong>tus</strong></span> <span class='ocrx_word' id='word_1_274' title='bbox 255 1161 323 1182; x_wconf 90' lang='lat' dir='ltr'><strong>vero</strong></span> <span class='ocrx_word' id='word_1_275' title='bbox 338 1162 403 1183; x_wconf 89' lang='lat' dir='ltr'><strong>cum</strong></span> <span class='ocrx_word' id='word_1_276' title='bbox 412 1153 448 1183; x_wconf 91' lang='lat' dir='ltr'><strong>sit</strong></span> <span class='ocrx_word' id='word_1_277' title='bbox 458 1154 587 1184; x_wconf 88' lang='lat' dir='ltr'><strong>immane</strong></span> <span class='ocrx_word' id='word_1_278' title='bbox 595 1155 704 1185; x_wconf 80' lang='lat' dir='ltr'><strong>animal</strong></span> <span class='ocrx_word' id='word_1_279' title='bbox 718 1164 814 1193; x_wconf 82' lang='lat' dir='ltr'><strong>neque</strong></span> <span class='ocrx_word' id='word_1_280' title='bbox 825 1155 885 1185; x_wconf 84' lang='lat' dir='ltr'><strong>alas</strong></span> <span class='ocrx_word' id='word_1_281' title='bbox 896 1155 1013 1192; x_wconf 83' lang='lat' dir='ltr'><strong>habeat,</strong></span> 
     </span>
    </p>
   </div>
   <div class='ocr_carea' id='block_1_40' title="bbox 191 1199 1008 1240">
    <p class='ocr_par' dir='ltr' id='par_1_40' title="bbox 191 1199 1008 1240">
     <span class='ocr_line' id='line_1_40' title="bbox 191 1199 1008 1240; baseline 0.006 -15"><span class='ocrx_word' id='word_1_282' title='bbox 191 1200 317 1236; x_wconf 88' lang='lat' dir='ltr'><strong>quatuor</strong></span> <span class='ocrx_word' id='word_1_283' title='bbox 333 1201 444 1228; x_wconf 86' lang='lat' dir='ltr'><strong>tantum</strong></span> <span class='ocrx_word' id='word_1_284' title='bbox 458 1199 547 1238; x_wconf 88' lang='lat' dir='ltr'><strong>pedes</strong></span> <span class='ocrx_word' id='word_1_285' title='bbox 562 1199 721 1230; x_wconf 71' lang='lat' dir='ltr'><strong>habeat&#39;ad</strong></span> <span class='ocrx_word' id='word_1_286' title='bbox 734 1199 796 1230; x_wconf 63' lang='lat' dir='ltr'><strong>hac</strong></span> <span class='ocrx_word' id='word_1_287' title='bbox 809 1199 858 1230; x_wconf 86' lang='lat' dir='ltr'><strong>ille</strong></span> <span class='ocrx_word' id='word_1_288' title='bbox 872 1209 908 1230; x_wconf 88' lang='lat' dir='ltr'><strong>ne</strong></span> <span class='ocrx_word' id='word_1_289' title='bbox 919 1200 1008 1240; x_wconf 89' lang='lat' dir='ltr'><strong>respi-</strong></span> 
     </span>
    </p>
   </div>
   <div class='ocr_carea' id='block_1_41' title="bbox 187 1241 1013 1284">
    <p class='ocr_par' dir='ltr' id='par_1_41' title="bbox 187 1241 1013 1284">
     <span class='ocr_line' id='line_1_41' title="bbox 187 1241 1013 1284; baseline 0.005 -13"><span class='ocrx_word' id='word_1_290' title='bbox 187 1241 270 1271; x_wconf 88' lang='lat' dir='ltr'><strong>ciens</strong></span> <span class='ocrx_word' id='word_1_291' title='bbox 284 1243 417 1283; x_wconf 84' lang='lat' dir='ltr'><strong>quidem,</strong></span> <span class='ocrx_word' id='word_1_292' title='bbox 434 1253 607 1274; x_wconf 88' lang='lat' dir='ltr'><strong>sermonem</strong></span> <span class='ocrx_word' id='word_1_293' title='bbox 623 1254 718 1275; x_wconf 89' lang='lat' dir='ltr'><strong>suum.</strong></span> <span class='ocrx_word' id='word_1_294' title='bbox 735 1254 823 1284; x_wconf 89' lang='lat' dir='ltr'><strong>quem</strong></span> <span class='ocrx_word' id='word_1_295' title='bbox 842 1245 1013 1284; x_wconf 89' lang='lat' dir='ltr'><strong>importuna</strong></span> 
     </span>
    </p>
   </div>
   <div class='ocr_carea' id='block_1_42' title="bbox 189 1287 1015 1329">
    <p class='ocr_par' dir='ltr' id='par_1_42' title="bbox 189 1287 1015 1329">
     <span class='ocr_line' id='line_1_42' title="bbox 189 1287 1015 1329; baseline 0.005 -13"><span class='ocrx_word' id='word_1_296' title='bbox 189 1287 350 1326; x_wconf 87' lang='lat' dir='ltr'><strong>propositio</strong></span> <span class='ocrx_word' id='word_1_297' title='bbox 363 1289 574 1329; x_wconf 83' lang='lat' dir='ltr'><strong>interruperat,</strong></span> <span class='ocrx_word' id='word_1_298' title='bbox 587 1291 758 1320; x_wconf 88' lang='lat' dir='ltr'><strong>continuata</strong></span> <span class='ocrx_word' id='word_1_299' title='bbox 768 1290 935 1320; x_wconf 87' lang='lat' dir='ltr'><strong>intentione</strong></span> <span class='ocrx_word' id='word_1_300' title='bbox 949 1300 1015 1328; x_wconf 86' lang='lat' dir='ltr'><strong>per-</strong></span> 
     </span>
    </p>
   </div>
   <div class='ocr_carea' id='block_1_43' title="bbox 186 1330 1013 1375">
    <p class='ocr_par' dir='ltr' id='par_1_43' title="bbox 186 1330 1013 1375">
     <span class='ocr_line' id='line_1_43' title="bbox 186 1330 1013 1375; baseline 0.007 -16"><span class='ocrx_word' id='word_1_301' title='bbox 186 1330 301 1368; x_wconf 77' lang='lat' dir='ltr'><strong>agebat,</strong></span> <span class='ocrx_word' id='word_1_302' title='bbox 320 1331 374 1363; x_wconf 89' lang='lat' dir='ltr'><strong>hac</strong></span> <span class='ocrx_word' id='word_1_303' title='bbox 384 1333 446 1363; x_wconf 87' lang='lat' dir='ltr'><strong>sola</strong></span> <span class='ocrx_word' id='word_1_304' title='bbox 462 1333 664 1364; x_wconf 86' lang='lat' dir='ltr'><strong>admonitione</strong></span> <span class='ocrx_word' id='word_1_305' title='bbox 675 1343 727 1374; x_wconf 91' lang='lat' dir='ltr'><strong>per</strong></span> <span class='ocrx_word' id='word_1_306' title='bbox 738 1335 868 1374; x_wconf 78' lang='lat' dir='ltr'><strong>singulas</strong></span> <span class='ocrx_word' id='word_1_307' title='bbox 881 1344 1013 1375; x_wconf 85' lang='lat' dir='ltr'><strong>quasque</strong></span> 
     </span>
    </p>
   </div>
   <div class='ocr_carea' id='block_1_44' title="bbox 187 1376 1014 1419">
    <p class='ocr_par' dir='ltr' id='par_1_44' title="bbox 187 1376 1014 1419">
     <span class='ocr_line' id='line_1_44' title="bbox 187 1376 1014 1419; baseline 0.005 -13"><span class='ocrx_word' id='word_1_308' title='bbox 187 1376 420 1416; x_wconf 87' lang='lat' dir='ltr'><strong>interruptiones</strong></span> <span class='ocrx_word' id='word_1_309' title='bbox 434 1377 534 1408; x_wconf 88' lang='lat' dir='ltr'><strong>addita</strong></span> <span class='ocrx_word' id='word_1_310' title='bbox 554 1389 560 1410; x_wconf 92' lang='lat'>:</span> <span class='ocrx_word' id='word_1_311' title='bbox 584 1379 643 1410; x_wconf 90' lang='lat' dir='ltr'><strong>Nos</strong></span> <span class='ocrx_word' id='word_1_312' title='bbox 655 1380 719 1419; x_wconf 83' lang='lat' dir='ltr'><strong>ejus</strong></span> <span class='ocrx_word' id='word_1_313' title='bbox 730 1380 779 1419; x_wconf 88' lang='lat' dir='ltr'><strong>qui</strong></span> <span class='ocrx_word' id='word_1_314' title='bbox 795 1379 875 1410; x_wconf 88' lang='lat' dir='ltr'><strong>misit</strong></span> <span class='ocrx_word' id='word_1_315' title='bbox 888 1389 940 1410; x_wconf 89' lang='lat' dir='ltr'><strong>nos</strong></span> <span class='ocrx_word' id='word_1_316' title='bbox 950 1389 1014 1411; x_wconf 91' lang='lat' dir='ltr'><strong>ver-</strong></span> 
     </span>
    </p>
   </div>
   <div class='ocr_carea' id='block_1_45' title="bbox 188 1419 1013 1461">
    <p class='ocr_par' dir='ltr' id='par_1_45' title="bbox 188 1419 1013 1461">
     <span class='ocr_line' id='line_1_45' title="bbox 188 1419 1013 1461; baseline 0.006 -11"><span class='ocrx_word' id='word_1_317' title='bbox 188 1419 224 1450; x_wconf 91' lang='lat' dir='ltr'><strong>ba</strong></span> <span class='ocrx_word' id='word_1_318' title='bbox 237 1420 372 1461; x_wconf 80' lang='lat' dir='ltr'><strong>factaque</strong></span> <span class='ocrx_word' id='word_1_319' title='bbox 383 1422 530 1453; x_wconf 87' lang='lat' dir='ltr'><strong>mirabilia</strong></span> <span class='ocrx_word' id='word_1_320' title='bbox 547 1424 725 1454; x_wconf 89' lang='lat' dir='ltr'><strong>annuntiare</strong></span> <span class='ocrx_word' id='word_1_321' title='bbox 741 1424 826 1454; x_wconf 91' lang='lat' dir='ltr'><strong>vobis</strong></span> <span class='ocrx_word' id='word_1_322' title='bbox 839 1425 867 1454; x_wconf 93' lang='lat' dir='ltr'><strong>in</strong></span> <span class='ocrx_word' id='word_1_323' title='bbox 892 1425 1013 1455; x_wconf 90' lang='lat' dir='ltr'><strong>manda-</strong></span> 
     </span>
    </p>
   </div>
   <div class='ocr_carea' id='block_1_46' title="bbox 188 1465 1013 1509">
    <p class='ocr_par' dir='ltr' id='par_1_46' title="bbox 188 1465 1013 1509">
     <span class='ocr_line' id='line_1_46' title="bbox 188 1465 1013 1509; baseline 0.005 -12"><span class='ocrx_word' id='word_1_324' title='bbox 188 1465 224 1497; x_wconf 91' lang='lat' dir='ltr'><strong>tis</strong></span> <span class='ocrx_word' id='word_1_325' title='bbox 238 1465 546 1508; x_wconf 83' lang='lat' dir='ltr'><strong>habemus,lidemque</strong></span> <span class='ocrx_word' id='word_1_326' title='bbox 557 1478 659 1499; x_wconf 83' lang='lat' dir='ltr'><strong>eorum</strong></span> <span class='ocrx_word' id='word_1_327' title='bbox 674 1479 738 1509; x_wconf 78' lang='lat' dir='ltr'><strong>quae</strong></span> <span class='ocrx_word' id='word_1_328' title='bbox 750 1468 887 1509; x_wconf 80' lang='lat' dir='ltr'><strong>dicimus,</strong></span> <span class='ocrx_word' id='word_1_329' title='bbox 904 1479 960 1500; x_wconf 91' lang='lat' dir='ltr'><strong>non</strong></span> <span class='ocrx_word' id='word_1_330' title='bbox 977 1479 1013 1501; x_wconf 86' lang='lat' dir='ltr'><strong>ex</strong></span> 
     </span>
    </p>
   </div>
   <div class='ocr_carea' id='block_1_47' title="bbox 1058 931 1893 972">
    <p class='ocr_par' dir='ltr' id='par_1_47' title="bbox 1058 931 1893 972">
     <span class='ocr_line' id='line_1_47' title="bbox 1058 931 1893 972; baseline 0.002 -11"><span class='ocrx_word' id='word_1_331' title='bbox 1058 931 1105 961; x_wconf 70' lang='lat' dir='ltr'><strong>tiae</strong></span> <span class='ocrx_word' id='word_1_332' title='bbox 1116 935 1289 969; x_wconf 86' lang='lat' dir='ltr'><strong>sectatores,</strong></span> <span class='ocrx_word' id='word_1_333' title='bbox 1300 936 1329 963; x_wconf 89' lang='lat' dir='ltr'><strong>et</strong></span> <span class='ocrx_word' id='word_1_334' title='bbox 1343 931 1489 972; x_wconf 85' lang='lat' dir='ltr'><strong>vaniloqui</strong></span> <span class='ocrx_word' id='word_1_335' title='bbox 1501 931 1583 969; x_wconf 85' lang='lat' dir='ltr'><strong>estis,</strong></span> <span class='ocrx_word' id='word_1_336' title='bbox 1595 932 1646 972; x_wconf 91' lang='lat' dir='ltr'><strong>qui</strong></span> <span class='ocrx_word' id='word_1_337' title='bbox 1657 933 1811 963; x_wconf 85' lang='lat' dir='ltr'><strong>veritatem</strong></span> <span class='ocrx_word' id='word_1_338' title='bbox 1824 943 1893 963; x_wconf 90' lang='lat' dir='ltr'><strong>non</strong></span> 
     </span>
    </p>
   </div>
   <div class='ocr_carea' id='block_1_48' title="bbox 1058 975 1894 1016">
    <p class='ocr_par' dir='ltr' id='par_1_48' title="bbox 1058 975 1894 1016">
     <span class='ocr_line' id='line_1_48' title="bbox 1058 975 1894 1016; baseline 0.004 -11"><span class='ocrx_word' id='word_1_339' title='bbox 1058 975 1087 1005; x_wconf 94' lang='lat' dir='ltr'><strong>in</strong></span> <span class='ocrx_word' id='word_1_340' title='bbox 1119 975 1307 1016; x_wconf 69' lang='lat' dir='ltr'><strong>simplicibus</strong></span> <span class='ocrx_word' id='word_1_341' title='bbox 1328 976 1437 1016; x_wconf 89' lang='lat' dir='ltr'><strong>verbis,</strong></span> <span class='ocrx_word' id='word_1_342' title='bbox 1455 976 1507 1007; x_wconf 86' lang='lat' dir='ltr'><strong>sed</strong></span> <span class='ocrx_word' id='word_1_343' title='bbox 1533 977 1562 1007; x_wconf 92' lang='lat' dir='ltr'><strong>in</strong></span> <span class='ocrx_word' id='word_1_344' title='bbox 1581 977 1705 1008; x_wconf 88' lang='lat' dir='ltr'><strong>versutis</strong></span> <span class='ocrx_word' id='word_1_345' title='bbox 1720 981 1749 1008; x_wconf 91' lang='lat' dir='ltr'><strong>et</strong></span> <span class='ocrx_word' id='word_1_346' title='bbox 1766 977 1894 1008; x_wconf 83' lang='lat' dir='ltr'><strong>callidis</strong></span> 
     </span>
    </p>
   </div>
   <div class='ocr_carea' id='block_1_49' title="bbox 1056 1020 1894 1062">
    <p class='ocr_par' dir='ltr' id='par_1_49' title="bbox 1056 1020 1894 1062">
     <span class='ocr_line' id='line_1_49' title="bbox 1056 1020 1894 1062; baseline 0.002 -11"><span class='ocrx_word' id='word_1_347' title='bbox 1056 1020 1178 1051; x_wconf 84' lang='lat' dir='ltr'><strong>creditis</strong></span> <span class='ocrx_word' id='word_1_348' title='bbox 1192 1020 1338 1061; x_wconf 85' lang='lat' dir='ltr'><strong>habitare,</strong></span> <span class='ocrx_word' id='word_1_349' title='bbox 1353 1025 1381 1052; x_wconf 88' lang='lat' dir='ltr'><strong>et</strong></span> <span class='ocrx_word' id='word_1_350' title='bbox 1393 1021 1624 1052; x_wconf 84' lang='lat' dir='ltr'><strong>innumerabilia</strong></span> <span class='ocrx_word' id='word_1_351' title='bbox 1640 1021 1799 1052; x_wconf 86' lang='lat' dir='ltr'><strong>verborum</strong></span> <span class='ocrx_word' id='word_1_352' title='bbox 1813 1032 1894 1062; x_wconf 69' lang='lat' dir='ltr'><strong>pro-</strong></span> 
     </span>
    </p>
   </div>
   <div class='ocr_carea' id='block_1_50' title="bbox 1056 1065 1891 1106">
    <p class='ocr_par' dir='ltr' id='par_1_50' title="bbox 1056 1065 1891 1106">
     <span class='ocr_line' id='line_1_50' title="bbox 1056 1065 1891 1106; baseline 0.004 -11"><span class='ocrx_word' id='word_1_353' title='bbox 1056 1065 1151 1102; x_wconf 79' lang='lat' dir='ltr'><strong>fertis,</strong></span> <span class='ocrx_word' id='word_1_354' title='bbox 1169 1065 1256 1096; x_wconf 88' lang='lat' dir='ltr'><strong>unius</strong></span> <span class='ocrx_word' id='word_1_355' title='bbox 1271 1065 1355 1096; x_wconf 87' lang='lat' dir='ltr'><strong>verbi</strong></span> <span class='ocrx_word' id='word_1_356' title='bbox 1374 1074 1561 1106; x_wconf 86' lang='lat' dir='ltr'><strong>nequaquam</strong></span> <span class='ocrx_word' id='word_1_357' title='bbox 1580 1066 1673 1105; x_wconf 86' lang='lat' dir='ltr'><strong>pretio</strong></span> <span class='ocrx_word' id='word_1_358' title='bbox 1693 1066 1891 1105; x_wconf 75' lang='lat' dir='ltr'><strong>pensitanda.</strong></span> 
     </span>
    </p>
   </div>
   <div class='ocr_carea' id='block_1_51' title="bbox 1057 1109 1895 1149">
    <p class='ocr_par' dir='ltr' id='par_1_51' title="bbox 1057 1109 1895 1149">
     <span class='ocr_line' id='line_1_51' title="bbox 1057 1109 1895 1149; baseline 0.004 -10"><span class='ocrx_word' id='word_1_359' title='bbox 1057 1109 1132 1146; x_wconf 85' lang='lat' dir='ltr'><strong>Quid</strong></span> <span class='ocrx_word' id='word_1_360' title='bbox 1150 1119 1219 1148; x_wconf 83' lang='lat' dir='ltr'><strong>ergo</strong></span> <span class='ocrx_word' id='word_1_361' title='bbox 1234 1111 1342 1149; x_wconf 87' lang='lat' dir='ltr'><strong>putatis</strong></span> <span class='ocrx_word' id='word_1_362' title='bbox 1356 1112 1488 1141; x_wconf 83' lang='lat' dir='ltr'><strong>futurum</strong></span> <span class='ocrx_word' id='word_1_363' title='bbox 1501 1111 1538 1141; x_wconf 92' lang='lat' dir='ltr'><strong>de</strong></span> <span class='ocrx_word' id='word_1_364' title='bbox 1564 1111 1658 1146; x_wconf 83' lang='lat' dir='ltr'><strong>vobis,</strong></span> <span class='ocrx_word' id='word_1_365' title='bbox 1675 1120 1726 1141; x_wconf 84' lang='lat' dir='ltr'><strong>vos</strong></span> <span class='ocrx_word' id='word_1_366' title='bbox 1741 1121 1757 1141; x_wconf 95' lang='grc' dir='ltr'><strong>ο</strong></span> <span class='ocrx_word' id='word_1_367' title='bbox 1784 1113 1895 1143; x_wconf 78' lang='lat' dir='ltr'><strong>omnis</strong></span> 
     </span>
    </p>
   </div>
   <div class='ocr_carea' id='block_1_52' title="bbox 1058 1154 1892 1195">
    <p class='ocr_par' dir='ltr' id='par_1_52' title="bbox 1058 1154 1892 1195">
     <span class='ocr_line' id='line_1_52' title="bbox 1058 1154 1892 1195; baseline 0.002 -10"><span class='ocrx_word' id='word_1_368' title='bbox 1058 1154 1144 1185; x_wconf 88' lang='lat' dir='ltr'><strong>turba</strong></span> <span class='ocrx_word' id='word_1_369' title='bbox 1162 1154 1343 1192; x_wconf 70' lang='lat' dir='ltr'><strong>Graecorum,</strong></span> <span class='ocrx_word' id='word_1_370' title='bbox 1354 1155 1379 1185; x_wconf 89' lang='lat' dir='ltr'><strong>si</strong></span> <span class='ocrx_word' id='word_1_371' title='bbox 1391 1155 1597 1195; x_wconf 87' lang='lat' dir='ltr'><strong>eriljudicium</strong></span> <span class='ocrx_word' id='word_1_372' title='bbox 1612 1155 1758 1192; x_wconf 87' lang='lat' dir='ltr'><strong>Dei,sicut</strong></span> <span class='ocrx_word' id='word_1_373' title='bbox 1770 1156 1827 1187; x_wconf 88' lang='lat' dir='ltr'><strong>iste</strong></span> <span class='ocrx_word' id='word_1_374' title='bbox 1836 1157 1892 1187; x_wconf 84' lang='lat' dir='ltr'><strong>di-</strong></span> 
     </span>
    </p>
   </div>
   <div class='ocr_carea' id='block_1_53' title="bbox 1056 1198 1892 1240">
    <p class='ocr_par' dir='ltr' id='par_1_53' title="bbox 1056 1198 1892 1240">
     <span class='ocr_line' id='line_1_53' title="bbox 1056 1198 1892 1240; baseline 0.004 -11"><span class='ocrx_word' id='word_1_375' title='bbox 1056 1198 1124 1229; x_wconf 80' lang='lat' dir='ltr'><strong>cit?</strong></span> <span class='ocrx_word' id='word_1_376' title='bbox 1150 1198 1208 1230; x_wconf 86' lang='lat' dir='ltr'><strong>Sed</strong></span> <span class='ocrx_word' id='word_1_377' title='bbox 1234 1209 1325 1240; x_wconf 81' lang='lat' dir='ltr'><strong>nunc,</strong></span> <span class='ocrx_word' id='word_1_378' title='bbox 1349 1200 1522 1231; x_wconf 91' lang='lat' dir='ltr'><strong>omittentes</strong></span> <span class='ocrx_word' id='word_1_379' title='bbox 1539 1200 1639 1231; x_wconf 87' lang='lat' dir='ltr'><strong>ridere</strong></span> <span class='ocrx_word' id='word_1_380' title='bbox 1661 1201 1692 1231; x_wconf 91' lang='lat' dir='ltr'><strong>iu</strong></span> <span class='ocrx_word' id='word_1_381' title='bbox 1720 1201 1892 1240; x_wconf 89' lang='lat' dir='ltr'><strong>perniciem</strong></span> 
     </span>
    </p>
   </div>
   <div class='ocr_carea' id='block_1_54' title="bbox 1056 1243 1894 1284">
    <p class='ocr_par' dir='ltr' id='par_1_54' title="bbox 1056 1243 1894 1284">
     <span class='ocr_line' id='line_1_54' title="bbox 1056 1243 1894 1284; baseline 0.005 -11"><span class='ocrx_word' id='word_1_382' title='bbox 1056 1243 1146 1274; x_wconf 83' lang='lat' dir='ltr'><strong>vestri</strong></span> <span class='ocrx_word' id='word_1_383' title='bbox 1163 1244 1258 1274; x_wconf 88' lang='lat' dir='ltr'><strong>virum</strong></span> <span class='ocrx_word' id='word_1_384' title='bbox 1274 1244 1366 1283; x_wconf 86' lang='lat' dir='ltr'><strong>hunc,</strong></span> <span class='ocrx_word' id='word_1_385' title='bbox 1392 1244 1573 1284; x_wconf 87' lang='lat' dir='ltr'><strong>respondeat</strong></span> <span class='ocrx_word' id='word_1_386' title='bbox 1598 1245 1670 1275; x_wconf 89' lang='lat' dir='ltr'><strong>mihi</strong></span> <span class='ocrx_word' id='word_1_387' title='bbox 1693 1246 1744 1283; x_wconf 90' lang='lat' dir='ltr'><strong>qui</strong></span> <span class='ocrx_word' id='word_1_388' title='bbox 1771 1246 1833 1276; x_wconf 89' lang='lat' dir='ltr'><strong>vult</strong></span> <span class='ocrx_word' id='word_1_389' title='bbox 1852 1256 1894 1277; x_wconf 74' lang='lat' dir='ltr'><strong>ex</strong></span> 
     </span>
    </p>
   </div>
   <div class='ocr_carea' id='block_1_55' title="bbox 1055 1288 1892 1329">
    <p class='ocr_par' dir='ltr' id='par_1_55' title="bbox 1055 1288 1892 1329">
     <span class='ocr_line' id='line_1_55' title="bbox 1055 1288 1892 1329; baseline 0.006 -12"><span class='ocrx_word' id='word_1_390' title='bbox 1055 1288 1147 1323; x_wconf 88' lang='lat' dir='ltr'><strong>vobis,</strong></span> <span class='ocrx_word' id='word_1_391' title='bbox 1163 1288 1302 1329; x_wconf 86' lang='lat' dir='ltr'><strong>quoniam</strong></span> <span class='ocrx_word' id='word_1_392' title='bbox 1314 1289 1435 1327; x_wconf 84' lang='lat' dir='ltr'><strong>quidem</strong></span> <span class='ocrx_word' id='word_1_393' title='bbox 1445 1289 1510 1319; x_wconf 87' lang='lat' dir='ltr'><strong>solo</strong></span> <span class='ocrx_word' id='word_1_394' title='bbox 1524 1289 1628 1320; x_wconf 80' lang='lat' dir='ltr'><strong>latratu</strong></span> <span class='ocrx_word' id='word_1_395' title='bbox 1638 1294 1734 1320; x_wconf 86' lang='lat' dir='ltr'><strong>vestro</strong></span> <span class='ocrx_word' id='word_1_396' title='bbox 1745 1289 1892 1322; x_wconf 59' lang='lat' dir='ltr'><strong>obturba‘</strong></span> 
     </span>
    </p>
   </div>
   <div class='ocr_carea' id='block_1_56' title="bbox 1058 1333 1894 1375">
    <p class='ocr_par' dir='ltr' id='par_1_56' title="bbox 1058 1333 1894 1375">
     <span class='ocr_line' id='line_1_56' title="bbox 1058 1333 1894 1375; baseline 0.006 -13"><span class='ocrx_word' id='word_1_397' title='bbox 1058 1333 1093 1363; x_wconf 91' lang='lat' dir='ltr'><strong>tis</strong></span> <span class='ocrx_word' id='word_1_398' title='bbox 1108 1334 1195 1363; x_wconf 87' lang='lat' dir='ltr'><strong>ctiam</strong></span> <span class='ocrx_word' id='word_1_399' title='bbox 1209 1342 1312 1363; x_wconf 91' lang='lat' dir='ltr'><strong>eorum</strong></span> <span class='ocrx_word' id='word_1_400' title='bbox 1330 1343 1430 1370; x_wconf 88' lang='lat' dir='ltr'><strong>aures,</strong></span> <span class='ocrx_word' id='word_1_401' title='bbox 1454 1334 1502 1374; x_wconf 93' lang='lat' dir='ltr'><strong>qui</strong></span> <span class='ocrx_word' id='word_1_402' title='bbox 1532 1334 1604 1365; x_wconf 88' lang='lat' dir='ltr'><strong>salvi</strong></span> <span class='ocrx_word' id='word_1_403' title='bbox 1619 1343 1686 1365; x_wconf 90' lang='lat' dir='ltr'><strong>esse</strong></span> <span class='ocrx_word' id='word_1_404' title='bbox 1711 1335 1825 1375; x_wconf 87' lang='lat' dir='ltr'><strong>volunt,</strong></span> <span class='ocrx_word' id='word_1_405' title='bbox 1858 1343 1894 1367; x_wconf 85' lang='lat' dir='ltr'><strong>et</strong></span> 
     </span>
    </p>
   </div>
   <div class='ocr_carea' id='block_1_57' title="bbox 1058 1378 1894 1418">
    <p class='ocr_par' dir='ltr' id='par_1_57' title="bbox 1058 1378 1894 1418">
     <span class='ocr_line' id='line_1_57' title="bbox 1058 1378 1894 1418; baseline 0.005 -11"><span class='ocrx_word' id='word_1_406' title='bbox 1058 1381 1171 1408; x_wconf 88' lang='lat' dir='ltr'><strong>mentes</strong></span> <span class='ocrx_word' id='word_1_407' title='bbox 1189 1387 1254 1418; x_wconf 65' lang='lat' dir='ltr'><strong>quae</strong></span> <span class='ocrx_word' id='word_1_408' title='bbox 1269 1378 1304 1408; x_wconf 87' lang='lat' dir='ltr'><strong>ad</strong></span> <span class='ocrx_word' id='word_1_409' title='bbox 1324 1378 1412 1409; x_wconf 78' lang='lat' dir='ltr'><strong>[idem</strong></span> <span class='ocrx_word' id='word_1_410' title='bbox 1431 1384 1540 1418; x_wconf 79' lang='lat' dir='ltr'><strong>paratae</strong></span> <span class='ocrx_word' id='word_1_411' title='bbox 1550 1383 1630 1416; x_wconf 81' lang='lat' dir='ltr'><strong>sunt,</strong></span> <span class='ocrx_word' id='word_1_412' title='bbox 1647 1379 1683 1409; x_wconf 88' lang='lat' dir='ltr'><strong>ad</strong></span> <span class='ocrx_word' id='word_1_413' title='bbox 1699 1379 1894 1411; x_wconf 86' lang='lat' dir='ltr'><strong>inﬁdelitatis</strong></span> 
     </span>
    </p>
   </div>
   <div class='ocr_carea' id='block_1_58' title="bbox 1056 1422 1892 1464">
    <p class='ocr_par' dir='ltr' id='par_1_58' title="bbox 1056 1422 1892 1464">
     <span class='ocr_line' id='line_1_58' title="bbox 1056 1422 1892 1464; baseline 0.004 -12"><span class='ocrx_word' id='word_1_414' title='bbox 1056 1422 1171 1462; x_wconf 89' lang='lat' dir='ltr'><strong>lapsum</strong></span> <span class='ocrx_word' id='word_1_415' title='bbox 1190 1422 1292 1454; x_wconf 79' lang='lat' dir='ltr'><strong>vestris</strong></span> <span class='ocrx_word' id='word_1_416' title='bbox 1303 1422 1563 1453; x_wconf 86' lang='lat' dir='ltr'><strong>obturbationibus</strong></span> <span class='ocrx_word' id='word_1_417' title='bbox 1576 1423 1744 1454; x_wconf 83' lang='lat' dir='ltr'><strong>declinatis:</strong></span> <span class='ocrx_word' id='word_1_418' title='bbox 1757 1434 1825 1464; x_wconf 65' lang='lat' dir='ltr'><strong>quas</strong></span> <span class='ocrx_word' id='word_1_419' title='bbox 1837 1435 1892 1455; x_wconf 85' lang='lat' dir='ltr'><strong>vo-</strong></span> 
     </span>
    </p>
   </div>
   <div class='ocr_carea' id='block_1_59' title="bbox 1056 1466 1888 1508">
    <p class='ocr_par' dir='ltr' id='par_1_59' title="bbox 1056 1466 1888 1508">
     <span class='ocr_line' id='line_1_59' title="bbox 1056 1466 1888 1508; baseline 0.004 -12"><span class='ocrx_word' id='word_1_420' title='bbox 1056 1466 1102 1497; x_wconf 89' lang='lat' dir='ltr'><strong>bis</strong></span> <span class='ocrx_word' id='word_1_421' title='bbox 1118 1467 1174 1497; x_wconf 91' lang='lat' dir='ltr'><strong>erit</strong></span> <span class='ocrx_word' id='word_1_422' title='bbox 1190 1476 1320 1507; x_wconf 87' lang='lat' dir='ltr'><strong>unquam</strong></span> <span class='ocrx_word' id='word_1_423' title='bbox 1348 1468 1449 1507; x_wconf 88' lang='lat' dir='ltr'><strong>venia,</strong></span> <span class='ocrx_word' id='word_1_424' title='bbox 1464 1468 1514 1508; x_wconf 89' lang='lat' dir='ltr'><strong>qui</strong></span> <span class='ocrx_word' id='word_1_425' title='bbox 1544 1468 1712 1498; x_wconf 86' lang='lat' dir='ltr'><strong>Divinitatis</strong></span> <span class='ocrx_word' id='word_1_426' title='bbox 1733 1474 1888 1506; x_wconf 80' lang='lat' dir='ltr'><strong>nuntium,</strong></span> 
     </span>
    </p>
   </div>
   <div class='ocr_carea' id='block_1_60' title="bbox 187 1511 1891 1555">
    <p class='ocr_par' dir='ltr' id='par_1_60' title="bbox 187 1511 1891 1555">
     <span class='ocr_line' id='line_1_60' title="bbox 187 1511 1891 1555; baseline 0.001 -12"><span class='ocrx_word' id='word_1_427' title='bbox 187 1511 369 1549; x_wconf 76' lang='lat' dir='ltr'><strong>argumentis</strong></span> <span class='ocrx_word' id='word_1_428' title='bbox 384 1516 448 1543; x_wconf 83' lang='lat' dir='ltr'><strong>arte</strong></span> <span class='ocrx_word' id='word_1_429' title='bbox 464 1513 607 1554; x_wconf 62' lang='lat' dir='ltr'><strong>quaesitis,</strong></span> <span class='ocrx_word' id='word_1_430' title='bbox 625 1514 677 1544; x_wconf 85' lang='lat' dir='ltr'><strong>sed</strong></span> <span class='ocrx_word' id='word_1_431' title='bbox 693 1524 727 1544; x_wconf 76' lang='lat' dir='ltr'><strong>ex</strong></span> <span class='ocrx_word' id='word_1_432' title='bbox 754 1514 835 1544; x_wconf 90' lang='lat' dir='ltr'><strong>vobis</strong></span> <span class='ocrx_word' id='word_1_433' title='bbox 851 1514 923 1554; x_wconf 89' lang='lat' dir='ltr'><strong>ipsis</strong></span> <span class='ocrx_word' id='word_1_434' title='bbox 942 1524 1012 1555; x_wconf 89' lang='lat' dir='ltr'><strong>pro-</strong></span> <span class='ocrx_word' id='word_1_435' title='bbox 1025 1549 1042 1555; x_wconf 81' lang='lat'>_</span> <span class='ocrx_word' id='word_1_436' title='bbox 1057 1511 1277 1551; x_wconf 88' lang='lat' dir='ltr'><strong>promittentem</strong></span> <span class='ocrx_word' id='word_1_437' title='bbox 1296 1512 1381 1543; x_wconf 88' lang='lat' dir='ltr'><strong>uobis</strong></span> <span class='ocrx_word' id='word_1_438' title='bbox 1398 1512 1580 1551; x_wconf 80' lang='lat' dir='ltr'><strong>agnitionem</strong></span> <span class='ocrx_word' id='word_1_439' title='bbox 1595 1513 1660 1552; x_wconf 86' lang='lat' dir='ltr'><strong>Dei,</strong></span> <span class='ocrx_word' id='word_1_440' title='bbox 1677 1514 1780 1544; x_wconf 89' lang='lat' dir='ltr'><strong>ridetis</strong></span> <span class='ocrx_word' id='word_1_441' title='bbox 1796 1519 1826 1544; x_wconf 90' lang='lat' dir='ltr'><strong>et</strong></span> <span class='ocrx_word' id='word_1_442' title='bbox 1842 1515 1891 1545; x_wconf 90' lang='lat' dir='ltr'><strong>in-</strong></span> 
     </span>
    </p>
   </div>
   <div class='ocr_carea' id='block_1_61' title="bbox 187 1549 1892 1599">
    <p class='ocr_par' dir='ltr' id='par_1_61' title="bbox 187 1549 1892 1599">
     <span class='ocr_line' id='line_1_61' title="bbox 187 1549 1892 1599; baseline 0.004 -16"><span class='ocrx_word' id='word_1_443' title='bbox 187 1554 416 1587; x_wconf 81' lang='lat' dir='ltr'><strong>ductisteslibus</strong></span> <span class='ocrx_word' id='word_1_444' title='bbox 429 1549 619 1589; x_wconf 70' lang='lat' dir='ltr'><strong>conﬁrmaré.</strong></span> <span class='ocrx_word' id='word_1_445' title='bbox 631 1559 765 1598; x_wconf 69' lang='lat' dir='ltr'><strong>Agnosco</strong></span> <span class='ocrx_word' id='word_1_446' title='bbox 776 1559 854 1590; x_wconf 81' lang='lat' dir='ltr'><strong>enim</strong></span> <span class='ocrx_word' id='word_1_447' title='bbox 862 1549 1013 1599; x_wconf 60' lang='lat' dir='ltr'><strong>plurimos</strong></span> <span class='ocrx_word' id='word_1_448' title='bbox 1023 1549 1142 1596; x_wconf 73' lang='lat' dir='ltr'><strong>cjuriis</strong></span> <span class='ocrx_word' id='word_1_449' title='bbox 1152 1557 1268 1587; x_wconf 87' lang='lat' dir='ltr'><strong>allicitis</strong></span> <span class='ocrx_word' id='word_1_450' title='bbox 1281 1557 1293 1586; x_wconf 66' lang='grc' dir='ltr'><em>ἲ</em></span> <span class='ocrx_word' id='word_1_451' title='bbox 1307 1566 1395 1595; x_wconf 86' lang='lat' dir='ltr'><strong>quem</strong></span> <span class='ocrx_word' id='word_1_452' title='bbox 1411 1549 1512 1597; x_wconf 84' lang='lat' dir='ltr'><strong>utique</strong></span> <span class='ocrx_word' id='word_1_453' title='bbox 1526 1558 1640 1587; x_wconf 85' lang='lat' dir='ltr'><strong>etiamsi</strong></span> <span class='ocrx_word' id='word_1_454' title='bbox 1652 1549 1727 1589; x_wconf 77' lang='lat' dir='ltr'><strong>nihil</strong></span> <span class='ocrx_word' id='word_1_455' title='bbox 1751 1559 1892 1590; x_wconf 87' lang='lat' dir='ltr'><strong>veritatis</strong></span> 
     </span>
    </p>
   </div>
   <div class='ocr_carea' id='block_1_62' title="bbox 186 1600 1012 1644">
    <p class='ocr_par' dir='ltr' id='par_1_62' title="bbox 186 1600 1012 1644">
     <span class='ocr_line' id='line_1_62' title="bbox 186 1600 1012 1644; baseline 0.006 -15"><span class='ocrx_word' id='word_1_456' title='bbox 186 1603 281 1631; x_wconf 85' lang='lat' dir='ltr'><strong>astare</strong></span> <span class='ocrx_word' id='word_1_457' title='bbox 296 1600 326 1631; x_wconf 92' lang='lat' dir='ltr'><strong>in</strong></span> <span class='ocrx_word' id='word_1_458' title='bbox 344 1601 441 1633; x_wconf 88' lang='lat' dir='ltr'><strong>medio</strong></span> <span class='ocrx_word' id='word_1_459' title='bbox 452 1607 581 1633; x_wconf 89' lang='lat' dir='ltr'><strong>vestrum</strong></span> <span class='ocrx_word' id='word_1_460' title='bbox 589 1613 624 1634; x_wconf 82' lang='lat' dir='ltr'><strong>ex</strong></span> <span class='ocrx_word' id='word_1_461' title='bbox 638 1604 772 1644; x_wconf 83' lang='lat' dir='ltr'><strong>liis,quos</strong></span> <span class='ocrx_word' id='word_1_462' title='bbox 786 1613 844 1633; x_wconf 90' lang='lat' dir='ltr'><strong>una</strong></span> <span class='ocrx_word' id='word_1_463' title='bbox 856 1604 1012 1635; x_wconf 91' lang='lat' dir='ltr'><strong>nobiscum</strong></span> 
     </span>
    </p>
   </div>
   <div class='ocr_carea' id='block_1_63' title="bbox 1056 1600 1891 1644">
    <p class='ocr_par' dir='ltr' id='par_1_63' title="bbox 1056 1601 1891 1644">
     <span class='ocr_line' id='line_1_63' title="bbox 1056 1601 1891 1644; baseline 0.005 -13"><span class='ocrx_word' id='word_1_464' title='bbox 1056 1601 1185 1638; x_wconf 85' lang='lat' dir='ltr'><strong>atl&#39;erret,</strong></span> <span class='ocrx_word' id='word_1_465' title='bbox 1206 1612 1256 1640; x_wconf 90' lang='lat' dir='ltr'><strong>pro</strong></span> <span class='ocrx_word' id='word_1_466' title='bbox 1277 1604 1339 1641; x_wconf 85' lang='lat' dir='ltr'><strong>ipso</strong></span> <span class='ocrx_word' id='word_1_467' title='bbox 1359 1607 1457 1632; x_wconf 85' lang='lat' dir='ltr'><strong>tamen</strong></span> <span class='ocrx_word' id='word_1_468' title='bbox 1477 1602 1666 1641; x_wconf 71' lang='lat' dir='ltr'><strong>benignitatis</strong></span> <span class='ocrx_word' id='word_1_469' title='bbox 1677 1612 1746 1642; x_wconf 79' lang='lat' dir='ltr'><strong>erga</strong></span> <span class='ocrx_word' id='word_1_470' title='bbox 1757 1613 1807 1633; x_wconf 90' lang='lat' dir='ltr'><strong>vos</strong></span> <span class='ocrx_word' id='word_1_471' title='bbox 1819 1614 1891 1644; x_wconf 85' lang='lat' dir='ltr'><strong>pro-</strong></span> 
     </span>
    </p>
   </div>
   <div class='ocr_carea' id='block_1_64' title="bbox 189 1645 1011 1689">
    <p class='ocr_par' dir='ltr' id='par_1_64' title="bbox 189 1645 1011 1689">
     <span class='ocr_line' id='line_1_64' title="bbox 189 1645 1011 1689; baseline 0.007 -15"><span class='ocrx_word' id='word_1_472' title='bbox 189 1645 312 1689; x_wconf 87' lang='lat' dir='ltr'><strong>memini</strong></span> <span class='ocrx_word' id='word_1_473' title='bbox 325 1646 444 1677; x_wconf 86' lang='lat' dir='ltr'><strong>audisse</strong></span> <span class='ocrx_word' id='word_1_474' title='bbox 455 1657 522 1686; x_wconf 62' lang='lat' dir='ltr'><strong>qua;</strong></span> <span class='ocrx_word' id='word_1_475' title='bbox 532 1648 712 1689; x_wconf 90' lang='lat' dir='ltr'><strong>audivimus,</strong></span> <span class='ocrx_word' id='word_1_476' title='bbox 726 1653 753 1678; x_wconf 91' lang='lat' dir='ltr'><strong>et</strong></span> <span class='ocrx_word' id='word_1_477' title='bbox 769 1648 879 1679; x_wconf 89' lang='lat' dir='ltr'><strong>vidisse</strong></span> <span class='ocrx_word' id='word_1_478' title='bbox 891 1658 957 1688; x_wconf 65' lang='lat' dir='ltr'><strong>qua;</strong></span> <span class='ocrx_word' id='word_1_479' title='bbox 967 1648 1011 1680; x_wconf 88' lang='lat' dir='ltr'><strong>vi-</strong></span> 
     </span>
    </p>
   </div>
   <div class='ocr_carea' id='block_1_65' title="bbox 188 1688 1014 1733">
    <p class='ocr_par' dir='ltr' id='par_1_65' title="bbox 188 1688 1014 1733">
     <span class='ocr_line' id='line_1_65' title="bbox 188 1688 1014 1733; baseline 0.007 -15"><span class='ocrx_word' id='word_1_480' title='bbox 188 1688 297 1720; x_wconf 82' lang='lat' dir='ltr'><strong>dimus.</strong></span> <span class='ocrx_word' id='word_1_481' title='bbox 311 1688 354 1721; x_wconf 89' lang='lat' dir='ltr'><strong>Sit</strong></span> <span class='ocrx_word' id='word_1_482' title='bbox 369 1696 467 1722; x_wconf 89' lang='lat' dir='ltr'><strong>autem</strong></span> <span class='ocrx_word' id='word_1_483' title='bbox 483 1692 512 1722; x_wconf 93' lang='lat' dir='ltr'><strong>in</strong></span> <span class='ocrx_word' id='word_1_484' title='bbox 530 1699 627 1724; x_wconf 89' lang='lat' dir='ltr'><strong>vestra</strong></span> <span class='ocrx_word' id='word_1_485' title='bbox 642 1697 796 1733; x_wconf 83' lang='lat' dir='ltr'><strong>potestate,</strong></span> <span class='ocrx_word' id='word_1_486' title='bbox 814 1693 859 1724; x_wconf 91' lang='lat' dir='ltr'><strong>vel</strong></span> <span class='ocrx_word' id='word_1_487' title='bbox 878 1693 1014 1733; x_wconf 83' lang='lat' dir='ltr'><strong>recipere</strong></span> 
     </span>
    </p>
   </div>
   <div class='ocr_carea' id='block_1_66' title="bbox 187 1737 1013 1778">
    <p class='ocr_par' dir='ltr' id='par_1_66' title="bbox 187 1737 1013 1778">
     <span class='ocr_line' id='line_1_66' title="bbox 187 1737 1013 1778; baseline 0.007 -15"><span class='ocrx_word' id='word_1_488' title='bbox 187 1742 252 1773; x_wconf 69' lang='lat' dir='ltr'><strong>qua:</strong></span> <span class='ocrx_word' id='word_1_489' title='bbox 267 1737 489 1773; x_wconf 88' lang='lat' dir='ltr'><strong>annuntiamus,</strong></span> <span class='ocrx_word' id='word_1_490' title='bbox 499 1737 542 1768; x_wconf 85' lang='lat' dir='ltr'><strong>vel</strong></span> <span class='ocrx_word' id='word_1_491' title='bbox 553 1739 771 1778; x_wconf 88' lang='lat' dir='ltr'><strong>spernere.Nos</strong></span> <span class='ocrx_word' id='word_1_492' title='bbox 780 1738 860 1769; x_wconf 89' lang='lat' dir='ltr'><strong>enim</strong></span> <span class='ocrx_word' id='word_1_493' title='bbox 873 1740 954 1778; x_wconf 86' lang='lat' dir='ltr'><strong>quod</strong></span> <span class='ocrx_word' id='word_1_494' title='bbox 967 1748 1013 1769; x_wconf 86' lang='lat' dir='ltr'><strong>ex-</strong></span> 
     </span>
    </p>
   </div>
   <div class='ocr_carea' id='block_1_67' title="bbox 188 1779 1014 1824">
    <p class='ocr_par' dir='ltr' id='par_1_67' title="bbox 188 1779 1014 1824">
     <span class='ocr_line' id='line_1_67' title="bbox 188 1779 1014 1824; baseline 0.005 -15"><span class='ocrx_word' id='word_1_495' title='bbox 188 1779 290 1824; x_wconf 84' lang='lat' dir='ltr'><strong>pedire</strong></span> <span class='ocrx_word' id='word_1_496' title='bbox 302 1780 385 1811; x_wconf 86' lang='lat' dir='ltr'><strong>vobis</strong></span> <span class='ocrx_word' id='word_1_497' title='bbox 399 1782 546 1822; x_wconf 87' lang='lat' dir='ltr'><strong>novimus,</strong></span> <span class='ocrx_word' id='word_1_498' title='bbox 565 1787 664 1814; x_wconf 87' lang='lat' dir='ltr'><strong>tacere</strong></span> <span class='ocrx_word' id='word_1_499' title='bbox 680 1792 738 1813; x_wconf 93' lang='lat' dir='ltr'><strong>non</strong></span> <span class='ocrx_word' id='word_1_500' title='bbox 755 1791 926 1823; x_wconf 55' lang='lat' dir='ltr'><strong>possumus,</strong></span> <span class='ocrx_word' id='word_1_501' title='bbox 944 1783 1014 1824; x_wconf 85' lang='lat' dir='ltr'><strong>quia</strong></span> 
     </span>
    </p>
   </div>
   <div class='ocr_carea' id='block_1_68' title="bbox 187 1822 1014 1867">
    <p class='ocr_par' dir='ltr' id='par_1_68' title="bbox 187 1822 1014 1867">
     <span class='ocr_line' id='line_1_68' title="bbox 187 1822 1014 1867; baseline 0.006 -13"><span class='ocrx_word' id='word_1_502' title='bbox 187 1822 285 1862; x_wconf 91' lang='lat' dir='ltr'><strong>nobis,</strong></span> <span class='ocrx_word' id='word_1_503' title='bbox 303 1825 327 1856; x_wconf 93' lang='lat' dir='ltr'><strong>si</strong></span> <span class='ocrx_word' id='word_1_504' title='bbox 345 1830 508 1865; x_wconf 79' lang='lat' dir='ltr'><strong>taceam-is,</strong></span> <span class='ocrx_word' id='word_1_505' title='bbox 521 1827 662 1858; x_wconf 92' lang='lat' dir='ltr'><strong>damnum</strong></span> <span class='ocrx_word' id='word_1_506' title='bbox 678 1833 735 1867; x_wconf 85' lang='lat' dir='ltr'><strong>est,</strong></span> <span class='ocrx_word' id='word_1_507' title='bbox 751 1822 833 1858; x_wconf 83' lang='lat' dir='ltr'><strong>vobis</strong></span> <span class='ocrx_word' id='word_1_508' title='bbox 848 1838 929 1865; x_wconf 85' lang='lat' dir='ltr'><strong>vero,</strong></span> <span class='ocrx_word' id='word_1_509' title='bbox 947 1822 1014 1866; x_wconf 77' lang='lat' dir='ltr'><strong>qum</strong></span> 
     </span>
    </p>
   </div>
   <div class='ocr_carea' id='block_1_69' title="bbox 185 1868 1013 1912">
    <p class='ocr_par' dir='ltr' id='par_1_69' title="bbox 185 1868 1013 1912">
     <span class='ocr_line' id='line_1_69' title="bbox 185 1868 1013 1912; baseline 0.007 -14"><span class='ocrx_word' id='word_1_510' title='bbox 185 1868 324 1910; x_wconf 79' lang='lat' dir='ltr'><strong>dicimus,</strong></span> <span class='ocrx_word' id='word_1_511' title='bbox 339 1870 363 1901; x_wconf 89' lang='lat' dir='ltr'><strong>si</strong></span> <span class='ocrx_word' id='word_1_512' title='bbox 380 1881 439 1902; x_wconf 90' lang='lat' dir='ltr'><strong>non</strong></span> <span class='ocrx_word' id='word_1_513' title='bbox 455 1872 617 1912; x_wconf 83' lang='lat' dir='ltr'><strong>recipiatis,</strong></span> <span class='ocrx_word' id='word_1_514' title='bbox 630 1872 790 1912; x_wconf 87' lang='lat' dir='ltr'><strong>pernicies.</strong></span> <span class='ocrx_word' id='word_1_515' title='bbox 803 1873 860 1904; x_wconf 79' lang='lat' dir='ltr'><strong>Sed</strong></span> <span class='ocrx_word' id='word_1_516' title='bbox 874 1877 901 1903; x_wconf 67' lang='lat' dir='ltr'><strong>et</strong></span> <span class='ocrx_word' id='word_1_517' title='bbox 914 1873 1013 1905; x_wconf 91' lang='lat' dir='ltr'><strong>stultis</strong></span> 
     </span>
    </p>
   </div>
   <div class='ocr_carea' id='block_1_70' title="bbox 186 1916 1011 1959">
    <p class='ocr_par' dir='ltr' id='par_1_70' title="bbox 186 1916 1011 1959">
     <span class='ocr_line' id='line_1_70' title="bbox 186 1916 1011 1959; baseline 0.006 -15"><span class='ocrx_word' id='word_1_518' title='bbox 186 1916 435 1955; x_wconf 85' lang='lat' dir='ltr'><strong>propositionibus</strong></span> <span class='ocrx_word' id='word_1_519' title='bbox 452 1917 556 1948; x_wconf 90' lang='lat' dir='ltr'><strong>vestris</strong></span> <span class='ocrx_word' id='word_1_520' title='bbox 572 1919 754 1958; x_wconf 86' lang='lat' dir='ltr'><strong>respondere</strong></span> <span class='ocrx_word' id='word_1_521' title='bbox 778 1918 918 1959; x_wconf 69' lang='lat' dir='ltr'><strong>perfacile</strong></span> <span class='ocrx_word' id='word_1_522' title='bbox 940 1927 1011 1957; x_wconf 82' lang='lat' dir='ltr'><strong>pos-</strong></span> 
     </span>
    </p>
   </div>
   <div class='ocr_carea' id='block_1_71' title="bbox 185 1960 997 2005">
    <p class='ocr_par' dir='ltr' id='par_1_71' title="bbox 185 1960 997 2005">
     <span class='ocr_line' id='line_1_71' title="bbox 185 1960 997 2005; baseline 0.006 -15"><span class='ocrx_word' id='word_1_523' title='bbox 185 1960 252 1998; x_wconf 91' lang='lat' dir='ltr'><strong>sim,</strong></span> <span class='ocrx_word' id='word_1_524' title='bbox 263 1962 289 1992; x_wconf 92' lang='lat' dir='ltr'><strong>si</strong></span> <span class='ocrx_word' id='word_1_525' title='bbox 300 1962 435 1994; x_wconf 82' lang='lat' dir='ltr'><strong>veritatis</strong></span> <span class='ocrx_word' id='word_1_526' title='bbox 445 1964 597 1995; x_wconf 64' lang='lat' dir='ltr'><strong>discendae</strong></span> <span class='ocrx_word' id='word_1_527' title='bbox 610 1974 698 1995; x_wconf 86' lang='lat' dir='ltr'><strong>causa</strong></span> <span class='ocrx_word' id='word_1_528' title='bbox 708 1964 931 2005; x_wconf 72' lang='lat' dir='ltr'><strong>qurereretis,de</strong></span> <span class='ocrx_word' id='word_1_529' title='bbox 939 1964 997 1995; x_wconf 87' lang='lat' dir='ltr'><strong>culi</strong></span> 
     </span>
    </p>
   </div>
   <div class='ocr_carea' id='block_1_72' title="bbox 186 2006 1016 2048">
    <p class='ocr_par' dir='ltr' id='par_1_72' title="bbox 186 2006 1016 2048">
     <span class='ocr_line' id='line_1_72' title="bbox 186 2006 1016 2048; baseline 0.005 -12"><span class='ocrx_word' id='word_1_530' title='bbox 186 2006 229 2036; x_wconf 91' lang='lat' dir='ltr'><strong>cis</strong></span> <span class='ocrx_word' id='word_1_531' title='bbox 241 2006 307 2037; x_wconf 82' lang='lat' dir='ltr'><strong>dico</strong></span> <span class='ocrx_word' id='word_1_532' title='bbox 318 2012 405 2048; x_wconf 85' lang='lat' dir='ltr'><strong>atque</strong></span> <span class='ocrx_word' id='word_1_533' title='bbox 423 2009 590 2048; x_wconf 84' lang='lat' dir='ltr'><strong>elephantis</strong></span> <span class='ocrx_word' id='word_1_534' title='bbox 606 2009 776 2040; x_wconf 68' lang='lat' dir='ltr'><strong>ditterenlia</strong></span> <span class='ocrx_word' id='word_1_535' title='bbox 792 2020 800 2045; x_wconf 71' lang='grc' dir='ltr'>ς</span> <span class='ocrx_word' id='word_1_536' title='bbox 816 2009 868 2040; x_wconf 90' lang='lat' dir='ltr'><strong>sed</strong></span> <span class='ocrx_word' id='word_1_537' title='bbox 889 2018 967 2040; x_wconf 88' lang='lat' dir='ltr'><strong>nunc</strong></span> <span class='ocrx_word' id='word_1_538' title='bbox 978 2011 1016 2040; x_wconf 93' lang='lat' dir='ltr'><strong>de</strong></span> 
     </span>
    </p>
   </div>
   <div class='ocr_carea' id='block_1_73' title="bbox 187 2052 1016 2094">
    <p class='ocr_par' dir='ltr' id='par_1_73' title="bbox 187 2052 1016 2094">
     <span class='ocr_line' id='line_1_73' title="bbox 187 2052 1016 2094; baseline 0.002 -12"><span class='ocrx_word' id='word_1_539' title='bbox 187 2052 330 2082; x_wconf 84' lang='lat' dir='ltr'><strong>creaturis</strong></span> <span class='ocrx_word' id='word_1_540' title='bbox 340 2053 441 2084; x_wconf 88' lang='lat' dir='ltr'><strong>dicere</strong></span> <span class='ocrx_word' id='word_1_541' title='bbox 452 2054 537 2084; x_wconf 84' lang='lat' dir='ltr'><strong>vobis</strong></span> <span class='ocrx_word' id='word_1_542' title='bbox 547 2054 660 2094; x_wconf 87' lang='lat' dir='ltr'><strong>aliquid</strong></span> <span class='ocrx_word' id='word_1_543' title='bbox 673 2054 835 2085; x_wconf 89' lang='lat' dir='ltr'><strong>absurdum</strong></span> <span class='ocrx_word' id='word_1_544' title='bbox 849 2059 904 2093; x_wconf 88' lang='lat' dir='ltr'><strong>est,</strong></span> <span class='ocrx_word' id='word_1_545' title='bbox 921 2063 989 2084; x_wconf 87' lang='lat' dir='ltr'><strong>cum</strong></span> <span class='ocrx_word' id='word_1_546' title='bbox 998 2064 1016 2084; x_wconf 92' lang='lat' dir='ltr'><strong>a</strong></span> 
     </span>
    </p>
   </div>
   <div class='ocr_carea' id='block_1_74' title="bbox 186 2096 1012 2138">
    <p class='ocr_par' dir='ltr' id='par_1_74' title="bbox 186 2096 1012 2138">
     <span class='ocr_line' id='line_1_74' title="bbox 186 2096 1012 2138; baseline 0.005 -14"><span class='ocrx_word' id='word_1_547' title='bbox 186 2096 267 2126; x_wconf 89' lang='lat' dir='ltr'><strong>vobis</strong></span> <span class='ocrx_word' id='word_1_548' title='bbox 283 2098 348 2134; x_wconf 85' lang='lat' dir='ltr'><strong>ipse</strong></span> <span class='ocrx_word' id='word_1_549' title='bbox 365 2098 497 2128; x_wconf 91' lang='lat' dir='ltr'><strong>omnium</strong></span> <span class='ocrx_word' id='word_1_550' title='bbox 510 2098 633 2129; x_wconf 86' lang='lat' dir='ltr'><strong>Creator</strong></span> <span class='ocrx_word' id='word_1_551' title='bbox 648 2103 677 2130; x_wconf 91' lang='lat' dir='ltr'><strong>et</strong></span> <span class='ocrx_word' id='word_1_552' title='bbox 690 2099 833 2130; x_wconf 87' lang='lat' dir='ltr'><strong>Conditor</strong></span> <span class='ocrx_word' id='word_1_553' title='bbox 849 2099 1012 2138; x_wconf 78' lang='lat' dir='ltr'><strong>ignoretur.</strong></span> 
     </span>
    </p>
   </div>
   <div class='ocr_carea' id='block_1_75' title="bbox 226 2140 1013 2180">
    <p class='ocr_par' dir='ltr' id='par_1_75' title="bbox 226 2140 1013 2180">
     <span class='ocr_line' id='line_1_75' title="bbox 226 2140 1013 2180; baseline 0.001 -8"><span class='ocrx_word' id='word_1_554' title='bbox 226 2140 275 2173; x_wconf 84' lang='lat' dir='ltr'><strong>IX.</strong></span> <span class='ocrx_word' id='word_1_555' title='bbox 292 2141 359 2172; x_wconf 58' lang='lat' dir='ltr'><strong>Haec</strong></span> <span class='ocrx_word' id='word_1_556' title='bbox 372 2146 469 2173; x_wconf 91' lang='lat' dir='ltr'><strong>autem</strong></span> <span class='ocrx_word' id='word_1_557' title='bbox 487 2152 553 2173; x_wconf 85' lang='lat' dir='ltr'><strong>cum</strong></span> <span class='ocrx_word' id='word_1_558' title='bbox 566 2143 702 2180; x_wconf 87' lang='lat' dir='ltr'><strong>dixisset,</strong></span> <span class='ocrx_word' id='word_1_559' title='bbox 719 2144 800 2174; x_wconf 88' lang='lat' dir='ltr'><strong>velut</strong></span> <span class='ocrx_word' id='word_1_560' title='bbox 813 2153 847 2174; x_wconf 83' lang='lat' dir='ltr'><strong>ex</strong></span> <span class='ocrx_word' id='word_1_561' title='bbox 864 2152 922 2173; x_wconf 92' lang='lat' dir='ltr'><strong>uno</strong></span> <span class='ocrx_word' id='word_1_562' title='bbox 939 2153 1013 2174; x_wconf 85' lang='lat' dir='ltr'><strong>con-</strong></span> 
     </span>
    </p>
   </div>
   <div class='ocr_carea' id='block_1_76' title="bbox 1038 1646 1840 1686">
    <p class='ocr_par' dir='ltr' id='par_1_76' title="bbox 1038 1646 1840 1686">
     <span class='ocr_line' id='line_1_76' title="bbox 1038 1646 1840 1686; baseline 0.004 -10"><span class='ocrx_word' id='word_1_563' title='bbox 1038 1646 1162 1686; x_wconf 53' lang='lat' dir='ltr'><strong>‘posito,</strong></span> <span class='ocrx_word' id='word_1_564' title='bbox 1181 1652 1293 1685; x_wconf 77' lang='lat' dir='ltr'><strong>gratum</strong></span> <span class='ocrx_word' id='word_1_565' title='bbox 1311 1652 1524 1686; x_wconf 82' lang='lat' dir='ltr'><strong>acceptumque</strong></span> <span class='ocrx_word' id='word_1_566' title='bbox 1543 1647 1651 1678; x_wconf 78' lang='lat' dir='ltr'><strong>habere</strong></span> <span class='ocrx_word' id='word_1_567' title='bbox 1676 1649 1840 1679; x_wconf 87' lang='lat' dir='ltr'><strong>deberetis.</strong></span> 
     </span>
    </p>
   </div>
   <div class='ocr_carea' id='block_1_77' title="bbox 1095 1690 1889 1733">
    <p class='ocr_par' dir='ltr' id='par_1_77' title="bbox 1095 1690 1889 1733">
     <span class='ocr_line' id='line_1_77' title="bbox 1095 1690 1889 1733; baseline 0.004 -11"><span class='ocrx_word' id='word_1_568' title='bbox 1095 1692 1134 1722; x_wconf 82' lang='grc' dir='ltr'><strong>Χ.</strong></span> <span class='ocrx_word' id='word_1_569' title='bbox 1151 1690 1218 1722; x_wconf 65' lang='lat' dir='ltr'><strong>Hinc</strong></span> <span class='ocrx_word' id='word_1_570' title='bbox 1232 1697 1259 1721; x_wconf 85' lang='lat' dir='ltr'><strong>et</strong></span> <span class='ocrx_word' id='word_1_571' title='bbox 1274 1692 1319 1721; x_wconf 83' lang='lat' dir='ltr'><strong>his</strong></span> <span class='ocrx_word' id='word_1_572' title='bbox 1329 1692 1436 1722; x_wconf 85' lang='lat' dir='ltr'><strong>similia</strong></span> <span class='ocrx_word' id='word_1_573' title='bbox 1447 1702 1512 1722; x_wconf 83' lang='lat' dir='ltr'><strong>cum</strong></span> <span class='ocrx_word' id='word_1_574' title='bbox 1522 1694 1889 1733; x_wconf 58' lang='lat' dir='ltr'><strong>[irosr-querer,plurimus</strong></span> 
     </span>
    </p>
   </div>
   <div class='ocr_carea' id='block_1_78' title="bbox 1054 1736 1881 1777">
    <p class='ocr_par' dir='ltr' id='par_1_78' title="bbox 1054 1736 1881 1777">
     <span class='ocr_line' id='line_1_78' title="bbox 1054 1736 1881 1777; baseline 0.004 -11"><span class='ocrx_word' id='word_1_575' title='bbox 1054 1736 1176 1766; x_wconf 82' lang='lat' dir='ltr'><strong>astantis</strong></span> <span class='ocrx_word' id='word_1_576' title='bbox 1192 1737 1288 1776; x_wconf 85' lang='lat' dir='ltr'><strong>populi</strong></span> <span class='ocrx_word' id='word_1_577' title='bbox 1302 1737 1436 1766; x_wconf 82' lang='lat' dir='ltr'><strong>fremitus</strong></span> <span class='ocrx_word' id='word_1_578' title='bbox 1449 1737 1736 1777; x_wconf 78' lang='lat' dir='ltr'><strong>concitabatur,dum</strong></span> <span class='ocrx_word' id='word_1_579' title='bbox 1749 1739 1799 1769; x_wconf 79' lang='lat' dir='ltr'><strong>alii</strong></span> <span class='ocrx_word' id='word_1_580' title='bbox 1818 1740 1881 1770; x_wconf 89' lang='lat' dir='ltr'><strong>vel-</strong></span> 
     </span>
    </p>
   </div>
   <div class='ocr_carea' id='block_1_79' title="bbox 1056 1781 1889 1820">
    <p class='ocr_par' dir='ltr' id='par_1_79' title="bbox 1056 1781 1889 1820">
     <span class='ocr_line' id='line_1_79' title="bbox 1056 1781 1889 1820; baseline 0.005 -10"><span class='ocrx_word' id='word_1_581' title='bbox 1056 1785 1085 1810; x_wconf 92' lang='lat' dir='ltr'><strong>ut</strong></span> <span class='ocrx_word' id='word_1_582' title='bbox 1101 1790 1169 1820; x_wconf 81' lang='lat' dir='ltr'><strong>erga</strong></span> <span class='ocrx_word' id='word_1_583' title='bbox 1184 1781 1330 1819; x_wconf 83' lang='lat' dir='ltr'><strong>hospitem</strong></span> <span class='ocrx_word' id='word_1_584' title='bbox 1352 1783 1543 1812; x_wconf 82' lang='lat' dir='ltr'><strong>miseratione</strong></span> <span class='ocrx_word' id='word_1_585' title='bbox 1559 1787 1889 1819; x_wconf 81' lang='lat' dir='ltr'><strong>moverentur,meum-</strong></span> 
     </span>
    </p>
   </div>
   <div class='ocr_carea' id='block_1_80' title="bbox 1054 1827 1887 1867">
    <p class='ocr_par' dir='ltr' id='par_1_80' title="bbox 1054 1827 1887 1867">
     <span class='ocr_line' id='line_1_80' title="bbox 1054 1827 1887 1867; baseline 0.004 -11"><span class='ocrx_word' id='word_1_586' title='bbox 1054 1835 1288 1866; x_wconf 86' lang='lat' dir='ltr'><strong>quesermouem</strong></span> <span class='ocrx_word' id='word_1_587' title='bbox 1301 1832 1329 1855; x_wconf 92' lang='lat' dir='ltr'><strong>ut</strong></span> <span class='ocrx_word' id='word_1_588' title='bbox 1342 1827 1696 1866; x_wconf 69' lang='lat' dir='ltr'><strong>consequenterhabitum</strong></span> <span class='ocrx_word' id='word_1_589' title='bbox 1709 1827 1887 1867; x_wconf 78' lang='lat' dir='ltr'><strong>probarent,</strong></span> 
     </span>
    </p>
   </div>
   <div class='ocr_carea' id='block_1_81' title="bbox 1053 1871 1886 1912">
    <p class='ocr_par' dir='ltr' id='par_1_81' title="bbox 1053 1871 1886 1912">
     <span class='ocr_line' id='line_1_81' title="bbox 1053 1871 1886 1912; baseline 0.004 -11"><span class='ocrx_word' id='word_1_590' title='bbox 1053 1871 1103 1902; x_wconf 84' lang='lat' dir='ltr'><strong>alii</strong></span> <span class='ocrx_word' id='word_1_591' title='bbox 1117 1872 1283 1910; x_wconf 72' lang='lat' dir='ltr'><strong>petulantes</strong></span> <span class='ocrx_word' id='word_1_592' title='bbox 1296 1876 1323 1901; x_wconf 88' lang='lat' dir='ltr'><strong>et</strong></span> <span class='ocrx_word' id='word_1_593' title='bbox 1337 1872 1448 1908; x_wconf 76' lang='lat' dir='ltr'><strong>stolidi,</strong></span> <span class='ocrx_word' id='word_1_594' title='bbox 1464 1872 1491 1901; x_wconf 89' lang='lat' dir='ltr'><strong>in</strong></span> <span class='ocrx_word' id='word_1_595' title='bbox 1511 1882 1556 1901; x_wconf 85' lang='lat' dir='ltr'><strong>me</strong></span> <span class='ocrx_word' id='word_1_596' title='bbox 1569 1882 1687 1912; x_wconf 88' lang='lat' dir='ltr'><strong>quoque</strong></span> <span class='ocrx_word' id='word_1_597' title='bbox 1709 1874 1832 1912; x_wconf 84' lang='lat' dir='ltr'><strong>pariter,</strong></span> <span class='ocrx_word' id='word_1_598' title='bbox 1850 1879 1886 1904; x_wconf 78' lang='lat' dir='ltr'><strong>ut</strong></span> 
     </span>
    </p>
   </div>
   <div class='ocr_carea' id='block_1_82' title="bbox 1054 1915 1886 1949">
    <p class='ocr_par' dir='ltr' id='par_1_82' title="bbox 1054 1915 1886 1949">
     <span class='ocr_line' id='line_1_82' title="bbox 1054 1915 1886 1949; baseline 0.004 -4"><span class='ocrx_word' id='word_1_599' title='bbox 1054 1916 1083 1945; x_wconf 94' lang='lat' dir='ltr'><strong>in</strong></span> <span class='ocrx_word' id='word_1_600' title='bbox 1101 1915 1264 1946; x_wconf 82' lang='lat' dir='ltr'><strong>Barnabam</strong></span> <span class='ocrx_word' id='word_1_601' title='bbox 1293 1916 1430 1946; x_wconf 61' lang='lat' dir='ltr'><strong>ementiti</strong></span> <span class='ocrx_word' id='word_1_602' title='bbox 1443 1917 1533 1947; x_wconf 92' lang='lat' dir='ltr'><strong>animi</strong></span> <span class='ocrx_word' id='word_1_603' title='bbox 1547 1917 1732 1947; x_wconf 71' lang='lat' dir='ltr'><strong>iracundiam</strong></span> <span class='ocrx_word' id='word_1_604' title='bbox 1746 1919 1886 1949; x_wconf 84' lang='lat' dir='ltr'><strong>concita-</strong></span> 
     </span>
    </p>
   </div>
   <div class='ocr_carea' id='block_1_83' title="bbox 1053 1961 1883 2003">
    <p class='ocr_par' dir='ltr' id='par_1_83' title="bbox 1053 1961 1883 2003">
     <span class='ocr_line' id='line_1_83' title="bbox 1053 1961 1883 2003; baseline 0.002 -13"><span class='ocrx_word' id='word_1_605' title='bbox 1053 1965 1130 1991; x_wconf 87' lang='lat' dir='ltr'><strong>rent.</strong></span> <span class='ocrx_word' id='word_1_606' title='bbox 1145 1962 1202 1991; x_wconf 57' lang='lat' dir='ltr'><strong>Sevl</strong></span> <span class='ocrx_word' id='word_1_607' title='bbox 1216 1970 1281 1990; x_wconf 83' lang='lat' dir='ltr'><strong>cum</strong></span> <span class='ocrx_word' id='word_1_608' title='bbox 1296 1961 1329 1991; x_wconf 83' lang='lat' dir='ltr'><strong>ad</strong></span> <span class='ocrx_word' id='word_1_609' title='bbox 1341 1970 1494 2000; x_wconf 74' lang='lat' dir='ltr'><strong>vesperam</strong></span> <span class='ocrx_word' id='word_1_610' title='bbox 1504 1962 1564 2001; x_wconf 82' lang='lat' dir='ltr'><strong>jam</strong></span> <span class='ocrx_word' id='word_1_611' title='bbox 1573 1962 1738 1992; x_wconf 87' lang='lat' dir='ltr'><strong>declinaret</strong></span> <span class='ocrx_word' id='word_1_612' title='bbox 1749 1962 1883 2003; x_wconf 83' lang='lat' dir='ltr'><strong>dies,ap-</strong></span> 
     </span>
    </p>
   </div>
   <div class='ocr_carea' id='block_1_84' title="bbox 1055 2006 1884 2048">
    <p class='ocr_par' dir='ltr' id='par_1_84' title="bbox 1055 2006 1884 2048">
     <span class='ocr_line' id='line_1_84' title="bbox 1055 2006 1884 2048; baseline 0.004 -13"><span class='ocrx_word' id='word_1_613' title='bbox 1055 2006 1203 2045; x_wconf 81' lang='lat' dir='ltr'><strong>prehensa</strong></span> <span class='ocrx_word' id='word_1_614' title='bbox 1213 2006 1353 2036; x_wconf 67' lang='lat' dir='ltr'><strong>Barnabas</strong></span> <span class='ocrx_word' id='word_1_615' title='bbox 1367 2007 1499 2046; x_wconf 77' lang='lat' dir='ltr'><strong>dextera,</strong></span> <span class='ocrx_word' id='word_1_616' title='bbox 1510 2006 1709 2037; x_wconf 83' lang='lat' dir='ltr'><strong>obluctantem</strong></span> <span class='ocrx_word' id='word_1_617' title='bbox 1723 2007 1884 2048; x_wconf 86' lang='lat' dir='ltr'><strong>liceteum,</strong></span> 
     </span>
    </p>
   </div>
   <div class='ocr_carea' id='block_1_85' title="bbox 1054 2050 1884 2091">
    <p class='ocr_par' dir='ltr' id='par_1_85' title="bbox 1054 2050 1884 2091">
     <span class='ocr_line' id='line_1_85' title="bbox 1054 2050 1884 2091; baseline 0.004 -11"><span class='ocrx_word' id='word_1_618' title='bbox 1054 2050 1089 2080; x_wconf 87' lang='lat' dir='ltr'><strong>ad</strong></span> <span class='ocrx_word' id='word_1_619' title='bbox 1105 2059 1199 2080; x_wconf 93' lang='lat' dir='ltr'><strong>meam</strong></span> <span class='ocrx_word' id='word_1_620' title='bbox 1219 2055 1315 2080; x_wconf 70' lang='lat' dir='ltr'><strong>tamen</strong></span> <span class='ocrx_word' id='word_1_621' title='bbox 1332 2051 1441 2080; x_wconf 75' lang='lat' dir='ltr'><strong>adduxi</strong></span> <span class='ocrx_word' id='word_1_622' title='bbox 1455 2052 1590 2090; x_wconf 79' lang='lat' dir='ltr'><strong>domum,</strong></span> <span class='ocrx_word' id='word_1_623' title='bbox 1605 2056 1693 2091; x_wconf 90' lang='lat' dir='ltr'><strong>atque</strong></span> <span class='ocrx_word' id='word_1_624' title='bbox 1707 2051 1744 2081; x_wconf 89' lang='lat' dir='ltr'><strong>ibi</strong></span> <span class='ocrx_word' id='word_1_625' title='bbox 1759 2060 1884 2083; x_wconf 89' lang='lat' dir='ltr'><strong>manere</strong></span> 
     </span>
    </p>
   </div>
   <div class='ocr_carea' id='block_1_86' title="bbox 1055 2095 1885 2135">
    <p class='ocr_par' dir='ltr' id='par_1_86' title="bbox 1055 2095 1885 2135">
     <span class='ocr_line' id='line_1_86' title="bbox 1055 2095 1885 2135; baseline 0.002 -10"><span class='ocrx_word' id='word_1_626' title='bbox 1055 2095 1121 2130; x_wconf 77' lang='lat' dir='ltr'><strong>feci,</strong></span> <span class='ocrx_word' id='word_1_627' title='bbox 1141 2105 1177 2125; x_wconf 85' lang='lat' dir='ltr'><strong>ne</strong></span> <span class='ocrx_word' id='word_1_628' title='bbox 1194 2096 1262 2132; x_wconf 86' lang='lat' dir='ltr'><strong>quis</strong></span> <span class='ocrx_word' id='word_1_629' title='bbox 1286 2096 1359 2125; x_wconf 76' lang='lat' dir='ltr'><strong>forte</strong></span> <span class='ocrx_word' id='word_1_630' title='bbox 1383 2106 1415 2125; x_wconf 68' lang='lat' dir='ltr'><strong>ex</strong></span> <span class='ocrx_word' id='word_1_631' title='bbox 1442 2096 1563 2126; x_wconf 84' lang='lat' dir='ltr'><strong>indocili</strong></span> <span class='ocrx_word' id='word_1_632' title='bbox 1583 2096 1668 2135; x_wconf 77' lang='lat' dir='ltr'><strong>vulgo</strong></span> <span class='ocrx_word' id='word_1_633' title='bbox 1692 2096 1831 2135; x_wconf 76' lang='lat' dir='ltr'><strong>injiceret</strong></span> <span class='ocrx_word' id='word_1_634' title='bbox 1855 2098 1885 2129; x_wconf 74' lang='lat' dir='ltr'><strong>ei</strong></span> 
     </span>
    </p>
   </div>
   <div class='ocr_carea' id='block_1_87' title="bbox 1057 2141 1879 2180">
    <p class='ocr_par' dir='ltr' id='par_1_87' title="bbox 1057 2141 1879 2180">
     <span class='ocr_line' id='line_1_87' title="bbox 1057 2141 1879 2180; baseline 0.002 -10"><span class='ocrx_word' id='word_1_635' title='bbox 1057 2149 1172 2171; x_wconf 88' lang='lat' dir='ltr'><strong>manus.</strong></span> <span class='ocrx_word' id='word_1_636' title='bbox 1191 2141 1388 2179; x_wconf 82' lang='lat' dir='ltr'><strong>Aliquantnlis</strong></span> <span class='ocrx_word' id='word_1_637' title='bbox 1407 2141 1494 2179; x_wconf 83' lang='lat' dir='ltr'><strong>igitur</strong></span> <span class='ocrx_word' id='word_1_638' title='bbox 1510 2141 1615 2171; x_wconf 87' lang='lat' dir='ltr'><strong>diebus</strong></span> <span class='ocrx_word' id='word_1_639' title='bbox 1633 2150 1689 2170; x_wconf 89' lang='lat' dir='ltr'><strong>una</strong></span> <span class='ocrx_word' id='word_1_640' title='bbox 1704 2141 1802 2180; x_wconf 85' lang='lat' dir='ltr'><strong>positi,</strong></span> <span class='ocrx_word' id='word_1_641' title='bbox 1820 2141 1879 2172; x_wconf 87' lang='lat' dir='ltr'><strong>dis-</strong></span> 
     </span>
    </p>
   </div>
   <div class='ocr_carea' id='block_1_88' title="bbox 185 2184 1886 2227">
    <p class='ocr_par' dir='ltr' id='par_1_88' title="bbox 185 2184 1886 2227">
     <span class='ocr_line' id='line_1_88' title="bbox 185 2184 1886 2227; baseline 0.001 -12"><span class='ocrx_word' id='word_1_642' title='bbox 185 2195 287 2221; x_wconf 88' lang='lat' dir='ltr'><strong>sensu,</strong></span> <span class='ocrx_word' id='word_1_643' title='bbox 299 2186 522 2227; x_wconf 83' lang='lat' dir='ltr'><strong>indisciplinalo</strong></span> <span class='ocrx_word' id='word_1_644' title='bbox 534 2197 584 2219; x_wconf 82' lang='lat' dir='ltr'><strong>ore</strong></span> <span class='ocrx_word' id='word_1_645' title='bbox 595 2198 699 2219; x_wconf 86' lang='lat' dir='ltr'><strong>omnes</strong></span> <span class='ocrx_word' id='word_1_646' title='bbox 713 2188 802 2219; x_wconf 85' lang='lat' dir='ltr'><strong>simul</strong></span> <span class='ocrx_word' id='word_1_647' title='bbox 818 2188 911 2219; x_wconf 74' lang='lat' dir='ltr'><strong>risum</strong></span> <span class='ocrx_word' id='word_1_648' title='bbox 924 2188 1013 2219; x_wconf 84' lang='lat' dir='ltr'><strong>dede-</strong></span> <span class='ocrx_word' id='word_1_649' title='bbox 1027 2199 1046 2224; x_wconf 81' lang='grc' dir='ltr'>ο</span> <span class='ocrx_word' id='word_1_650' title='bbox 1056 2190 1174 2216; x_wconf 88' lang='lat' dir='ltr'><strong>serente</strong></span> <span class='ocrx_word' id='word_1_651' title='bbox 1191 2195 1224 2214; x_wconf 87' lang='lat' dir='ltr'><strong>eo</strong></span> <span class='ocrx_word' id='word_1_652' title='bbox 1250 2184 1383 2226; x_wconf 36' lang='lat' dir='ltr'><strong>[paucis],</strong></span> <span class='ocrx_word' id='word_1_653' title='bbox 1399 2195 1570 2215; x_wconf 87' lang='lat' dir='ltr'><strong>sermonem</strong></span> <span class='ocrx_word' id='word_1_654' title='bbox 1593 2186 1726 2215; x_wconf 86' lang='lat' dir='ltr'><strong>veritatis</strong></span> <span class='ocrx_word' id='word_1_655' title='bbox 1753 2185 1886 2217; x_wconf 89' lang='lat' dir='ltr'><strong>libenter</strong></span> 
     </span>
    </p>
   </div>
   <div class='ocr_carea' id='block_1_89' title="bbox 184 2231 1009 2272">
    <p class='ocr_par' dir='ltr' id='par_1_89' title="bbox 184 2231 1009 2272">
     <span class='ocr_line' id='line_1_89' title="bbox 184 2231 1009 2272; baseline 0.001 -11"><span class='ocrx_word' id='word_1_656' title='bbox 184 2240 227 2268; x_wconf 90' lang='lat' dir='ltr'><strong>re,</strong></span> <span class='ocrx_word' id='word_1_657' title='bbox 245 2231 381 2262; x_wconf 73' lang='lat' dir='ltr'><strong>inculere</strong></span> <span class='ocrx_word' id='word_1_658' title='bbox 393 2232 420 2262; x_wconf 93' lang='lat' dir='ltr'><strong>ei</strong></span> <span class='ocrx_word' id='word_1_659' title='bbox 429 2233 677 2264; x_wconf 85' lang='lat' dir='ltr'><strong>verecundiamac</strong></span> <span class='ocrx_word' id='word_1_660' title='bbox 688 2233 838 2263; x_wconf 85' lang='lat' dir='ltr'><strong>silentium</strong></span> <span class='ocrx_word' id='word_1_661' title='bbox 855 2233 1009 2272; x_wconf 84' lang='lat' dir='ltr'><strong>imponere</strong></span> 
     </span>
    </p>
   </div>
   <div class='ocr_carea' id='block_1_90' title="bbox 184 2276 1007 2317">
    <p class='ocr_par' dir='ltr' id='par_1_90' title="bbox 184 2276 1007 2317">
     <span class='ocr_line' id='line_1_90' title="bbox 184 2276 1007 2317; baseline 0.001 -11"><span class='ocrx_word' id='word_1_662' title='bbox 184 2276 574 2317; x_wconf 87' lang='lat' dir='ltr'><strong>cupientes,barbarumque</strong></span> <span class='ocrx_word' id='word_1_663' title='bbox 584 2282 612 2308; x_wconf 90' lang='lat' dir='ltr'><strong>et</strong></span> <span class='ocrx_word' id='word_1_664' title='bbox 625 2278 721 2308; x_wconf 89' lang='lat' dir='ltr'><strong>minus</strong></span> <span class='ocrx_word' id='word_1_665' title='bbox 729 2287 809 2308; x_wconf 70' lang='lat' dir='ltr'><strong>sana:</strong></span> <span class='ocrx_word' id='word_1_666' title='bbox 822 2279 929 2309; x_wconf 89' lang='lat' dir='ltr'><strong>mentis</strong></span> <span class='ocrx_word' id='word_1_667' title='bbox 940 2287 1007 2308; x_wconf 87' lang='lat' dir='ltr'><strong>eum</strong></span> 
     </span>
    </p>
   </div>
   <div class='ocr_carea' id='block_1_91' title="bbox 184 2321 1007 2361">
    <p class='ocr_par' dir='ltr' id='par_1_91' title="bbox 184 2321 1007 2361">
     <span class='ocr_line' id='line_1_91' title="bbox 184 2321 1007 2361; baseline 0.002 -10"><span class='ocrx_word' id='word_1_668' title='bbox 184 2321 397 2353; x_wconf 86' lang='lat' dir='ltr'><strong>acclamantes.</strong></span> <span class='ocrx_word' id='word_1_669' title='bbox 411 2321 471 2361; x_wconf 80' lang='lat' dir='ltr'><strong>Ego</strong></span> <span class='ocrx_word' id='word_1_670' title='bbox 482 2331 549 2353; x_wconf 92' lang='lat' dir='ltr'><strong>vero</strong></span> <span class='ocrx_word' id='word_1_671' title='bbox 562 2332 628 2353; x_wconf 91' lang='lat' dir='ltr'><strong>cum</strong></span> <span class='ocrx_word' id='word_1_672' title='bbox 640 2323 701 2353; x_wconf 87' lang='lat' dir='ltr'><strong>haec</strong></span> <span class='ocrx_word' id='word_1_673' title='bbox 714 2322 754 2353; x_wconf 90' lang='lat' dir='ltr'><strong>ita</strong></span> <span class='ocrx_word' id='word_1_674' title='bbox 766 2322 828 2353; x_wconf 74' lang='lat' dir='ltr'><strong>fieri</strong></span> <span class='ocrx_word' id='word_1_675' title='bbox 839 2332 1007 2361; x_wconf 85' lang='lat' dir='ltr'><strong>cernerem,</strong></span> 
     </span>
    </p>
   </div>
   <div class='ocr_carea' id='block_1_92' title="bbox 182 2366 1009 2408">
    <p class='ocr_par' dir='ltr' id='par_1_92' title="bbox 182 2366 1009 2408">
     <span class='ocr_line' id='line_1_92' title="bbox 182 2366 1009 2408; baseline 0 -11"><span class='ocrx_word' id='word_1_676' title='bbox 182 2366 246 2397; x_wconf 87' lang='lat' dir='ltr'><strong>zelo</strong></span> <span class='ocrx_word' id='word_1_677' title='bbox 262 2366 389 2405; x_wconf 88' lang='lat' dir='ltr'><strong>quodam</strong></span> <span class='ocrx_word' id='word_1_678' title='bbox 412 2368 513 2399; x_wconf 73' lang='lat' dir='ltr'><strong>nescio</strong></span> <span class='ocrx_word' id='word_1_679' title='bbox 524 2368 602 2398; x_wconf 91' lang='lat' dir='ltr'><strong>unde</strong></span> <span class='ocrx_word' id='word_1_680' title='bbox 615 2368 795 2408; x_wconf 87' lang='lat' dir='ltr'><strong>repletus,ac</strong></span> <span class='ocrx_word' id='word_1_681' title='bbox 808 2367 946 2407; x_wconf 84' lang='lat' dir='ltr'><strong>religioso</strong></span> <span class='ocrx_word' id='word_1_682' title='bbox 965 2368 1009 2398; x_wconf 89' lang='lat' dir='ltr'><strong>l&#39;u-</strong></span> 
     </span>
    </p>
   </div>
   <div class='ocr_carea' id='block_1_93' title="bbox 184 2412 1010 2453">
    <p class='ocr_par' dir='ltr' id='par_1_93' title="bbox 184 2412 1010 2453">
     <span class='ocr_line' id='line_1_93' title="bbox 184 2412 1010 2453; baseline 0.001 -12"><span class='ocrx_word' id='word_1_683' title='bbox 184 2420 252 2442; x_wconf 91' lang='lat' dir='ltr'><strong>rore</strong></span> <span class='ocrx_word' id='word_1_684' title='bbox 267 2420 441 2449; x_wconf 84' lang='lat' dir='ltr'><strong>succensus,</strong></span> <span class='ocrx_word' id='word_1_685' title='bbox 454 2413 543 2444; x_wconf 87' lang='lat' dir='ltr'><strong>silere</strong></span> <span class='ocrx_word' id='word_1_686' title='bbox 558 2423 616 2444; x_wconf 93' lang='lat' dir='ltr'><strong>non</strong></span> <span class='ocrx_word' id='word_1_687' title='bbox 632 2413 725 2453; x_wconf 88' lang='lat' dir='ltr'><strong>potui,</strong></span> <span class='ocrx_word' id='word_1_688' title='bbox 736 2413 788 2443; x_wconf 89' lang='lat' dir='ltr'><strong>sed</strong></span> <span class='ocrx_word' id='word_1_689' title='bbox 802 2422 871 2443; x_wconf 89' lang='lat' dir='ltr'><strong>cum</strong></span> <span class='ocrx_word' id='word_1_690' title='bbox 881 2412 961 2443; x_wconf 91' lang='lat' dir='ltr'><strong>omni</strong></span> <span class='ocrx_word' id='word_1_691' title='bbox 974 2413 1010 2442; x_wconf 95' lang='lat' dir='ltr'><strong>li-</strong></span> 
     </span>
    </p>
   </div>
   <div class='ocr_carea' id='block_1_94' title="bbox 182 2456 1009 2498">
    <p class='ocr_par' dir='ltr' id='par_1_94' title="bbox 182 2456 1009 2498">
     <span class='ocr_line' id='line_1_94' title="bbox 182 2456 1009 2498; baseline 0.001 -11"><span class='ocrx_word' id='word_1_692' title='bbox 182 2456 297 2487; x_wconf 90' lang='lat' dir='ltr'><strong>bertate</strong></span> <span class='ocrx_word' id='word_1_693' title='bbox 308 2456 519 2497; x_wconf 84' lang='lat' dir='ltr'><strong>proclamans:</strong></span> <span class='ocrx_word' id='word_1_694' title='bbox 549 2458 724 2490; x_wconf 78' lang='lat' dir='ltr'><strong>Rectissime</strong></span> <span class='ocrx_word' id='word_1_695' title='bbox 754 2459 843 2495; x_wconf 88' lang='lat' dir='ltr'><strong>Deus,</strong></span> <span class='ocrx_word' id='word_1_696' title='bbox 876 2458 1009 2498; x_wconf 91' lang='lat' dir='ltr'><strong>inquam,</strong></span> 
     </span>
    </p>
   </div>
   <div class='ocr_carea' id='block_1_95' title="bbox 1055 2230 1884 2270">
    <p class='ocr_par' dir='ltr' id='par_1_95' title="bbox 1055 2230 1884 2270">
     <span class='ocr_line' id='line_1_95' title="bbox 1055 2230 1884 2270; baseline 0.001 -9"><span class='ocrx_word' id='word_1_697' title='bbox 1055 2230 1210 2261; x_wconf 82' lang='lat' dir='ltr'><strong>audiebam</strong></span> <span class='ocrx_word' id='word_1_698' title='bbox 1228 2242 1233 2266; x_wconf 81' lang='lat'><strong>-,</strong></span> <span class='ocrx_word' id='word_1_699' title='bbox 1252 2230 1374 2268; x_wconf 62' lang='lat' dir='ltr'><strong>urgebat</strong></span> <span class='ocrx_word' id='word_1_700' title='bbox 1387 2235 1483 2260; x_wconf 89' lang='lat' dir='ltr'><strong>tamen</strong></span> <span class='ocrx_word' id='word_1_701' title='bbox 1498 2231 1723 2270; x_wconf 75' lang='lat' dir='ltr'><strong>profectionem,</strong></span> <span class='ocrx_word' id='word_1_702' title='bbox 1737 2230 1842 2261; x_wconf 86' lang='lat' dir='ltr'><strong>dicens</strong></span> <span class='ocrx_word' id='word_1_703' title='bbox 1850 2241 1884 2262; x_wconf 88' lang='lat' dir='ltr'><strong>se</strong></span> 
     </span>
    </p>
   </div>
   <div class='ocr_carea' id='block_1_96' title="bbox 1053 2275 1882 2315">
    <p class='ocr_par' dir='ltr' id='par_1_96' title="bbox 1053 2275 1882 2315">
     <span class='ocr_line' id='line_1_96' title="bbox 1053 2275 1882 2315; baseline 0 -10"><span class='ocrx_word' id='word_1_704' title='bbox 1053 2276 1133 2306; x_wconf 88' lang='lat' dir='ltr'><strong>diem</strong></span> <span class='ocrx_word' id='word_1_705' title='bbox 1149 2275 1255 2306; x_wconf 83' lang='lat' dir='ltr'><strong>festum</strong></span> <span class='ocrx_word' id='word_1_706' title='bbox 1269 2275 1422 2312; x_wconf 71' lang='lat' dir='ltr'><strong>religionis</strong></span> <span class='ocrx_word' id='word_1_707' title='bbox 1436 2285 1508 2314; x_wconf 63' lang='lat' dir='ltr'><strong>sum,</strong></span> <span class='ocrx_word' id='word_1_708' title='bbox 1522 2275 1573 2313; x_wconf 86' lang='lat' dir='ltr'><strong>qui</strong></span> <span class='ocrx_word' id='word_1_709' title='bbox 1587 2275 1768 2315; x_wconf 83' lang='lat' dir='ltr'><strong>immineret,</strong></span> <span class='ocrx_word' id='word_1_710' title='bbox 1781 2276 1882 2306; x_wconf 86' lang='lat' dir='ltr'><strong>omni-</strong></span> 
     </span>
    </p>
   </div>
   <div class='ocr_carea' id='block_1_97' title="bbox 1054 2319 1883 2359">
    <p class='ocr_par' dir='ltr' id='par_1_97' title="bbox 1054 2319 1883 2359">
     <span class='ocr_line' id='line_1_97' title="bbox 1054 2319 1883 2359; baseline 0 -9"><span class='ocrx_word' id='word_1_711' title='bbox 1054 2320 1149 2350; x_wconf 90' lang='lat' dir='ltr'><strong>modis</strong></span> <span class='ocrx_word' id='word_1_712' title='bbox 1160 2320 1236 2359; x_wconf 86' lang='lat' dir='ltr'><strong>apud</strong></span> <span class='ocrx_word' id='word_1_713' title='bbox 1255 2320 1385 2349; x_wconf 64' lang='lat' dir='ltr'><strong>Judaeum</strong></span> <span class='ocrx_word' id='word_1_714' title='bbox 1404 2320 1637 2354; x_wconf 80' lang='lat' dir='ltr'><strong>celebraturum,</strong></span> <span class='ocrx_word' id='word_1_715' title='bbox 1657 2319 1759 2358; x_wconf 88' lang='lat' dir='ltr'><strong>ibique</strong></span> <span class='ocrx_word' id='word_1_716' title='bbox 1775 2319 1813 2350; x_wconf 91' lang='lat' dir='ltr'><strong>de</strong></span> <span class='ocrx_word' id='word_1_717' title='bbox 1832 2329 1883 2351; x_wconf 89' lang='lat' dir='ltr'><strong>re-</strong></span> 
     </span>
    </p>
   </div>
   <div class='ocr_carea' id='block_1_98' title="bbox 1053 2364 1882 2405">
    <p class='ocr_par' dir='ltr' id='par_1_98' title="bbox 1053 2364 1882 2405">
     <span class='ocr_line' id='line_1_98' title="bbox 1053 2364 1882 2405; baseline 0 -10"><span class='ocrx_word' id='word_1_718' title='bbox 1053 2365 1136 2405; x_wconf 89' lang='lat' dir='ltr'><strong>liquo</strong></span> <span class='ocrx_word' id='word_1_719' title='bbox 1152 2374 1219 2395; x_wconf 83' lang='lat' dir='ltr'><strong>cum</strong></span> <span class='ocrx_word' id='word_1_720' title='bbox 1238 2366 1299 2394; x_wconf 84' lang='lat' dir='ltr'><strong>suis</strong></span> <span class='ocrx_word' id='word_1_721' title='bbox 1314 2364 1427 2394; x_wconf 73' lang='lat' dir='ltr'><strong>(-iVibus</strong></span> <span class='ocrx_word' id='word_1_722' title='bbox 1443 2374 1477 2394; x_wconf 86' lang='lat' dir='ltr'><strong>ac</strong></span> <span class='ocrx_word' id='word_1_723' title='bbox 1486 2364 1625 2394; x_wconf 86' lang='lat' dir='ltr'><strong>fratribus</strong></span> <span class='ocrx_word' id='word_1_724' title='bbox 1640 2373 1882 2403; x_wconf 81' lang='lat' dir='ltr'><strong>permansurum,</strong></span> 
     </span>
    </p>
   </div>
   <div class='ocr_carea' id='block_1_99' title="bbox 1053 2409 1882 2448">
    <p class='ocr_par' dir='ltr' id='par_1_99' title="bbox 1053 2409 1882 2448">
     <span class='ocr_line' id='line_1_99' title="bbox 1053 2409 1882 2448; baseline 0 -8"><span class='ocrx_word' id='word_1_725' title='bbox 1053 2409 1206 2440; x_wconf 77' lang='lat' dir='ltr'><strong>evidenter</strong></span> <span class='ocrx_word' id='word_1_726' title='bbox 1223 2410 1358 2439; x_wconf 42' lang='lat' dir='ltr'><strong>iudicfms</strong></span> <span class='ocrx_word' id='word_1_727' title='bbox 1374 2409 1490 2448; x_wconf 65' lang='lat' dir='ltr'><strong>injuria:</strong></span> <span class='ocrx_word' id='word_1_728' title='bbox 1506 2418 1537 2439; x_wconf 90' lang='lat' dir='ltr'><strong>se</strong></span> <span class='ocrx_word' id='word_1_729' title='bbox 1554 2409 1677 2439; x_wconf 87' lang='lat' dir='ltr'><strong>horrore</strong></span> <span class='ocrx_word' id='word_1_730' title='bbox 1695 2409 1882 2448; x_wconf 87' lang='lat' dir='ltr'><strong>perculsum.</strong></span> 
     </span>
    </p>
   </div>
   <div class='ocr_carea' id='block_1_100' title="bbox 1093 2453 1880 2493">
    <p class='ocr_par' dir='ltr' id='par_1_100' title="bbox 1093 2453 1880 2493">
     <span class='ocr_line' id='line_1_100' title="bbox 1093 2453 1880 2493; baseline 0 -7"><span class='ocrx_word' id='word_1_731' title='bbox 1093 2455 1146 2486; x_wconf 82' lang='lat' dir='ltr'><strong>Xl.</strong></span> <span class='ocrx_word' id='word_1_732' title='bbox 1164 2454 1299 2492; x_wconf 84' lang='lat' dir='ltr'><strong>Denique</strong></span> <span class='ocrx_word' id='word_1_733' title='bbox 1317 2464 1383 2483; x_wconf 76' lang='lat' dir='ltr'><strong>cum</strong></span> <span class='ocrx_word' id='word_1_734' title='bbox 1401 2464 1452 2493; x_wconf 72' lang='lat' dir='ltr'><strong>ego</strong></span> <span class='ocrx_word' id='word_1_735' title='bbox 1467 2454 1609 2484; x_wconf 88' lang='lat' dir='ltr'><strong>dicerem:</strong></span> <span class='ocrx_word' id='word_1_736' title='bbox 1627 2454 1669 2484; x_wconf 91' lang='lat' dir='ltr'><strong>Tu</strong></span> <span class='ocrx_word' id='word_1_737' title='bbox 1684 2453 1756 2483; x_wconf 90' lang='lat' dir='ltr'><strong>mihi</strong></span> <span class='ocrx_word' id='word_1_738' title='bbox 1768 2459 1880 2486; x_wconf 85' lang='lat' dir='ltr'><strong>tantum</strong></span> 
     </span>
    </p>
   </div>
   <div class='ocr_carea' id='block_1_101' title="bbox 850 2535 1206 2570">
    <p class='ocr_par' dir='ltr' id='par_1_101' title="bbox 850 2535 1206 2570">
     <span class='ocr_line' id='line_1_101' title="bbox 850 2535 1206 2570; baseline -0.008 -1"><span class='ocrx_word' id='word_1_739' title='bbox 850 2536 1055 2570; x_wconf 76' lang='lat' dir='ltr'><strong>COTELERII</strong></span> <span class='ocrx_word' id='word_1_740' title='bbox 1078 2535 1206 2568; x_wconf 65' lang='lat' dir='ltr'><strong>NOTAE.</strong></span> 
     </span>
    </p>
   </div>
   <div class='ocr_carea' id='block_1_102' title="bbox 222 2614 1882 2658">
    <p class='ocr_par' dir='ltr' id='par_1_102' title="bbox 222 2614 1882 2658">
     <span class='ocr_line' id='line_1_102' title="bbox 222 2614 1882 2658; baseline -0.001 -10"><span class='ocrx_word' id='word_1_741' title='bbox 222 2617 286 2658; x_wconf 70' lang='lat'><strong>(12)</strong></span> <span class='ocrx_word' id='word_1_742' title='bbox 303 2618 367 2648; x_wconf 82' lang='lat' dir='ltr'><strong>Cur</strong></span> <span class='ocrx_word' id='word_1_743' title='bbox 381 2618 425 2649; x_wconf 81' lang='lat' dir='ltr'><strong>ita</strong></span> <span class='ocrx_word' id='word_1_744' title='bbox 439 2618 936 2658; x_wconf 59' lang='lat' dir='ltr'><strong>factusfessetcutesﬁieronymus</strong></span> <span class='ocrx_word' id='word_1_745' title='bbox 949 2618 968 2650; x_wconf 96' lang='lat' dir='ltr'><strong>l.</strong></span> <span class='ocrx_word' id='word_1_746' title='bbox 982 2626 1005 2650; x_wconf 82' lang='lat'><strong>1.</strong></span> <span class='ocrx_word' id='word_1_747' title='bbox 1046 2620 1229 2658; x_wconf 80' lang='lat' dir='ltr'><strong>scateaut,ut</strong></span> <span class='ocrx_word' id='word_1_748' title='bbox 1239 2616 1482 2658; x_wconf 47' lang='lat' dir='ltr'><strong>illllantet‘abL-les</strong></span> <span class='ocrx_word' id='word_1_749' title='bbox 1491 2614 1582 2658; x_wconf 54' lang='lat' dir='ltr'><strong>simul</strong></span> <span class='ocrx_word' id='word_1_750' title='bbox 1596 2614 1791 2658; x_wconf 63' lang='lat' dir='ltr'><strong>motusmth</strong></span> <span class='ocrx_word' id='word_1_751' title='bbox 1800 2615 1882 2658; x_wconf 77' lang='lat' dir='ltr'><strong>a_cies</strong></span> 
     </span>
    </p>
   </div>
   <div class='ocr_carea' id='block_1_103' title="bbox 181 2657 1006 2699">
    <p class='ocr_par' dir='ltr' id='par_1_103' title="bbox 181 2657 1006 2699">
     <span class='ocr_line' id='line_1_103' title="bbox 181 2657 1006 2699; baseline 0.001 -12"><span class='ocrx_word' id='word_1_752' title='bbox 181 2657 330 2699; x_wconf 66' lang='lat' dir='ltr'><strong>adversus</strong></span> <span class='ocrx_word' id='word_1_753' title='bbox 348 2657 579 2699; x_wconf 80' lang='lat' dir='ltr'><strong>I’elagimws,7:</strong></span> <span class='ocrx_word' id='word_1_754' title='bbox 595 2659 761 2699; x_wconf 76' lang='lat' dir='ltr'><strong>Elephanti</strong></span> <span class='ocrx_word' id='word_1_755' title='bbox 776 2657 869 2689; x_wconf 62' lang='lat' dir='ltr'><strong>laniis</strong></span> <span class='ocrx_word' id='word_1_756' title='bbox 879 2658 1006 2692; x_wconf 83' lang='lat' dir='ltr'><strong>motis.et</strong></span> 
     </span>
    </p>
   </div>
   <div class='ocr_carea' id='block_1_104' title="bbox 180 2697 1008 2738">
    <p class='ocr_par' dir='ltr' id='par_1_104' title="bbox 180 2697 1008 2738">
     <span class='ocr_line' id='line_1_104' title="bbox 180 2697 1008 2738; baseline 0 -10"><span class='ocrx_word' id='word_1_757' title='bbox 180 2697 309 2738; x_wconf 68' lang='lat' dir='ltr'><strong>gryphas</strong></span> <span class='ocrx_word' id='word_1_758' title='bbox 321 2699 352 2728; x_wconf 78' lang='lat' dir='ltr'><strong>in</strong></span> <span class='ocrx_word' id='word_1_759' title='bbox 363 2707 419 2729; x_wconf 82' lang='lat' dir='ltr'><strong>sua</strong></span> <span class='ocrx_word' id='word_1_760' title='bbox 430 2697 583 2738; x_wconf 76' lang='lat' dir='ltr'><strong>gravitate</strong></span> <span class='ocrx_word' id='word_1_761' title='bbox 592 2697 768 2735; x_wconf 65' lang='lat' dir='ltr'><strong>causentur,</strong></span> <span class='ocrx_word' id='word_1_762' title='bbox 786 2706 844 2729; x_wconf 81' lang='lat' dir='ltr'><strong>cur</strong></span> <span class='ocrx_word' id='word_1_763' title='bbox 854 2700 1008 2738; x_wconf 61' lang='lat' dir='ltr'><strong>quaternis</strong></span> 
     </span>
    </p>
   </div>
   <div class='ocr_carea' id='block_1_105' title="bbox 179 2738 1008 2779">
    <p class='ocr_par' dir='ltr' id='par_1_105' title="bbox 179 2738 1008 2779">
     <span class='ocr_line' id='line_1_105' title="bbox 179 2738 1008 2779; baseline 0.001 -12"><span class='ocrx_word' id='word_1_764' title='bbox 179 2738 306 2777; x_wconf 79' lang='lat' dir='ltr'><strong>pedibus</strong></span> <span class='ocrx_word' id='word_1_765' title='bbox 318 2739 459 2770; x_wconf 69' lang='lat' dir='ltr'><strong>iurata»!</strong></span> <span class='ocrx_word' id='word_1_766' title='bbox 467 2748 548 2775; x_wconf 84' lang='lat' dir='ltr'><strong>,t&#39;um</strong></span> <span class='ocrx_word' id='word_1_767' title='bbox 561 2749 668 2771; x_wconf 69' lang='lat' dir='ltr'><strong>muscae</strong></span> <span class='ocrx_word' id='word_1_768' title='bbox 679 2739 893 2779; x_wconf 74' lang='lat' dir='ltr'><strong>cuticesque,ct</strong></span> <span class='ocrx_word' id='word_1_769' title='bbox 902 2743 1008 2769; x_wconf 70' lang='lat' dir='ltr'><strong>autem</strong></span> 
     </span>
    </p>
   </div>
   <div class='ocr_carea' id='block_1_106' title="bbox 181 2778 991 2820">
    <p class='ocr_par' dir='ltr' id='par_1_106' title="bbox 181 2778 991 2820">
     <span class='ocr_line' id='line_1_106' title="bbox 181 2778 991 2820; baseline 0 -12"><span class='ocrx_word' id='word_1_770' title='bbox 181 2778 356 2820; x_wconf 64' lang='lat' dir='ltr'><strong>huiusmodi</strong></span> <span class='ocrx_word' id='word_1_771' title='bbox 371 2780 543 2820; x_wconf 73' lang='lat' dir='ltr'><strong>quimantt‘a</strong></span> <span class='ocrx_word' id='word_1_772' title='bbox 555 2781 607 2810; x_wconf 70' lang='lat' dir='ltr'><strong>sub</strong></span> <span class='ocrx_word' id='word_1_773' title='bbox 617 2779 751 2820; x_wconf 74' lang='lat' dir='ltr'><strong>penullis</strong></span> <span class='ocrx_word' id='word_1_774' title='bbox 762 2788 848 2809; x_wconf 76' lang='lat' dir='ltr'><strong>senos</strong></span> <span class='ocrx_word' id='word_1_775' title='bbox 854 2780 943 2818; x_wconf 78' lang='lat' dir='ltr'><strong>pedes</strong></span> <span class='ocrx_word' id='word_1_776' title='bbox 953 2779 991 2809; x_wconf 87' lang='grc' dir='ltr'><strong>Ιιιι</strong></span> 
     </span>
    </p>
   </div>
   <div class='ocr_carea' id='block_1_107' title="bbox 181 2818 1011 2860">
    <p class='ocr_par' dir='ltr' id='par_1_107' title="bbox 181 2818 1011 2860">
     <span class='ocr_line' id='line_1_107' title="bbox 181 2818 1011 2860; baseline 0.001 -12"><span class='ocrx_word' id='word_1_777' title='bbox 181 2818 291 2855; x_wconf 81' lang='lat' dir='ltr'><strong>beant;</strong></span> <span class='ocrx_word' id='word_1_778' title='bbox 309 2822 338 2850; x_wconf 86' lang='lat' dir='ltr'><strong>et</strong></span> <span class='ocrx_word' id='word_1_779' title='bbox 354 2819 449 2858; x_wconf 77' lang='lat' dir='ltr'><strong>aliqui</strong></span> <span class='ocrx_word' id='word_1_780' title='bbox 462 2818 626 2852; x_wconf 74' lang='lat' dir='ltr'><strong>vermiculi‘</strong></span> <span class='ocrx_word' id='word_1_781' title='bbox 637 2821 711 2859; x_wconf 84' lang='lat' dir='ltr'><strong>sint,</strong></span> <span class='ocrx_word' id='word_1_782' title='bbox 724 2820 878 2860; x_wconf 76' lang='lat' dir='ltr'><strong>quttantis</strong></span> <span class='ocrx_word' id='word_1_783' title='bbox 886 2819 1011 2859; x_wconf 63' lang='lat' dir='ltr'><strong>pedibus</strong></span> 
     </span>
    </p>
   </div>
   <div class='ocr_carea' id='block_1_108' title="bbox 1047 2654 1883 2697">
    <p class='ocr_par' dir='ltr' id='par_1_108' title="bbox 1047 2654 1883 2697">
     <span class='ocr_line' id='line_1_108' title="bbox 1047 2654 1883 2697; baseline -0.004 -8"><span class='ocrx_word' id='word_1_784' title='bbox 1047 2656 1290 2697; x_wconf 78' lang='lat' dir='ltr'><strong>comprehendat.</strong></span> <span class='ocrx_word' id='word_1_785' title='bbox 1311 2656 1345 2687; x_wconf 87' lang='lat' dir='ltr'><strong>Et</strong></span> <span class='ocrx_word' id='word_1_786' title='bbox 1361 2665 1391 2687; x_wconf 87' lang='lat' dir='ltr'><strong>Ill</strong></span> <span class='ocrx_word' id='word_1_787' title='bbox 1419 2660 1521 2687; x_wconf 80' lang='lat' dir='ltr'><strong>contra</strong></span> <span class='ocrx_word' id='word_1_788' title='bbox 1550 2654 1709 2697; x_wconf 70' lang='lat' dir='ltr'><strong>Ruﬁnum,</strong></span> <span class='ocrx_word' id='word_1_789' title='bbox 1734 2655 1754 2697; x_wconf 75' lang='grc'>8</span> <span class='ocrx_word' id='word_1_790' title='bbox 1773 2665 1780 2685; x_wconf 87' lang='grc'>;</span> <span class='ocrx_word' id='word_1_791' title='bbox 1798 2655 1883 2695; x_wconf 76' lang='lat' dir='ltr'><strong>Ergo</strong></span> 
     </span>
    </p>
   </div>
   <div class='ocr_carea' id='block_1_109' title="bbox 1049 2695 1881 2735">
    <p class='ocr_par' dir='ltr' id='par_1_109' title="bbox 1049 2695 1881 2735">
     <span class='ocr_line' id='line_1_109' title="bbox 1049 2695 1881 2735; baseline -0.004 -6"><span class='ocrx_word' id='word_1_792' title='bbox 1049 2695 1118 2729; x_wconf 60' lang='lat' dir='ltr'><strong>nisi</strong></span> <span class='ocrx_word' id='word_1_793' title='bbox 1126 2698 1180 2728; x_wconf 77' lang='lat' dir='ltr'><strong>tibi</strong></span> <span class='ocrx_word' id='word_1_794' title='bbox 1195 2697 1341 2726; x_wconf 72' lang='lat' dir='ltr'><strong>rationm:</strong></span> <span class='ocrx_word' id='word_1_795' title='bbox 1357 2696 1524 2731; x_wconf 76' lang='lat' dir='ltr'><strong>reddidero,</strong></span> <span class='ocrx_word' id='word_1_796' title='bbox 1536 2703 1630 2735; x_wconf 70' lang='lat' dir='ltr'><strong>quare</strong></span> <span class='ocrx_word' id='word_1_797' title='bbox 1644 2695 1790 2733; x_wconf 74' lang='lat' dir='ltr'><strong>formica,</strong></span> <span class='ocrx_word' id='word_1_798' title='bbox 1800 2703 1881 2735; x_wconf 79' lang='lat' dir='ltr'><strong>par-</strong></span> 
     </span>
    </p>
   </div>
   <div class='ocr_carea' id='block_1_110' title="bbox 1051 2735 1879 2776">
    <p class='ocr_par' dir='ltr' id='par_1_110' title="bbox 1051 2735 1879 2776">
     <span class='ocr_line' id='line_1_110' title="bbox 1051 2735 1879 2776; baseline -0.002 -8"><span class='ocrx_word' id='word_1_799' title='bbox 1051 2748 1120 2768; x_wconf 75' lang='lat' dir='ltr'><strong>vum</strong></span> <span class='ocrx_word' id='word_1_800' title='bbox 1135 2739 1250 2768; x_wconf 77' lang='lat' dir='ltr'><strong>animal</strong></span> <span class='ocrx_word' id='word_1_801' title='bbox 1266 2741 1294 2767; x_wconf 74' lang='lat' dir='ltr'><strong>cl</strong></span> <span class='ocrx_word' id='word_1_802' title='bbox 1310 2740 1467 2776; x_wconf 80' lang='lat' dir='ltr'><strong>punctum,</strong></span> <span class='ocrx_word' id='word_1_803' title='bbox 1485 2740 1515 2765; x_wconf 78' lang='lat' dir='ltr'><strong>ut</strong></span> <span class='ocrx_word' id='word_1_804' title='bbox 1526 2738 1574 2776; x_wconf 63' lang='lat' dir='ltr'><strong>ita</strong></span> <span class='ocrx_word' id='word_1_805' title='bbox 1596 2735 1710 2770; x_wconf 76' lang='lat' dir='ltr'><strong>dicam,</strong></span> <span class='ocrx_word' id='word_1_806' title='bbox 1727 2736 1879 2776; x_wconf 77' lang='lat' dir='ltr'><strong>corporis,</strong></span> 
     </span>
    </p>
   </div>
   <div class='ocr_carea' id='block_1_111' title="bbox 1051 2775 1880 2817">
    <p class='ocr_par' dir='ltr' id='par_1_111' title="bbox 1051 2775 1880 2817">
     <span class='ocr_line' id='line_1_111' title="bbox 1051 2775 1880 2817; baseline -0.004 -8"><span class='ocrx_word' id='word_1_807' title='bbox 1051 2787 1104 2809; x_wconf 65' lang='lat' dir='ltr'><strong>sex</strong></span> <span class='ocrx_word' id='word_1_808' title='bbox 1118 2778 1204 2817; x_wconf 76' lang='lat' dir='ltr'><strong>pedes</strong></span> <span class='ocrx_word' id='word_1_809' title='bbox 1221 2776 1328 2808; x_wconf 60' lang='lat' dir='ltr'><strong>habent</strong></span> <span class='ocrx_word' id='word_1_810' title='bbox 1345 2789 1355 2813; x_wconf 87' lang='lat'><em>;</em></span> <span class='ocrx_word' id='word_1_811' title='bbox 1371 2786 1436 2807; x_wconf 85' lang='lat' dir='ltr'><strong>cum</strong></span> <span class='ocrx_word' id='word_1_812' title='bbox 1453 2775 1639 2814; x_wconf 62' lang='lat' dir='ltr'><strong>elephantus,</strong></span> <span class='ocrx_word' id='word_1_813' title='bbox 1672 2778 1759 2805; x_wconf 77' lang='lat' dir='ltr'><strong>tanta</strong></span> <span class='ocrx_word' id='word_1_814' title='bbox 1774 2776 1880 2813; x_wconf 73' lang='lat' dir='ltr'><strong>moles,</strong></span> 
     </span>
    </p>
   </div>
   <div class='ocr_carea' id='block_1_112' title="bbox 1053 2817 1475 2859">
    <p class='ocr_par' dir='ltr' id='par_1_112' title="bbox 1053 2817 1475 2859">
     <span class='ocr_line' id='line_1_112' title="bbox 1053 2817 1475 2859; baseline -0.002 -11"><span class='ocrx_word' id='word_1_815' title='bbox 1053 2822 1184 2859; x_wconf 79' lang='lat' dir='ltr'><strong>quatuor</strong></span> <span class='ocrx_word' id='word_1_816' title='bbox 1200 2817 1324 2855; x_wconf 63' lang='lat' dir='ltr'><strong>pedibus</strong></span> <span class='ocrx_word' id='word_1_817' title='bbox 1347 2818 1475 2848; x_wconf 70' lang='lat' dir='ltr'><strong>incedat.</strong></span> 
     </span>
    </p>
   </div>
  </div>
