4056 6352
190 344 347 410 1213
1408 335 2057 401 RECOGNITIONUM
2099 333 2240 399 LIB.
2293 339 2342 399 Ι.
3413 340 3574 404 1214

185 474 656 559 ejusviri,quem
678 469 1023 552 apparuisse
1038 468 1449 552 dicis,expoue
1471 468 1827 544 doctrinam,
1854 476 1891 526 Α
1997 468 2154 532 XIII.
2188 468 2263 531 At
2298 465 2766 559 benignissimus
2787 473 3025 559 Petrus,
3061 472 3262 533 audito
3308 474 3576 559 nomine,

187 557 245 629 et
264 584 372 647 ego
405 563 555 625 meis
574 559 956 624 sermonibus
985 567 1085 620 tua
1108 559 1264 622 dicta
1293 576 1830 640 componens,om-
1916 573 2239 647 accurrens
2271 557 2541 637 protinus
2570 557 2809 621 inhaesit
2844 557 3066 622 osculis
3124 561 3296 642 meis,
3345 568 3403 624 et
3444 557 3577 643 post

184 655 509 738 nipotentis
532 653 642 717 Dei
676 668 922 728 regnum
945 650 1361 738 justitiamque
1387 647 1748 738 praedicabo,
1774 653 1834 738 et

185 736 319 828 post
339 746 465 808 haec
495 749 545 805 si
577 740 860 816 volueris,
888 741 1064 803 etiam
1090 737 1379 828 navigabo
1411 736 1835 828 tecum,valde

184 826 342 898 enim
362 834 562 896 videre
585 831 761 912 cupio
785 829 1073 903 Judaiam,
1101 827 1403 891 vobiscum
1419 826 1687 890 fortassis
1704 845 1838 909 per-

181 932 361 1007 petuo
395 939 846 1005 permansurus.
886 919 976 981 Ad
1012 920 1134 982 bzec
1167 918 1269 980 ille
1305 939 1318 977 :
1353 916 1466 997 Tu,
1526 916 1743 999 inquit,
1785 917 1836 979 si

182 1014 424 1095 quidem
455 1012 659 1074 videre
685 1010 770 1071 vis
797 1010 1044 1089 patriam
1076 1007 1684 1088 nostram,etdiscere
1702 1025 1838 1085 quas

182 1102 514 1176 desideras,
534 1102 658 1182 jam
686 1118 845 1162 nunc
870 1115 1101 1162 mecum
1126 1096 1352 1177 pariter
1368 1097 1594 1176 naviga;
1626 1097 1676 1158 si
1694 1115 1834 1159 vero

185 1200 241 1255 te
269 1192 490 1274 aliquid
524 1198 709 1270 tenet,
741 1189 914 1268 signa
944 1187 1045 1248 tibi
1081 1186 1463 1250 habitationis
1483 1192 1705 1248 nostra:
1734 1187 1838 1248 de-

181 1283 540 1364 relinquam,
570 1288 632 1341 ut
652 1298 786 1342 cum
811 1277 1015 1340 venire
1039 1276 1598 1351 volueris,invenire
1621 1275 1793 1338 nosfa
1809 1309 1836 1326 ο

172 1373 295 1435 cile
328 1371 546 1453 possis;
564 1388 671 1448 ego
696 1368 856 1431 enim
884 1368 1142 1429 crastino
1165 1366 1282 1430 iter
1301 1365 1834 1446 aggrediar.Quem

1918 645 2048 707 hac
2072 665 2207 708 cum
2242 647 2461 710 sedere
2480 665 2577 708 me
2611 646 2875 723 fecisset,
2911 648 3014 710 ait:
3034 650 3195 711 Bene
3218 649 3409 713 fecisti
3434 669 3579 733 pm-

1919 733 2246 798 dicatorem
2276 736 2543 799 veritatis
2558 737 2815 818 hospitio
2832 737 3465 819 recipereBarnabam,
3478 741 3574 802 ni-

1921 823 2003 885 hil
2035 825 2257 887 veritus
2277 826 2481 908 populi
2504 826 2863 889 insanientis
2884 826 3174 905 furorem;
3202 828 3410 891 beatus
3428 831 3573 893 eris.

1920 918 2087 982 Sicut
2119 920 2280 982 enim
2310 925 2373 984 tu
2405 920 2661 1001 legatum
2691 920 2956 984 veritatis
2992 922 3153 984 omni
3207 922 3437 985 honore
3478 922 3577 985 di-

1918 1027 2099 1088 gnum
2113 1008 2442 1086 duxisti,ita
2465 1018 2520 1073 te
2538 1030 2781 1093 quoque
2800 1011 3280 1093 peregrinantem
3305 1021 3364 1075 et
3383 1013 3578 1097 hospi-

1921 1106 2037 1160 tem
2060 1100 2277 1162 veritas
2316 1101 2447 1182 ipsa
2491 1102 2795 1183 suscipiet,
2831 1110 2889 1165 et
2911 1103 3098 1165 civem
3134 1104 3386 1186 proprias
3411 1104 3577 1167 urbis

1921 1187 2202 1265 ascribet,
2238 1198 2296 1252 et
2322 1200 2459 1254 tunc
2490 1191 2597 1254 tibi
2629 1192 2743 1255 erit
2767 1192 3049 1272 gaudium
3083 1211 3383 1273 magnum,
3417 1192 3578 1276 quod

1920 1280 2189 1359 exiguam
2205 1297 2366 1343 nunc
2379 1280 2459 1342 im
2470 1280 2731 1362 partiens
2745 1283 2988 1359 gratiam
3001 1291 3378 1358 ,aaternorum
3394 1282 3578 1345 bono-

1918 1384 2051 1429 rum
2087 1368 2278 1431 hzeres
2309 1369 2618 1434 scriberis.
2650 1369 2819 1434 Nunc
2843 1388 2987 1451 ergo
3012 1390 3086 1433 ne
3116 1370 3354 1433 labores
3384 1391 3576 1454 expo-

180 1460 284 1525 ubi
314 1458 686 1522 immobilem
713 1456 855 1537 vidi,
888 1456 1177 1518 descendi
1209 1474 1343 1517 cum
1380 1456 1510 1536 ipso
1533 1473 1725 1538 usque
1759 1454 1835 1518 ad
1920 1473 2068 1518 nere
2100 1457 2248 1519 mihi
2272 1460 2535 1520 animum
2558 1470 2724 1520 tuum
2753 1478 2769 1535 ;
2798 1468 3013 1526 cuncta
3045 1459 3205 1523 enim
3239 1461 3315 1525 de
3345 1470 3400 1525 te
3426 1462 3579 1526 etde

180 1558 439 1631 portum,
470 1566 541 1611 ac
567 1547 885 1627 diligenter
906 1544 979 1607 ab
1009 1563 1080 1607 eo
1101 1546 1293 1634 signa,
1322 1563 1452 1625 quae
1473 1544 1840 1626 dixerat,ha-
1923 1545 2194 1608 moribus
2217 1548 2333 1609 tuis
2353 1547 2657 1611 Barnabas
2678 1548 2843 1612 ﬁdeli
2860 1566 3145 1613 sermone
3162 1549 3581 1634 edocuit,quo-

180 1638 484 1702 bitationis
513 1637 742 1718 accepi,
779 1636 988 1699 dicens
1014 1633 1244 1713 eizquia
1261 1634 1375 1697 nisi
1400 1634 1835 1716 aliquantulum
1922 1634 2068 1697 tidie
2086 1653 2239 1716 pene
2261 1644 2318 1698 et
2338 1636 2756 1701 indesinenter
2776 1638 3069 1702 bonorum
3092 1648 3328 1702 tuorum
3351 1633 3580 1703 memo-

184 1730 456 1811 pecuniaa
484 1726 827 1791 necessario
861 1725 1004 1788 mihi
1029 1734 1190 1788 esset
1211 1743 1245 1787 a
1274 1724 1643 1787 debitoribus
1664 1743 1838 1804 repo-
1919 1723 2067 1787 riam
2093 1726 2472 1806 repetens.Et
2494 1736 2557 1790 ut
2588 1728 2689 1790 tibi
2716 1727 3279 1811 breviter,tanquam
3305 1730 3579 1794 unanimi

176 1819 492 1901 scendum,
523 1817 671 1881 nihil
704 1816 949 1879 omnino
972 1815 1301 1895 diﬂ‘errem,
1328 1814 1616 1878 velociter
1636 1823 1835 1878 tamen
1861 1815 1897 1866 Β
1914 1814 2037 1893 jam
2057 1815 2449 1894 amico,quod
2474 1816 2536 1879 in
2560 1834 2625 1882 re
2646 1825 2737 1879 est
2755 1817 3281 1895 deﬁniam,sinihil
3305 1827 3395 1882 est
3417 1820 3578 1902 quod

175 1910 463 1991 insequar
489 1909 608 1973 iter
632 1916 817 1969 tuum.
854 1910 999 1971 Cum
1032 1906 1158 1967 ἰ]ωο
1190 1905 1497 1981 dixissem,
1522 1923 1836 1967 commen-
1924 1911 1983 1965 te
2004 1903 2313 1985 impediat,
2349 1905 2464 1968 iter
2492 1925 2601 1984 age
2619 1906 2958 1989 nobiscum,
2992 1915 3052 1969 et
3071 1908 3211 1971 audi
3239 1928 3579 1972 sermonem

177 1998 314 2060 dato
346 2017 417 2061 eo
437 1997 721 2060 attentius
749 1996 868 2077 his,
893 1996 992 2077 qui
1022 1994 1150 2056 navi
1183 2002 1503 2076 praeerant,
1527 2012 1837 2074 regressus
1917 1994 2207 2069 veritatis,
2237 2013 2415 2077 quem
2460 1995 2721 2058 habituri
2746 2015 2954 2058 sumus
2984 2016 3091 2079 per
3140 1998 3270 2060 loca
3317 1997 3575 2079 singula,

178 2106 309 2149 sum
330 2087 532 2151 tristis.
564 2085 831 2150 Habebat
855 2086 1017 2149 enim
1042 2102 1135 2146 mr
1154 2083 1490 2146 recordatio
1515 2092 1837 2147 consuetu-
1921 2100 2234 2166 usquequo
2267 2084 2339 2147 ad
2367 2085 2553 2167 ipsam
2573 2085 2748 2148 nobis
2766 2087 3237 2167 perveniendum
3270 2089 3347 2150 sit
3369 2088 3577 2151 urbem

178 2178 337 2240 dinis
361 2177 499 2240 boni
531 2175 782 2257 hospitis
815 2184 872 2237 et
894 2174 1101 2257 optimi
1131 2174 1330 2237 amici.
1917 2169 2167 2234 Romam
2207 2192 2223 2249 ;
2255 2183 2315 2237 et
2347 2194 2508 2237 nunc
2539 2182 2598 2236 tu
2631 2176 2681 2237 si
2708 2176 2852 2257 quid
2877 2176 3206 2252 desideras,
3242 2176 3443 2242 dicito.

259 2268 383 2332 XII.
415 2267 634 2329 Diebus
660 2275 858 2331 autem
894 2266 1098 2347 paucis
1125 2272 1485 2340 remoratus,
1513 2272 1570 2326 et
1595 2264 1683 2326 his
1702 2284 1833 2347 qum
1994 2260 2156 2325 XIV.
2177 2262 2442 2345 Cumque
2460 2264 2515 2326 ei
2536 2266 3123 2345 exposuissem.quid
3149 2267 3222 2328 ab
3248 2267 3422 2329 initio
3449 2285 3581 2347 pro-

178 2358 557 2422 debebantur
586 2375 656 2418 ex
707 2363 869 2436 parte
930 2354 1129 2436 aliqua
1180 2354 1503 2434 proﬂigatis
1557 2353 1832 2433 (plurima
1916 2355 2088 2437 positi
2110 2357 2487 2437 gesserim,et
2514 2357 2815 2437 quomodo
2840 2361 3170 2438 perinanes
3195 2360 3417 2422 effusus
3440 2360 3550 2421 sim

176 2449 337 2511 enim
364 2446 682 2509 festinandi
711 2445 906 2507 studio
932 2444 1188 2524 neglexi,
1214 2461 1291 2506 ne
1321 2462 1355 2504 a
1377 2445 1679 2525 proposito
1711 2444 1830 2505 im-
1915 2446 2275 2525 quaestiones
2326 2447 2408 2524 [et
2439 2446 2539 2508 illa
2563 2448 2925 2527 omnia,qu:e
2949 2449 3078 2522 tibi,
3107 2449 3349 2512 domine
3372 2450 3453 2511 mi
3472 2449 3577 2513 Ja-

177 2538 469 2621 pedirer),
507 2535 804 2615 enavigavi
828 2534 1112 2596 continuo
1170 2533 1230 2594 in
1289 2532 1580 2615 Iudaeam,
1616 2536 1837 2614 etpost
1919 2533 2092 2621 cobe,
2129 2534 2187 2596 in
2211 2534 2522 2616 principiis
2544 2537 2816 2617 iudicavi,
2847 2539 2932 2600 uti
2970 2558 3046 2601 ne
3077 2539 3287 2601 eadem
3311 2548 3573 2621 repetam

177 2620 311 2691 dies
331 2627 674 2708 quindecim
707 2624 1507 2705 CasareamStratonis,quaa
1533 2631 1623 2686 est
1648 2623 1837 2687 Palae-
1917 2620 2015 2701 0‘],
2053 2623 2311 2687 libenter
2334 2625 2603 2705 promisi,
2641 2645 2775 2687 cum
2800 2627 2927 2709 ipso
2960 2647 3054 2689 me
3086 2628 3200 2690 iter
3247 2620 3522 2691 acturum
3560 2649 3576 2707 ;

179 2717 353 2780 stinaa
374 2717 519 2779 urbs
543 2715 824 2789 maxima,
849 2713 1139 2794 appulsus
1181 2731 1335 2776 sum.
1389 2716 1658 2795 Cumque
1709 2723 1837 2782 navi
1922 2712 2034 2775 hoc
2065 2721 2152 2774 est
2171 2714 2356 2792 enim,
2382 2714 2499 2796 aio,
2532 2716 2686 2796 quod
2715 2716 3107 2797 cupidissime
3130 2716 3573 2798 exspectabam.

182 2804 818 2887 egressus,hospitium
839 2802 1842 2885 quaererem,rumorepopulicom.
1924 2803 2345 2867 Verumtamen
2379 2807 2542 2884 prius
2573 2805 2720 2867 mihi
2752 2806 2924 2885 cupio
2961 2806 3259 2868 rationem
3310 2807 3576 2870 veritatis

182 2898 315 2978 peri
350 2897 509 2979 quod
538 2895 750 2958 Petrus
781 2893 1046 2975 quidam,
1069 2891 1227 2954 illius
1257 2892 1356 2973 qui
1405 2892 1467 2953 in
1498 2892 1698 2954 Judaea
1729 2911 1838 2974 ap-
1925 2892 2162 2972 exponi,
2201 2903 2259 2954 ut
2289 2894 2498 2974 sciam,
2535 2894 2583 2955 si
2618 2893 2901 2965 mortalis,
2957 2914 3031 2957 an
3091 2896 3444 2959 immortalis
3502 2897 3580 2958 sit

182 2987 404 3067 paruit,
439 2994 499 3047 et
529 2986 698 3065 signa
726 2984 912 3045 multa
941 3001 1009 3045 ac
1042 2982 1306 3063 prodigia
1354 2980 1637 3044 divinitus
1673 2993 1843 3062 gesta
1925 2982 2150 3064 anima,
2189 2990 2247 3044 et
2277 2984 2326 3044 si
2377 2983 2758 3066 immortalis,
2794 2994 2993 3049 utrum
3029 3004 3135 3068 pro
3166 2986 3259 3047 his
3302 3004 3436 3066 quas
3482 2985 3581 3048 hic

180 3077 342 3138 inter
372 3075 647 3137 homines
676 3073 960 3153 ostendit,
998 3071 1331 3150 discipulus
1355 3070 1837 3151 probatissimus,
1924 3071 2070 3153 agit,
2093 3072 2347 3134 ducatur
2387 3072 2460 3134 ad
2473 3072 2791 3153 judicium.
2828 3073 2944 3138 Sed
2979 3084 3038 3138 et
3073 3094 3206 3156 qua;
3227 3075 3303 3137 sit
3326 3076 3577 3158 justitia,

183 3167 444 3228 crastino
475 3183 611 3227 cum
647 3163 891 3227 Simone
920 3161 1175 3244 quodam
1229 3162 1599 3224 Samaritano
1642 3181 1709 3223 ex
1736 3180 1838 3223 ca-
1860 3185 1901 3236 α
1926 3180 2060 3237 qua:
2090 3161 2215 3223 Deo
2249 3163 2498 3242 placeat,
2533 3164 2690 3227 scire
2734 3163 3033 3228 desidero.
3079 3164 3230 3226 Tum
3267 3173 3578 3245 praeterea,

178 3256 360 3319 stello
408 3253 746 3318 Gethonum
778 3252 931 3333 (13),
966 3250 1278 3313 habiturus
1328 3260 1488 3313 esset
1521 3250 1839 3313 verborum
1924 3251 1975 3313 si
2005 3251 2197 3314 factus
2250 3260 2337 3314 est
2371 3252 2654 3332 mundus,
2712 3253 2802 3317 vel
2855 3272 3038 3334 quare
3096 3254 3306 3335 factus,
3367 3264 3469 3315 aut
3529 3254 3577 3315 si

178 3348 703 3423 quaestionumque
734 3350 1062 3404 certamen.
1108 3339 1335 3413 Quibus
1353 3358 1463 3419 ego
1484 3339 1727 3415 auditis,
1752 3359 1842 3403 ro.
1923 3339 2245 3403 solvendus
2295 3351 2408 3415 est,
2453 3360 2526 3403 an
2574 3342 2635 3403 in
2669 3343 2885 3405 melius
2914 3345 3314 3420 renovandus,
3372 3352 3473 3406 aut
3528 3344 3578 3406 si

177 3434 389 3514 gabam
409 3431 805 3495 demonstrari
831 3430 973 3492 mihi
993 3430 1125 3509 ejus
1149 3429 1497 3510 hospitium;
1523 3430 1679 3510 quod
1705 3449 1838 3492 cum
1927 3429 2171 3495 omnino
2207 3438 2337 3510 post
2364 3431 2489 3493 haec
2516 3449 2635 3493 non
2667 3432 2779 3495 erit
2808 3433 3090 3507 mundus,
3118 3442 3176 3495 et
3204 3452 3283 3496 ne
3316 3451 3423 3513 per
3451 3434 3577 3495 sin-

178 3524 567 3605 reperissem,
601 3531 777 3603 atque
797 3528 934 3583 ante
964 3519 1123 3580 fores
1151 3518 1581 3592 constitissem,
1607 3520 1843 3600 ingere-
1928 3519 2064 3599 gula
2098 3519 2470 3599 progrediar,
2497 3520 2624 3582 haec
2649 3528 2827 3602 atque
2861 3523 3074 3585 horum
3134 3522 3351 3585 similia
3402 3532 3466 3584 ut
3513 3541 3579 3585 se

181 3615 317 3677 bam
342 3613 618 3695 janitori,
644 3612 917 3694 quisnam
947 3626 1143 3671 essem
1166 3617 1345 3689 atque
1366 3608 1528 3671 unde
1551 3609 1622 3671 ad
1634 3619 1840 3672 venta-

178 3722 310 3767 rem
334 3726 359 3776 ;
382 3709 441 3764 et
460 3720 602 3764 ecce
631 3701 931 3764 Barnabas
957 3698 1310 3779 procedens,
1339 3698 1534 3760 statim
1560 3709 1625 3760 ut
1652 3719 1746 3762 me
1764 3701 1844 3761 vi.

181 3793 292 3869 dit,
310 3793 371 3857 in
389 3791 735 3872 complexus
758 3809 923 3852 meos
941 3789 1225 3863 cucurrit,
1248 3789 1460 3868 gaudio
1482 3788 1839 3871 lacrymans,

179 3892 363 3964 atque
391 3882 833 3962 apprehensum
857 3898 952 3942 me
984 3897 1158 3940 manu
1188 3878 1604 3941 introducebat
1625 3880 1696 3941 ad
1720 3879 1838 3942 Pe-

180 3980 362 4035 trum.
398 3972 587 4045 Quem
614 3990 747 4032 cum
772 3970 916 4031 mihi
942 3969 1181 4029 eminus
1203 3965 1707 4031 ostrndissetzﬁic
1726 3978 1837 4051 est,

179 4062 395 4142 inquit,
425 4066 656 4140 Petrus,
682 4078 860 4141 quem
887 4058 993 4121 tibi
1023 4059 1347 4119 maximum
1372 4059 1589 4120 essein
1613 4058 1718 4120 Dei
1749 4078 1841 4121 sa-

182 4150 409 4233 pientia
438 4150 732 4223 dicebam,
759 4150 977 4231 cuique
1017 4148 1091 4210 de
1124 4157 1179 4210 te
1211 4166 1419 4209 rursus
1446 4148 1579 4210 sine
1630 4167 1835 4211 cessa-

184 4241 347 4303 tione
370 4242 602 4305 locutus
632 4260 787 4304 sum.
825 4239 1145 4320 Ingredere
1170 4238 1650 4320 igiturtanquam
1683 4238 1838 4301 bene

187 4332 247 4395 ei
280 4332 575 4412 cognitus.
604 4332 819 4396 Omnia
850 4331 1007 4393 enim
1041 4347 1173 4409 quae
1196 4329 1255 4388 in
1289 4335 1344 4388 te
1365 4335 1503 4389 sunt
1529 4327 1705 4409 bona,
1734 4347 1835 4390 ve-

180 4421 422 4485 rissime
451 4421 765 4504 comperit,
801 4429 860 4484 et
889 4419 1244 4498 religiosum
1272 4416 1639 4497 propositum
1670 4425 1835 4479 tuum

1924 3608 2205 3690 habeant,
2239 3608 2473 3674 discere
2505 3629 2600 3673 me
2629 3611 2780 3673 velle
2818 3612 3126 3693 respondi.
3163 3611 3251 3674 Ad
3284 3614 3410 3674 hzec
3459 3611 3575 3673 Pe-

1926 3707 2052 3761 trus
2089 3698 2425 3780 :Breviter,
2458 3700 2674 3781 inquit,
2738 3700 2864 3776 tibi,
2925 3723 2960 3763 o
3018 3702 3317 3776 Clemens,
3372 3718 3574 3763 rerum

1926 3789 2237 3851 scientiam
2272 3789 2524 3870 tradam,
2559 3799 2617 3852 et
2645 3792 2913 3854 ausculta
2936 3793 3061 3871 jam
3097 3810 3279 3853 nunc.

2007 3877 2131 3941 XV.
2158 3878 2445 3941 Voluntas
2491 3881 2598 3943 Dei
2624 3888 2681 3943 et
2712 3882 3029 3943 consilium
3089 3881 3259 3942 latuit
3306 3878 3578 3941 homines

1924 3967 2130 4030 multis
2160 3986 2229 4029 ex
2262 3968 2481 4029 causis.
2520 3969 2722 4031 Primo
2754 3970 2997 4051 quidem
3055 3988 3157 4051 pro
3207 3968 3579 4031 institutione

1924 4058 2214 4137 mala,pro
2241 4057 2652 4119 sodalitatibus
2676 4059 2981 4138 pessimis,
3007 4078 3114 4139 pro
3146 4057 3581 4120 consuetudine

1922 4164 2206 4227 nequam,
2244 4165 2348 4227 pro
2372 4147 2690 4229 colloquiis
2721 4167 2837 4209 non
2871 4147 3067 4231 bonis,
3132 4167 3239 4230 pro
3292 4165 3579 4229 praesum-

1922 4236 2223 4316 ptionibus
2253 4238 2447 4298 minus
2463 4238 2645 4299 rectis
2665 4236 2743 4313 ⁸⁵,
2783 4257 2889 4316 pro
2914 4239 3028 4313 bis,
3065 4240 3330 4320 inquam,
3382 4236 3580 4298 omni-

1918 4324 2053 4400 bus,
2081 4326 2336 4406 primum
2362 4345 2553 4400 error,
2577 4327 2795 4390 deinde
2822 4336 3353 4410 contemptus,tum
3372 4326 3584 4387 infide-

1919 4415 2055 4478 litas
2077 4424 2135 4477 et
2164 4416 2386 4477 malitia
2406 4417 2558 4497 (14),
2587 4417 2829 4478 avaritia
2853 4437 3091 4502 quoque
3115 4426 3174 4481 et
3194 4436 3343 4479 vana
3355 4417 3584 4496 jactan-

182 4511 503 4589 diligenter
533 4512 791 4592 agnovit,
822 4530 893 4574 ex
922 4528 1040 4592 quo
1060 4517 1117 4570 et
1139 4525 1372 4569 summo
1387 4506 1687 4569 desiderio
1709 4509 1831 4589 agi-
1860 4504 1900 4554 Β
1922 4508 2023 4583 tia,
2052 4507 2289 4586 aliaque
2318 4509 2414 4570 bis
2437 4509 2657 4570 similia
2690 4511 2864 4586 mala,
2901 4512 3060 4574 velut
3089 4512 3286 4573 fumus
3335 4508 3576 4590 quidam

180 4608 278 4663 tur
306 4602 547 4664 videndi
578 4612 655 4665 te.
714 4600 887 4665 Unde
940 4616 1220 4678 magnum
1275 4597 1328 4657 ei
1396 4595 1575 4658 hodie
1622 4616 1839 4660 munus

183 4691 336 4752 meis
369 4698 426 4753 te
461 4691 738 4753 manibus
772 4691 956 4751 offero
992 4706 1009 4765 ;
1042 4686 1339 4767 simulque
1367 4684 1564 4748 oblato
1587 4706 1705 4765 me,
1731 4688 1832 4759 ait;

180 4777 290 4842 Hic
322 4788 413 4843 est
440 4779 743 4857 Clemens,
777 4779 975 4841 Petre.

1924 4599 2272 4678 immensus,
2311 4598 2651 4661 universam
2679 4598 2921 4660 domum
2940 4601 3127 4681 hujus
3152 4599 3355 4661 mundi
3388 4597 3579 4677 reple-

1919 4686 2021 4762 vit,
2057 4697 2119 4751 et
2148 4687 2553 4750 habitantibus
2586 4688 2946 4750 intrinserus
2977 4689 3258 4753 intuendi
3290 4687 3577 4751 Condito-

1918 4796 2045 4839 rem
2066 4796 2264 4853 suum,
2287 4787 2593 4859 aspectum
2616 4777 2870 4841 liberum
2899 4797 3017 4841 non
3039 4777 3430 4857 dedit,neque
3450 4794 3581 4857 quae

262 5022 327 5073 64
354 5022 498 5097 Quae
528 5022 699 5085 uncis
724 5018 1094 5094 inclusimus,
1129 5016 1343 5079 desunt
1374 5014 1438 5078 in
1471 5024 1725 5159 utroqge
1759 5017 1934 5082 codd.
1971 5019 2160 5099 Lipss.
2196 5024 2255 5079 et
2285 5017 2342 5079 in
2375 5017 2728 5098 quibusdam
2776 5017 2931 5081 aliis.
3015 5016 3080 5069 6³
3117 5017 3305 5081 Codd.
3375 5016 3567 5096 Lipss.

262 5122 279 5159 ι
308 5112 562 5159 nertzunl
589 5122 719 5159 can-
755 5120 883 5159 seu.
918 5097 1222 5159 vocabulis
1257 5118 1270 5159 :
1302 5095 1624 5159 Impossibi
1706 5115 1846 5159 erae
1872 5098 1946 5159 de
1974 5100 2151 5159 rebus
2180 5098 2435 5159 divinis.
2469 5105 2615 5159 etc.:
2647 5096 2876 5159 reliqua
2905 5097 3142 5159 desunt.

183 5102 279 5166 his
308 5095 562 5186 pergunt
589 5122 719 5185 cap.
755 5120 883 5182 seq.
918 5097 1222 5165 vocabulis
1257 5118 1270 5161 :
1302 5095 1600 5178 Impossib

1706 5115 1846 5177 ergo
1872 5098 1946 5161 de
1974 5096 2151 5162 rebus
2180 5096 2435 5176 divinis,
2469 5105 2615 5174 etc.;
2647 5096 2876 5178 reliqua
2905 5097 3142 5161 desunt.

1529 5274 1726 5339 COTE
1735 5273 1933 5340 LERII
1979 5274 2232 5339 NOTAE.

268 5440 383 5517 t13l
420 5441 527 5504 Ea:
554 5439 795 5504 castello
821 5438 1189 5503 Gethonum.
1224 5436 1309 5498 De
1367 5436 1608 5498 nomine
1660 5435 1838 5515 hujus

186 5521 514 5585 viciGrzeco
529 5521 785 5583 diximus
797 5520 869 5581 ad
893 5516 1617 5582 Constitutiones.Latinae
1637 5526 1836 5577 autem

189 5602 593 5679 expressionis
624 5602 939 5663 varietates
961 5598 1189 5661 videbis
1221 5598 1341 5672 hic,
1377 5607 1434 5659 et
1460 5596 1613 5679 infra
1643 5599 1837 5679 capite

188 5676 395 5768 7,libr_i
416 5681 714 5768 unguibus
736 5682 891 5768 adde
911 5681 1085 5768 aliam
1112 5679 1365 5768 Freculti
1397 5676 1624 5768 tonui],
1651 5676 1759 5768 lib.
1792 5695 1833 5755 ι,

190 5757 320 5846 cap.
355 5763 458 5841 20,
487 5763 579 5826 De
601 5766 759 5841 vico,
783 5761 998 5845 inquit,
1025 5763 1132 5842 qui
1160 5760 1395 5822 dicitur
1417 5757 1653 5823 Gittho.
1687 5761 1835 5821 Cor-

1920 5447 2098 5514 rupte
2129 5435 2285 5515 apud
2321 5435 2730 5514 l’hilastrium,
2766 5436 2828 5499 in
2860 5432 3123 5515 Simone:
3154 5437 3240 5499 De
3269 5435 3417 5499 villa
3443 5450 3577 5515 quae

1920 5512 2269 5579 est'Cz‘théus
2311 5519 2589 5582 vocitata.
2615 5512 2795 5579 Porro
2825 5512 3099 5578 scribere
3130 5524 3367 5594 praestat
3420 5512 3528 5594 per
3554 5515 3579 5575 ὁ

1921 5596 2024 5678 vel
2045 5615 2097 5676 θ,
2126 5614 2300 5678 quam
2331 5615 2499 5678 pery
2535 5617 2551 5678 ἓ
2584 5607 2642 5659 et
2674 5615 2780 5678 per
2803 5616 2840 5657 ιν
2870 5613 3176 5678 quam_per
3206 5616 3271 5659 η.

2005 5676 2057 5757 (1
2071 5672 2123 5749 lit
2145 5672 2303 5739 Tum
2332 5672 2749 5755 'inﬁitelitas'et
2773 5672 3012 5740 malitia
3034 5672 3283 5740 Ruﬁnus
3314 5672 3569 5754 legebat,

1920 5759 2149 5837 πονηρία
2161 5804 2178 5839 ,
2222 5774 2343 5819 non
2372 5760 2587 5838 πορνιία
2599 5804 2611 5819 .
