4056 6352
200 262 349 327 121⁸1

1428 256 2063 326 RECOGNITIONUM
2117 260 2254 321 [ΑΒ.
2305 261 2366 324 Ι..

3415 253 3570 316 1218

197 395 301 478 qui
332 395 559 458 nesciat
587 394 728 477 quid
759 395 1078 479 acceperit,
1106 403 1165 457 et
1194 402 1482 476 quantum
1533 395 1643 456 sibi
1675 412 1843 456 com-
1866 402 1905 450 A
1930 401 1986 454 et
2015 411 2046 452 a
2074 411 2210 474 quo,
2249 402 2306 455 et
2331 411 2437 472 per
2467 411 2642 472 quem
2669 393 2755 454 vel
2780 401 3023 474 prapter
3043 409 3246 474 quem;
3273 401 3470 454 utrum
3496 392 3570 454 ab

199 485 455 547 missum
490 484 565 545 sit
595 484 860 546 muneris
892 505 908 557 ;
945 491 1140 546 certus
1181 492 1332 561 esto,
1364 483 1519 563 quod
1551 483 1764 546 scienti
1795 491 1853 544 et

204 573 559 654 intelligenti
590 574 835 652 gratiam
887 573 1214 654 contulisti,
1267 591 1378 636 nec
1410 573 1580 635 facile
1612 590 1848 652 possum

199 664 424 745 decipi,
459 681 565 745 pro
593 681 663 726 eo
684 663 867 744 quod,
893 681 1025 745 quae
1073 663 1178 724 diu
1237 661 1675 743 desiderabam,
1735 662 1852 724 cito

197 753 406 816 videor
433 753 702 833 adeptus.
744 751 943 814 Potest
972 753 1131 815 enim
1178 751 1308 814 fieri
1350 759 1412 813 ut
1440 752 1592 815 alius
1622 751 1854 812 deside-

195 862 339 905 rans
364 843 483 904 cito
504 841 890 923 adipiscatur,
910 842 1062 905 alius
1089 861 1200 903 nec
1225 843 1393 904 tarde
1416 841 1488 903 ad
1513 841 1853 904 desiderata

199 933 530 1014 perveniat.

279 1021 436 1086 XIX.
473 1021 542 1084 Et
570 1025 807 1098 Petrus,
835 1021 925 1084 bis
956 1040 990 1084 a
1016 1041 1112 1083 me
1141 1022 1361 1084 auditis
1397 1040 1411 1085 :
1448 1019 1680 1085 Gratias
1710 1038 1846 1100 ago,

202 1113 418 1194 inquit,
450 1114 573 1176 Deo
607 1130 764 1186 meo,
793 1121 852 1174 et
884 1130 988 1190 pro
1018 1112 1206 1173 salute
1249 1123 1368 1191 tua,
1417 1119 1475 1172 et
1505 1129 1612 1191 pro
1642 1111 1852 1187 requie

202 1221 337 1264 mea
365 1222 382 1276 ;
415 1202 582 1264 valde
615 1201 775 1264 enim
810 1201 1100 1273 delector,
1134 1201 1275 1281 quia
1297 1201 1665 1262 intellexisse
1689 1209 1745 1262 te
1771 1198 1854 1259 vi-

205 1292 341 1366 deo,
371 1300 586 1374 quanta
612 1291 689 1352 sit
719 1291 949 1351 virtutis
981 1291 1348 1372 propheticre
1394 1290 1758 1368 magnitudo,
1794 1298 1852 1351 et

1933 501 2073 552 uno,
2108 501 2180 543 an
2213 501 2244 544 a
2279 482 2537 553 duobus,
2571 500 2644 542 an
2677 500 2711 542 a
2737 482 2934 542 multis
2965 499 3250 562 accepere
3290 483 3574 545 substano-

1933 572 2113 644 tiam;
2146 580 2418 634 etutrum
2451 590 2518 632 ex
2557 571 2734 631 nullis
2756 571 3182 648 substantibus,
3217 591 3288 632 an
3349 590 3418 633 ex
3467 572 3572 632 ali-

1932 661 2149 741 quibus
2179 672 2414 741 MIHIle
2447 665 2586 740 sint,
2640 670 2697 720 et
2721 661 3004 721 adornata
3037 678 3052 732 ;
3117 669 3236 721 tum
3275 663 3324 722 si
3375 661 3572 743 aliqua

1929 751 2117 811 virtus
2149 763 2238 811 est
2269 752 2324 812 in
2360 750 2685 823 altissimis,
2715 760 2816 811 aut
2847 751 2905 809 in
2939 749 3187 811 infernis
3221 770 3237 826 ;
3267 751 3316 812 si
3340 759 3427 812 est
3456 753 3570 813 ali-

1931 841 2072 920 quid
2110 841 2318 902 inelins
2342 840 2642 913 omnibus,
2675 848 2773 900 aut
2795 847 3022 900 cunctis
3045 839 3334 920 inferius;
3366 841 3415 902 si
3439 851 3575 903 sunt

1933 931 2110 1010 aliqui
2147 938 2361 1005 motus,
2393 940 2494 990 aut
2531 929 2675 989 nulli
2705 927 2934 1004 ;sihtec
2953 947 3081 1008 quae
3105 929 3579 1004 videntur,erant

1934 1038 2194 1098 semper,
2229 1029 2280 1079 et
2317 1029 2490 1080 erunt
2521 1039 2537 1094 ;
2567 1017 2617 1078 si
2640 1018 2918 1078 exstitere
2944 1017 3105 1078 nullo
3154 1029 3459 1099 operante,
3522 1029 3580 1082 et

1935 1109 2095 1169 nullo
2124 1108 2388 1170 solvente
2421 1106 2784 1170 dilabentur.
2813 1106 2897 1173 Si.
2933 1108 3201 1189 inquam,
3237 1127 3304 1170 ex
3341 1109 3428 1172 his
3460 1111 3578 1172 iiii-

1936 1199 2078 1259 tium
2110 1198 2403 1277 acceperit
2434 1197 2778 1277 disiiutatio,
2816 1204 2950 1275 puto
2986 1197 3141 1277 quod
3172 1217 3241 1258 ea
3266 1217 3400 1274 quae
3427 1218 3584 1280 quae-

1935 1299 2165 1366 rentur,
2201 1287 2472 1365 diligenti
2505 1286 2943 1348 exiiminatione
2975 1287 3242 1348 discussa
3264 1287 3434 1350 facile
3465 1291 3580 1350 cla-

205 1381 367 1461 quia,
405 1389 468 1442 ut
499 1381 608 1462 ais,
642 1398 750 1441 nec
777 1383 827 1441 si
859 1399 966 1462 ego
994 1381 1122 1462 ipse
1154 1380 1414 1462 cupiam,
1449 1381 1607 1462 quod
1640 1380 1796 1442 absit
1834 1385 1845 1438 !
1932 1387 2192 1439 rescanl.
2227 1375 2369 1438 Cum
2403 1383 2598 1436 autem
2662 1376 2788 1435 haec
2818 1376 3160 1448 claruerint,
3196 1395 3400 1439 eorum
3455 1397 3586 1458 quae

209 1460 411 1541 potero
449 1472 505 1522 te
537 1460 931 1522 transvertere
952 1460 1220 1523 in'aliam
1256 1461 1460 1522 fidem.
1496 1460 1578 1522 Ex
1596 1461 1710 1522 hoc
1725 1462 1848 1540 jam
1935 1467 2350 1544 sequi-Munia
2380 1474 2654 1545 promptu
2677 1465 3014 1546 reperietur
3034 1465 3271 1543 agnitio.
3299 1468 3420 1544 Ego
3444 1468 3586 1548 quid

208 1551 408 1632 incipe
427 1568 561 1613 esse
593 1551 932 1631 nobiscum,
986 1559 1044 1611 et
1103 1551 1362 1612 crastina
1415 1551 1512 1613 die
1564 1552 1851 1612 interesto
1936 1557 2226 1618 senserim
2266 1555 2522 1634 protuli;
2557 1554 2699 1635 quid
2731 1554 2908 1615 etiam
2941 1553 3044 1616 tibi
3076 1555 3363 1635 videatur,
3417 1557 3580 1618 indi-

209 1639 713 1722 disputationibus
747 1641 964 1701 nostris
995 1659 1011 1720 ;
1039 1640 1152 1700 erit
1183 1640 1342 1701 enim
1372 1640 1518 1701 mihi
1549 1648 1851 1702 certamen
1881 1718 1912 1725 _
1938 1665 2074 1708 care
2106 1665 2180 1706 ne
2214 1645 2427 1725 pigeat.

209 1718 343 1792 cum
377 1731 622 1793 Simone
653 1731 842 1807 Mago.
869 1718 1284 1805 Cumquelnec
1307 1727 1852 1810 dixisset,secessit,
1881 1718 1917 1769 Β
2021 1732 2180 1798 XXI.
2209 1718 2299 1796 Ad
2330 1735 2455 1794 haec
2481 1735 2713 1796 Petrus:
2777 1733 2902 1810 Dic,
2937 1733 3146 1814 inquit,
3218 1736 3453 1798 interim
3504 1735 3593 1800 Si-

208 1829 271 1880 ut
300 1818 496 1880 cibum
532 1829 771 1899 caperet
795 1835 930 1881 cum
949 1817 1338 1898 suis(16),me
1357 1830 1557 1878 autem
1583 1835 1855 1880 seorsum
1944 1825 2129 1901 trioni,
2166 1825 2337 1886 faciat
2372 1832 2431 1883 ut
2461 1823 2626 1902 libet,
2653 1830 2854 1884 certus
2897 1823 3079 1903 quod,
3139 1823 3335 1887 divina
3380 1824 3587 1889 Provi-

206 1911 360 1973 vesci
384 1911 586 1990 jussit.
626 1911 699 1972 Et
731 1919 862 1990 post
893 1908 1091 1972 cibum
1144 1927 1278 1971 cum
1331 1909 1564 1972 laudem
1600 1910 1862 1971 dedisset

210 2003 333 2064 Deo
371 2009 429 2063 et
444 2001 662 2080 gratias
681 1999 922 2078 egisset,
951 2000 1127 2061 etiam
1143 2000 1321 2080 hujus
1341 1999 1532 2081 ipsius
1553 1999 1688 2061 facti
1714 1999 1860 2061 mihi

209 2090 474 2154 reddidit
495 2091 816 2172 rationem,
845 2098 904 2151 et
931 2088 1179 2162 addidit,
1210 2089 1440 2153 dicens:
1474 2091 1584 2152 Det
1612 2089 1720 2151 tibi
1737 2091 1859 2152 Do-

213 2182 411 2242 minus
441 2181 746 2261 exzequari
775 2179 949 2242 nobis
980 2179 1040 2240 in
1102 2179 1404 2253 omnibus,
1458 2189 1522 2242 ut
1577 2187 1860 2261 percepto

213 2269 569 2351 baptismate
602 2270 802 2351 possis
842 2268 916 2332 ad
973 2268 1248 2330 eamdem
1297 2268 1606 2331 nobiscum
1640 2287 1859 2331 conve-

215 2361 345 2422 nire
370 2379 667 2422 mensam.
702 2361 776 2423 Et
805 2359 902 2422 his
933 2357 1130 2434 dictis,
1165 2359 1480 2439 quiescere
1513 2376 1608 2420 me
1635 2358 1813 2438 jussit
1848 2377 1864 2431 ;

209 2450 334 2528 jam
367 2450 523 2510 enim
551 2449 622 2511 ad
656 2467 930 2511 somnum
964 2455 1022 2510 et
1051 2455 1260 2510 natura
1301 2449 1594 2530 corporis,
1629 2459 1687 2511 et
1716 2447 1868 2511 ratio

219 2539 505 2619 temporis
529 2539 836 2602 invitabat.

300 2627 432 2693 XX.
470 2630 714 2691 Postera
732 2646 876 2690 vero
897 2627 995 2689 die
1009 2628 1327 2690 matutinus
1349 2627 1421 2690 ad
1443 2646 1550 2690 nos
1575 2627 1870 2707 ingredie-

220 2721 396 2782 batur
413 2719 752 2799 Zacchzeus,
777 2727 836 2779 et
865 2736 998 2779 cum
1019 2718 1347 2800 salutassei,
1387 2718 1468 2780 ait
1484 2719 1555 2781 ad
1579 2722 1822 2782 Petrum
1852 2740 1868 2780 :

220 2808 430 2872 Diﬂ'ert
446 2807 652 2870 Simon
665 2806 1011 2870 certaminis
1031 2807 1190 2868 diem
1209 2807 1271 2868 in
1294 2807 1670 2871 undecimam
1697 2826 1870 2871 men-

221 2900 307 2961 sis
363 2899 698 2979 prtesentis,
731 2915 863 2978 qua»
896 2904 986 2958 est
1042 2905 1171 2978 post
1222 2906 1452 2979 septem
1501 2899 1652 2962 dies.
1707 2899 1873 2963 Tunc

1944 1916 2139 1976 (lentia
2164 1914 2473 1992 largiente,
2501 1930 2742 1992 semper
2777 1931 2886 1973 nos
2934 1911 3195 1974 inveniet
3227 1923 3481 1994 paratos.
3521 1918 3593 1980 Et

1945 2005 2263 2066 Zacchzeus
2293 2003 2532 2080 quidem
2568 2020 2698 2082 quae
2742 2001 3042 2082 audierat,
3075 2020 3348 2080 egressus
3371 2014 3457 2067 est
3491 2004 3586 2068 Si—

1948 2094 2106 2154 moni
2152 2093 2448 2153 nuntiare.
2485 2089 2697 2152 Petrus
2727 2109 2865 2152 vero
2899 2094 3230 2169 respiciens
3258 2094 3330 2154 ad
3368 2113 3498 2174 nos,
3534 2104 3593 2157 et

1945 2182 2286 2261 intelligens
2315 2181 2718 2246 contristatum
2739 2198 2834 2240 me
2865 2199 2997 2241 esse
3030 2199 3135 2261 pro
3157 2181 3442 2246 dilatione
3462 2203 3588 2246 cer-

1947 2272 2208 2344 taminis,
2243 2272 2326 2333 ait
2361 2293 2374 2335 :
2410 2271 2518 2344 Qui
2572 2269 2760 2331 credit
2816 2269 3030 2330 summi
3076 2267 3184 2332 Dei
3234 2274 3598 2352 providentia

1950 2361 2284 2442 diSpensari
2313 2359 2626 2439 mundum,
2651 2379 2767 2419 non
2791 2358 2992 2433 debet,
3018 2377 3052 2420 o
3074 2360 3270 2423 amice
3293 2362 3594 2437 Clemens,

1950 2452 2025 2513 de
2055 2450 2307 2530 singulis
2335 2468 2466 2532 quae
2493 2467 2728 2530 quoquo
2767 2448 2942 2509 modo
2965 2449 3598 2534 accidunt,aspernan-

1951 2551 2041 2602 ter
2057 2541 2353 2621 accipere,
2380 2547 2578 2602 certus
2597 2537 2752 2620 quod
2767 2536 2996 2617 justitia
3016 2539 3149 2613 Dei,
3165 2539 3340 2602 etiam
3359 2561 3450 2616 ea,
3467 2562 3598 2624 quae

1955 2633 2256 2707 superﬂua
2285 2627 2560 2691 videntur
2588 2635 2691 2690 aut
2714 2627 3034 2689 contraria.
3049 2629 3108 2690 in
3127 2647 3485 2713 unoquoque
3502 2653 3602 2696 nc-

1953 2722 2111 2798 gotio
2145 2728 2477 2800 Opportuna
2528 2717 2686 2778 exitu
2739 2718 3218 2799 competentique
3274 2721 3598 2800 dispensat,

1957 2809 2256 2890 praecipue
2287 2818 2485 2871 tamen
2519 2826 2659 2888 erga
2689 2826 2792 2869 eos
2819 2806 2924 2888 qui
2955 2825 3088 2869 eum
3117 2809 3469 2874 familiarius
3491 2831 3596 2874 co-

1958 2903 2083 2960 lunt
2113 2921 2129 2972 ;
2166 2908 2223 2960 et
2245 2899 2379 2960 ideo
2409 2897 2465 2940 7°
2484 2899 2596 2978 qui.
2640 2897 2714 2958 de
2746 2895 2862 2973 his,
2896 2907 2958 2958 ut
2989 2896 3130 2972 dixi,
3165 2908 3362 2962 certus
3404 2914 3517 2974 est.
3547 2903 3598 2964 si

222 2987 384 3050 enim
408 2988 592 3066 magis
622 3005 873 3076 vacuum
900 2987 1016 3047 sibi
1048 2986 1416 3068 disceptandi
1450 2997 1687 3068 tempus
1719 2987 1933 3076 affir-C
1958 2989 2097 3071 quid
2123 2989 2357 3052 eveniat
2393 2995 2599 3049 contra
2635 2988 3012 3065 sententiam,
3036 2987 3196 3048 novit
3218 3006 3325 3069 pro
3346 3009 3417 3053 eo
3451 3011 3600 3055 mte-

223 3077 488 3141 mat.Sed
506 3086 564 3138 et
583 3076 724 3137 mihi
740 3075 979 3137 videtur
992 3076 1540 3156 comperendinatio
1555 3077 1610 3159 ej
1619 3098 1686 3140 us
1697 3080 1872 3141 etiam

225 3165 400 3229 nobis
456 3184 588 3228 esse
639 3165 1001 3242 necessaria,
1036 3173 1100 3226 ut
1126 3165 1326 3246 plures
1356 3170 1738 3249 conveniant,
1774 3169 1872 3252 qui

225 3256 646 3335 disputationis
669 3263 887 3316 nostra;
910 3256 998 3317 vel
1019 3253 1327 3318 auditores
1340 3257 1435 3319 vel
1447 3257 1686 3338 judices
1707 3261 1870 3324 ﬂant.

228 3350 653 3410 Verumtamen
684 3349 732 3408 si
753 3344 1060 3426 probabile
1086 3345 1192 3408 tibi
1212 3347 1468 3424 videtur,
1496 3347 1656 3412 inter
1673 3367 1871 3412 moras
1892 3416 1894 3418 τ

227 3457 322 3512 ea,
346 3454 480 3518 quae
507 3437 569 3498 in
600 3435 1059 3498 controversiam
1091 3435 1297 3498 venire
1331 3455 1506 3518 posse
1533 3439 1867 3521 opinamur,

230 3528 390 3590 inter
412 3526 810 3606 nosmetipsos
829 3527 997 3604 prius
1026 3524 1434 3607 discutiamus,
1472 3535 1530 3590 et
1547 3528 1870 3610 unusquis-

1957 3099 2156 3142 rorem
2175 3081 2248 3140 de
2265 3076 2482 3139 animis
2497 3077 2823 3158 expellere,
2842 3077 3074 3140 meliori
3089 3079 3385 3142 sententia
3407 3082 3602 3143 mani-

1956 3171 2172 3230 festum
2212 3168 2463 3249 habens,
2488 3167 2648 3248 quod
2668 3167 3110 3246 diSpensatione
3136 3167 3602 3245 boniDei,etiam

1959 3259 2115 3340 quod
2152 3260 2516 3320 contrarium
2545 3264 2808 3336 putatur,
2836 3256 3164 3318 vertaturin
3192 3258 3427 3323 melius.
3453 3260 3603 3322 Pro—

1957 3359 2090 3428 pter
2120 3348 2304 3430 quod,
2337 3367 2371 3408 ο
2405 3345 3056 3426 Clemens,etiamnunc
3080 3366 3197 3408 non
3223 3357 3278 3410 te
3303 3351 3612 3412 contristet

1955 3436 2105 3516 Magi
2137 3436 2399 3500 Simonis
2415 3436 2526 3498 ista
2547 3435 2777 3497 dilatio.
2807 3435 2996 3498 Credo
3021 3437 3177 3498 enim
3206 3439 3364 3518 quod
3391 3440 3611 3520 perDei

1956 3525 2385 3610 providentiam
2419 3535 2650 3604 gestum
2697 3524 2772 3586 sit
2803 3525 2876 3586 ad
2931 3525 3246 3589 utilitatem
3311 3537 3494 3612 tuam,
3549 3542 3612 3594 ut

231 3637 349 3700 que
371 3624 806 3696 nostrum,cum
823 3632 955 3698 qua;
978 3616 1369 3696 proponenda
1386 3617 1505 3678 sint
1526 3625 1584 3679 et
1605 3637 1737 3699 quas
1756 3624 1884 3682 res'-
1965 3617 2184 3700 possim
2216 3617 2321 3680 tibi
2352 3615 2648 3678 rationem
2674 3614 2814 3676 fidei
2849 3625 3086 3696 nostra},
3116 3617 3173 3677 in
3209 3617 3318 3680 hac
3377 3630 3606 3700 septem

233 3704 1116 3790 pondenda,cognoverit,apud
1129 3706 1516 3788 semetipsum
1533 3717 1878 3788 pertractet,
1964 3711 2193 3773 dierum
2207 3704 2867 3788 comperendinatione.
2887 3705 3112 3787 absque
3137 3709 3337 3790 aliquo
3358 3713 3611 3792 strepitu

234 3799 286 3860 si
310 3803 476 3859 recte
497 3814 562 3858 se
584 3794 863 3876 habeant,
898 3803 1000 3858 aut
1028 3795 1078 3857 si
1100 3796 1370 3859 invenire
1395 3799 1609 3878 poterit
1653 3800 1881 3881 aliquid
1928 3803 1930 3805 ’
1966 3797 2356 3881 perordinem
2381 3804 2819 3876 consequenter
2839 3813 3138 3876 exponere
3153 3801 3482 3864 secundum
3499 3808 3614 3864 tra-

233 3887 610 3950 adversarius
632 3885 792 3965 quod
812 3883 1079 3965 objiciat,
1111 3894 1213 3948 aut
1233 3905 1352 3966 quo
1369 3886 1601 3970 objecta
1626 3890 1882 3952 frustre-
1967 3887 2254 3950 ditionem
2284 3884 2332 3928 ἠ
2358 3885 2481 3946 veri
2499 3885 2824 3966 prophetas,
2849 3884 2950 3964 qui
2975 3885 3138 3948 solus
3168 3888 3445 3966 scit,qusa
3464 3891 3616 3952 facta

236 3987 354 4040 tur.
388 3977 452 4039 Si
479 3994 618 4037 vero
649 3994 716 4038 ex
740 3976 904 4037 omni
945 3975 1152 4058 latere,
1204 3995 1338 4057 quae
1365 3996 1400 4039 a
1431 3976 1606 4040 nobis
1634 3979 1892 4044 dicenda
1973 3986 2132 4047 sunt.
2181 3985 2243 4037 ut
2274 3975 2427 4038 facta
2448 3975 2592 4049 sint,
2618 3984 2678 4035 et
2705 3993 2838 4054 qua)
2867 3975 3029 4049 fiant,
3058 3985 3120 4037 ut
3149 3977 3313 4054 fiant,
3363 3997 3618 4060 quaeque

243 4065 692 4143 sunt,claruerit
710 4083 841 4127 esse
863 4065 1114 4146 munita,
1138 4067 1218 4128 ita
1255 4067 1500 4130 demum
1523 4070 1892 4134 confidenter
1973 4075 2169 4147 erunt,
2229 4075 2291 4127 ut
2347 4074 2522 4127 erunt
2559 4085 2576 4140 ;
2634 4081 2766 4143 quae
2807 4072 3004 4126 tamen
3037 4067 3346 4130 manifeste
3371 4069 3615 4146 quidem

245 4154 841 4235 quaestionisineatur
857 4154 1588 4237 exordium.thuidem‘°
1611 4177 1741 4221 mea
1761 4159 1889 4222 haec
1971 4157 2280 4219 dicta.uon
2303 4165 2500 4217 tamen
2523 4154 2833 4216 manifeste
2849 4154 3072 4234 scripta
3103 4157 3330 4233 suut,in
3365 4166 3615 4234 tantum,

243 4256 335 4310 est
363 4244 678 4317 sententia,
713 4243 870 4325 quod
903 4252 1045 4307 ante
1077 4245 1279 4307 omnia
1315 4247 1542 4327 requiri
1591 4257 1881 4329 Oporteat,
1911 4239 1952 4289 ο
1971 4256 2036 4309 ut
2064 4265 2198 4308 cum
2227 4246 2526 4325 leguntur,
2557 4243 2808 4322 intelligi
2824 4243 2955 4306 sine
2976 4245 3315 4324 expositore
3335 4267 3454 4310 non
3473 4267 3613 4329 pos-

246 4335 386 4419 quid
417 4333 494 4398 sit
524 4334 787 4396 omnium
841 4333 1124 4412 primum,
1183 4335 1400 4417 quidve
1447 4336 1883 4415 immediatum,
1969 4338 2091 4399 sint
2126 4345 2368 4417 propter
2396 4341 2704 4414 peccatum
2731 4334 3614 4416 quodcoadolevithominibus,

245 4421 405 4506 quod
435 4422 614 4484 etiam
643 4438 882 4484 causam
899 4439 1033 4484 esse
1050 4425 1318 4487 omnium
1342 4442 1475 4506 quae
1499 4425 1885 4504 sunt,doceno
1970 4427 2126 4489 sicut
2147 4425 2426 4506 superius
2447 4422 2730 4487 diximus.
2764 4421 2994 4486 Idcirco
3020 4424 3198 4504 igitur
3217 4426 3620 4506 explanabun-

247 4514 391 4576 dum
421 4520 513 4575 est
543 4529 561 4588 ;
592 4509 812 4574 deinde
831 4521 1046 4576 cuncta
1074 4531 1205 4595 qua
1229 4523 1391 4598 sunt,
1440 4520 1486 4577 si
1517 4515 1671 4580 facta
1724 4525 1885 4593 sunt,
1974 4525 2068 4578 tur
2101 4515 2203 4577 tibi
2236 4533 2341 4596 per
2371 4531 2468 4577 me
2499 4513 2720 4589 omnia,
2749 4521 2814 4576 ut
2836 4512 2900 4576 in
2929 4514 3023 4577 his
3050 4535 3181 4597 quae
3209 4523 3428 4598 scripta
3456 4526 3617 4594 sunt,

328 4672 395 4724 ϐο
422 4670 512 4760 Et
534 4672 776 4760 quidem
801 4708 882 4760 τ
911 4675 1249 4760 reperjetur
1277 4677 1513 4760 agnitio
1542 4695 1661 4760 non
1694 4677 1971 4759 leguntur
2012 4679 2073 4740 in
2102 4685 2368 4760 utroque
2386 4673 2563 4739 codd.
2583 4673 2821 4760 _Lipp_s._
2868 4673 2952 4760 _"_°
2982 4677 3062 4742 Et
3091 4678 3376 4742 ideo-in
3405 4679 3623 4744 melius

252 4752 469 4817 desunt
495 4752 563 4816 in
589 4754 765 4817 codd.
800 4752 993 4838 Lipss.
1075 4754 1125 4799 ’τί
1154 4752 1498 4820 Secundum
1531 4752 2308 4842 traditionem—agnoscds
2337 4756 2554 4818 desunt
2581 4755 2644 4817 in
2668 4752 2847 4818 codd.
2867 4753 3055 4837 Lipss.

1577 4894 1982 4965 COTELERII
2024 4896 2280 4963 NOTAE.

341 5052 773 5140 (lti)$e_c¢ssit,
805 5053 1106 5140 utribus:
1126 5065 1373 5140 caperet
1429 5073 1577 5140 eum,
1602 5059 1750 5124 suis.
1785 5067 1902 5122 etc.
1987 5077 2122 5140 cum
2155 5057 2542 5140 Constantino
2600 5057 2966 5140 imperatore
3013 5056 3278 5140 nondum
3318 5055 3628 5140 baptizata

255 5132 628 5220 PassimAhic.
661 5135 836 5220 Apud
853 5132 1246 5220 Athanasium
1276 5137 1904 5220 Lib.ideuirginitate,
1989 5138 2256 5220 epulatos
2280 5139 2467 5201 fuisse
2525 5132 2720 5220 testis
2739 5146 2830 5199 est
2878 5135 2996 5220 fide
3044 5136 3261 5220 dignus
3315 5132 3634 5220 Eusebius,

255 5231 316 5300 p.
368 5214 524 5278 1052
552 5232 573 5278 .‘
605 5214 734 5300 fee;
775 5215 833 5275 δὲ
863 5218 1048 5300 ὠρεθῇ
1091 5219 1484 5300 κατηχουμένη
1541 5219 1596 5276 ἐν
1617 5214 1862 5299 ⁷τραπέζῃ

1991 5214 2260 5300 quamvis
2318 5220 2375 5281 ei
2407 5220 2557 5282 nolit
2585 5218 2835 5300 credere
2889 5214 3266 5300 Nicephorus
3335 5216 3640 5300 Callistus.

253 5296 334 5370 μὴ
399 5297 768 5381 συνευχέσοω-
809 5299 946 5374 μετὰ
1139 5296 1366 5381 macilis,
1401 5297 1518 5381 οὗᾷὶ
1549 5300 1627 5381 μὴ
1653 5296 1862 5381 audies]

1991 5296 2107 5381 Sed
2136 5309 2196 5362 et
2223 5299 2546 5381 Christiani
2581 5297 2753 5361 multi
2781 5315 2902 5360 non
2930 5296 3081 5360 adeo
3110 5316 3143 5360 a
3177 5299 3424 5381 paganis
3475 5299 3638 5381 refu-

254 5389 454 5456 φαγιτν
468 5376 800 5461 τὸνςψωρίόν
833 5400 928 5461 eoo
971 5376 1091 5461 μετξ
1125 5381 1316 5448 αὐτῆς.
1338 5376 1771 5461 Capitularium
1799 5379 1862 5461 ιη

1989 5380 2252 5460 giebant.
2284 5379 2458 5444 Unde
2485 5379 2761 5443 Nonnam
2793 5389 3044 5461 matrem
3071 5376 3237 5441 suain
3258 5376 3464 5461 laudat
3488 5377 3638 5442 Gre-

252 5470 338 5539 VI,
375 5475 511 5539 cap.
557 5457 824 5542 ΩΩζΝοη
858 5457 1040 5522 liceat
1069 5457 1574 5542 baptizami'cuim
1622 5460 1908 5542 catechu-
1969 5457 2193 5541 ,gorius
2238 5463 2668 5541 Nazianzenus,
2700 5461 2858 5542 quod
2901 5459 3101 5521 cibum
3159 5479 3290 5542 cum
3345 5459 3639 5542 idolorum

253 5539 1018 5621 agnis_manducare,mc
1048 5541 1319 5605 osculum
1360 5541 1654 5619 eisdare,
1685 5541 1779 5606 vel
1804 5559 1917 5605 ave
1998 5539 2330 5606 cultoribus
2373 5539 2750 5621 communem
2814 5557 3121 5617 nunquam
3181 5539 3482 5621 habuerit,
3529 5557 3640 5601 nec

255 5615 387 5702 illis
431 5619 635 5702 dicere
661 5640 677 5686 :
705 5615 933 5702 quanto
961 5622 1162 5701 magis
1191 5615 1919 5702 cumcgcommum'cati's
1999 5622 2237 5702 gentilis
2265 5622 2504 5686 feminae
2547 5619 2820 5702 manibus
2880 5615 3148 5682 dextram
3204 5615 3501 5702 injecerit,
3539 5630 3640 5683 aut

255 5694 335 5761 ab
365 5694 796 5783 spumae-ut
825 5718 963 5764 cum
990 5694 1322 5782 gentilibus
1340 5701 1702 5785 YEpiscopos
1715 5712 1917 5770 tamen
2000 5694 2168 5766 labra
2190 5703 2371 5766 labris
2396 5701 2726 5766 miscuerit.
