2028 3176
261 117 338 152 1285

673 119 705 149 Β.
725 116 946 158 CLEMENTIS
965 119 979 149 Ι
1000 116 1094 150 ΗΘΜ.
1116 115 1231 153 ΡΟΝἹἏ
1252 114 1377 154 οηιυι
1397 113 1526 145 DUBIA.

1872 76 2017 142 ωαχ

258 195 327 218 eum
342 185 475 226 dixisset,
491 194 551 216 non
566 184 751 217 dubitaretur
765 188 795 216 et
810 185 985 225 prophetam
1003 192 1072 216 eum
1084 187 1103 209 Α
1116 179 1146 211 bi
1162 189 1230 211 vero
1244 180 1297 226 qui
1309 178 1383 210 nihil
1399 178 1437 210 de
1452 179 1518 219 ipso
1530 177 1650 219 penitus
1664 175 1885 226 audi-erant,“
1897 183 1957 205 ve-

258 229 361 267 tuisse,
377 230 492 262 etiamsi
521 230 662 271 scriptum
688 239 748 260 non
773 233 854 260 esset
882 229 912 260 in
937 229 1077 269 legezita

258 285 325 306 cum
340 280 454 307 certum
474 275 513 306 sit
534 284 601 306 eum
619 275 794 315 prophetam
818 273 923 314 fuisse,
939 273 1077 305 similiter

259 325 375 352 certum
390 324 436 351 est
451 323 480 350 et
494 320 572 360 quod
589 323 695 351 unctus
707 319 756 356 sit,
768 318 837 360 quia
846 318 912 351 sine
927 322 1077 358 unguento

261 365 439 406 prophetare
453 374 512 396 non
529 368 656 405 poterat.
669 363 779 395 Verum
795 363 851 395 hoc
869 363 961 403 magis
976 363 1078 394 dicere

261 414 290 441 te
304 409 446 449 oportuit,
458 409 481 440 si
496 409 627 440 chrisma
642 413 706 439 arte
731 407 911 449 myropolica
933 407 1079 448 composi-

261 460 322 486 tum
336 458 381 485 est
393 454 430 486 ab
459 455 572 491 Aaron,
586 452 735 493 quomodo
765 452 878 492 primus
903 453 991 483 homo
1014 461 1078 491 per-

260 499 331 539 ungi
347 498 439 539 potuit
454 504 605 538 unguento
629 503 710 534 ante,
725 497 949 538 compositionis
965 496 1078 527 artibus

261 544 392 575 nondum
410 542 562 583 repertis?
575 543 610 574 Et
624 552 678 582 ego
694 542 855 582 respondi:
872 541 936 573 Non
954 551 1001 573 me
1017 546 1061 572 tra

261 589 363 625 ducas,
380 589 488 628 Petre;
506 597 566 618 non
579 587 658 618 enim
675 587 712 618 de
736 591 888 626 unguento
914 586 1078 626 composito

263 639 292 665 et
307 634 463 675 temporali
478 635 544 665 oleo
567 633 683 673 loquor,
699 632 751 663 sed
777 632 815 663 de
836 631 885 663 illo
908 631 1035 672 simplici
1050 636 1079 663 et

261 684 388 715 aeterno,
405 678 484 719 quod
515 687 531 708 a
561 676 621 708 Deo
647 677 754 708 factum
783 686 850 707 esse
879 676 1018 711 docuisti,
1041 675 1077 706 ad

259 724 346 763 cujus
372 722 603 753 similitudinem
632 722 709 753 istud
740 722 937 761 compositum
964 730 1031 751 esse
1043 720 1079 751 ab

261 767 433 798 hominibus
445 767 530 798 dicis.

301 811 428 844 XLVIII.
442 811 478 843 Et
493 813 597 842 Petrus
614 812 649 842 ad
676 812 750 851 hac,
768 814 800 841 ut
814 810 980 847 videbatur,
998 810 1079 841 indi—

260 865 376 898 gnans:
392 856 467 893 Quid
492 861 588 896 putas,
606 855 754 889 Clemens.
770 854 840 896 quia
855 864 958 885 omnes
981 855 1081 885 omnia
1093 862 1110 887 Β

260 905 330 932 ante
345 905 463 942 tempus
478 901 556 932 scire
571 909 729 940 possumus
743 899 759 930 ?
776 900 833 931 Sed
857 909 936 930 nunc
961 899 1001 930 uti
1017 909 1053 930 ne
1069 909 1085 930 a

267 946 420 986 proposito
434 954 575 976 sermone
586 945 775 983 recedamus,
787 944 859 975 alias
871 944 923 974 tibi
933 953 1001 975 cum
1018 953 1085 984 pro-

261 990 361 1022 fectus
376 994 443 1020 tuus
459 989 633 1020 manifestus
658 989 759 1030 fuerit,
775 989 813 1020 de
829 989 876 1019 his
889 989 1019 1028 apertius
1035 999 1084 1020 ex-

263 1044 419 1075 ponemus.
427 1034 510 1066 Tuuc
518 1038 617 1065 autem
628 1038 777 1072 unguento
786 1034 950 1073 composito
960 1043 1085 1074 perunc-

262 1085 309 1111 tus
324 1080 453 1120 pontifex
465 1079 509 1110 vel
520 1079 676 1120 propheta,
687 1078 741 1110 Dei
753 1079 845 1109 altare
854 1079 1041 1109 succendens
1053 1080 1082 1110 in

264 1124 345 1155 omni
358 1124 467 1155 mundo
479 1124 578 1155 clarus
590 1124 767 1155 habebatur.
779 1122 838 1155 Sed
848 1128 914 1164 post
923 1123 1020 1154 Aaron
1034 1124 1083 1163 qui

266 1169 395 1209 pontifex
404 1169 469 1205 fuit,
481 1169 557 1200 alius
568 1178 601 1200 ex
613 1168 697 1209 aquis
707 1168 880 1205 assumitur,
893 1178 952 1199 non
966 1168 1082 1210 Moysen

265 1214 345 1247 dico.
362 1213 416 1245 sed
434 1213 517 1244 illum
533 1213 582 1253 qui
597 1214 627 1245 in
643 1213 729 1252 aquis
745 1212 883 1253 baptismi
897 1213 1014 1244 Filiusa
1026 1216 1086 1246 Deo

264 1258 434 1299 appellatus
454 1261 500 1289 est
511 1257 651 1289 9°.Jesus
680 1267 808 1298 namque
837 1261 894 1294 est,
910 1259 960 1297 qui
988 1258 1086 1298 ignem

263 1303 348 1334 illum
364 1312 452 1344 quem
464 1302 647 1334 accendebat
662 1302 792 1343 pontifex
809 1312 861 1343 pro
876 1303 1016 1344 peccatis,
1033 1314 1085 1336 re-

261 1348 364 1379 stinxit
378 1357 430 1387 per
440 1347 580 1388 baptismi
591 1346 767 1386 gratiam;ex
777 1356 835 1386 quo
848 1347 927 1378 enim
938 1347 986 1378 hic
997 1357 1085 1389 appa-

261 1392 332 1428 ruit.
342 1392 468 1424 cessavit
483 1391 627 1429 chrisma,
641 1401 695 1432 per
715 1392 795 1432 quod
812 1391 999 1432 pontiﬁcatus
1011 1403 1085 1434 pra-

262 1435 398 1473 bebatur,
416 1436 460 1467 vel
485 1436 653 1477 prophetia,
667 1436 711 1467 vel
725 1445 861 1476 regnum.

300 1480 398 1513 XLIX.
410 1480 496 1512 Hunc
512 1481 603 1521 igitur
619 1481 789 1512 adfuturum
807 1480 941 1522 prmdixit
955 1482 1082 1523 Moyses,

262 1526 312 1568 qui
324 1527 420 1566 legem
435 1525 488 1558 Dei
499 1525 673 1557 hominibus
683 1525 821 1566 tradidit;
831 1526 883 1556 sed
891 1530 918 1557 et
928 1526 1004 1557 alius
1014 1531 1083 1558 ante

261 1563 372 1612 ipsum:
388 1570 463 1601 sicut
478 1569 531 1601 tibi
547 1574 577 1601 et
600 1573 669 1601 ante
692 1570 755 1610 jam
782 1563 903 1602 tradidi.
922 1570 989 1611 Ipse
1011 1563 1112 1611 ergoc

261 1615 400 1647 indicavit
418 1624 486 1646 eum
514 1619 670 1646 venturum
687 1615 782 1655 primo
809 1615 928 1655 quidem
955 1615 1082 1647 adventu

262 1659 418 1700 humilem,
429 1659 563 1690 secundo
577 1668 647 1690 vero
658 1659 831 1699 gloriosum.
847 1659 881 1690 Et
893 1661 1007 1700 primus
1019 1661 1083 1702 qui-

262 1704 330 1735 dem
340 1705 399 1743 jam
415 1703 557 1744 impletus
572 1708 628 1745 est,
643 1713 710 1735 cum
729 1705 811 1735 venit
827 1709 856 1735 et
870 1705 983 1746 docuit,
996 1708 1026 1737 et
1037 1706 1081 1746 ju-

262 1748 318 1780 dex
329 1748 463 1778 omnium
472 1748 625 1788 judicatus
638 1753 695 1785 est,
707 1758 741 1780 ac
755 1754 935 1789 peremptus
945 1749 1084 1781 Secundo

261 1801 333 1824 vero
343 1792 471 1824 adventu
483 1792 672 1832 judicaturus
687 1793 836 1833 adveniet,
849 1798 879 1824 et
893 1794 999 1834 impios
1014 1794 1084 1833 qui-

265 1837 333 1869 dem
352 1837 580 1878 condemnabit,
596 1838 661 1878 pios
676 1847 746 1869 vero
758 1839 786 1868 in
804 1838 986 1869 consortium
1001 1838 1085 1879 regni

263 1881 498 1923 societatemque
509 1882 755 1923 suscipiet.Fides
766 1891 836 1914 vero
848 1883 1084 1914 secundiadven-

265 1931 311 1958 tus
326 1930 440 1958 constat
452 1935 488 1958 ex
505 1929 615 1966 primo.
628 1927 784 1968 Propheta;
796 1927 876 1958 enim
886 1928 923 1958 de
938 1928 1033 1968 primo
1045 1929 1086 1959 lo-

263 1971 323 2002 cuti
336 1975 416 2008 sunt,
432 1975 460 2001 et
477 1970 628 2012 pracipue
643 1971 735 2004 Jacob
761 1975 790 2002 et
813 1969 1086 2012 Moyses,nonnulli

262 2019 361 2046 tamen
373 2015 461 2046 etiam
491 2015 530 2046 de
548 2015 692 2046 secundo.
709 2015 768 2047 Sed
784 2015 1003 2056 magniﬁcentia
1014 2025 1085 2056 pro~

266 2059 374 2100 phetiae
388 2059 418 2090 in
432 2059 490 2090 hoc
510 2059 639 2091 maxime
664 2060 888 2100 comprobatur,
906 2060 985 2101 quod
1011 2061 1083 2091 nihil

262 2104 426 2135 secundum
442 2105 686 2145 consequentiam
707 2114 808 2136 rerum
824 2105 862 2136 de
877 2104 982 2136 futuris
998 2105 1084 2136 dixe-

261 2152 355 2186 runt;
382 2149 493 2188 alioqui
522 2149 685 2181 aestimasse
714 2150 814 2190 potius
843 2149 994 2190 sapientes
1016 2150 1083 2188 viri,

1119 226 1199 257 uisse
1209 224 1347 264 credunt,
1361 227 1391 255 et
1402 228 1562 256 venturum
1578 225 1711 262 sperant.
1727 219 1762 251 Et
1777 219 1816 250 ita
1831 219 1867 250 in
1886 228 1961 250 om-

1120 271 1207 302 nibus
1220 270 1373 310 prophetia
1393 268 1489 300 tidelis
1505 266 1656 308 apparuit,
1670 274 1737 306 quae
1753 264 1828 295 dixit
1846 264 1957 310 ipsum

1119 325 1185 347 esse
1197 308 1448 355 exspectationem
1464 312 1609 352 gentium.
1623 310 1804 342 Erraveruut
1814 318 1895 348 ergo
1907 308 1960 340 Ju-

1120 360 1175 391 daei
1186 360 1225 391 de
1240 354 1338 400 primo
1350 357 1469 389 Domini
1485 357 1614 388 adventu
1627 367 1635 393 ',
1648 359 1678 386 et
1688 354 1767 385 inter
1784 363 1841 400 nos
1857 357 1958 393 atque

1118 406 1200 446 ipsos
1216 398 1254 435 de
1268 404 1324 435 hoc
1339 407 1384 434 est
1394 403 1458 435 solo
1470 401 1640 446 dissidium:
1656 401 1731 446 Nam
1749 398 1827 439 quod
1846 401 1960 429 ventu-

1118 445 1170 481 rus
1184 450 1222 480 sit
1236 448 1383 481 Christus.
1398 451 1510 478 norunt
1522 446 1610 477 etiam
1633 445 1690 485 ipsi
1705 449 1736 474 et
1751 447 1956 483 exspectant;

1120 494 1197 535 quod
1213 497 1311 524 autem
1329 492 1391 532 jam
1408 491 1524 522 venerit
1539 490 1569 521 in
1584 489 1753 535 humilitate
1769 487 1817 535 hic
1830 486 1888 527 qui
1906 486 1957 517 di-

1120 531 1196 570 citur
1208 539 1305 574 Iesus,
1319 531 1466 576 ignorant.
1478 536 1513 567 Et
1524 535 1554 565 in
1570 534 1627 565 hoc
1642 532 1770 564 maxime
1782 531 1852 571 ejus
1867 540 1955 576 eou-

1121 584 1254 615 ﬁrmatur
1268 574 1424 620 adventus,
1441 579 1519 621 quod
1536 579 1564 611 ei
1587 588 1646 609 non
1671 585 1777 608 omnes
1799 574 1958 621 credunt.

1161 629 1208 660 LI.
1223 627 1309 659 Hunc
1326 635 1396 666 ergo
1413 619 1492 658 Deus
1511 622 1671 655 destinavit
1691 622 1720 652 in
1744 622 1803 652 line
1828 619 1959 659 mundi,

1122 673 1192 714 quia
1204 671 1392 712 impossibile
1407 674 1470 701 erat
1482 668 1652 700 mortalium
1671 666 1748 714 mala
1762 666 1888 714 purgari
1903 673 1958 705 per

1122 710 1344 757 alium,integra
1357 716 1498 746 duntaxat
1513 710 1849 757 permanentehumani
1863 718 1958 757 gene-

1123 763 1165 793 ris
1179 751 1326 801 creatura,
1343 760 1400 791 hoc
1425 763 1471 790 est
1492 751 1569 788 salva
1584 756 1702 802 arbitrii
1719 751 1957 802 libertate._Hoc_

1123 807 1211 847 igitur
1227 810 1302 837 statu
1319 797 1462 836 incolumi
1488 807 1654 838 reservato,
1672 800 1797 847 invitare
1812 797 1904 847 venit
1919 797 1955 827 ad

1122 841 1246 891 rcgnum
1255 851 1352 891 justos
1365 857 1503 890 quosque
1518 852 1547 878 et
1560 855 1612 892 eos
1627 845 1680 884 qui
1698 844 1816 892 placere
1828 841 1958 892 studue-

1126 886 1194 927 τυῖιι
1205 896 1245 932 ei,
1255 886 1367 936 quibus
1376 886 1461 924 bona
1472 891 1633 923 ineffabilia
1650 887 1827 936 prazparavit
1840 891 1875 936 e_t
1886 886 1957 917 Hie-

1126 942 1255 973 rusalem
1262 932 1408 970 civitatem
1416 938 1650 977 crnlestem,quae
1659 942 1748 974 super
1755 932 1956 981 splendorem

1127 986 1198 1017 solis
1214 984 1340 1025 fulgebit
1361 987 1390 1014 in
1416 982 1598 1014 habitatione
1619 984 1802 1011 sanctorum.
1819 977 1957 1025 Iujustos

1127 1040 1197 1062 vero
1212 1035 1241 1061 et
1255 1020 1375 1070 impios,
1387 1032 1417 1060 et
1428 1028 1477 1067 qui
1491 1036 1544 1068 pro
1556 1025 1649 1057 nihilo
1661 1025 1827 1070 habuerunt
1840 1020 1954 1055 Deum,

1125 1066 1375 1115 commissamque
1392 1073 1449 1104 sibi
1465 1066 1552 1104 vitam
1569 1071 1689 1101 diversa
1701 1068 1736 1098 ad
1749 1066 1867 1115 ﬂagitiq
1883 1074 1955 1096 cons

1126 1121 1268 1158 tulerunt,
1280 1129 1314 1150 ac
1326 1110 1442 1159 iempus
1457 1117 1558 1157 operis
1569 1112 1836 1159 justi,exercitiu_m_
1851 1110 1956 1159 fecere
2016 1134 2017 1137 η

1125 1155 1514 1204 malitia-competentibus
1527 1161 1660 1202 ipsisque
1675 1157 1772 1198 dignis
1784 1155 1954 1204 ultipnibus

1129 1210 1237 1242 tradet.
1247 1199 1365 1241 Caetera
1379 1217 1449 1238 vero
1466 1216 1531 1247 quae
1540 1199 1587 1237 ibi
1608 1199 1753 1244 gerentur
1777 1199 1912 1243 proferri
1926 1206 1953 1247 et

1129 1254 1341 1296 eloqui,neque
1351 1252 1464 1292 angelis
1473 1260 1570 1292 neque
1581 1248 1754 1296 hominibus
1764 1248 1808 1296 fas
1819 1253 1868 1280 est
1878 1258 1886 1287 ;
1900 1246 1952 1278 sed

1128 1293 1307 1330 hoc—tantum
1318 1298 1395 1329 scire
1407 1306 1460 1328 nos
1475 1295 1594 1333 sufficit,
1607 1294 1687 1336 quod
1702 1293 1788 1324 bonis
1805 1297 1952 1326 zeternam

1127 1344 1274 1375 bonorum
1291 1342 1510 1383 possessionem
1526 1339 1660 1372 conferet
1674 1340 1764 1370 Deus.

1165 1390 1228 1422 LII.
1244 1388 1296 1420 liis
1310 1388 1347 1420 ab
1363 1397 1399 1420 eo
1425 1387 1511 1419 dictis
1536 1395 1589 1426 ego
1610 1383 1774 1424 respOndi:
1791 1383 1822 1414 Si
1837 1384 1954 1417 Christi

1124 1443 1217 1474 regno
1229 1433 1368 1465 fruentur
1383 1433 1426 1473 bi,
1444 1441 1521 1472 quos
1539 1431 1637 1472 justas
1649 1429 1799 1474 invenerit
1814 1428 1884 1474 ejus
1898 1431 1953 1461 ad-

1125 1473 1240 1516 ventus,
1252 1487 1323 1518 ergo
1335 1478 1385 1519 qui
1394 1482 1463 1509 ante
1473 1477 1632 1508 adventum
1645 1476 1711 1516 ejus
1721 1473 1857 1506 defuncti
1869 1480 1952 1510 sunt.

1124 1533 1217 1563 regno
1231 1524 1351 1564 penitus
1368 1522 1536 1555 carebunt?
1551 1521 1625 1552 Tum
1644 1522 1748 1553 Petrus
1761 1531 1768 1553 ;
1781 1521 1874 1562 Cogis
1893 1527 1952 1555 me,

1124 1568 1228 1608 inquit.
1249 1577 1266 1599 ο
1283 1567 1432 1608 Clemens,
1449 1566 1551 1607 aliqua
1570 1567 1608 1598 de
1632 1566 1833 1598 inetl'abilibus
1849 1566 1954 1607 publi-

1125 1622 1204 1645 care.
1221 1615 1436 1646 Verumtamen
1455 1611 1650 1653 quoadusque
1666 1611 1794 1651 proferri
1810 1611 1896 1651 licet,
1914 1611 1954 1641 fa~

1125 1667 1194 1689 cere
1205 1667 1264 1689 non
1276 1657 1399 1698 pigebit.
1412 1657 1560 1694 Christus,
1574 1656 1627 1696 qui
1640 1655 1677 1687 ab
1688 1655 1772 1701 initio
1787 1661 1956 1696 etsemper
2016 1657 2017 1701 ξ

1126 1707 1200 1739 erat,
1214 1711 1268 1743 per
1277 1702 1409 1742 singulas
1419 1710 1552 1743 quasque
1562 1700 1772 1740 generationes
1783 1701 1957 1741 piis,laten.
1972 1716 1975 1718 >

1126 1747 1385 1787 terlicet,semper
1395 1751 1495 1778 tamen
1507 1745 1671 1785 aderat,his
1682 1745 1845 1785 praecipue,
1858 1755 1878 1776 a
1890 1746 1955 1787 qui-
1970 1775 1977 1777 .
2011 1745 2017 1787 ηξ

1128 1792 1182 1822 bus
1194 1791 1606 1832 exSpectabatur,quibusque
1618 1790 1790 1831 frequenter
1798 1791 1954 1830 apparuit.
1973 1823 1975 1827 ν

1128 1836 1187 1868 Sed
1203 1846 1261 1867 non
1278 1840 1341 1867 erat
1352 1840 1481 1877 tempus,
1494 1840 1524 1866 ut
1535 1839 1607 1866 tunc
1617 1835 1758 1865 resolutis
1771 1835 1955 1875 corporibus

1128 1882 1214 1913 ﬁeret
1228 1882 1409 1923 resurrectio
1423 1891 1431 1922 ;
1445 1880 1495 1912 sed
1508 1881 1570 1911 luec
1586 1880 1678 1919 magis
1689 1880 1899 1910 remuneratio
1910 1881 1954 1910 vi-

1127 1926 1253 1957 debatur
1268 1935 1284 1956 a
1299 1926 1373 1966 Deo,
1387 1931 1421 1957 ut
1436 1926 1486 1966 qui
1502 1925 1686 1956 inveniretur
1704 1924 1816 1964 justus,
1835 1924 1956 1957 diutius

1127 1975 1318 2011 permaneret
1328 1971 1358 2001 in
1369 1979 1506 2011 corpore,
1519 1974 1570 2001 aut
1579 1974 1671 2009 certe,
1685 1969 1763 1999 sicut
1773 1968 1810 2000 de
1819 1969 1953 2008 quodam

1123 2016 1204 2056 justo
1221 2015 1376 2046 evidenter
1399 2015 1527 2046 refertur
1550 2014 1580 2045 in
1607 2014 1715 2046 litteris
1739 2013 1812 2052 legis
1828 2014 1851 2051 ¹,
1871 2015 1952 2054 quod

1128 2060 1312 2091 transtulerit
1328 2069 1395 2091 eum
1411 2060 1502 2092 Deus.
1516 2059 1615 2091 Simili
1631 2057 1769 2098 exemplo
1777 2058 1870 2089 etiam
1884 2067 1953 2090 cum

1125 2105 1241 2136 caneris
1255 2110 1369 2144 gestum
1383 2109 1428 2136 est
1443 2105 1494 2146 qui
1511 2105 1574 2143 ejus
1588 2103 1733 2135 voluntati
1759 2102 1952 2143 placuerunt,

1126 2150 1205 2181 utad
1223 2150 1392 2190 paradisum
1421 2150 1552 2181 translati
1577 2153 1734 2180 serventur
1747 2147 1783 2178 ad
1809 2156 1952 2189 regnum,

262 2193 341 2234 quod
356 2201 457 2224 rerum
474 2194 687 2235 consequentia
708 2194 879 2231 dictaverat,
896 2195 1081 2226 viderentur.
1095 2203 1228 2229 Deorum
1245 2203 1313 2225 vero
1323 2195 1373 2235 qui
1385 2205 1443 2226 non
1459 2195 1496 2226 ad
1512 2196 1662 2234 integrum
1683 2197 1812 2233 potuere
1826 2193 1953 2233 explere

302 2238 335 2269 L.
351 2237 434 2274 Quod
450 2243 547 2269 autem
564 2238 643 2276 dico,
658 2239 714 2270 tale
729 2244 792 2271 est:
807 2239 956 2270 Christum
971 2239 1082 2280 suscipi

261 2292 279 2314 a
290 2282 400 2313 Iudaeis
414 2283 450 2313 ad
467 2291 543 2321 quos
554 2288 685 2322 venerat,
703 2288 732 2314 et
746 2284 828 2315 credi
845 2284 882 2322 ei,
900 2285 950 2325 qui
963 2294 1082 2324 exspec-

259 2326 376 2359 tabatur
390 2326 426 2358 ad
443 2328 568 2359 salutem
586 2328 688 2368 populi
715 2329 882 2360 secundum
910 2329 1083 2360 traditiones

261 2376 581 2413 patrum,consequens
591 2377 773 2413 erat,gentes
788 2381 860 2405 vero
871 2373 985 2405 alienas
997 2375 1034 2404 ab
1046 2383 1081 2405 eo

260 2417 335 2456 fore,
351 2416 459 2458 quibus
483 2426 581 2458 neque
611 2417 788 2459 promissum
814 2418 976 2459 quidquam
994 2418 1031 2449 de
1046 2428 1081 2449 eo

259 2471 356 2503 neque
370 2465 581 2494 anuuntiatum
597 2463 705 2501 fuerat,
718 2465 778 2495 imo
789 2463 899 2503 quibus
909 2473 946 2495 ne
962 2464 1083 2495 nomine

259 2507 380 2548 quidem
395 2507 459 2548 ipso
474 2507 637 2549 aliquando
652 2508 834 2540 innotuerat.
851 2510 886 2540 Et
903 2513 999 2539 tamen
1011 2518 1080 2549 pro-

261 2552 477 2592 phetae,contra
485 2552 622 2583 ordinem
630 2556 909 2593 etconsequentiam
921 2561 1023 2583 rerum
1036 2553 1081 2583 di-

259 2605 334 2629 xere
349 2605 418 2627 eum
431 2597 682 2637 exspectationem
696 2597 829 2636 gentium
841 2596 892 2637 ¹⁰⁰,
910 2601 938 2628 et
955 2607 1012 2628 non
1026 2597 1082 2630 Ju-

259 2641 391 2673 deorum
411 2641 556 2673 futurum.
572 2642 617 2673 Ita
629 2641 760 2683 denique
771 2647 800 2673 et
810 2647 927 2682 gestum
942 2647 996 2674 est.
1010 2642 1081 2674 Cum

259 2686 339 2717 enim
353 2685 535 2724 venisset,ab
544 2686 589 2718 bis
599 2686 649 2728 qui
666 2696 734 2718 eum
752 2691 925 2727 exspectare
940 2687 1081 2718 videban-

259 2740 308 2777 ,ιιι-
315 2740 350 2763 ex
363 2731 502 2763 tradition
508 2741 524 2762 e
532 2732 679 2772 majorum
685 2731 818 2771 ,omuino
829 2732 949 2772 agnitus
956 2741 1015 2763 non
1027 2736 1083 2768 est;

297 2816 330 2842 9°
344 2817 448 2850 Matth.
467 2825 510 2855 ut,
527 2816 574 2850 Π.
618 2818 658 2841 ιω
672 2816 842 2857 Geu.xt.xx,
862 2817 910 2851 10.
956 2816 965 2832 ⁴
980 2817 1056 2849 Gen.
1073 2828 1104 2859 ν,

1124 2239 1401 2279 normamjustitiaa,
1412 2239 1466 2271 sed
1482 2239 1596 2280 aliquas
1608 2239 1637 2269 in
1654 2247 1707 2269 sua
1724 2245 1816 2267 carne
1832 2237 1954 2270 malitia

1124 2284 1267 2323 reliquias
1282 2285 1429 2321 habuere.
1443 2293 1568 2325 corpora
1578 2283 1697 2324 quidem
1713 2280 1950 2322 resolvereutur,

1122 2331 1230 2364 animae
1239 2341 1309 2363 vero
1321 2335 1512 2362 servarentur
1524 2329 1555 2360 in
1567 2328 1655 2360 bonis
1665 2327 1799 2368 laetisque
1809 2327 1949 2366 regioni-

1123 2377 1191 2416 bus,
1205 2380 1238 2409 ut
1253 2377 1283 2407 iu
1298 2375 1518 2408 resurrectione
1535 2379 1731 2414 mortuorum,
1742 2384 1810 2406 curn
1827 2382 1885 2406 sua
1900 2384 1950 2408 re-

1123 2422 1272 2462 ceperint,
1289 2421 1353 2461 ipsa
1380 2421 1442 2460 jam
1471 2419 1656 2451 resolutione
1681 2420 1809 2459 purgati,
1827 2429 1884 2460 pro
1908 2420 1953 2452 his

1123 2476 1190 2508 quas
1207 2467 1283 2498 bene
1298 2469 1464 2506 gesserant,
1477 2468 1587 2496 aeterna
1598 2464 1771 2496 haereditate
1785 2465 1948 2504 potiantur.

1124 2512 1159 2543 Et
1170 2511 1238 2543 ideo
1251 2510 1330 2542 beati
1345 2514 1414 2541 sunt
1428 2518 1533 2541 omnes
1552 2508 1602 2549 qui
1615 2518 1739 2548 regnum
1755 2509 1873 2541 Christi
1886 2510 1950 2542 fue-

1126 2556 1186 2587 rint
1199 2555 1310 2595 adepti,
1327 2555 1396 2595 quia
1410 2563 1469 2585 non
1493 2554 1591 2585 solum
1621 2552 1730 2585 inferni
1755 2563 1862 2594 pinnas
1876 2554 1950 2586 elin-

1124 2601 1271 2642 gieut,sed
1282 2606 1310 2630 et
1322 2599 1562 2639 incorruptibiles
1579 2598 1809 2639 permanebunt,
1824 2604 1854 2630 et
1864 2600 1951 2639 primi

1126 2647 1220 2678 Deum
1238 2647 1351 2675 l'alrem
1372 2644 1527 2683 videbunt,
1544 2648 1631 2684 atque
1650 2643 1729 2673 inter
1744 2643 1858 2684 primos
1874 2644 1950 2684 apud

1126 2690 1189 2721 Deu
1200 2699 1219 2720 T:
1235 2690 1354 2720 honoris
1370 2689 1505 2719 ordinem
1526 2694 1763 2728 consequentur.

1168 2734 1241 2767 LIII.
1256 2736 1380 2774 Propter
1392 2734 1468 2774 quod
1483 2742 1542 2763 non
1556 2733 1678 2763 minima
1690 2733 1727 2764 de
1738 2732 1860 2765 Christo
1874 2743 1952 2775 qure-

1120 2819 1172 2852 94.
