4056 6352
222 301 371 373 1141
1457 296 1876 363 REGOGN'ITI

1963 297 2097 360 IUM
2140 297 2285 362 LIB.
2331 294 2381 361 ι.
3460 298 3619 364 ηις

222 436 436 512 stclus,
472 452 721 503 monere
737 434 1021 517 populum
1041 435 1243 515 cepit.
1275 449 1355 501 ne
1401 432 1540 495 odio
1586 430 1940 495 haberentA
1964 437 2349 504 mortuorum,
2384 430 2709 495 Samarites
2734 431 2815 494 de
2846 431 3297 499 consecratione
3322 430 3618 498 Hierusa-

224 528 429 593 lesum
463 544 665 604 neque
693 522 1546 607 blasphemarenteumJlulto
1564 520 1724 584 enim
1744 536 1877 582 esse
1962 517 2107 596 lem,
2134 538 2249 580 non
2283 528 2479 582 tamen
2538 519 2795 600 ingressi
2826 520 3124 585 civitatem
3159 520 3448 597 ipsorum.
3509 521 3615 584 sed

221 614 471 696 rectius,
512 615 695 676 etiam
754 614 1050 695 ignoranti
1109 612 1201 675 vel
1248 610 1543 675 dubitanti
1586 610 1663 673 de
1708 609 1875 679 .lesu.
1962 608 2200 687 publice
2229 609 2626 690 disputantes,
2650 610 2887 675 Scribas
2918 629 3056 677 vero
3086 620 3147 673 et
3180 610 3510 674 Pharismos
3538 610 3618 674 de

221 723 426 773 amare
459 722 596 768 eum
618 722 797 786 quam
821 701 1341 769 odisse.Charitati
1368 700 1529 767 enim
1555 698 1715 763 Deus
1736 715 1881 779 pm-
1960 714 2148 777 regno
2170 697 2480 779 cmlorum,
2507 698 2836 781 discipulos
2861 700 3131 767 Joannis.
3170 719 3245 762 ne
3270 699 3616 763 scandalum

222 793 410 857 mium
441 785 671 874 posuit,
705 792 867 856 odiis
893 809 1154 873 pinnam.
1186 791 1314 855 Hoc
1342 789 1535 872 ipsum
1565 788 1753 861 enim,
1788 787 1881 848 in-
1964 795 2305 874 paterentur
2325 786 2383 850 in
2404 785 2656 868 Joanne,
2682 807 2923 853 omnem
2948 805 3095 851 vero
3119 790 3430 869 populum,
3476 788 3618 870 quia

220 883 371 964 quit,
402 881 561 964 quod
589 882 912 947 Iudaicum
944 900 1163 961 corpus
1218 880 1543 962 assumpsit
1611 887 1673 941 et
1726 878 1884 940 inter

218 970 456 1038 Judaos
486 981 658 1036 natus
691 980 804 1044 est,
834 990 955 1053 quo
987 971 1162 1034 modo
1220 990 1339 1032 non
1383 967 1664 1032 omnibus
1713 965 1882 1027 vobis

220 1059 521 1125 incentiva
550 1060 644 1124 sui
668 1061 893 1123 amoris
924 1059 1227 1125 incussit?
1262 1058 1398 1123 "th
1428 1067 1488 1122 et
1535 1059 1630 1124 his
1661 1055 1881 1120 similia

221 1168 356 1212 cum
384 1160 743 1229 perorasset,
776 1149 1018 1213 dicendi
1050 1150 1228 1212 tinem
1261 1149 1424 1210 tecit.

300 1237 445 1313 LXI.
480 1237 649 1305 Tunc
675 1238 928 1319 Caiphas
955 1238 1285 1300 doctrinam
1310 1239 1453 1301 Jesu
1485 1236 1727 1316 culpare
1753 1243 1878 1297 ten-

221 1326 403 1399 tabat.
432 1329 638 1391 dicens
654 1346 793 1389 eum
811 1346 907 1390 res
927 1344 1106 1388 vanas
1132 1326 1388 1388 lm-utum
1426 1347 1441 1387 :
1479 1325 1687 1388 beatos
1716 1324 1875 1386 enim

1959 873 2134 938 Jesus
2163 888 2255 941 est
2284 876 2554 941 Christus
2611 888 2899 945 mternus.
2951 878 3038 945 Ad
3078 879 3359 941 ultimum
3418 887 3614 940 autem

1967 964 2169 1026 monui
2197 982 2323 1036 eos.
2359 976 2423 1027 ut
2448 968 2790 1048 priusquam
2824 966 3327 1051 progrederemur
3355 968 3427 1028 ad
3459 983 3613 1046 gen-

1966 1058 2053 1114 tes
2086 1054 2406 1132 pradicare
2427 1056 2515 1118 eis
2543 1058 2905 1133 agnitionem
2937 1057 3047 1122 Dei
3094 1055 3310 1131 Patris,
3357 1056 3467 1137 ipsi
3512 1073 3615 1118 re-

1958 1142 2427 1207 conciliarentur
2443 1148 2563 1210 Deo
2579 1145 2971 1226 suscipientes
2996 1147 3212 1210 Filium
3234 1146 3386 1226 ejus.
3417 1145 3618 1209 Aliter

1958 1232 2121 1293 cnim
2158 1234 2317 1296 nullo
2350 1234 2526 1297 modo
2554 1253 2659 1298 eos
2687 1236 2919 1301 ostendi
2978 1254 3152 1316 posse
3206 1236 3445 1311 salvari,
3503 1233 3619 1296 nisi

1962 1338 2070 1402 per
2097 1324 2284 1384 sancti
2306 1322 2561 1404 Spiritus
2589 1325 2837 1404 gratiam
2861 1325 3031 1388 trina:
3048 1324 3436 1389 invocationis
3456 1322 3613 1385 dilui

222 1435 517 1498 pauperes
545 1418 696 1480 dixit
724 1416 750 1462 ’⁸
784 1464 801 1489 ,
824 1426 884 1478 et
907 1423 1179 1478 terrenas
1209 1416 1339 1478 fore
1363 1416 1880 1478 remunerationes
1964 1408 2319 1491 baptismate
2375 1422 2784 1495 properarent,
2837 1425 2894 1477 et
2935 1413 3364 1478 Eucliaristiam
3396 1411 3617 1475 Christi

222 1507 521 1588 promisit,
554 1526 622 1570 ac
651 1525 947 1570 summam
977 1505 1245 1569 muneris
1274 1508 1332 1569 in
1372 1512 1608 1568 terrena
1630 1501 1881 1565 haaredi-
1968 1500 2199 1566 Domini
2231 1513 2539 1567 sumerent
2566 1502 2596 1547 3
2627 1551 2643 1575 ,
2678 1503 2773 1568 cui
2810 1504 2945 1575 soli,
2979 1505 3056 1569 de
3088 1503 3180 1567 his
3225 1521 3359 1581 qua
3414 1501 3618 1565 docuit

223 1604 340 1661 tate
357 1596 962 1678 constituit,cihisque
983 1614 1053 1660 ac
1071 1604 1207 1676 potu
1232 1612 1336 1656 eos
1348 1594 1448 1675 qui
1457 1592 1744 1672 justitiam
1758 1608 1883 1652 ser.
1964 1591 2212 1653 credi-re
2240 1592 2554 1663 deberent.
2591 1604 2659 1657 ut
2686 1593 2771 1656 sic
2793 1602 3072 1656 :eternam
3108 1593 3357 1655 salutem
3401 1610 3614 1654 conse-

220 1683 709 1767 varint,promisit
732 1703 866 1747 esse
884 1684 1330 1754 saturandos;et
1350 1685 1440 1745 his
1461 1682 1678 1745 similia
1697 1680 1883 1742 multa
1962 1679 2063 1760 qui
2098 1692 2497 1755 mererentur,
2529 1683 2705 1746 aliter
2752 1701 2890 1745 vero
2946 1682 3321 1763 impossibile
3369 1699 3616 1762 prorsus

221 1773 500 1841 docuisse
520 1774 1017 1855 deprehenditur.
1068 1772 1181 1837 Cui
1214 1772 1475 1836 Thomas
1504 1770 1876 1853 respondens
1901 1798 1938 1850 Β
1964 1785 2099 1829 csse
2124 1770 2498 1834 reconciliari
2523 1790 2627 1834 eos
2658 1772 2805 1853 Deo,
2836 1773 3013 1835 etiam
3045 1771 3096 1833 si
3130 1772 3290 1835 mille
3313 1772 3370 1832 ei
3395 1788 3529 1833 aras
3555 1778 3618 1833 et

220 1865 412 1943 arguit
431 1864 800 1927 eumt'rustra
824 1873 1199 1937 causantem,
1225 1861 1717 1943 ostendens,quia
1742 1877 1878 1941 pro-
1959 1856 2168 1921 altaria
2188 1860 2352 1923 mille
2383 1862 2772 1926 succendunt.

223 1954 417 2033 pheta:
448 1955 661 2034 magis,
685 1953 905 2033 quibus
928 1953 1103 2015 etiam
1131 1952 1258 2031 ipse
1287 1951 1503 2026 credit,
1530 1953 1608 2013 ita
1651 1950 1878 2012 docue-
2044 1945 2242 2011 LXIV.
2276 1950 2398 2013 Nos
2417 1950 2603 2026 enim,
2648 1952 2916 2033 inquam,
2951 1968 3055 2032 pro
3098 1960 3264 2012 certo
3310 1945 3613 2028 comperi-
3656 1966 3725 2017 νὴ,
3752 1988 3763 2021 ρ
3794 1978 3853 2025 μη
3904 2024 3923 2031 μ

218 2043 359 2125 rint,
394 2062 506 2106 nec
540 2052 737 2106 tamen
769 2042 1071 2125 quomodo
1094 2050 1275 2105 erunt
1305 2042 1427 2104 tunc
1451 2051 1550 2105 aut
1577 2038 1877 2125 quomodo
1964 2055 2116 2113 mus,
2151 2038 2310 2117 quod
2356 2057 2537 2121 super
2566 2041 2876 2105 sacriﬁciis
2937 2058 3069 2121 qua)
3126 2037 3372 2118 otl'ertis,
3430 2037 3615 2099 multo
3766 2084 3799 2119 η
3904 2122 3907 2125 ν

220 2122 1399 2213 percipientur,osténderintJesusVero
1417 2122 1877 2208 qualit’eraccipi
1966 2126 2152 2207 magis
2201 2140 2583 2208 exasperatur
2631 2131 2809 2205 Deus,
2862 2130 3290 2195 sacriﬁciorum
3344 2122 3681 2213 tempore;

220 2192 1214 2303 luteo—debeant:ﬁdeinonstraverit.
1238 2222 1314 2285 Et
1342 2192 1475 2282 cum
1526 2221 1653 2283 haec
1695 2192 1874 2301 atque
1956 2192 2511 2299 dunvtaxatexpleto.
2539 2192 2610 2284 Et
2632 2192 2774 2301 quia
2796 2192 3233 2283 vosnonvultis
3253 2192 3797 2296 agnoscere,“”‘u
3842 2212 3931 2263 δέη

221 2310 315 2375 his
344 2311 565 2374 similia
587 2302 758 2392 plura
791 2312 1065 2388 dixisset,
1091 2310 1259 2373 siluit
1281 2310 1462 2374 etiam
1492 2308 1774 2373 Thomas.
1962 2322 2273 2368 emensum
2308 2326 2443 2370 esse
2460 2310 2583 2390 jam
2620 2322 2858 2393 tempus
2888 2309 3111 2373 hostias
3167 2302 3486 2384 otl'ereudi,
3533 2303 3613 2393 ob

300 2398 471 2466 LXII.
505 2403 646 2466 Post
672 2401 797 2469 haec
825 2419 1067 2465 rursum
1100 2399 1355 2479 Caiphas
1388 2417 1483 2461 me
1527 2400 1787 2477 intuens,
1822 2412 1884 2465 et
1961 2393 2077 2456 hoc
2105 2395 2448 2460 destruetur
2473 2408 2531 2461 et
2556 2391 2838 2480 templum
2861 2399 3012 2477 (49).
3047 2395 3485 2461 ctabominatio
3512 2391 3617 2480 de-

220 2509 382 2575 pono
401 2499 469 2554 ut
493 2509 767 2572 monens,
802 2510 962 2554 nunc
992 2509 1135 2552 vero
1165 2499 1228 2552 ut
1282 2489 1560 2567 culpans,
1613 2488 1874 2575 dicebat,
1961 2482 2272 2575 solationis
2300 2496 2593 2553 statuetur
2614 2479 2830 2550 inloco
2852 2497 3057 2549 sancto
3084 2486 3113 2530 9
3142 2531 3163 2561 ,
3186 2494 3247 2548 et
3263 2493 3406 2575 tunc
3427 2479 3590 2575 genti

220 2568 810 2643 cessaremedebere
833 2579 910 2642 de
930 2579 1164 2661 reliquo
1189 2568 1882 2662 apraadicationeChrisl
1966 2571 2076 2634 bus
2117 2572 2500 2654 Evangelium
2584 2577 3010 2655 praedicabitur
3066 2575 3143 2638 ad
3202 2568 3612 2662 testimonium

222 2667 275 2745 ti
294 2671 460 2750 Jesu,
492 2687 569 2737 ne
590 2668 649 2733 in
671 2669 997 2750 perniciem
1026 2658 1143 2732 mei
1168 2658 1281 2733 hoc
1304 2686 1730 2750 agerem,neve
1752 2668 1883 2746 ipse
1964 2663 2163 2733 vestri,
2191 2673 2253 2725 ut
2282 2684 2351 2727 ex
2376 2665 2613 2729 illorum
2643 2668 2762 2731 ﬁde
2788 2675 2981 2730 vestra
3004 2663 3323 2729 inﬁdelitas
3370 2658 3613 2750 id“?

216 2775 424 2835 errore
444 2746 733 2841 deceptus
768 2758 920 2822 alios
937 2777 1176 2841 quoque
1215 2746 1587 2823 meo'errore
1616 2757 1874 2837 decipe-
1966 2758 2077 2813 tur.
2105 2751 2315 2817 Omnis
2337 2758 2559 2819 etenim
2585 2758 2846 2821 mundus
2862 2755 3118 2825 diversis
3136 2750 3507 2834 temporibus
3526 2746 3619 2811 di-

218 2867 373 2919 ram.
397 2847 549 2912 Tum
575 2857 863 2931 pmterea
883 2849 1167 2929 arguebat
1191 2868 1285 2912 me
1308 2848 1680 2922 temeritatis,
1715 2844 1872 2928 quod
1958 2858 2160 2905 versas
2203 2846 2438 2913 malitia:
2465 2846 2847 2925 aegritudines
2874 2846 3114 2929 patitur,
3142 2846 3230 2909 vel
3268 2861 3379 2923 per
3397 2854 3616 2909 omnes

218 2957 353 3011 eum
378 2956 573 3007 essem
593 2938 726 3020 ipse
745 2938 1352 3023 imperitus,piscator
1372 2949 1432 3004 et
1450 2935 1878 3017 rusticus,oﬂi-
1959 2935 2442 3023 generaliter,vel
2471 2956 2579 3017 per
2604 2937 2872 3018 singulos
2890 2954 3159 3019 quosque
3172 2933 3537 3017 specialiter,
3554 2936 3619 2993 et

397 3027 603 3099 subire
623 3022 887 3092 doctoris
905 3029 1364 3093 auderemJIzes
1389 3039 1448 3093 et
1469 3029 1585 3091 alia
1605 3028 1773 3109 plura
1790 3026 1884 3087 his
1964 3022 2104 3086 ideo
2125 3025 2354 3106 indiget
2384 3028 2639 3109 medico,
2674 3027 2776 3109 qui
2811 3045 2948 3091 eum
2981 3026 3177 3093 visitet
3221 3026 3299 3086 ad
3327 3024 3610 3089 salutem.

217 3115 437 3213 similia
465 3115 713 3213 dicenti,
730 3135 856 3213 ego
881 3136 1122 3200 quoque
1144 3122 1204 3213 in
1229 3118 1555 3213 hstes-erlis
1570 3113 1878 3213 respondi:
1900 3159 1945 3213 ο
1968 3111 2087 3176 Nos
2106 3132 2247 3194 ergo
2265 3126 2661 3213 protestantur
2690 3116 2878 3213 vobis.
2914 3126 2973 3180 et
2994 3115 3151 3213 quod
3210 3128 3613 3213 unumquem-

219 3205 363 3279 Milti
390 3206 632 3287 quidem
666 3206 863 3269 minus
885 3225 1021 3269 esse
1044 3208 1399 3289 periculi,si,
1420 3215 1485 3270 ut
1506 3208 1641 3287 ipse
1659 3205 1884 3282 ait.iste
1904 3202 1944 3213 “
1965 3223 2084 3284 que
2106 3215 2365 3269 vestrum
2399 3208 2567 3270 latuit
2598 3207 2961 3271 nuntiamus.
2994 3205 3271 3270 Vestrum
3325 3212 3417 3266 est
3456 3202 3611 3264 deli-

220 3313 341 3370 get;
363 3295 768 3373 sitChristus,
802 3298 943 3377 quia
971 3297 1278 3361 doctorem
1307 3298 1456 3376 legis
1493 3296 1827 3376 receperim
1863 3317 1881 3375 ;
1966 3293 2200 3366 berare,
2232 3297 2373 3376 quid
2407 3296 2684 3379 expediat
2703 3297 2889 3361 vobis.

223 3384 334 3468 ipsi
364 3401 502 3458 vero
534 3384 745 3465 ingens
794 3404 929 3450 esse
976 3386 1325 3460 discrimen,
1376 3388 1429 3449 si
1481 3386 1576 3449 hic
1633 3387 1760 3465 ipse
1809 3386 1887 3451 sit
2045 3383 2217 3448 LXV.
2251 3384 2525 3449 liisame
2547 3387 3044 3468 dictis.ingemuit
3069 3386 3267 3449 omnis
3295 3382 3615 3449 multitudo

313 3478 515 3555 ristus,
540 3475 693 3539 sicut
722 3484 779 3538 et
809 3485 976 3540 certe
1005 3486 1117 3540 est.
1176 3476 1297 3555 Ego
1328 3478 1488 3539 eiiim
1523 3476 1704 3539 credo
1746 3476 1885 3539 huic

220 3563 331 3644 qui.
348 3564 625 3645 apparuit
654 3586 668 3639 ;
705 3565 835 3645 ipse
863 3574 1060 3629 autem
1093 3566 1192 3629 cui
1223 3566 1322 3629 alii
1347 3566 1525 3630 fidem
1558 3583 1797 3632 servare
1818 3583 1886 3627 se

219 3654 435 3730 credit,
467 3654 568 3735 qui
596 3654 797 3717 nullus
820 3654 1144 3737 apparuit?
1174 3654 1235 3720 Si
1261 3674 1399 3718 vero
1432 3665 1491 3718 et
1544 3656 1751 3731 idiota,
1823 3662 1887 3718 ut

220 3742 415 3821 uiget
442 3741 761 3823 imperitus
789 3761 859 3806 ac
878 3745 1135 3825 piscator
1158 3754 1217 3808 et
1236 3747 1520 3819 rusticus,
1552 3764 1731 3826 super
1755 3764 1885 3826 pre'

220 3829 489 3912 abnepos
517 3830 820 3912 sapientes
842 3833 1192 3914 intelligam,
1246 3835 1358 3896 hoc
1418 3833 1546 3905 tibi,
1604 3836 1870 3915 inquam,

224 3920 413 4000 magis
444 3929 668 3982 metum
697 3920 877 3984 debet
907 3922 1363 3989 incutere.Nam
1380 3924 1429 3985 si
1443 3941 1515 3986 ex
1534 3924 1875 3987 eruditione

220 4006 420 4090 aliqua
448 4008 760 4090 disputans
789 4011 1123 4073 obtinerem
1147 4031 1247 4074 vos
1277 4013 1575 4093 sapientes
1596 4022 1654 4075 et
1675 4013 1875 4075 erudi-

224 4107 339 4173 tos,
372 4098 676 4162 videretur
694 4098 898 4181 utique
920 4102 1192 4164 doctrina
1216 4103 1327 4164 hoc
1351 4102 1494 4164 mihi
1520 4102 1678 4182 longi
1712 4112 1870 4166 tem-

220 4189 385 4271 poris
405 4198 464 4249 et
492 4206 613 4255 non
637 4187 852 4252 divinae
874 4190 1105 4252 virtutis
1126 4192 1318 4270 gratia
1343 4191 1690 4259 contulisse.
1720 4210 1877 4253 nunc

220 4284 420 4349 autem
454 4296 617 4355 cum,
646 4286 709 4340 ut
739 4278 890 4351 dixi,
950 4298 1060 4342 nos
1109 4280 1367 4362 imperiti
1415 4298 1518 4343 vos
1574 4280 1874 4361 sapientes

220 4366 709 4432 convincimuset
749 4386 1124 4449 superamus,
1178 4369 1275 4434 cni
1333 4388 1575 4432 sensum
1629 4369 1873 4432 habenti

219 4474 343 4519 non
368 4457 558 4538 palam
583 4465 694 4531 est,
725 4443 862 4539 quia
883 4459 996 4520 hoc
1017 4443 1136 4521 non
1156 4460 1430 4523 humanae
1454 4459 1702 4539 argutiae
1722 4478 1872 4541 opus
1896 4443 1939 4497 θ

218 4553 333 4625 est,
362 4547 469 4608 sed
502 4546 717 4610 divinae
738 4548 1050 4610 voluntatis
1081 4559 1139 4611 et
1170 4550 1439 4612 muneris
1468 4555 1497 4614 ’ἔ

296 4633 501 4700 LXIII.
526 4634 665 4699 llaec
691 4636 871 4717 igitur
888 4646 949 4701 et
967 4638 1083 4699 alia
1125 4638 1468 4719 hujusmodi
1495 4657 1871 4721 prosequen-

219 4734 334 4799 tes,
365 4736 805 4803 consequenter
851 4729 1159 4806 protestati
1188 4746 1397 4790 sumus
1442 4747 1510 4790 ac
1561 4727 1874 4791 docuimus

220 4831 330 4876 nos
352 4813 613 4893 imperiti
636 4823 697 4876 et
728 4814 1076 4895 piscatores,
1127 4818 1473 4880 sacerdotes
1523 4817 1766 4898 quidem
1797 4819 1873 4882 de

219 4921 338 4965 uno
368 4902 495 4965 solo
524 4901 647 4967 Deo
672 4905 831 4981 εαξη,
886 4903 1245 4971 Sadducteos
1294 4908 1371 4970 de
1425 4908 1873 4974 resurrectione

1966 3476 2371 3552 sacerdotum,
2415 3476 2571 3557 quod
2598 3479 2685 3539 eis
2704 3476 2781 3540 de
2807 3477 3012 3555 templi
3032 3475 3419 3543 subversione
3459 3491 3614 3556 pras-

1968 3562 2245 3626 dixerim.
2272 3564 2438 3639 Quod
2469 3585 2603 3630 cum
2627 3566 2872 3629 vidisset
2892 3565 3177 3631 Gamaliel
3199 3567 3478 3647 princeps
3500 3581 3613 3644 po-

1970 3654 2088 3734 puli
2122 3654 2247 3735 (qui
2280 3658 2532 3719 latenter
2558 3656 2741 3719 frater
2786 3667 2990 3719 noster
3036 3665 3162 3718 erat
3214 3655 3272 3716 in
3314 3653 3454 3732 ﬁde,
3505 3652 3609 3713 sed

1967 3745 2215 3807 consilio
2234 3755 2436 3809 nostro
2456 3744 2623 3807 inter
2637 3764 2740 3808 eos
2769 3756 2894 3807 erat
2910 3746 3081 3828 [50]),
3107 3745 3245 3825 quia
3285 3742 3454 3805 valde
3483 3739 3608 3804 ire-

1968 3844 2203 3897 merent
2222 3835 2839 3914 etingentiadversum
2866 3855 2973 3898 nos
2991 3836 3193 3899 furore
3206 3843 3610 3903 moverentur,

1956 3942 2275 4004 assurgens
2302 3924 2478 3988 ait”:
2515 3925 2816 3999 Quiescile
2848 3926 3170 4007 paulisper,
3196 3944 3230 3985 ο
3264 3922 3376 3984 viri
3420 3921 3617 3985 Israc-

1956 4013 2223 4087 litre,non
2257 4014 2417 4076 enim
2458 4014 3177 4077 advertitistentationem
3227 4030 3360 4093 quae
3405 4010 3610 4071 immi-

1957 4112 2055 4165 net
2078 4102 2269 4176 vobis,
2285 4114 2533 4183 propter
2547 4104 2703 4186 quod
2724 4104 2981 4167 desinite
2997 4104 3071 4166 ab
3088 4100 3432 4165 hominibus
3456 4100 3607 4176 istis,

1959 4201 2017 4254 et
2045 4194 2095 4255 si
2124 4193 2364 4274 quidem
2393 4194 2635 4258 humani
2667 4194 2902 4256 consilii
2924 4192 3197 4274 estquod
3233 4199 3440 4272 agunt,
3491 4190 3611 4253 cito

1957 4282 2237 4356 cessabit,
2268 4283 2318 4344 si
2345 4293 2543 4347 autem
2566 4303 2601 4346 a
2631 4283 2751 4347 Deo
2776 4292 2887 4358 est,
2917 4301 3027 4346 cur
3045 4284 3175 4346 sine
3194 4300 3371 4344 causa
3397 4298 3612 4362 pecca-

1960 4373 2033 4434 tis
2057 4391 2165 4435 nec
2193 4373 2479 4453 prolicitis
2499 4374 2822 4455 quidquam
2852 4379 2881 4437 ?
2909 4374 3013 4437 Dei
3038 4373 3198 4436 enim
3245 4372 3609 4434 voluntatem

1957 4462 2090 4544 quis
2116 4471 2308 4543 potest
2328 4464 2819 4544 superare?Nunc
2836 4482 3002 4542 ergo,
3044 4462 3328 4545 quoniam
3367 4459 3610 4543 quidem

1957 4552 2015 4614 in
2032 4570 2341 4633 vesperam
2369 4553 2632 4632 vergitur
2648 4555 2800 4623 dies.
2825 4553 3089 4617 crastino
3106 4553 3218 4615 hoc
3244 4552 3376 4633 ipso
3399 4552 3460 4613 in
3483 4550 3612 4612 loco

1954 4642 2333 4705 audientibus
2364 4642 2551 4719 vobis,
2584 4662 2691 4723 ego
2724 4644 2853 4724 ipse
2883 4660 3017 4706 cum
3052 4642 3179 4704 istis
3198 4640 3614 4720 disputabo,ut

1956 4750 2194 4794 omnem
2216 4751 2480 4795 errorem
2508 4731 2697 4814 palam
2714 4751 2979 4812 arguam,
3005 4730 3393 4809 dilucideque
3411 4726 3618 4790 confu-

1960 4831 2101 4884 tem.
2124 4821 2193 4884 Et
2223 4822 2319 4886 his
2349 4822 2526 4884 dictis
2548 4841 2859 4905 repressus
2890 4832 3202 4885 esteorum
3236 4820 3615 4899 aliquatenus

1956 4911 2141 4982 furor,
2177 4928 2246 4973 ea
2277 4912 2572 4992 praecipue
2605 4930 2735 4993 spe,
2768 4914 2922 4993 quod
2949 4910 3047 4972 die
3107 4910 3364 4972 crastina
3392 4908 3613 4970 erroris

295 5075 337 5165 ’1Δ
359 5076 653 5165 Mattb._!:
681 5076 831 5165 Luc.
867 5096 925 5142 x.
961 5079 995 5129 θ
1027 5079 1102 5144 Et
1134 5079 1778 5145 euehat—sumerent
1810 5083 2107 5149 desuntin
2130 5084 2307 5148 codd.
2335 5083 2496 5165 Lips.
2533 5087 2583 5147 l.
2643 5084 2669 5134 εν
2688 5082 2858 5146 Deut.
2882 5099 2965 5157 Ix,
3002 5084 3098 5164 26;
3126 5077 3617 5155 Matth.xxtv.,15.

216 5151 273 5198 ⁴⁰
308 5158 442 5220 Act.
471 5172 535 5237 v,
567 5156 778 5221 35—39.

1562 5295 1971 5365 COTELERII
2011 5302 2267 5370 NOTAE.

309 5454 434 5535 (49)
473 5454 831 5543 Destruetur
857 5468 919 5522 et
941 5463 1247 5543 templum.
1274 5462 1513 5528 Similes
1542 5459 1882 5538 praedictio-

222 5551 331 5628 nes
359 5537 880 5628 complectebatur
906 5537 1069 5628 alius:
1091 5543 1244 5628 liber
1272 5543 1645 5628 apocryphus
1658 5543 1875 5628 ._scrip-

223 5622 318 5697 tus
346 5614 420 5676 de
452 5614 873 5697 praedicatione
912 5618 1071 5683 Petri
1099 5636 1157 5687 et
1188 5614 1352 5687 Pauli
1393 5614 1628 5685 in'urbe
1658 5614 1877 5684 Roma.

220 5693 815 5762 Auctor'Lactautius
845 5698 951 5762 lib.
986 5718 1068 5778 iv,
1102 5723 1238 5787 cap.
1274 5708 1377 5767 2t.

2038 5465 2174 5543 (50)
2190 5465 2306 5530 Sed
2322 5465 2578 5529 consilio
2596 5472 2803 5528 nostra
2831 5466 2990 5527 inter
3010 5479 3108 5525 eos
3121 5458 3613 5543 erat_.Vulpinum

1963 5538 2077 5609 hoc
2098 5538 2441 5627 consilium,
2472 5546 2756 5627 apostolis
2778 5544 3088 5627 indignum
3120 5538 3491 5627 est.Decepit
3518 5547 3611 5602 ta-

1966 5644 2099 5689 men
2126 5625 2344 5688 Bedam
2381 5620 2936 5706 pseudo-Clemens
2955 5620 3181 5690 Ruﬁni.
3228 5624 3302 5683 At
3352 5637 3473 5682 non
3504 5635 3615 5699 ego

1962 5706 2243 5770 credulus
2272 5706 2414 5769 illis.
