2028 3176
244 143 323 174 ιρις),

659 148 689 178 S.
711 146 929 180 CLEMENTIS
950 149 961 179 l
984 145 1084 180 ROM.‘
1100 145 1213 181 PONT.
1237 146 1359 181 OPERA
1384 149 1511 181 DUBIA.

1872 145 1952 182 1244

245 220 299 241 nos
310 211 427 251 publice
447 214 615 253 arguendos
624 219 791 256 sperarent.
809 217 844 247 Et
856 215 898 247 sic
913 226 980 247 cum
996 225 1069 256 pace
1080 219 1101 245 Δ
1111 215 1213 247 dicere
1226 215 1303 256 quod
1314 215 1432 247 sentitis
1447 215 1594 255 apertius,
1607 225 1661 256 ego
1676 220 1710 247 ut
1722 224 1774 248 vos
1787 216 1881 247 etiam
1893 216 1949 247 lui-

246 256 389 296 p0pulum
402 257 530 290 dimisit.

284 300 387 333 LXVI.
402 301 463 334 Nos
476 313 545 335 vero
560 313 627 336 cum
650 305 835 337 venissemus
858 305 894 337 ad
924 305 1071 338 Iacobum

245 351 392 384 nostrum,-
408 348 584 388 omniaquae
593 348 673 381 dicta
688 355 829 390 gestaque
851 350 967 382 fuerant
978 359 1071 391 expo-

245 394 362 429 nentes,
374 393 452 433 apud
464 402 530 425 eum
544 394 611 426 cibo
623 399 742 435 sumpto
754 395 927 430 mansimus.
938 396 1070 435 omnipo-

245 437 317 468 tenti
336 438 395 469 Deo
407 447 462 477 per
476 441 566 470 totam
581 444 699 470 noctem
714 439 931 480 supplicantes,
942 444 971 471 ut
987 440 1070 471 futu-

245 491 286 513 ra:
300 481 507 521 disputationis
523 493 624 515 sermo
641 483 836 515 indubitatam
867 484 937 516 ﬁdei
963 490 1072 516 nostrae

246 526 417 558 ostenderet
431 527 596 560 veritatem.
614 529 706 568 igitur
718 534 837 568 postera
866 529 914 560 die
941 529 1072 562 Jacobus

249 571 405 611 episcopus
421 572 576 604 nobiscum
596 573 683 604 simul
701 570 731 605 et
745 583 812 604 cum
838 574 921 605 ornni
947 574 1073 605 ecclesia

249 616 383 647 ascendit
405 617 441 647 ad
468 618 623 658 templum,
651 617 701 649 ubi
729 617 880 657 ingentem
903 619 1073 659 reperimus

251 660 483 699 multitudinem,
497 672 514 693 a
525 663 625 693 medio
639 664 739 694 noctis
763 667 987 702 exspectantem
1006 673 1071 696 nos.

251 703 394 736 Stetimus
409 715 480 745 ergo
493 707 522 737 in
539 707 735 748 locis,quibus
743 712 773 740 et
790 708 882 748 prius,
894 709 1070 740 utcminen-

250 750 308 782 tius
323 756 433 783 stantes
441 753 478 784 ab
491 754 630 785 universo
649 754 758 794 populo
773 755 1074 786 cerneremur.Cum-

250 805 307 837 que
323 802 401 827 esset
416 807 565 829 summum
592 800 743 830 silentium
769 800 890 837 factum,
918 799 1074 840 Gamaliel,

249 841 310 881 qui,
324 846 354 872 ut
368 850 457 882 supra
474 843 615 880 diximus,
632 849 742 875 nostra:
757 845 826 875 tidei
849 848 923 881 erat,
950 845 1075 884 dispen-

1109 261 1160 301 jus
1178 261 1334 292 occasione
1346 260 1630 296 timorisabsolvam.
1638 261 1707 301 juro
1721 260 1801 291 vobis
1815 270 1872 301 per
1884 270 1950 295 om.

1114 305 1299 345 nipotenlem
1316 304 1408 336 Deum
1417 308 1446 336 et
1460 304 1605 336 viventem
1616 305 1646 336 in
1656 305 1779 340 saecula.
1789 305 1863 343 quia
1880 305 1950 337 nul.

1113 349 1173 380 lum
1183 349 1351 389 permittam
1361 349 1486 390 injicere
1493 349 1576 380 vobis
1588 349 1866 381 manusllabentes
1874 359 1949 391 ergo

1113 394 1202 435 hujus
1213 394 1375 434 juramenti
1391 394 1451 424 mei
1467 403 1586 425 onmem
1604 394 1682 425 hunc
1708 394 1853 434 populum
1885 400 1949 426 tes-

1111 443 1183 478 tem,
1200 443 1229 470 et
1244 438 1386 470 idoneum
1400 439 1506 479 pignus
1517 439 1694 470 sacramenti
1725 439 1817 470 nostri
1842 439 1949 472 [cndu

1113 488 1260 523 tenentes,
1275 483 1386 522 absque
1399 484 1458 515 ulla
1467 483 1656 515 cunctatione
1671 483 1886 524 unusquisque
1895 493 1947 516 ve-

1112 533 1206 560 strum
1224 528 1301 569 quod
1320 528 1426 559 didicit
1438 528 1580 568 proferat,
1596 533 1626 560 et
1640 537 1695 559 nos
1708 528 1816 559 fratres
1831 529 1951 561 intente

1114 577 1143 604 et
1164 583 1231 604 cum
1246 572 1365 604 silentio
1376 573 1544 604 audiamus.

1155 619 1285 651 LXVIII.
1304 619 1373 650 Haec
1388 620 1495 650 dicens
1509 618 1653 651 Gamaliel
1668 629 1725 650 non
1742 619 1828 650 valde
1844 619 1950 658 place-

1115 663 1165 694 bat
1179 664 1308 703 Caiphai,
1325 668 1366 700 et,
1382 669 1415 695 ut
1440 663 1606 699 videbatur,
1634 669 1807 703 suspectum
1833 664 1952 696 habens

1116 718 1197 746 eum,
1215 709 1277 749 ipse
1293 708 1385 748 magis
1398 709 1533 740 inserere
1553 718 1585 739 se
1600 708 1748 739 subtiliter
1767 709 1950 750 disputatio-

1117 753 1206 784 nibus
1220 754 1309 792 crepit
1325 764 1333 791 ;
1350 753 1509 784 subridens
1520 754 1600 784 enim
1615 753 1652 785 ad
1669 763 1703 785 ett
1717 763 1787 794 quae
1801 754 1951 786 Gamaliel

1117 797 1242 835 d'xerat,
1257 796 1402 829 Jacobum
1418 800 1627 838 episcoporum
1642 798 1810 838 principem
1822 800 1892 837 (51)
1905 807 1953 829 sa-

1117 843 1270 874 cerdotum
1279 843 1416 883 princeps
1427 842 1538 878 orabat,
1552 847 1584 873 ut
1597 842 1635 874 de
1652 842 1770 874 Christo
1782 852 1845 873 non
1857 844 1952 874 alinno

249 884 364 916 satione
380 895 448 917 vero
462 888 600 920 manebat
613 889 692 919 inter
702 889 792 929 ipsos,
808 891 873 921 utsi
886 889 1004 930 quando
1020 889 1074 919 ini-
1087 900 1105 925 Β
1119 887 1154 918 de
1165 896 1263 918 sermo
1279 896 1366 928 quam
1386 888 1422 918 de
1432 887 1587 926 scripturis
1601 887 1694 921 ﬂeret.
1709 891 1740 918 ut
1752 887 1890 918 sciamus
1906 888 1950 919 in-

249 939 338 970 quum
351 931 462 971 aliquid
478 932 636 964 adversum
649 943 704 964 nos
717 938 766 965 aut
776 933 899 974 impium
929 933 1072 964 moliren-

250 977 307 1014 tur,
321 974 365 1005 vel
377 975 458 1016 ipsos
474 978 599 1009 consilio
615 979 794 1019 reprimeret
811 977 973 1018 prudenter
990 983 1074 1018 apta-

251 1022 289 1055 to,
303 1019 348 1050 vel
366 1029 418 1050 nos
433 1028 639 1054 commoneret
652 1027 683 1055 ut
698 1027 748 1054 aut
772 1032 881 1054 curare
905 1027 955 1054 aut
979 1023 1075 1054 decli-

253 1071 323 1094 nare
335 1066 548 1107 possemus;is
577 1076 646 1108 ergo
675 1071 813 1106 tanquam
837 1067 994 1098 adversum
1023 1076 1076 1098 nos

251 1117 353 1153 agens.
370 1110 451 1149 prior
460 1111 594 1143 omnium
609 1112 784 1153 episcopum
800 1112 942 1144 Iacobum
955 1113 1075 1144 intuens

252 1151 307 1183 hoc
321 1155 407 1185 modo
419 1156 566 1187 alit-cutus
582 1151 654 1188 esti:

292 1196 403 1231 LXVII.
416 1200 448 1231 Si
464 1209 519 1240 ego
535 1200 679 1233 Gamaliel
693 1211 790 1242 neque
798 1201 977 1233 eruditionis
990 1210 1075 1238 metu,

253 1250 350 1283 neque
365 1246 529 1276 senectutis
539 1247 732 1288 opprobrium
743 1246 953 1284 duco,discere
963 1246 1077 1285 aliquid

251 1295 270 1333 ιι
284 1288 413 1327 parvulis
428 1295 458 1321 et
472 1292 509 1322 ab
526 1291 683 1332 imperitis,
701 1293 724 1322 si
740 1292 810 1333 quid
820 1291 895 1322 torte
906 1296 950 1322 est
966 1291 1077 1322 utilita-

253 1332 290 1379 tis
301 1338 354 1379 aut
367 1335 475 1367 salutis
487 1338 647 1378 acquirere
663 1339 728 1379 (qui
751 1332 833 1369 enim
858 1337 1079 1368 rationabiliter

252 1377 390 1416 vivit,scit
400 1380 470 1420 quia
479 1377 553 1414 nihil
563 1388 607 1414 est
619 1377 717 1414 anima
729 1382 915 1424 pretiosius),
928 1381 1078 1422 quomodo

254 1431 313 1454 non
327 1424 467 1456 omnibus
480 1427 610 1459 amabile
624 1433 679 1468 est,
703 1427 879 1468 cunctisque
894 1431 1076 1467 exoptatum,

254 1471 285 1518 ut
294 1476 361 1518 quae
370 1468 486 1508 ignorat
500 1471 606 1510 discat,
620 1482 686 1513 qua;
702 1473 844 1503 didicerit
854 1472 986 1518 doceat?
1003 1471 1078 1503 Cer—

254 1512 400 1558 tissimum
412 1523 541 1557 namque
549 1512 726 1558 est,quoque
733 1526 829 1557 neque
835 1516 1080 1554 amicitiameque

1117 932 1191 971 quit,
1210 937 1306 962 utrum
1323 932 1408 963 Jesus
1420 932 1485 971 ipse
1497 932 1535 963 sit
1550 931 1698 969 Christus,
1716 941 1754 963 an
1779 941 1857 964 non.
1873 931 1951 963 Tum

1116 976 1256 1012 Iacobus,
1272 976 1379 1017 primo,
1389 976 1699 1017 inquit,requiramus.
1710 986 1744 1007 cx
1756 977 1953 1017 quibusscri-

1118 1021 1211 1062 pluris
1228 1021 1415 1061 potissimum
1434 1021 1664 1062 disputationem
1681 1021 1785 1052 haberi
1796 1027 1951 1061 oporteat.

1117 1066 1154 1097 At
1176 1066 1225 1097 ille
1241 1066 1285 1096 vix
1299 1065 1458 1106 aliquando
1484 1065 1598 1097 ratione
1613 1066 1677 1106 ipsa
1698 1071 1863 1106 superatus
1891 1076 1953 1098 res-

1119 1110 1234 1151 pondit,
1247 1119 1281 1141 ex
1298 1110 1364 1150 lege
1380 1110 1559 1151 habendam,
1574 1115 1604 1141 et
1621 1115 1688 1151 post
1702 1111 1759 1141 hoc
1771 1110 1867 1142 etiam
1885 1120 1952 1152 pro-

1119 1156 1275 1196 phetarum
1292 1155 1407 1186 addidit
1424 1154 1618 1191 mentionem,

1159 1199 1263 1232 LXIX.
1280 1199 1333 1231 Cui
1348 1198 1476 1231 Jacobus
1493 1204 1595 1230 noster
1601 1199 1692 1240 coepit
1701 1199 1883 1236 ostendere.
1893 1200 1957 1240 ιιιίι

1119 1249 1149 1277 et
1165 1245 1316 1286 prophetae
1328 1254 1393 1285 quae
1404 1244 1519 1280 dicunt.
1531 1253 1568 1275 ex
1579 1244 1645 1284 lege
1658 1244 1845 1284 sumpserint
1858 1249 1890 1275 et
1899 1244 1957 1285 legi

1120 1299 1251 1321 consona
1258 1290 1316 1320 sint
1327 1289 1429 1321 locuti.
1438 1289 1496 1320 Sed
1511 1294 1540 1320 et
1550 1289 1587 1320 de
1598 1289 1683 1321 libris
1694 1288 1875 1329 Regnorum
1892 1289 1955 1320 dis-

1119 1334 1214 1366 seruit
1226 1335 1337 1374 aliqua,
1356 1334 1517 1375 quomodo,
1533 1339 1563 1365 et
1578 1334 1709 1375 quando,
1720 1338 1750 1364 ct
1765 1343 1783 1364 ιι
1798 1343 1863 1375 quo
1876 1334 1955 1366 scri-

1121 1379 1162 1420 pti
1169 1379 1240 1418 sint,
1253 1384 1283 1411 et
1293 1380 1443 1420 quomodo
1454 1379 1500 1410 eis
1510 1378 1551 1410 uti
1566 1382 1712 1419 oporteat.
1725 1377 1868 1418 Cumque
1877 1382 1910 1409 et
1920 1379 1956 1410 de

1120 1425 1186 1465 lege
1193 1424 1366 1465 plenissime
1378 1424 1572 1464 disputasset,
1582 1432 1618 1455 ac
1624 1423 1741 1462 singula
1751 1432 1821 1463 quae
1832 1422 1956 1455 derri-

1121 1475 1167 1501 sto
1173 1473 1252 1502 sunt.
1257 1469 1415 1510 purissima
1422 1468 1607 1509 expositione
1618 1467 1789 1508 protulisset
1797 1468 1829 1498 in
1840 1467 1953 1507 lucem,

1121 1513 1251 1545 ostendit
1264 1513 1530 1545 abundautissimis
1542 1511 1856 1553 probationibus,quia
1867 1511 1957 1544 Jesus

255 1557 459 1604 propinquitas
469 1556 599 1603 generis,
617 1556 715 1604 neque
730 1556 814 1602 regni
840 1561 1009 1593 sublimitas
1022 1561 1110 1596 ho-:C
1122 1564 1165 1591 est
1179 1558 1324 1604 Christus,
1337 1563 1367 1604 et
1383 1558 1414 1589 in
1433 1558 1499 1598 ipso
1528 1558 1666 1604 universa
1693 1566 1758 1604 quae
1781 1556 1820 1587 de
1848 1557 1956 1604 humili

255 1601 326 1633 mini
336 1602 426 1635 debet
440 1614 506 1637 esse
522 1601 682 1646 pretiosior
697 1601 872 1639 veritate.Et
881 1615 932 1637 vos
943 1614 1014 1646 ergo
1026 1605 1081 1637 l'ra-

256 1652 329 1692 tres,
345 1648 452 1687 siquid
468 1651 595 1691 amplius
607 1652 712 1690 nostis,
728 1652 838 1692 populo
850 1650 902 1682 Dei
913 1651 967 1691 qui
981 1650 1078 1687 adest,

256 1691 533 1738 itemquefratribus
543 1697 652 1728 vestris
664 1691 799 1738 proferre
810 1706 870 1728 non
882 1693 1080 1737 pigeat,omni

255 1737 365 1783 ρςιρυιο
380 1737 510 1783 libenter
528 1745 558 1773 et
568 1746 629 1773 tota
643 1737 802 1781 conquiete
816 1750 882 1783 quas
911 1740 1012 1772 dicitis
1027 1749 1080 1771 au-

256 1779 367 1831 ἀίθξιίθ-
381 1782 535 1831 Quomodo
547 1787 627 1818 enim
636 1796 695 1818 non
707 1779 762 1818 hoc
773 1779 861 1817 faciat
873 1786 1081 1831 populus,cum

258 1828 403 1875 ηξθίρξξιιιι
420 1828 623 1863 videatsvcum
635 1832 745 1872 pariter
752 1831 849 1862 vellea
860 1830 942 1860 vobis
953 1829 1081 1867 discere,

256 1871 282 1900 si
297 1871 366 1911 quid
382 1872 459 1905 forte
472 1876 600 1915 amplius
611 1871 697 1908 vobis
712 1875 855 1907 revelavit
869 1874 999 1907 Deus?Si
1011 1883 1082 1906 vero

256 1923 309 1945 vos
320 1915 350 1946 in
361 1917 461 1956 aliquo
476 1919 627 1960 indigetis.
644 1921 784 1952 similiter
798 1920 888 1951 etiam
904 1928 954 1950 vos
966 1928 983 1949 a
998 1919 1084 1950 nobis

258 1962 428 2006 nonpigeat
443 1965 556 2006 doceri,
582 1971 613 1997 ut
628 1975 698 2005 erga
722 1970 881 2005 utramque
905 1968 1032 2004 partem,
1059 1965 1085 1995 si

258 2004 328 2044 quid
339 2007 435 2047 deest,
459 2004 623 2052 adimpleat
643 2004 821 2046 Deus.Quod
838 2009 863 2039 si
887 2008 995 2049 aliquis
1009 2008 1086 2043 forte

258 2058 310 2081 vos
324 2063 402 2088 nunc
417 2057 558 2089 sollicitat
572 2060 681 2096 metus,
697 2060 817 2096 propter
842 2053 1003 2084 nonnullos
1028 2062 1086 2084 no-

257 2101 386 2133 strorum
413 2102 464 2142 qui
493 2101 693 2143 praejudicatis
718 2099 874 2131 adversum
900 2106 951 2129 vos
975 2097 1087 2129 animis

258 2149 390 2185 utuntur,
408 2152 437 2178 et
451 2146 574 2179 insidias
589 2154 694 2178 eorum
706 2148 857 2181 verentes,
883 2151 943 2174 non
971 2143 1088 2174 audetis

1123 1604 1189 1644 ejus
1202 1603 1333 1635 adVentu
1342 1603 1460 1635 fuerant
1475 1603 1627 1643 prmdicta,
1645 1603 1852 1641 complentur.
1876 1601 1959 1633 Duos

1123 1648 1202 1680 enim
1219 1649 1287 1688 ejus
1303 1648 1463 1689 praedictos
1476 1657 1543 1679 esse
1558 1648 1659 1678 docuit
1680 1646 1843 1686 adventus,
1862 1656 1957 1678 unum

1123 1693 1302 1726 humilitatis
1326 1702 1417 1733 quem
1444 1692 1629 1733 adimplevit,
1654 1691 1745 1722 alium
1774 1691 1884 1730 glorise
1909 1696 1959 1732 qui

1122 1743 1258 1780 speratur
1273 1738 1454 1779 implendus,
1471 1747 1538 1769 cum
1556 1736 1654 1768 veniet
1665 1736 1735 1768 dare
1747 1745 1878 1776 regnum
1889 1745 1960 1768 cre-

1123 1783 1264 1815 dentibus
1274 1783 1305 1814 in
1321 1792 1353 1814 se
1367 1787 1396 1814 et
1408 1782 1596 1814 servantibus
1608 1782 1708 1812 omnia
1718 1789 1785 1821 qum
1797 1781 1959 1821 praecepit.

1124 1829 1257 1869 Cumque
1274 1828 1312 1859 de
1323 1829 1370 1859 his
1396 1827 1548 1858 evidenter
1564 1826 1704 1867 populum
1720 1826 1892 1862 docuisset.
1910 1826 1962 1856 ad-

1125 1874 1212 1904 debat
1223 1873 1312 1904 etiam
1329 1872 1385 1904 hoc
1401 1872 1489 1913 ;quia
1505 1871 1561 1902 nisi
1574 1871 1641 1911 quis
1666 1870 1828 1910 baptizatus
1853 1869 1962 1901 {uiuet

1125 1918 1155 1949 in
1171 1927 1245 1958 aqua
1261 1917 1317 1948 sub
1329 1916 1528 1958 appellatione
1544 1916 1628 1947 trinas
1653 1914 1863 1955 beatitudinis,
1878 1914 1961 1946 sicut

1126 1963 1226 1994 docuit
1239 1971 1327 1993 verus
1341 1962 1494 2003 propheta,
1508 1970 1606 2001 neque
1617 1960 1828 1991 remissionem
1842 1959 1963 2000 accipe-

1127 2012 1173 2039 ret
1189 2012 1495 2048 peccatorum,neque
1504 2005 1641 2036 introiret
1652 2005 1681 2036 in
1694 2013 1787 2043 regna
1797 2003 1960 2035 calorum:

1128 2053 1240 2084 etbanc
1251 2061 1319 2083 esse
1331 2053 1382 2083 Dei
1396 2050 1546 2092 [ingeniti]
1555 2049 1783 2090 praeﬁnitionem
1794 2048 1963 2080 conﬁrma-

1128 2098 1180 2129 vit.
1204 2097 1318 2133 Quibus
1329 2096 1417 2128 etiam
1432 2096 1458 2118 ίι
1475 2096 1538 2126 haec
1558 2094 1673 2125 addidit
1688 2104 1695 2125 :
1722 2092 1824 2124 Nolite
1857 2097 1964 2132 pum
1980 2094 1982 2096 ’

1131 2152 1183 2173 nos
1207 2143 1281 2172 duos
1293 2142 1441 2181 ingenitus
1453 2141 1553 2172 dicere
1563 2139 1647 2176 deos,
1662 2142 1712 2169 aut
1722 2146 1815 2168 unum
1832 2136 1961 2169 divisum
2008 2135 2009 2138 “

297 2226 322 2250 ⁸⁸
341 2226 491 2260 Vocabula
504 2226 624 2265 Quibus
638 2225 732 2257 etiam
746 2240 782 2248 --
795 2224 833 2255 de
847 2222 1011 2255 Paracleto
1025 2223 1154 2255 dicimus
1172 2232 1230 2253 non
1248 2222 1389 2261 leguntur
1404 2222 1434 2252 in
1451 2220 1537 2252 codd.
1555 2221 1647 2260 Lips.,
1662 2217 1713 2259 qui
1728 2216 1817 2248 etiam
1835 2226 1906 2249 voc.
1920 2218 1964 2249 in-
2010 2197 2013 2237 έ

258 2268 327 2307 niti,
345 2267 424 2309 quod
441 2267 525 2298 uncis
539 2266 722 2306 includinus,
735 2274 796 2297 non
812 2268 990 2304 agnoscunt.

935 2330 1132 2364 COTELERII
1155 2330 1280 2363 NOT/E.

302 2417 364 2456 (51)
372 2415 517 2448 Iacobum
525 2415 738 2456 episcoporum
750 2413 923 2452 principem
929 2412 1084 2456 .gandgle-

260 2451 361 2487 rianus
375 2456 466 2487 etiam
481 2451 735 2495 codex,Jo'cobum
746 2451 1014 2495 episcopumPetri
1026 2451 1084 2495 Pe-

260 2492 611 2537 titi,J7acobumrnostru'm
622 2492 877 2537 principemgint‘t;
873 2503 883 2523 ι
899 2492 1083 2537 captpenult,

259 2533 391 2568 Juéobus
407 2533 698 2576 archiepiscopitsdn
712 2533 838 2576 consilio
855 2533 1086 2576 Ephesinopar:

263 2582 291 2608 te
300 2586 350 2613 t.c.
356 2572 536 2609 302Ἰ²Χώδόυ
552 2572 701 2605 ἂπόττόλω
717 2573 1022 2614 ιαῖῗᾴρχιιῖτισιιῖπου.ᾼ
1028 2572 1086 2612 pud

262 2617 400 2648 Pliotium
416 2616 563 2652 Biblioth,
579 2615 647 2646 cod.
664 2614 735 2646 ‘275.
752 2613 919 2653 Hesychius
936 2613 1089 2653 presbyter

262 2657 607 2697 Hierosolytnitanus,rbv
622 2656 675 2684 τῶν
689 2654 781 2697 ἶξρέων
798 2654 932 2697 ἡχεμόηι,
948 2653 1088 2697 tim-timu-

261 2697 378 2727 στόλοων
399 2692 449 2726 ἶτὸν
475 2697 598 2737 ἕξιρχον,
624 2697 677 2737 γτὴν
701 2692 1038 2737 ἐὺ-κεφαλρῖςιηορυφήυ,
1058 2692 1089 2723 [n

262 2738 375 2769 scholio
383 2737 465 2777 Regii
477 2733 749 2776 «:odicis705,quod
761 2733 849 2777 posui
858 2733 1088 2777 initioiiotarum

264 2779 292 2809 in
303 2772 479 2814 Barnabam,
496 2778 600 2816 πρῶτος
616 2772 903 2816 ἒπίσιῖοποςέᾘηάθλςι
920 2772 1090 2816 Nicephoro

262 2817 318 2859 PP,
330 2813 481 2856 catalogus
502 2813 738 2859 Patriarcharum
766 2813 1089 2859 Hieranlymitanorum

265 2858 370 2889 texitur
381 2853 450 2889 ante
462 2858 609 2896 catalogus
634 2856 819 2896 reliquorum
838 2853 1089 2896 patriarcharum.

1127 2413 1192 2442 laus
1210 2410 1423 2445 Methonensis,
1442 2409 1479 2440 de
1494 2407 1703 2440 Eucharistia:
1721 2407 1751 2436 Ὀ
1765 2408 1844 2439 Orto:
1867 2406 1964 2436 Ἰάκι-

1126 2452 1195 2483 ϐυςὸ
1218 2456 1263 2480 τοῦ
1291 2452 1396 2483 πρώτω
1411 2451 1453 2477 κιῖ
1472 2448 1590 2487 μεγάλω
1619 2447 1767 2487 ἀρχιερέως
1787 2446 1910 2485 ἀδελφὸς

1127 2492 1262 2530 διὰδολοξμ
1283 2490 1350 2520 Haec
1368 2491 1397 2519 iu
1416 2485 1532 2520 laudem
1550 2485 1673 2530 Jacobi:
1692 2486 1782 2518 Sedis
1803 2494 1881 2530 vero
2007 2485 2013 2520 ι

1129 2525 1337 2571 ιοεοῐέτηίιὶσίῐ)
1355 2530 1481 2560 illlustre
1499 2529 1683 2571 praeconium
1700 2525 1881 2571 suppeditat
1894 2525 1967 2566 Epi-

1130 2567 1335 2602 stola'Justiui
1367 2567 1557 2611 imperatoris
1572 2568 1607 2599 ad
1625 2567 1816 2611 llormisdam
1846 2574 1965 2611 papam.

1130 2621 1196 2649 quae
1205 2611 1395 2649 subsequitur
1407 2610 1543 2649 ejusdem
1553 2607 1699 2648 pontiﬁcis
1710 2607 1966 2649 septuagesima!

1151 2657 1281 2690 uartam,
1296 2647 1376 2681 liisce
1390 2647 1507 2680 vei-bis:
1523 2649 1567 2690 At!
1581 2648 1805 2690 colligenduset
1823 2647 1966 2690 artum-

1131 2686 1184 2722 dus
1199 2686 1307 2730 ubique
1325 2690 1515 2721 venerabiles
1533 2686 1731 2730 Ecclesins.et
1747 2686 1966 2730 lliesolglitf-

1133 2741 1203 2762 nam
1219 2725 1371 2771 prlrcipuc
1383 2742 1388 2759 :
1402 2731 1453 2760 cui
1464 2734 1565 2771 tamen
1581 2729 1611 2767 ||.
1631 2732 1748 2758 tantum
1759 2725 1878 2771 calet:

1133 2765 1234 2802 omnes
1244 2773 1274 2809 fu
1281 2765 1373 2802 μοὶ-ειη
1387 2771 1426 2801 im
1431 2765 1677 2810 panduntfquasi
1687 2768 1781 2798 matri
1790 2765 1967 2810 Christiani

1134 2806 1322 2848 nominis-“tt
1349 2806 1436 2842 ιιρνηό
1461 2809 1570 2840 audeat
1588 2806 1674 2848 hbeo
1695 2806 1966 2848 “seducet-pas.
1998 2838 1999 2846 γ

1137 2851 1251 2883 Videsis
1268 2845 1445 2891 principium
1465 2848 1606 2889 Epistula
1621 2846 1787 2879 Clementis
1814 2845 1859 2878 ad
1881 2846 1966 2878 Jaco-
1998 2856 2000 2885 ξ

263 2897 387 2929 Ruﬁnus
400 2897 544 2929 Historia:
558 2891 767 2928 Ecclesiastica
786 2891 909 2926 Eusebii
923 2903 941 2924 a
955 2902 989 2924 se
999 2901 1096 2924 versas
1138 2892 1219 2932 bum,
1239 2897 1266 2923 et
1281 2891 1443 2931 Epitomes.

265 2937 287 2968 l.
297 2945 330 2977 ιι,
340 2946 366 2967 c.
383 2940 396 2967 t
414 2946 423 2968 :
434 2938 645 2977 Apostolorum
658 2932 994 2976 epircOpuniDenique
1004 2932 1094 2964 Nico-

1957 1709 1959 1726 ι

1957 1875 1962 1900 t

1957 1920 1961 1946 ι

1957 2094 2009 2138 ι

1957 2141 2013 2179 ιι

2010 2263 2011 2278 l

2010 2305 2013 2325 ι

1957 2589 1966 2635 i

1957 2747 1967 2795 ἱ

1957 2856 2000 2869 ,ι
