  <div class='ocr_page' id='page_1' title='image "/cluster/home/n/w/nwhite01/storage/ocr_20150623/1/hvd.32044073501413/639.png"; bbox 0 0 4056 6352; ppageno 0'>
   <div class='ocr_carea' id='block_1_1' title="bbox 192 366 355 427">
    <p class='ocr_par' dir='ltr' id='par_1_1' title="bbox 192 366 355 427">
     <span class='ocr_line' id='line_1_1' title="bbox 192 366 355 427; baseline 0.012 -2"><span class='ocrx_word' id='word_1_1' title='bbox 192 368 215 425; x_wconf 76' lang='grc'><strong>1</strong></span> <span class='ocrx_word' id='word_1_2' title='bbox 232 366 355 427; x_wconf 66' lang='lat' dir='ltr'><strong>Q65</strong></span> 
     </span>
    </p>
   </div>
   <div class='ocr_carea' id='block_1_2' title="bbox 1404 364 2368 435">
    <p class='ocr_par' dir='ltr' id='par_1_2' title="bbox 1404 364 2368 435">
     <span class='ocr_line' id='line_1_2' title="bbox 1404 364 2368 435; baseline 0.002 -6"><span class='ocrx_word' id='word_1_3' title='bbox 1404 364 2043 431; x_wconf 84' lang='lat' dir='ltr'><strong>RECOGNITIONUM</strong></span> <span class='ocrx_word' id='word_1_4' title='bbox 2088 367 2238 430; x_wconf 86' lang='lat' dir='ltr'><strong>LIB.</strong></span> <span class='ocrx_word' id='word_1_5' title='bbox 2286 365 2368 435; x_wconf 89' lang='lat' dir='ltr'><strong>II_.</strong></span> 
     </span>
    </p>
   </div>
   <div class='ocr_carea' id='block_1_3' title="bbox 3420 362 3576 433">
    <p class='ocr_par' dir='ltr' id='par_1_3' title="bbox 3420 362 3576 433">
     <span class='ocr_line' id='line_1_3' title="bbox 3420 362 3576 433; baseline -0.019 -5"><span class='ocrx_word' id='word_1_6' title='bbox 3420 362 3576 433; x_wconf 76' lang='grc'><strong>1266</strong></span> 
     </span>
    </p>
   </div>
   <div class='ocr_carea' id='block_1_4' title="bbox 184 497 3576 582">
    <p class='ocr_par' dir='ltr' id='par_1_4' title="bbox 184 497 3576 582">
     <span class='ocr_line' id='line_1_4' title="bbox 184 497 3576 582; baseline -0.001 -19"><span class='ocrx_word' id='word_1_7' title='bbox 184 519 314 563; x_wconf 78' lang='lat' dir='ltr'><strong>non</strong></span> <span class='ocrx_word' id='word_1_8' title='bbox 342 501 501 571; x_wconf 88' lang='lat' dir='ltr'><strong>facit,</strong></span> <span class='ocrx_word' id='word_1_9' title='bbox 558 502 741 563; x_wconf 89' lang='lat' dir='ltr'><strong>multo</strong></span> <span class='ocrx_word' id='word_1_10' title='bbox 797 502 983 582; x_wconf 85' lang='lat' dir='ltr'><strong>magis</strong></span> <span class='ocrx_word' id='word_1_11' title='bbox 1034 521 1145 565; x_wconf 87' lang='lat' dir='ltr'><strong>nec</strong></span> <span class='ocrx_word' id='word_1_12' title='bbox 1202 503 1674 566; x_wconf 79' lang='lat' dir='ltr'><strong>inconsonantia.</strong></span> <span class='ocrx_word' id='word_1_13' title='bbox 1710 499 2107 577; x_wconf 77' lang='lat' dir='ltr'><strong>QuiaAquod</strong></span> <span class='ocrx_word' id='word_1_14' title='bbox 2143 517 2249 578; x_wconf 90' lang='lat' dir='ltr'><strong>pro</strong></span> <span class='ocrx_word' id='word_1_15' title='bbox 2276 500 2610 563; x_wconf 77' lang='lat' dir='ltr'><strong>assertione</strong></span> <span class='ocrx_word' id='word_1_16' title='bbox 2640 500 2851 562; x_wconf 92' lang='lat' dir='ltr'><strong>horum</strong></span> <span class='ocrx_word' id='word_1_17' title='bbox 2894 500 3212 563; x_wconf 89' lang='lat' dir='ltr'><strong>innumera</strong></span> <span class='ocrx_word' id='word_1_18' title='bbox 3260 497 3576 561; x_wconf 80' lang='lat' dir='ltr'><strong>verborum</strong></span> 
     </span>
    </p>
   </div>
   <div class='ocr_carea' id='block_1_5' title="bbox 186 590 1846 673">
    <p class='ocr_par' dir='ltr' id='par_1_5' title="bbox 186 590 1846 673">
     <span class='ocr_line' id='line_1_5' title="bbox 186 590 1846 673; baseline -0.001 -21"><span class='ocrx_word' id='word_1_19' title='bbox 186 610 333 670; x_wconf 88' lang='lat' dir='ltr'><strong>ergo</strong></span> <span class='ocrx_word' id='word_1_20' title='bbox 370 591 551 652; x_wconf 91' lang='lat' dir='ltr'><strong>multa</strong></span> <span class='ocrx_word' id='word_1_21' title='bbox 575 600 732 666; x_wconf 91' lang='lat' dir='ltr'><strong>sunt,</strong></span> <span class='ocrx_word' id='word_1_22' title='bbox 769 610 903 669; x_wconf 66' lang='lat' dir='ltr'><strong>quae</strong></span> <span class='ocrx_word' id='word_1_23' title='bbox 934 590 1209 654; x_wconf 90' lang='lat' dir='ltr'><strong>videntur</strong></span> <span class='ocrx_word' id='word_1_24' title='bbox 1240 591 1483 673; x_wconf 88' lang='lat' dir='ltr'><strong>quidem</strong></span> <span class='ocrx_word' id='word_1_25' title='bbox 1516 591 1846 653; x_wconf 89' lang='lat' dir='ltr'><strong>inconsona</strong></span> 
     </span>
    </p>
   </div>
   <div class='ocr_carea' id='block_1_6' title="bbox 193 680 1846 763">
    <p class='ocr_par' dir='ltr' id='par_1_6' title="bbox 193 680 1846 763">
     <span class='ocr_line' id='line_1_6' title="bbox 193 680 1846 763; baseline 0.001 -22"><span class='ocrx_word' id='word_1_26' title='bbox 193 698 335 743; x_wconf 90' lang='lat' dir='ltr'><strong>esse</strong></span> <span class='ocrx_word' id='word_1_27' title='bbox 347 680 905 760; x_wconf 82' lang='lat' dir='ltr'><strong>nonnullis,hubent</strong></span> <span class='ocrx_word' id='word_1_28' title='bbox 922 692 1119 743; x_wconf 89' lang='lat' dir='ltr'><strong>tamen</strong></span> <span class='ocrx_word' id='word_1_29' title='bbox 1136 681 1523 763; x_wconf 83' lang='lat' dir='ltr'><strong>profundiore</strong></span> <span class='ocrx_word' id='word_1_30' title='bbox 1541 680 1846 743; x_wconf 88' lang='lat' dir='ltr'><strong>rationein</strong></span> 
     </span>
    </p>
   </div>
   <div class='ocr_carea' id='block_1_7' title="bbox 192 769 1850 852">
    <p class='ocr_par' dir='ltr' id='par_1_7' title="bbox 192 769 1850 852">
     <span class='ocr_line' id='line_1_7' title="bbox 192 769 1850 852; baseline 0 -21"><span class='ocrx_word' id='word_1_31' title='bbox 192 771 1018 850; x_wconf 85' lang='lat' dir='ltr'><strong>semetipsisconsonantiam,</strong></span> <span class='ocrx_word' id='word_1_32' title='bbox 1044 772 1199 833; x_wconf 92' lang='lat' dir='ltr'><strong>sicut</strong></span> <span class='ocrx_word' id='word_1_33' title='bbox 1218 771 1406 833; x_wconf 91' lang='lat' dir='ltr'><strong>etalia</strong></span> <span class='ocrx_word' id='word_1_34' title='bbox 1420 790 1555 852; x_wconf 73' lang='lat' dir='ltr'><strong>qua:</strong></span> <span class='ocrx_word' id='word_1_35' title='bbox 1574 769 1850 833; x_wconf 89' lang='lat' dir='ltr'><strong>videntur</strong></span> 
     </span>
    </p>
   </div>
   <div class='ocr_carea' id='block_1_8' title="bbox 195 859 1842 940">
    <p class='ocr_par' dir='ltr' id='par_1_8' title="bbox 195 859 1842 940">
     <span class='ocr_line' id='line_1_8' title="bbox 195 859 1842 940; baseline 0.001 -20"><span class='ocrx_word' id='word_1_36' title='bbox 195 859 422 922; x_wconf 88' lang='lat' dir='ltr'><strong>habere</strong></span> <span class='ocrx_word' id='word_1_37' title='bbox 454 861 926 936; x_wconf 75' lang='lat' dir='ltr'><strong>consonantiam,</strong></span> <span class='ocrx_word' id='word_1_38' title='bbox 972 861 1241 923; x_wconf 90' lang='lat' dir='ltr'><strong>discussa</strong></span> <span class='ocrx_word' id='word_1_39' title='bbox 1268 860 1614 940; x_wconf 85' lang='lat' dir='ltr'><strong>diligentius</strong></span> <span class='ocrx_word' id='word_1_40' title='bbox 1673 861 1842 922; x_wconf 86' lang='lat' dir='ltr'><strong>inve-</strong></span> 
     </span>
    </p>
   </div>
   <div class='ocr_carea' id='block_1_9' title="bbox 190 949 1844 1031">
    <p class='ocr_par' dir='ltr' id='par_1_9' title="bbox 190 949 1844 1031">
     <span class='ocr_line' id='line_1_9' title="bbox 190 949 1844 1031; baseline 0.001 -23"><span class='ocrx_word' id='word_1_41' title='bbox 190 949 438 1012; x_wconf 87' lang='lat' dir='ltr'><strong>niuntur</strong></span> <span class='ocrx_word' id='word_1_42' title='bbox 472 951 817 1025; x_wconf 81' lang='lat' dir='ltr'><strong>inconsona,</strong></span> <span class='ocrx_word' id='word_1_43' title='bbox 854 950 963 1011; x_wconf 90' lang='lat' dir='ltr'><strong>hac</strong></span> <span class='ocrx_word' id='word_1_44' title='bbox 992 950 1066 1011; x_wconf 90' lang='lat' dir='ltr'><strong>de</strong></span> <span class='ocrx_word' id='word_1_45' title='bbox 1110 969 1285 1013; x_wconf 87' lang='lat' dir='ltr'><strong>causa</strong></span> <span class='ocrx_word' id='word_1_46' title='bbox 1314 950 1487 1011; x_wconf 90' lang='lat' dir='ltr'><strong>aliam</strong></span> <span class='ocrx_word' id='word_1_47' title='bbox 1534 969 1653 1012; x_wconf 90' lang='lat' dir='ltr'><strong>non</strong></span> <span class='ocrx_word' id='word_1_48' title='bbox 1706 956 1844 1031; x_wconf 90' lang='lat' dir='ltr'><strong>puto</strong></span> 
     </span>
    </p>
   </div>
   <div class='ocr_carea' id='block_1_10' title="bbox 184 1037 1846 1115">
    <p class='ocr_par' dir='ltr' id='par_1_10' title="bbox 184 1037 1846 1115">
     <span class='ocr_line' id='line_1_10' title="bbox 184 1037 1846 1115; baseline 0 -15"><span class='ocrx_word' id='word_1_49' title='bbox 184 1040 509 1101; x_wconf 91' lang='lat' dir='ltr'><strong>rectiorem</strong></span> <span class='ocrx_word' id='word_1_50' title='bbox 545 1059 677 1101; x_wconf 90' lang='lat' dir='ltr'><strong>esse</strong></span> <span class='ocrx_word' id='word_1_51' title='bbox 698 1039 851 1100; x_wconf 91' lang='lat' dir='ltr'><strong>viam</strong></span> <span class='ocrx_word' id='word_1_52' title='bbox 880 1040 953 1100; x_wconf 90' lang='lat' dir='ltr'><strong>ad</strong></span> <span class='ocrx_word' id='word_1_53' title='bbox 1006 1040 1217 1102; x_wconf 92' lang='lat' dir='ltr'><strong>horum</strong></span> <span class='ocrx_word' id='word_1_54' title='bbox 1249 1039 1598 1115; x_wconf 86' lang='lat' dir='ltr'><strong>discrimen,</strong></span> <span class='ocrx_word' id='word_1_55' title='bbox 1635 1037 1750 1101; x_wconf 89' lang='lat' dir='ltr'><strong>nisi</strong></span> <span class='ocrx_word' id='word_1_56' title='bbox 1784 1047 1846 1100; x_wconf 89' lang='lat' dir='ltr'><strong>ut</strong></span> 
     </span>
    </p>
   </div>
   <div class='ocr_carea' id='block_1_11' title="bbox 184 1127 1847 1210">
    <p class='ocr_par' dir='ltr' id='par_1_11' title="bbox 184 1127 1847 1210">
     <span class='ocr_line' id='line_1_11' title="bbox 184 1127 1847 1210; baseline 0 -21"><span class='ocrx_word' id='word_1_57' title='bbox 184 1129 358 1209; x_wconf 90' lang='lat' dir='ltr'><strong>prius</strong></span> <span class='ocrx_word' id='word_1_58' title='bbox 388 1147 839 1209; x_wconf 80' lang='lat' dir='ltr'><strong>cognoscamus,</strong></span> <span class='ocrx_word' id='word_1_59' title='bbox 871 1129 922 1189; x_wconf 88' lang='lat' dir='ltr'><strong>si</strong></span> <span class='ocrx_word' id='word_1_60' title='bbox 941 1128 989 1190; x_wconf 91' lang='lat' dir='ltr'><strong>is</strong></span> <span class='ocrx_word' id='word_1_61' title='bbox 1013 1130 1114 1210; x_wconf 89' lang='lat' dir='ltr'><strong>qui</strong></span> <span class='ocrx_word' id='word_1_62' title='bbox 1145 1129 1377 1191; x_wconf 89' lang='lat' dir='ltr'><strong>locutus</strong></span> <span class='ocrx_word' id='word_1_63' title='bbox 1408 1140 1497 1191; x_wconf 92' lang='lat' dir='ltr'><strong>est</strong></span> <span class='ocrx_word' id='word_1_64' title='bbox 1520 1148 1587 1191; x_wconf 89' lang='lat' dir='ltr'><strong>ea</strong></span> <span class='ocrx_word' id='word_1_65' title='bbox 1610 1146 1742 1209; x_wconf 79' lang='lat' dir='ltr'><strong>quae</strong></span> <span class='ocrx_word' id='word_1_66' title='bbox 1761 1127 1847 1189; x_wconf 91' lang='lat' dir='ltr'><strong>vi-</strong></span> 
     </span>
    </p>
   </div>
   <div class='ocr_carea' id='block_1_12' title="bbox 182 1216 1847 1299">
    <p class='ocr_par' dir='ltr' id='par_1_12' title="bbox 182 1216 1847 1299">
     <span class='ocr_line' id='line_1_12' title="bbox 182 1216 1847 1299; baseline 0.001 -22"><span class='ocrx_word' id='word_1_67' title='bbox 182 1217 408 1279; x_wconf 90' lang='lat' dir='ltr'><strong>dentur</strong></span> <span class='ocrx_word' id='word_1_68' title='bbox 440 1218 787 1291; x_wconf 91' lang='lat' dir='ltr'><strong>inconsona,</strong></span> <span class='ocrx_word' id='word_1_69' title='bbox 824 1218 1111 1299; x_wconf 66' lang='lat' dir='ltr'><strong>propheta</strong></span> <span class='ocrx_word' id='word_1_70' title='bbox 1133 1219 1229 1279; x_wconf 92' lang='lat' dir='ltr'><strong>sit.</strong></span> <span class='ocrx_word' id='word_1_71' title='bbox 1259 1216 1321 1281; x_wconf 88' lang='lat' dir='ltr'><strong>Si</strong></span> <span class='ocrx_word' id='word_1_72' title='bbox 1349 1220 1507 1279; x_wconf 90' lang='lat' dir='ltr'><strong>enim</strong></span> <span class='ocrx_word' id='word_1_73' title='bbox 1542 1216 1847 1279; x_wconf 71' lang='lat' dir='ltr'><strong>invenitur</strong></span> 
     </span>
    </p>
   </div>
   <div class='ocr_carea' id='block_1_13' title="bbox 179 1306 1841 1389">
    <p class='ocr_par' dir='ltr' id='par_1_13' title="bbox 179 1306 1841 1389">
     <span class='ocr_line' id='line_1_13' title="bbox 179 1306 1841 1389; baseline 0 -21"><span class='ocrx_word' id='word_1_74' title='bbox 179 1309 474 1387; x_wconf 88' lang='lat' dir='ltr'><strong>propheta</strong></span> <span class='ocrx_word' id='word_1_75' title='bbox 505 1326 661 1381; x_wconf 88' lang='lat' dir='ltr'><strong>esse,</strong></span> <span class='ocrx_word' id='word_1_76' title='bbox 696 1308 897 1368; x_wconf 91' lang='lat' dir='ltr'><strong>omnia</strong></span> <span class='ocrx_word' id='word_1_77' title='bbox 927 1306 1031 1369; x_wconf 90' lang='lat' dir='ltr'><strong>illa</strong></span> <span class='ocrx_word' id='word_1_78' title='bbox 1065 1326 1195 1389; x_wconf 63' lang='lat' dir='ltr'><strong>qua}</strong></span> <span class='ocrx_word' id='word_1_79' title='bbox 1255 1307 1531 1370; x_wconf 86' lang='lat' dir='ltr'><strong>videntur</strong></span> <span class='ocrx_word' id='word_1_80' title='bbox 1560 1306 1676 1368; x_wconf 90' lang='lat' dir='ltr'><strong>sibi</strong></span> <span class='ocrx_word' id='word_1_81' title='bbox 1706 1324 1841 1369; x_wconf 89' lang='lat' dir='ltr'><strong>esse</strong></span> 
     </span>
    </p>
   </div>
   <div class='ocr_carea' id='block_1_14' title="bbox 173 1396 1839 1477">
    <p class='ocr_par' dir='ltr' id='par_1_14' title="bbox 173 1396 1839 1477">
     <span class='ocr_line' id='line_1_14' title="bbox 173 1396 1839 1477; baseline -0.001 -17"><span class='ocrx_word' id='word_1_82' title='bbox 173 1398 496 1477; x_wconf 90' lang='lat' dir='ltr'><strong>contraria,</strong></span> <span class='ocrx_word' id='word_1_83' title='bbox 543 1406 777 1458; x_wconf 85' lang='lat' dir='ltr'><strong>constat</strong></span> <span class='ocrx_word' id='word_1_84' title='bbox 806 1396 1031 1459; x_wconf 88' lang='lat' dir='ltr'><strong>habere</strong></span> <span class='ocrx_word' id='word_1_85' title='bbox 1059 1397 1538 1473; x_wconf 79' lang='lat' dir='ltr'><strong>consonantiam,</strong></span> <span class='ocrx_word' id='word_1_86' title='bbox 1576 1397 1682 1459; x_wconf 91' lang='lat' dir='ltr'><strong>sed</strong></span> <span class='ocrx_word' id='word_1_87' title='bbox 1717 1415 1839 1459; x_wconf 92' lang='lat' dir='ltr'><strong>non</strong></span> 
     </span>
    </p>
   </div>
   <div class='ocr_carea' id='block_1_15' title="bbox 174 1484 1838 1566">
    <p class='ocr_par' dir='ltr' id='par_1_15' title="bbox 174 1484 1838 1566">
     <span class='ocr_line' id='line_1_15' title="bbox 174 1484 1838 1566; baseline 0.002 -22"><span class='ocrx_word' id='word_1_88' title='bbox 174 1484 448 1564; x_wconf 86' lang='lat' dir='ltr'><strong>intelligi.</strong></span> <span class='ocrx_word' id='word_1_89' title='bbox 476 1484 558 1547; x_wconf 90' lang='lat' dir='ltr'><strong>De</strong></span> <span class='ocrx_word' id='word_1_90' title='bbox 578 1484 670 1547; x_wconf 91' lang='lat' dir='ltr'><strong>his</strong></span> <span class='ocrx_word' id='word_1_91' title='bbox 697 1503 835 1564; x_wconf 90' lang='lat' dir='ltr'><strong>ergo</strong></span> <span class='ocrx_word' id='word_1_92' title='bbox 863 1484 1253 1563; x_wconf 88' lang='lat' dir='ltr'><strong>probamenta</strong></span> <span class='ocrx_word' id='word_1_93' title='bbox 1271 1484 1493 1548; x_wconf 89' lang='lat' dir='ltr'><strong>rectius</strong></span> <span class='ocrx_word' id='word_1_94' title='bbox 1516 1484 1838 1566; x_wconf 89' lang='lat' dir='ltr'><strong>requiren-</strong></span> 
     </span>
    </p>
   </div>
   <div class='ocr_carea' id='block_1_16' title="bbox 175 1574 1838 1656">
    <p class='ocr_par' dir='ltr' id='par_1_16' title="bbox 175 1574 1838 1656">
     <span class='ocr_line' id='line_1_16' title="bbox 175 1574 1838 1656; baseline 0.002 -23"><span class='ocrx_word' id='word_1_95' title='bbox 175 1583 298 1637; x_wconf 87' lang='lat' dir='ltr'><strong>tur.</strong></span> <span class='ocrx_word' id='word_1_96' title='bbox 323 1575 443 1635; x_wconf 87' lang='lat' dir='ltr'><strong>Nos</strong></span> <span class='ocrx_word' id='word_1_97' title='bbox 473 1576 633 1636; x_wconf 92' lang='lat' dir='ltr'><strong>enim</strong></span> <span class='ocrx_word' id='word_1_98' title='bbox 665 1574 917 1654; x_wconf 79' lang='lat' dir='ltr'><strong>apostoli</strong></span> <span class='ocrx_word' id='word_1_99' title='bbox 951 1574 1114 1638; x_wconf 92' lang='lat' dir='ltr'><strong>illius</strong></span> <span class='ocrx_word' id='word_1_100' title='bbox 1147 1576 1250 1656; x_wconf 87' lang='lat' dir='ltr'><strong>qui</strong></span> <span class='ocrx_word' id='word_1_101' title='bbox 1282 1594 1390 1637; x_wconf 92' lang='lat' dir='ltr'><strong>nos</strong></span> <span class='ocrx_word' id='word_1_102' title='bbox 1445 1574 1625 1652; x_wconf 81' lang='lat' dir='ltr'><strong>rrisit,</strong></span> <span class='ocrx_word' id='word_1_103' title='bbox 1658 1574 1838 1637; x_wconf 89' lang='lat' dir='ltr'><strong>verba</strong></span> 
     </span>
    </p>
   </div>
   <div class='ocr_carea' id='block_1_17' title="bbox 172 1664 1834 1745">
    <p class='ocr_par' dir='ltr' id='par_1_17' title="bbox 172 1664 1834 1745">
     <span class='ocr_line' id='line_1_17' title="bbox 172 1664 1834 1745; baseline 0 -19"><span class='ocrx_word' id='word_1_104' title='bbox 172 1682 477 1742; x_wconf 79' lang='lat' dir='ltr'><strong>exponere</strong></span> <span class='ocrx_word' id='word_1_105' title='bbox 511 1666 672 1725; x_wconf 88' lang='lat' dir='ltr'><strong>missi</strong></span> <span class='ocrx_word' id='word_1_106' title='bbox 704 1682 913 1725; x_wconf 89' lang='lat' dir='ltr'><strong>sumus</strong></span> <span class='ocrx_word' id='word_1_107' title='bbox 928 1674 987 1727; x_wconf 91' lang='lat' dir='ltr'><strong>et</strong></span> <span class='ocrx_word' id='word_1_108' title='bbox 1010 1665 1308 1726; x_wconf 85' lang='lat' dir='ltr'><strong>affirmare</strong></span> <span class='ocrx_word' id='word_1_109' title='bbox 1324 1664 1834 1745; x_wconf 86' lang='lat' dir='ltr'><strong>sententias,pro--</strong></span> 
     </span>
    </p>
   </div>
   <div class='ocr_carea' id='block_1_18' title="bbox 175 1753 1839 1835">
    <p class='ocr_par' dir='ltr' id='par_1_18' title="bbox 175 1753 1839 1835">
     <span class='ocr_line' id='line_1_18' title="bbox 175 1753 1839 1835; baseline 0.001 -22"><span class='ocrx_word' id='word_1_110' title='bbox 175 1754 369 1833; x_wconf 79' lang='lat' dir='ltr'><strong>prium</strong></span> <span class='ocrx_word' id='word_1_111' title='bbox 404 1773 542 1815; x_wconf 90' lang='lat' dir='ltr'><strong>vero</strong></span> <span class='ocrx_word' id='word_1_112' title='bbox 566 1754 766 1815; x_wconf 86' lang='lat' dir='ltr'><strong>dicere</strong></span> <span class='ocrx_word' id='word_1_113' title='bbox 790 1754 1009 1835; x_wconf 89' lang='lat' dir='ltr'><strong>aliquid</strong></span> <span class='ocrx_word' id='word_1_114' title='bbox 1038 1774 1155 1816; x_wconf 94' lang='lat' dir='ltr'><strong>non</strong></span> <span class='ocrx_word' id='word_1_115' title='bbox 1185 1754 1482 1818; x_wconf 86' lang='lat' dir='ltr'><strong>habemus</strong></span> <span class='ocrx_word' id='word_1_116' title='bbox 1505 1753 1567 1815; x_wconf 90' lang='lat' dir='ltr'><strong>in</strong></span> <span class='ocrx_word' id='word_1_117' title='bbox 1596 1753 1839 1816; x_wconf 89' lang='lat' dir='ltr'><strong>manda-</strong></span> 
     </span>
    </p>
   </div>
   <div class='ocr_carea' id='block_1_19' title="bbox 180 1843 1830 1925">
    <p class='ocr_par' dir='ltr' id='par_1_19' title="bbox 180 1843 1830 1925">
     <span class='ocr_line' id='line_1_19' title="bbox 180 1843 1830 1925; baseline 0 -21"><span class='ocrx_word' id='word_1_118' title='bbox 180 1844 279 1923; x_wconf 87' lang='lat' dir='ltr'><strong>tis,</strong></span> <span class='ocrx_word' id='word_1_119' title='bbox 314 1843 419 1905; x_wconf 90' lang='lat' dir='ltr'><strong>sed</strong></span> <span class='ocrx_word' id='word_1_120' title='bbox 446 1843 761 1904; x_wconf 83' lang='lat' dir='ltr'><strong>verborum</strong></span> <span class='ocrx_word' id='word_1_121' title='bbox 788 1843 966 1918; x_wconf 90' lang='lat' dir='ltr'><strong>illius,</strong></span> <span class='ocrx_word' id='word_1_122' title='bbox 996 1844 1214 1925; x_wconf 82' lang='lat' dir='ltr'><strong>utdixi,</strong></span> <span class='ocrx_word' id='word_1_123' title='bbox 1240 1844 1479 1925; x_wconf 80' lang='lat' dir='ltr'><strong>aperire</strong></span> <span class='ocrx_word' id='word_1_124' title='bbox 1499 1844 1830 1915; x_wconf 76' lang='lat' dir='ltr'><strong>veritatem,</strong></span> 
     </span>
    </p>
   </div>
   <div class='ocr_carea' id='block_1_20' title="bbox 1935 587 3579 671">
    <p class='ocr_par' dir='ltr' id='par_1_20' title="bbox 1935 587 3579 671">
     <span class='ocr_line' id='line_1_20' title="bbox 1935 587 3579 671; baseline 0 -23"><span class='ocrx_word' id='word_1_125' title='bbox 1935 588 2122 651; x_wconf 89' lang='lat' dir='ltr'><strong>millia</strong></span> <span class='ocrx_word' id='word_1_126' title='bbox 2148 588 2568 664; x_wconf 89' lang='lat' dir='ltr'><strong>movebuntur;</strong></span> <span class='ocrx_word' id='word_1_127' title='bbox 2585 587 2733 649; x_wconf 91' lang='lat' dir='ltr'><strong>nulli</strong></span> <span class='ocrx_word' id='word_1_128' title='bbox 2759 587 2922 650; x_wconf 92' lang='lat' dir='ltr'><strong>enim</strong></span> <span class='ocrx_word' id='word_1_129' title='bbox 2948 589 3271 651; x_wconf 86' lang='lat' dir='ltr'><strong>concordat</strong></span> <span class='ocrx_word' id='word_1_130' title='bbox 3292 589 3579 671; x_wconf 83' lang='lat' dir='ltr'><strong>professio</strong></span> 
     </span>
    </p>
   </div>
   <div class='ocr_carea' id='block_1_21' title="bbox 1931 677 3581 760">
    <p class='ocr_par' dir='ltr' id='par_1_21' title="bbox 1931 677 3581 760">
     <span class='ocr_line' id='line_1_21' title="bbox 1931 677 3581 760; baseline 0 -21"><span class='ocrx_word' id='word_1_131' title='bbox 1931 678 2069 740; x_wconf 81' lang='lat' dir='ltr'><strong>fidei</strong></span> <span class='ocrx_word' id='word_1_132' title='bbox 2102 688 2237 741; x_wconf 67' lang='lat' dir='ltr'><strong>tute.</strong></span> <span class='ocrx_word' id='word_1_133' title='bbox 2273 679 2549 759; x_wconf 85' lang='lat' dir='ltr'><strong>Denique</strong></span> <span class='ocrx_word' id='word_1_134' title='bbox 2577 677 2733 760; x_wconf 92' lang='lat' dir='ltr'><strong>quod</strong></span> <span class='ocrx_word' id='word_1_135' title='bbox 2780 697 2934 741; x_wconf 84' lang='lat' dir='ltr'><strong>unus</strong></span> <span class='ocrx_word' id='word_1_136' title='bbox 2966 678 3041 739; x_wconf 92' lang='lat' dir='ltr'><strong>sit</strong></span> <span class='ocrx_word' id='word_1_137' title='bbox 3096 681 3277 759; x_wconf 86' lang='lat' dir='ltr'><strong>Deus,</strong></span> <span class='ocrx_word' id='word_1_138' title='bbox 3303 678 3472 758; x_wconf 85' lang='lat' dir='ltr'><strong>cujus</strong></span> <span class='ocrx_word' id='word_1_139' title='bbox 3502 678 3581 739; x_wconf 90' lang='lat' dir='ltr'><strong>sit</strong></span> 
     </span>
    </p>
   </div>
   <div class='ocr_carea' id='block_1_22' title="bbox 1930 766 3575 850">
    <p class='ocr_par' dir='ltr' id='par_1_22' title="bbox 1930 766 3575 850">
     <span class='ocr_line' id='line_1_22' title="bbox 1930 766 3575 850; baseline 0 -21"><span class='ocrx_word' id='word_1_140' title='bbox 1930 786 2079 849; x_wconf 91' lang='lat' dir='ltr'><strong>opus</strong></span> <span class='ocrx_word' id='word_1_141' title='bbox 2114 768 2398 850; x_wconf 79' lang='lat' dir='ltr'><strong>mundus,</strong></span> <span class='ocrx_word' id='word_1_142' title='bbox 2429 768 2541 830; x_wconf 92' lang='lat' dir='ltr'><strong>hoc</strong></span> <span class='ocrx_word' id='word_1_143' title='bbox 2604 766 2861 848; x_wconf 90' lang='lat' dir='ltr'><strong>primum</strong></span> <span class='ocrx_word' id='word_1_144' title='bbox 2914 768 3045 849; x_wconf 88' lang='lat' dir='ltr'><strong>quis</strong></span> <span class='ocrx_word' id='word_1_145' title='bbox 3095 767 3392 849; x_wconf 81' lang='lat' dir='ltr'><strong>recipiat?</strong></span> <span class='ocrx_word' id='word_1_146' title='bbox 3438 776 3575 850; x_wconf 89' lang='lat' dir='ltr'><strong>puto</strong></span> 
     </span>
    </p>
   </div>
   <div class='ocr_carea' id='block_1_23' title="bbox 1929 857 3577 939">
    <p class='ocr_par' dir='ltr' id='par_1_23' title="bbox 1929 857 3577 939">
     <span class='ocr_line' id='line_1_23' title="bbox 1929 857 3577 939; baseline -0.001 -20"><span class='ocrx_word' id='word_1_147' title='bbox 1929 858 2072 935; x_wconf 85' lang='lat' dir='ltr'><strong>quia</strong></span> <span class='ocrx_word' id='word_1_148' title='bbox 2104 876 2302 939; x_wconf 89' lang='lat' dir='ltr'><strong>neque</strong></span> <span class='ocrx_word' id='word_1_149' title='bbox 2334 874 2695 939; x_wconf 85' lang='lat' dir='ltr'><strong>paganorum</strong></span> <span class='ocrx_word' id='word_1_150' title='bbox 2732 857 3071 939; x_wconf 76' lang='lat' dir='ltr'><strong>quisquam,</strong></span> <span class='ocrx_word' id='word_1_151' title='bbox 3097 858 3362 939; x_wconf 81' lang='lat' dir='ltr'><strong>quamvis</strong></span> <span class='ocrx_word' id='word_1_152' title='bbox 3385 857 3483 920; x_wconf 84' lang='lat' dir='ltr'><strong>ille</strong></span> <span class='ocrx_word' id='word_1_153' title='bbox 3500 857 3577 919; x_wconf 89' lang='lat' dir='ltr'><strong>sit</strong></span> 
     </span>
    </p>
   </div>
   <div class='ocr_carea' id='block_1_24' title="bbox 1929 946 3570 1029">
    <p class='ocr_par' dir='ltr' id='par_1_24' title="bbox 1929 946 3570 1029">
     <span class='ocr_line' id='line_1_24' title="bbox 1929 946 3570 1029; baseline 0.001 -22"><span class='ocrx_word' id='word_1_154' title='bbox 1929 946 2134 1028; x_wconf 84' lang='lat' dir='ltr'><strong>idiota,</strong></span> <span class='ocrx_word' id='word_1_155' title='bbox 2169 946 2657 1029; x_wconf 88' lang='lat' dir='ltr'><strong>philosophorum</strong></span> <span class='ocrx_word' id='word_1_156' title='bbox 2709 955 2904 1009; x_wconf 91' lang='lat' dir='ltr'><strong>autem</strong></span> <span class='ocrx_word' id='word_1_157' title='bbox 2942 948 3186 1009; x_wconf 92' lang='lat' dir='ltr'><strong>omnino</strong></span> <span class='ocrx_word' id='word_1_158' title='bbox 3217 948 3433 1012; x_wconf 89' lang='lat' dir='ltr'><strong>nullus.</strong></span> <span class='ocrx_word' id='word_1_159' title='bbox 3467 947 3570 1009; x_wconf 91' lang='lat' dir='ltr'><strong>sed</strong></span> 
     </span>
    </p>
   </div>
   <div class='ocr_carea' id='block_1_25' title="bbox 1929 1036 3572 1119">
    <p class='ocr_par' dir='ltr' id='par_1_25' title="bbox 1929 1036 3572 1119">
     <span class='ocr_line' id='line_1_25' title="bbox 1929 1036 3572 1119; baseline 0 -22"><span class='ocrx_word' id='word_1_160' title='bbox 1929 1055 2039 1098; x_wconf 85' lang='lat' dir='ltr'><strong>nec</strong></span> <span class='ocrx_word' id='word_1_161' title='bbox 2058 1036 2395 1100; x_wconf 66' lang='lat' dir='ltr'><strong>Iudaeorum</strong></span> <span class='ocrx_word' id='word_1_162' title='bbox 2416 1037 2658 1119; x_wconf 85' lang='lat' dir='ltr'><strong>quidem</strong></span> <span class='ocrx_word' id='word_1_163' title='bbox 2676 1036 2755 1098; x_wconf 93' lang='lat' dir='ltr'><strong>im</strong></span> <span class='ocrx_word' id='word_1_164' title='bbox 2767 1036 3489 1119; x_wconf 86' lang='lat' dir='ltr'><strong>peritissimusquisquam</strong></span> <span class='ocrx_word' id='word_1_165' title='bbox 3515 1044 3572 1099; x_wconf 92' lang='lat' dir='ltr'><strong>et</strong></span> 
     </span>
    </p>
   </div>
   <div class='ocr_carea' id='block_1_26' title="bbox 1932 1125 3569 1208">
    <p class='ocr_par' dir='ltr' id='par_1_26' title="bbox 1932 1125 3569 1208">
     <span class='ocr_line' id='line_1_26' title="bbox 1932 1125 3569 1208; baseline 0.002 -22"><span class='ocrx_word' id='word_1_166' title='bbox 1932 1126 2326 1201; x_wconf 86' lang='lat' dir='ltr'><strong>miserrimus,</strong></span> <span class='ocrx_word' id='word_1_167' title='bbox 2344 1145 2540 1206; x_wconf 88' lang='lat' dir='ltr'><strong>neque</strong></span> <span class='ocrx_word' id='word_1_168' title='bbox 2564 1144 2669 1207; x_wconf 85' lang='lat' dir='ltr'><strong>ego</strong></span> <span class='ocrx_word' id='word_1_169' title='bbox 2690 1125 2821 1208; x_wconf 91' lang='lat' dir='ltr'><strong>ipse</strong></span> <span class='ocrx_word' id='word_1_170' title='bbox 2842 1127 2942 1208; x_wconf 91' lang='lat' dir='ltr'><strong>qui</strong></span> <span class='ocrx_word' id='word_1_171' title='bbox 2961 1145 3165 1189; x_wconf 91' lang='lat' dir='ltr'><strong>eorum</strong></span> <span class='ocrx_word' id='word_1_172' title='bbox 3194 1127 3389 1207; x_wconf 87' lang='lat' dir='ltr'><strong>legem</strong></span> <span class='ocrx_word' id='word_1_173' title='bbox 3417 1128 3569 1189; x_wconf 91' lang='lat' dir='ltr'><strong>bene</strong></span> 
     </span>
    </p>
   </div>
   <div class='ocr_carea' id='block_1_27' title="bbox 1930 1214 3567 1297">
    <p class='ocr_par' dir='ltr' id='par_1_27' title="bbox 1930 1214 3567 1297">
     <span class='ocr_line' id='line_1_27' title="bbox 1930 1214 3567 1297; baseline 0.001 -21"><span class='ocrx_word' id='word_1_174' title='bbox 1930 1216 2086 1278; x_wconf 93' lang='lat' dir='ltr'><strong>novi.</strong></span> <span class='ocrx_word' id='word_1_175' title='bbox 2120 1214 2191 1277; x_wconf 91' lang='lat' dir='ltr'><strong>Et</strong></span> <span class='ocrx_word' id='word_1_176' title='bbox 2221 1214 2465 1278; x_wconf 88' lang='lat' dir='ltr'><strong>Petrus:</strong></span> <span class='ocrx_word' id='word_1_177' title='bbox 2503 1214 2743 1297; x_wconf 90' lang='lat' dir='ltr'><strong>Omitte,</strong></span> <span class='ocrx_word' id='word_1_178' title='bbox 2770 1214 2981 1297; x_wconf 86' lang='lat' dir='ltr'><strong>inquit,</strong></span> <span class='ocrx_word' id='word_1_179' title='bbox 3016 1217 3330 1297; x_wconf 90' lang='lat' dir='ltr'><strong>opiniones</strong></span> <span class='ocrx_word' id='word_1_180' title='bbox 3359 1216 3567 1279; x_wconf 87' lang='lat' dir='ltr'><strong>absen-</strong></span> 
     </span>
    </p>
   </div>
   <div class='ocr_carea' id='block_1_28' title="bbox 1926 1304 3564 1387">
    <p class='ocr_par' dir='ltr' id='par_1_28' title="bbox 1926 1304 3564 1387">
     <span class='ocr_line' id='line_1_28' title="bbox 1926 1304 3564 1387; baseline 0.004 -22"><span class='ocrx_word' id='word_1_181' title='bbox 1926 1304 2091 1370; x_wconf 86' lang='lat' dir='ltr'><strong>tium.</strong></span> <span class='ocrx_word' id='word_1_182' title='bbox 2128 1304 2228 1366; x_wconf 90' lang='lat' dir='ltr'><strong>tibi</strong></span> <span class='ocrx_word' id='word_1_183' title='bbox 2265 1305 2405 1387; x_wconf 88' lang='lat' dir='ltr'><strong>quid</strong></span> <span class='ocrx_word' id='word_1_184' title='bbox 2444 1305 2693 1377; x_wconf 91' lang='lat' dir='ltr'><strong>videtur,</strong></span> <span class='ocrx_word' id='word_1_185' title='bbox 2733 1324 2992 1386; x_wconf 72' lang='lat' dir='ltr'><strong>praesens</strong></span> <span class='ocrx_word' id='word_1_186' title='bbox 3036 1306 3312 1386; x_wconf 68' lang='lat' dir='ltr'><strong>praesenti</strong></span> <span class='ocrx_word' id='word_1_187' title='bbox 3361 1305 3564 1371; x_wconf 87' lang='lat' dir='ltr'><strong>dicito.</strong></span> 
     </span>
    </p>
   </div>
   <div class='ocr_carea' id='block_1_29' title="bbox 1920 1393 3568 1477">
    <p class='ocr_par' dir='ltr' id='par_1_29' title="bbox 1920 1393 3568 1477">
     <span class='ocr_line' id='line_1_29' title="bbox 1920 1393 3568 1477; baseline 0.001 -20"><span class='ocrx_word' id='word_1_188' title='bbox 1920 1394 2071 1457; x_wconf 88' lang='lat' dir='ltr'><strong>Tum</strong></span> <span class='ocrx_word' id='word_1_189' title='bbox 2103 1393 2306 1457; x_wconf 89' lang='lat' dir='ltr'><strong>Simon</strong></span> <span class='ocrx_word' id='word_1_190' title='bbox 2336 1416 2348 1458; x_wconf 93' lang='lat'><strong>:</strong></span> <span class='ocrx_word' id='word_1_191' title='bbox 2382 1398 2656 1477; x_wconf 86' lang='lat' dir='ltr'><strong>Possum,</strong></span> <span class='ocrx_word' id='word_1_192' title='bbox 2686 1395 2899 1476; x_wconf 90' lang='lat' dir='ltr'><strong>inquit,</strong></span> <span class='ocrx_word' id='word_1_193' title='bbox 2920 1412 3226 1477; x_wconf 85' lang='lat' dir='ltr'><strong>exponere</strong></span> <span class='ocrx_word' id='word_1_194' title='bbox 3253 1396 3411 1476; x_wconf 91' lang='lat' dir='ltr'><strong>quod</strong></span> <span class='ocrx_word' id='word_1_195' title='bbox 3429 1414 3568 1459; x_wconf 86' lang='lat' dir='ltr'><strong>vere</strong></span> 
     </span>
    </p>
   </div>
   <div class='ocr_carea' id='block_1_30' title="bbox 1922 1484 3563 1567">
    <p class='ocr_par' dir='ltr' id='par_1_30' title="bbox 1922 1484 3563 1567">
     <span class='ocr_line' id='line_1_30' title="bbox 1922 1484 3563 1567; baseline 0.002 -24"><span class='ocrx_word' id='word_1_196' title='bbox 1922 1484 2137 1554; x_wconf 86' lang='lat' dir='ltr'><strong>sentio,</strong></span> <span class='ocrx_word' id='word_1_197' title='bbox 2173 1486 2275 1545; x_wconf 88' lang='lat' dir='ltr'><strong>sed</strong></span> <span class='ocrx_word' id='word_1_198' title='bbox 2315 1486 2637 1565; x_wconf 86' lang='lat' dir='ltr'><strong>pigriorem</strong></span> <span class='ocrx_word' id='word_1_199' title='bbox 2678 1504 2775 1546; x_wconf 91' lang='lat' dir='ltr'><strong>me</strong></span> <span class='ocrx_word' id='word_1_200' title='bbox 2833 1486 2972 1547; x_wconf 81' lang='lat' dir='ltr'><strong>facit</strong></span> <span class='ocrx_word' id='word_1_201' title='bbox 3008 1485 3107 1546; x_wconf 90' lang='lat' dir='ltr'><strong>illa</strong></span> <span class='ocrx_word' id='word_1_202' title='bbox 3139 1485 3563 1567; x_wconf 83' lang='lat' dir='ltr'><strong>consideratio,</strong></span> 
     </span>
    </p>
   </div>
   <div class='ocr_carea' id='block_1_31' title="bbox 1921 1572 3568 1656">
    <p class='ocr_par' dir='ltr' id='par_1_31' title="bbox 1921 1572 3568 1656">
     <span class='ocr_line' id='line_1_31' title="bbox 1921 1572 3568 1656; baseline 0.004 -24"><span class='ocrx_word' id='word_1_203' title='bbox 1921 1573 2058 1653; x_wconf 89' lang='lat' dir='ltr'><strong>quia</strong></span> <span class='ocrx_word' id='word_1_204' title='bbox 2080 1574 2127 1634; x_wconf 90' lang='lat' dir='ltr'><strong>si</strong></span> <span class='ocrx_word' id='word_1_205' title='bbox 2153 1574 2384 1649; x_wconf 89' lang='lat' dir='ltr'><strong>dixero,</strong></span> <span class='ocrx_word' id='word_1_206' title='bbox 2414 1575 2571 1656; x_wconf 89' lang='lat' dir='ltr'><strong>quod</strong></span> <span class='ocrx_word' id='word_1_207' title='bbox 2594 1594 2787 1656; x_wconf 90' lang='lat' dir='ltr'><strong>neque</strong></span> <span class='ocrx_word' id='word_1_208' title='bbox 2806 1572 2910 1636; x_wconf 92' lang='lat' dir='ltr'><strong>tibi</strong></span> <span class='ocrx_word' id='word_1_209' title='bbox 2929 1574 3005 1636; x_wconf 91' lang='lat' dir='ltr'><strong>sit</strong></span> <span class='ocrx_word' id='word_1_210' title='bbox 3021 1593 3347 1637; x_wconf 90' lang='lat' dir='ltr'><strong>consonum</strong></span> <span class='ocrx_word' id='word_1_211' title='bbox 3372 1593 3568 1656; x_wconf 90' lang='lat' dir='ltr'><strong>neque</strong></span> 
     </span>
    </p>
   </div>
   <div class='ocr_carea' id='block_1_32' title="bbox 1924 1662 3565 1745">
    <p class='ocr_par' dir='ltr' id='par_1_32' title="bbox 1924 1662 3565 1745">
     <span class='ocr_line' id='line_1_32' title="bbox 1924 1662 3565 1745; baseline 0.004 -24"><span class='ocrx_word' id='word_1_212' title='bbox 1924 1662 2092 1741; x_wconf 85' lang='lat' dir='ltr'><strong>vulgo</strong></span> <span class='ocrx_word' id='word_1_213' title='bbox 2127 1662 2268 1725; x_wconf 87' lang='lat' dir='ltr'><strong>huic</strong></span> <span class='ocrx_word' id='word_1_214' title='bbox 2308 1663 2588 1744; x_wconf 87' lang='lat' dir='ltr'><strong>imperito</strong></span> <span class='ocrx_word' id='word_1_215' title='bbox 2643 1673 2871 1727; x_wconf 90' lang='lat' dir='ltr'><strong>rectum</strong></span> <span class='ocrx_word' id='word_1_216' title='bbox 2930 1664 3184 1745; x_wconf 89' lang='lat' dir='ltr'><strong>videtur,</strong></span> <span class='ocrx_word' id='word_1_217' title='bbox 3220 1672 3276 1724; x_wconf 90' lang='lat' dir='ltr'><strong>tu</strong></span> <span class='ocrx_word' id='word_1_218' title='bbox 3327 1665 3565 1745; x_wconf 92' lang='lat' dir='ltr'><strong>quidem</strong></span> 
     </span>
    </p>
   </div>
   <div class='ocr_carea' id='block_1_33' title="bbox 1919 1752 3566 1833">
    <p class='ocr_par' dir='ltr' id='par_1_33' title="bbox 1919 1752 3566 1833">
     <span class='ocr_line' id='line_1_33' title="bbox 1919 1752 3566 1833; baseline 0.002 -21"><span class='ocrx_word' id='word_1_219' title='bbox 1919 1752 2089 1828; x_wconf 88' lang='lat' dir='ltr'><strong>quasi</strong></span> <span class='ocrx_word' id='word_1_220' title='bbox 2143 1752 2609 1833; x_wconf 83' lang='lat' dir='ltr'><strong>obstupefactus,</strong></span> <span class='ocrx_word' id='word_1_221' title='bbox 2659 1773 2833 1816; x_wconf 90' lang='lat' dir='ltr'><strong>aures</strong></span> <span class='ocrx_word' id='word_1_222' title='bbox 2894 1752 3177 1815; x_wconf 91' lang='lat' dir='ltr'><strong>continuo</strong></span> <span class='ocrx_word' id='word_1_223' title='bbox 3238 1752 3566 1816; x_wconf 91' lang='lat' dir='ltr'><strong>obcludens</strong></span> 
     </span>
    </p>
   </div>
   <div class='ocr_carea' id='block_1_34' title="bbox 1921 1841 3557 1924">
    <p class='ocr_par' dir='ltr' id='par_1_34' title="bbox 1921 1841 3557 1924">
     <span class='ocr_line' id='line_1_34' title="bbox 1921 1841 3557 1924; baseline 0.002 -23"><span class='ocrx_word' id='word_1_224' title='bbox 1921 1841 2077 1902; x_wconf 91' lang='lat' dir='ltr'><strong>velut</strong></span> <span class='ocrx_word' id='word_1_225' title='bbox 2096 1860 2169 1902; x_wconf 91' lang='lat' dir='ltr'><strong>ne</strong></span> <span class='ocrx_word' id='word_1_226' title='bbox 2202 1841 2567 1922; x_wconf 88' lang='lat' dir='ltr'><strong>blasphemia</strong></span> <span class='ocrx_word' id='word_1_227' title='bbox 2593 1844 2959 1924; x_wconf 87' lang='lat' dir='ltr'><strong>polluantur,</strong></span> <span class='ocrx_word' id='word_1_228' title='bbox 2978 1843 3229 1907; x_wconf 89' lang='lat' dir='ltr'><strong>verteris</strong></span> <span class='ocrx_word' id='word_1_229' title='bbox 3254 1843 3313 1905; x_wconf 89' lang='lat' dir='ltr'><strong>in</strong></span> <span class='ocrx_word' id='word_1_230' title='bbox 3336 1843 3557 1923; x_wconf 89' lang='lat' dir='ltr'><strong>fugam,</strong></span> 
     </span>
    </p>
   </div>
   <div class='ocr_carea' id='block_1_35' title="bbox 256 1924 3560 2039">
    <p class='ocr_par' dir='ltr' id='par_1_35' title="bbox 256 1924 3560 2039">
     <span class='ocr_line' id='line_1_35' title="bbox 256 1924 3560 2039; baseline 0.002 -19"><span class='ocrx_word' id='word_1_231' title='bbox 256 1957 487 2020; x_wconf 83' lang='lat' dir='ltr'><strong>XXXV.</strong></span> <span class='ocrx_word' id='word_1_232' title='bbox 522 1962 591 2021; x_wconf 91' lang='lat' dir='ltr'><strong>Et</strong></span> <span class='ocrx_word' id='word_1_233' title='bbox 625 1959 829 2022; x_wconf 87' lang='lat' dir='ltr'><strong>Simon</strong></span> <span class='ocrx_word' id='word_1_234' title='bbox 857 1958 939 2020; x_wconf 86' lang='lat' dir='ltr'><strong>ait</strong></span> <span class='ocrx_word' id='word_1_235' title='bbox 976 1980 989 2022; x_wconf 92' lang='lat'><strong>:</strong></span> <span class='ocrx_word' id='word_1_236' title='bbox 1027 1962 1357 2038; x_wconf 87' lang='lat' dir='ltr'><strong>Doceergo</strong></span> <span class='ocrx_word' id='word_1_237' title='bbox 1384 1978 1510 2033; x_wconf 92' lang='lat' dir='ltr'><strong>nos,</strong></span> <span class='ocrx_word' id='word_1_238' title='bbox 1536 1959 1835 2039; x_wconf 90' lang='lat' dir='ltr'><strong>quomodo</strong></span> <span class='ocrx_word' id='word_1_239' title='bbox 1861 1924 1897 1974; x_wconf 70' lang='grc' dir='ltr'><strong><em>Β</em></strong></span> <span class='ocrx_word' id='word_1_240' title='bbox 1919 1930 2237 2039; x_wconf 35' lang='lat' dir='ltr'><strong>fimi,qu</strong></span> <span class='ocrx_word' id='word_1_241' title='bbox 2257 1931 2627 2039; x_wconf 55' lang='grc' dir='ltr'><strong>ξῗθδροηάίῖδῗ</strong></span> <span class='ocrx_word' id='word_1_242' title='bbox 2647 1932 3341 2039; x_wconf 54' lang='grc' dir='ltr'><strong>³09,ξῖ¹νξ⁵⁰ίθ⁵,Ῥ⁰Ρ¹¹¹⁰⁵</strong></span> <span class='ocrx_word' id='word_1_243' title='bbox 3363 1942 3560 2039; x_wconf 57' lang='lat' dir='ltr'><strong>3,“th</strong></span> 
     </span>
    </p>
   </div>
   <div class='ocr_carea' id='block_1_36' title="bbox 170 2047 1834 2129">
    <p class='ocr_par' dir='ltr' id='par_1_36' title="bbox 170 2047 1834 2129">
     <span class='ocr_line' id='line_1_36' title="bbox 170 2047 1834 2129; baseline 0.002 -20"><span class='ocrx_word' id='word_1_244' title='bbox 170 2049 584 2119; x_wconf 87' lang='lat' dir='ltr'><strong>conveniat,ut</strong></span> <span class='ocrx_word' id='word_1_245' title='bbox 608 2048 658 2108; x_wconf 92' lang='lat' dir='ltr'><strong>is</strong></span> <span class='ocrx_word' id='word_1_246' title='bbox 688 2048 787 2127; x_wconf 84' lang='lat' dir='ltr'><strong>qui</strong></span> <span class='ocrx_word' id='word_1_247' title='bbox 812 2047 1135 2111; x_wconf 86' lang='lat' dir='ltr'><strong>divisiones</strong></span> <span class='ocrx_word' id='word_1_248' title='bbox 1164 2048 1324 2129; x_wconf 82' lang='lat' dir='ltr'><strong>facit,</strong></span> <span class='ocrx_word' id='word_1_249' title='bbox 1358 2066 1489 2126; x_wconf 60' lang='lat' dir='ltr'><strong>quas</strong></span> <span class='ocrx_word' id='word_1_250' title='bbox 1510 2048 1834 2112; x_wconf 88' lang='lat' dir='ltr'><strong>divisiones</strong></span> 
     </span>
    </p>
   </div>
   <div class='ocr_carea' id='block_1_37' title="bbox 168 2138 1831 2218">
    <p class='ocr_par' dir='ltr' id='par_1_37' title="bbox 168 2138 1831 2218">
     <span class='ocr_line' id='line_1_37' title="bbox 168 2138 1831 2218; baseline 0.002 -21"><span class='ocrx_word' id='word_1_251' title='bbox 168 2140 387 2200; x_wconf 72' lang='lat' dir='ltr'><strong>cadere</strong></span> <span class='ocrx_word' id='word_1_252' title='bbox 412 2138 633 2199; x_wconf 84' lang='lat' dir='ltr'><strong>faciant</strong></span> <span class='ocrx_word' id='word_1_253' title='bbox 663 2156 765 2199; x_wconf 94' lang='lat' dir='ltr'><strong>eos</strong></span> <span class='ocrx_word' id='word_1_254' title='bbox 783 2139 882 2218; x_wconf 91' lang='lat' dir='ltr'><strong>qui</strong></span> <span class='ocrx_word' id='word_1_255' title='bbox 902 2138 1265 2217; x_wconf 86' lang='lat' dir='ltr'><strong>dividuntur,</strong></span> <span class='ocrx_word' id='word_1_256' title='bbox 1296 2138 1385 2199; x_wconf 89' lang='lat' dir='ltr'><strong>vel</strong></span> <span class='ocrx_word' id='word_1_257' title='bbox 1413 2139 1602 2200; x_wconf 89' lang='lat' dir='ltr'><strong>bonus</strong></span> <span class='ocrx_word' id='word_1_258' title='bbox 1625 2141 1831 2202; x_wconf 86' lang='lat' dir='ltr'><strong>videa-</strong></span> 
     </span>
    </p>
   </div>
   <div class='ocr_carea' id='block_1_38' title="bbox 171 2228 1825 2297">
    <p class='ocr_par' dir='ltr' id='par_1_38' title="bbox 171 2228 1825 2297">
     <span class='ocr_line' id='line_1_38' title="bbox 171 2228 1825 2297; baseline 0.001 -8"><span class='ocrx_word' id='word_1_259' title='bbox 171 2238 287 2297; x_wconf 87' lang='lat' dir='ltr'><strong>tur,</strong></span> <span class='ocrx_word' id='word_1_260' title='bbox 315 2228 402 2288; x_wconf 90' lang='lat' dir='ltr'><strong>vel</strong></span> <span class='ocrx_word' id='word_1_261' title='bbox 436 2228 507 2288; x_wconf 85' lang='lat' dir='ltr'><strong>ad</strong></span> <span class='ocrx_word' id='word_1_262' title='bbox 533 2228 840 2289; x_wconf 84' lang='lat' dir='ltr'><strong>hominum</strong></span> <span class='ocrx_word' id='word_1_263' title='bbox 869 2230 1118 2291; x_wconf 84' lang='lat' dir='ltr'><strong>salutem</strong></span> <span class='ocrx_word' id='word_1_264' title='bbox 1172 2229 1423 2291; x_wconf 87' lang='lat' dir='ltr'><strong>venisse.</strong></span> <span class='ocrx_word' id='word_1_265' title='bbox 1460 2230 1533 2290; x_wconf 87' lang='lat' dir='ltr'><strong>Et</strong></span> <span class='ocrx_word' id='word_1_266' title='bbox 1565 2230 1776 2292; x_wconf 83' lang='lat' dir='ltr'><strong>Petrus</strong></span> <span class='ocrx_word' id='word_1_267' title='bbox 1810 2241 1825 2282; x_wconf 78' lang='grc' dir='ltr'>ε</span> 
     </span>
    </p>
   </div>
   <div class='ocr_carea' id='block_1_39' title="bbox 165 2317 1835 2399">
    <p class='ocr_par' dir='ltr' id='par_1_39' title="bbox 165 2317 1835 2399">
     <span class='ocr_line' id='line_1_39' title="bbox 165 2317 1835 2399; baseline 0.002 -21"><span class='ocrx_word' id='word_1_268' title='bbox 165 2317 343 2393; x_wconf 81' lang='lat' dir='ltr'><strong>Audi,</strong></span> <span class='ocrx_word' id='word_1_269' title='bbox 380 2318 677 2398; x_wconf 86' lang='lat' dir='ltr'><strong>quomodo</strong></span> <span class='ocrx_word' id='word_1_270' title='bbox 713 2318 997 2397; x_wconf 90' lang='lat' dir='ltr'><strong>magister</strong></span> <span class='ocrx_word' id='word_1_271' title='bbox 1021 2326 1224 2379; x_wconf 88' lang='lat' dir='ltr'><strong>noster</strong></span> <span class='ocrx_word' id='word_1_272' title='bbox 1246 2336 1426 2381; x_wconf 90' lang='lat' dir='ltr'><strong>omne</strong></span> <span class='ocrx_word' id='word_1_273' title='bbox 1454 2335 1729 2399; x_wconf 78' lang='lat' dir='ltr'><strong>regnum,</strong></span> <span class='ocrx_word' id='word_1_274' title='bbox 1776 2328 1835 2381; x_wconf 92' lang='lat' dir='ltr'><strong>et</strong></span> 
     </span>
    </p>
   </div>
   <div class='ocr_carea' id='block_1_40' title="bbox 160 2406 1831 2488">
    <p class='ocr_par' dir='ltr' id='par_1_40' title="bbox 160 2406 1831 2488">
     <span class='ocr_line' id='line_1_40' title="bbox 160 2406 1831 2488; baseline 0.002 -21"><span class='ocrx_word' id='word_1_275' title='bbox 160 2425 404 2467; x_wconf 86' lang='lat' dir='ltr'><strong>omnem</strong></span> <span class='ocrx_word' id='word_1_276' title='bbox 428 2408 670 2468; x_wconf 89' lang='lat' dir='ltr'><strong>domum</strong></span> <span class='ocrx_word' id='word_1_277' title='bbox 698 2406 949 2469; x_wconf 90' lang='lat' dir='ltr'><strong>divisam</strong></span> <span class='ocrx_word' id='word_1_278' title='bbox 970 2407 1286 2470; x_wconf 87' lang='lat' dir='ltr'><strong>adversum</strong></span> <span class='ocrx_word' id='word_1_279' title='bbox 1320 2408 1831 2488; x_wconf 86' lang='lat' dir='ltr'><strong>semetipsam,di-</strong></span> 
     </span>
    </p>
   </div>
   <div class='ocr_carea' id='block_1_41' title="bbox 172 2496 1827 2584">
    <p class='ocr_par' dir='ltr' id='par_1_41' title="bbox 172 2496 1827 2584">
     <span class='ocr_line' id='line_1_41' title="bbox 172 2496 1827 2584; baseline 0.002 -27"><span class='ocrx_word' id='word_1_280' title='bbox 172 2496 258 2557; x_wconf 76' lang='lat' dir='ltr'><strong>xit</strong></span> <span class='ocrx_word' id='word_1_281' title='bbox 289 2504 444 2558; x_wconf 90' lang='lat' dir='ltr'><strong>stare</strong></span> <span class='ocrx_word' id='word_1_282' title='bbox 480 2516 594 2557; x_wconf 92' lang='lat' dir='ltr'><strong>non</strong></span> <span class='ocrx_word' id='word_1_283' title='bbox 634 2515 829 2577; x_wconf 91' lang='lat' dir='ltr'><strong>posse.</strong></span> <span class='ocrx_word' id='word_1_284' title='bbox 860 2496 987 2559; x_wconf 91' lang='lat' dir='ltr'><strong>Hoc</strong></span> <span class='ocrx_word' id='word_1_285' title='bbox 1043 2506 1240 2558; x_wconf 83' lang='lat' dir='ltr'><strong>autem</strong></span> <span class='ocrx_word' id='word_1_286' title='bbox 1299 2515 1434 2557; x_wconf 89' lang='lat' dir='ltr'><strong>cum</strong></span> <span class='ocrx_word' id='word_1_287' title='bbox 1494 2497 1624 2576; x_wconf 86' lang='lat' dir='ltr'><strong>ipse</strong></span> <span class='ocrx_word' id='word_1_288' title='bbox 1670 2498 1827 2584; x_wconf 79' lang='lat' dir='ltr'><strong>fecit,</strong></span> 
     </span>
    </p>
   </div>
   <div class='ocr_carea' id='block_1_42' title="bbox 174 2585 1827 2667">
    <p class='ocr_par' dir='ltr' id='par_1_42' title="bbox 174 2585 1827 2667">
     <span class='ocr_line' id='line_1_42' title="bbox 174 2585 1827 2667; baseline 0.004 -24"><span class='ocrx_word' id='word_1_289' title='bbox 174 2585 307 2646; x_wconf 85' lang='lat' dir='ltr'><strong>vide</strong></span> <span class='ocrx_word' id='word_1_290' title='bbox 330 2585 628 2665; x_wconf 85' lang='lat' dir='ltr'><strong>quomodo</strong></span> <span class='ocrx_word' id='word_1_291' title='bbox 654 2588 725 2648; x_wconf 89' lang='lat' dir='ltr'><strong>ad</strong></span> <span class='ocrx_word' id='word_1_292' title='bbox 755 2586 1010 2649; x_wconf 89' lang='lat' dir='ltr'><strong>salutem</strong></span> <span class='ocrx_word' id='word_1_293' title='bbox 1037 2586 1233 2649; x_wconf 89' lang='lat' dir='ltr'><strong>cedat.</strong></span> <span class='ocrx_word' id='word_1_294' title='bbox 1259 2585 1324 2647; x_wconf 91' lang='lat' dir='ltr'><strong>In</strong></span> <span class='ocrx_word' id='word_1_295' title='bbox 1346 2604 1549 2648; x_wconf 90' lang='lat' dir='ltr'><strong>errore</strong></span> <span class='ocrx_word' id='word_1_296' title='bbox 1574 2587 1827 2667; x_wconf 93' lang='lat' dir='ltr'><strong>positum</strong></span> 
     </span>
    </p>
   </div>
   <div class='ocr_carea' id='block_1_43' title="bbox 178 2675 1825 2757">
    <p class='ocr_par' dir='ltr' id='par_1_43' title="bbox 178 2675 1825 2757">
     <span class='ocr_line' id='line_1_43' title="bbox 178 2675 1825 2757; baseline 0.004 -24"><span class='ocrx_word' id='word_1_297' title='bbox 178 2676 380 2736; x_wconf 90' lang='lat' dir='ltr'><strong>mundi</strong></span> <span class='ocrx_word' id='word_1_298' title='bbox 412 2694 684 2755; x_wconf 86' lang='lat' dir='ltr'><strong>regnum,</strong></span> <span class='ocrx_word' id='word_1_299' title='bbox 720 2677 809 2738; x_wconf 90' lang='lat' dir='ltr'><strong>vel</strong></span> <span class='ocrx_word' id='word_1_300' title='bbox 869 2694 1353 2757; x_wconf 85' lang='lat' dir='ltr'><strong>unamquamque</strong></span> <span class='ocrx_word' id='word_1_301' title='bbox 1385 2676 1444 2736; x_wconf 92' lang='lat' dir='ltr'><strong>in</strong></span> <span class='ocrx_word' id='word_1_302' title='bbox 1479 2692 1549 2740; x_wconf 87' lang='lat' dir='ltr'><strong>eo</strong></span> <span class='ocrx_word' id='word_1_303' title='bbox 1584 2675 1825 2739; x_wconf 90' lang='lat' dir='ltr'><strong>domum</strong></span> 
     </span>
    </p>
   </div>
   <div class='ocr_carea' id='block_1_44' title="bbox 175 2765 1831 2848">
    <p class='ocr_par' dir='ltr' id='par_1_44' title="bbox 175 2765 1831 2848">
     <span class='ocr_line' id='line_1_44' title="bbox 175 2765 1831 2848; baseline 0.002 -21"><span class='ocrx_word' id='word_1_304' title='bbox 175 2765 353 2828; x_wconf 87' lang='lat' dir='ltr'><strong>verbo</strong></span> <span class='ocrx_word' id='word_1_305' title='bbox 388 2766 653 2828; x_wconf 85' lang='lat' dir='ltr'><strong>veritatis</strong></span> <span class='ocrx_word' id='word_1_306' title='bbox 675 2767 907 2842; x_wconf 86' lang='lat' dir='ltr'><strong>dividit,</strong></span> <span class='ocrx_word' id='word_1_307' title='bbox 943 2768 1147 2848; x_wconf 89' lang='lat' dir='ltr'><strong>procul</strong></span> <span class='ocrx_word' id='word_1_308' title='bbox 1172 2766 1354 2829; x_wconf 88' lang='lat' dir='ltr'><strong>dubio</strong></span> <span class='ocrx_word' id='word_1_309' title='bbox 1380 2776 1440 2829; x_wconf 92' lang='lat' dir='ltr'><strong>ut</strong></span> <span class='ocrx_word' id='word_1_310' title='bbox 1471 2765 1642 2829; x_wconf 89' lang='lat' dir='ltr'><strong>cadat</strong></span> <span class='ocrx_word' id='word_1_311' title='bbox 1661 2785 1831 2830; x_wconf 90' lang='lat' dir='ltr'><strong>error</strong></span> 
     </span>
    </p>
   </div>
   <div class='ocr_carea' id='block_1_45' title="bbox 177 2855 1830 2935">
    <p class='ocr_par' dir='ltr' id='par_1_45' title="bbox 177 2855 1830 2935">
     <span class='ocr_line' id='line_1_45' title="bbox 177 2855 1830 2935; baseline 0.004 -21"><span class='ocrx_word' id='word_1_312' title='bbox 177 2866 231 2914; x_wconf 78' lang='lat' dir='ltr'><strong>ct</strong></span> <span class='ocrx_word' id='word_1_313' title='bbox 257 2855 470 2917; x_wconf 90' lang='lat' dir='ltr'><strong>veritas</strong></span> <span class='ocrx_word' id='word_1_314' title='bbox 499 2865 730 2935; x_wconf 82' lang='lat' dir='ltr'><strong>regnet.</strong></span> <span class='ocrx_word' id='word_1_315' title='bbox 765 2856 930 2929; x_wconf 90' lang='lat' dir='ltr'><strong>Quod</strong></span> <span class='ocrx_word' id='word_1_316' title='bbox 960 2856 1009 2917; x_wconf 91' lang='lat' dir='ltr'><strong>si</strong></span> <span class='ocrx_word' id='word_1_317' title='bbox 1032 2855 1211 2918; x_wconf 90' lang='lat' dir='ltr'><strong>alicui</strong></span> <span class='ocrx_word' id='word_1_318' title='bbox 1232 2856 1462 2918; x_wconf 84' lang='lat' dir='ltr'><strong>accidat</strong></span> <span class='ocrx_word' id='word_1_319' title='bbox 1504 2856 1730 2934; x_wconf 87' lang='lat' dir='ltr'><strong>domui,</strong></span> <span class='ocrx_word' id='word_1_320' title='bbox 1768 2868 1830 2920; x_wconf 90' lang='lat' dir='ltr'><strong>ut</strong></span> 
     </span>
    </p>
   </div>
   <div class='ocr_carea' id='block_1_46' title="bbox 175 2945 1822 3027">
    <p class='ocr_par' dir='ltr' id='par_1_46' title="bbox 175 2945 1822 3027">
     <span class='ocr_line' id='line_1_46' title="bbox 175 2945 1822 3027; baseline 0.002 -23"><span class='ocrx_word' id='word_1_321' title='bbox 175 2963 344 3007; x_wconf 80' lang='lat' dir='ltr'><strong>error</strong></span> <span class='ocrx_word' id='word_1_322' title='bbox 370 2946 741 3008; x_wconf 85' lang='lat' dir='ltr'><strong>introductus</strong></span> <span class='ocrx_word' id='word_1_323' title='bbox 772 2965 878 3027; x_wconf 92' lang='lat' dir='ltr'><strong>per</strong></span> <span class='ocrx_word' id='word_1_324' title='bbox 911 2946 1169 3026; x_wconf 85' lang='lat' dir='ltr'><strong>aliquem</strong></span> <span class='ocrx_word' id='word_1_325' title='bbox 1212 2945 1437 3008; x_wconf 86' lang='lat' dir='ltr'><strong>dividat</strong></span> <span class='ocrx_word' id='word_1_326' title='bbox 1487 2946 1822 3022; x_wconf 89' lang='lat' dir='ltr'><strong>veritatem,</strong></span> 
     </span>
    </p>
   </div>
   <div class='ocr_carea' id='block_1_47' title="bbox 171 3035 1825 3117">
    <p class='ocr_par' dir='ltr' id='par_1_47' title="bbox 171 3035 1825 3117">
     <span class='ocr_line' id='line_1_47' title="bbox 171 3035 1825 3117; baseline 0.001 -22"><span class='ocrx_word' id='word_1_327' title='bbox 171 3054 306 3095; x_wconf 91' lang='lat' dir='ltr'><strong>cum</strong></span> <span class='ocrx_word' id='word_1_328' title='bbox 337 3054 507 3096; x_wconf 90' lang='lat' dir='ltr'><strong>error</strong></span> <span class='ocrx_word' id='word_1_329' title='bbox 535 3036 877 3117; x_wconf 89' lang='lat' dir='ltr'><strong>obtinuerit,</strong></span> <span class='ocrx_word' id='word_1_330' title='bbox 912 3046 1142 3097; x_wconf 91' lang='lat' dir='ltr'><strong>certum</strong></span> <span class='ocrx_word' id='word_1_331' title='bbox 1174 3044 1265 3097; x_wconf 91' lang='lat' dir='ltr'><strong>est</strong></span> <span class='ocrx_word' id='word_1_332' title='bbox 1311 3035 1615 3099; x_wconf 86' lang='lat' dir='ltr'><strong>veritatem</strong></span> <span class='ocrx_word' id='word_1_333' title='bbox 1667 3046 1825 3099; x_wconf 88' lang='lat' dir='ltr'><strong>stare</strong></span> 
     </span>
    </p>
   </div>
   <div class='ocr_carea' id='block_1_48' title="bbox 173 3123 1820 3201">
    <p class='ocr_par' dir='ltr' id='par_1_48' title="bbox 173 3123 1820 3201">
     <span class='ocr_line' id='line_1_48' title="bbox 173 3123 1820 3201; baseline 0.002 -18"><span class='ocrx_word' id='word_1_334' title='bbox 173 3143 288 3185; x_wconf 91' lang='lat' dir='ltr'><strong>non</strong></span> <span class='ocrx_word' id='word_1_335' title='bbox 322 3142 517 3200; x_wconf 82' lang='lat' dir='ltr'><strong>posse.</strong></span> <span class='ocrx_word' id='word_1_336' title='bbox 551 3125 615 3187; x_wconf 87' lang='lat' dir='ltr'><strong>Et</strong></span> <span class='ocrx_word' id='word_1_337' title='bbox 649 3126 854 3189; x_wconf 85' lang='lat' dir='ltr'><strong>Simon</strong></span> <span class='ocrx_word' id='word_1_338' title='bbox 894 3146 907 3188; x_wconf 93' lang='lat'><strong>:</strong></span> <span class='ocrx_word' id='word_1_339' title='bbox 962 3123 1078 3188; x_wconf 73' lang='lat' dir='ltr'><strong>Sed</strong></span> <span class='ocrx_word' id='word_1_340' title='bbox 1124 3125 1419 3187; x_wconf 91' lang='lat' dir='ltr'><strong>incertum</strong></span> <span class='ocrx_word' id='word_1_341' title='bbox 1463 3133 1574 3201; x_wconf 90' lang='lat' dir='ltr'><strong>est,</strong></span> <span class='ocrx_word' id='word_1_342' title='bbox 1622 3133 1820 3188; x_wconf 88' lang='lat' dir='ltr'><strong>utrum</strong></span> 
     </span>
    </p>
   </div>
   <div class='ocr_carea' id='block_1_49' title="bbox 1918 2018 3563 2103">
    <p class='ocr_par' dir='ltr' id='par_1_49' title="bbox 1918 2018 3563 2103">
     <span class='ocr_line' id='line_1_49' title="bbox 1918 2018 3563 2103; baseline 0.003 -24"><span class='ocrx_word' id='word_1_343' title='bbox 1918 2018 2348 2080; x_wconf 90' lang='lat' dir='ltr'><strong>irrationabilis</strong></span> <span class='ocrx_word' id='word_1_344' title='bbox 2367 2030 2700 2083; x_wconf 87' lang='lat' dir='ltr'><strong>assentatus</strong></span> <span class='ocrx_word' id='word_1_345' title='bbox 2734 2021 2863 2097; x_wconf 89' lang='lat' dir='ltr'><strong>tibi,</strong></span> <span class='ocrx_word' id='word_1_346' title='bbox 2890 2032 2945 2083; x_wconf 90' lang='lat' dir='ltr'><strong>te</strong></span> <span class='ocrx_word' id='word_1_347' title='bbox 2975 2021 3214 2103; x_wconf 91' lang='lat' dir='ltr'><strong>quidem</strong></span> <span class='ocrx_word' id='word_1_348' title='bbox 3243 2022 3563 2103; x_wconf 88' lang='lat' dir='ltr'><strong>amplecte-</strong></span> 
     </span>
    </p>
   </div>
   <div class='ocr_carea' id='block_1_50' title="bbox 1918 2110 3563 2193">
    <p class='ocr_par' dir='ltr' id='par_1_50' title="bbox 1918 2110 3563 2193">
     <span class='ocr_line' id='line_1_50' title="bbox 1918 2110 3563 2193; baseline 0.003 -23"><span class='ocrx_word' id='word_1_349' title='bbox 1918 2115 2037 2189; x_wconf 91' lang='lat' dir='ltr'><strong>tur,</strong></span> <span class='ocrx_word' id='word_1_350' title='bbox 2075 2110 2243 2190; x_wconf 90' lang='lat' dir='ltr'><strong>quasi</strong></span> <span class='ocrx_word' id='word_1_351' title='bbox 2270 2128 2339 2171; x_wconf 86' lang='lat' dir='ltr'><strong>ea</strong></span> <span class='ocrx_word' id='word_1_352' title='bbox 2369 2110 2679 2173; x_wconf 87' lang='lat' dir='ltr'><strong>docentem</strong></span> <span class='ocrx_word' id='word_1_353' title='bbox 2715 2130 2845 2193; x_wconf 72' lang='lat' dir='ltr'><strong>quae</strong></span> <span class='ocrx_word' id='word_1_354' title='bbox 2891 2112 2950 2172; x_wconf 91' lang='lat' dir='ltr'><strong>in</strong></span> <span class='ocrx_word' id='word_1_355' title='bbox 2995 2131 3103 2173; x_wconf 91' lang='lat' dir='ltr'><strong>usu</strong></span> <span class='ocrx_word' id='word_1_356' title='bbox 3154 2112 3242 2174; x_wconf 93' lang='lat' dir='ltr'><strong>eis</strong></span> <span class='ocrx_word' id='word_1_357' title='bbox 3272 2123 3429 2187; x_wconf 89' lang='lat' dir='ltr'><strong>sunt,</strong></span> <span class='ocrx_word' id='word_1_358' title='bbox 3468 2133 3563 2177; x_wconf 92' lang='lat' dir='ltr'><strong>me</strong></span> 
     </span>
    </p>
   </div>
   <div class='ocr_carea' id='block_1_51' title="bbox 1915 2198 3562 2283">
    <p class='ocr_par' dir='ltr' id='par_1_51' title="bbox 1915 2198 3562 2283">
     <span class='ocr_line' id='line_1_51' title="bbox 1915 2198 3562 2283; baseline 0.006 -26"><span class='ocrx_word' id='word_1_359' title='bbox 1915 2218 2053 2261; x_wconf 88' lang='lat' dir='ltr'><strong>vero</strong></span> <span class='ocrx_word' id='word_1_360' title='bbox 2075 2198 2566 2276; x_wconf 81' lang='lat' dir='ltr'><strong>exsecrabuntur,</strong></span> <span class='ocrx_word' id='word_1_361' title='bbox 2596 2202 2773 2265; x_wconf 92' lang='lat' dir='ltr'><strong>veluti</strong></span> <span class='ocrx_word' id='word_1_362' title='bbox 2799 2220 2947 2264; x_wconf 87' lang='lat' dir='ltr'><strong>nova</strong></span> <span class='ocrx_word' id='word_1_363' title='bbox 2977 2202 3243 2283; x_wconf 63' lang='lat' dir='ltr'><strong>quaedam</strong></span> <span class='ocrx_word' id='word_1_364' title='bbox 3264 2211 3441 2283; x_wconf 88' lang='lat' dir='ltr'><strong>atque</strong></span> <span class='ocrx_word' id='word_1_365' title='bbox 3471 2204 3562 2266; x_wconf 91' lang='lat' dir='ltr'><strong>in-</strong></span> 
     </span>
    </p>
   </div>
   <div class='ocr_carea' id='block_1_52' title="bbox 1916 2289 3560 2371">
    <p class='ocr_par' dir='ltr' id='par_1_52' title="bbox 1916 2289 3560 2371">
     <span class='ocr_line' id='line_1_52' title="bbox 1916 2289 3560 2371; baseline 0.005 -21"><span class='ocrx_word' id='word_1_366' title='bbox 1916 2289 2117 2350; x_wconf 74' lang='lat' dir='ltr'><strong>audita</strong></span> <span class='ocrx_word' id='word_1_367' title='bbox 2143 2290 2518 2369; x_wconf 80' lang='lat' dir='ltr'><strong>profitentem</strong></span> <span class='ocrx_word' id='word_1_368' title='bbox 2531 2310 2878 2371; x_wconf 90' lang='lat' dir='ltr'><strong>,meumque</strong></span> <span class='ocrx_word' id='word_1_369' title='bbox 2891 2310 3154 2355; x_wconf 90' lang='lat' dir='ltr'><strong>errorem</strong></span> <span class='ocrx_word' id='word_1_370' title='bbox 3172 2293 3384 2356; x_wconf 89' lang='lat' dir='ltr'><strong>alienis</strong></span> <span class='ocrx_word' id='word_1_371' title='bbox 3399 2312 3560 2358; x_wconf 86' lang='lat' dir='ltr'><strong>men-</strong></span> 
     </span>
    </p>
   </div>
   <div class='ocr_carea' id='block_1_53' title="bbox 1916 2379 2489 2444">
    <p class='ocr_par' dir='ltr' id='par_1_53' title="bbox 1916 2379 2489 2444">
     <span class='ocr_line' id='line_1_53' title="bbox 1916 2379 2489 2444; baseline 0.009 -6"><span class='ocrx_word' id='word_1_372' title='bbox 1916 2379 2076 2439; x_wconf 88' lang='lat' dir='ltr'><strong>tibus</strong></span> <span class='ocrx_word' id='word_1_373' title='bbox 2108 2380 2489 2444; x_wconf 87' lang='lat' dir='ltr'><strong>inferentem.</strong></span> 
     </span>
    </p>
   </div>
   <div class='ocr_carea' id='block_1_54' title="bbox 1995 2466 3556 2557">
    <p class='ocr_par' dir='ltr' id='par_1_54' title="bbox 1995 2466 3556 2557">
     <span class='ocr_line' id='line_1_54' title="bbox 1995 2466 3556 2557; baseline 0.004 -26"><span class='ocrx_word' id='word_1_374' title='bbox 1995 2466 2310 2532; x_wconf 81' lang='lat' dir='ltr'><strong>XXXVIII.</strong></span> <span class='ocrx_word' id='word_1_375' title='bbox 2333 2470 2481 2532; x_wconf 91' lang='lat' dir='ltr'><strong>Tum</strong></span> <span class='ocrx_word' id='word_1_376' title='bbox 2515 2473 2761 2536; x_wconf 88' lang='lat' dir='ltr'><strong>Petrus:</strong></span> <span class='ocrx_word' id='word_1_377' title='bbox 2796 2471 3074 2551; x_wconf 90' lang='lat' dir='ltr'><strong>Nunquid</strong></span> <span class='ocrx_word' id='word_1_378' title='bbox 3103 2490 3218 2532; x_wconf 92' lang='lat' dir='ltr'><strong>non</strong></span> <span class='ocrx_word' id='word_1_379' title='bbox 3254 2474 3417 2548; x_wconf 87' lang='lat' dir='ltr'><strong>tu,in</strong></span> <span class='ocrx_word' id='word_1_380' title='bbox 3441 2494 3556 2557; x_wconf 90' lang='lat' dir='ltr'><strong>quo</strong></span> 
     </span>
    </p>
   </div>
   <div class='ocr_carea' id='block_1_55' title="bbox 1916 2557 3557 2641">
    <p class='ocr_par' dir='ltr' id='par_1_55' title="bbox 1916 2557 3557 2641">
     <span class='ocr_line' id='line_1_55' title="bbox 1916 2557 3557 2641; baseline 0.006 -24"><span class='ocrx_word' id='word_1_381' title='bbox 1916 2576 2024 2618; x_wconf 93' lang='lat' dir='ltr'><strong>nos</strong></span> <span class='ocrx_word' id='word_1_382' title='bbox 2048 2557 2398 2632; x_wconf 88' lang='lat' dir='ltr'><strong>accusabas,</strong></span> <span class='ocrx_word' id='word_1_383' title='bbox 2424 2558 2551 2640; x_wconf 91' lang='lat' dir='ltr'><strong>ipse</strong></span> <span class='ocrx_word' id='word_1_384' title='bbox 2573 2561 2918 2639; x_wconf 90' lang='lat' dir='ltr'><strong>ambagibus</strong></span> <span class='ocrx_word' id='word_1_385' title='bbox 2940 2560 3306 2641; x_wconf 88' lang='lat' dir='ltr'><strong>uteris,nihil</strong></span> <span class='ocrx_word' id='word_1_386' title='bbox 3330 2562 3557 2627; x_wconf 90' lang='lat' dir='ltr'><strong>habens</strong></span> 
     </span>
    </p>
   </div>
   <div class='ocr_carea' id='block_1_56' title="bbox 1911 2646 3556 2733">
    <p class='ocr_par' dir='ltr' id='par_1_56' title="bbox 1911 2646 3556 2733">
     <span class='ocr_line' id='line_1_56' title="bbox 1911 2646 3556 2733; baseline 0.005 -26"><span class='ocrx_word' id='word_1_387' title='bbox 1911 2647 2069 2726; x_wconf 81' lang='lat' dir='ltr'><strong>quod</strong></span> <span class='ocrx_word' id='word_1_388' title='bbox 2107 2646 2327 2708; x_wconf 74' lang='lat' dir='ltr'><strong>afferas</strong></span> <span class='ocrx_word' id='word_1_389' title='bbox 2356 2649 2622 2710; x_wconf 87' lang='lat' dir='ltr'><strong>veritatis</strong></span> <span class='ocrx_word' id='word_1_390' title='bbox 2640 2650 2672 2710; x_wconf 82' lang='lat'><strong>?</strong></span> <span class='ocrx_word' id='word_1_391' title='bbox 2694 2660 2793 2713; x_wconf 92' lang='lat' dir='ltr'><strong>aut</strong></span> <span class='ocrx_word' id='word_1_392' title='bbox 2811 2651 2856 2711; x_wconf 91' lang='lat' dir='ltr'><strong>si</strong></span> <span class='ocrx_word' id='word_1_393' title='bbox 2880 2649 3087 2725; x_wconf 85' lang='lat' dir='ltr'><strong>habes,</strong></span> <span class='ocrx_word' id='word_1_394' title='bbox 3119 2650 3313 2730; x_wconf 85' lang='lat' dir='ltr'><strong>incipe</strong></span> <span class='ocrx_word' id='word_1_395' title='bbox 3334 2650 3556 2733; x_wconf 84' lang='lat' dir='ltr'><strong>absque</strong></span> 
     </span>
    </p>
   </div>
   <div class='ocr_carea' id='block_1_57' title="bbox 1911 2736 3558 2820">
    <p class='ocr_par' dir='ltr' id='par_1_57' title="bbox 1911 2736 3558 2820">
     <span class='ocr_line' id='line_1_57' title="bbox 1911 2736 3558 2820; baseline 0.006 -25"><span class='ocrx_word' id='word_1_396' title='bbox 1911 2736 2393 2812; x_wconf 89' lang='lat' dir='ltr'><strong>circuitionibus,</strong></span> <span class='ocrx_word' id='word_1_397' title='bbox 2429 2739 2479 2799; x_wconf 86' lang='lat' dir='ltr'><strong>si</strong></span> <span class='ocrx_word' id='word_1_398' title='bbox 2512 2745 2751 2801; x_wconf 83' lang='lat' dir='ltr'><strong>tantum‘</strong></span> <span class='ocrx_word' id='word_1_399' title='bbox 2770 2738 3026 2802; x_wconf 84' lang='lat' dir='ltr'><strong>conﬁdis</strong></span> <span class='ocrx_word' id='word_1_400' title='bbox 3060 2759 3073 2801; x_wconf 91' lang='lat'><strong>:</strong></span> <span class='ocrx_word' id='word_1_401' title='bbox 3129 2747 3188 2799; x_wconf 91' lang='lat' dir='ltr'><strong>et</strong></span> <span class='ocrx_word' id='word_1_402' title='bbox 3237 2740 3286 2800; x_wconf 93' lang='lat' dir='ltr'><strong>si</strong></span> <span class='ocrx_word' id='word_1_403' title='bbox 3316 2739 3558 2820; x_wconf 90' lang='lat' dir='ltr'><strong>quidem</strong></span> 
     </span>
    </p>
   </div>
   <div class='ocr_carea' id='block_1_58' title="bbox 1912 2826 3556 2910">
    <p class='ocr_par' dir='ltr' id='par_1_58' title="bbox 1912 2826 3556 2910">
     <span class='ocr_line' id='line_1_58' title="bbox 1912 2826 3556 2910; baseline 0.006 -26"><span class='ocrx_word' id='word_1_404' title='bbox 1912 2843 2030 2885; x_wconf 88' lang='lat' dir='ltr'><strong>non</strong></span> <span class='ocrx_word' id='word_1_405' title='bbox 2061 2826 2390 2904; x_wconf 78' lang='lat' dir='ltr'><strong>placuerint</strong></span> <span class='ocrx_word' id='word_1_406' title='bbox 2411 2826 2585 2888; x_wconf 91' lang='lat' dir='ltr'><strong>alicui</strong></span> <span class='ocrx_word' id='word_1_407' title='bbox 2618 2830 2955 2890; x_wconf 86' lang='lat' dir='ltr'><strong>auditorum</strong></span> <span class='ocrx_word' id='word_1_408' title='bbox 2986 2846 3119 2910; x_wconf 65' lang='lat' dir='ltr'><strong>quae</strong></span> <span class='ocrx_word' id='word_1_409' title='bbox 3148 2828 3319 2909; x_wconf 88' lang='lat' dir='ltr'><strong>dicis,</strong></span> <span class='ocrx_word' id='word_1_410' title='bbox 3343 2828 3556 2893; x_wconf 91' lang='lat' dir='ltr'><strong>absce-</strong></span> 
     </span>
    </p>
   </div>
   <div class='ocr_carea' id='block_1_59' title="bbox 1909 2914 3558 2998">
    <p class='ocr_par' dir='ltr' id='par_1_59' title="bbox 1909 2914 3558 2998">
     <span class='ocr_line' id='line_1_59' title="bbox 1909 2914 3558 2998; baseline 0.003 -21"><span class='ocrx_word' id='word_1_411' title='bbox 1909 2914 2031 2990; x_wconf 90' lang='lat' dir='ltr'><strong>det,</strong></span> <span class='ocrx_word' id='word_1_412' title='bbox 2059 2917 2156 2995; x_wconf 92' lang='lat' dir='ltr'><strong>qui</strong></span> <span class='ocrx_word' id='word_1_413' title='bbox 2176 2934 2311 2977; x_wconf 90' lang='lat' dir='ltr'><strong>vero</strong></span> <span class='ocrx_word' id='word_1_414' title='bbox 2332 2921 2789 2997; x_wconf 87' lang='lat' dir='ltr'><strong>permanserint,</strong></span> <span class='ocrx_word' id='word_1_415' title='bbox 2814 2928 3105 2998; x_wconf 88' lang='lat' dir='ltr'><strong>cogentur</strong></span> <span class='ocrx_word' id='word_1_416' title='bbox 3128 2918 3558 2982; x_wconf 85' lang='lat' dir='ltr'><strong>assertionibus</strong></span> 
     </span>
    </p>
   </div>
   <div class='ocr_carea' id='block_1_60' title="bbox 1909 3002 3552 3090">
    <p class='ocr_par' dir='ltr' id='par_1_60' title="bbox 1909 3002 3552 3090">
     <span class='ocr_line' id='line_1_60' title="bbox 1909 3002 3552 3090; baseline 0.005 -27"><span class='ocrx_word' id='word_1_417' title='bbox 1909 3003 2023 3064; x_wconf 89' lang='lat' dir='ltr'><strong>tuis</strong></span> <span class='ocrx_word' id='word_1_418' title='bbox 2059 3002 2309 3083; x_wconf 90' lang='lat' dir='ltr'><strong>probare</strong></span> <span class='ocrx_word' id='word_1_419' title='bbox 2340 3004 2497 3087; x_wconf 91' lang='lat' dir='ltr'><strong>quod</strong></span> <span class='ocrx_word' id='word_1_420' title='bbox 2549 3025 2753 3069; x_wconf 91' lang='lat' dir='ltr'><strong>verum</strong></span> <span class='ocrx_word' id='word_1_421' title='bbox 2803 3021 2916 3069; x_wconf 86' lang='lat' dir='ltr'><strong>est.</strong></span> <span class='ocrx_word' id='word_1_422' title='bbox 2949 3007 3153 3089; x_wconf 87' lang='lat' dir='ltr'><strong>Incipe</strong></span> <span class='ocrx_word' id='word_1_423' title='bbox 3187 3008 3373 3086; x_wconf 84' lang='lat' dir='ltr'><strong>igitur</strong></span> <span class='ocrx_word' id='word_1_424' title='bbox 3395 3011 3552 3090; x_wconf 90' lang='lat' dir='ltr'><strong>quod</strong></span> 
     </span>
    </p>
   </div>
   <div class='ocr_carea' id='block_1_61' title="bbox 1906 3092 3556 3179">
    <p class='ocr_par' dir='ltr' id='par_1_61' title="bbox 1906 3092 3556 3179">
     <span class='ocr_line' id='line_1_61' title="bbox 1906 3092 3556 3179; baseline 0.005 -27"><span class='ocrx_word' id='word_1_425' title='bbox 1906 3092 2012 3153; x_wconf 90' lang='lat' dir='ltr'><strong>tibi</strong></span> <span class='ocrx_word' id='word_1_426' title='bbox 2037 3104 2268 3155; x_wconf 91' lang='lat' dir='ltr'><strong>rectum</strong></span> <span class='ocrx_word' id='word_1_427' title='bbox 2306 3095 2563 3172; x_wconf 90' lang='lat' dir='ltr'><strong>videtur,</strong></span> <span class='ocrx_word' id='word_1_428' title='bbox 2597 3114 2918 3179; x_wconf 82' lang='lat' dir='ltr'><strong>exponere.</strong></span> <span class='ocrx_word' id='word_1_429' title='bbox 2953 3096 3025 3161; x_wconf 83' lang='lat' dir='ltr'><strong>Et</strong></span> <span class='ocrx_word' id='word_1_430' title='bbox 3054 3098 3257 3161; x_wconf 89' lang='lat' dir='ltr'><strong>Simon</strong></span> <span class='ocrx_word' id='word_1_431' title='bbox 3283 3098 3399 3159; x_wconf 89' lang='lat' dir='ltr'><strong>ait:</strong></span> <span class='ocrx_word' id='word_1_432' title='bbox 3438 3098 3556 3177; x_wconf 88' lang='lat' dir='ltr'><strong>Ego</strong></span> 
     </span>
    </p>
   </div>
   <div class='ocr_carea' id='block_1_62' title="bbox 170 3182 3556 3293">
    <p class='ocr_par' dir='ltr' id='par_1_62' title="bbox 170 3182 3556 3293">
     <span class='ocr_line' id='line_1_62' title="bbox 170 3182 3556 3293; baseline 0.003 -20"><span class='ocrx_word' id='word_1_433' title='bbox 170 3182 453 3293; x_wconf 72' lang='lat' dir='ltr'><strong>magister</strong></span> <span class='ocrx_word' id='word_1_434' title='bbox 473 3227 669 3277; x_wconf 87' lang='lat' dir='ltr'><strong>vester</strong></span> <span class='ocrx_word' id='word_1_435' title='bbox 690 3234 954 3278; x_wconf 89' lang='lat' dir='ltr'><strong>errorem</strong></span> <span class='ocrx_word' id='word_1_436' title='bbox 991 3213 1216 3278; x_wconf 87' lang='lat' dir='ltr'><strong>dividat</strong></span> <span class='ocrx_word' id='word_1_437' title='bbox 1251 3233 1326 3277; x_wconf 91' lang='lat' dir='ltr'><strong>an</strong></span> <span class='ocrx_word' id='word_1_438' title='bbox 1385 3182 1717 3279; x_wconf 62' lang='lat' dir='ltr'><strong>veritatem.</strong></span> <span class='ocrx_word' id='word_1_439' title='bbox 1750 3214 1824 3278; x_wconf 89' lang='lat' dir='ltr'><strong>Et</strong></span> <span class='ocrx_word' id='word_1_440' title='bbox 1853 3289 1881 3293; x_wconf 85' lang='lat'>_</span> <span class='ocrx_word' id='word_1_441' title='bbox 2074 3184 2296 3293; x_wconf 47' lang='lat' dir='ltr'><strong>mulst</strong></span> <span class='ocrx_word' id='word_1_442' title='bbox 2327 3203 2463 3293; x_wconf 45' lang='lat' dir='ltr'><strong>esse,</strong></span> <span class='ocrx_word' id='word_1_443' title='bbox 2493 3184 2660 3267; x_wconf 56' lang='lat' dir='ltr'><strong>deos,</strong></span> <span class='ocrx_word' id='word_1_444' title='bbox 2694 3207 2874 3293; x_wconf 56' lang='lat' dir='ltr'><strong>“&quot;Pm</strong></span> <span class='ocrx_word' id='word_1_445' title='bbox 2910 3194 3106 3289; x_wconf 37' lang='lat' dir='ltr'><strong>fame&quot;</strong></span> <span class='ocrx_word' id='word_1_446' title='bbox 3139 3205 3271 3293; x_wconf 52' lang='lat' dir='ltr'><strong>ﬁsse</strong></span> <span class='ocrx_word' id='word_1_447' title='bbox 3315 3188 3556 3293; x_wconf 46' lang='lat' dir='ltr'><strong>incom&#39;</strong></span> 
     </span>
    </p>
   </div>
   <div class='ocr_carea' id='block_1_63' title="bbox 168 3273 3558 3385">
    <p class='ocr_par' dir='ltr' id='par_1_63' title="bbox 168 3273 3558 3385">
     <span class='ocr_line' id='line_1_63' title="bbox 168 3273 3558 3385; baseline 0.001 -22"><span class='ocrx_word' id='word_1_448' title='bbox 168 3273 583 3366; x_wconf 47' lang='lat' dir='ltr'><strong>magism}:</strong></span> <span class='ocrx_word' id='word_1_449' title='bbox 608 3273 854 3368; x_wconf 46' lang='lat' dir='ltr'><strong>iisiis.</strong></span> <span class='ocrx_word' id='word_1_450' title='bbox 867 3273 1215 3385; x_wconf 40' lang='lat' dir='ltr'><strong>sistas;</strong></span> <span class='ocrx_word' id='word_1_451' title='bbox 1236 3273 1346 3365; x_wconf 54' lang='lat' dir='ltr'><strong>es}.</strong></span> <span class='ocrx_word' id='word_1_452' title='bbox 1387 3273 1825 3368; x_wconf 45' lang='lat' dir='ltr'><strong>sagas;</strong></span> <span class='ocrx_word' id='word_1_453' title='bbox 1842 3289 1883 3342; x_wconf 74' lang='grc' dir='ltr'>ο</span> <span class='ocrx_word' id='word_1_454' title='bbox 1909 3273 2387 3385; x_wconf 28' lang='grc' dir='ltr'><strong>ξῖῗδῗῗλεξέηῗηξ</strong></span> <span class='ocrx_word' id='word_1_455' title='bbox 2409 3282 2588 3385; x_wconf 58' lang='lat' dir='ltr'><strong>imi”</strong></span> <span class='ocrx_word' id='word_1_456' title='bbox 2617 3276 3558 3385; x_wconf 46' lang='lat' dir='ltr'><strong>{mnibuiincogﬂiﬁumihefum&#39;</strong></span> 
     </span>
    </p>
   </div>
   <div class='ocr_carea' id='block_1_64' title="bbox 167 3393 1822 3475">
    <p class='ocr_par' dir='ltr' id='par_1_64' title="bbox 167 3393 1822 3475">
     <span class='ocr_line' id='line_1_64' title="bbox 167 3393 1822 3475; baseline 0.002 -24"><span class='ocrx_word' id='word_1_457' title='bbox 167 3393 320 3471; x_wconf 73' lang='lat' dir='ltr'><strong>apud</strong></span> <span class='ocrx_word' id='word_1_458' title='bbox 356 3404 434 3465; x_wconf 88' lang='lat' dir='ltr'><strong>te,</strong></span> <span class='ocrx_word' id='word_1_459' title='bbox 469 3395 607 3475; x_wconf 88' lang='lat' dir='ltr'><strong>quia</strong></span> <span class='ocrx_word' id='word_1_460' title='bbox 636 3414 816 3456; x_wconf 90' lang='lat' dir='ltr'><strong>omne</strong></span> <span class='ocrx_word' id='word_1_461' title='bbox 847 3394 1003 3474; x_wconf 87' lang='lat' dir='ltr'><strong>quod</strong></span> <span class='ocrx_word' id='word_1_462' title='bbox 1031 3394 1283 3456; x_wconf 54' lang='lat' dir='ltr'><strong>divisam</strong></span> <span class='ocrx_word' id='word_1_463' title='bbox 1305 3393 1482 3455; x_wconf 89' lang='lat' dir='ltr'><strong>fuerit</strong></span> <span class='ocrx_word' id='word_1_464' title='bbox 1506 3395 1685 3468; x_wconf 88' lang='lat' dir='ltr'><strong>cadit,</strong></span> <span class='ocrx_word' id='word_1_465' title='bbox 1716 3413 1822 3457; x_wconf 90' lang='lat' dir='ltr'><strong>su-</strong></span> 
     </span>
    </p>
   </div>
   <div class='ocr_carea' id='block_1_65' title="bbox 169 3483 1820 3564">
    <p class='ocr_par' dir='ltr' id='par_1_65' title="bbox 169 3483 1820 3564">
     <span class='ocr_line' id='line_1_65' title="bbox 169 3483 1820 3564; baseline 0.001 -20"><span class='ocrx_word' id='word_1_466' title='bbox 169 3492 369 3561; x_wconf 90' lang='lat' dir='ltr'><strong>perest</strong></span> <span class='ocrx_word' id='word_1_467' title='bbox 385 3491 447 3545; x_wconf 89' lang='lat' dir='ltr'><strong>ut</strong></span> <span class='ocrx_word' id='word_1_468' title='bbox 476 3484 812 3555; x_wconf 85' lang='lat' dir='ltr'><strong>ostendam,</strong></span> <span class='ocrx_word' id='word_1_469' title='bbox 834 3486 883 3544; x_wconf 89' lang='lat' dir='ltr'><strong>si</strong></span> <span class='ocrx_word' id='word_1_470' title='bbox 902 3494 1126 3547; x_wconf 80' lang='lat' dir='ltr'><strong>tantum</strong></span> <span class='ocrx_word' id='word_1_471' title='bbox 1153 3502 1288 3545; x_wconf 89' lang='lat' dir='ltr'><strong>cum</strong></span> <span class='ocrx_word' id='word_1_472' title='bbox 1314 3501 1458 3564; x_wconf 89' lang='lat' dir='ltr'><strong>pace</strong></span> <span class='ocrx_word' id='word_1_473' title='bbox 1479 3483 1690 3547; x_wconf 83' lang='lat' dir='ltr'><strong>audire</strong></span> <span class='ocrx_word' id='word_1_474' title='bbox 1710 3485 1820 3557; x_wconf 87' lang='lat' dir='ltr'><strong>vis,</strong></span> 
     </span>
    </p>
   </div>
   <div class='ocr_carea' id='block_1_66' title="bbox 169 3572 1816 3650">
    <p class='ocr_par' dir='ltr' id='par_1_66' title="bbox 169 3572 1816 3650">
     <span class='ocr_line' id='line_1_66' title="bbox 169 3572 1816 3650; baseline 0.005 -22"><span class='ocrx_word' id='word_1_475' title='bbox 169 3572 323 3649; x_wconf 80' lang='lat' dir='ltr'><strong>quod</strong></span> <span class='ocrx_word' id='word_1_476' title='bbox 356 3572 530 3635; x_wconf 89' lang='lat' dir='ltr'><strong>Jesus</strong></span> <span class='ocrx_word' id='word_1_477' title='bbox 563 3583 766 3636; x_wconf 89' lang='lat' dir='ltr'><strong>noster</strong></span> <span class='ocrx_word' id='word_1_478' title='bbox 796 3592 1063 3637; x_wconf 90' lang='lat' dir='ltr'><strong>errorem</strong></span> <span class='ocrx_word' id='word_1_479' title='bbox 1096 3572 1364 3637; x_wconf 88' lang='lat' dir='ltr'><strong>diviserit</strong></span> <span class='ocrx_word' id='word_1_480' title='bbox 1394 3592 1463 3634; x_wconf 92' lang='lat' dir='ltr'><strong>ac</strong></span> <span class='ocrx_word' id='word_1_481' title='bbox 1484 3573 1816 3650; x_wconf 86' lang='lat' dir='ltr'><strong>resolverit,</strong></span> 
     </span>
    </p>
   </div>
   <div class='ocr_carea' id='block_1_67' title="bbox 171 3661 812 3726">
    <p class='ocr_par' dir='ltr' id='par_1_67' title="bbox 171 3661 812 3726">
     <span class='ocr_line' id='line_1_67' title="bbox 171 3661 812 3726; baseline 0.008 -5"><span class='ocrx_word' id='word_1_482' title='bbox 171 3661 441 3722; x_wconf 87' lang='lat' dir='ltr'><strong>docendo</strong></span> <span class='ocrx_word' id='word_1_483' title='bbox 476 3662 812 3726; x_wconf 85' lang='lat' dir='ltr'><strong>veritatem.</strong></span> 
     </span>
    </p>
   </div>
   <div class='ocr_carea' id='block_1_68' title="bbox 245 3790 1816 3873">
    <p class='ocr_par' dir='ltr' id='par_1_68' title="bbox 245 3790 1816 3873">
     <span class='ocr_line' id='line_1_68' title="bbox 245 3790 1816 3873; baseline 0.001 -20"><span class='ocrx_word' id='word_1_484' title='bbox 245 3790 498 3854; x_wconf 84' lang='lat' dir='ltr'><strong>XXXVI.</strong></span> <span class='ocrx_word' id='word_1_485' title='bbox 525 3792 673 3853; x_wconf 90' lang='lat' dir='ltr'><strong>Tum</strong></span> <span class='ocrx_word' id='word_1_486' title='bbox 706 3791 933 3856; x_wconf 91' lang='lat' dir='ltr'><strong>Simon:</strong></span> <span class='ocrx_word' id='word_1_487' title='bbox 957 3790 1196 3865; x_wconf 90' lang='lat' dir='ltr'><strong>Omitte,</strong></span> <span class='ocrx_word' id='word_1_488' title='bbox 1234 3793 1447 3873; x_wconf 88' lang='lat' dir='ltr'><strong>inquit,</strong></span> <span class='ocrx_word' id='word_1_489' title='bbox 1476 3809 1816 3855; x_wconf 87' lang='lat' dir='ltr'><strong>sermonem</strong></span> 
     </span>
    </p>
   </div>
   <div class='ocr_carea' id='block_1_69' title="bbox 167 3881 1819 3960">
    <p class='ocr_par' dir='ltr' id='par_1_69' title="bbox 167 3881 1819 3960">
     <span class='ocr_line' id='line_1_69' title="bbox 167 3881 1819 3960; baseline 0.005 -24"><span class='ocrx_word' id='word_1_490' title='bbox 167 3882 327 3960; x_wconf 81' lang='lat' dir='ltr'><strong>pacis</strong></span> <span class='ocrx_word' id='word_1_491' title='bbox 364 3881 704 3960; x_wconf 88' lang='lat' dir='ltr'><strong>frequenter</strong></span> <span class='ocrx_word' id='word_1_492' title='bbox 727 3882 969 3955; x_wconf 91' lang='lat' dir='ltr'><strong>iterare,</strong></span> <span class='ocrx_word' id='word_1_493' title='bbox 1004 3881 1146 3957; x_wconf 87' lang='lat' dir='ltr'><strong>quid</strong></span> <span class='ocrx_word' id='word_1_494' title='bbox 1166 3900 1304 3944; x_wconf 89' lang='lat' dir='ltr'><strong>vero</strong></span> <span class='ocrx_word' id='word_1_495' title='bbox 1342 3882 1419 3943; x_wconf 92' lang='lat' dir='ltr'><strong>sit</strong></span> <span class='ocrx_word' id='word_1_496' title='bbox 1448 3883 1608 3960; x_wconf 89' lang='lat' dir='ltr'><strong>quod</strong></span> <span class='ocrx_word' id='word_1_497' title='bbox 1634 3884 1819 3945; x_wconf 88' lang='lat' dir='ltr'><strong>sentis</strong></span> 
     </span>
    </p>
   </div>
   <div class='ocr_carea' id='block_1_70' title="bbox 165 3970 1816 4051">
    <p class='ocr_par' dir='ltr' id='par_1_70' title="bbox 165 3970 1816 4051">
     <span class='ocr_line' id='line_1_70' title="bbox 165 3970 1816 4051; baseline 0.002 -21"><span class='ocrx_word' id='word_1_498' title='bbox 165 3970 505 4050; x_wconf 88' lang='lat' dir='ltr'><strong>autcredis,</strong></span> <span class='ocrx_word' id='word_1_499' title='bbox 539 3970 800 4031; x_wconf 83' lang='lat' dir='ltr'><strong>breviter</strong></span> <span class='ocrx_word' id='word_1_500' title='bbox 827 3990 1078 4051; x_wconf 82' lang='lat' dir='ltr'><strong>expone.</strong></span> <span class='ocrx_word' id='word_1_501' title='bbox 1107 3971 1178 4034; x_wconf 89' lang='lat' dir='ltr'><strong>Et</strong></span> <span class='ocrx_word' id='word_1_502' title='bbox 1219 3975 1434 4035; x_wconf 89' lang='lat' dir='ltr'><strong>Petrus</strong></span> <span class='ocrx_word' id='word_1_503' title='bbox 1480 3971 1607 4036; x_wconf 90' lang='lat' dir='ltr'><strong>ait:</strong></span> <span class='ocrx_word' id='word_1_504' title='bbox 1662 3972 1816 4045; x_wconf 89' lang='lat' dir='ltr'><strong>Quid</strong></span> 
     </span>
    </p>
   </div>
   <div class='ocr_carea' id='block_1_71' title="bbox 161 4059 1820 4142">
    <p class='ocr_par' dir='ltr' id='par_1_71' title="bbox 161 4059 1820 4142">
     <span class='ocr_line' id='line_1_71' title="bbox 161 4059 1820 4142; baseline 0.004 -24"><span class='ocrx_word' id='word_1_505' title='bbox 161 4060 340 4120; x_wconf 87' lang='lat' dir='ltr'><strong>times</strong></span> <span class='ocrx_word' id='word_1_506' title='bbox 368 4059 582 4121; x_wconf 75' lang='lat' dir='ltr'><strong>crebro</strong></span> <span class='ocrx_word' id='word_1_507' title='bbox 604 4060 811 4121; x_wconf 87' lang='lat' dir='ltr'><strong>audire</strong></span> <span class='ocrx_word' id='word_1_508' title='bbox 870 4061 947 4122; x_wconf 92' lang='lat' dir='ltr'><strong>de</strong></span> <span class='ocrx_word' id='word_1_509' title='bbox 996 4080 1143 4142; x_wconf 85' lang='lat' dir='ltr'><strong>pace</strong></span> <span class='ocrx_word' id='word_1_510' title='bbox 1172 4068 1200 4124; x_wconf 84' lang='lat'><strong><em>?</em></strong></span> <span class='ocrx_word' id='word_1_511' title='bbox 1229 4071 1329 4122; x_wconf 90' lang='lat' dir='ltr'><strong>aut</strong></span> <span class='ocrx_word' id='word_1_512' title='bbox 1380 4062 1620 4137; x_wconf 82' lang='lat' dir='ltr'><strong>ignoras</strong></span> <span class='ocrx_word' id='word_1_513' title='bbox 1679 4062 1820 4142; x_wconf 89' lang='lat' dir='ltr'><strong>quia</strong></span> 
     </span>
    </p>
   </div>
   <div class='ocr_carea' id='block_1_72' title="bbox 178 4149 1815 4232">
    <p class='ocr_par' dir='ltr' id='par_1_72' title="bbox 178 4149 1815 4232">
     <span class='ocr_line' id='line_1_72' title="bbox 178 4149 1815 4232; baseline 0.002 -22"><span class='ocrx_word' id='word_1_514' title='bbox 178 4150 466 4230; x_wconf 87' lang='lat' dir='ltr'><strong>perfectio</strong></span> <span class='ocrx_word' id='word_1_515' title='bbox 497 4149 643 4228; x_wconf 88' lang='lat' dir='ltr'><strong>legis</strong></span> <span class='ocrx_word' id='word_1_516' title='bbox 675 4167 786 4229; x_wconf 84' lang='lat' dir='ltr'><strong>pax</strong></span> <span class='ocrx_word' id='word_1_517' title='bbox 819 4158 954 4214; x_wconf 87' lang='lat' dir='ltr'><strong>est?</strong></span> <span class='ocrx_word' id='word_1_518' title='bbox 978 4170 1045 4212; x_wconf 82' lang='lat' dir='ltr'><strong>ex</strong></span> <span class='ocrx_word' id='word_1_519' title='bbox 1067 4151 1323 4232; x_wconf 88' lang='lat' dir='ltr'><strong>peccatis</strong></span> <span class='ocrx_word' id='word_1_520' title='bbox 1353 4150 1512 4211; x_wconf 92' lang='lat' dir='ltr'><strong>enim</strong></span> <span class='ocrx_word' id='word_1_521' title='bbox 1539 4150 1697 4213; x_wconf 86' lang='lat' dir='ltr'><strong>bella</strong></span> <span class='ocrx_word' id='word_1_522' title='bbox 1715 4170 1815 4214; x_wconf 83' lang='lat' dir='ltr'><strong>ua-</strong></span> 
     </span>
    </p>
   </div>
   <div class='ocr_carea' id='block_1_73' title="bbox 161 4240 1813 4323">
    <p class='ocr_par' dir='ltr' id='par_1_73' title="bbox 161 4240 1813 4323">
     <span class='ocr_line' id='line_1_73' title="bbox 161 4240 1813 4323; baseline 0.002 -25"><span class='ocrx_word' id='word_1_523' title='bbox 161 4248 403 4300; x_wconf 87' lang='lat' dir='ltr'><strong>scuntur</strong></span> <span class='ocrx_word' id='word_1_524' title='bbox 433 4248 487 4301; x_wconf 93' lang='lat' dir='ltr'><strong>et</strong></span> <span class='ocrx_word' id='word_1_525' title='bbox 523 4240 876 4322; x_wconf 87' lang='lat' dir='ltr'><strong>certamina,</strong></span> <span class='ocrx_word' id='word_1_526' title='bbox 900 4242 999 4301; x_wconf 91' lang='lat' dir='ltr'><strong>ubi</strong></span> <span class='ocrx_word' id='word_1_527' title='bbox 1022 4250 1217 4303; x_wconf 87' lang='lat' dir='ltr'><strong>autem</strong></span> <span class='ocrx_word' id='word_1_528' title='bbox 1246 4248 1556 4319; x_wconf 88' lang='lat' dir='ltr'><strong>peccatum</strong></span> <span class='ocrx_word' id='word_1_529' title='bbox 1585 4259 1701 4301; x_wconf 92' lang='lat' dir='ltr'><strong>non</strong></span> <span class='ocrx_word' id='word_1_530' title='bbox 1726 4241 1813 4323; x_wconf 74' lang='lat' dir='ltr'><strong>ﬁt,</strong></span> 
     </span>
    </p>
   </div>
   <div class='ocr_carea' id='block_1_74' title="bbox 165 4329 1815 4410">
    <p class='ocr_par' dir='ltr' id='par_1_74' title="bbox 165 4329 1815 4410">
     <span class='ocr_line' id='line_1_74' title="bbox 165 4329 1815 4410; baseline 0.002 -23"><span class='ocrx_word' id='word_1_531' title='bbox 165 4348 270 4408; x_wconf 81' lang='lat' dir='ltr'><strong>pax</strong></span> <span class='ocrx_word' id='word_1_532' title='bbox 300 4337 387 4390; x_wconf 89' lang='lat' dir='ltr'><strong>est</strong></span> <span class='ocrx_word' id='word_1_533' title='bbox 416 4330 666 4391; x_wconf 72' lang='lat' dir='ltr'><strong>animae:</strong></span> <span class='ocrx_word' id='word_1_534' title='bbox 704 4329 802 4390; x_wconf 92' lang='lat' dir='ltr'><strong>ubi</strong></span> <span class='ocrx_word' id='word_1_535' title='bbox 834 4346 977 4392; x_wconf 89' lang='lat' dir='ltr'><strong>vero</strong></span> <span class='ocrx_word' id='word_1_536' title='bbox 1010 4349 1117 4410; x_wconf 82' lang='lat' dir='ltr'><strong>pax</strong></span> <span class='ocrx_word' id='word_1_537' title='bbox 1143 4337 1254 4402; x_wconf 92' lang='lat' dir='ltr'><strong>est,</strong></span> <span class='ocrx_word' id='word_1_538' title='bbox 1290 4329 1351 4390; x_wconf 93' lang='lat' dir='ltr'><strong>in</strong></span> <span class='ocrx_word' id='word_1_539' title='bbox 1385 4329 1815 4409; x_wconf 90' lang='lat' dir='ltr'><strong>disputationi-</strong></span> 
     </span>
    </p>
   </div>
   <div class='ocr_carea' id='block_1_75' title="bbox 40 4416 1816 4502">
    <p class='ocr_par' dir='ltr' id='par_1_75' title="bbox 40 4416 1816 4502">
     <span class='ocr_line' id='line_1_75' title="bbox 40 4416 1816 4502; baseline -0.002 -19"><span class='ocrx_word' id='word_1_540' title='bbox 40 4428 107 4483; x_wconf 49' lang='grc' dir='ltr'><strong>ιει-</strong></span> <span class='ocrx_word' id='word_1_541' title='bbox 167 4417 274 4478; x_wconf 89' lang='lat' dir='ltr'><strong>bus</strong></span> <span class='ocrx_word' id='word_1_542' title='bbox 298 4419 533 4497; x_wconf 81' lang='lat' dir='ltr'><strong>veritas,</strong></span> <span class='ocrx_word' id='word_1_543' title='bbox 570 4418 627 4479; x_wconf 92' lang='lat' dir='ltr'><strong>in</strong></span> <span class='ocrx_word' id='word_1_544' title='bbox 661 4419 946 4499; x_wconf 76' lang='lat' dir='ltr'><strong>operibus</strong></span> <span class='ocrx_word' id='word_1_545' title='bbox 970 4419 1195 4502; x_wconf 76' lang='lat' dir='ltr'><strong>iustitia</strong></span> <span class='ocrx_word' id='word_1_546' title='bbox 1242 4418 1564 4480; x_wconf 90' lang='lat' dir='ltr'><strong>invenitur.</strong></span> <span class='ocrx_word' id='word_1_547' title='bbox 1597 4416 1668 4479; x_wconf 89' lang='lat' dir='ltr'><strong>Et</strong></span> <span class='ocrx_word' id='word_1_548' title='bbox 1718 4417 1816 4481; x_wconf 93' lang='lat' dir='ltr'><strong>Si-</strong></span> 
     </span>
    </p>
   </div>
   <div class='ocr_carea' id='block_1_76' title="bbox 62 4506 1811 4589">
    <p class='ocr_par' dir='ltr' id='par_1_76' title="bbox 62 4506 1811 4589">
     <span class='ocr_line' id='line_1_76' title="bbox 62 4506 1811 4589; baseline 0.001 -22"><span class='ocrx_word' id='word_1_549' title='bbox 169 4526 300 4569; x_wconf 91' lang='lat' dir='ltr'><strong>mon</strong></span> <span class='ocrx_word' id='word_1_550' title='bbox 343 4530 356 4568; x_wconf 90' lang='lat'><strong>:</strong></span> <span class='ocrx_word' id='word_1_551' title='bbox 399 4508 632 4569; x_wconf 76' lang='lat' dir='ltr'><strong>Videris</strong></span> <span class='ocrx_word' id='word_1_552' title='bbox 665 4508 810 4569; x_wconf 92' lang='lat' dir='ltr'><strong>mihi</strong></span> <span class='ocrx_word' id='word_1_553' title='bbox 835 4527 952 4569; x_wconf 92' lang='lat' dir='ltr'><strong>non</strong></span> <span class='ocrx_word' id='word_1_554' title='bbox 985 4506 1158 4588; x_wconf 88' lang='lat' dir='ltr'><strong>posse</strong></span> <span class='ocrx_word' id='word_1_555' title='bbox 1191 4508 1454 4589; x_wconf 86' lang='lat' dir='ltr'><strong>profiteri</strong></span> <span class='ocrx_word' id='word_1_556' title='bbox 1484 4506 1641 4588; x_wconf 92' lang='lat' dir='ltr'><strong>quod</strong></span> <span class='ocrx_word' id='word_1_557' title='bbox 1675 4525 1811 4569; x_wconf 86' lang='lat' dir='ltr'><strong>sen-</strong></span> 
     </span>
    </p>
   </div>
   <div class='ocr_carea' id='block_1_77' title="bbox 1908 3364 3551 3448">
    <p class='ocr_par' dir='ltr' id='par_1_77' title="bbox 1908 3364 3551 3448">
     <span class='ocr_line' id='line_1_77' title="bbox 1908 3364 3551 3448; baseline 0.006 -27"><span class='ocrx_word' id='word_1_558' title='bbox 1908 3379 2025 3440; x_wconf 92' lang='lat' dir='ltr'><strong>que</strong></span> <span class='ocrx_word' id='word_1_559' title='bbox 2057 3364 2322 3424; x_wconf 92' lang='lat' dir='ltr'><strong>omnium</strong></span> <span class='ocrx_word' id='word_1_560' title='bbox 2355 3364 2603 3426; x_wconf 89' lang='lat' dir='ltr'><strong>deorum</strong></span> <span class='ocrx_word' id='word_1_561' title='bbox 2630 3368 2842 3429; x_wconf 93' lang='lat' dir='ltr'><strong>Deum.</strong></span> <span class='ocrx_word' id='word_1_562' title='bbox 2871 3366 3063 3428; x_wconf 91' lang='lat' dir='ltr'><strong>Tuum</strong></span> <span class='ocrx_word' id='word_1_563' title='bbox 3086 3369 3295 3431; x_wconf 90' lang='lat' dir='ltr'><strong>Petrus</strong></span> <span class='ocrx_word' id='word_1_564' title='bbox 3320 3388 3332 3427; x_wconf 93' lang='lat'><strong>:</strong></span> <span class='ocrx_word' id='word_1_565' title='bbox 3357 3367 3551 3448; x_wconf 90' lang='lat' dir='ltr'><strong>Hunc,</strong></span> 
     </span>
    </p>
   </div>
   <div class='ocr_carea' id='block_1_78' title="bbox 1907 3449 3555 3537">
    <p class='ocr_par' dir='ltr' id='par_1_78' title="bbox 1907 3449 3555 3537">
     <span class='ocr_line' id='line_1_78' title="bbox 1907 3449 3555 3537; baseline 0.006 -26"><span class='ocrx_word' id='word_1_566' title='bbox 1907 3449 2122 3532; x_wconf 88' lang='lat' dir='ltr'><strong>inquit,</strong></span> <span class='ocrx_word' id='word_1_567' title='bbox 2152 3471 2326 3531; x_wconf 87' lang='lat' dir='ltr'><strong>quem</strong></span> <span class='ocrx_word' id='word_1_568' title='bbox 2358 3452 2512 3515; x_wconf 91' lang='lat' dir='ltr'><strong>dicis</strong></span> <span class='ocrx_word' id='word_1_569' title='bbox 2541 3472 2675 3516; x_wconf 89' lang='lat' dir='ltr'><strong>esse</strong></span> <span class='ocrx_word' id='word_1_570' title='bbox 2693 3455 3372 3537; x_wconf 91' lang='lat' dir='ltr'><strong>incomprehensibilem</strong></span> <span class='ocrx_word' id='word_1_571' title='bbox 3394 3459 3555 3521; x_wconf 92' lang='lat' dir='ltr'><strong>etin-</strong></span> 
     </span>
    </p>
   </div>
   <div class='ocr_carea' id='block_1_79' title="bbox 1908 3541 3550 3626">
    <p class='ocr_par' dir='ltr' id='par_1_79' title="bbox 1908 3541 3550 3626">
     <span class='ocr_line' id='line_1_79' title="bbox 1908 3541 3550 3626; baseline 0.006 -25"><span class='ocrx_word' id='word_1_572' title='bbox 1908 3541 2207 3619; x_wconf 91' lang='lat' dir='ltr'><strong>cognitum</strong></span> <span class='ocrx_word' id='word_1_573' title='bbox 2234 3541 2513 3604; x_wconf 91' lang='lat' dir='ltr'><strong>omnibus</strong></span> <span class='ocrx_word' id='word_1_574' title='bbox 2536 3542 2748 3616; x_wconf 93' lang='lat' dir='ltr'><strong>Deum,</strong></span> <span class='ocrx_word' id='word_1_575' title='bbox 2770 3564 2839 3608; x_wconf 85' lang='lat' dir='ltr'><strong>ex</strong></span> <span class='ocrx_word' id='word_1_576' title='bbox 2861 3544 3184 3626; x_wconf 89' lang='lat' dir='ltr'><strong>Scripturis</strong></span> <span class='ocrx_word' id='word_1_577' title='bbox 3210 3546 3550 3611; x_wconf 77' lang='lat' dir='ltr'><strong>Judaeorum</strong></span> 
     </span>
    </p>
   </div>
   <div class='ocr_carea' id='block_1_80' title="bbox 1905 3630 3560 3717">
    <p class='ocr_par' dir='ltr' id='par_1_80' title="bbox 1905 3630 3560 3717">
     <span class='ocr_line' id='line_1_80' title="bbox 1905 3630 3560 3717; baseline 0.007 -28"><span class='ocrx_word' id='word_1_578' title='bbox 1905 3648 2038 3710; x_wconf 67' lang='lat' dir='ltr'><strong>quae</strong></span> <span class='ocrx_word' id='word_1_579' title='bbox 2061 3630 2117 3690; x_wconf 87' lang='lat' dir='ltr'><strong>in</strong></span> <span class='ocrx_word' id='word_1_580' title='bbox 2140 3632 2491 3694; x_wconf 87' lang='lat' dir='ltr'><strong>auctoritate</strong></span> <span class='ocrx_word' id='word_1_581' title='bbox 2522 3632 2843 3709; x_wconf 88' lang='lat' dir='ltr'><strong>habentur,</strong></span> <span class='ocrx_word' id='word_1_582' title='bbox 2876 3634 3129 3715; x_wconf 80' lang='lat' dir='ltr'><strong>proliare</strong></span> <span class='ocrx_word' id='word_1_583' title='bbox 3162 3644 3357 3717; x_wconf 90' lang='lat' dir='ltr'><strong>potes,</strong></span> <span class='ocrx_word' id='word_1_584' title='bbox 3382 3656 3454 3698; x_wconf 89' lang='lat' dir='ltr'><strong>an</strong></span> <span class='ocrx_word' id='word_1_585' title='bbox 3490 3657 3560 3700; x_wconf 83' lang='lat' dir='ltr'><strong>ex</strong></span> 
     </span>
    </p>
   </div>
   <div class='ocr_carea' id='block_1_81' title="bbox 1903 3719 3655 3835">
    <p class='ocr_par' dir='ltr' id='par_1_81' title="bbox 1903 3719 3655 3835">
     <span class='ocr_line' id='line_1_81' title="bbox 1903 3719 3655 3835; baseline 0.005 -54"><span class='ocrx_word' id='word_1_586' title='bbox 1903 3719 2037 3781; x_wconf 77' lang='lat' dir='ltr'><strong>aliis</strong></span> <span class='ocrx_word' id='word_1_587' title='bbox 2058 3720 2536 3803; x_wconf 88' lang='lat' dir='ltr'><strong>aliquibus,quas</strong></span> <span class='ocrx_word' id='word_1_588' title='bbox 2562 3725 3230 3806; x_wconf 86' lang='lat' dir='ltr'><strong>omnesignoramus,an</strong></span> <span class='ocrx_word' id='word_1_589' title='bbox 3252 3744 3321 3787; x_wconf 83' lang='lat' dir='ltr'><strong>ex</strong></span> <span class='ocrx_word' id='word_1_590' title='bbox 3337 3728 3558 3790; x_wconf 69' lang='lat' dir='ltr'><strong>Graecis</strong></span> <span class='ocrx_word' id='word_1_591' title='bbox 3602 3780 3655 3835; x_wconf 55' lang='lat' dir='ltr'><strong>r,</strong></span> 
     </span>
     <span class='ocr_line' id='line_1_82' title="bbox 1906 3810 3655 3835; baseline 0 0"><span class='ocrx_word' id='word_1_592' title='bbox 1906 3810 2248 3835; x_wconf 70' lang='lat' dir='ltr'><strong>-_--n_._:L_-_</strong></span> <span class='ocrx_word' id='word_1_593' title='bbox 2313 3830 2378 3835; x_wconf 56' lang='grc' dir='ltr'><strong>,μ</strong></span> <span class='ocrx_word' id='word_1_594' title='bbox 2428 3830 2488 3835; x_wconf 54' lang='grc' dir='ltr'><strong>Α..</strong></span> <span class='ocrx_word' id='word_1_595' title='bbox 2523 3814 2639 3835; x_wconf 48' lang='grc' dir='ltr'><strong>λης-</strong></span> <span class='ocrx_word' id='word_1_596' title='bbox 2701 3813 2874 3835; x_wconf 31' lang='grc' dir='ltr'><strong>--ᾼξνκι</strong></span> <span class='ocrx_word' id='word_1_597' title='bbox 2925 3814 3005 3835; x_wconf 38' lang='grc' dir='ltr'><strong>μξῌ</strong></span> <span class='ocrx_word' id='word_1_598' title='bbox 3044 3832 3105 3835; x_wconf 24' lang='lat' dir='ltr'><strong>XX</strong></span> <span class='ocrx_word' id='word_1_599' title='bbox 3166 3814 3287 3835; x_wconf 34' lang='lat' dir='ltr'><strong><em>,ABS,</em></strong></span> <span class='ocrx_word' id='word_1_600' title='bbox 3327 3822 3356 3835; x_wconf 71' lang='grc' dir='ltr'><strong>Δ</strong></span> <span class='ocrx_word' id='word_1_601' title='bbox 3390 3816 3428 3835; x_wconf 82' lang='lat' dir='ltr'><strong>n</strong></span> <span class='ocrx_word' id='word_1_602' title='bbox 3503 3824 3513 3835; x_wconf 73' lang='grc' dir='ltr'><strong><em>ι</em></strong></span> <span class='ocrx_word' id='word_1_603' title='bbox 3644 3814 3655 3835; x_wconf 71' lang='lat' dir='ltr'><strong>t</strong></span> 
     </span>
    </p>
   </div>
   <div class='ocr_carea' id='block_1_82' title="bbox 1904 3810 3753 3897">
    <p class='ocr_par' dir='ltr' id='par_1_82' title="bbox 1904 3810 3753 3897">
     <span class='ocr_line' id='line_1_83' title="bbox 1904 3810 3753 3897; baseline 0.002 -26"><span class='ocrx_word' id='word_1_604' title='bbox 1904 3810 2276 3892; x_wconf 87' lang='lat' dir='ltr'><strong>auctoribus,</strong></span> <span class='ocrx_word' id='word_1_605' title='bbox 2309 3830 2383 3873; x_wconf 91' lang='lat' dir='ltr'><strong>an</strong></span> <span class='ocrx_word' id='word_1_606' title='bbox 2420 3830 2491 3874; x_wconf 82' lang='lat' dir='ltr'><strong>ex</strong></span> <span class='ocrx_word' id='word_1_607' title='bbox 2523 3814 2641 3895; x_wconf 87' lang='lat' dir='ltr'><strong>tuis</strong></span> <span class='ocrx_word' id='word_1_608' title='bbox 2676 3813 3298 3897; x_wconf 11' lang='lat' dir='ltr'><strong>Ascripturis‘propriis</strong></span> <span class='ocrx_word' id='word_1_609' title='bbox 3327 3822 3357 3879; x_wconf 67' lang='grc' dir='ltr'><strong>’ἱ</strong></span> <span class='ocrx_word' id='word_1_610' title='bbox 3388 3816 3557 3880; x_wconf 89' lang='lat' dir='ltr'><strong>Certe</strong></span> <span class='ocrx_word' id='word_1_611' title='bbox 3602 3810 3613 3835; x_wconf 87' lang='lat'><strong><em>&#39;</em></strong></span> <span class='ocrx_word' id='word_1_612' title='bbox 3644 3814 3659 3835; x_wconf 57' lang='lat'><strong>‘</strong></span> <span class='ocrx_word' id='word_1_613' title='bbox 3680 3810 3695 3835; x_wconf 54' lang='grc' dir='ltr'><strong>ί</strong></span> 
     </span>
    </p>
   </div>
   <div class='ocr_carea' id='block_1_83' title="bbox 1906 3899 3741 3989">
    <p class='ocr_par' dir='ltr' id='par_1_83' title="bbox 1906 3899 3741 3989">
     <span class='ocr_line' id='line_1_84' title="bbox 1906 3899 3741 3989; baseline 0.005 -30"><span class='ocrx_word' id='word_1_614' title='bbox 1906 3917 1975 3960; x_wconf 85' lang='lat' dir='ltr'><strong>ex</strong></span> <span class='ocrx_word' id='word_1_615' title='bbox 2002 3899 2462 3989; x_wconf 89' lang='lat' dir='ltr'><strong>quibuscunque</strong></span> <span class='ocrx_word' id='word_1_616' title='bbox 2492 3902 2601 3977; x_wconf 91' lang='lat' dir='ltr'><strong>vis,</strong></span> <span class='ocrx_word' id='word_1_617' title='bbox 2623 3900 2931 3977; x_wconf 44' lang='lat' dir='ltr'><strong>dicito,&quot;ita</strong></span> <span class='ocrx_word' id='word_1_618' title='bbox 2965 3913 3159 3965; x_wconf 89' lang='lat' dir='ltr'><strong>tamen</strong></span> <span class='ocrx_word' id='word_1_619' title='bbox 3187 3912 3248 3965; x_wconf 92' lang='lat' dir='ltr'><strong>ut</strong></span> <span class='ocrx_word' id='word_1_620' title='bbox 3277 3907 3551 3969; x_wconf 76' lang='lat' dir='ltr'><strong>ostendas</strong></span> <span class='ocrx_word' id='word_1_621' title='bbox 3592 3908 3681 3953; x_wconf 53' lang='grc' dir='ltr'><strong>ἰδέη</strong></span> <span class='ocrx_word' id='word_1_622' title='bbox 3714 3932 3741 3989; x_wconf 33' lang='grc' dir='ltr'><strong>μς</strong></span> 
     </span>
    </p>
   </div>
   <div class='ocr_carea' id='block_1_84' title="bbox 1902 3988 3785 4075">
    <p class='ocr_par' dir='ltr' id='par_1_84' title="bbox 1902 3988 3785 4075">
     <span class='ocr_line' id='line_1_85' title="bbox 1902 3988 3785 4075; baseline 0.009 -27"><span class='ocrx_word' id='word_1_623' title='bbox 1902 4006 2001 4049; x_wconf 91' lang='lat' dir='ltr'><strong>eas</strong></span> <span class='ocrx_word' id='word_1_624' title='bbox 2029 3988 2189 4069; x_wconf 90' lang='lat' dir='ltr'><strong>prius</strong></span> <span class='ocrx_word' id='word_1_625' title='bbox 2214 4008 2344 4051; x_wconf 90' lang='lat' dir='ltr'><strong>esse</strong></span> <span class='ocrx_word' id='word_1_626' title='bbox 2376 3991 2794 4074; x_wconf 89' lang='lat' dir='ltr'><strong>propheticas;</strong></span> <span class='ocrx_word' id='word_1_627' title='bbox 2823 3992 2901 4054; x_wconf 81' lang='lat' dir='ltr'><strong>ita</strong></span> <span class='ocrx_word' id='word_1_628' title='bbox 2937 3994 3095 4055; x_wconf 89' lang='lat' dir='ltr'><strong>enim</strong></span> <span class='ocrx_word' id='word_1_629' title='bbox 3114 3994 3236 4075; x_wconf 85' lang='lat' dir='ltr'><strong>fiet,</strong></span> <span class='ocrx_word' id='word_1_630' title='bbox 3259 4003 3321 4057; x_wconf 91' lang='lat' dir='ltr'><strong>ut</strong></span> <span class='ocrx_word' id='word_1_631' title='bbox 3344 4014 3547 4059; x_wconf 89' lang='lat' dir='ltr'><strong>earum</strong></span> <span class='ocrx_word' id='word_1_632' title='bbox 3664 4020 3675 4063; x_wconf 62' lang='grc' dir='ltr'><em>ρ</em></span> <span class='ocrx_word' id='word_1_633' title='bbox 3696 4046 3715 4073; x_wconf 21' lang='grc' dir='ltr'><strong>ν,</strong></span> 
     </span>
    </p>
   </div>
   <div class='ocr_carea' id='block_1_85' title="bbox 1903 4078 3653 4169">
    <p class='ocr_par' dir='ltr' id='par_1_85' title="bbox 1903 4078 3653 4169">
     <span class='ocr_line' id='line_1_86' title="bbox 1903 4078 3653 4169; baseline 0.001 -29"><span class='ocrx_word' id='word_1_634' title='bbox 1903 4078 2240 4141; x_wconf 91' lang='lat' dir='ltr'><strong>indubitata</strong></span> <span class='ocrx_word' id='word_1_635' title='bbox 2264 4080 2562 4143; x_wconf 88' lang='lat' dir='ltr'><strong>habeatur</strong></span> <span class='ocrx_word' id='word_1_636' title='bbox 2592 4083 2934 4146; x_wconf 89' lang='lat' dir='ltr'><strong>auctoritas.</strong></span> <span class='ocrx_word' id='word_1_637' title='bbox 3594 4110 3653 4169; x_wconf 38' lang='grc' dir='ltr'><strong>πμ</strong></span> 
     </span>
    </p>
   </div>
   <div class='ocr_carea' id='block_1_86' title="bbox 1981 4171 3546 4255">
    <p class='ocr_par' dir='ltr' id='par_1_86' title="bbox 1981 4171 3546 4255">
     <span class='ocr_line' id='line_1_87' title="bbox 1981 4171 3546 4255; baseline 0.006 -22"><span class='ocrx_word' id='word_1_638' title='bbox 1981 4171 2235 4235; x_wconf 83' lang='lat' dir='ltr'><strong>XXXIX.</strong></span> <span class='ocrx_word' id='word_1_639' title='bbox 2274 4176 2341 4236; x_wconf 90' lang='lat' dir='ltr'><strong>Et</strong></span> <span class='ocrx_word' id='word_1_640' title='bbox 2368 4172 2577 4234; x_wconf 91' lang='lat' dir='ltr'><strong>Simon</strong></span> <span class='ocrx_word' id='word_1_641' title='bbox 2608 4175 2689 4235; x_wconf 91' lang='lat' dir='ltr'><strong>ait</strong></span> <span class='ocrx_word' id='word_1_642' title='bbox 2722 4193 2736 4238; x_wconf 93' lang='lat'><strong>:</strong></span> <span class='ocrx_word' id='word_1_643' title='bbox 2777 4174 2859 4237; x_wconf 83' lang='lat' dir='ltr'><strong>Ex</strong></span> <span class='ocrx_word' id='word_1_644' title='bbox 2893 4176 3023 4255; x_wconf 91' lang='lat' dir='ltr'><strong>lege</strong></span> <span class='ocrx_word' id='word_1_645' title='bbox 3050 4175 3387 4239; x_wconf 66' lang='lat' dir='ltr'><strong>Iudaeorum</strong></span> <span class='ocrx_word' id='word_1_646' title='bbox 3423 4180 3546 4244; x_wconf 89' lang='lat' dir='ltr'><strong>sola</strong></span> 
     </span>
    </p>
   </div>
   <div class='ocr_carea' id='block_1_87' title="bbox 1900 4262 3547 4349">
    <p class='ocr_par' dir='ltr' id='par_1_87' title="bbox 1900 4262 3547 4349">
     <span class='ocr_line' id='line_1_88' title="bbox 1900 4262 3547 4349; baseline 0.006 -26"><span class='ocrx_word' id='word_1_647' title='bbox 1900 4264 2264 4324; x_wconf 86' lang='lat' dir='ltr'><strong>assertiones</strong></span> <span class='ocrx_word' id='word_1_648' title='bbox 2287 4262 2917 4328; x_wconf 83' lang='lat' dir='ltr'><strong>adhibebo.0mnibns</strong></span> <span class='ocrx_word' id='word_1_649' title='bbox 2934 4267 3091 4328; x_wconf 92' lang='lat' dir='ltr'><strong>enim</strong></span> <span class='ocrx_word' id='word_1_650' title='bbox 3112 4267 3211 4348; x_wconf 89' lang='lat' dir='ltr'><strong>qui</strong></span> <span class='ocrx_word' id='word_1_651' title='bbox 3236 4268 3547 4349; x_wconf 82' lang='lat' dir='ltr'><strong>religionis</strong></span> 
     </span>
    </p>
   </div>
   <div class='ocr_carea' id='block_1_88' title="bbox 1898 4352 3547 4429">
    <p class='ocr_par' dir='ltr' id='par_1_88' title="bbox 1898 4352 3547 4429">
     <span class='ocr_line' id='line_1_89' title="bbox 1898 4352 3547 4429; baseline 0.006 -16"><span class='ocrx_word' id='word_1_652' title='bbox 1898 4371 2101 4413; x_wconf 88' lang='lat' dir='ltr'><strong>curam</strong></span> <span class='ocrx_word' id='word_1_653' title='bbox 2134 4361 2370 4429; x_wconf 91' lang='lat' dir='ltr'><strong>gerunt,</strong></span> <span class='ocrx_word' id='word_1_654' title='bbox 2402 4352 2777 4417; x_wconf 87' lang='lat' dir='ltr'><strong>manifestum</strong></span> <span class='ocrx_word' id='word_1_655' title='bbox 2802 4363 2893 4417; x_wconf 92' lang='lat' dir='ltr'><strong>est</strong></span> <span class='ocrx_word' id='word_1_656' title='bbox 2923 4356 3103 4418; x_wconf 91' lang='lat' dir='ltr'><strong>totius</strong></span> <span class='ocrx_word' id='word_1_657' title='bbox 3131 4376 3262 4421; x_wconf 91' lang='lat' dir='ltr'><strong>esse</strong></span> <span class='ocrx_word' id='word_1_658' title='bbox 3296 4362 3547 4423; x_wconf 88' lang='lat' dir='ltr'><strong>auctori-</strong></span> 
     </span>
    </p>
   </div>
   <div class='ocr_carea' id='block_1_89' title="bbox 1900 4440 3545 4526">
    <p class='ocr_par' dir='ltr' id='par_1_89' title="bbox 1900 4440 3545 4526">
     <span class='ocr_line' id='line_1_90' title="bbox 1900 4440 3545 4526; baseline 0.006 -23"><span class='ocrx_word' id='word_1_659' title='bbox 1900 4440 2033 4503; x_wconf 89' lang='lat' dir='ltr'><strong>tatis</strong></span> <span class='ocrx_word' id='word_1_660' title='bbox 2065 4442 2215 4503; x_wconf 88' lang='lat' dir='ltr'><strong>hanc</strong></span> <span class='ocrx_word' id='word_1_661' title='bbox 2247 4440 2464 4520; x_wconf 87' lang='lat' dir='ltr'><strong>legem,</strong></span> <span class='ocrx_word' id='word_1_662' title='bbox 2490 4461 2978 4526; x_wconf 86' lang='lat' dir='ltr'><strong>unumquemque</strong></span> <span class='ocrx_word' id='word_1_663' title='bbox 3002 4454 3195 4509; x_wconf 88' lang='lat' dir='ltr'><strong>tamen</strong></span> <span class='ocrx_word' id='word_1_664' title='bbox 3218 4450 3545 4513; x_wconf 91' lang='lat' dir='ltr'><strong>secundum</strong></span> 
     </span>
    </p>
   </div>
   <div class='ocr_carea' id='block_1_90' title="bbox 1900 4530 3545 4618">
    <p class='ocr_par' dir='ltr' id='par_1_90' title="bbox 1900 4530 3545 4618">
     <span class='ocr_line' id='line_1_91' title="bbox 1900 4530 3545 4618; baseline 0.007 -28"><span class='ocrx_word' id='word_1_665' title='bbox 1900 4530 2207 4610; x_wconf 83' lang='lat' dir='ltr'><strong>proprium</strong></span> <span class='ocrx_word' id='word_1_666' title='bbox 2231 4550 2476 4595; x_wconf 90' lang='lat' dir='ltr'><strong>sensum</strong></span> <span class='ocrx_word' id='word_1_667' title='bbox 2525 4533 2978 4613; x_wconf 84' lang='lat' dir='ltr'><strong>intelligentiam</strong></span> <span class='ocrx_word' id='word_1_668' title='bbox 3002 4536 3147 4615; x_wconf 91' lang='lat' dir='ltr'><strong>legis</strong></span> <span class='ocrx_word' id='word_1_669' title='bbox 3179 4538 3355 4618; x_wconf 89' lang='lat' dir='ltr'><strong>hujus</strong></span> <span class='ocrx_word' id='word_1_670' title='bbox 3384 4540 3545 4601; x_wconf 90' lang='lat' dir='ltr'><strong>acci-</strong></span> 
     </span>
    </p>
   </div>
   <div class='ocr_carea' id='block_1_91' title="bbox 165 4596 3546 4707">
    <p class='ocr_par' dir='ltr' id='par_1_91' title="bbox 165 4596 3546 4707">
     <span class='ocr_line' id='line_1_92' title="bbox 165 4596 3546 4707; baseline 0.01 -50"><span class='ocrx_word' id='word_1_671' title='bbox 165 4599 257 4660; x_wconf 90' lang='lat' dir='ltr'><strong>tis.</strong></span> <span class='ocrx_word' id='word_1_672' title='bbox 274 4706 279 4707; x_wconf 11' lang='grc' dir='ltr'><em>γ</em></span> <span class='ocrx_word' id='word_1_673' title='bbox 296 4596 631 4707; x_wconf 10' lang='lat' dir='ltr'><strong>Egi-Petrus:</strong></span> <span class='ocrx_word' id='word_1_674' title='bbox 661 4598 883 4707; x_wconf 41' lang='lat' dir='ltr'><strong>Dicam.</strong></span> <span class='ocrx_word' id='word_1_675' title='bbox 906 4616 988 4699; x_wconf 38' lang='grc' dir='ltr'><strong>,οι</strong></span> <span class='ocrx_word' id='word_1_676' title='bbox 1020 4597 1270 4699; x_wconf 50' lang='grc' dir='ltr'><strong>ὃΐρίῐΐίο</strong></span> <span class='ocrx_word' id='word_1_677' title='bbox 1294 4606 1524 4707; x_wconf 33' lang='lat' dir='ltr'><strong>“Tang</strong></span> <span class='ocrx_word' id='word_1_678' title='bbox 1556 4599 1814 4707; x_wconf 36' lang='lat' dir='ltr'><strong>Polli“?</strong></span> <span class='ocrx_word' id='word_1_679' title='bbox 1839 4606 1880 4658; x_wconf 69' lang='grc' dir='ltr'>θ</span> <span class='ocrx_word' id='word_1_680' title='bbox 1900 4596 2063 4700; x_wconf 73' lang='lat' dir='ltr'><strong>pere.</strong></span> <span class='ocrx_word' id='word_1_681' title='bbox 2094 4623 2175 4683; x_wconf 78' lang='lat' dir='ltr'><strong>Ita</strong></span> <span class='ocrx_word' id='word_1_682' title='bbox 2198 4622 2355 4681; x_wconf 86' lang='lat' dir='ltr'><strong>enim</strong></span> <span class='ocrx_word' id='word_1_683' title='bbox 2380 4622 2452 4683; x_wconf 92' lang='lat' dir='ltr'><strong>ab</strong></span> <span class='ocrx_word' id='word_1_684' title='bbox 2473 4640 2541 4683; x_wconf 91' lang='lat' dir='ltr'><strong>eo</strong></span> <span class='ocrx_word' id='word_1_685' title='bbox 2563 4623 2663 4703; x_wconf 88' lang='lat' dir='ltr'><strong>qui</strong></span> <span class='ocrx_word' id='word_1_686' title='bbox 2686 4596 2969 4686; x_wconf 44' lang='lat' dir='ltr'><strong>mlundum</strong></span> <span class='ocrx_word' id='word_1_687' title='bbox 3008 4596 3546 4707; x_wconf 44' lang='lat' dir='ltr'><strong>cgndidiI,—scripta</strong></span> 
     </span>
    </p>
   </div>
   <div class='ocr_carea' id='block_1_92' title="bbox 167 4686 1816 4768">
    <p class='ocr_par' dir='ltr' id='par_1_92' title="bbox 167 4686 1816 4768">
     <span class='ocr_line' id='line_1_93' title="bbox 167 4686 1816 4768; baseline 0.001 -22"><span class='ocrx_word' id='word_1_688' title='bbox 167 4686 436 4749; x_wconf 63' lang='lat' dir='ltr'><strong>versutiis</strong></span> <span class='ocrx_word' id='word_1_689' title='bbox 461 4701 721 4749; x_wconf 88' lang='lat' dir='ltr'><strong>coactus.</strong></span> <span class='ocrx_word' id='word_1_690' title='bbox 776 4688 961 4768; x_wconf 92' lang='lat' dir='ltr'><strong>Cupio</strong></span> <span class='ocrx_word' id='word_1_691' title='bbox 1012 4688 1170 4749; x_wconf 91' lang='lat' dir='ltr'><strong>enim</strong></span> <span class='ocrx_word' id='word_1_692' title='bbox 1232 4688 1392 4768; x_wconf 86' lang='lat' dir='ltr'><strong>quod</strong></span> <span class='ocrx_word' id='word_1_693' title='bbox 1442 4687 1698 4749; x_wconf 90' lang='lat' dir='ltr'><strong>salutare</strong></span> <span class='ocrx_word' id='word_1_694' title='bbox 1753 4698 1816 4749; x_wconf 91' lang='lat' dir='ltr'><strong>et</strong></span> 
     </span>
    </p>
   </div>
   <div class='ocr_carea' id='block_1_93' title="bbox 160 4777 1813 4857">
    <p class='ocr_par' dir='ltr' id='par_1_93' title="bbox 160 4777 1813 4857">
     <span class='ocr_line' id='line_1_94' title="bbox 160 4777 1813 4857; baseline 0 -20"><span class='ocrx_word' id='word_1_695' title='bbox 160 4778 295 4837; x_wconf 90' lang='lat' dir='ltr'><strong>utile</strong></span> <span class='ocrx_word' id='word_1_696' title='bbox 326 4786 414 4839; x_wconf 88' lang='lat' dir='ltr'><strong>est</strong></span> <span class='ocrx_word' id='word_1_697' title='bbox 445 4777 726 4838; x_wconf 88' lang='lat' dir='ltr'><strong>omnibus</strong></span> <span class='ocrx_word' id='word_1_698' title='bbox 755 4777 969 4839; x_wconf 85' lang='lat' dir='ltr'><strong>adduci</strong></span> <span class='ocrx_word' id='word_1_699' title='bbox 1000 4778 1059 4838; x_wconf 93' lang='lat' dir='ltr'><strong>in</strong></span> <span class='ocrx_word' id='word_1_700' title='bbox 1092 4778 1385 4850; x_wconf 90' lang='lat' dir='ltr'><strong>notitiam,</strong></span> <span class='ocrx_word' id='word_1_701' title='bbox 1419 4786 1479 4840; x_wconf 88' lang='lat' dir='ltr'><strong>et</strong></span> <span class='ocrx_word' id='word_1_702' title='bbox 1503 4777 1637 4839; x_wconf 88' lang='lat' dir='ltr'><strong>ideo</strong></span> <span class='ocrx_word' id='word_1_703' title='bbox 1670 4795 1813 4857; x_wconf 90' lang='lat' dir='ltr'><strong>pro-</strong></span> 
     </span>
    </p>
   </div>
   <div class='ocr_carea' id='block_1_94' title="bbox 158 4863 1816 4946">
    <p class='ocr_par' dir='ltr' id='par_1_94' title="bbox 158 4863 1816 4946">
     <span class='ocr_line' id='line_1_95' title="bbox 158 4863 1816 4946; baseline -0.001 -19"><span class='ocrx_word' id='word_1_704' title='bbox 158 4866 312 4927; x_wconf 85' lang='lat' dir='ltr'><strong>ferre</strong></span> <span class='ocrx_word' id='word_1_705' title='bbox 342 4885 515 4946; x_wconf 89' lang='lat' dir='ltr'><strong>quam</strong></span> <span class='ocrx_word' id='word_1_706' title='bbox 554 4867 909 4928; x_wconf 81' lang='lat' dir='ltr'><strong>brevissime</strong></span> <span class='ocrx_word' id='word_1_707' title='bbox 957 4886 1072 4927; x_wconf 91' lang='lat' dir='ltr'><strong>non</strong></span> <span class='ocrx_word' id='word_1_708' title='bbox 1128 4867 1431 4929; x_wconf 90' lang='lat' dir='ltr'><strong>morabor.</strong></span> <span class='ocrx_word' id='word_1_709' title='bbox 1490 4863 1661 4929; x_wconf 91' lang='lat' dir='ltr'><strong>Unus</strong></span> <span class='ocrx_word' id='word_1_710' title='bbox 1722 4873 1816 4927; x_wconf 89' lang='lat' dir='ltr'><strong>est</strong></span> 
     </span>
    </p>
   </div>
   <div class='ocr_carea' id='block_1_95' title="bbox 160 4955 1813 5036">
    <p class='ocr_par' dir='ltr' id='par_1_95' title="bbox 160 4955 1813 5036">
     <span class='ocr_line' id='line_1_96' title="bbox 160 4955 1813 5036; baseline -0.002 -18"><span class='ocrx_word' id='word_1_711' title='bbox 160 4959 334 5032; x_wconf 89' lang='lat' dir='ltr'><strong>Deus,</strong></span> <span class='ocrx_word' id='word_1_712' title='bbox 359 4957 639 5035; x_wconf 89' lang='lat' dir='ltr'><strong>idemque</strong></span> <span class='ocrx_word' id='word_1_713' title='bbox 689 4956 966 5018; x_wconf 91' lang='lat' dir='ltr'><strong>conditor</strong></span> <span class='ocrx_word' id='word_1_714' title='bbox 996 4958 1222 5029; x_wconf 90' lang='lat' dir='ltr'><strong>mundi,</strong></span> <span class='ocrx_word' id='word_1_715' title='bbox 1277 4958 1475 5036; x_wconf 87' lang='lat' dir='ltr'><strong>justus</strong></span> <span class='ocrx_word' id='word_1_716' title='bbox 1510 4955 1719 5035; x_wconf 78' lang='lat' dir='ltr'><strong>judex,</strong></span> <span class='ocrx_word' id='word_1_717' title='bbox 1756 4963 1813 5017; x_wconf 92' lang='lat' dir='ltr'><strong>et</strong></span> 
     </span>
    </p>
   </div>
   <div class='ocr_carea' id='block_1_96' title="bbox 160 5045 1805 5126">
    <p class='ocr_par' dir='ltr' id='par_1_96' title="bbox 160 5045 1805 5126">
     <span class='ocr_line' id='line_1_97' title="bbox 160 5045 1805 5126; baseline 0 -20"><span class='ocrx_word' id='word_1_718' title='bbox 160 5046 476 5126; x_wconf 89' lang='lat' dir='ltr'><strong>unicuique</strong></span> <span class='ocrx_word' id='word_1_719' title='bbox 508 5064 613 5125; x_wconf 90' lang='lat' dir='ltr'><strong>pro</strong></span> <span class='ocrx_word' id='word_1_720' title='bbox 644 5046 875 5107; x_wconf 89' lang='lat' dir='ltr'><strong>actibus</strong></span> <span class='ocrx_word' id='word_1_721' title='bbox 901 5046 1023 5107; x_wconf 86' lang='lat' dir='ltr'><strong>suis</strong></span> <span class='ocrx_word' id='word_1_722' title='bbox 1053 5046 1418 5125; x_wconf 85' lang='lat' dir='ltr'><strong>quandoque</strong></span> <span class='ocrx_word' id='word_1_723' title='bbox 1465 5045 1805 5110; x_wconf 91' lang='lat' dir='ltr'><strong>restituens.</strong></span> 
     </span>
    </p>
   </div>
   <div class='ocr_carea' id='block_1_97' title="bbox 156 5134 1812 5216">
    <p class='ocr_par' dir='ltr' id='par_1_97' title="bbox 156 5134 1812 5216">
     <span class='ocr_line' id='line_1_98' title="bbox 156 5134 1812 5216; baseline -0.001 -19"><span class='ocrx_word' id='word_1_724' title='bbox 156 5134 281 5197; x_wconf 84' lang='lat' dir='ltr'><strong>Jam</strong></span> <span class='ocrx_word' id='word_1_725' title='bbox 336 5153 479 5196; x_wconf 93' lang='lat' dir='ltr'><strong>vero</strong></span> <span class='ocrx_word' id='word_1_726' title='bbox 512 5154 618 5216; x_wconf 88' lang='lat' dir='ltr'><strong>pro</strong></span> <span class='ocrx_word' id='word_1_727' title='bbox 648 5135 976 5197; x_wconf 88' lang='lat' dir='ltr'><strong>assertione</strong></span> <span class='ocrx_word' id='word_1_728' title='bbox 1028 5137 1269 5215; x_wconf 91' lang='lat' dir='ltr'><strong>horum,</strong></span> <span class='ocrx_word' id='word_1_729' title='bbox 1323 5134 1448 5196; x_wconf 85' lang='lat' dir='ltr'><strong>scio</strong></span> <span class='ocrx_word' id='word_1_730' title='bbox 1496 5134 1812 5195; x_wconf 90' lang='lat' dir='ltr'><strong>innumera</strong></span> 
     </span>
    </p>
   </div>
   <div class='ocr_carea' id='block_1_98' title="bbox 164 5222 1312 5305">
    <p class='ocr_par' dir='ltr' id='par_1_98' title="bbox 164 5222 1312 5305">
     <span class='ocr_line' id='line_1_99' title="bbox 164 5222 1312 5305; baseline 0.002 -19"><span class='ocrx_word' id='word_1_731' title='bbox 164 5243 329 5305; x_wconf 89' lang='lat' dir='ltr'><strong>posse</strong></span> <span class='ocrx_word' id='word_1_732' title='bbox 361 5222 677 5286; x_wconf 88' lang='lat' dir='ltr'><strong>verborum</strong></span> <span class='ocrx_word' id='word_1_733' title='bbox 712 5225 900 5287; x_wconf 89' lang='lat' dir='ltr'><strong>millia</strong></span> <span class='ocrx_word' id='word_1_734' title='bbox 926 5226 1312 5288; x_wconf 89' lang='lat' dir='ltr'><strong>commoveri.</strong></span> 
     </span>
    </p>
   </div>
   <div class='ocr_carea' id='block_1_99' title="bbox 237 5339 1810 5424">
    <p class='ocr_par' dir='ltr' id='par_1_99' title="bbox 237 5339 1810 5424">
     <span class='ocr_line' id='line_1_100' title="bbox 237 5339 1810 5424; baseline -0.001 -18"><span class='ocrx_word' id='word_1_735' title='bbox 237 5339 526 5406; x_wconf 86' lang='lat' dir='ltr'><strong>XXXVII.</strong></span> <span class='ocrx_word' id='word_1_736' title='bbox 557 5346 627 5406; x_wconf 87' lang='lat' dir='ltr'><strong>Et</strong></span> <span class='ocrx_word' id='word_1_737' title='bbox 658 5342 866 5407; x_wconf 85' lang='lat' dir='ltr'><strong>Simon</strong></span> <span class='ocrx_word' id='word_1_738' title='bbox 896 5344 980 5407; x_wconf 87' lang='lat' dir='ltr'><strong>ait</strong></span> <span class='ocrx_word' id='word_1_739' title='bbox 1014 5366 1028 5407; x_wconf 90' lang='lat'><strong>:</strong></span> <span class='ocrx_word' id='word_1_740' title='bbox 1062 5341 1243 5407; x_wconf 80' lang='lat' dir='ltr'><strong>Miror</strong></span> <span class='ocrx_word' id='word_1_741' title='bbox 1265 5342 1506 5424; x_wconf 84' lang='lat' dir='ltr'><strong>quidem</strong></span> <span class='ocrx_word' id='word_1_742' title='bbox 1532 5339 1810 5405; x_wconf 67' lang='lat' dir='ltr'><strong>velocitas-</strong></span> 
     </span>
    </p>
   </div>
   <div class='ocr_carea' id='block_1_100' title="bbox 158 5431 1806 5515">
    <p class='ocr_par' dir='ltr' id='par_1_100' title="bbox 158 5431 1806 5515">
     <span class='ocr_line' id='line_1_101' title="bbox 158 5431 1806 5515; baseline 0 -22"><span class='ocrx_word' id='word_1_743' title='bbox 158 5443 273 5494; x_wconf 88' lang='lat' dir='ltr'><strong>tem</strong></span> <span class='ocrx_word' id='word_1_744' title='bbox 300 5431 520 5509; x_wconf 82' lang='lat' dir='ltr'><strong>ingenii</strong></span> <span class='ocrx_word' id='word_1_745' title='bbox 553 5432 661 5511; x_wconf 91' lang='lat' dir='ltr'><strong>tui,</strong></span> <span class='ocrx_word' id='word_1_746' title='bbox 680 5451 795 5493; x_wconf 92' lang='lat' dir='ltr'><strong>non</strong></span> <span class='ocrx_word' id='word_1_747' title='bbox 815 5440 1017 5497; x_wconf 87' lang='lat' dir='ltr'><strong>tamen</strong></span> <span class='ocrx_word' id='word_1_748' title='bbox 1038 5433 1370 5515; x_wconf 82' lang='lat' dir='ltr'><strong>amplector</strong></span> <span class='ocrx_word' id='word_1_749' title='bbox 1383 5449 1650 5494; x_wconf 90' lang='lat' dir='ltr'><strong>errorem</strong></span> <span class='ocrx_word' id='word_1_750' title='bbox 1666 5432 1806 5494; x_wconf 80' lang='lat' dir='ltr'><strong>fidei</strong></span> 
     </span>
    </p>
   </div>
   <div class='ocr_carea' id='block_1_101' title="bbox 1899 4710 3547 4790">
    <p class='ocr_par' dir='ltr' id='par_1_101' title="bbox 1899 4710 3547 4790">
     <span class='ocr_line' id='line_1_102' title="bbox 1899 4710 3547 4790; baseline 0.007 -21"><span class='ocrx_word' id='word_1_751' title='bbox 1899 4722 2011 4784; x_wconf 89' lang='lat' dir='ltr'><strong>est,</strong></span> <span class='ocrx_word' id='word_1_752' title='bbox 2048 4720 2109 4769; x_wconf 94' lang='lat' dir='ltr'><strong>ut</strong></span> <span class='ocrx_word' id='word_1_753' title='bbox 2138 4710 2197 4771; x_wconf 94' lang='lat' dir='ltr'><strong>in</strong></span> <span class='ocrx_word' id='word_1_754' title='bbox 2230 4710 2356 4790; x_wconf 85' lang='lat' dir='ltr'><strong>ipsa</strong></span> <span class='ocrx_word' id='word_1_755' title='bbox 2388 4730 2589 4773; x_wconf 87' lang='lat' dir='ltr'><strong>rerum</strong></span> <span class='ocrx_word' id='word_1_756' title='bbox 2649 4714 2795 4774; x_wconf 83' lang='lat' dir='ltr'><strong>fides</strong></span> <span class='ocrx_word' id='word_1_757' title='bbox 2827 4715 3136 4778; x_wconf 85' lang='lat' dir='ltr'><strong>habeatur.</strong></span> <span class='ocrx_word' id='word_1_758' title='bbox 3198 4713 3367 4777; x_wconf 91' lang='lat' dir='ltr'><strong>Unde</strong></span> <span class='ocrx_word' id='word_1_759' title='bbox 3423 4719 3547 4780; x_wconf 82' lang='lat' dir='ltr'><strong>sive</strong></span> 
     </span>
    </p>
   </div>
   <div class='ocr_carea' id='block_1_102' title="bbox 1897 4801 3543 4887">
    <p class='ocr_par' dir='ltr' id='par_1_102' title="bbox 1897 4801 3543 4887">
     <span class='ocr_line' id='line_1_103' title="bbox 1897 4801 3543 4887; baseline 0.005 -28"><span class='ocrx_word' id='word_1_760' title='bbox 1897 4801 1997 4880; x_wconf 90' lang='lat' dir='ltr'><strong>qui</strong></span> <span class='ocrx_word' id='word_1_761' title='bbox 2032 4818 2191 4875; x_wconf 87' lang='lat' dir='ltr'><strong>vera,</strong></span> <span class='ocrx_word' id='word_1_762' title='bbox 2226 4801 2350 4861; x_wconf 92' lang='lat' dir='ltr'><strong>sive</strong></span> <span class='ocrx_word' id='word_1_763' title='bbox 2380 4807 2557 4861; x_wconf 87' lang='lat' dir='ltr'><strong>etiam</strong></span> <span class='ocrx_word' id='word_1_764' title='bbox 2595 4802 2741 4863; x_wconf 89' lang='lat' dir='ltr'><strong>falsa</strong></span> <span class='ocrx_word' id='word_1_765' title='bbox 2802 4803 3069 4881; x_wconf 89' lang='lat' dir='ltr'><strong>proferre</strong></span> <span class='ocrx_word' id='word_1_766' title='bbox 3122 4804 3285 4877; x_wconf 91' lang='lat' dir='ltr'><strong>velit,</strong></span> <span class='ocrx_word' id='word_1_767' title='bbox 3316 4805 3543 4887; x_wconf 91' lang='lat' dir='ltr'><strong>absque</strong></span> 
     </span>
    </p>
   </div>
   <div class='ocr_carea' id='block_1_103' title="bbox 1896 4888 3548 4973">
    <p class='ocr_par' dir='ltr' id='par_1_103' title="bbox 1896 4888 3548 4973">
     <span class='ocr_line' id='line_1_104' title="bbox 1896 4888 3548 4973; baseline 0.005 -24"><span class='ocrx_word' id='word_1_768' title='bbox 1896 4888 2005 4950; x_wconf 82' lang='lat' dir='ltr'><strong>hac</strong></span> <span class='ocrx_word' id='word_1_769' title='bbox 2037 4889 2167 4967; x_wconf 87' lang='lat' dir='ltr'><strong>lege</strong></span> <span class='ocrx_word' id='word_1_770' title='bbox 2227 4890 2387 4951; x_wconf 90' lang='lat' dir='ltr'><strong>nulla</strong></span> <span class='ocrx_word' id='word_1_771' title='bbox 2444 4892 2773 4971; x_wconf 84' lang='lat' dir='ltr'><strong>recipietur</strong></span> <span class='ocrx_word' id='word_1_772' title='bbox 2827 4894 3100 4954; x_wconf 86' lang='lat' dir='ltr'><strong>assertio.</strong></span> <span class='ocrx_word' id='word_1_773' title='bbox 3163 4893 3310 4965; x_wconf 89' lang='lat' dir='ltr'><strong>Quia</strong></span> <span class='ocrx_word' id='word_1_774' title='bbox 3366 4895 3548 4973; x_wconf 87' lang='lat' dir='ltr'><strong>igitur</strong></span> 
     </span>
    </p>
   </div>
   <div class='ocr_carea' id='block_1_104' title="bbox 1894 4979 3545 5061">
    <p class='ocr_par' dir='ltr' id='par_1_104' title="bbox 1894 4979 3545 5061">
     <span class='ocr_line' id='line_1_105' title="bbox 1894 4979 3545 5061; baseline 0.005 -22"><span class='ocrx_word' id='word_1_775' title='bbox 1894 4979 2147 5040; x_wconf 88' lang='lat' dir='ltr'><strong>scientia</strong></span> <span class='ocrx_word' id='word_1_776' title='bbox 2172 4998 2303 5040; x_wconf 92' lang='lat' dir='ltr'><strong>mea</strong></span> <span class='ocrx_word' id='word_1_777' title='bbox 2332 4980 2678 5060; x_wconf 91' lang='lat' dir='ltr'><strong>plenissime</strong></span> <span class='ocrx_word' id='word_1_778' title='bbox 2700 5000 2833 5043; x_wconf 91' lang='lat' dir='ltr'><strong>cum</strong></span> <span class='ocrx_word' id='word_1_779' title='bbox 2861 4982 2988 5061; x_wconf 88' lang='lat' dir='ltr'><strong>lege</strong></span> <span class='ocrx_word' id='word_1_780' title='bbox 3010 4983 3356 5059; x_wconf 90' lang='lat' dir='ltr'><strong>concordat,</strong></span> <span class='ocrx_word' id='word_1_781' title='bbox 3381 4994 3545 5048; x_wconf 85' lang='lat' dir='ltr'><strong>recte</strong></span> 
     </span>
    </p>
   </div>
   <div class='ocr_carea' id='block_1_105' title="bbox 1898 5068 3547 5152">
    <p class='ocr_par' dir='ltr' id='par_1_105' title="bbox 1898 5068 3547 5152">
     <span class='ocr_line' id='line_1_106' title="bbox 1898 5068 3547 5152; baseline 0.005 -24"><span class='ocrx_word' id='word_1_782' title='bbox 1898 5068 2115 5129; x_wconf 91' lang='lat' dir='ltr'><strong>multos</strong></span> <span class='ocrx_word' id='word_1_783' title='bbox 2147 5086 2279 5130; x_wconf 89' lang='lat' dir='ltr'><strong>esse</strong></span> <span class='ocrx_word' id='word_1_784' title='bbox 2313 5071 2699 5148; x_wconf 89' lang='lat' dir='ltr'><strong>pronuntiavi</strong></span> <span class='ocrx_word' id='word_1_785' title='bbox 2742 5070 2910 5151; x_wconf 92' lang='lat' dir='ltr'><strong>deos,</strong></span> <span class='ocrx_word' id='word_1_786' title='bbox 2944 5090 3194 5152; x_wconf 93' lang='lat' dir='ltr'><strong>quorum</strong></span> <span class='ocrx_word' id='word_1_787' title='bbox 3253 5092 3405 5136; x_wconf 89' lang='lat' dir='ltr'><strong>unus</strong></span> <span class='ocrx_word' id='word_1_788' title='bbox 3456 5083 3547 5138; x_wconf 91' lang='lat' dir='ltr'><strong>est</strong></span> 
     </span>
    </p>
   </div>
   <div class='ocr_carea' id='block_1_106' title="bbox 1897 5157 3542 5244">
    <p class='ocr_par' dir='ltr' id='par_1_106' title="bbox 1897 5157 3542 5244">
     <span class='ocr_line' id='line_1_107' title="bbox 1897 5157 3542 5244; baseline 0.005 -26"><span class='ocrx_word' id='word_1_789' title='bbox 1897 5157 2261 5219; x_wconf 79' lang='lat' dir='ltr'><strong>eminentior</strong></span> <span class='ocrx_word' id='word_1_790' title='bbox 2274 5157 3137 5242; x_wconf 85' lang='lat' dir='ltr'><strong>etincomprehensibilis,ipse</strong></span> <span class='ocrx_word' id='word_1_791' title='bbox 3157 5162 3256 5244; x_wconf 90' lang='lat' dir='ltr'><strong>qui</strong></span> <span class='ocrx_word' id='word_1_792' title='bbox 3280 5171 3371 5226; x_wconf 92' lang='lat' dir='ltr'><strong>est</strong></span> <span class='ocrx_word' id='word_1_793' title='bbox 3387 5163 3542 5227; x_wconf 90' lang='lat' dir='ltr'><strong>Deus</strong></span> 
     </span>
    </p>
   </div>
   <div class='ocr_carea' id='block_1_107' title="bbox 1895 5247 3541 5333">
    <p class='ocr_par' dir='ltr' id='par_1_107' title="bbox 1895 5247 3541 5333">
     <span class='ocr_line' id='line_1_108' title="bbox 1895 5247 3541 5333; baseline 0.005 -24"><span class='ocrx_word' id='word_1_794' title='bbox 1895 5248 2168 5309; x_wconf 92' lang='lat' dir='ltr'><strong>deorum.</strong></span> <span class='ocrx_word' id='word_1_795' title='bbox 2234 5247 2403 5319; x_wconf 86' lang='lat' dir='ltr'><strong>Quod</strong></span> <span class='ocrx_word' id='word_1_796' title='bbox 2460 5258 2658 5311; x_wconf 86' lang='lat' dir='ltr'><strong>autem</strong></span> <span class='ocrx_word' id='word_1_797' title='bbox 2723 5250 2892 5313; x_wconf 92' lang='lat' dir='ltr'><strong>multi</strong></span> <span class='ocrx_word' id='word_1_798' title='bbox 2949 5250 3068 5313; x_wconf 91' lang='lat' dir='ltr'><strong>sint</strong></span> <span class='ocrx_word' id='word_1_799' title='bbox 3127 5251 3231 5326; x_wconf 91' lang='lat' dir='ltr'><strong>dii,</strong></span> <span class='ocrx_word' id='word_1_800' title='bbox 3267 5253 3395 5333; x_wconf 89' lang='lat' dir='ltr'><strong>ipsa</strong></span> <span class='ocrx_word' id='word_1_801' title='bbox 3444 5272 3541 5318; x_wconf 90' lang='lat' dir='ltr'><strong>me</strong></span> 
     </span>
    </p>
   </div>
   <div class='ocr_carea' id='block_1_108' title="bbox 1896 5337 3544 5425">
    <p class='ocr_par' dir='ltr' id='par_1_108' title="bbox 1896 5337 3544 5425">
     <span class='ocr_line' id='line_1_109' title="bbox 1896 5337 3544 5425; baseline 0.005 -25"><span class='ocrx_word' id='word_1_802' title='bbox 1896 5337 2132 5400; x_wconf 88' lang='lat' dir='ltr'><strong>edocuit</strong></span> <span class='ocrx_word' id='word_1_803' title='bbox 2151 5337 2267 5401; x_wconf 83' lang='lat' dir='ltr'><strong>lex.</strong></span> <span class='ocrx_word' id='word_1_804' title='bbox 2305 5338 2504 5400; x_wconf 90' lang='lat' dir='ltr'><strong>Primo</strong></span> <span class='ocrx_word' id='word_1_805' title='bbox 2526 5340 2766 5421; x_wconf 90' lang='lat' dir='ltr'><strong>quidem</strong></span> <span class='ocrx_word' id='word_1_806' title='bbox 2792 5340 2889 5403; x_wconf 91' lang='lat' dir='ltr'><strong>ubi</strong></span> <span class='ocrx_word' id='word_1_807' title='bbox 2920 5357 2991 5402; x_wconf 85' lang='lat' dir='ltr'><strong>ex</strong></span> <span class='ocrx_word' id='word_1_808' title='bbox 3012 5358 3265 5422; x_wconf 90' lang='lat' dir='ltr'><strong>persona</strong></span> <span class='ocrx_word' id='word_1_809' title='bbox 3292 5360 3544 5425; x_wconf 85' lang='lat' dir='ltr'><strong>serpen-</strong></span> 
     </span>
    </p>
   </div>
   <div class='ocr_carea' id='block_1_109' title="bbox 1896 5426 3544 5514">
    <p class='ocr_par' dir='ltr' id='par_1_109' title="bbox 1896 5426 3544 5514">
     <span class='ocr_line' id='line_1_110' title="bbox 1896 5426 3544 5514; baseline 0.005 -25"><span class='ocrx_word' id='word_1_810' title='bbox 1896 5429 1968 5489; x_wconf 92' lang='lat' dir='ltr'><strong>tis</strong></span> <span class='ocrx_word' id='word_1_811' title='bbox 1985 5427 2201 5488; x_wconf 90' lang='lat' dir='ltr'><strong>dicitur</strong></span> <span class='ocrx_word' id='word_1_812' title='bbox 2224 5428 2295 5488; x_wconf 92' lang='lat' dir='ltr'><strong>ad</strong></span> <span class='ocrx_word' id='word_1_813' title='bbox 2318 5426 2782 5509; x_wconf 87' lang='lat' dir='ltr'><strong>Evam,primam</strong></span> <span class='ocrx_word' id='word_1_814' title='bbox 2818 5429 3151 5493; x_wconf 90' lang='lat' dir='ltr'><strong>mulierem:</strong></span> <span class='ocrx_word' id='word_1_815' title='bbox 3180 5431 3544 5514; x_wconf 78' lang='lat' dir='ltr'><strong>Quacunque</strong></span> 
     </span>
    </p>
   </div>
   <div class='ocr_carea' id='block_1_110' title="bbox 156 5516 1827 5604">
    <p class='ocr_par' dir='ltr' id='par_1_110' title="bbox 156 5519 1805 5604">
     <span class='ocr_line' id='line_1_111' title="bbox 156 5519 1805 5604; baseline 0.001 -22"><span class='ocrx_word' id='word_1_816' title='bbox 156 5531 266 5583; x_wconf 64' lang='lat' dir='ltr'><strong>ture</strong></span> <span class='ocrx_word' id='word_1_817' title='bbox 293 5542 307 5589; x_wconf 85' lang='lat'><strong>:</strong></span> <span class='ocrx_word' id='word_1_818' title='bbox 340 5521 665 5602; x_wconf 87' lang='lat' dir='ltr'><strong>prudenter</strong></span> <span class='ocrx_word' id='word_1_819' title='bbox 694 5523 851 5584; x_wconf 91' lang='lat' dir='ltr'><strong>enim</strong></span> <span class='ocrx_word' id='word_1_820' title='bbox 888 5523 1228 5604; x_wconf 64' lang='lat' dir='ltr'><strong>prievidisti,</strong></span> <span class='ocrx_word' id='word_1_821' title='bbox 1257 5523 1413 5604; x_wconf 91' lang='lat' dir='ltr'><strong>quod</strong></span> <span class='ocrx_word' id='word_1_822' title='bbox 1436 5519 1541 5584; x_wconf 90' lang='lat' dir='ltr'><strong>tibi</strong></span> <span class='ocrx_word' id='word_1_823' title='bbox 1566 5530 1805 5583; x_wconf 82' lang='lat' dir='ltr'><strong>contra-</strong></span> 
     </span>
    </p>
   </div>
   <div class='ocr_carea' id='block_1_111' title="bbox 1915 5516 3543 5604">
    <p class='ocr_par' dir='ltr' id='par_1_111' title="bbox 1915 5516 3543 5590">
     <span class='ocr_line' id='line_1_112' title="bbox 1915 5516 3543 5590; baseline 0.004 -16"><span class='ocrx_word' id='word_1_824' title='bbox 1915 5519 1975 5574; x_wconf 71' lang='lat' dir='ltr'><strong>la&#39;e</strong></span> <span class='ocrx_word' id='word_1_825' title='bbox 2008 5516 2474 5575; x_wconf 73' lang='lat' dir='ltr'><strong>manducaui-itis</strong></span> <span class='ocrx_word' id='word_1_826' title='bbox 2511 5519 2574 5574; x_wconf 78' lang='lat' dir='ltr'><strong>de</strong></span> <span class='ocrx_word' id='word_1_827' title='bbox 2622 5520 2766 5590; x_wconf 75' lang='lat' dir='ltr'><strong>tigno</strong></span> <span class='ocrx_word' id='word_1_828' title='bbox 2806 5519 3012 5576; x_wconf 73' lang='lat' dir='ltr'><strong>sciendi</strong></span> <span class='ocrx_word' id='word_1_829' title='bbox 3039 5519 3237 5577; x_wconf 71' lang='lat' dir='ltr'><strong>bonum</strong></span> <span class='ocrx_word' id='word_1_830' title='bbox 3264 5526 3317 5579; x_wconf 71' lang='lat' dir='ltr'><strong>et</strong></span> <span class='ocrx_word' id='word_1_831' title='bbox 3334 5522 3543 5579; x_wconf 78' lang='lat' dir='ltr'><strong>malum</strong></span> 
     </span>
    </p>
   </div>
   <div class='ocr_carea' id='block_1_112' title="bbox 157 5605 3534 5693">
    <p class='ocr_par' dir='ltr' id='par_1_112' title="bbox 157 5605 3534 5693">
     <span class='ocr_line' id='line_1_113' title="bbox 157 5605 3534 5693; baseline 0.001 -23"><span class='ocrx_word' id='word_1_832' title='bbox 157 5610 268 5672; x_wconf 90' lang='lat' dir='ltr'><strong>dici</strong></span> <span class='ocrx_word' id='word_1_833' title='bbox 303 5610 512 5691; x_wconf 89' lang='lat' dir='ltr'><strong>possit,</strong></span> <span class='ocrx_word' id='word_1_834' title='bbox 549 5618 605 5668; x_wconf 93' lang='lat' dir='ltr'><strong>et</strong></span> <span class='ocrx_word' id='word_1_835' title='bbox 654 5610 881 5673; x_wconf 84' lang='lat' dir='ltr'><strong>urbane</strong></span> <span class='ocrx_word' id='word_1_836' title='bbox 912 5612 968 5672; x_wconf 91' lang='lat' dir='ltr'><strong>id</strong></span> <span class='ocrx_word' id='word_1_837' title='bbox 999 5612 1173 5674; x_wconf 88' lang='lat' dir='ltr'><strong>etiam</strong></span> <span class='ocrx_word' id='word_1_838' title='bbox 1218 5613 1347 5693; x_wconf 90' lang='lat' dir='ltr'><strong>ipse</strong></span> <span class='ocrx_word' id='word_1_839' title='bbox 1380 5611 1682 5692; x_wconf 89' lang='lat' dir='ltr'><strong>professus</strong></span> <span class='ocrx_word' id='word_1_840' title='bbox 1743 5628 1806 5672; x_wconf 90' lang='lat' dir='ltr'><strong>es</strong></span> <span class='ocrx_word' id='word_1_841' title='bbox 1890 5610 2065 5673; x_wconf 76' lang='lat' dir='ltr'><strong>eritis</strong></span> <span class='ocrx_word' id='word_1_842' title='bbox 2086 5609 2243 5669; x_wconf 80' lang='lat' dir='ltr'><strong>sicut</strong></span> <span class='ocrx_word' id='word_1_843' title='bbox 2263 5608 2355 5669; x_wconf 81' lang='lat' dir='ltr'><strong>dii</strong></span> <span class='ocrx_word' id='word_1_844' title='bbox 2377 5605 2573 5689; x_wconf 73' lang='grc' dir='ltr'><strong>³⁸,1ιοε</strong></span> <span class='ocrx_word' id='word_1_845' title='bbox 2594 5611 2871 5685; x_wconf 88' lang='lat' dir='ltr'><strong>est,sicut</strong></span> <span class='ocrx_word' id='word_1_846' title='bbox 2894 5610 2957 5672; x_wconf 91' lang='lat' dir='ltr'><strong>hi</strong></span> <span class='ocrx_word' id='word_1_847' title='bbox 2978 5610 3079 5691; x_wconf 90' lang='lat' dir='ltr'><strong>qui</strong></span> <span class='ocrx_word' id='word_1_848' title='bbox 3104 5610 3408 5677; x_wconf 88' lang='lat' dir='ltr'><strong>hominem</strong></span> <span class='ocrx_word' id='word_1_849' title='bbox 3440 5613 3534 5675; x_wconf 92' lang='lat' dir='ltr'><strong>fe-</strong></span> 
     </span>
    </p>
   </div>
   <div class='ocr_carea' id='block_1_113' title="bbox 227 5825 670 5901">
    <p class='ocr_par' dir='ltr' id='par_1_113' title="bbox 227 5825 670 5901">
     <span class='ocr_line' id='line_1_114' title="bbox 227 5825 670 5901; baseline 0 -11"><span class='ocrx_word' id='word_1_850' title='bbox 227 5825 277 5869; x_wconf 78' lang='grc'><strong>³⁸</strong></span> <span class='ocrx_word' id='word_1_851' title='bbox 306 5825 459 5890; x_wconf 88' lang='lat' dir='ltr'><strong>Gen.</strong></span> <span class='ocrx_word' id='word_1_852' title='bbox 492 5843 583 5901; x_wconf 87' lang='lat' dir='ltr'><strong>III,</strong></span> <span class='ocrx_word' id='word_1_853' title='bbox 610 5828 670 5890; x_wconf 83' lang='lat'><strong>5.</strong></span> 
     </span>
    </p>
   </div>
  </div>
