2028 3176
222 189 296 222 1267

633 192 663 223 8.
687 192 905 224 CLEMENTIS
926 193 937 224 Ι
959 192 1051 224 ROM.
1073 192 1185 223 PONT.
1209 191 1333 223 OPERA
1355 191 1483 222 DUBlA.

1836 187 1921 222 1268

182 255 186 260 ’
220 267 301 290 cere.
318 259 426 291 Postea
439 259 520 290 enim
537 268 625 298 quam
641 263 798 299 gustavere
812 259 850 291 de
865 259 959 301 ligno,
976 259 1069 298 ipseA
1083 257 1160 298 quod
1177 258 1266 290 etiam
1283 258 1308 289 si
1326 257 1409 289 multi
1421 262 1492 289 sunt
1508 257 1562 295 dii,
1585 260 1618 288 ut
1641 257 1728 296 dicis,
1744 256 1929 289 Iudaeorum

220 305 301 335 Deus
315 307 439 335 testatur
450 303 554 335 dicens
570 304 607 335 ad
624 304 758 344 reliquos
766 304 849 336 deos:
863 305 940 336 Ecce
952 305 1045 335 Adam

220 348 319 387 factus
332 351 377 379 est
390 349 470 379 sicut
484 357 564 380 unus
578 358 618 380 ea:
630 348 716 380 nobis
726 347 764 380 ³⁸.
784 349 833 379 Sic
845 358 915 387 ergo
932 351 1047 379 constat

222 392 333 424 multos
348 402 414 424 esse
429 393 503 424 deos
518 394 566 434 qui
592 394 743 425 hominem
759 393 898 431 iecerint,
925 394 994 433 quia
1018 397 1048 424 et

222 437 309 469 initio
321 438 360 469 ita
370 438 567 469 dicitDeusad
581 445 704 470 caeteros
713 439 802 470 deos:
813 438 980 470 Faciamus
989 439 1044 469 Iza—

224 482 336 514 minem
351 483 391 514 ad
402 483 568 523 imaginem
580 485 608 515 el
617 483 850 516 similitudinem
859 487 996 515 nostram
1006 482 1043 513 ³ο.

226 528 284 560 Sed
302 532 331 559 et
344 528 423 568 quod
439 528 496 559 ait:
510 529 678 568 Ejiciamus
686 538 753 561 cum
761 528 786 550 ⁴¹
796 528 869 568 (73).
881 528 916 559 Et
925 528 1045 559 iterum:

230 573 333 604 Venite
346 573 553 605 descendentes
568 574 791 614 confundamus
809 573 933 614 linguas
945 581 1048 603 eorum

226 617 263 649 ⁸⁸.
277 618 384 650 Omnia
400 618 463 649 htec
475 618 583 649 mullos
603 628 668 650 esse
685 618 818 649 indicant
832 618 905 649 deos
934 617 991 649 Sed
1021 618 1050 647 et

226 663 299 696 illud
313 664 455 703 scriptum
475 667 520 694 est
535 673 542 694 :
563 663 639 695 Deos
653 672 715 695 non
725 663 904 700 maledices,
920 667 947 694 et
968 663 1047 699 prin.

226 710 322 749 cipem
337 708 441 748 populi
453 709 498 739 tui
507 717 567 739 non
577 708 737 740 maledice;
746 707 784 738 ιδ.
797 708 958 739 Etrursuin
968 707 1047 748 quod

226 753 369 793 scriptum
382 756 427 783 est
445 764 451 783 :
468 754 619 785 Dominus
628 753 708 785 solus
719 754 848 785 ducebat
867 761 924 788 eos,
941 756 969 783 et
984 761 1048 783 non

226 802 292 830 erat
306 806 373 829 cum
385 797 449 830 illis
465 799 546 830 Deus
561 798 677 830 alienus
690 797 729 839 “,
743 797 850 829 multos
862 806 928 828 esse
944 802 1047 828 osten-

227 843 271 874 dit
284 843 366 875 deos.
382 842 456 874 Sunt
465 847 495 874 et
505 842 561 874 alia
572 843 700 884 plurima
713 852 779 882 qute
791 843 915 883 prolerri
925 846 1049 883 possunt

227 897 263 919 ex
278 888 344 927 lege
360 887 541 925 testimonia,
560 897 619 919 non
636 888 732 919 solum
748 887 935 923 obscuriora,
953 887 1004 918 sed
1022 891 1051 917 et

228 931 396 972 manifesta,
412 932 520 972 quibus
543 932 628 963 multi
653 942 720 964 esse
746 932 910 963 doceantur
924 932 976 963 dii.
1008 932 1050 963 Ex

227 976 336 1018 quibus
351 986 441 1014 unus,
457 981 488 1007 ut
516 977 685 1008 Judazorum
717 977 827 1018 populo
852 976 932 1007 Deus
959 981 1049 1016 esset,

229 1026 309 1053 sorte
319 1021 433 1053 electus
446 1027 502 1054 est.
515 1022 576 1061 Ego
589 1026 687 1053 autem
702 1032 760 1054 non
777 1022 855 1053 hunc
870 1030 983 1061 assero,
1000 1021 1051 1053 sed

229 1066 313 1097 illum
331 1066 383 1106 qui
401 1067 488 1097 etiam
509 1067 600 1106 hujus
620 1067 700 1098 Deus
724 1072 780 1108 est,
797 1076 885 1107 quem
914 1076 969 1097 nec
996 1066 1053 1106 ipsi

229 1111 350 1153 quidem
365 1111 459 1143 Judaei
473 1116 592 1143 norunt.
611 1111 713 1153 Neque
744 1112 823 1143 enim
851 1111 984 1151 ipsorum
1009 1114 1054 1142 est

228 1156 319 1192 Deus,
340 1155 393 1187 sed
410 1165 512 1187 eorum
529 1157 579 1196 qui
590 1157 762 1197 agnoverint
777 1166 857 1187 eum.

269 1201 332 1233 XL.
348 1199 400 1231 llis
412 1201 522 1232 auditis
537 1201 641 1232 Petrus
654 1212 661 1233 :
674 1200 768 1241 Nihil,
785 1200 894 1240 inquit,
924 1201 1054 1231 verearis

232 1246 335 1278 Simon
352 1255 360 1286 ;
376 1253 445 1277 ecce
461 1246 541 1277 enim
552 1255 650 1287 neque
666 1255 753 1277 aures
763 1245 943 1280 clausimus;
961 1255 1057 1285 neque

230 1290 370 1329 fugimus,
390 1289 442 1320 sed
458 1290 495 1321 ad
510 1299 546 1321 ea
557 1300 622 1331 quae
635 1291 710 1322 falso
726 1293 900 1330 prosecutus
914 1298 957 1326 es,
975 1289 1055 1320 veri-

232 1335 298 1366 tatis
310 1334 501 1365 sermonibus
511 1337 745 1375 respondemus,
762 1335 835 1366 illud
853 1335 948 1375 primo
973 1344 1057 1365 asse-

232 1383 346 1416 rentes,
362 1378 432 1418 quia
447 1388 524 1410 unus
538 1384 583 1411 est
597 1380 689 1420 Deus,
714 1380 762 1411 hic
788 1379 853 1420 ipse
873 1379 1054 1416 Iudaeorum,

232 1423 283 1464 qui
298 1427 342 1454 est
357 1423 437 1454 solus
452 1423 541 1465 Deus,
555 1424 622 1455 caeli
637 1428 755 1456 creator
769 1434 803 1454 ac
826 1428 922 1460 teme,
951 1424 1002 1464 qui
1027 1429 1056 1456 et

234 1462 366 1500 omnium
374 1467 464 1499 etiam
476 1462 553 1507 quos
564 1468 639 1500 dicis
647 1469 771 1500 deorum
786 1468 864 1499 Deus
874 1473 930 1500 est.
942 1462 972 1500 Si
987 1478 1056 1508 ergo
1066 1462 1085 1487 ο

233 1512 395 1544 ostendero
406 1513 520 1544 nullum
532 1522 598 1544 esse
613 1514 670 1544 hoc
680 1514 878 1554 superiorem,
892 1514 944 1545 sed
961 1514 1056 1554 ipsum

233 1565 300 1589 esse
311 1566 402 1597 super
415 1558 527 1597 omnia,
543 1557 685 1589 fateberis
714 1567 847 1589 errorem
880 1563 960 1589 tuum
991 1568 1058 1590 esse

233 1610 324 1642 super
338 1601 448 1633 omnia.
479 1603 516 1634 Et
542 1602 672 1635 Simon:
705 1602 783 1639 Quid
821 1603 914 1641 enim,
945 1603 1055 1642 inquit,

233 1646 351 1677 etiamsi
363 1655 417 1687 ego
433 1647 525 1678 nolim
536 1646 634 1687 fateri,
662 1647 712 1688 qui
728 1647 870 1679 assistunt
892 1648 1054 1688 auditores,

235 1699 335 1722 nonne
342 1695 466 1731 arguent
473 1700 521 1723 me
529 1691 678 1723 nolentem
690 1701 828 1732 quaevera
834 1697 901 1723 sunt
908 1694 1055 1733 proﬁteri?

274 1734 348 1767 XLI.
362 1735 501 1767 Ausculta
512 1745 595 1777 ergo,
606 1736 647 1768 ait
661 1737 779 1777 Petrus,
798 1741 830 1768 ut
844 1737 920 1768 scias
946 1739 1052 1778 primo,

1090 304 1151 336 Deo
1173 303 1285 334 subditi
1301 307 1381 344 sunt,
1398 303 1445 334 cui
1473 312 1572 344 neque
1595 302 1716 344 aequalis
1744 303 1931 343 quisquam,

1088 357 1187 387 neque
1203 348 1298 389 major
1313 357 1380 379 esse
1396 351 1513 388 potest;
1526 348 1671 388 scriptum
1685 353 1729 379 est
1741 347 1930 388 euim,quod

1088 393 1128 424 ita
1143 392 1221 424 dicat
1235 395 1271 424 ad
1286 392 1407 424 Judaeos
1434 394 1550 433 Moyses
1577 393 1742 433 propheta:
1768 393 1932 425 Dominus

1091 438 1171 470 Deus
1180 438 1329 470 vesterhic
1340 442 1384 468 est
1396 437 1474 469 Deus
1486 438 1652 475 deorum,et
1663 437 1812 469 Dominus
1819 437 1931 468 domi-

1087 492 1212 519 norum,
1230 483 1312 514 Deus
1322 491 1453 522 magnus
1463 481 1501 514 ⁸⁵.
1514 484 1557 514 lta
1565 483 1680 514 etiamsi
1695 483 1778 514 multi
1791 487 1868 514 sunt
1879 484 1933 522 qui

1089 528 1229 560 dicuntur
1243 527 1296 565 dii,
1310 536 1387 558 unus
1402 534 1449 558 est
1474 531 1574 558 tamen
1589 528 1722 558 omnium
1748 527 1932 559 Iudaeorum

1090 575 1182 613 Deus,
1198 572 1248 613 qui
1272 577 1301 604 et
1315 573 1440 603 deorum
1457 571 1537 604 Deus
1548 573 1646 604 dictus
1654 577 1711 603 est.
1727 572 1832 611 Neque
1845 572 1932 602 enim

1091 617 1263 657 quicunque
1278 616 1375 648 dictus
1389 616 1479 648 luerit
1495 617 1583 652 Deus,
1601 618 1743 648 continuo
1769 616 1857 648 Deus
1872 620 1932 646 est.

1094 661 1235 702 Denique
1257 665 1286 692 et
1310 661 1423 701 Moyses
1438 662 1512 692 deus
1526 662 1633 693 dicitur
1656 660 1876 694 Pharaonis“.
1904 663 1935 690 et

1091 711 1211 738 certum
1227 712 1271 738 est
1287 715 1354 737 eum
1368 707 1519 738 hominem
1534 707 1625 738 luisse
1646 707 1805 747 Etjudires
1821 706 1869 736 dii
1882 715 1935 745 ap-

1090 751 1191 792 pellati
1216 755 1296 791 sunt,
1314 756 1342 782 et
1359 755 1476 783 constat
1492 761 1544 783 eos
1560 752 1651 783 fuisse
1665 750 1933 782 mortales.Simu-

1091 796 1170 827 lacra
1185 805 1304 836 quoque
1319 796 1451 835 gentium
1469 796 1510 826 dii
1531 797 1729 836 appellantur,
1762 799 1793 826 et
1820 804 1934 826 omnes

1091 841 1216 877 scimus,
1234 842 1303 881 quia
1318 850 1376 871 non
1390 845 1470 877 sunt,
1488 842 1542 873 sed
1559 842 1660 882 impiis
1672 841 1756 881 quasi
1770 850 1827 881 pro
1843 848 1936 880 pazua

1093 886 1152 917 hoc
1165 885 1266 916 datum
1283 889 1341 923 est,
1356 890 1387 916 ut
1413 886 1485 924 quia
1502 896 1604 917 verum
1619 886 1712 917 Deum
1742 893 1936 925 cognoscere

1096 931 1274 970 noluerunt,
1290 940 1478 971 quacunque
1493 931 1536 962 eis
1546 931 1640 962 forma
1653 936 1680 962 et
1695 931 1793 969 imago
1821 939 1936 960 occur-

1093 977 1193 1011 risset,
1211 976 1374 1008 haberetur
1388 977 1425 1007 ab
1443 977 1487 1008 eis
1516 977 1605 1009 Deus.
1622 977 1768 1014 Quoniam
1783 976 1813 998 ‘7
1828 977 1934 1015 unius,

1094 1026 1125 1053 ut
1143 1022 1215 1062 dixi,
1233 1025 1283 1062 qui
1300 1026 1345 1053 est
1358 1022 1491 1053 omnium
1508 1023 1600 1059 Deus,
1627 1022 1811 1060 agnitionem
1835 1020 1936 1051 susci-

1096 1076 1168 1106 pere
1190 1071 1379 1103 recusarunt,
1403 1067 1471 1097 ideo
1497 1076 1568 1107 ergo
1592 1066 1768 1097 conceditur
1788 1067 1839 1097 eis
1866 1065 1936 1107 illos

1094 1113 1207 1144 habere
1223 1112 1306 1143 deos.
1341 1113 1391 1153 qui
1421 1106 1561 1153 praestare
1587 1111 1830 1152 supplicantibus
1856 1106 1935 1141 nihil

1096 1162 1231 1197 possunt.
1248 1156 1323 1193 Quid
1341 1157 1421 1188 enim
1436 1162 1485 1188 aut
1501 1158 1639 1188 exanima
1664 1157 1829 1188 simulacra
1860 1164 1936 1186 con-

1098 1202 1176 1233 ferre
1187 1202 1359 1233 hominibus
1370 1207 1480 1242 queant
1495 1208 1545 1234 aut
1561 1202 1735 1239 animantia,
1747 1211 1819 1232 cum
1833 1206 1935 1242 pote?

1100 1252 1143 1278 tas
1156 1247 1289 1278 omnium
1306 1247 1384 1288 apud
1401 1257 1493 1278 unum
1507 1247 1544 1277 sit
1560 1248 1573 1278 ?

1139 1292 1229 1323 XLII.
1247 1291 1353 1322 Tribus
1369 1292 1460 1331 igitur
1475 1291 1571 1323 modis
1585 1292 1665 1323 Deus
1675 1291 1744 1332 quis
1753 1291 1935 1330 dicitur,vel

1099 1337 1167 1377 quia
1178 1345 1250 1368 vere
1266 1341 1323 1375 est,
1335 1337 1380 1367 vel
1395 1337 1464 1377 quia
1481 1337 1507 1367 ei
1521 1337 1570 1376 qui
1581 1346 1647 1367 vere
1659 1341 1716 1376 est,
1734 1336 1937 1372 ministrat,et

1099 1382 1136 1413 ob
1153 1382 1296 1412 honorem
1316 1381 1472 1419 mittentis,
1485 1386 1516 1412 ut
1529 1382 1615 1421 plena
1626 1381 1664 1411 sit
1675 1382 1740 1420 ejus
1752 1381 1933 1417 auctoritas,

1099 1427 1154 1457 hoc
1170 1425 1280 1458 dicitur
1297 1426 1353 1457 iste
1373 1426 1424 1466 qui
1441 1426 1548 1456 missus
1564 1430 1619 1463 est,
1637 1425 1716 1465 quod
1744 1431 1789 1456 est
1812 1425 1865 1456 ille
1882 1424 1936 1464 qui

1099 1471 1191 1511 misit,
1208 1475 1241 1501 ut
1252 1480 1330 1511 saepe
1345 1470 1452 1501 factum
1469 1476 1513 1501 est
1547 1471 1585 1501 de
1608 1470 1731 1509 angelis,
1750 1470 1800 1509 qui
1834 1474 1935 1500 tamen

1099 1525 1169 1547 cum
1183 1515 1377 1556 apparuerint
1393 1515 1508 1546 homini
1519 1515 1557 1556 ⁸⁸,
1573 1515 1598 1547 si
1614 1516 1651 1546 sit
1664 1514 1795 1555 prudens
1810 1519 1840 1545 et
1860 1524 1936 1545 eru-

1099 1561 1179 1592 ditus
1190 1561 1246 1600 vir,
1265 1560 1427 1600 interrogat
1442 1561 1508 1600 ejus
1534 1561 1583 1601 qui
1606 1559 1745 1601 apparuit
1760 1568 1888 1596 nomen,
1905 1563 1938 1589 ut

1099 1605 1189 1637 simul
1205 1610 1235 1636 et
1252 1604 1397 1636 honorem
1411 1605 1493 1635 missi
1510 1611 1539 1636 et
1555 1606 1759 1636 auctoritatem
1787 1604 1939 1635 mittentis

1102 1655 1254 1690 agnoscat.
1273 1649 1324 1681 Est
1346 1650 1425 1680 enim
1457 1650 1692 1690 uniuscujusque
1717 1650 1814 1688 gentis
1839 1658 1938 1689 ange-

1097 1695 1143 1726 lus
1162 1695 1239 1736 (74),
1256 1695 1305 1725 cui
1322 1695 1438 1726 credita
1454 1699 1500 1726 est
1513 1695 1609 1734 gentis
1629 1695 1723 1734 ipsius
1745 1694 1937 1733 dispensatio

1096 1750 1113 1771 a
1128 1740 1200 1778 Deo,
1217 1740 1269 1780 qui
1282 1744 1380 1770 tamen
1397 1749 1463 1772 cum
1471 1740 1795 1780 apparuerit,quamvis
1810 1743 1939 1779 putetur

277 1788 461 1821 8‘Hbidﬂﬂ.
504 1788 658 1828 “Genu,
674 1790 724 1822 ‘26.
768 1789 793 1812 “
819 1790 895 1822 Gen.
919 1800 962 1826 in.
988 1792 1038 1824 2?.

1104 1794 1108 1815 ε
1123 1794 1198 1825 Gen.
1216 1802 1254 1829 xx,
1270 1794 1303 1825 7.
1345 1792 1372 1815 ⁸³
1387 1793 1480 1824 Exod.
1501 1802 1571 1828 χχιι,
1598 1793 1648 1824 98.
1690 1791 1719 1814 “
1732 1793 1822 1824 Deut.
1839 1799 1937 1827 “In.

239 1830 290 1862 12.
334 1828 360 1851 ⁸⁵
375 1830 508 1862 Deut.x.
524 1830 572 1861 l7.
615 1829 749 1862 “Exod.
767 1839 820 1866 vn,
841 1834 867 1862 1.
911 1832 941 1856 47

958 1831 1110 1870 Quoniam
1125 1851 1164 1856 —
1178 1835 1261 1873 apud
1277 1843 1368 1864 unum
1386 1838 1423 1864 sd
1438 1835 1542 1863 desunt
1569 1835 1597 1863 in
1614 1839 1740 1872 utroque
1763 1833 1833 1863 cod.
1853 1833 1935 1873 Lips.

237 1870 374 1903 “Codd.
386 1869 483 1910 Lipss.
499 1880 506 1901 :
524 1870 577 1911 qui
593 1874 694 1903 tamen
708 1880 885 1911 apparuere
898 1872 1071 1905 hominibus
1083 1874 1144 1906 Sed
1158 1878 1186 1906 et
1199 1869 1312 1910 sancti,
1331 1879 1388 1904 etc.
1408 1874 1532 1912 Reliqua
1549 1874 1666 1904 desunt.

900 1924 1105 1959 COTELERII
1126 1926 1247 1960 NOTIE.

280 1976 342 2019 (73)
351 1977 626 2019 _Ejiciamuseum.
637 1977 1057 2019 Clementia.m.39;Epitom.

239 2018 289 2050 37.
300 2016 473 2058 Cedrenip.
486 2018 556 2058 171,
569 2019 585 2047 ι.
599 2018 752 2049 20.Facile
764 2018 835 2048 mihi
846 2016 1061 2058 persuaserim,

238 2057 370 2099 additum
384 2057 413 2088 id
429 2057 593 2099 fuisseloco
602 2058 711 2099 Genes.
722 2066 766 2098 11,.
780 2057 872 2097 22,01.
884 2059 1061 2099 pendentem

239 2097 521 2129 sententiamzNunc
531 2107 586 2137 ego
595 2107 633 2130 ne
634 2097 822 2137 farteniittat
829 2097 951 2131 manum
960 2109 1061 2138 etiam,

239 2142 267 2169 et
276 2141 382 2169 sumat
390 2139 482 2168 etiam
490 2138 527 2169 de
536 2138 618 2177 ligno
627 2139 741 2173 vitam
749 2140 928 2174 romedat,et
938 2141 1021 2172 vivat
1030 2142 1064 2172 in

239 2177 504 2219 almum.Simite
517 2179 627 2219 quippe
640 2178 871 2209 additamentum
882 2189 947 2210 com
954 2181 1059 2219 plecti-

240 2222 289 2249 tur
301 2217 399 2258 versio
414 2217 541 2249 Arabica
557 2226 563 2249 :
582 2217 703 2258 Oportet
714 2222 749 2249 ut
766 2223 855 2250 exeat
866 2228 905 2250 ea:
921 2217 1017 2252 horto.

282 2258 344 2297 (74)
360 2257 415 2288 Est
424 2258 505 2300 enim
517 2259 757 2300 uniuscuiusque
764 2260 864 2298 gentis
874 2261 998 2300 angelus
1015 2260 1060 2293 Ad

240 2298 303 2339 haec
317 2301 347 2339 et
362 2298 518 2339 sequentia
533 2297 693 2339 observare
707 2297 824 2338 oportet
840 2309 899 2330 non
915 2297 1019 2339 pauca.
1036 2302 1058 2332 l.

240 2337 326 2375 Quod
342 2338 442 2378 angeli
459 2339 585 2379 ἑθνάρχαι
600 2338 648 2369 hic
670 2337 807 2369 dicantur
821 2337 923 2379 angeli
933 2340 1014 2374 boni.
1033 2348 1063 2371 et

240 2379 293 2419 lib.
306 2386 370 2415 vin,
380 2379 488 2419 (παίζω
498 2404 506 2418 ,
515 2379 567 2416 55,
576 2379 674 2418 angeli
685 2379 797 2410 maliid
808 2389 874 2410 esse
883 2389 917 2410 ex
928 2381 1063 2412 doctrina

240 2418 379 2461 Origenis
391 2418 666 2461 etHieronymi,qui
675 2419 965 2461 gentibusutrosque
976 2431 1064 2461 ange-

241 2459 285 2490 los
294 2464 481 2500 praeponunt.
494 2458 581 2500 Certe
591 2458 701 2490 teitum
715 2458 1063 2500 LXX,Deuleron.xxiu,

240 2500 260 2541 8
272 2509 285 2541 ;Δ
296 2498 369 2541 fore
378 2498 522 2541 διεμέριζεν
533 2501 547 2528 ὸ
560 2499 699 2541 ξ’Υψιστος
711 2499 825 2541 Emi);
840 2500 985 2541 διέσπειρεν
994 2498 1064 2534 uiuite

241 2538 339 2580 ’ᾼδάω
356 2538 466 2580 Euenus
481 2540 540 2580 δόρη
557 2540 637 2569 ἐθνῶν
653 2540 721 2569 κατὰ
728 2540 838 2579 ἀριθμὸν
853 2538 974 2580 angit)».
986 2546 1062 2570 Θεοῦ·

241 2579 371 2618 Quando
376 2579 530 2621 dividebat
537 2579 706 2612 Altissimus
715 2582 957 2621 gentes,quanilo
969 2582 1066 2614 disse-

240 2621 372 2651 minavit
384 2621 468 2657 ﬁlios
482 2620 579 2656 Adae;
596 2622 752 2652 constituit
766 2622 912 2652 terminos
928 2622 1067 2660 gentium

238 2660 403 2702 secundum
414 2669 572 2702 numerum
585 2661 763 2702 angelorum
780 2661 836 2692 Dei
856 2669 864 2698 ;
879 2661 915 2692 ad
931 2671 1019 2702 quem
1036 2662 1067 2693 in

240 2700 409 2742 hocgcapite
423 2700 594 2742 respicitur,
625 2701 772 2742 Maximus
800 2700 949 2742 enarrans
966 2711 1032 2742 cap.
1048 2703 1067 2735 9

241 2740 377 2782 Celestis
391 2740 656 2782 literas-chimcum
667 2741 733 2772 aliis
746 2741 880 2781 pluribus
892 2751 926 2772 ex
931 2740 1020 2782 plicat
1030 2743 1069 2774 de

242 2781 354 2822 sanctis
365 2780 479 2822 angelis
496 2786 621 2818 ;auctor
638 2791 707 2812 vero
722 2780 831 2822 operis
852 2780 1020 2822 imperfecti
1034 2784 1067 2814 in

240 2820 420 2862 lllatthreum
430 2821 466 2852 ad
482 2830 548 2861 cap.
564 2830 647 2862 xxrv,
658 2820 789 2858 νει-είς),
801 2830 854 2852 seu
876 2820 1000 2854 humilia
1014 2823 1064 2861 48,

240 2861 283 2904 De
298 2861 520 2904 malignis;_nec
531 2863 657 2893 multum
669 2862 786 2904 diverse
796 2861 923 2904 [latinus
938 2863 1067 2904 Exposi-

239 2901 320 2932 tione
333 2901 366 2931 in
379 2901 552 2942 Symbolum
568 2902 784 2942 apostolorum.
815 2901 852 2934 ll.
871 2903 914 2934 De
933 2901 995 2935 uti
1013 2913 1065 2935 seu

237 2948 317 2973 Lxxu
328 2940 507 2985 nationibus
520 2941 572 2980 (de
582 2940 692 2985 quibus
707 2941 806 2985 Horas
834 2942 1008 2985 Apolloﬁlib.
1029 2953 1064 2985 VI,

239 2988 305 3026 cap.
326 2980 586 3026 “Lm-ﬁdemque
596 2981 711 3026 angelis
726 2980 886 3026 pralectis,
900 2987 929 3014 et
941 2980 1063 3026 linguis,

241 3019 358 3053 veteres
371 3019 555 3052 Christianos
565 3025 595 3053 et
603 3019 912 3055 Ju'dssoiconsentiro
928 3034 936 3054 :
960 3019 1065 3057 Picis;

1105 1990 1174 2011 num
1185 1985 1281 2011 tamen
1291 1982 1414 2019 epistola
1427 1981 1443 2012 ‘2
1455 1982 1603 2011 adversus
1615 1981 1938 2019 Novatianos.ponere

1104 2021 1219 2059 linguas
1233 2022 1404 2057 cxx,nisisrt
1415 2022 1640 2052 rescribendum
1654 2029 1744 2058 parva
1755 2020 1936 2058 mutatione,

1104 2070 1159 2092 Lxx
1177 2061 1315 2100 Euphoro
1326 2062 1484 2097 autem,vel
1498 2062 1615 2101 Ephoro
1630 2061 1757 2099 aliisque
1768 2060 1875 2090 multis
1887 2061 1937 2092 hi-

1105 2103 1221 2132 storicis
1236 2103 1311 2141 apud
1330 2102 1511 2132 Clementem
1529 2101 1901 2141 AlexandrinumrStrom.
1915 2109 1937 2141 t,

1076 2152 1170 2194 Dpag.
1188 2143 1258 2187 338,
1275 2147 1377 2194 gentes
1391 2147 1421 2194 Iet
1438 2143 1551 2187 linguas
1565 2151 1630 2172 esse
1656 2140 1938 2194 uxlxv.‘l‘l‘l;'l:lnum

1105 2184 1186 2212 illum
1202 2183 1425 2221 inarcliangelis
1439 2183 1610 2216 maximum,
1622 2181 1668 2212 cui
1678 2182 1744 2211 data
1756 2182 1793 2212 sit
1806 2181 1936 2221 dispen-

1103 2224 1281 2261 Saltopnpt.“
1302 2224 1364 2261 Dei,
1384 2223 1474 2253 videri
1493 2232 1559 2253 esse
1570 2222 1759 2261 Michaeleui;
1776 2231 1812 2251 es
1827 2221 1938 2253 Danie-

1104 2264 1139 2292 lis
1156 2273 1182 2297 χ,
1202 2265 1244 2298 13,
1262 2264 1293 2292 2|
1314 2272 1388 2297 :xu,
1406 2267 1474 2298 l,ac
1490 2273 1523 2292 ex
1538 2263 1674 2302 Dionysio
1684 2263 1725 2292 De
1739 2261 1858 2292 cmlesli
1868 2262 1939 2293 hie-

1105 2304 1227 2333 riirr/iili
1242 2313 1305 2341 cup.
1324 2306 1353 2332 ε).
1372 2302 1401 2330 ’-λ
1421 2304 1531 2342 Μιχαὴλ
1547 2301 1730 2341 πρωέάγ-ΙΈὶΞ,
1747 2302 1852 2339 inquit
1875 2301 1935 2334 Mi-

1104 2344 1185 2374 chael
1197 2343 1347 2379 Syncellns
1365 2343 1553 2373 [mulatione
1567 2344 1597 2372 in
1609 2343 1738 2373 caelestes
1750 2342 1941 2374 virtutesﬁt

1104 2384 1131 2413 in
1142 2383 1279 2413 Oratione
1294 2384 1405 2414 Nicetm
1425 2384 1467 2413 De
1490 2384 1632 2413 laudibus
1644 2383 1803 2413 Michaelis
1815 2386 1845 2413 et
1873 2384 1941 2413 Ga-

1106 2424 1366 2456 brielis,vo('anlur
1379 2424 1433 2459 illi,
1446 2427 1493 2456 τῆς
1510 2423 1709 2463 ἀρχαγγελικῆς
1718 2423 1815 2455 τάξεως
1826 2422 1940 2463 uitia-

1106 2476 1166 2502 χαι,
1185 2466 1225 2491 καὶ
1244 2466 1329 2496 κάπης
1348 2464 1465 2501 Evr-{2740:
1494 2462 1652 2502 δτιμᾷγωγοὶ
1669 2463 1853 2502 χοροσῐισίας
1885 2462 1940 2494 Iv.

1106 2504 1202 2533 Verba
1229 2504 1318 2533 citata
1344 2513 1359 2533 e
1383 2504 1615 2534 Deuteronomio
1642 2504 1745 2534 leviter
1777 2503 1943 2541 depravata

1108 2544 1164 2582 legi
1192 2545 1218 2574 in
1243 2544 1396 2573 Virtut'ino
1421 2544 1456 2573 ad
1488 2544 1722 2583 Apocalypsiin;
1751 2541 1941 2575 Theodorito

1110 2584 1219 2614 Ha'rel.
1236 2584 1323 2620 [abut
1340 2609 1346 2619 ,
1367 2584 1406 2613 lib
1433 2593 1460 2620 ν,
1475 2582 1539 2623 cap.
1558 2585 1586 2623 7,
1599 2582 1766 2624 ῥηίδκίωο
1780 2583 1822 2613 ibi
1834 2592 1941 2624 supra.

1109 2625 1142 2653 V.
1164 2625 1297 2663 Denique
1315 2625 1465 2654 observari
1482 2622 1617 2654 meretur
1632 2623 1834 2664 fragmentum
1852 2622 1943 2664 Regii

1109 2664 1220 2694 codicis
1236 2662 1324 2703 4648,
1343 2666 1384 2694 De
1400 2664 1514 2703 linguis
1531 2668 1558 2695 et
1571 2664 1708 2702 gentibus
1734 2662 1786 2699 7%,
1804 2667 1836 2693 et
1867 2662 1942 2695 eoi-

1109 2704 1178 2734 ferri
1194 2714 1258 2735 cum
1277 2702 1418 2739 Eusebio,
1436 2702 1613 2744 Epiphanio,
1627 2704 1783 2744 Chronico?
1797 2702 1943 2744 Algals-

1109 2745 1212 2781 (ἰν-ὑπο,
1228 2745 1354 2782 Georgio
1371 2743 1518 2785 Syncello,
1532 2749 1591 2775 etc.
1609 2744 1742 2784 Subjicio
1754 2743 1846 2783 illud,
1862 2743 1942 2776 lui-

1108 2784 1163 2815 bus
1176 2786 1254 2815 vitiis
1269 2790 1436 2825 purgatum.

1108 2823 1312 2858 Κωιισταντΐῖιος
1332 2823 1362 2853 γὸ
1395 2823 1563 2865 χαρτοφύλαξ
1608 2825 1636 2853 ἐν
1664 2828 1702 2862 τῷ
1729 2824 1858 2865 {ﬁt-1311'?
1885 2826 1943 2853 εἰ*

1148 2866 1229 2912 ἁγίων
1286 2858 1413 2893 πάντωνὴ
1433 2858 1492 2897 ’τάξ
1527 2864 1567 2894 οϐ’
1624 2858 1755 2904 γλώἆσαξ
1793 2858 1942 2902 theatra.“

1148 2916 1227 2933 ουτω·

1147 2946 1285 2979 ’Ἕλληνες
1317 2945 1371 2983 ἅμα
1393 2947 1436 2974 xxi
1451 2944 1590 2984 βάρϐιροι,
1609 2943 1762 2977 Μικιδόνκ
1776 2944 1823 2973 sui
1837 2947 1941 2982 0N5:-

1106 2987 1159 3033 lsi,
1173 2987 1349 3033 Παίωνιςιχῆὶ
1365 2986 1515 3033 Ἰᾈλυριξςῂ
1532 2985 1671 3033 Ἀθηνξτοι
1690 2986 1733 3015 καὶ
1748 2984 1944 3033 Ἀρτξῐςιςιιιὶ

1107 3028 1242 3064 Λάχωνις,
1260 3028 1303 3056 καὶ
1317 3029 1340 3056 οἱ
1371 3028 1415 3056 τὸν
1437 3025 1563 3059 Εὕξιινον
1591 3026 1690 3056 πόντον

1886 3094 1904 3102 κ

1911 3137 1930 3148 >
