4056 6352
226 261 382 327 1269

1466 259 2106 327 RECOGNITIONUM
2151 262 2302 328 LIB.
2345 258 2421 326 II.

3441 253 3598 320 πετο

218 393 526 454 etdicatur
541 390 614 452 ab
631 391 1916 474 hisquibusprmest,deus,tameninterro-A
2016 397 2213 464 XLIV.
2248 399 2415 474 Quod
2443 407 2503 461 et
2529 399 2578 460 si
2609 397 2730 460 sint
2771 396 2901 478 alii,
2933 401 3001 458 ut
3027 393 3314 476 diximus,
3337 394 3442 477 qui
3488 393 3590 458 di-

218 491 390 561 gatus
415 500 530 542 non
557 481 670 542 sibi
693 481 857 542 dabit
904 483 1032 562 ipse
1081 483 1199 545 tale
1243 483 1665 548 testimonium.
1703 485 1860 550 Dens

219 572 382 634 enim
413 571 812 650 excelsus,qui
830 571 991 632 solus
1015 581 1359 653 putestatem
1383 573 1650 636 omnium
1675 584 1859 659 tenet,

219 662 282 722 in
316 660 687 740 septuaginta
709 670 766 721 et
787 660 931 722 duas
948 672 1144 741 partes
1163 663 1364 724 divisit
1379 664 1555 724 totius
1578 672 1752 728 terrm
1770 686 1864 729 na-

220 751 654 829 tiones,eisque
678 749 1230 832 principesangelos
1253 753 1747 818 statuit.Univeru
1761 756 1862 838 qui

222 840 286 900 in
308 840 686 916 archangelis
724 849 849 901 erat
901 843 1210 914 maximus,
1243 850 1402 903 sorte
1424 841 1559 903 data
1615 853 1705 906 est
1733 846 1861 907 dis-

225 929 496 1010 pensatio
529 947 759 1007 eorum,
794 929 891 1010 qui
920 949 1038 1011 prie
1072 931 1303 993 caeteris
1325 932 1602 994 omnibus
1639 935 1864 996 excelsi

227 1019 335 1083 Dei
399 1019 620 1079 cultum
668 1029 844 1100 atque
893 1021 1198 1085 scientiam
1246 1031 1623 1101 receperunt.
1660 1022 1775 1086 Sed
1809 1031 1866 1086 et

223 1108 411 1171 sancti
440 1108 738 1185 lmnines,
772 1117 832 1170 ut
860 1110 1137 1192 diximus,
1183 1110 1500 1192 impiorum
1526 1112 1868 1177 efﬁciuntur

225 1198 334 1273 dii,
369 1208 644 1278 tamquam
666 1199 764 1277 qui
791 1208 1136 1278 potestatem
1159 1199 1499 1280 acceperint
1522 1201 1581 1263 in
1617 1219 1719 1266 eos
1737 1203 1868 1266 vita

224 1306 293 1349 ac
327 1288 516 1356 necis,
545 1296 606 1348 ut
637 1288 712 1348 de
744 1285 937 1368 Moyse
958 1289 1342 1370 etjudicibus
1363 1309 1541 1368 supra
1567 1310 1866 1354 memora-

223 1379 439 1440 vimus.
459 1379 708 1456 Propter
728 1378 884 1458 quod
912 1379 1198 1460 scriptum
1219 1389 1307 1441 est
1329 1379 1402 1441 de
1425 1380 1535 1442 eis:
1568 1383 1721 1444 Deus
1743 1399 1868 1444 non

224 1465 630 1535 maledices.et
650 1468 991 1548 principem
1003 1471 1216 1550 populi
1227 1471 1318 1531 tui
1329 1487 1445 1532 non
1462 1468 1862 1534 maledicas“.

137 1615 144 1618 .
228 1555 537 1635 Principes
560 1573 700 1634 ergo
731 1556 1093 1634 singularum
1117 1565 1381 1636 gentium
1432 1559 1514 1619 dii
1557 1561 1867 1640 appellan—

229 1657 344 1706 tur.
383 1643 722 1723 Principum
757 1653 950 1704 autem
982 1645 1140 1707 Deus
1170 1646 1438 1708 Christus
1490 1657 1602 1721 est,
1649 1651 1750 1730 qui
1782 1658 1871 1712 est

229 1735 495 1795 omnium
522 1735 730 1813 judex.
769 1735 924 1796 Vere
978 1753 1119 1816 ergo
1172 1755 1364 1818 neque
1409 1739 1629 1818 angeli,
1673 1757 1869 1820 neque

229 1824 526 1900 homines,
565 1842 758 1904 neque
793 1823 908 1884 ulla
957 1835 1232 1887 creatura
1263 1827 1348 1887 dii
1408 1845 1545 1890 esse
1597 1838 1866 1906 possunt,

229 1912 450 1994 quippe
491 1912 589 1991 qui
639 1914 747 1973 sub
795 1921 1084 1990 potestate
1139 1925 1278 1976 sunt
1327 1916 1521 1996 positi,
1584 1925 1867 1998 tanquam

229 2004 415 2064 creati
448 2012 504 2063 et
535 2001 892 2074 mobiles”;
940 2005 1134 2084 angeli
1166 2007 1432 2086 quidem,
1468 2019 1534 2067 ut
1590 2007 1692 2088 qui
1750 2026 1870 2070 non

229 2093 399 2155 fuere
423 2102 478 2153 et
511 2093 649 2166 sint,
672 2092 943 2154 homines
977 2105 1175 2154 autem
1210 2103 1273 2156 ut
1321 2097 1621 2170 mortales,
1675 2097 1872 2160 omnis

229 2203 367 2243 vero
395 2192 690 2260 creatura,
719 2191 934 2262 utquze
958 2183 1106 2244 solvi
1159 2185 1364 2266 possit,
1419 2187 1524 2248 sed
1575 2204 1782 2248 revera
1822 2186 1873 2249 si

231 2274 482 2334 Solverit
511 2272 613 2332 ille
643 2271 744 2349 qui
773 2272 938 2334 fecit.
974 2271 1047 2334 Et
1075 2272 1208 2334 ideo
1231 2274 1332 2335 ille
1379 2275 1543 2338 solus
1591 2293 1762 2341 verus
1785 2284 1876 2338 est

229 2363 388 2426 Deus
416 2361 517 2442 qui
560 2380 675 2421 non
707 2361 899 2421 solum
928 2361 1056 2442 ipse
1095 2363 1252 2437 vivit,
1289 2363 1392 2424 sed
1427 2373 1485 2425 et
1513 2365 1648 2426 aliis
1695 2365 1871 2427 vitam

232 2461 487 2532 praestat,
517 2469 692 2530 quam
727 2458 785 2511 et
813 2450 1051 2513 auferre
1084 2463 1278 2533 potest
1321 2472 1454 2516 cum
1489 2455 1630 2518 vult.

311 2539 508 2604 XLIII.
547 2539 865 2618 Propterea
895 2560 1033 2620 ergo
1067 2540 1606 2624 clamatScriptura
1627 2562 1699 2607 ex
1732 2561 1872 2624 per-

232 2650 378 2694 sona
412 2631 518 2694 Dei
547 2629 912 2711 Judzeorum,
947 2641 1004 2692 et
1033 2632 1199 2693 dicit:
1241 2632 1462 2706 Videte,
1487 2634 1700 2714 videte,
1727 2651 1874 2714 qua-

230 2725 335 2784 nia
348 2740 410 2781 m-
439 2739 546 2800 ego
566 2738 692 2782 sum
705 2720 944 2792 Deus,et
964 2739 1084 2783 non
1103 2731 1187 2784 est
1209 2721 1369 2784 alius
1385 2730 1605 2800 praeter
1621 2724 1872 2804 meEgo

230 2813 585 2884 occittanz,et
607 2813 810 2872 vivere
826 2813 1080 2886 faciam;
1099 2814 1462 2892 percutiam,
1485 2822 1540 2876 et
1561 2831 1666 2891 ego
1683 2831 1871 2876 sana-

233 2905 326 2983 bo,
360 2910 420 2964 et
449 2920 566 2963 non
592 2906 678 2962 est
719 2903 826 2980 qui
851 2903 1072 2980 eripiat
1096 2902 1166 2964 de
1185 2903 1464 2965 manibus
1492 2905 1639 2966 meis
1670 2903 1746 2961 5‘.
1772 2901 1870 2966 Vi-

232 2993 374 3054 deas
390 3010 528 3070 ergo
552 2990 848 3070 quomodo
868 2989 1152 3052 inetlabili
1170 2993 1421 3071 quadam
1447 2992 1876 3074 virtuteSerip-

235 3090 366 3143 tura
397 3097 717 3142 occurrens
748 3079 963 3140 futuris
986 3081 1290 3142 erroribus
1308 3100 1512 3144 eorum
1553 3083 1653 3163 qui
1693 3083 1876 3145 alium

231 3171 442 3244 Deum,
480 3179 695 3251 praeter
718 3187 853 3230 eum
887 3169 988 3249 qui
1013 3178 1101 3231 est
1121 3171 1490 3251 Judieorum,
1512 3173 1599 3234 vel
1625 3172 1682 3233 in
1707 3173 1875 3237 cmlis

232 3280 389 3333 esse,
417 3260 506 3319 vel
539 3262 599 3319 in
634 3259 808 3320 terris
845 3259 1237 3340 afﬁrmarent,
1273 3262 1619 3340 pronuntiat
1641 3263 1870 3326 dicens:

233 3353 524 3413 Domi-nus
544 3349 699 3411 Deus
732 3357 870 3411 tuus
905 3351 1028 3430 (75)
1057 3351 1206 3411 Deus
1229 3369 1394 3412 unus
1450 3361 1557 3425 est,
1612 3351 1680 3413 in
1729 3350 1876 3413 caelo

231 3459 495 3512 sursum,
520 3449 575 3499 et
599 3441 665 3500 in
681 3447 844 3500 terra
858 3441 1165 3512 deorsum,
1190 3449 1250 3502 et
1261 3449 1484 3520 prater
1498 3444 1688 3518 ipsum
1712 3440 1876 3502 alius

232 3551 355 3594 non
378 3539 463 3594 est
489 3527 563 3590 53.
617 3529 928 3602 Quomodo
960 3547 1100 3606 ergo
1143 3549 1323 3592 ausus
1369 3549 1432 3591 es
1461 3531 1664 3593 dicere
1694 3531 1872 3591 alium

235 3639 372 3683 esse
400 3620 610 3700 Deum,
644 3630 860 3699 praeter
882 3638 1016 3680 eum
1045 3620 1144 3700 qui
1167 3621 1504 3682 Judteorum
1525 3629 1613 3682 est
1637 3617 1877 3684 Deus?”

233 3715 306 3775 Et
337 3711 551 3775 iterum
584 3709 728 3770 dicit
760 3711 1069 3790 Scriptura
1097 3731 1109 3768 :
1139 3709 1302 3773 Ecce
1351 3712 1599 3773 Domini
1646 3713 1755 3774 Dei
1785 3712 1879 3772 tui

228 3807 466 3870 caelum.
501 3807 559 3863 et
583 3798 794 3862 caelum
813 3801 968 3872 caeli,
1004 3807 1174 3861 terra
1204 3807 1262 3862 et
1283 3802 1490 3862 omnia
1523 3819 1657 3882 quae
1700 3803 1764 3862 in
1789 3800 1878 3863 eis

229 3902 399 3956 sunt.
443 3891 860 3954 Verumtamen
883 3899 1085 3969 patres
1109 3898 1245 3952 tuos
1271 3889 1450 3967 elegi,
1472 3900 1536 3951 ut
1554 3891 1876 3968 diligerem

233 4002 359 4063 eos,
385 3991 438 4044 et
466 3999 568 4044 vos
597 3990 731 4062 post
757 3981 916 4058 ipsos
933 3977 1006 4039 ⁵⁸.
1028 3978 1110 4040 Ita
1133 3997 1206 4041 ex
1224 3979 1386 4040 omni
1409 3991 1572 4060 parte
1594 3979 1664 4041 ab
1682 3981 1877 4061 Scrip-

239 4082 372 4136 tura
394 4072 660 4132 munitur
679 4070 786 4130 ista
802 4071 1121 4142 sententia,
1153 4069 1291 4150 quia
1317 4073 1446 4150 ipse
1467 4071 1566 4151 qui
1587 4071 1874 4132 mundum

239 4161 478 4234 creavit,
511 4177 686 4223 verus
717 4169 775 4221 et
801 4157 969 4222 solus
997 4170 1086 4221 est
1109 4161 1288 4222 Deus.

1943 498 2159 551 cuntur
2186 489 2288 561 dii,
2322 489 2432 551 sub
2457 495 2742 570 potestate
2766 496 2904 549 sunt
2926 485 3270 549 Iudaeorum
3295 484 3427 562 Dei,
3448 484 3596 566 quia

1944 578 2026 640 ita
2053 579 2199 641 dixit
2227 579 2537 660 Scriptura
2563 575 2806 640 Iudaeis:
2841 575 3135 638 Dominus
3163 573 3327 636 Deus
3351 579 3590 650 noster,

1947 669 2046 730 hic
2071 675 2160 728 est
2183 667 2339 731 Deus
2365 667 2640 741 deorum,
2669 671 2728 728 et
2775 665 3067 727 Dominus
3098 663 3480 725 dominorum
3511 661 3593 729 ⁸⁵.

1941 754 2114 819 Hunc
2140 757 2316 819 etiam
2370 757 2564 818 solum
2624 753 2941 816 colendum
2993 763 3198 814 monet
3255 750 3592 832 Scriptura,

1942 845 2150 908 dicens
2185 868 2200 910 :
2237 846 2560 909 Dominum
2595 845 2787 906 Deum
2818 849 2991 905 tuum
3045 840 3361 920 adorabis,
3394 847 3451 904 et
3497 839 3596 904 illi

1941 935 2058 998 soli
2083 937 2310 998 servies
2331 933 2406 998 ⁵⁸.
2440 932 2546 996 Et:
2580 931 2746 996 Audi
2777 930 2997 1011 Israel,
3047 929 3354 993 Dominus
3411 929 3597 1005 Deus,

1947 1032 2084 1088 tuus
2108 1025 2272 1088 Deus
2293 1042 2455 1088 unus
2483 1030 2570 1086 est
2601 1021 2678 1082 ⁵⁷.
2713 1020 2987 1102 Denique
3016 1028 3079 1081 et
3119 1019 3309 1081 sancti
3367 1016 3596 1098 Spiritu

1948 1114 2054 1177 Dei
2083 1115 2318 1194 repleti,
2345 1113 2596 1193 etguttis
2619 1109 3044 1174 misericordia:
3067 1109 3202 1189 ejus
3224 1109 3467 1172 irrorati
3486 1128 3596 1172 ex-

1949 1203 2303 1279 clamabant,
2337 1203 2642 1265 dicentes:
2678 1199 2803 1278 Qui
2822 1197 3050 1262 similis
3070 1198 3184 1261 tibi
3203 1199 3273 1260 in
3301 1197 3447 1280 diis,
3480 1199 3601 1264 Do-

1947 1297 2135 1375 mine,
2155 1298 2294 1375 quis
2317 1291 2536 1356 simiiis
2559 1292 2670 1354 tibi
2689 1289 2775 1354 53?
2804 1291 2880 1353 Et
2903 1289 3120 1352 iterum
3152 1308 3169 1348 :
3221 1286 3380 1364 Quis
3438 1291 3598 1353 Deus

1946 1391 2182 1463 praeter
2217 1385 2564 1463 Dominum,
2591 1388 2653 1445 et
2671 1381 2810 1462 quis
2837 1381 2996 1443 Deus
3017 1384 3246 1460 praeter
3262 1377 3598 1442 Dominum

1949 1482 2226 1536 nostrum
2247 1472 2329 1536 59?
2360 1472 2565 1554 Itaque
2595 1472 2830 1550 Moyses
2861 1468 2964 1530 ubi
2996 1467 3288 1549 proﬁcere
3312 1467 3598 1548 populum

1893 1605 1930 1656 Β
1950 1563 2117 1656 vidit,
2149 1561 2425 1656 paulatim
2457 1577 2559 1656 eos
2586 1558 2679 1656 ad
2699 1557 3168 1656 intelligentiam
3203 1557 3592 1656 monarch‘ize,

1952 1661 2010 1712 et
2039 1651 2216 1712 ﬁdem
2250 1651 2353 1712 Dei
2375 1649 2554 1712 unius
2583 1647 2854 1722 initiavit,
2888 1646 3043 1710 utin
3093 1645 3600 1727 consequentibus

1951 1740 2126 1804 dicit:
2150 1740 2415 1802 Nomina
2437 1739 2692 1802 deorum
2711 1737 2984 1799 aliorum
3007 1752 3130 1798 non
3148 1753 3598 1799 commemora-

1953 1828 2043 1892 bis
2071 1829 2145 1902 6°,
2181 1829 2536 1892 recordatus
2561 1828 2693 1889 sine
2720 1826 2928 1898 dubio,
2954 1825 3112 1906 quali
3150 1844 3322 1906 paena
3352 1825 3600 1888 damna-
3642 1873 3650 1880 .

1953 1920 2140 1981 tussit
2167 1937 2439 1999 serpens,
2470 1918 2571 2000 qui
2605 1917 2835 1996 primus
2860 1914 3313 1976 nominaverant
3347 1915 3493 1977 deos
3515 1912 3600 1979 σί.

1955 2007 2201 2071 Terram
2237 2009 2499 2090 denique
2531 2006 2853 2070 comedere
2905 2003 3363 2079 condemnatur,
3395 2015 3455 2066 et
3500 2002 3602 2067 tali

1954 2099 2087 2160 cibo
2119 2095 2736 2176 dignusjudicaturob
2752 2095 2834 2169 id,
2863 2093 3018 2175 quod
3045 2094 3303 2173 primum
3329 2093 3602 2156 omnium

1955 2188 2420 2268 appellationum
2474 2188 2728 2249 deorum
2787 2182 3114 2246 introduxit
3165 2186 3223 2244 in
3283 2184 3598 2250 mundum.

1956 2276 2122 2350 Quod
2155 2277 2205 2338 si
2238 2289 2298 2339 et
2331 2285 2390 2338 tu
2417 2275 2634 2336 multos
2665 2275 2810 2336 deos
2832 2274 2919 2334 vis
2938 2270 3346 2348 introducere,
3372 2271 3504 2335 vide
3524 2290 3603 2337 ne

1956 2366 2179 2430 exitum
2214 2366 2513 2446 serpentis
2542 2364 2799 2426 similem
2830 2361 3121 2425 sortiaris.

2038 2455 2210 2520 XLV.
2245 2457 2458 2520 Certus
2487 2463 2682 2518 autem
2711 2461 2860 2527 esto,
2895 2451 3056 2534 quod
3089 2469 3198 2514 nos
3253 2451 3437 2533 hujus
3473 2452 3604 2516 ausi

1957 2549 2148 2608 socios
2180 2566 2296 2609 non
2319 2545 2592 2619 habebis,
2618 2561 2727 2606 nec
2758 2542 2956 2622 decipi
2990 2560 3102 2603 nos
3135 2541 3437 2621 patiemur
3488 2541 3598 2605 abs

1956 2644 2036 2698 te.
2062 2635 2267 2718 Neque
2291 2636 2452 2698 enim
2487 2633 2754 2715 proderit
2782 2631 2958 2694 nobis
2975 2631 3048 2692 ad
3072 2633 3514 2695 excusationem
3537 2631 3605 2694 in

1950 2725 2204 2804 judicio,
2235 2725 2286 2786 si
2317 2725 2587 2786 dicamus
2617 2723 2774 2804 quod
2807 2735 2866 2783 tu
2901 2720 3218 2802 deceperis
3272 2738 3405 2800 nos,
3457 2719 3603 2798 quia

1958 2833 2070 2877 nec
2104 2815 2354 2896 primam
2391 2813 2702 2876 mulierem
2737 2830 3025 2874 excusare
3057 2809 3244 2893 potuit
3275 2811 3428 2872 male
3462 2827 3608 2875 cre-

1962 2903 2183 2966 didisse
2207 2905 2496 2986 serpenti,
2530 2905 2633 2966 sed
2671 2912 2863 2964 morte
2893 2901 3034 2982 quia
3058 2902 3210 2962 male
3251 2899 3604 2982 crediderit,

1961 2994 2355 3056 condemnata
2377 3001 2486 3058 est.
2515 2993 2634 3056 Hac
2659 3011 2804 3072 ergo
2835 2991 2910 3053 de
2931 3009 3111 3053 causa
3134 2999 3193 3052 et
3222 2991 3454 3071 Moyses
3475 2990 3611 3052 uni-

1963 3081 2142 3144 usDei
2164 3081 2342 3144 fidem
2375 3085 2590 3163 popqu
2613 3079 3174 3154 cemmendans,ail:
3197 3077 3470 3143 Observa
3485 3078 3603 3143 tibi

1961 3172 2080 3250 ipsi
2115 3170 2238 3250 (76)
2263 3189 2340 3232 ne
2358 3172 2678 3234 seducaris
2696 3191 2733 3234 ιι
2776 3171 3034 3234 Domino
3056 3169 3180 3232 Deo
3224 3177 3327 3232 tuo
3346 3165 3422 3232 δ’.
3449 3166 3607 3234 Vide

1958 3261 2096 3340 quia
2117 3259 2328 3321 eodem
2352 3261 2534 3322 verbo
2557 3264 2886 3342 utitur,quo
2903 3259 3162 3341 etprima
3182 3256 3474 3321 mulierin
3497 3276 3606 3321 ex-

1961 3349 2267 3411 cusatione
2289 3351 2582 3421 utebatur,
2618 3349 2924 3413 seductam
2946 3349 3272 3429 se~dicens,
3308 3347 3414 3410 sed
3459 3345 3606 3409 nihil

1963 3438 2199 3519 profuit.
2233 3437 2428 3520 Super
2449 3439 2648 3501 omnia
2675 3447 2875 3501 antem
2908 3439 3139 3501 etiamsi
3183 3455 3356 3500 verus
3385 3435 3606 3514 aliquis

1962 3538 2232 3607 surgeret
2253 3529 2671 3611 propheta.qui
2685 3529 2921 3610 signaet
2937 3529 3202 3608 prodigia
3221 3528 3608 3602 faceret,sua-

1961 3619 2104 3680 dere
2118 3628 2315 3680 autem
2331 3619 2561 3692 velit,ut
2574 3621 2908 3683 coleremus
2922 3619 3065 3680 deos
3080 3619 3230 3679 alios
3249 3624 3463 3698 prater
3491 3615 3602 3679 Ju-

1961 3709 2222 3771 dteorum
2257 3711 2469 3789 Deum,
2494 3728 2796 3790 nunquam
2824 3709 2880 3772 ei
2899 3708 3148 3771 credere
3167 3702 3607 3787 possemus.Sic

1961 3800 2116 3859 enim
2137 3817 2243 3858 nos
2257 3798 2456 3860 docuit
2477 3799 2566 3861 lex
2589 3799 3113 3873 divina,secretum
3141 3813 3480 3858 sermonem
3502 3813 3610 3874 pu-

1958 3888 2083 3949 rius
2116 3907 2182 3950 ex
2207 3888 2534 3950 traditione
2561 3889 3006 3952 commendans.
3045 3887 3296 3963 Aitergo
3325 3883 3434 3949 :Si
3463 3903 3608 3948 sur-

1961 3981 2194 4041 rexerit
2212 3981 2279 4040 in
2303 3985 2361 4041 te
2376 3979 2702 4060 prapheta,
2732 3987 2838 4044 aut
2862 3977 3520 4048 somnianssomnium,
3551 3983 3611 4038 et

1959 4067 2190 4129 dederit
2204 4071 2380 4149 signa
2392 4070 2483 4131 vet
2492 4072 2864 4150 prodigia,et
2876 4069 3182 4132 evenerint
3195 4068 3375 4147 signa
3392 4065 3501 4129 illa
3516 4063 3612 4130 vel

1898 4167 1939 4216 D
1952 4157 2269 4239 prodigia,
2302 4164 2362 4220 et
2389 4159 2624 4223 dixerit
2654 4160 2734 4223 ad
2762 4168 2842 4236 te,
2864 4176 3073 4222 eamus
3090 4164 3151 4220 et
3172 4156 3446 4220 colamus
3468 4155 3609 4220 deos

323 4321 506 4385 Exod.
534 4339 674 4395 λιιι,
695 4320 809 4404 28.
970 4322 1059 4404 -Ει
1087 4320 1507 4399 nobiles—qui
1536 4318 1686 4398 fecit
1717 4337 1839 4404 non
1869 4319 2145 4404 leguntur
2168 4317 2228 4379 in
2259 4328 2513 4404 utroque
2537 4321 2713 4404 cedd.
2747 4320 2941 4404 Lip_ss.
2977 4401 2989 4404 _
3023 4318 3075 4362 ⁵¹
3111 4317 3282 4380 Deut.
3303 4314 3611 4404 “31539.

235 4402 293 4446 ⁵³
318 4404 487 4464 Deut.
566 4420 642 4480 IV,
687 4401 786 4466 39.
869 4399 1100 4482 53iQuaa
1165 4411 1496 4482 sequuntur
1553 4419 1742 4480 usque
1772 4401 1844 4460 ad
1898 4401 1998 4460 illa
2026 4417 2186 4480 cap.,
2219 4399 2433 4482 sequ,
2456 4402 2748 4464 Vocabula
2777 4423 2793 4462 :
2823 4399 3104 4482 Denique
3132 4406 3188 4463 et
3207 4399 3434 4482 sancti,
3459 4406 3609 4474 etc.,

239 4479 660 4546 desiderantur
687 4483 746 4542 in
769 4482 904 4544 cod.
930 4481 1090 4562 Lips.
1175 4479 1442 4542 “Deut.
1477 4498 1540 4562 χ,
1564 4479 1666 4562 14,
1712 4485 1807 4545 15.
1893 4483 1958 4532 55
1988 4479 2166 4562 Deut.
2190 4499 2250 4562 x,
2278 4479 2372 4546 1⁷7.
2455 4483 2518 4536 56
2551 4479 3040 4562 Deut;yr,13_;ii,
3063 4481 3166 4542 ΞΟ.
3249 4479 3311 4531 57
3343 4480 3609 4562 Deutvt,

238 4530 1916 4644 ZT°'3§'§§5i'.'L§Iva:'eiEi,1'9."§9"15;3|'.3£vn:'32i
1939 4530 1946 4531 ί
1988 4530 2250 4624 3636;}
2274 4530 2529 4640 ita?
2854 4530 3267 4624 "ﬁde—nini.
3343 4530 3613 4622 ista:

1592 4720 2000 4788 COTELERII
2041 4718 2292 4789 ΝΟΤᾸΕ.

235 4661 361 4721 vni,
420 4646 512 4707 11.

240 4895 439 4974 Θρᾷκές
513 4917 570 4952 τε
619 4895 706 4951 καὶ
769 4896 1069 4968 Βυζάντιοι,
1099 4894 1187 4951 καὶ
1239 4896 1287 4950 οἱ
1316 4893 1465 4974 ’πρὸς
1523 4900 1599 4967 τῷ
1631 4893 1881 4973 βοσπόρῳ

237 4970 550 5050 Κιμμέριοι,
613 4976 817 5031 Βιθυνοί
863 4996 927 5054 τεγ
973 4975 1060 5030 καὶ
1111 4970 1482 5054 Καπτςᾳδόκαι,
1542 4975 1744 5054 Φρύγες
1793 4970 1882 5033 διαὶ

242 5063 409 5132 Κᾶρες
439 5059 525 5113 καὶ
576 5055 780 5124 Λύκιοι⁹
842 5053 1072 5110 Palat-1t
1116 5055 1204 5109 καὶ
1252 5051 1520 5130 ”ισαυροι,
1581 5052 1736 5111 Λυδοὶ
1796 5055 1883 5111 καὶ

234 5131 549 5193 Πιάίδαικαὶ
582 5134 884 5215 Πάμφυλοι,
919 5134 1180 5198 Δυκᾶονές
1225 5155 1281 5190 τε
1305 5137 1393 5190 καὶ
1444 5131 1686 5213 Κίλικες,
1741 5134 1880 5191 Σκύ-

232 5220 314 5274 θοι
373 5219 460 5273 καὶ
487 5217 678 5293 Πέρσαι
722 5213 816 5272 usi
881 5223 1149 5293 Βακτριοι,
1203 5213 1414 5293 Κόλχοι
1459 5216 1546 5271 καὶ
1585 5213 1879 5290 Ἀσσύριοι,

241 5297 428 5374 Πάρθοι
455 5299 540 5352 καὶ
560 5295 726 5363 Μῆδοι
747 5297 834 5352 καὶ
856 5293 1171 5373 Ἐλαμῖτπι,
1206 5293 1489 5371 Ὀσροηνοί
1516 5317 1572 5350 τε
1591 5296 1678 5350 καὶ
1713 5293 1882 5369 Βλέμ·

241 5397 388 5452 μυες,
439 5375 590 5433 ἰνδοὶ
637 5377 726 5432 καὶ
788 5375 1054 5454 Αἰθίοπες,
1119 5374 1462 5447 Ἰσραηλῖται
1529 5376 1620 5432 καὶ
1677 5375 1878 5452 Αἰγύπ-

237 5478 366 5532 τιοι,
399 5458 552 5534 Σύροι
609 5458 695 5512 καὶ
755 5453 1114 5525 Πκλιιστινοὶ,
1154 5455 1372 5530 Κύπριοι
1402 5455 1488 5510 καὶ
1551 5459 1751 5532 Κρῆτες
1793 5457 1881 5511 καὶ

239 5534 455 5611 Ῥόδιοι,
475 5532 700 5596 -Αἰολξϊς
732 5537 818 5593 καὶ
851 5533 1257 5613 ”1ωνες,[²ότθοι
1288 5537 1373 5592 καὶ
1397 5532 1672 5612 ’Ἃϐισγοί
1705 5557 1761 5591 τε
1794 5537 1880 5593 καὶ

243 5615 498 5695 Χάλυϐες,
534 5616 770 5682 Φοίνικές
809 5636 867 5672 τε
897 5617 984 5672 καὶ
1029 5613 1294 5695 ἾΑριϐες,
1331 5613 1595 5689 Ῥωμκῐοι
1627 5617 1713 5695 καὶ
1740 5613 1881 5674 ἰου-

239 5695 402 5771 δαιῖοι,
453 5693 741 5774 Κυρηναῖοί
768 5716 824 5752 τε
865 5697 951 5752 καὶ
981 5693 1547 5774 ΔίϐοεςηΔάκεςώκᾳῖ
1594 5694 1749 5752 Γέται
1793 5697 1880 5752 καὶ

241 5772 826 5857 Σαυρομάτὴλίίὲλτοι
855 5797 912 5832 τε
964 5777 1052 5833 καὶ
1099 5772 1382 5855 Βάνδηλοι,
1416 5772 1659 5848 ⁹Ἴϐηρες,
1689 5776 1878 5857 Κροά-

240 5879 320 5914 τοι
343 5859 428 5914 καὶ
461 5855 742 5915 Μωάϐῐται
773 5857 860 5915 καὶ
906 5857 1266 5934 Ἀμμωντται.
1292 5862 1588 5914 Χαναναῖοι
1619 5856 1705 5911 καὶ
1739 5863 1878 5914 Χετ-

1961 4906 2106 4951 τπιῒοι
2158 4895 2247 4951 καιῖ
2276 4891 2590 4973 Ἀμορραἳοι
2622 4893 2709 4950 καὶ
2742 4899 3043 4970 Νερεζπιτοι,
3095 4892 3280 4949 Εὖκτοι
3327 4891 3417 4948 καὶ
3476 4894 3617 4973 Γαρ-

1964 4980 2171 5050 γεζιϊοι
2230 4975 2318 5031 καὶ
2389 4971 2726 5044 ’1ε6ουσαϊοι,
2781 4974 2869 5030 καὶ
2918 4975 2966 5050 οἱ
3012 4977 3382 5037 κατοικοῦντες
3423 4971 3618 5050 vico»:

1966 5049 2319 5131 Βρεττινικὰς
2375 5057 2464 5112 καὶ
2531 5055 2599 5111 τὰ
2660 5049 3142 5131 Γάδειραηῗοσας
3193 5052 3423 5120 Μωϋσῆς
3480 5049 3618 5117 ἕξοις

1967 5129 2145 5274 (forte
2188 5135 2396 5274 ἔξω).
2431 5135 2573 5214 Leg.
2609 5151 2781 5197 conc.
2811 5129 2893 5196 vn
2924 5129 3258 5207 Nicasnum,
3287 5146 3354 5212 ιι,
3404 5138 3521 5193 act.
3555 5131 3617 5208 5,

1967 5233 2072 5274 nos
2122 5233 2215 5274 me
2268 5262 2282 5274 .

2007 5223 2098 5274 ost
2122 5223 2282 5276 med.

1966 5234 2499 5374 Poiggegominus
2531 5293 2694 5357 Deus
2724 5300 2888 5370 tuus,
2920 5293 3390 5374 Deusrunusest.
3423 5291 3526 5353 Sic
3555 5287 3622 5351 in

1972 5371 2218 5453 Vulgata
2253 5379 2432 5439 Marc.
2458 5391 2562 5452 xu,
2582 5375 2683 5454 29,
2710 5372 3214 5454 concordantibus
3236 5371 3620 5454 Hieronymo,

1965 5448 2317 5532 Augustino,
2349 5466 2464 5518 etc.
2503 5448 2696 5518 Aliter
2722 5455 2796 5516 ab
2835 5456 3103 5528 Irenmo;
3140 5453 3312 5515 aliter
3340 5450 3416 5513 ab
3462 5448 3619 5515 aliis.

1965 5533 2252 5598 Videatur
2282 5535 2501 5601 Fronto
2534 5539 2783 5599 Ducteus
2811 5537 2886 5598 ad
2918 5535 3228 5598 homiliam
3259 5534 3621 5614 Chrysosto-

1967 5616 2166 5710 mite.
2195 5616 2401 5710 Είιοσα
2431 5624 2730 5710 “Erit/"8.-

2049 5695 2169 5776 (76)
2187 5694 2450 5777 Observa
2467 5691 2734 5777 tibi-ipsi,
2750 5695 3151 5760 neseducaris
3169 5694 3380 5777 aDom
3389 5693 3490 5758 ἱιιο
3507 5691 3624 5777 Deo

1966 5771 2090 5837 tuo.
2123 5771 2278 5858 Lege
2294 5776 2570 5858 Deut.vr,
2599 5771 2675 5841 i2
2697 5771 2869 5858 frui,
2895 5777 2958 5842 11
2995 5792 3120 5860 ςιι,
3163 5776 3238 5840 16
3269 5783 3332 5840 et
3357 5790 3520 5855 mn,
3554 5771 3595 5835 5
