4056 6352
154 291 338 392 ηπ

1372 324 2014 397 RECOGNITIONUM
2061 330 2202 396 LIB.
2249 333 2325 395 II.

3373 334 3523 398 12⁸18

146 461 378 524 ducere
406 461 468 524 in
499 461 657 524 hunc
688 461 974 524 mundum
1024 470 1258 526 creator
1282 462 1465 542 Deus,
1490 466 1790 547 quomodo
1811 472 1850 524 Α
1877 466 2022 527 mihi
2056 466 2319 540 videbar,
2343 474 2406 534 et
2432 470 2761 550 cogitabam
2792 471 2868 534 de
2899 489 2968 533 ea
2999 489 3138 550 quae
3170 473 3526 534 conveniret

149 571 254 614 eas
272 570 525 632 corpore
541 551 792 615 emissas
821 562 878 614 et
901 555 1256 633 captivitatis
1285 555 1538 619 vinculis
1561 557 1794 622 resolu-

155 651 267 716 tas,
291 642 480 702 bonus
502 640 658 703 Deus
680 641 910 705 vocabit
930 642 1000 704 ad
1036 662 1291 724 poenam,
1316 663 1448 725 qute
1483 664 1587 727 per
1609 645 1801 722 ipsius

147 733 246 794 vel
283 731 573 793 desidiam
609 732 699 794 vel
729 733 1164 809 inﬁrmitatem,
1199 735 1464 798 abstrahi
1515 736 1586 798 ad
1639 737 1799 798 hunc

153 824 350 884 locum
374 832 430 883 et
453 821 665 883 involvi
695 842 948 904 corpore
971 825 1139 902 quasi
1165 825 1430 887 tenebris
1457 827 1804 905 ignorantia:

154 919 522 993 potuerunt?
543 911 779 975 Videris
801 913 946 975 mihi
979 914 1254 991 ignorare
1278 918 1418 996 quid
1445 917 1521 978 sit
1543 921 1714 978 Pater
1741 928 1803 978 et.

149 1005 548 1077 Deus,verum
574 1011 633 1064 et
654 1003 866 1064 animae
888 1005 1048 1066 unde
1073 1005 1297 1066 sintvel
1323 1007 1562 1083 quando
1586 1016 1801 1088 etquo~

150 1092 330 1154 modo
365 1092 556 1172 factae,
592 1109 825 1172 possem
881 1093 1108 1167 dicere,
1141 1094 1247 1155 sed
1309 1094 1432 1156 haec
1491 1113 1647 1157 nunc
1695 1095 1802 1158 tibi

145 1184 391 1264 aperire
413 1182 499 1242 fas
523 1201 638 1243 non
662 1182 843 1256 est,in
872 1191 1032 1244 tanto
1061 1201 1267 1246 errore
1297 1186 1485 1264 posito
1510 1185 1584 1246 de
1610 1186 1805 1246 scien-

150 1273 235 1336 tia
261 1273 385 1335 Dei.
413 1273 559 1334 Tum
584 1272 790 1334 Simon
821 1272 1010 1344 :Erit,
1041 1273 1254 1354 inquit,
1281 1283 1514 1353 tempus
1538 1293 1656 1354 quo
1681 1293 1803 1353 pm-

150 1363 366 1424 nitebit
397 1370 472 1430 te,
507 1361 665 1438 quod
702 1361 1002 1422 dicentem
1040 1383 1132 1424 me
1164 1363 1237 1424 de
1271 1363 1554 1425 inell‘abili
1587 1364 1800 1428 virtute

149 1471 270 1512 non
296 1451 680 1514 intellexeris.
707 1454 777 1514 Et
800 1449 1028 1514 Petrus:
1064 1454 1143 1514 Da
1167 1471 1306 1532 ergo
1337 1453 1529 1525 nobis,
1557 1463 1619 1514 ut
1641 1471 1798 1533 smpe

1881 554 1958 616 de
1979 555 2213 632 civitate
2240 577 2448 639 magna
2475 559 2743 640 cogitari,
2768 571 2984 641 portas,
3014 579 3239 634 muros,
3264 563 3517 638 lavacra,

1883 645 2128 726 plateas,
2151 648 2520 729 angiportus,
2549 650 2674 714 fora
2721 661 2779 712 et
2821 651 3030 712 horum
3064 651 3515 731 consequentia,

1883 736 2214 798 secundum
2243 756 2311 799 ea
2334 741 2559 802 scilicet
2583 759 2713 822 quae
2734 741 2791 802 in
2816 741 2949 802 aliis
2964 741 3209 802 urbibus
3231 742 3518 818 videram,

1884 831 1944 886 et
1972 825 2031 885 in
2065 833 2286 888 tantum
2322 827 2651 892 intentione
2691 829 3104 911 hujuscemodi
3137 830 3384 893 intuitus
3410 832 3521 892 de-

1886 912 2168 988 lectabar,
2196 925 2258 977 ut
2288 936 2446 990 vere,
2475 918 2630 981 sicut
2653 920 2776 1000 ipse
2799 920 3138 992 dixisti,nec
3171 929 3521 1002 praesentem

1885 1011 2060 1083 atque
2090 1014 2382 1069 aSIantem
2416 1010 2702 1084 viderem,
2739 1029 2851 1072 nec
2893 1011 3020 1090 ipse
3071 1009 3170 1071 tibi
3221 1010 3520 1088 sederem,

1887 1111 2122 1155 nossem
2181 1094 2251 1157 Et
2281 1094 2522 1158 Simon:
2559 1101 2758 1178 Modo,
2795 1100 3006 1182 inquit,
3031 1105 3197 1163 recte
3227 1100 3397 1160 dicis.

1966 1183 2244 1248 LXIII.Et
2267 1185 2778 1270 Petrus:Denique
2801 1209 2932 1252 cum
2955 1191 3172 1271 chem
3202 1189 3519 1250 maximum

1884 1273 1985 1353 qui
2007 1276 2175 1336 hamo
2210 1276 2545 1351 inhazserat,
2576 1290 2774 1342 mente
2808 1290 3128 1361 occupatus
3162 1279 3379 1341 habere
3403 1279 3519 1340 mi—

1885 1363 2044 1424 nime
2076 1365 2384 1438 sentirem,
2412 1374 2474 1430 et
2507 1367 2561 1427 id
2597 1369 2836 1448 quidem
2861 1389 2992 1431 cum
3019 1369 3175 1430 hami
3201 1369 3414 1431 lineam
3443 1367 3520 1429 de

1884 1453 2156 1513 manilius
2190 1456 2337 1515 meis
2368 1457 2658 1519 violenter
2710 1459 3022 1537 arriperet,
3058 1467 3394 1536 stupentem
3426 1475 3520 1520 me

139 1544 267 1622 jam
302 1541 447 1611 dixi,
482 1551 758 1622 tanquam
789 1560 978 1601 novus
1039 1543 1197 1605 Dius
1253 1553 1354 1604 aut
1409 1543 1515 1620 qui
1562 1545 1635 1604 ab
1695 1544 1796 1605 illo
1879 1541 2088 1602 videns
2113 1542 2294 1604 frater
2319 1564 2484 1607 meus
2506 1548 3146 1630 Andreasquimecum
3175 1547 3520 1617 sedebat,ac

147 1631 535 1694 descenderis
584 1651 824 1692 si-nsum
885 1633 1142 1712 aliquem
1201 1652 1436 1708 novum,
1470 1651 1576 1713 per
1618 1653 1794 1714 quem
1877 1651 2032 1710 pene
2053 1637 2525 1697 casurum.latus
2547 1637 3517 1700 fodienscubitovelutdorinien-

151 1739 367 1784 novum
399 1741 577 1797 quem
604 1721 751 1782 dicis
787 1720 969 1782 Deum
994 1721 1294 1800 possimus
1317 1741 1675 1803 agnoscere;
1703 1716 1792 1783 isti
1880 1729 1997 1781 tem
2041 1722 2255 1783 excitat
2280 1724 3516 1808 dieens:Nonvides.Petre.quammagnum

149 1818 312 1874 enim
346 1813 608 1891 quinque
658 1830 892 1883 sensus,
926 1831 1072 1891 quos
1136 1811 1306 1872 nobis
1351 1813 1514 1875 dedit
1563 1825 1796 1874 creatur
1820 1831 1854 1880 Β
1881 1810 2100 1889 piscem
2123 1815 2799 1893 ceperis?nunquidnam
2836 1829 3033 1880 mente
3059 1817 3518 1896 excitisti,quod

151 1903 335 1972 Dens,
398 1901 664 1964 Creatori
710 1917 830 1962 ’δυο
891 1901 1064 1962 tidem
1124 1909 1383 1981 Servant,
1449 1921 1560 1965 nec
1616 1904 1795 1964 alium
1883 1899 1968 1961 sic
1995 1903 2281 1965 attonitus
2307 1907 2702 1985 stupes?quid
2729 1909 2992 1987 estquod
3020 1907 3270 1984 pateris?
3294 1906 3386 1964 dic
3415 1904 3516 1964 nti-

153 2009 515 2072 quemquam
549 2009 682 2053 esse
733 1991 1002 2054 sentiunt
1035 1991 1245 2067 Deum,
1282 1993 1393 2055 hoc
1425 1996 1512 2055 eis
1545 1993 1674 2074 ipsa
1705 1993 1798 2054 sui

159 2090 480 2162 praestante
513 2091 742 2144 natura.

244 2170 390 2235 LXI.
427 2171 514 2234 Ad
550 2173 674 2234 haec
703 2172 908 2233 Simon
939 2193 952 2232 :
984 2171 1243 2252 Adhibe,
1271 2171 1486 2251 inquit,
1534 2173 1796 2234 animum

160 2262 237 2324 ad
271 2280 340 2324 ea
369 2281 500 2342 quze
531 2262 797 2322 dicturus
829 2279 982 2336 sum,
1009 2276 1064 2324 et
1087 2262 1262 2323 facito
1315 2281 1450 2324 eum
1489 2263 1804 2325 invisibili-

162 2352 279 2415 bus
305 2351 531 2412 semitis
562 2351 966 2432 incedentem,
991 2351 1302 2432 pervenire
1332 2353 1402 2413 ad
1439 2371 1508 2413 ea
1538 2371 1668 2433 quae
1697 2352 1804 2414 tibi

159 2443 667 2504 demonstravero.
704 2442 987 2502 Ausculta
1019 2459 1160 2515 ergo
1193 2461 1386 2505 nunc:
1423 2461 1804 2522 nunquamne

160 2534 221 2594 in
250 2532 605 2611 cogitatione
637 2532 859 2611 positus
890 2533 1206 2593 extendisti
1258 2541 1515 2593 mentem
1550 2546 1706 2593 tuam
1741 2532 1801 2594 in

165 2624 447 2698 regiones
472 2622 560 2683 vel
591 2622 813 2682 insulas
831 2640 1004 2701 porro
1031 2622 1338 2701 positas,et
1361 2633 1434 2683 tta
1460 2623 1517 2682 in
1541 2622 1628 2684 eis
1652 2623 1802 2683 ﬁxus

165 2713 365 2774 animo
401 2711 692 2785 mansisti,
727 2721 792 2772 ut
824 2730 898 2771 ne
935 2722 1258 2790 praesentes
1307 2713 1550 2792 quidem
1599 2713 1802 2774 videre

157 2813 259 2864 aut
290 2803 675 2885 temetipsum
709 2802 861 2862 scire
893 2801 994 2862 ubi
1043 2804 1316 2875 sederes,
1349 2821 1472 2883 prae
1520 2803 1803 2864 suavitate

158 2911 364 2954 eorum
391 2912 522 2974 qute
554 2891 929 2954 habebantur
964 2891 1022 2952 in
1057 2891 1269 2966 oculis,
1293 2891 1546 2971 posses?
1581 2893 1652 2954 Et
1689 2891 1800 2953 Pe-

158 2992 287 3043 trus
318 2983 435 3044 ait:
472 2983 692 3043 Verum
725 2990 838 3054 est,
873 2979 1104 3061 Simon,
1140 2981 1251 3042 hoc
1286 2982 1429 3042 mihi
1461 2981 1804 3060 frequenter

155 3073 394 3135 accidit.
429 3071 497 3133 Et
528 3073 773 3135 Simon:
811 3070 896 3131 Ita
929 3080 985 3132 et
1026 3089 1184 3132 nunc
1219 3089 1459 3133 sensum
1495 3083 1658 3132 tuum
1693 3090 1800 3132 ex-

162 3163 340 3223 tende
377 3165 433 3222 in
467 3161 706 3234 coelum,
741 3169 800 3221 et
831 3160 1046 3221 iterum
1096 3179 1275 3240 super
1304 3161 1544 3233 caelum,
1579 3171 1637 3221 et
1670 3161 1802 3222 vide

159 3252 301 3332 quia
321 3252 503 3312 debet
522 3268 652 3312 esse
675 3251 890 3330 aliquis
913 3250 1078 3312 locus
1109 3251 1208 3330 qui
1231 3252 1304 3312 sit
1330 3252 1481 3310 ultra
1513 3251 1797 3311 mundum

159 3342 249 3402 vel
283 3349 452 3401 extra
483 3339 795 3411 tnundum,
820 3340 877 3400 in
899 3359 1014 3419 quo
1043 3358 1235 3419 neque
1257 3340 1470 3401 caelum
1499 3339 1802 3420 sit,neque

161 3440 344 3509 terra,
379 3448 570 3510 neque
613 3429 824 3490 umbra
882 3430 1098 3492 horum
1153 3430 1325 3490 etiam
1388 3428 1466 3488 ibi
1525 3429 1802 3492 tenebras

159 3528 527 3600 Operetur,et
548 3518 622 3580 ob
648 3519 758 3580 hoc
781 3537 912 3579 cum
939 3537 1133 3595 neque
1157 3537 1406 3598 corpora
1427 3520 1623 3600 aliqua
1646 3520 1704 3580 in
1731 3538 1800 3580 eo

157 3610 298 3683 sint,
327 3627 520 3690 neque
551 3629 619 3670 ex
653 3608 1004 3690 corporibus
1037 3611 1324 3682 tenebrae,
1362 3610 1698 3672 necessario
1729 3610 1805 3671 sit

155 3702 358 3764 lumen
391 3700 748 3760 immensum
782 3720 798 3771 ;
824 3707 881 3760 et
905 3700 1104 3762 lumen
1130 3699 1443 3762 considera
1467 3699 1802 3779 cujusmodi

156 3808 293 3853 esse
324 3788 535 3870 possit,
563 3791 657 3850 cui
689 3789 952 3852 tenebrae
984 3791 1161 3852 nullm
1193 3790 1538 3852 succedunt.
1575 3793 1720 3853 Nam
1756 3780 1804 3852 si

155 3880 498 3942 universum
533 3880 690 3940 hunc
723 3879 1008 3940 mundum
1043 3879 1186 3940 solis
1230 3879 1410 3959 hujus
1460 3881 1652 3961 repiet
1683 3881 1802 3961 lux,

152 3978 435 4050 quantum
474 3969 738 4030 aestimas
764 3986 899 4032 esse
932 3968 1078 4030 illud
1127 3969 1543 4050 incorporeum
1599 3971 1800 4031 lumen

153 4069 214 4122 et
245 4059 539 4120 inﬁnitum
569 4058 849 4119 ?tantum
889 4059 1018 4120 sine
1071 4059 1276 4134 dubio,
1315 4068 1378 4122 ut
1435 4058 1586 4121 istud
1653 4060 1798 4120 solis

154 4151 357 4211 lumen
390 4149 460 4210 ad
498 4148 639 4210 illud
677 4149 943 4210 tenebrae
974 4157 1029 4208 et
1063 4168 1178 4209 non
1213 4149 1310 4209 lux
1344 4166 1474 4210 esse
1509 4149 1794 4210 videatur.

237 4235 408 4302 LXII.
432 4237 567 4300 Haec
591 4256 726 4299 cum
753 4237 981 4300 diceret
1002 4237 1450 4309 Simon,Petrus
1467 4239 1795 4317 respondit:

156 4329 238 4392 De
271 4338 521 4408 utroque
552 4347 692 4407 ergo
725 4330 1018 4408 patienter
1067 4329 1354 4401 ausculta,
1387 4328 1442 4388 id
1504 4339 1590 4388 est
1636 4338 1694 4388 et
1725 4330 1798 4390 de

157 4421 426 4498 exemplo
443 4419 801 4480 extendendi
820 4438 1033 4480 sensus
1051 4429 1104 4478 et
1123 4420 1196 4478 de
1212 4418 1607 4479 immensitate
1626 4418 1795 4480 lucis.

1883 1990 1964 2053 hi.
1991 1992 2064 2052 At
2083 2011 2190 2069 ego
2217 1993 2554 2074 indignatus
2577 1998 2630 2060 ei
2656 1999 2985 2081 paululum,
3015 1998 3168 2077 quod
3209 2015 3300 2056 me
3331 2013 3362 2056 a
3395 1995 3523 2055 dul-

1883 2082 2096 2144 cedine
2123 2101 2326 2146 eorum
2361 2107 2491 2167 quae
2523 2088 2796 2150 intuebar
2827 2088 3202 2156 abstraxerit,
3239 2083 3521 2163 respondi

1888 2169 2033 2232 nihii
2069 2191 2164 2234 me
2195 2176 2330 2236 mali
2371 2178 2510 2256 pati,
2536 2179 2639 2240 sed
2663 2181 2859 2240 animo
2883 2176 3340 2240 desiderabilem
3381 2174 3521 2234 mihi

1889 2262 2103 2322 intueri
2127 2263 2485 2339 Jerusalem,
2511 2266 2806 2347 simulque
2837 2267 3251 2329 Caesareamet
3273 2280 3524 2341 corpore

1885 2350 2128 2429 quidem
2163 2371 2295 2413 cum
2332 2354 2460 2433 ipso
2505 2375 2660 2429 esse,
2695 2365 2896 2416 mente
2923 2373 3060 2416 vero
3111 2354 3252 2414 illnc
3291 2351 3524 2432 penitus

1885 2439 2130 2503 auferri.
2156 2445 2232 2505 At
2259 2443 2356 2504 ille
2379 2447 2579 2507 nescio
2597 2447 2752 2506 unde
2784 2445 3124 2525 inspiratus,
3149 2441 3520 2503 reconditum

1885 2536 1942 2590 et
1973 2539 2270 2592 secretum
2303 2534 2562 2595 veritatis
2595 2535 2837 2615 protulit
2868 2535 3131 2595 verbum.

1968 2621 2171 2683 LXIV.
2200 2620 2439 2704 Desine,
2462 2624 2884 2704 inquit,Petre;
2910 2625 3047 2703 quid
3073 2629 3163 2682 est
3184 2619 3338 2701 quod
3363 2617 3524 2700 agis?

1887 2709 1945 2770 hi
1980 2710 2137 2771 enim
2170 2712 2270 2792 qui
2303 2712 2574 2776 daemone
2603 2714 2898 2794 incipiunt
2928 2713 3146 2793 repleri
3181 2711 3268 2772 vel
3303 2709 3523 2771 moveri

1889 2816 2112 2872 mente,
2142 2801 2555 2881 hujuscemodi
2591 2804 2755 2866 initia
2791 2805 3029 2872 habent,
3057 2821 3161 2882 per
3189 2800 3525 2879 phantasias

1889 2887 2080 2968 Ρῖίηιο
2111 2890 2181 2951 ad
2215 2893 2475 2969 jucunda
2507 2913 2755 2976 quaeque
2779 2904 2838 2957 et
2867 2892 3240 2954 delectabilia
3267 2891 3522 2950 transfe-

1887 2989 2140 3061 runtur;
2169 2981 2389 3042 deinde
2410 2984 2478 3044 ad
2507 3003 2576 3044 ea
2597 3004 2728 3065 qua;
2747 3003 2860 3045 non
2890 2981 3220 3063 sunt,vanis
3243 2990 3300 3039 et
3324 2977 3521 3039 inani-

1888 3069 1999 3129 bus
2032 3069 2287 3131 motibus
2316 3071 2730 3136 eﬂ‘nnduntur.
2777 3073 2901 3134 I-loc
2947 3082 3144 3134 autem
3193 3068 3409 3132 accidit
3452 3085 3522 3128 ex

1888 3159 2172 3237 languore
2193 3162 2446 3241 quodam
2474 3163 2709 3237 animae,
2737 3182 2852 3244 quo
2877 3181 2946 3224 ea
2967 3160 3209 3242 quidem
3234 3175 3366 3239 quae
3386 3163 3525 3218 sunt

1888 3267 2006 3309 nun
2025 3249 2592 3330 vident,desiderant
2615 3271 2752 3314 vero
2765 3253 3061 3314 adducere
3079 3250 3148 3310 ad
3170 3255 3524 3327 conspectus

1885 3356 2024 3400 suos
2047 3357 2115 3398 ea
2137 3358 2269 3415 qua;
2295 3359 2409 3400 non
2444 3351 2602 3402 sunt.
2641 3341 2755 3404 Sed
2802 3351 2859 3404 et
2904 3342 3018 3404 illis
3051 3342 3128 3400 ita
3159 3338 3394 3400 accidit.
3420 3335 3524 3416 qtti

1887 3429 2210 3508 phrenesin
2245 3431 2549 3508 patiuntur
2579 3445 2638 3492 et
2687 3431 2957 3492 videntur
2984 3429 3096 3492 sibi
3130 3428 3344 3489 multas
3371 3426 3524 3487 ima-

1884 3517 2053 3596 gines
2077 3519 2298 3599 videre,
2328 3539 2434 3599 pro
2458 3539 2529 3582 eo
2547 3521 2707 3600 quod
2735 3522 3043 3583 nimietate
3066 3519 3299 3598 frigoris
3320 3517 3409 3577 vel
3433 3533 3526 3576 ca-

1893 3608 2032 3668 loris
2049 3610 2246 3670 anima
2278 3610 2540 3688 ipsorum
2575 3611 2853 3672 convulsa
2883 3620 2940 3673 et
2973 3617 3166 3671 emota
3199 3606 3345 3668 locis
3372 3604 3519 3679 suis,

1889 3715 2159 3759 errorem
2191 3701 2408 3779 patitur
2431 3701 2742 3762 ministerii
2776 3699 3082 3762 naturalis.
3109 3697 3224 3762 Sed
3260 3703 3318 3757 et
3344 3692 3523 3774 hiqui

1890 3786 2300 3862 laborantsiti,
2327 3808 2463 3850 cum
2485 3789 2545 3850 in
2576 3807 2850 3868 saporem
2887 3787 3174 3858 venerint,
3203 3783 3447 3847 ﬁumina
3469 3789 3526 3843 et

1889 3877 2082 3938 fontes
2115 3877 2309 3940 videre
2341 3879 2454 3939 sibi
2505 3879 2779 3940 videntur
2805 3898 2873 3941 ac
2905 3877 3150 3951 bibere;
3187 3875 3296 3936 hoc
3325 3881 3521 3934 autem

1893 3968 2191 4045 patiuntur
2208 3967 2479 4029 ariditate
2492 3970 2869 4050 intemperati
2887 3965 3521 4048 corporislaborantes.

1889 4055 2136 4135 Propter
2166 4057 2319 4136 quod
2357 4066 2581 4119 certum
2636 4067 2746 4131 est,
2783 4059 2907 4120 haec
2954 4056 3094 4119 vitio
3145 4053 3403 4132 quodam
3435 4051 3524 4114 vel

1881 4147 2095 4208 anima:
2129 4147 2216 4207 vel
2247 4148 2712 4226 corporisiﬁeri.

1963 4235 2411 4317 LXV.Denique
2436 4247 2497 4300 ut
2518 4239 2772 4318 accipias
2789 4238 2878 4300 rei
2905 4239 3079 4300 ﬁdem
3100 4238 3174 4299 de
3193 4233 3522 4300 Jerusalem

1883 4344 2058 4407 quam
2085 4344 2244 4406 saepe
2271 4327 2564 4408 videram,
2592 4327 2861 4390 dicebam
2890 4327 3052 4388 fratri
3081 4343 3376 4403 meo,quae
3400 4324 3526 4385 loca

1884 4435 2108 4497 quosve
2131 4426 2459 4481 conventus
2483 4419 2640 4480 visus
2665 4417 2807 4479 mihi
2831 4418 3072 4479 fuissem
3100 4413 3455 4477 videv'e.Sed
3471 4419 3527 4474 et

156 4508 292 4571 Scio
327 4507 639 4588 meipsum,
677 4528 710 4568 ο
741 4509 972 4575 Simon.
1007 4509 1322 4588 aliquando
1357 4507 1414 4567 in
1447 4509 1799 4586 cogitatione
1825 4511 1864 4560 D
1886 4511 1961 4568 de
1994 4507 2254 4569 Caesarea
2287 4525 2459 4587 quam
2497 4527 2795 4587 nunquam
2829 4509 3119 4579 videram,
3141 4503 3528 4567 nihilominus

160 4597 415 4678 positum
451 4595 789 4659 extendisse
817 4615 1058 4658 sensum
1097 4617 1291 4658 meum
1327 4600 1384 4658 in
1415 4598 1709 4675 regiones,
1739 4607 1800 4658 ut

158 4688 268 4765 ais,
304 4695 362 4746 et
387 4685 613 4747 insulas
647 4689 846 4765 procul
884 4687 1126 4766 positas,
1163 4706 1381 4767 easque
1434 4696 1630 4748 mente
1681 4705 1797 4747 non

160 4777 354 4836 minus
386 4793 559 4856 quam
592 4777 781 4837 oculis
813 4776 1212 4857 perspexisse.
1251 4777 1394 4838 Cum
1420 4794 1610 4836 essent
1643 4777 1796 4854 apud

158 4863 573 4945 Capharnaum
606 4865 664 4924 in
697 4873 939 4944 captura
978 4866 1227 4945 piscium
1257 4873 1505 4944 positus,
1534 4875 1591 4927 et
1620 4867 1799 4928 sede-

155 4971 284 5014 rem
317 4972 496 5034 supra
520 4972 748 5035 saxum,
775 4956 1012 5016 hamum
1059 4964 1200 5016 setae
1231 4953 1509 5015 innexum
1545 4964 1602 5015 et
1633 4955 1800 5017 deci-

160 5041 392 5122 piendis
427 5042 692 5122 piscibus
718 5053 980 5124 aptatum
1015 5044 1242 5105 habens
1286 5044 1345 5104 in
1399 5063 1601 5118 manu,
1631 5045 1712 5106 ita
1743 5054 1805 5106 ut

158 5137 482 5194 haerentem
507 5133 560 5193 ei
588 5152 704 5193 non
729 5134 1022 5195 senserim
1048 5134 1442 5215 piscem,dum
1473 5153 1640 5196 mens
1675 5153 1804 5197 mea

159 5221 738 5302 perdesiderabilem
767 5222 1262 5286 mibiJerusalem
1279 5223 1539 5285 distenta
1560 5243 1800 5304 percur-

160 5320 343 5390 reret,
375 5312 446 5372 ad
480 5331 652 5392 quam
685 5331 828 5375 sane
861 5313 1229 5374 oblationum
1263 5313 1454 5391 gratia
1491 5323 1550 5375 et
1576 5315 1796 5375 oratio-

160 5419 297 5461 num
321 5402 565 5480 vigilans
589 5401 933 5483 frequenter
951 5404 1590 5465 ascenderam.Verum
1610 5413 1668 5464 et
1683 5403 1796 5466 Cae-

159 5507 386 5552 saream
414 5493 564 5554 hanc
593 5492 798 5554 mirari
819 5493 892 5554 ab
920 5493 1053 5554 aliis
1074 5491 1346 5567 audiens,
1374 5501 1430 5552 et
1453 5493 1798 5554 desiderare

159 5578 444 5662 solebam,
470 5589 530 5642 et
561 5599 690 5644 eam
723 5581 784 5643 in
828 5601 945 5665 qua
996 5583 1268 5647 nondum
1309 5580 1558 5657 fueram,
1594 5582 1797 5646 videre

1886 4596 2343 4669 contendebam,
2382 4597 2539 4677 quod
2574 4605 2734 4658 esset
2782 4597 2936 4677 talis,
2969 4597 3204 4673 qualem
3241 4602 3440 4654 mente
3470 4598 3528 4652 et

1889 4687 2242 4763 cogitatione
2264 4704 2681 4765 conceperam.
2705 4685 2849 4748 Cum
2874 4697 3070 4748 autem
3098 4684 3390 4746 venissem
3412 4681 3526 4742 huc

1888 4777 2036 4838 nihil
2069 4779 2312 4836 omnino
2345 4775 2542 4836 simile
2593 4775 2919 4853 respiciens
2971 4793 3175 4836 eorum
3233 4791 3364 4852 qum
3420 4787 3526 4850 per

1888 4866 2222 4947 phantasias
2275 4864 2561 4937 videram,
2595 4864 2956 4942 reprehendi
3013 4863 3424 4943 memetipsum
3465 4872 3524 4924 et

1887 4957 2077 5018 notavi
2110 4955 2299 5026 valde,
2326 4955 2459 5035 quia
2493 4973 2562 5015 ex
2597 4954 2729 5015 aliis
2769 4973 2902 5030 quae
2933 4954 3215 5020 videram.
3247 4961 3442 5030 portas
3463 4947 3518 5011 ei

1886 5057 1942 5108 et
1973 5063 2175 5106 muros
2214 5044 2478 5120 aliasque
2521 5043 2700 5116 aedes,
2737 5060 2946 5105 revera
2975 5042 3420 5105 similitudinem
3447 5057 3516 5101 ex

1885 5137 2019 5198 aliis
2051 5131 2634 5216 capiensdederam.
2673 5133 2878 5213 Ne1ue
2927 5133 3083 5193 enim
3139 5131 3272 5211 quis
3333 5137 3524 5211 potest

1887 5243 2104 5288 novum
2123 5223 2428 5304 aliquid,et
2452 5222 2625 5301 cujus
2647 5222 2836 5282 forma
2861 5222 3018 5282 nulla
3044 5239 3298 5301 unquam
3336 5219 3521 5281 exsti-

1887 5318 2046 5396 terit,
2080 5313 2363 5392 cogitare.
2398 5313 2548 5375 Nam
2584 5320 2640 5371 et
2669 5311 2720 5373 si
2751 5309 2891 5374 velit
2920 5311 3134 5392 aliquis
3159 5320 3358 5372 tauros
3389 5326 3521 5369 cum

1883 5406 2081 5487 quinis
2100 5401 2395 5482 capitibus
2414 5419 2484 5462 ex
2510 5418 2615 5460 sua
2639 5400 2997 5478 cogitatione
3019 5401 3376 5478 formare,ex
3400 5397 3525 5487 istis

1882 5485 2030 5576 quos
2053 5492 2196 5554 vidit
2221 5510 2351 5552 cum
2379 5487 2631 5568 singulis
2655 5489 3111 5570 capitibus,illos
3146 5487 3347 5567 quinis
3364 5485 3525 5576 capif

1882 5574 2037 5646 tibus
2064 5582 2245 5662 ﬁngit.
2280 5579 2347 5642 Et
2383 5588 2438 5639 tu
2471 5596 2609 5657 ergo
2661 5597 2844 5664 nunc,
2875 5580 2926 5640 si
2979 5597 3116 5641 vere
3164 5576 3387 5658 aliquid
3419 5574 3524 5638 tibi
