4056 6352
495 357 652 422 1279
1340 370 1401 430 8.
1447 362 1877 430 CLEMENTIS
1918 362 1941 424 Ι
1985 367 2125 428 ΒΟΜ

2221 366 2438 429 ΡΟΝΤ.
2486 366 2732 431 OPERA
2777 367 3031 428 DUBIA.
3715 366 3882 429 1280

500 495 721 560 videris
761 507 856 560 tua
879 500 1232 579 cogitatione
1259 500 1622 581 perspicere,
1657 507 1716 560 et
1748 517 1927 576 supra
1956 503 2136 562 caelos
2158 521 2193 567 Α
2220 498 2320 579 qui
2351 498 2424 560 ab
2456 519 2525 560 eo
2560 500 2696 564 facti
2736 508 2896 571 sunt,
2933 500 3084 561 sicut
3137 509 3195 562 et
3253 501 3344 563 lex
3406 502 3569 578 dicit,
3606 519 3880 582 quorum

501 582 746 667 intueri,
772 607 889 650 non
913 588 1161 650 dubium
1184 589 1327 671 quin
1342 608 1414 651 ex
1438 590 1530 652 his
1550 607 1620 651 ea
1641 589 1982 650 consideres
2004 609 2138 667 quae
2221 607 2402 650 unum
2428 589 2640 650 caalum
2666 590 2742 650 sit
2766 589 3188 670 superius,quo
3221 592 3558 654 continetur
3579 592 3774 653 etiam
3801 593 3882 651 vi-

498 672 558 734 in
589 677 763 740 terris
787 682 1009 756 positus
1031 681 1220 745 vides.
1247 681 1362 743 Aut
1395 680 1444 743 si
1480 689 1646 758 putas
1687 680 1914 741 facilem
1952 681 2138 743 menti
2219 676 2394 739 sibile
2424 679 2890 752 ﬁrmamentum,
2917 679 3062 740 illud
3088 698 3220 742 esse
3245 691 3600 761 perpetuum
3623 690 3879 743 elater-

500 771 615 826 tuaa
643 782 949 830 accessum
985 788 1118 832 esse
1147 788 1328 850 super
1356 770 1566 843 caelos,
1594 777 1652 831 et
1676 769 2058 832 considerare
2082 780 2138 833 te

501 873 681 934 posse
710 876 840 937 quae
871 858 993 921 illic
1026 870 1183 934 sunt,
1219 869 1392 942 atque
1438 859 1743 921 immensae
1777 860 1937 920 illius
1987 859 2136 921 locis

502 944 812 1008 scientiam
845 966 1086 1027 capere,
1120 957 1258 1030 puto
1293 949 1345 1011 ei
1378 949 1475 1030 qui
1500 948 1598 1009 illa
1629 955 1821 1027 potest
1851 966 2132 1029 compre-

502 1033 1044 1110 hendere,facilius
1075 1058 1206 1102 esse
1232 1048 1295 1101 ut
1326 1056 1567 1101 sensum
1623 1056 1792 1099 suum
1842 1040 1943 1118 qui
1995 1039 2134 1099 illuc

499 1125 658 1185 novit
680 1127 1097 1199 ascendere,in
1113 1130 1361 1209 alicujus
1375 1136 1639 1188 nostrum
1656 1128 1756 1205 qui
1773 1129 2131 1208 assistimus,

499 1231 602 1274 cor
617 1223 675 1278 et
699 1223 904 1294 pectus
927 1218 1150 1297 injiciat
1175 1228 1233 1280 et
1255 1220 1432 1299 dicat,
1461 1237 1608 1294 quas
1629 1217 1690 1279 in
1723 1238 1792 1280 eo
1816 1219 2130 1298 cogitatio-

498 1321 608 1364 nes
644 1314 830 1382 gerat.
895 1306 955 1369 Si
1009 1326 1148 1386 ergo
1204 1317 1369 1388 potes
1427 1309 1678 1388 alicujus
1710 1317 1998 1387 nostrum,
2031 1307 2131 1388 qui

499 1399 695 1454 tamen
731 1414 848 1455 non
907 1398 982 1458 sit
1039 1416 1177 1476 erga
1230 1398 1491 1460 favorem
1556 1408 1719 1460 tuum
1781 1408 2127 1477 occupatus,

502 1483 814 1546 enuntiare
842 1487 1229 1565 cogitationes
1267 1489 1485 1562 cordis,
1521 1488 1845 1568 poterimus
1879 1488 1980 1548 tibi
2011 1489 2133 1549 for-

495 1579 650 1633 tasse
681 1574 950 1654 credere,
986 1577 1142 1655 quod
1179 1586 1236 1638 et
1267 1597 1336 1638 ea
1367 1596 1497 1658 quae
1539 1597 1718 1657 super
1761 1577 1943 1639 caelos
1968 1586 2130 1651 sunt,

498 1661 655 1722 scire
690 1667 975 1741 potueris,
1014 1667 1147 1728 licet
1184 1667 1282 1729 illa
1316 1668 1498 1729 multo
1525 1669 1638 1728 sint
1670 1667 1942 1728 celsiora.

2221 786 2362 829 num
2383 787 2515 829 cum
2543 769 2630 831 his
2651 769 2752 850 qui
2784 768 3054 832 habitant
3077 769 3156 832 ibi
3180 792 3195 851 ;
3222 771 3376 832 istud
3407 781 3606 833 autem
3633 771 3881 833 visibile

2220 855 2277 916 in
2322 859 2842 922 consummatione
2887 859 3090 921 saeculi
3147 861 3566 922 resolvendum
3622 879 3772 921 esse
3829 875 3884 921 et

2219 947 2492 1027 transire,
2527 956 2590 1010 ut
2618 948 2768 1009 illud
2822 949 3035 1010 cmlum
3092 949 3249 1030 quod
3310 957 3401 1011 est
3453 950 3774 1031 antiquius
3826 960 3884 1012 et

2217 1036 2509 1098 excelsius
2541 1046 2670 1117 post
2690 1038 2988 1118 judicium
3019 1038 3242 1100 sanctis
3260 1046 3318 1099 et
3338 1038 3532 1114 dignis
3553 1050 3876 1120 appareat.

2215 1123 2299 1184 Ad
2328 1125 2452 1186 haec
2475 1124 2678 1188 Simon
2697 1126 3005 1206 reSpoudit
3031 1145 3044 1189 :
3071 1129 3213 1190 Haec
3237 1127 3319 1191 ita
3341 1146 3492 1204 esse,
3520 1139 3584 1189 ut
3608 1137 3670 1189 tu
3696 1129 3877 1202 dicis,

2216 1214 2609 1276 credentibus
2644 1216 2876 1296 possint
2933 1215 3150 1288 videri,
3187 1218 3239 1277 ei
3290 1225 3484 1278 autem
3516 1219 3623 1298 qui
3653 1219 3880 1280 borum

2217 1314 2518 1384 exspectat
2547 1307 2923 1382 rationes,im
2936 1306 3221 1383 possibile
3248 1316 3427 1369 estex
3451 1308 3582 1388 lege
3611 1309 3880 1391 proferri

2218 1403 2277 1455 et
2302 1394 2602 1473 praecipue
2633 1395 2707 1456 de
2741 1395 3148 1457 immensitate
3178 1395 3350 1459 lucis.

2299 1485 2505 1550 LXIX.
2535 1487 2604 1548 Et
2634 1487 2880 1549 Petrus:
2905 1487 3063 1561 Noli,
3093 1487 3307 1566 inquit,
3337 1497 3543 1568 putare
3570 1508 3690 1550 nos
3716 1490 3880 1569 quod

2218 1576 2342 1637 haec
2377 1577 2490 1638 fide
2526 1577 2651 1638 sola
2681 1578 3026 1657 recipienda
3057 1596 3188 1641 esse
3210 1578 3503 1659 dicamus,
3537 1579 3647 1639 sed
3685 1588 3752 1640 et
3783 1598 3882 1640 ra-

2220 1666 2382 1726 tione
2401 1667 2745 1730 asserenda.
2781 1669 2989 1746 Neque
3015 1675 3172 1729 enim
3201 1678 3386 1730 tutum
3411 1678 3499 1730 est
3522 1669 3709 1730 nudae
3754 1670 3881 1730 haec

581 1753 779 1844 LXVI.
811 1756 898 1817 Ad
934 1758 1060 1818 haac
1083 1760 1322 1820 Simon:
1353 1758 1464 1830 Qui
1491 1777 1653 1830 vero,
1681 1758 1892 1837 inquit,
1923 1756 2134 1817 multas
2160 1795 2195 1844 Β
2219 1757 2353 1817 ﬁdei
2377 1756 2603 1832 absque
2628 1758 2858 1818 ratione
2884 1759 3283 1832 committere,
3308 1778 3438 1819 cum
3469 1758 3682 1838 utique
3714 1759 3880 1820 veri-

498 1843 720 1905 nzenias
755 1847 1014 1917 texuisti,
1046 1847 1183 1907 audi
1226 1849 1347 1927 jam
1401 1867 1578 1909 nunc.
1621 1846 1995 1927 Impossibile
2045 1855 2133 1906 est
2162 1843 2180 1844 ί
2220 1854 2304 1906 tas
2331 1847 2559 1909 ratione
2594 1865 2710 1907 non
2747 1857 2963 1910 careat.
3002 1849 3077 1909 Et
3108 1848 3240 1909 ideo
3263 1849 3318 1896 τε
3341 1848 3441 1928 qui
3473 1847 3585 1909 hac.
3638 1849 3879 1908 ratione

497 1951 675 1992 omne
707 1935 859 2012 quod
891 1935 959 1995 ad
997 1937 1410 2012 cogitationem
1444 1937 1703 1997 hominis
1736 1938 1983 2014 venerit,
2015 1955 2131 1996 non
2220 1935 2446 1995 munita
2477 1937 2832 2016 susceperit,
2871 1937 3122 2015 perdere
3166 1957 3238 1998 ea
3282 1955 3584 2017 nunquam
3647 1949 3873 2018 potest,

498 2021 675 2080 etiam
701 2041 765 2083 re
783 2026 910 2101 ipsa
933 2043 1000 2086 ac
1025 2027 1265 2088 veritate
1285 2029 1652 2106 subsistere;
1682 2045 1813 2106 quae
1831 2026 1987 2086 enim
2016 2045 2133 2087 non
2219 2027 2317 2105 qui
2341 2044 2477 2086 vero
2503 2025 2730 2104 absque
2753 2027 3187 2088 assertionibus
3205 2046 3274 2087 ea
3291 2028 3542 2106 suscipit
3575 2027 3695 2086 sim
3709 2027 3878 2106 plicis

493 2108 965 2193 subsistunt,nec
983 2118 1238 2194 speciem
1263 2116 1642 2196 halient,quae
1664 2125 1856 2176 autem
1873 2117 2131 2195 speciem
2219 2115 2517 2174 sermonis
2541 2134 3015 2196 assensu,neque
3031 2134 3272 2176 servare
3294 2135 3361 2177 ea
3387 2123 3508 2175 tuto
3537 2125 3879 2194 potest,ne—

500 2216 615 2259 non
655 2201 895 2279 habent,
925 2223 1031 2266 nec
1064 2207 1396 2284 cogitationi
1431 2215 1675 2285 possunt
1700 2224 2037 2266 occurrere.
2068 2205 2136 2266 Et
2220 2223 2334 2283 que
2361 2203 2409 2264 si
2434 2223 2570 2266 vera
2601 2206 2933 2266 sintcertus
2961 2207 3218 2285 est,quia
3244 2207 3339 2284 qui
3364 2205 3544 2266 facile
3566 2206 3768 2265 credit
3794 2206 3876 2266 fa-

497 2287 740 2353 Petrus:
779 2294 840 2354 Si
898 2314 1096 2369 omne,
1135 2298 1341 2376 inquit,
1377 2297 1536 2374 qttod
1587 2298 1656 2356 ad
1711 2295 2126 2373 cogitationem
2212 2293 2326 2354 cile
2351 2304 2406 2355 et
2430 2295 2804 2375 receditzqui
2831 2304 3026 2356 autem
3050 2296 3342 2356 rationem
3369 2296 3640 2376 quaesivit.
3663 2313 3875 2355 eorum

492 2380 695 2441 venire
749 2393 964 2461 potest,
1000 2385 1283 2457 subsistit,
1320 2387 1495 2447 istum
1549 2403 1724 2465 quem
1787 2385 1937 2446 dicis
1967 2393 2127 2446 extra
2211 2401 2346 2458 quae
2368 2384 2646 2464 credidit,
2675 2394 2732 2444 et
2756 2385 3005 2463 accepit,
3035 2385 3201 2465 quasi
3233 2384 3482 2445 vinculis
3507 2385 3874 2462 quibusdam

491 2470 774 2532 mundum
800 2491 935 2535 esse
957 2475 1381 2538 itumensitatis
1408 2478 1626 2554 locum,
1649 2475 1694 2535 si
1731 2493 1864 2535 eum
1901 2474 2034 2555 quis
2065 2475 2123 2534 in

490 2558 671 2620 corde
691 2578 796 2622 suo
822 2562 1023 2625 lumen
1064 2583 1194 2626 esse
1227 2567 1460 2644 cogitet.
1490 2565 1639 2626 alius
1664 2583 1797 2625 vero
1823 2563 2120 2640 tenebras,

489 2651 787 2720 quomodo
813 2654 1189 2731 poteritunus
1211 2661 1390 2731 atque
1416 2655 1571 2714 idem
1599 2655 1766 2715 locus
1793 2655 2122 2714 secundum

490 2751 614 2804 eos,
652 2739 750 2816 qui
784 2741 1014 2802 diversa
1045 2742 1118 2804 de
1161 2762 1230 2804 eo
1281 2744 1636 2822 cogitarunt,
1668 2755 1722 2804 et
1757 2744 1957 2804 lumen
1991 2763 2124 2806 esse

489 2831 548 2881 et
581 2825 889 2889 tenebrae?
948 2830 1017 2892 Et
1074 2831 1321 2894 Simon:
1365 2833 1586 2893 Omitte
1644 2851 1798 2892 nunc
1831 2832 1941 2893 ista
1994 2852 2124 2913 qua:

494 2929 601 2989 ego
632 2915 772 2989 dixi,
810 2927 868 2980 tu
901 2920 1046 2998 quid
1078 2939 1207 2985 esse
1251 2929 1421 3000 putes
1476 2939 1655 3001 super
1685 2922 1868 2984 caelos
1898 2923 2078 2983 dicito
2097 2931 2122 2985 ’ξ

574 3003 797 3072 LXVII.
835 3009 909 3070 Et
963 3008 1215 3073 Petrus:
1270 3010 1330 3073 Si
1390 3011 1463 3072 de
1521 3029 1681 3086 vero,
1721 3011 1931 3091 inquit,
1965 3012 2125 3073 fonte

2209 2473 2458 2534 rationis
2514 2475 2700 2553 ipsius
2749 2475 3083 2554 colligatus,
3115 2493 3419 2554 nunquam
3477 2474 3551 2534 ab
3616 2475 3711 2534 liis
3747 2493 3879 2553 quae

2208 2563 2483 2643 credidit,
2514 2565 2712 2626 divelli
2740 2575 2836 2625 aut
2862 2565 3125 2644 separari
3155 2574 3365 2643 potest.
3394 2563 3461 2625 Et
3485 2564 3626 2624 ideo
3648 2572 3875 2644 quanto

2207 2652 2342 2731 quis
2361 2655 2702 2734 propinsior
2744 2656 2924 2716 fuerit
2954 2655 3011 2714 in
3045 2654 3377 2734 expetenda
3406 2653 3672 2724 ratione,
3699 2663 3868 2714 tanto

2207 2740 2318 2801 erit
2349 2743 2575 2803 ﬁrmior
2605 2742 2664 2803 in
2699 2744 3103 2804 conservanda
3134 2744 3272 2804 ﬁde.

2291 2833 2466 2895 LXX.
2487 2835 2572 2894 Ad
2592 2835 2714 2895 haec
2736 2833 2939 2895 Simon
2971 2857 2983 2897 :
3019 2839 3290 2912 Magnum
3319 2847 3430 2913 est,
3457 2836 3680 2916 inquit,
3706 2833 3871 2915 quod

2208 2924 2570 3002 repromittis
2604 2934 2664 2984 ut
2700 2925 3010 2986 immensa:
3059 2926 3206 2986 lucis
3261 2925 3559 2986 aeternitas
3615 2943 3689 2986 ex
3740 2924 3875 3003 lege

2213 3013 2400 3091 possit
2429 3015 2688 3075 ostendi.
2726 3015 2992 3094 Cumque
3023 3014 3234 3075 Petrus
3265 3014 3512 3076 dixisset
3540 3034 3552 3075 :
3608 3015 3875 3086 Quando

494 3092 741 3158 luminis
767 3099 1064 3172 crederes,
1091 3119 1322 3180 possem
1351 3108 1404 3162 te
1436 3100 1678 3172 docere,
1712 3101 1848 3181 quid
1885 3111 1941 3161 et
1971 3120 2122 3180 quo-
2148 3108 2186 3156 C
2213 3101 2496 3184 volueris,
2522 3104 2726 3165 Simon
2748 3107 2864 3166 ait:
2892 3092 3179 3177 Quoniam
3217 3105 3362 3166 hora
3378 3105 3500 3185 jam
3539 3104 3733 3166 multa
3759 3113 3873 3182 est,

495 3185 670 3275 modo
707 3197 864 3249 esset
898 3189 1052 3269 quod
1102 3189 1456 3251 immensum
1493 3198 1603 3271 est,
1639 3200 1694 3252 et
1725 3209 1839 3250 non
1872 3191 2124 3270 pltauta-
2211 3193 2476 3254 crastino
2498 3194 2712 3255 astanti
2740 3195 2882 3257 mihi
2908 3205 2966 3256 et
2987 3195 3347 3274 renitenti,si
3376 3196 3634 3275 probare
3665 3204 3873 3274 potue-

492 3274 638 3335 siam
673 3294 906 3357 vanam,
940 3278 1046 3340 sed
1103 3289 1561 3358 conseq-zentem
1624 3288 1681 3341 et
1728 3283 2124 3342 necessariam
2209 3282 2290 3343 ris
2321 3281 2535 3343 factum
2572 3301 2704 3344 esse
2739 3284 2894 3344 hunc
2931 3283 3217 3344 mundum
3247 3292 3306 3344 et
3336 3274 3562 3343 animas
3596 3301 3738 3344 esse
3764 3282 3875 3343 im-

491 3365 779 3427 rationem
811 3367 1124 3432 redderem
1151 3370 1555 3444 veritatis,nec
1581 3370 2012 3431 assertionibus
2036 3389 2127 3430 so-
2216 3372 2772 3447 mortales,habebis
2795 3374 3235 3453 meadjutorem
3255 3371 3706 3453 prmdicationis
3724 3380 3869 3433 tuae.

494 3453 786 3533 phisticis,
812 3457 914 3519 sed
935 3458 1083 3537 legis
1107 3468 1165 3520 et
1187 3469 1322 3519 natu
1336 3479 1414 3520 rte
1440 3459 1795 3520 testimoniis
1815 3469 2036 3533 uterer,
2063 3468 2128 3521 ut
2213 3461 2282 3522 Et
2306 3481 2436 3523 cum
2463 3463 2587 3524 haec
2608 3462 3164 3542 dixisset,egressus
3184 3469 3298 3542 est,
3321 3471 3523 3524 secuta
3543 3469 3754 3526 autem
3784 3474 3874 3525 est

487 3544 674 3633 scires
702 3545 842 3625 quia
873 3547 1289 3610 immensitatis
1323 3550 1496 3609 ﬁdem
1531 3551 1826 3629 praecipue
1859 3551 2129 3611 continet
2213 3570 2346 3612 eum
2381 3570 2448 3613 ex
2484 3551 2646 3612 omni
2672 3553 2888 3632 papulo
2920 3553 3020 3633 qui
3071 3571 3205 3613 cum
3270 3552 3397 3632 ipso
3445 3561 3698 3613 venerat
3732 3569 3872 3631 pars

492 3632 603 3694 lex.
640 3635 808 3707 Quod
843 3636 890 3697 si
925 3636 1343 3701 immensitatis
1392 3639 1540 3702 ratio
1584 3659 1700 3700 non
1733 3640 1875 3700 latet
1907 3639 2124 3719 legem,

490 3724 640 3785 nihil
673 3726 934 3805 profecto
967 3728 1123 3788 aliud
1153 3748 1281 3790 eam
1309 3729 1494 3791 latere
1527 3737 1741 3809 potest,
1765 3740 1820 3790 et
1855 3729 1989 3790 ideo
2026 3729 2128 3791 fal-

487 3831 616 3874 sum
647 3825 756 3890 est,
794 3817 948 3895 quod
983 3819 1200 3897 putasti
1239 3839 1370 3880 esse
1427 3819 1650 3899 aliquid
1705 3819 1860 3899 quod
1895 3820 2125 3898 ignoret

488 3902 603 3964 lex.
639 3907 822 3966 Multo
839 3916 1035 3968 autem
1057 3909 1470 3988 ampliusnihil
1500 3908 1702 3970 latebit
1722 3928 1882 3982 eum,
1912 3909 2010 3989 qui
2036 3911 2120 3970 le-

2216 3643 2406 3716 tertia,
2440 3641 2544 3721 qui
2567 3649 2736 3702 erant
2761 3642 2930 3721 quasi
2955 3643 3117 3703 mille
3151 3642 3277 3714 viri;
3301 3642 3498 3702 caeteri
3520 3659 3665 3700 vero
3691 3639 3874 3702 ﬂexis

2210 3730 2464 3809 genibus
2488 3731 2867 3811 prostrabunt
2892 3750 2956 3794 se
2983 3734 3374 3811 Petro,super
3396 3749 3543 3810 quos
3567 3730 3674 3792 ille
3700 3730 3872 3791 invo-

2208 3829 2336 3881 cato
2360 3820 2465 3881 Dei
2494 3820 2759 3895 nomine,
2791 3821 2936 3883 alios
2965 3821 3257 3882 dzemonia
3289 3820 3575 3881 habentes
3608 3819 3866 3896 curavit,

2207 3910 2354 3971 alios
2377 3910 2554 3971 etiam
2585 3910 2936 3990 languentes
2957 3912 3205 3984 sanavit,
3234 3920 3289 3971 et
3317 3911 3393 3970 ita
3425 3911 3723 3971 laetantem
3757 3929 3871 3991 po-

2211 4002 2408 4078 pulum
2437 3999 2687 4079 dimisit,
2719 4001 3007 4063 mandans
3031 4002 3142 4080 eis,
3171 4002 3313 4062 utin
3340 4001 3674 4062 crastinum
3704 3999 3871 4060 diem

2211 4090 2502 4152 maturius
2528 4091 2940 4154 couveuirent.
2981 4095 3185 4154 Petrus
3218 4108 3354 4152 vero
3389 4109 3520 4151 cum
3554 4089 3864 4153 recessis-

487 4171 560 4232 de
589 4174 699 4245 his,
723 4178 819 4255 qui
846 4185 1004 4238 certo
1026 4178 1142 4238 ﬁne
1167 4181 1568 4240 terminantur
1601 4179 1789 4251 caelis,
1829 4179 2122 4239 rationem
2210 4189 2342 4240 sent
2373 4180 2580 4253 turbae,
2610 4184 2795 4242 sterni
2820 4183 2998 4261 jussit
3026 4180 3186 4241 liumi
3223 4180 3334 4243 sub
3359 4198 3496 4241 aere
3528 4179 3665 4240 atrii
3697 4179 3866 4241 nudo

483 4264 576 4353 vel
610 4266 915 4344 receperis
951 4277 1238 4339 nostram,
1277 4269 1363 4330 vel
1420 4270 1544 4348 ipse
1593 4269 1910 4349 protuleris
1943 4277 2121 4330 tuam.
2207 4269 2306 4330 ubi
2339 4269 2534 4353 fuerat
2565 4271 2956 4352 disputatum,
2992 4280 3048 4331 et
3078 4270 3358 4333 recubuit
3409 4289 3522 4331 una
3567 4287 3707 4330 cum
3743 4268 3872 4330 illis

487 4352 652 4424 Quod
675 4355 1261 4438 sideltisquazcertis
1282 4358 2128 4419 ﬁnibusconcludunturintel-
2213 4352 2513 4439 undecim,
2551 4379 2656 4438 ego
2690 4379 2827 4421 vero
2879 4380 3014 4421 cum
3070 4363 3198 4423 aliis
3248 4359 3628 4440 quibusdam,
3668 4359 3874 4435 quiet

487 4442 674 4518 ligere
707 4465 823 4506 non
859 4457 1046 4526 potes,
1079 4451 1262 4511 multo
1292 4449 1476 4527 magis
1498 4449 1681 4510 dehis
1706 4467 1836 4528 qua:
1858 4448 1985 4508 sine
2011 4447 2126 4509 ﬁuc
2151 4449 2322 4528 Dipsi
2356 4449 2524 4510 initia
2563 4450 2845 4511 audiendi
2879 4451 3040 4511 verbi
3077 4450 3181 4512 Dei
3214 4458 3569 4530 acceperant
3603 4457 3665 4508 et
3695 4455 3874 4510 erant
3943 4487 3950 4494 -

486 4011 616 4071 gem
651 3995 836 4058 dedit.
861 3998 983 4058 Nec
1015 4009 1208 4059 tamen
1245 4018 1479 4077 possum
1515 3998 1620 4060 tibi
1643 3998 1862 4079 aliquid
1898 3999 1971 4060 de
2005 3998 2121 4059 im-

489 4087 798 4146 mensitate
821 4095 879 4146 et
899 4087 988 4147 his
1016 4108 1147 4168 qum
1168 4089 1296 4150 sine
1321 4090 1439 4151 ﬁne
1458 4099 1596 4150 sunt
1614 4091 1798 4170 loqui,
1826 4090 1936 4150 nisi
1959 4091 2124 4168 prius

485 4541 645 4604 sunt,
683 4553 877 4612 neque
907 4537 1061 4597 scire
1093 4539 1313 4619 aliquid
1354 4537 1571 4616 poteris
1625 4559 1634 4595 l
1666 4556 1817 4617 eque
1868 4537 2119 4598 discere.

569 4624 912 4688 LXVIII.Ad
939 4627 1061 4690 bzec
1093 4632 1318 4692 Simon:
1352 4630 1588 4709 Melius,
1615 4626 2128 4701 ait,mihividetur

487 4713 837 4792 simpliciter
866 4717 1134 4791 credere,
1171 4718 1306 4799 quia
1339 4721 1494 4781 Iieus
1527 4728 1636 4790 est,
1669 4729 1727 4781 et
1768 4717 1905 4798 quia
1934 4718 2120 4778 solum

483 4804 635 4864 istud
659 4807 815 4884 quod
837 4807 1130 4880 videmus,
1156 4808 1234 4869 sit
1255 4809 1468 4870 caelum
1495 4809 1554 4869 in
1577 4809 1852 4868 universo
1875 4806 2119 4867 mundo.

483 4893 553 4956 Et
571 4897 940 4958 PetruszNou
959 4897 1376 4977 ita.inquit,sed
1395 4918 1574 4958 unum
1594 4899 1835 4978 quidem
1857 4896 2124 4957 conﬁteri

484 4986 756 5046 convenit
783 4989 967 5049 Deum
991 4987 1244 5067 quivere
1268 4997 1360 5051 est
1385 5009 1401 5065 ;
1428 4989 1608 5050 ccelos
1631 4995 1828 5049 autem
1850 5003 1984 5048 esse
2009 4986 2125 5064 (79)

2211 4539 2569 4619 charissimi,
2601 4540 2959 4601 recumbens
2995 4542 3300 4601 sumebam
3347 4540 3568 4600 cibum.

2289 4627 2486 4690 LXXI.
2506 4628 2621 4689 Sed
2645 4629 3108 4707 benignissimus
3131 4627 3338 4690 Petrus
3358 4626 3875 4707 considerans,ne

2209 4717 2360 4778 forte
2391 4717 2683 4778 tristitiam
2727 4718 2870 4779 mihi
2899 4718 3149 4779 inferret
3190 4719 3299 4779 ista
3330 4715 3762 4798 sequestratio,
3793 4715 3877 4777 ait

2209 4809 2280 4870 ad
2317 4827 2408 4868 me
2440 4827 2451 4870 :
2487 4809 2614 4871 Non
2649 4829 2752 4890 pro
2785 4813 3143 4891 superliia,o
3172 4809 3471 4883 Clemens,
3513 4808 3870 4871 convivium

2210 4919 2326 4960 non
2362 4918 2470 4979 ago
2504 4920 2636 4962 cum
2667 4901 2880 4978 bisqui
2912 4900 3171 4961 nondum
3205 4900 3505 4982 puriﬁcati
3549 4905 3720 4964 sunt,
3759 4897 3872 4960 sed

2211 5008 2418 5051 vereor
2450 5009 2524 5052 ne
2556 4991 2707 5052 forte
2737 4991 2880 5050 mihi
2912 4990 3151 5071 quidem
3190 5009 3462 5066 noceam,
3487 4989 3638 5070 ipsis
3661 4997 3872 5049 autem

565 5225 613 5267 τε
642 5226 723 5290 Et
754 5227 1255 5307 ideo—separari
1281 5237 1475 5308 potest
1502 5229 1926 5291 desiderantur
1961 5227 2016 5286 in
2063 5240 2317 5312 utroque
2349 5232 2486 5295 cod.
2522 5231 2680 5311 Lips.

1816 5448 2211 5512 COTELERII
2254 5448 2503 5513 NOT/E.

550 5669 659 5740 (79)
692 5668 861 5726 Caelo:
919 5677 1097 5726 autem
1143 5687 1269 5725 esse.
1328 5669 1403 5727 De
1451 5669 1594 5728 caelo
1642 5677 1696 5729 et
1732 5667 1887 5725 caelis
1945 5669 2121 5726 multa

478 5740 900 5813 sanctiPatres,
926 5751 1095 5813 atque
1123 5743 1408 5800 contraria
1455 5759 1467 5799 :
1512 5741 1730 5813 sedea,
1762 5750 1825 5799 ut
1856 5750 1912 5798 et
1942 5741 2122 5812 majo-

476 5823 598 5872 rem
629 5809 1068 5882 Recognitionu'm
1102 5821 1338 5884 partem,
1373 5813 1528 5887 quod
1575 5812 1642 5871 ad
1681 5814 1964 5871 humanas
2006 5809 2127 5871 dis-

2207 5669 2447 5746 ciplinas
2479 5669 2664 5740 potius
2691 5675 2964 5746 spectent,
3002 5685 3175 5742 quam
3217 5671 3287 5728 ad
3314 5672 3879 5746 theologiam,“

2208 5740 2555 5801 illustratum
2577 5754 2691 5799 non
2733 5743 2902 5798 imus.
