4070 6340
277 409 1054 468 ψ

1639 406 3061 418 mm

1054 589 2723 776 DISSEBTATIO

2723 449 3501 458 ———-—.————-——————~

1475 889 1562 945 DE
1601 885 1904 944 OMNIBUS
1938 885 2336 943 GENERATIM

657 1074 1003 1165 PRIMI
1081 1067 1670 1159 ECCLESL/E
1743 1063 2192 1154 SIECULI
2269 1065 3172 1164 SCRIPTORIBUS.

737 1263 818 1328 (ι).
845 1263 912 1312 ιε
933 1260 1154 1317 Νουιιηγ,
1179 1258 1454 1321 Apparatus
1486 1250 1551 1300 ad
1590 1247 1928 1299 Bibliothecam
1955 1247 2236 1312 mum,
2263 1254 2487 1314 Parisiis,
2515 1256 2654 1318 1705,
2681 1258 2895 1321 in—foho,
2924 1274 2971 1323 p.
2998 1255 3066 1322 1.)

789 1551 1014 1609 CAPUT
1051 1549 1339 1605 PRIMUM.

287 1657 466 1744 Quam
495 1687 662 1742 pauca
691 1669 950 1745 supersint
971 1664 1283 1745 scriptorum
1308 1664 1466 1745 primi
1484 1661 1733 1745 Ecrtesiat
1755 1678 1854 1745 mf

361 1748 467 1800 culi
495 1736 690 1810 opera;
721 1736 815 1792 cur
845 1738 977 1791 Deus
1009 1736 1164 1804 plura
1195 1737 1407 1810 interire
1441 1736 1775 1810 permiserit;
1805 1741 1854 1786 et

363 1815 487 1884 quid
517 1805 571 1865 in
599 1813 698 1864 hac
727 1811 1096 1862 dissertatione
1131 1805 1464 1858 tractandum
1490 1805 1578 1858 sit.

364 1920 602 1973 Plurima
648 1917 867 1987 quidem
912 1923 1153 1969 veterum
1199 1913 1358 1983 primi
1390 1911 1644 1967 Ecclesiae
1673 1911 1855 1966 saeculi

289 2007 512 2062 Patrum
544 2013 762 2060 exstant
786 2018 972 2072 opera,
992 2003 1045 2056 in
1071 2001 1403 2056 Bibliotheca
1430 2009 1613 2056 nostra
1641 2000 1857 2072 Lugdu-

289 2099 454 2153 nensi
499 2097 804 2166 promiscue
853 2094 1027 2161 edita;
1061 2091 1155 2147 sed
1210 2093 1359 2146 nulla
1409 2100 1557 2155 sunt,
1592 2101 1684 2145 aut
1714 2098 1860 2146 certe

292 2188 646 2260 paucissima,
684 2202 805 2255 quae
835 2200 992 2239 veros
1020 2184 1395 2254 genuinosque
1427 2191 1591 2237 tantae
1622 2184 1860 2254 antiqui—

293 2280 433 2334 tatis
461 2279 797 2332 characteres
846 2290 955 2346 pra:
1000 2290 1060 2329 se
1095 2275 1233 2329 ferre
1281 2274 1496 2330 invictis
1526 2274 1860 2344 argumentis

295 2371 760 2425 demonstrentur.
782 2365 997 2437 Septem
1025 2366 1222 2436 quippe
1246 2363 1454 2435 lgnatii,
1479 2365 1718 2434 episcopi
1749 2363 1860 2419 An.

295 2461 534 2516 tiocheni
561 2467 614 2513 et
647 2459 921 2529 martyris,
951 2457 1213 2527 epistolae,
1255 2458 1322 2510 ab
1368 2469 1453 2516 eo,
1489 2455 1566 2508 uti
1609 2454 1863 2510 ostende-

297 2569 439 2616 mus,
487 2553 654 2606 dubio
699 2551 888 2621 procul
935 2563 1064 2605 sunt
1113 2548 1396 2619 profeclaz;
1437 2555 1490 2601 at
1521 2547 1626 2601 illa:
1663 2546 1862 2602 eaedem

300 2659 407 2698 non
439 2654 565 2698 ante
593 2651 846 2697 octavum
896 2640 1120 2695 secundi
1164 2641 1345 2695 saeculi
1371 2653 1572 2693 annum
1600 2639 1656 2693 in
1685 2638 1862 2693 lucem

300 2736 638 2806 prodierunt.
666 2734 743 2787 Ad
771 2733 1000 2803 primum
1032 2749 1160 2788 vero
1189 2732 1443 2787 Ecclesiae
1464 2731 1720 2787 saeculum
1743 2746 1865 2802 per-

303 2829 478 2882 tinere
508 2827 667 2882 nobis
715 2826 967 2880 videntur
1014 2841 1136 2878 cum
1188 2824 1444 2878 Barnaba!
1471 2821 1701 2894 apostoli
1727 2818 1854 2894 Epi-

307 2919 467 2982 stola,
500 2927 615 2971 tum
663 2917 827 2972 etiam
875 2924 987 2971 tres
1030 2914 1292 2977 Pastoris,
1321 2929 1418 2969 seu
1449 2911 1660 2967 Hermae
1702 2911 1861 2978 libri;

306 3001 556 3063 veremur
595 3017 776 3063 tamen
822 3021 889 3062 ne
931 3015 1008 3063 eae
1034 3007 1233 3077 quibus
1259 3005 1309 3060 id
1341 3006 1698 3075 assequimur,
1732 3004 1866 3060 con;

303 3095 548 3170 iecturze,
583 3102 933 3171 quantumvis
973 3101 1138 3154 firma
1183 3099 1292 3153 sint
1332 3109 1385 3153 et
1406 3099 1611 3162 solidae,
1643 3099 1711 3154 iis
1755 3104 1865 3154 non

307 3195 627 3266 probentur,
659 3193 750 3262 qui
779 3208 879 3246 nec
910 3198 1307 3262 prmconceptas
1337 3190 1620 3260 opiniones
1639 3193 1866 3262 possunt

309 3301 545 3356 unquam
593 3285 898 3354 deponere;
933 3298 1033 3338 nec
1067 3283 1208 3336 vinci
1256 3282 1458 3348 volunt,
1488 3283 1595 3337 nisi
1642 3283 1868 3338 demon-

309 3376 664 3432 Strationibus
722 3374 1110 3429 invictis‘simis.
1160 3371 1328 3428 Porro
1381 3381 1560 3427 autem
1618 3376 1866 3444 quamvis

309 3468 564 3522 omnibus
593 3465 646 3520 id
681 3474 827 3521 esset
853 3479 1192 3535 persuasum,
1221 3463 1340 3518 duae
1368 3472 1574 3518 tantum
1607 3481 1750 3520 nunc
1775 3466 1867 3521 su;

309 3567 593 3629 peressent
639 3559 964 3628 scriptorum
999 3560 1158 3629 primi
1191 3559 1352 3628 hujus
1387 3560 1570 3613 saeculi
1608 3560 1868 3615 lucubra-

311 3653 508 3706 tiones.
541 3650 637 3705 His
661 3659 842 3705 autem
869 3651 1010 3720 quod
1042 3652 1386 3721 adjungatur,
1415 3652 1549 3705 nihil
1582 3652 1693 3707 fere
1721 3653 1870 3708 aliud

312 3741 502 3801 restat.
538 3742 646 3797 nisi
674 3743 845 3812 prima
878 3758 939 3796 ac
969 3738 1151 3796 forS‘an
1183 3743 1418 3796 secunda
1444 3743 1734 3798 Clementis
1761 3743 1871 3798 Ro-

315 3834 462 3887 mani
489 3832 751 3902 Epistola,
783 3847 901 3902 quae
931 3847 1052 3886 cum
1082 3833 1136 3886 in
1162 3829 1494 3888 Bibliotheca
1519 3841 1705 3887 nostra
1730 3834 1870 3906 Lug-

318 3923 551 3977 dunensi
597 3938 706 3976 non
756 3924 865 3978 sint
905 3923 1142 3989 excusas,
1171 3923 1354 3978 nullus
1383 3922 1449 3979 de
1477 3924 1544 3979 iis
1576 3926 1681 3979 erit
1711 3925 1870 3981 nobis

316 4013 420 4068 hoc
446 4016 499 4068 in
532 4029 696 4085 Opere
721 4015 937 4069 dicendi
964 4015 1136 4069 locus.

389 4103 583 4159 llirum
613 4119 764 4168 sane,
798 4119 861 4159 ac
891 4103 1118 4161 forsitan
1149 4104 1466 4160 incredibile
1495 4106 1777 4160 nonnullis
1797 4105 1873 4160 vi-

320 4196 555 4259 debitur,
582 4195 726 4265 quod
749 4203 857 4249 tam
889 4209 1058 4264 pauca
1087 4193 1154 4248 ad
1183 4210 1283 4249 nos
1313 4195 1654 4264 pervenerint
1684 4196 1871 4266 prima:

322 4289 749 4343 Christianorum
781 4289 954 4344 aetatis
979 4303 1160 4358 Opera.
1193 4287 1354 4342 Extra
1380 4288 1600 4342 dubium
1639 4304 1872 4358 namque

321 4379 412 4435 est
440 4380 615 4447 plures
649 4379 877 4448 hujusce
924 4379 1181 4448 temporis
1224 4379 1519 4448 scriptores
1562 4378 1710 4432 varia
1757 4378 1874 4432 edi-

320 4470 472 4525 disse
499 4471 777 4539 opuscula,
809 4468 1086 4540 epiStolas,
1121 4477 1384 4524 tractatus
1411 4471 1496 4525 vel
1524 4469 1660 4524 alias
1689 4469 1875 4537 hujus-

321 4561 536 4616 cemodi
587 4561 1008 4616 lucubrationes.
1045 4559 1160 4625 Qua
1204 4543 1333 4631 ergo
1378 4560 1471 4616 Dei
1514 4559 1873 4630 providentia,

321 4655 558 4722 inquies,
585 4653 701 4708 fieri
733 4654 940 4723 potuit,
971 4661 1029 4707 ut
1058 4661 1166 4708 tam
1193 4654 1424 4724 pretiosa
1446 4652 1749 4707 divinorum
1779 4651 1878 4705 ho-

328 4745 533 4799 minum
563 4753 931 4808 monumenta,
969 4760 1090 4814 quae
1116 4744 1275 4814 primi
1305 4757 1427 4799 esse
1453 4743 1718 4821 debebant
1764 4749 1878 4795 tra-

326 4833 548 4889 ditionis
577 4843 776 4890 nostra:
803 4836 1039 4897 canales,
1073 4835 1291 4904 penitus"
1312 4832 1654 4888 interierint?
1676 4824 1878 4886 Verum

325 4925 413 4980 his
459 4927 814 4996 querimoniis
857 4926 966 4981 cito
1006 4927 1224 4980 modum
1266 4926 1529 4994 impones,
1565 4924 1612 4978 si
1662 4921 1882 4977 aliunde

329 5016 582 5073 damnum
617 5019 775 5083 illud,
801 5018 1145 5087 quantumvis
1177 5013 1484 5086 lugendum,
1513 5018 1671 5087 plene
1708 5029 1884 5070 resar-

331 5111 495 5164 citum
541 5110 835 5182 intelligas.
866 5109 1072 5164 Etenim
1101 5124 1290 5164 omnes
1318 5105 1443 5163 novi
1489 5107 1710 5163 foederis
1756 5104 1882 5161 libri

332 5201 518 5270 scripti
551 5209 678 5255 sunt
707 5201 812 5255 hoc
843 5200 1068 5272 saeculo;
1093 5209 1253 5272 atque
1276 5216 1340 5256 eo
1356 5200 1644 5271 plurimum
1673 5199 1880 5265 adulto,

333 5297 387 5346 et
443 5305 578 5361 pene
633 5290 866 5356 labente,
899 5285 1136 5347 Joannes
1187 5283 1464 5363 apostolus
1508 5292 1882 5362 Evangelium,‘

335 5382 800 5453 Apocalypsiinque
831 5398 984 5439 suam
1013 5385 1323 5452 publicavit.
1355 5385 1495 5451 Quid
1524 5386 1669 5455 quod
1703 5392 1758 5440 et
1781 5396 1881 5439 ea-

338 5472 453 5527 dem
509 5474 603 5528 Dei
636 5463 970 5545 providentia
1001 5476 1200 5530 factum
1232 5488 1332 5541 est,
1365 5488 1423 5532 ut
1453 5479 1519 5533 iis
1549 5479 1798 5535 acerbius
1829 5480 1883 5535 in

1871 1552 1920 1608 Α
1947 1547 2038 1620 qui
2077 1563 2201 1602 cum
2243 1548 2482 1611 Christo,
2518 1564 2682 1604 carne
2727 1560 2912 1606 nostra
2950 1553 3159 1618 induto,
3207 1560 3515 1616 conversati

1956 1649 2103 1705 sunt,
2133 1643 2352 1714 longum
2385 1643 2436 1697 in
2469 1651 2681 1712 tempus
2709 1645 2872 1700 vitam
2905 1647 3286 1716 produxerim,
3319 1666 3520 1722 eosque

1956 1734 2047 1803 qui
2085 1736 2284 1788 saaculo
2332 1736 2575 1788 secundo
2602 1735 2923 1801 floruerunt,
2960 1737 3251 1794 habuerint
3278 1743 3520 1812 discipu-

1955 1825 2058 1879 los.
2091 1824 2201 1879 Hos
2234 1841 2363 1894 ergo
2399 1825 2571 1880 sacris
2598 1825 2859 1880 doctrinae
2883 1827 3208 1884 Christianae
3237 1835 3521 1903 praeceptis

1955 1925 2008 1969 et
2036 1913 2403 1984 dogmatibus,
2435 1927 2554 1983 quae
2586 1914 2661 1968 illi
2707 1928 2737 1967 a
2782 1914 3001 1970 Christo
3031 1918 3150 1987 ipso
3175 1933 3519 1991 acceperant.

1957 2010 2250 2076 potuerunt
2291 2003 2536 2058 imbuere
2569 2023 2582 2059 :
2616 2021 2715 2060 nec
2747 2006 2871 2062 aliis
2901 2007 3143 2064 Ecclesia
3171 2012 3394 2085 indiguit
3426 2018 3525 2069 do-

1959 2095 2222 2158 ctoribus,
2262 2094 2437 2164 queis,
2465 2101 2720 2163 tanquam
2751 2096 3050 2157 canalibus.
3082 2099 3269 2154 eadem
3301 2103 3525 2172 dogma-

1958 2194 2014 2241 ta
2046 2201 2178 2242 voce
2206 2193 2260 2241 et
2295 2200 2411 2249 ore,
2446 2185 2565 2241 sine
2596 2186 2822 2256 scripto,
2855 2187 2922 2242 de
2949 2204 3133 2254 manu,
3163 2199 3220 2244 ut
3259 2194 3432 2256 aiunt.
3471 2195 3526 2250 in

1961 2297 2180 2337 manum
2225 2281 2293 2335 ad
2343 2296 2446 2336 nos
2489 2285 3012 2340 transmitterentur.
3045 2275 3287 2358 Denique
3317 2288 3417 2342 hac
3448 2297 3528 2342 tot

1959 2373 2204 2443 tantique
2251 2373 2412 2449 pretii
2457 2373 2785 2443 scriptorum
2823 2373 3036 2442 jactura
3086 2375 3367 2442 docemur,
3417 2395 3526 2435 non

1962 2463 2110 2519 aliud
2140 2464 2336 2519 divinae
2368 2459 2733 2520 Providentiae
2763 2465 2934 2523 fuisse
2971 2470 3258 2524 consilium
3279 2510 3293 2533 ,
3327 2473 3430 2526 nisi
3469 2482 3528 2526 ut

1961 2557 1999 2612 ii
2024 2555 2359 2612 sanctissimi
2392 2557 2708 2627 scriptores,
2759 2559 2851 2629 qui
2894 2575 3083 2616 omnes
3114 2563 3357 2632 plerique
3403 2581 3528 2619 san-

1963 2645 2179 2717 guinem
2229 2661 2328 2716 pro
2365 2644 2674 2703 Christiana
2715 2649 2817 2705 lide
2848 2651 3068 2714 tuenda,
3102 2646 3156 2707 et
3187 2657 3529 2725 prapagauda

1964 2737 2238 2801 fuderunt,
2273 2738 2420 2792 illam
2453 2740 2765 2811 sanguineis
2796 2740 2950 2797 etl‘usi
2981 2744 3193 2800 cruoris
3238 2747 3406 2816 guttis
3449 2751 3529 2802 al-

1911 2857 1937 2900 -_~
1965 2828 2094 2890 tius,
2153 2843 2316 2899 quam
2369 2827 2579 2892 charta,
2619 2829 2829 2883 calamo
2880 2839 2933 2885 et
2974 2838 3301 2900 atramento,
3333 2835 3530 2890 animis

1965 2917 2243 2972 hominum
2274 2918 2657 2983 inscriberent,
2692 2920 3104 2992 inligerentque.

2030 2997 2166 3063 Cum
2200 3016 2377 3064 autem
2410 3009 2738 3079 pauCissima
2769 3010 2879 3065 sint
2908 3009 3125 3065 Patrum
3161 3013 3317 3082 primi
3345 3011 3532 3070 Eccle-

1965 3100 2061 3158 ὀίω
2107 3101 2292 3158 saeculi
2332 3115 2529 3172 opera,
2561 3102 2651 3156 illa
2700 3117 2831 3157 sane
2879 3118 2945 3158 eo
2994 3104 3167 3172 pluris
3214 3105 3529 3162 mstimanda

1965 3197 2116 3255 sunt,
2142 3205 2252 3261 quo
2299 3190 2558 3259 majorem
2603 3190 2764 3246 iidem
2805 3190 2994 3248 Patres
3025 3201 3079 3248 et
3107 3193 3301 3250 merito
3324 3212 3444 3260 suo,
3476 3207 3531 3253 et

1967 3294 2066 3335 sua
2114 3293 2235 3333 cum
2265 3279 2483 3334 Christo
2512 3280 2736 3350 ejusque
2765 3282 3023 3349 apostolis
3050 3286 3439 3341 consuetudine
3468 3303 3532 3343 ac

1968 3369 2334 3425 familiaritate
2363 3369 2468 3423 sibi
2499 3369 2930 3424 conciliaverunt
2958 3373 3359 3432 auctoritatem.
3386 3377 3528 3442 Qua-

1968 3467 2189 3533 prOpter
2217 3467 2274 3514 ut
2303 3474 2557 3530 germana
2584 3473 2772 3514 eorum
2806 3462 3006 3531 scripta
3037 3478 3066 3515 a
3091 3465 3294 3533 spuriis
3323 3474 3375 3522 et
3404 3483 3532 3539 sup-

1969 3552 2222 3624 posititiis
2249 3556 2453 3621 queant
2487 3549 2644 3605 facile
2675 3551 2932 3617 discerni,
2959 3554 3171 3626 singula
3196 3571 3423 3629 quaeque
3465 3562 3530 3615 ad

1970 3644 2271 3701 severiores
2316 3643 2524 3698 criterii
2567 3645 2804 3714 regulas,
2851 3646 3095 3703 studiose
3141 3649 3533 3722 diligenterque

1973 3738 2028 3793 in
2055 3735 2404 3807 sequentibus
2427 3735 2909 3794 dissertationibus
2937 3737 3388 3801 examinabimus.
3425 3747 3531 3803 Sed

1971 3819 2124 3899 prius
2171 3827 2238 3881 de
2286 3828 2353 3882 iis
2401 3843 2520 3897 qua:
2551 3828 2618 3882 ad
2646 3829 2767 3885 illos
2797 3831 3093 3900 scriptores
3127 3838 3423 3905 generatim
3471 3858 3534 3897 ac

1972 3919 2220 3974 universe
2253 3919 2543 4002 pertinent,
2573 3919 2674 3974 hac
2721 3921 2777 3975 in
2828 3922 3207 3982 dissertatione
3250 3929 3534 4000 disputan-

1972 4009 2100 4065 dum
2129 4010 2609 4067 est.Ustendemus
2638 4010 2822 4080 itaque
2851 4015 2995 4083 quod
3025 4031 3212 4070 eorum
3230 4019 3527 4090 ingenium,

1972 4117 2091 4174 qua:
2117 4101 2317 4169 studia,
2349 4117 2469 4173 quas
2502 4104 2910 4173 occupationes,
2944 4123 3063 4178 quze
3092 4111 3407 4168 occasiones
3453 4115 3533 4168 eis

1974 4194 2042 4249 ad
2091 4193 2437 4250 scribendum
2489 4195 2709 4260 fuerint,
2759 4213 2898 4267 quos
2945 4204 3338 4268 prostraverint
3382 4203 3535 4260 Chri-

1975 4285 2138 4341 stiani
2169 4281 2405 4342 nominis
2433 4295 2486 4342 et
2514 4287 2778 4343 doetrinas
2808 4287 3013 4352 hostes,
3043 4306 3106 4346 ac
3155 4292 3370 4350 tandem
3414 4312 3534 4364 quae

1977 4377 2180 4431 fuerint
2222 4378 2421 4432 scholae
2470 4393 2564 4433 seu
2598 4377 2702 4435 leci
2733 4380 2957 4451 publici,
2989 4382 3044 4436 in
3089 4384 3286 4452 quibus
3314 4385 3348 4439 ii
3379 4384 3536 4441 Chri-

1977 4469 2208 4524 stianam
2245 4468 2531 4525 didicerint
2560 4469 2741 4535 ﬁdem,
2767 4471 2850 4527 vel
2868 4473 3003 4528 alios
3024 4473 3238 4544 ipsim'et
3262 4491 3378 4531 eam
3407 4478 3538 4533 edo-

1975 4562 2203 4616 cuerint.

2584 4650 2812 4708 CAPUT
2851 4651 2914 4708 ll.

1980 4767 2131 4835 Quod
2161 4758 2321 4840 fuerit
2362 4767 2674 4840 scriptarum
2702 4765 2860 4835 primi
2886 4767 3065 4840 seculi
3101 4769 3394 4840 ingenium,
3423 4788 3539 4840 qua:

2049 4837 2248 4905 studia,
2273 4838 2634 4906 Occupatianes
2651 4845 2699 4889 et
2723 4837 3018 4892 occasiones
3042 4837 3109 4891 ad
3129 4837 3477 4895 scribendum.

2051 4927 2214 4983 Extra
2247 4927 2674 4984 controversiam
2698 4934 2782 4983 est
2805 4928 2932 4984 illos
2960 4943 3024 4984 eo
3049 4929 3392 5000 potissimum
3418 4947 3537 4983 0m-

1979 5018 2080 5076 nes
2110 5019 2310 5090 ingenii
2356 5018 2440 5074 sui
2487 5032 2682 5074 nervos
2725 5019 3091 5081 contendisse,
3118 5034 3388 5088 omneque
3420 5027 3538 5075 stu-

1981 5114 2128 5170 dium
2157 5118 2212 5167 et
2231 5125 2450 5181 operam
2473 5110 2897 5180 consumpsisse,
2931 5117 2990 5164 ut
3013 5108 3361 5181 Evangelium
3385 5110 3541 5166 Chri-

1983 5207 2055 5262 sti
2098 5203 2350 5258 omnibus
2399 5203 2820 5267 annuntiar‘ent;
2871 5214 2937 5254 ac
2981 5199 3350 5256 demonstrata
3379 5201 3541 5256 Chri-

1983 5298 2172 5353 stianm
2199 5294 2474 5366 religionis
2505 5289 2750 5357 veritate,
2782 5293 2849 5348 iis
2877 5292 3265 5361 persuaderent
3294 5309 3412 5348 eam
3447 5311 3539 5349 so-

1982 5388 2110 5452 lam,
2142 5386 2352 5440 caeteris
2393 5384 2647 5439 omnibus
2689 5379 3007 5451 repudiatis,
3055 5396 3178 5436 esse
3226 5384 3540 5454 amplexan-

1933 5535 1935 5537 ,
1986 5477 2134 5533 dam.
2175 5475 2311 5530 Hinc
2345 5474 2559 5530 Iudaeos
2585 5473 2751 5528 variis
2780 5471 3172 5528 convincebant
3208 5477 3538 5544 argumentis

338 5577 646 5621 nascentem
713 5566 1009 5624 Ecclesiam
1065 5569 1394 5625 sazvientium
1443 5569 1879 5641 persecutionum
1912 5557 1958 5613 Ῑ)
1985 5572 2260 5627 Christum
2302 5585 2422 5625 esse
2449 5570 2599 5623 illum
2631 5568 2841 5633 tandiu,
2873 5576 3126 5637 tantoque
3151 5568 3341 5623 ardore
3365 5569 3430 5622 ab
3459 5569 3541 5623 eis

337 5663 686 5732 temporibus,
721 5663 901 5731 plures
948 5677 1072 5714 cum
1118 5679 1182 5716 ex
1231 5664 1508 5735 apostolis,
1541 5673 1654 5721 tum
1683 5683 1748 5723 ex
1791 5667 1884 5732 iis,

653 5758 913 5815 Parnm.
957 5756 1077 5815 Gn.
1114 5753 1163 5814 l.

1985 5668 2375 5732 exspectatum,
2409 5658 2682 5726 Messiam,
2715 5673 3011 5731 verumque
3043 5657 3232 5716 I‘eum,
3260 5665 3313 5712 et
3362 5656 3540 5712 Patris

3153 5755 3184 5811 1
