4070 6340
548 291 607 345 Η
668 316 683 329 ν
1718 285 1814 342 .DF
1854 279 2160 341 OMNIBUS
2196 282 2589 339 GENERATIM
3698 286 3765 342 iit

542 405 727 460 aterni
776 403 1005 471 Filium;
1054 416 1185 460 tunc
1214 417 1343 461 vero
1373 407 1654 478 completa,
1691 420 1811 476 quae
1852 406 1919 459 de
1949 404 2039 459 illo
2068 415 2099 454 a
2127 400 2177 460 Α
2206 409 2443 470 peccata,
2475 401 2558 457 vel
2589 404 2897 462 nascentes,
2918 398 3138 470 jamque
3160 399 3428 456 irruentes
3452 398 3654 456 abusus
3673 414 3767 454 ca-

542 498 819 567 prophetis
864 499 1219 569 pranuntiata
1251 497 1485 562 fuerant,
1512 500 1762 566 oracula;
1808 514 1873 553 ac
1903 499 2102 569 Moysis

542 591 733 660 legem,
765 590 1135 659 caeremonias,
1168 601 1222 648 et
1265 592 1532 649 sacrificia
1579 591 1647 645 ab
1691 605 1756 646 eo
1800 589 1967 643 fuisse
2015 603 2101 643 re-

535 682 712 736 scissa
735 688 789 735 et
814 682 1091 754 abrogata.

610 782 846 853 Paganis
876 792 1067 851 autem
1088 790 1142 839 et
1167 784 1432 839 idolorum
1465 785 1767 840 cultoribus
1800 783 1947 837 ibant
1977 797 2098 853 per-

538 891 761 929 suasum
789 875 904 930 fieri
926 891 1033 931 non
1056 890 1238 946 posse,
1267 886 1324 931 ut
1349 878 1533 947 plures
1557 877 1666 933 sint
1688 877 1785 940 dii,
1818 875 1913 931 sed
1930 890 2096 929 unum

534 967 915 1023 tantummodo
964 983 1086 1023 esse
1132 967 1301 1024 Deum
1354 969 1476 1024 cali
1504 977 1558 1025 et
1590 976 1769 1031 terra,
1806 980 2098 1037 rerumque

539 1057 783 1113 omnium
821 1065 1163 1125 creatorem;
1207 1058 1484 1114 Christum
1527 1072 1658 1113 vero
1705 1057 1923 1112 unicum
1976 1056 2095 1126 ejus

535 1165 657 1206 esse
682 1149 904 1217 Filium,
945 1151 1021 1205 ita
1043 1167 1072 1206 a
1101 1150 1262 1206 Patre
1293 1146 1553 1222 genitum,
1590 1157 1647 1206 ut
1675 1166 1816 1205 unus
1847 1148 2095 1219 idemque

535 1256 656 1295 cum
695 1256 759 1296 eo
788 1241 859 1296 sit
890 1240 1052 1298 Deus.
1083 1241 1261 1307 llunc,
1293 1252 1351 1295 ut
1382 1241 1628 1297 homines
1656 1240 1967 1306 redimeret,
1989 1239 2092 1293 hu-

534 1347 749 1387 manam
797 1333 1159 1403 assumpsisse
1203 1336 1763 1408 carnem,ipsumque,
1782 1347 1892 1402 quo
1922 1332 2091 1402 magis

534 1421 793 1477 falsorum
831 1422 1122 1479 numinum
1154 1423 1330 1477 cultus
1379 1422 1617 1477 infandis
1653 1423 1950 1478 sceleribus
1985 1424 2088 1477 ob-

532 1512 995 1581 scenitatibusque
1028 1512 1407 1566 abominandis
1437 1519 1555 1566 erat
1583 1519 2001 1583 conspurcatus,
2023 1528 2088 1567 eo

531 1606 781 1675 puriorcs
809 1605 1217 1675 sanctioresque
1261 1613 1314 1659 et
1354 1610 1475 1659 vita
1502 1605 1847 1660 instituenda
1876 1612 1929 1660 et
1957 1604 2087 1659 ado-

531 1697 714 1752 randa
735 1696 1034 1752 divinitatis
1067 1696 1211 1768 leges
1240 1695 1551 1750 hominibus
1578 1693 2085 1751 constituisse.Por-

528 1805 590 1843 ro
638 1797 817 1843 autem
864 1789 968 1844 etsi
997 1786 1250 1843 Christus
1293 1788 1361 1842 ab
1405 1788 1586 1857 impiis
1614 1786 2085 1858 perduellibusquc

525 1877 727 1936 Judais
760 1880 920 1936 morti
966 1878 1129 1936 fuerit
1159 1879 1393 1935 traditus
1414 1922 1429 1946 ,
1460 1879 1752 1949 scriptores
1781 1888 1959 1934 tamen
1986 1893 2085 1932 no-

526 1972 623 2026 stri
675 1972 1105 2028 luculentissima
1151 1971 1507 2028 ostendebant
1560 1970 1705 2024 illius
1749 1968 2083 2023 divinitatem

525 2065 846 2127 innumeris,
872 2080 992 2135 qua
1019 2064 1135 2136 ipse
1160 2064 1422 2127 ediderat,
1454 2077 1680 2134 quaque
1708 2062 1827 2132 ipso
1855 2076 2083 2116 nascen-

523 2163 596 2219 te,
627 2155 913 2220 moriente,
952 2164 1115 2225 atque
1144 2170 1174 2207 a
1204 2155 1432 2210 mortuis
1479 2161 1797 2225 resurgente
1842 2153 2082 2223 contige-

521 2254 662 2309 rant,
696 2244 974 2301 miraculis
1010 2245 1176 2301 fuissc
1196 2261 1452 2316 perquam
1477 2245 1834 2302 invictissime
1855 2245 2081 2301 demon-

521 2345 767 2393 stratam.
804 2336 900 2393 llis
945 2336 1217 2392 addebant
1263 2353 1364 2393 nos
1412 2344 1536 2409 post
1571 2338 1747 2408 ipsum
1790 2350 1819 2389 a
1852 2335 2081 2390 mortuis

521 2428 812 2500 aliquando
839 2444 963 2486 esse
1006 2428 1374 2493 suscitandas,
1408 2444 1472 2483 ac
1501 2428 1801 2485 secundum
1830 2429 1955 2484 vita
1983 2442 2082 2483 no-

520 2529 647 2575 strae
691 2536 854 2592 opera
905 2528 1000 2574 aut
1041 2520 1329 2591 suppliciis
1377 2521 1596 2577 aeternis
1626 2520 1954 2586 alliciendos,
1989 2527 2082 2575 aut

519 2614 851 2684 sempiterna
880 2611 1165 2668 donandos
1197 2611 1469 2669 felicitate.
1503 2612 1674 2679 Quam
1717 2612 1935 2684 quidem
1984 2611 2081 2666 du-

518 2703 750 2757 ctrinam
782 2702 1083 2767 miraculis,
1120 2717 1147 2755 a
1179 2717 1238 2758 se
1258 2718 1473 2774 quoque
1500 2702 1661 2759 editis
1685 2702 2076 2770 confirmatam,

521 2796 641 2851 fuso
665 2794 927 2867 sanguine
956 2796 1275 2866 plerumque
1301 2795 1724 2868 consignabant.

588 2892 738 2958 Quos
784 2891 1004 2946 tandem
1055 2890 1124 2945 ad
1155 2891 1518 2947 Christianam
1548 2891 1708 2949 fidem
1738 2908 1929 2949 recens
1982 2894 2080 2947 ad-

518 2983 816 3048 duxerant,
846 2982 947 3038 hos
977 2982 1166 3054 primis
1196 2998 1348 3038 nova
1389 2984 1522 3055 legis
1547 2984 1832 3055 praceptis
1858 2984 2075 3041 erudie-

2206 493 2492 563 stigatione
2517 502 2739 562 paterna
2770 494 3123 558 coercebant,
3156 493 3629 564 corrigebantque.
3659 493 3766 549 Alii

2202 583 2436 652 denique
2463 598 2529 637 ne
2554 582 2914 653 simpliciores
2940 581 3296 653 quorumdam
3322 583 3488 636 animi
3518 596 3770 637 corrum-

2203 680 2484 743 perentur,
2518 674 2571 727 in
2613 688 2895 744 perversas
2924 673 3221 737 doctrinas,
3255 688 3579 743 erroresque
3608 669 3768 728 nefa-

2202 764 2335 827 rios,
2362 780 2424 818 ac
2460 774 2745 820 nascentes
2769 763 3004 819 hareses
3036 764 3235 834 stylum
3266 770 3565 820 verterunt.

2813 877 3040 933 CAPUT
3080 878 3167 933 Ill.

2203 990 2274 1044 De
2301 992 2555 1045 Itwresum
2585 992 2743 1061 primi
2773 991 2954 1046 διεσαιὶ
2982 1001 3121 1053 ortu,
3158 1006 3459 1061 progressu,
3494 1000 3545 1046 et
3576 994 3764 1048 interi-

2270 1070 2342 1121 tu,
2374 1061 3156 1132 earumquecapuguatoribus;
3196 1078 3258 1115 ac
3286 1062 3515 1130 primum
3543 1062 3607 1118 de
3652 1064 3765 1120 Ita:-

2268 1132 2369 1185 resi
2400 1130 2632 1187 Simonis
2660 1130 2828 1200 Magi.

2262 1244 2460 1299 Verum
2494 1244 2770 1300 enimvero
2805 1244 3066 1299 adversus
3098 1243 3313 1315 divinos
3340 1242 3662 1300 Christiana
3691 1243 3760 1299 il-

2192 1337 2275 1389 dei
2294 1343 2593 1392 assertores
2605 1336 2803 1406 abipso
2828 1333 3050 1392 orientis
3065 1335 3318 1391 Ecclesia
3354 1334 3511 1390 initio
3522 1350 3589 1391 ex
3610 1336 3757 1393 erebi

2195 1425 2444 1482 faucibus
2487 1436 2830 1483 emerserunt
2875 1424 3141 1496 stupenda
3181 1426 3456 1480 variarum
3489 1425 3759 1481 haresum

2189 1523 2431 1570 monstra
2459 1533 2472 1569 :
2500 1523 2661 1586 atque
2693 1524 2751 1571 ut
2780 1515 3075 1585 prudenter
3104 1521 3287 1570 monet
3318 1512 3690 1572 Theodoretus
3708 1516 3756 1570 ':

2188 1605 2319 1663 Cum
2344 1606 2585 1663 diabolus
2600 1608 2864 1691 hominum
2876 1607 3153 1677 perniciem
3170 1607 3359 1671 sitiret,
3380 1623 3481 1661 non
3493 1619 3762 1678 exspecta.

2115 1735 2157 1794 Β
2186 1696 2281 1761 vit,
2298 1706 2354 1751 ut
2369 1698 2720 1766 apostolorum
2732 1696 3036 1767 praedicatio
3050 1696 3403 1760 incalesceret;
3420 1696 3510 1751 sed
3521 1712 3638 1751 cum
3649 1697 3760 1767 pri-

2185 1806 2325 1843 mum
2340 1790 2420 1844 illi
2430 1799 2624 1844 terram
2637 1790 2825 1855 colere,
2838 1798 2886 1845 et
2901 1790 3110 1859 pietatis
3126 1791 3329 1844 semina
3344 1807 3585 1861 spargere
3597 1806 3759 1863 cape-

2183 1888 2328 1944 rtmt,
2366 1878 3668 1944 hicinterimseminavitzizania,idestschismata
3704 1892 3759 1938 et

2183 1968 2434 2026 haereses.
2468 1969 2671 2026 Contra
2706 1970 2820 2026 hac
2848 1972 3145 2027 errantium
3174 1972 3455 2029 hominum
3482 1980 3753 2043 portenta,

2179 2078 2299 2135 quae
2327 2079 2434 2119 non
2462 2065 2663 2128 minus,
2694 2078 2855 2135 quam
2882 2073 3279 2135 persecutores,
3306 2066 3526 2122 crudele
3552 2076 3608 2123 et
3634 2071 3756 2125 exi-

2181 2154 2381 2209 tiosum
2412 2152 2670 2210 Ecclesia
2700 2153 2902 2209 bellum
2932 2154 3257 2221 intulerunt,
3288 2156 3612 2227 quandoque
3652 2173 3753 2228 pa—

2181 2245 2286 2299 lam
2319 2251 2373 2299 et
2404 2254 2608 2314 aperte,
2639 2244 2965 2315 quandoque
2994 2245 3216 2312 tectius,
3261 2254 3315 2303 et
3344 2248 3614 2303 occultius
3657 2249 3753 2305 (le-’-

2179 2344 2459 2393 certarunt
2507 2336 2803 2406 scriptores
2851 2337 3046 2394 nostri.
3078 2335 3417 2409 Quapropter
3455 2348 3517 2395 ut
3560 2354 3749 2396 eorum

2178 2426 2403 2497 scripta,
2437 2424 2637 2496 quibus
2688 2424 2921 2481 haereses
2951 2426 3085 2482 satis
3136 2428 3367 2484 obscure
3392 2429 3572 2485 verbis
3612 2446 3749 2485 non.

2179 2532 2456 2588 nunquam
2486 2516 2897 2573 obscurioribus
2926 2517 3333 2588 impugnantur,
3368 2519 3581 2577 facilius
3612 2537 3748 2593 pos‘

2180 2609 2291 2667 sint
2333 2607 2581 2680 intelligi,
2623 2607 2932 2665 earumdem
2961 2608 3240 2666 bareset'bv
3285 2617 3459 2675 ortus,
3496 2628 3742 2684 progres~

2178 2715 2274 2755 sus
2321 2707 2375 2755 et
2404 2699 2655 2755 interitus
2686 2698 2938 2765 breviter,
2971 2698 3067 2755 sed
3097 2700 3243 2756 clare
3268 2707 3322 2754 et
3368 2710 3623 2759 accurate
3650 2718 3747 2759 es-

2176 2789 2412 2862 plicandi
2445 2798 2594 2847 sunt.

2254 2904 2445 2962 Simon
2466 2903 2654 2975 Magus
2683 2902 2911 2975 primam
2932 2904 3450 2971 interChristianos,
3516 2914 3577 2960 ut
3631 2907 3743 2962 lre-

2177 2999 2382 3062 naus‘,
2426 2994 2694 3052 Eusebius
2726 2995 2769 3061 ³,
2800 2995 3135 3066 Epiphanius
3171 2995 3193 3029 "
3227 3002 3282 3053 et
3313 2996 3688 3055 Theodoretus
3714 3000 3740 3031 '

520 3077 682 3141 bant,
714 3074 1194 3145 informabantque
1240 3090 1347 3147 qua
1397 3077 1610 3132 ratione
1638 3085 1763 3148 post
1805 3078 2072 3149 abiectam

2174 3097 2496 3159 memorant,
2551 3090 2801 3148 haeresim
2830 3093 3174 3163 excogitavit,
3211 3092 3736 3167 disseminavitque:

513 3168 823 3224 Judaorum
866 3183 1272 3241 ,paganornmve
1323 3171 1633 3242 religionem
1677 3173 1767 3227 uni
1798 3172 1907 3229 Deo
1952 3189 2074 3231 ser-

514 3260 789 3315 viendum.
824 3258 962 3315 Tum
988 3260 1186 3317 deinde
1228 3275 1323 3317 eos
1370 3262 1638 3318 docebant
1683 3264 1815 3333 quid
1842 3265 2074 3337 singulis

513 3352 821 3423 quibusque
848 3360 995 3409 esset
1024 3352 1386 3423 praestandum
1408 3393 1423 3417 ,
1462 3361 1519 3408 ut
1547 3355 1872 3424 genitalibus
1900 3356 2075 3427 bapti-

512 3441 616 3498 smi
651 3442 812 3499 undis
838 3441 1056 3499 Christo
1086 3444 1416 3514 consepulti,
1456 3452 1510 3499 et
1535 3460 1658 3499 cum
1690 3461 1756 3501 eo
1784 3462 2073 3519 resurgen-

515 3542 617 3600 tes,
657 3550 796 3590 nova
843 3537 1033 3607 gratiae
1074 3536 1208 3600 vita,
1236 3537 1479 3605 peccatis
1505 3538 1741 3608 amplius
1770 3556 1878 3595 non
1908 3542 2074 3596 mori-

512 3627 644 3692 turi,
675 3633 1112 3683 renascerentur.
1134 3626 1265 3683 Post
1295 3636 1608 3699 susceptum
1632 3630 1828 3687 divina
1850 3648 2074 3704 regene-

518 3718 746 3774 rationis
768 3727 1191 3784 sacramentum,
1216 3720 1510 3776 secretiora
1541 3720 1661 3777 ﬁdei
1686 3730 1885 3781 nostra
1913 3725 2072 3797 adyta

478 3812 591 3890 ‘eis
636 3811 954 3865 reserabant
1001 3809 1149 3865 clara
1192 3818 1245 3866 et
1292 3818 1547 3866 accurata
1574 3827 1763 3868 eorum
1797 3815 2069 3882 omnium,

510 3917 630 3972 qua
670 3902 806 3958 alios
837 3901 1106 3967 celabant,
1137 3916 1259 3957 cum
1292 3904 1673 3974 mysteriorum
1703 3903 1988 3963 Trinitatis
2017 3915 2072 3963 et

508 3993 932 4061 Incarnationis,
986 4000 1101 4050 tum
1154 4006 1619 4051 sacramentorum
1666 4012 1731 4054 ac
1771 4001 2069 4068 praesertim

509 4085 864 4142 Eucharistia
893 4085 1252 4156 expositione.
1288 4085 1349 4141 ln
1374 4088 1567 4157 primis
1594 4097 1773 4145 autem
1794 4090 1920 4147 illos
1945 4092 2072 4149 hor-

509 4176 784 4239 tabantur,
815 4181 873 4228 ut
904 4175 958 4230 in
987 4176 1184 4231 tradita
1208 4176 1309 4231 lide
1328 4184 1644 4235 constantes
1666 4193 2067 4250 permanerent,

506 4281 571 4321 ac
622 4280 721 4337 pro
774 4280 838 4321 ea
881 4265 1081 4322 tuenda
1123 4267 1374 4337 qualibet
1405 4266 1705 4338 perferrent
1722 4285 1927 4342 genera
1957 4282 2069 4328 toro

506 4370 809 4417 mentorum
820 4403 833 4416 .

575 4463 783 4529 Quibus
816 4478 948 4519 sane
976 4464 1265 4521 tormentis
1301 4465 1347 4521 si
1374 4466 1482 4519 vita
1522 4464 1603 4521 eis
1644 4466 1963 4536 eriperetur,
1988 4465 2063 4521 'id

504 4551 753 4607 nonnulli
798 4553 996 4609 litteris
1040 4555 1392 4613 mandabant.
1427 4554 1749 4613 Scribebant
1795 4574 1923 4614 vero
1966 4560 2069 4616 alii

504 4644 733 4698 aliorum
767 4643 967 4699 virtute
995 4653 1048 4701 et
1077 4647 1269 4702 merito
1292 4647 1731 4717 prastantiorum
1756 4649 2060 4717 historiam,

505 4734 723 4798 itinera,
772 4736 1038 4805 pericula,
1083 4738 1335 4802 labores,
1387 4739 1705 4803 certamina,
1755 4740 2063 4810 passiones,

504 4828 792 4897 supplicia,
811 4836 864 4884 et
887 4830 1071 4885 omnia
1095 4844 1284 4885 eorum
1315 4830 1558 4903 martyrii
1590 4839 1731 4887 acta.
1755 4830 1862 4886 Alii
1890 4839 2064 4888 statu-

502 4930 556 4974 ta
587 4929 640 4977 et
659 4936 917 4986 canones,
949 4921 1018 4977 ab
1045 4922 1305 4992 apostolis
1329 4936 1623 4994 eorumque
1653 4923 2064 4982 successoribus

502 5015 568 5068 ad
597 5015 862 5070 doctrina
891 5014 1330 5085 explicationem,
1363 5014 1911 5088 informationemque
1944 5032 2061 5073 mo-

501 5122 621 5162 rum
650 5109 882 5172 sancita,
915 5108 1137 5178 scriptis
1157 5107 1480 5177 tradebant;
1511 5108 1603 5164 alii
1631 5109 1773 5166 datis
1796 5109 1865 5165 ad
1890 5124 2061 5180 quos-

499 5200 625 5253 dam
656 5198 1021 5265 Christianos,
1056 5210 1155 5255 aut
1170 5199 1489 5270 episcopos,
1509 5207 1603 5255 aut
1626 5196 1895 5255 Ecclesias
1914 5200 2061 5257 litte-

499 5292 600 5353 ris,
634 5291 755 5347 illos
789 5291 1154 5347 accendebant
1186 5289 1626 5361 ad‘tyrannorum
1657 5292 2059 5362 persecutiones

499 5381 893 5450 patientissime
935 5378 1277 5448 tolerandas;
1304 5380 1389 5435 vel
1406 5380 1661 5452 graviora
1692 5382 2054 5452 quorumdam

2182 3180 2251 3236 Ut
2303 3181 2528 3253 magnis,
2574 3181 2753 3252 inquit
2826 3180 3098 3240 Eusebius
3129 3183 3187 3250 ⁸,
3237 3193 3287 3238 et
3331 3186 3738 3242 admirabilibus

2176 3273 2470 3329 Servatoris
2509 3274 2675 3328 nostri
2707 3274 2959 3343 apostolis
2987 3290 3086 3344 par
3115 3276 3454 3331 adversarius
3484 3279 3739 3333 consiste-

2177 3376 2279 3423 ret.
2312 3365 2430 3434 Qua
2459 3380 2589 3438 ergo
2610 3366 2821 3422 ratione
2848 3365 3099 3422 Clemens
3126 3365 3524 3425 Alexandrinus
3545 3369 3567 3403 '
3594 3368 3737 3426 hanc

2174 3457 2423 3513 haeresim
2461 3473 2569 3513 non
2608 3466 2733 3513 ante
2760 3457 3004 3513 adultum
3031 3459 3292 3515 saculum
3327 3459 3649 3527 secundum.
3679 3469 3736 3516 et

2175 3545 2467 3602 Marcionis
2491 3553 2713 3602 atatem
2740 3555 2920 3603 ortum
2962 3548 3220 3605 habuisse
3258 3549 3477 3615 dixerit,
3509 3553 3735 3607 omnino

2174 3653 2285 3693 non
2316 3637 2582 3694 videmus.
2616 3636 2722 3694 Sed
2760 3637 2828 3694 de
2867 3638 2971 3695 hac
2998 3638 3292 3698 Clementis
3320 3641 3576 3713 opinione
3601 3642 3733 3699 alibi

2174 3729 2563 3799 disputabitur.

2241 3818 2292 3876 ls
2337 3835 2498 3892 porro
2546 3820 2733 3877 Simon
2768 3820 2959 3894 Gythis
2992 3823 3114 3880 vico
3144 3824 3401 3881 Samaria
3441 3825 3729 3890 oriundus,

2170 3913 2325 3984 plura
2359 3929 2479 3984 qua
2526 3914 2803 3970 miraculis
2832 3922 2888 3969 et
2928 3914 3193 3985 prodigiis
3255 3917 3479 3971 omnino
3526 3916 3728 3972 similia

2170 4007 2514 4072 videbantur,
2555 4006 2780 4076 magicis
2808 4007 3015 4061 artibus
3034 4008 3312 4076 'patrabat.
3348 4006 3453 4063 Sed
3483 4018 3603 4078 post
3629 4024 3727 4063 ex-

2169 4102 2428 4157 stinctum
2454 4101 2715 4171 martyrio
2734 4098 3090 4170 Stephanum,
3123 4098 3404 4171 Philippus
3422 4099 3724 4156 Samariam

2120 4226 2125 4229 -
2167 4191 2431 4263 evangelii
2470 4189 2799 4261 praedicandi
2826 4190 3001 4260 gratia
3029 4206 3089 4245 se
3126 4191 3377 4255 contulit,
3404 4190 3583 4262 ibique
3611 4206 3727 4247 non

2170 4283 2328 4346 falsa,
2362 4292 2421 4337 ut
2450 4280 2635 4338 Simon
2649 4282 2693 4346 ⁸,
2727 4280 2823 4337 sed
2853 4296 2979 4336 vera
3010 4280 3179 4335 edidit
3209 4280 3489 4335 miracula.
3512 4279 3727 4346 Quibus

2170 4376 2239 4431 ab
2258 4376 2446 4432 eodem
2503 4372 2724 4429 Simone
2765 4370 2918 4443 Mago
2956 4372 3212 4442 cognitis,
3240 4371 3607 4427 Christianam
3638 4386 3727 4426 re—

2169 4467 2427 4537 ligionem
2459 4464 2550 4520 ille
2575 4463 2859 4535 professus
2893 4453 3000 4529 est,
3027 4463 3133 4528 vel,
3161 4473 3221 4517 ut
3255 4463 3332 4516 ait
3379 4461 3646 4517 Eusebius
3675 4461 3721 4525 ',

2166 4556 2441 4611 simulavit
2468 4569 2529 4610 se
2557 4543 2985 4624 proﬁteri.'Cum
3006 4567 3136 4608 vero
3163 4552 3218 4606 in
3235 4552 3536 4623 baptizatos
3566 4565 3725 4607 sacra

2164 4648 2311 4706 Petri
2361 4655 2415 4703 et
2465 4644 2691 4702 Joannis
2741 4644 3398 4714 manuumimpositione
3456 4642 3723 4714 Spiritum

2170 4748 2444 4804 sanctum,
2472 4737 2727 4797 omnibus
2749 4735 3342 4807 plane-aspectabilem,
3390 4733 3722 4790 descendere

2165 4830 2564 4901 conspexisset,
2612 4827 2897 4897 pecuniam
2951 4825 3144 4881 iisdem
3178 4824 3439 4896 apostolis
3479 4824 3718 4889 obtulit,

2160 4931 2219 4980 ut
2248 4922 2499 4979 eumdem
2526 4919 2787 4990 Spiritum
2807 4926 3056 4973 sanctum
3087 4916 3143 4971 in
3168 4917 3307 4972 alios
3330 4913 3721 4971 transfunden-

2162 5016 2215 5072 di
2242 5014 2345 5072 sibi
2378 5012 2620 5069 facerent
2644 5017 2985 5082 potestatem.
3018 5007 3223 5063 Verum
3255 5007 3357 5062 hac
3382 5006 3550 5077 impie
3571 5005 3721 5062 obla-

2155 5107 2307 5163 tione
2360 5106 2428 5161 ab
2468 5104 2730 5176 apostolis
2788 5102 2902 5157 acri
2954 5113 3279 5172 magnoque,
3321 5098 3396 5153 uti
3428 5112 3528 5170 par
3556 5106 3716 5162 erat,

2158 5198 2342 5253 animo
2363 5195 2651 5252 confestim
2679 5193 2900 5264 reiecta,
2935 5190 3124 5247 Simon
3171 5192 3227 5246 in
3275 5204 3385 5246 eos
3409 5188 3720 5245 debaccha-

2155 5298 2268 5353 tus,
2324 5300 2547 5343 rursum
2593 5284 2819 5356 magicis
2881 5284 3112 5349 artibus,
3164 5280 3547 5351 erroribusque
3597 5279 3716 5334 suis

2162 5377 2482 5453 spargendis
2509 5389 2574 5432 eo
2600 5374 3044 5447 perniciosiorem
3073 5373 3221 5430 dedit
3247 5387 3493 5460 operam,
3521 5385 3631 5442 quo
3651 5385 3714 5425 ea

571 5583 1039 5657 g‘_Prafat._lih._t
1080 5583 1277 5641 Ναννοῖ.
1326 5582 1459 5640 Fab.
1529 5584 1701 5657 {'Lib.
1735 5601 1754 5641 ι
1783 5587 1986 5643 advers.
2020 5587 2077 5641 Hi

2177 5605 2222 5647 ε,
2268 5603 2388 5657 cap.
2428 5585 2518 5640 20.
2556 5583 2614 5657 _'
2652 5580 2793 5636 Hist.
2825 5581 2994 5657 lib._u
3017 5594 3138 5648 cap.
3186 5579 3274 5633 1'5.
3348 5576 3370 5609 ⁸
3402 5571 3701 5657 Ηωτεξκὲί

498 5653 751 5734 ’.Παῖς-ει.
815 5653 950 5709 Fab.
992 5655 1084 5711 lib.
1150 5671 1186 5720 I,
1217 5672 1338 5726 cap.
1376 5658 1424 5712 4.
1496 5654 1661 5713 “Lib.
1689 5674 1727 5712 ιι
1762 5660 1903 5716 Hist.
1944 5674 2065 5730 cap.
2090 5660 2177 5715 ﬂ.
2253 5660 2271 5691 ⁷
2304 5653 2421 5734 Lib.
2454 5653 2798 5710 vuStromat.
2874 5653 3029 5707 Ἀρι.
3056 5664 3248 5715 γιιι,ιι
3277 5658 3330 5705 et
3360 5663 3473 5719 seq.

498 5728 579 5781 cis
624 5726 772 5780 citat.

683 5808 737 5831 ἃ..

3567 5644 3709 5700 ιιο,
