4070 6340
293 367 361 422 15
1178 364 1364 423 PRIMI
1404 363 1757 423 ECCLESIE
1797 360 2067 419 SECULI
2107 362 2620 420 SCRIPTORIBUS.
3446 364 3512 423 ιι

287 476 471 534 omnia
496 458 619 530 ﬁcta
645 475 939 532 Christiani
974 478 1210 536 nominis
1236 478 1417 549 specie
1443 478 1702 532 audacius
1732 491 1855 530 ven-
1891 482 1933 536 Α
1959 477 2267 543 periculum,
2304 478 2439 548 quod
2476 477 2767 533 Christiani
2815 480 3135 557 docebantur
3163 493 3510 553 contemnere,

288 570 514 625 ditabat.

366 659 465 726 Qui
492 665 672 713 autem
698 658 895 714 fuerint
920 658 1157 717 Simonis
1184 676 1399 716 errores
1444 662 1511 716 ab
1542 662 1858 731 antiquissi-

288 753 396 806 mis
422 750 675 805 Patribus
706 751 903 807 disces.
956 751 1195 807 Primum
1246 756 1389 807 enim
1433 769 1497 808 ex
1533 751 1857 807 Theodoreti

288 851 411 914 post
428 841 687 896 Irenaeum
710 844 1022 898 testimonio
1047 845 1089 875 "
1116 864 1129 899 :
1154 844 1343 899 Docuit
1368 844 1698 913 semetipsum
1723 860 1854 907 esse,

300 934 393 1003 qui
427 933 565 986 inter
592 931 808 987 Judtcos
833 935 1061 1003 quidem,
1091 935 1241 1005 quasi
1288 932 1461 988 Filius
1515 934 1855 1004 apparuerit;

288 1024 345 1076 in
372 1023 629 1078 Samaria
654 1033 829 1076 autem
848 1064 864 1090 ,
887 1025 1042 1094 quasi
1068 1024 1227 1079 Pater
1253 1024 1597 1089 descenderit,
1626 1034 1674 1078 et
1696 1026 1751 1077 in
1782 1040 1858 1077 re-

291 1113 451 1182 liquis
470 1129 588 1166 vero
612 1112 873 1183 gentibus,
912 1113 1067 1182 quasi
1093 1112 1324 1176 Spiritus
1352 1099 1574 1165 sanctus
1595 1150 1611 1175 ,
1659 1109 1852 1164 adven-

290 1205 440 1258 tarit.
496 1203 681 1274 Neque
710 1204 796 1259 his
840 1212 1101 1275 repugnat
1134 1205 1188 1257 in
1224 1219 1363 1258 nova
1391 1204 1630 1258 editione
1670 1214 1856 1257 emen-

288 1297 417 1352 data
445 1298 732 1368 Augustini
767 1298 1011 1351 narratio
1043 1297 1106 1352 υ.

365 1391 618 1447 Secundo
653 1391 816 1446 iidem
856 1389 1067 1453 Patres.
1093 1406 1193 1446 nec
1216 1406 1323 1444 non
1352 1389 1701 1456 Philastrius,
1738 1398 1851 1443 tra-

288 1480 428 1535 dunt
477 1479 751 1535 Simonem
802 1480 904 1535 sibi
934 1482 1221 1550 copulasse
1270 1480 1523 1536 Helenam
1570 1496 1666 1535 seu
1714 1477 1853 1535 Sile-

289 1588 417 1628 nem
450 1592 465 1629 :
495 1573 627 1639 Qui:
676 1574 827 1627 initio
862 1573 1091 1643 quidem,
1126 1572 1286 1627 verba
1335 1584 1463 1627 sunt
1518 1570 1848 1635 Eusebii“,

291 1663 432 1733 apud
490 1663 686 1734 Tyrum
749 1664 926 1719 urbem
985 1664 1253 1723 Phoenices
1323 1663 1523 1732 publice
1579 1663 1634 1715 in
1700 1662 1852 1729 lupa-

290 1756 413 1809 nari
463 1756 788 1823 prostiterat.
826 1754 969 1811 ldem
1003 1755 1209 1820 Simon,
1242 1761 1379 1810 teste
1422 1753 1647 1817 Irenaeo,
1703 1754 1851 1808 dice-

289 1848 383 1903 hat
420 1867 433 1902 :
464 1846 617 1901 Hanc
649 1864 773 1901 esse
797 1848 1021 1917 primam
1064 1849 1251 1902 mentis
1287 1847 1397 1915 ejus
1429 1846 1807 1914 conceptionem
1830 1882 1846 1909 ,

291 1948 510 1992 matrem
562 1940 820 2004 omnium,
854 1953 945 2007 per
991 1955 1147 2008 quam
1174 1939 1327 1992 initio
1364 1940 1592 2005 concepit
1642 1935 1852 2006 angelos

289 2028 463 2095 lacere
489 2036 537 2080 et
573 2026 1026 2097 archangelos.....
1087 2042 1120 2078 a
1168 2023 1353 2095 quibus
1383 2033 1431 2078 et
1460 2022 1709 2076 mundum
1738 2022 1854 2091 fac-

294 2130 409 2172 tum
433 2136 543 2173 esse
565 2119 713 2173 dixit.
746 2117 909 2172 Addit
940 2117 1311 2187 Epiphanius:
1347 2115 1413 2171 Se
1446 2131 1706 2169 summam
1743 2130 1854 2169 esse

296 2209 403 2263 Dei
430 2211 551 2276 vim,
581 2219 802 2263 scortum
833 2224 948 2262 vero
974 2224 1126 2261 suum
1161 2205 1419 2274 Spiritum
1450 2222 1561 2260 esse.
1610 2215 1853 2259 sanctum

300 2302 565 2371 afﬁrmare
594 2318 750 2355 ausus
776 2310 853 2354 est
881 2314 900 2363 ;
941 2306 1104 2368 atque
1130 2312 1249 2353 eam
1289 2298 1463 2367 ipsam
1491 2311 1613 2351 esse
1636 2305 1847 2365 propter

295 2411 455 2463 quam
477 2435 494 2457 ,
540 2402 597 2447 ut
625 2393 862 2463 loquitur
893 2390 1149 2457 lrenams,
1183 2389 1475 2453 Troianum
1525 2398 1853 2441 contractum

294 2499 375 2540 est
404 2486 614 2541 bellum.
649 2485 787 2540 Hinc
833 2482 1090 2539 ridiculas
1140 2482 1423 2552 anilesque
1454 2482 1666 2537 fabulas
1695 2496 1849 2536 com-

294 2585 533 2643 mentus,
561 2575 911 2632 asseverabat
962 2588 1091 2629 eos:
1140 2572 1243 2639 Qui
1282 2573 1338 2627 in
1365 2589 1480 2627 eum
1523 2582 1570 2626 et
1605 2573 1661 2625 in
1695 2572 1854 2627 Hele-

292 2685 416 2722 nam
446 2685 587 2736 spem
615 2667 938 2721 habebant...
974 2665 1253 2721 secundum
1280 2666 1449 2734 ipsius
1479 2665 1701 2735 gratiam
1749 2664 1854 2719 sal-

294 2761 410 2813 uari
437 2770 483 2813 et
507 2776 611 2813 non
632 2758 913 2813 secundum
940 2774 1120 2827 operas
1136 2757 1336 2826 justas.
1368 2754 1523 2821 Quod
1550 2762 1701 2809 certe
1734 2768 1853 2809 scc-

297 2852 567 2906 tatoribus
601 2851 716 2906 suis
746 2850 825 2905 sic
853 2850 941 2904 ille
968 2849 1180 2903 tandem
1211 2853 1595 2918 persuaserat,
1628 2852 1688 2900 ut
1715 2845 1852 2899 ima-

294 2943 476 3012 ginem
493 2944 610 3012 ejus
640 2943 703 2996 ad
725 2942 945 3013 ﬁguram
961 2940 1131 3005 Jovis,
1156 2939 1369 2995 Helenae
1391 2932 1520 2994 vero
1544 2936 1610 2991 ad
1631 2935 1854 3010 ﬁguram

300 3033 556 3087 Minervae
611 3032 768 3101 proni
806 3038 1213 3096 venerarentur,
1243 3029 1462 3085 easdem
1509 3026 1852 3095 suﬁimentis,

296 3126 589 3182 sacriﬁciis
608 3140 672 3179 ac
693 3123 1046 3179 libationibus
1069 3124 1245 3179 colere
1270 3138 1378 3176 non
1410 3131 1676 3178 verentes.

370 3217 560 3271 Simon
602 3224 883 3286 praeterea,
942 3222 1165 3271 auctore
1224 3212 1574 3284 Epiphanio:
1620 3211 1856 3268 Nomina

296 3307 543 3379 quaedam
588 3308 976 3377 principatuum
1014 3316 1063 3360 et
1086 3315 1401 3375 potestatum
1428 3316 1744 3361 commentus
1782 3314 1859 3360 est

300 3401 629 3469 cmlestesque
654 3399 834 3470 globos
878 3400 1141 3455 varios....
1175 3407 1410 3453 nostrum
1438 3413 1595 3467 porro
1622 3398 1717 3453 hoc
1764 3415 1861 3453 ste-

296 3492 475 3544 culum
505 3491 569 3544 ab
599 3492 842 3560 nequitia:
891 3490 1267 3558 Principatibus
1295 3499 1344 3544 et
1374 3490 1717 3559 potestatibus
1743 3506 1862 3544 cum

294 3582 501 3649 defectu
526 3581 809 3635 conditum.
836 3578 907 3635 Se
926 3595 1075 3647 vero,
1096 3590 1153 3636 ut
1178 3581 1448 3638 subnectit
1471 3579 1724 3647 lrenaaus,
1743 3597 1861 3634 cum

295 3671 593 3726 hominibus
624 3681 981 3726 conrersatum
1026 3670 1218 3737 aiebat,
1249 3687 1365 3724 cum
1394 3687 1496 3725 non
1523 3679 1655 3725 esset
1683 3669 1857 3734 homo;

292 3774 343 3819 et
373 3781 587 3833 passum
608 3804 625 3828 ,
648 3781 766 3817 cum
796 3780 897 3817 non
929 3772 1059 3817 esset
1082 3780 1288 3832 passus.

371 3856 609 3911 Docebat
639 3856 860 3927 insuper
888 3875 900 3910 :
930 3855 1115 3927 Legem
1149 3854 1349 3926 Moysis
1378 3873 1481 3911 non
1510 3873 1543 3911 a
1572 3856 1701 3921 Deo,
1753 3855 1859 3911 uti-

300 3962 433 4000 mur
460 3946 745 4017 Epiphanii
776 3947 977 4009 verbis,
1008 3947 1096 4001 sed
1128 3965 1159 4001 a
1182 3948 1402 4002 sinistra
1446 3947 1673 4017 quadam
1712 3947 1861 4002 intel-

298 4038 521 4108 ligentia
541 4037 870 4107 profectam;
899 4038 977 4092 uti
993 4055 1151 4109 neque
1177 4038 1464 4108 prophetas
1493 4054 1523 4092 a
1549 4038 1691 4093 bono
1719 4037 1851 4103 Deo,

299 4129 399 4183 sed
444 4129 515 4183 ab
575 4130 683 4183 alia
732 4136 895 4199 atque
951 4128 1057 4182 alia
1116 4127 1471 4198 intelligentia
1525 4136 1857 4197 comparatos

302 4218 537 4285 fuisse...
576 4218 797 4289 denique
822 4219 1057 4289 quisquis
1112 4218 1285 4274 Veteri
1332 4218 1664 4274 Testamento
1696 4219 1853 4289 ﬁdem

306 4308 557 4372 adhibet,
590 4310 858 4363 incurrere
884 4319 1099 4363 mortem
1144 4316 1428 4363 asseverat.
1476 4307 1858 4364 Resurrectio-

305 4415 434 4455 nem
468 4416 595 4455 vero
625 4409 991 4466 mortuorum,
1031 4401 1109 4455 uti
1143 4400 1379 4455 refertur
1407 4402 1548 4470 apud
1599 4402 1859 4471 Augusti-

1957 568 2133 623 dzcens
2166 568 2542 637 indi/ferentem
2584 586 2691 623 rem
2717 588 2826 625 esse
2854 568 3230 632 idololatriam.
3263 572 3381 629 Ima
3424 594 3518 631 nee

1958 660 2072 713 ulla
2120 663 2408 729 persecutio
2455 672 2639 717 contra
2693 661 3030 719 Simonianos
3064 683 3295 736 unquam
3330 660 3518 724 exorta

1957 745 2440 807 est.Tertullianus
2473 753 2514 784 ¹⁸
2554 753 2786 823 denique
2831 762 3087 810 testatum
3120 756 3249 811 facit
3279 756 3519 814 Simonis

1956 847 2256 897 sectatores
2294 843 2580 912 quemdam
2622 844 2832 915 angelis
2863 846 3091 907 cultum,
3132 850 3523 917 superstitione

1955 935 2010 983 et
2034 928 2347 985 idololatria
2378 932 2638 986 infectum
2668 928 2984 989 exhibuisse
3022 933 3387 993 :Simoniante
3425 957 3521 995 au-

1957 1028 2057 1073 tem
2084 1023 2269 1092 magiae
2292 1022 2593 1092 disciplina,
2617 1022 2816 1094 inquit,
2844 1018 3039 1095 angelis
3061 1028 3312 1095 serviens,
3342 1024 3524 1101 utique

1953 1119 2001 1163 et
2032 1111 2146 1178 ipsa
2195 1113 2331 1164 inter
2373 1113 2709 1167 idololatrias
2756 1114 3142 1183 deputabatur,
3190 1128 3240 1171 et
3278 1136 3312 1172 a
3359 1119 3522 1174 Petro

1954 1202 2190 1270 apostolo
2247 1204 2302 1257 in
2351 1204 2463 1271 ipso
2516 1202 2729 1259 Simone
2759 1204 3137 1261 damnabatur.
3175 1206 3311 1263 lllud
3336 1216 3520 1266 tamen

1954 1291 2317 1358 Tertulliano,
2352 1296 2398 1349 si
2455 1295 2568 1349 lucc
2608 1310 2757 1359 vera,
2789 1298 2868 1351 uti
2913 1297 3170 1363 refertur,
3213 1301 3375 1356 fuerit
3400 1303 3520 1373 ejus

1952 1400 2106 1440 mens
2136 1392 2188 1439 et
2217 1387 2507 1450 sententia,
2552 1387 2830 1441 adversari
2881 1384 3115 1458 videtur,
3143 1391 3288 1460 quod
3332 1391 3518 1449 Simon

1953 1474 2069 1544 ipse
2109 1475 2392 1544 jactitabat
2447 1492 2504 1530 se
2565 1478 2786 1547 angelos
2815 1494 3067 1539 creasse:
3114 1497 3283 1553 seque
3313 1500 3344 1539 e
3378 1488 3518 1541 cmlo

1952 1566 2232 1637 delapsum
2275 1587 2286 1621 :
2335 1566 2403 1620 Ut
2457 1569 2691 1639 angelos,
2741 1589 2858 1625 cum
2924 1574 3061 1629 male
3120 1575 3517 1632 moderarentur

1953 1657 2235 1723 mundum,
2265 1661 2565 1729 corriperet.
2615 1661 2719 1718 Sed
2750 1665 2881 1718 nulli
2916 1666 3112 1721 mirum
3156 1660 3278 1724 esse
3318 1668 3475 1724 debet
3498 1711 3513 1733 ,

1952 1750 1999 1805 si
2030 1751 2279 1807 homines
2309 1767 2337 1805 a
2368 1755 2614 1810 veritatis
2638 1756 2725 1810 via
2773 1772 3033 1828 perquam
3059 1755 3373 1830 longisSime
3411 1762 3514 1815 ab~

1952 1849 2220 1909 errantes,
2253 1858 2436 1898 secum
2483 1845 2585 1916 ipsi
2625 1848 2921 1917 aliquando
2950 1852 3210 1920 pugnent,
3240 1846 3295 1908 et
3338 1853 3518 1923 inepte

1953 1936 2141 1983 contra
2193 1946 2253 1985 se
2312 1930 2516 1987 dicant.
2561 1933 2625 1986 Et
2673 1950 2732 1991 re
2765 1934 2983 2005 quidem
3021 1942 3148 1993 vera
3178 1932 3517 2011 Epiphanius

1956 2020 2228 2078 Simonem
2257 2023 2379 2078 ideo
2410 2026 2660 2096 castigat,
2711 2028 2857 2098 quod
2907 2012 2976 2085 de
3023 2026 3228 2102 angelis
3271 2035 3514 2104 quedam

1953 2130 2137 2170 secum
2178 2116 2478 2187 pugnantia
2523 2118 2809 2174 tradiderit
2843 2138 2857 2175 :
2894 2121 3349 2187 Quemadmodum
3396 2144 3516 2182 vero

1953 2222 2209 2277 nugarunt
2252 2224 2472 2261 suarum
2501 2208 2695 2264 oblitus
2734 2211 3008 2281 impostor,
3039 2216 3174 2269 velut
3194 2233 3373 2272 eorum
3400 2237 3517 2290 qua:

1954 2306 2109 2351 antea
2162 2298 2475 2364 tradiderat,
2542 2301 2779 2370 ignarus,
2823 2320 2878 2357 se
2906 2301 3074 2373 ipsum
3124 2308 3337 2374 refellit.
3371 2309 3518 2365 Nam

1953 2404 2072 2441 cum
2116 2387 2339 2444 dixisset
2377 2391 2590 2461 angelos
2620 2409 2653 2445 a
2702 2410 2756 2448 se
2806 2409 2896 2463 per
2933 2393 3331 2469 intelligentiam
3364 2400 3517 2457 suam

1950 2490 2247 2546 procreatos
2273 2497 2383 2535 esse
2402 2521 2418 2545 ,
2465 2481 2685 2551 subjecit
2732 2494 2932 2552 postea,
2964 2496 3020 2539 ut
3060 2489 3263 2543 eosdem
3292 2492 3413 2547 illos
3444 2494 3520 2548 la-

1954 2579 2058 2626 tere
2102 2570 2457 2626 descendendo
2485 2583 2679 2642 posset,
2712 2576 2939 2646 ﬁguram
2972 2578 3027 2631 in
3059 2595 3362 2652 unoquoque
3390 2582 3517 2639 ctrlo

1954 2674 2207 2721 mutasse.
2243 2663 2417 2737 Igitur
2441 2666 2636 2722 latebat
2666 2667 2805 2735 ideo,
2834 2669 2970 2741 quod
2991 2687 3077 2727 eos
3109 2682 3378 2729 metueret.
3420 2677 3518 2728 At-

1952 2755 2191 2839 quiquid
2228 2764 2337 2822 eos,
2387 2773 2514 2828 quos
2543 2759 2651 2828 ipse
2704 2760 3032 2827 Condiderat,
3084 2765 3297 2834 angelos
3346 2762 3519 2841 impo-

1954 2859 2065 2903 stor
2094 2848 2185 2902 ille
2207 2848 2507 2905 metuebat?

2029 2938 2221 2995 Simon
2256 2955 2472 2997 errores
2501 2957 2631 2998 suos
2658 2932 2955 3013 publicavit
2990 2940 3224 3015 primum
3257 2934 3519 3005 samarié

1955 3048 2019 3089 ac
2041 3033 2095 3088 in
2117 3031 2324 3098 Judaaa,
2354 3034 2551 3091 deinde
2573 3032 2695 3092 aliis
2722 3035 2776 3090 in
2799 3036 2956 3101 locis,
2985 3038 3201 3108 Oppidis
3227 3046 3283 3094 et
3306 3041 3506 3096 civita-

1879 3158 1924 3217 α
1958 3124 2137 3190 tibus,
2172 3138 2236 3178 ac
2259 3123 2477 3179 tandem
2504 3123 2726 3192 Romae;
2786 3142 2894 3197 qua
2921 3128 2978 3181 in
3009 3128 3145 3184 urbe
3174 3128 3386 3186 animus
3414 3127 3519 3184 ho-

1959 3215 2167 3270 minum
2190 3216 2265 3269 ita
2297 3216 2401 3272 sibi
2425 3212 2695 3285 devinxit,
2726 3208 2785 3273 ut
2826 3219 2930 3288 ipsi
2968 3218 3226 3290 tanquam
3259 3222 3518 3293 supremo

1961 3307 2070 3363 Deo
2116 3306 2314 3363 summi
2363 3308 2697 3364 adorationis
2756 3309 2991 3367 honores
3049 3310 3250 3367 fuerint
3292 3309 3517 3379 decreti,

1959 3405 2013 3451 et
2065 3395 2294 3453 Claudio
2340 3399 2664 3468 imperante,
2720 3406 2896 3454 statua
2927 3399 3101 3455 eidem
3130 3394 3311 3457 erecta
3345 3405 3400 3457 in
3435 3398 3518 3457 in-

1959 3487 2078 3542 sula
2097 3488 2342 3543 Tiberina
2366 3489 2501 3542 inter
2526 3488 2659 3544 duos
2679 3499 2879 3558 pontes,
2899 3493 3012 3545 cum
3033 3492 3131 3545 hac
3151 3491 3516 3563 inscriptione:

1960 3579 2165 3635 Simoni
2222 3579 2331 3634 Deo
2387 3580 2607 3636 Sancto.
2661 3580 2899 3635 Narrant
2949 3591 3127 3637 tamen
3181 3582 3516 3641 recentiores

1959 3670 2179 3741 quidam
2207 3671 2502 3741 scriptores
2558 3672 2602 3702 “
2656 3672 2974 3742 pontiﬁcatu
3020 3671 3266 3743 Gregorii
3321 3674 3518 3730 deeimi

1960 3761 2107 3817 tertii
2145 3762 2417 3817 inventam
2472 3762 2701 3833 hujusce
2750 3770 2943 3819 statuae
2980 3764 3152 3821 basim
3202 3761 3514 3836 lapideam,

1960 3854 2047 3907 cui
2076 3852 2191 3908 haec
2228 3854 2513 3925 inscriptio
2549 3855 2719 3910 incisa
2749 3863 2869 3910 erat
2898 3873 2912 3911 ε
2938 3855 3150 3913 Semoni
3176 3846 3350 3912 Sanco
3405 3857 3515 3913 Deo

1961 3940 2118 3997 Fidio
2147 3960 2379 4007 sacrum,
2430 3944 2485 3999 id
2535 3952 2619 4000 est
2669 3950 2728 3998 ut
2757 3943 2861 4013 ipsi
2903 3944 3055 3997 aiunt
3091 3961 3104 3999 :
3134 3940 3374 4009 Herculi,
3406 3960 3517 4001 non

1963 4032 2190 4090 Simoni.
2226 4033 2354 4090 Inde
2397 4043 2578 4090 autem
2634 4033 2964 4089 concludunt
3004 4031 3301 4100 Iustinum,
3329 4036 3518 4105 primi-

1959 4123 2179 4193 genium
2204 4123 2407 4179 erroris
2438 4122 2582 4179 illius
2612 4122 2837 4187 fontem,
2868 4123 2937 4177 ob
2964 4120 3166 4178 Latinas
3188 4124 3383 4195 lingua
3414 4125 3519 4179 im~

1966 4214 2213 4284 peritiam
2243 4229 2272 4268 a
2301 4213 2635 4269 Simonianis
2671 4214 2976 4284 deceptum,
3028 4213 3321 4270 tradidisSe
3375 4214 3517 4271 hanc

1961 4307 2131 4361 fuisse
2161 4301 2399 4359 Simonis
2422 4302 2559 4372 Magi
2584 4309 2841 4357 statuam.
2880 4298 2987 4356 Sed
3018 4303 3378 4372 scriptoribus
3407 4304 3516 4358 illis

1960 4395 2179 4453 omnino
2208 4393 2540 4465 probandum
2573 4394 2690 4449 erat
2714 4394 2887 4449 basim
2920 4394 3089 4459 illam,
3117 4409 3237 4464 qua:
3267 4394 3352 4448 liis
3380 4403 3518 4448 tem-

303 4507 437 4545 num
465 4532 480 4555 ,
507 4493 835 4563 pernegabat
862 4533 876 4558 ,
908 4492 1229 4563 sinebatque
1268 4492 1635 4548 indifferenter
1660 4494 1737 4548 uti
1776 4492 1856 4548 fe-
1888 4485 1934 4541 D
1963 4488 2184 4559 poribus
2210 4484 2416 4541 ultimis
2448 4484 2666 4538 inventa
2693 4491 2799 4550 est,
2832 4484 3077 4540 eamdem
3105 4484 3275 4554 ipsam
3306 4483 3476 4540 fuisse
3500 4528 3515 4551 ,

303 4583 488 4657 minis.
524 4582 622 4638 His
650 4583 785 4638 alias
821 4583 956 4654 ipse,
981 4590 1035 4637 et
1059 4582 1315 4653 discipuli
1344 4582 1465 4653 ejus
1494 4583 1860 4652 adjungebant

299 4674 693 4738 obscenitates,
749 4674 1224 4744 turpitudinesque
1267 4682 1470 4728 aeterno
1515 4673 1855 4729 damnandas

302 4762 541 4817 silentio.
588 4757 712 4817 Illas
742 4771 920 4819 tamen
946 4763 1211 4819 Eusebius
1235 4763 1277 4794 "
1296 4764 1381 4817 his
1406 4764 1614 4834 paucis,
1648 4779 1749 4819 nec
1776 4763 1863 4819 ine

304 4850 579 4919 honestis,
604 4856 785 4909 verbis
814 4856 1256 4924 comprehendit:
1282 4853 1432 4909 Nihil
1464 4863 1571 4908 tam
1594 4856 1861 4923 impurum

302 4954 395 4998 aut
430 4962 545 5000 esse
574 4956 666 4998 aut
689 4945 976 5016 excogitari
1016 4956 1206 5016 potest,
1259 4945 1403 5016 quod
1440 4947 1863 5016 flagitiosissima

303 5036 542 5101 illorum,
580 5034 821 5092 Simonis
843 5038 1236 5108 discipulorum
1261 5078 1279 5104 ,
1311 5046 1453 5092 secta
1490 5037 1641 5108 longo
1698 5038 1862 5091 inter-

306 5129 447 5184 vallo
497 5146 601 5184 non
642 5139 871 5198 superet,
911 5129 1035 5183 dum
1064 5130 1269 5185 miseris
1301 5140 1469 5200 latque
1503 5130 1644 5184 omni
1676 5130 1865 5185 scelere

302 5223 560 5292 conpertis
593 5220 898 5276 mulieribus
928 5220 1177 5278 illudunt.

377 5315 601 5386 Origeni
633 5298 677 5345 ίδ
706 5315 752 5369 si
785 5308 1105 5373 credideris.
1147 5311 1335 5368 Simon
1367 5332 1381 5368 :
1413 5312 1529 5379 Quo
1556 5312 1730 5382 plures
1762 5314 1863 5369 sibi

306 5418 518 5468 pararet
554 5406 863 5477 discipulos,
894 5405 1111 5460 sustulit
1138 5405 1202 5461 de
1244 5422 1342 5460 sua
1384 5405 1625 5459 doctrina
1671 5408 1857 5462 mortis

379 5636 422 5667 “
456 5635 589 5690 Loc.
615 5638 708 5693 cit.
808 5635 848 5666 “
885 5633 1001 5691 Lib.
1036 5632 1100 5687 de
1153 5616 1281 5691 liter.
1312 5647 1430 5704 cap.
1474 5633 1526 5689 ι.

1962 4580 2173 4651 ipsique
2208 4573 2604 4647 superpositam
2622 4581 2863 4630 statuam
2896 4576 3066 4640 illam,
3106 4574 3174 4630 de
3200 4590 3306 4645 qua
3345 4573 3520 4630 Justi-

1962 4686 2068 4727 nus
2101 4669 2301 4738 aliique
2345 4665 2538 4721 Patres
2584 4666 2954 4737 antiquissimi
3005 4664 3337 4722 mentionem
3386 4669 3515 4721 olim

1965 4763 2230 4819 fecerunt.

2032 4842 2164 4908 Utut
2193 4853 2287 4915 sit,
2318 4850 2526 4922 primus
2559 4847 2648 4903 ille
2672 4846 3156 4903 haeresiarcharum
3184 4861 3383 4917 parens
3430 4845 3517 4899 Si-

1976 4959 2100 4998 mon
2133 4940 2342 5011 Magus,
2372 4955 2402 4993 a
2429 4940 2606 5009 primo
2635 4939 3006 5008 apostolorum
3035 4937 3302 5008 principe,
3338 4936 3515 4990 Simo-

1966 5052 2034 5091 ne
2062 5034 2242 5098 Petro,
2274 5032 2583 5103 perculsus,
2615 5030 2791 5085 victus
2831 5031 3247 5102 prostratusque
3274 5039 3358 5086 est
3394 5049 3406 5084 :
3450 5029 3518 5083 In

1961 5126 2175 5189 Iudaea,
2238 5124 2412 5193 inquit
2444 5122 2709 5177 Eusebius
2738 5122 2814 5189 ",
2846 5139 2879 5175 a
2922 5122 3082 5176 Petro
3123 5121 3362 5191 apostolo
3397 5137 3518 5176 con-

1960 5222 2124 5276 victus
2151 5227 2250 5280 est,
2291 5216 2564 5286 omniaque
2589 5214 2701 5285 ejus
2752 5213 3014 5283 maleﬁcia
3052 5212 3358 5282 patefacta,
3399 5213 3516 5268 lon-

1961 5298 2172 5383 gissime
2201 5315 2349 5363 trans
2376 5322 2521 5363 mare
2543 5307 2723 5379 fugam
2747 5306 2991 5374 arripuit.
3013 5303 3171 5360 Hunc
3196 5312 3375 5359 autem
3405 5302 3516 5358 Ro-

1966 5416 2111 5459 mam
2144 5398 2435 5471 fugientem
2465 5398 2743 5470 apostolus
2770 5397 3073 5462 insecutus,
3114 5394 3315 5453 ibidem
3359 5394 3513 5450 illum

1628 5632 1670 5664 η
1703 5631 1822 5688 Lib.
1858 5646 1897 5685 ιι
1927 5606 2068 5685 Hist.
2102 5643 2221 5698 cap.
2256 5628 2343 5682 is.
2412 5625 2681 5698 A"l.ib._n
2716 5620 3026 5698 uzsncap.
3058 5607 3147 5698 is.
3226 5620 3268 5653 ιι
3314 5619 3513 5698 Lib._3|

309 5689 468 5777 eum.
499 5689 672 5777 Cels.“
696 5689 756 5736 ⁷³⁸
802 5704 914 5761 Lib.
939 5689 1031 5777 Ade
1070 5689 1538 5777 p'rcéscriptfcap.
1572 5703 1661 5761 55.
1739 5699 1997 5761 "Justin.
2030 5689 2187 5769 Apol:
2222 5698 2275 5769 1,
2312 5714 2367 5757 n.
2404 5693 2495 5765 ἥδ,
2531 5706 2583 5753 et
2609 5689 2806 5753 Euseb.
2841 5696 2935 5751 lib.
2975 5689 3016 5751 il
3050 5693 3171 5749 Hist
3247 5706 3366 5763 cap.
3420 5689 3509 5747 15.

312 5776 353 5809 ’⁷
378 5776 498 5834 Lib.
528 5790 570 5832 ιι
602 5774 746 5831 Hist.
775 5790 896 5846 cap.
931 5775 1019 5830 14.
