4070 6340
568 370 638 425 {5
1738 366 1825 421 DE
1858 363 2165 422 OMNIBUS
2198 363 2593 422 GENERA'I‘IM
3703 372 3767 428 16

571 492 896 554 'oumemque
948 483 1066 554 ejus
1103 482 1397 555 potentiam
1455 480 1653 538 delevit
1705 490 1759 537 et
1818 482 2078 538 exstinxit
2108 499 2123 540 :
2154 491 2200 549 Α
2229 484 2448 547 cultum,
2500 498 2649 553 quem
2682 476 2905 553 abjicere
2930 484 3028 538 visi
3057 482 3289 554 fuerant,
3328 484 3569 554 deinceps
3590 483 3774 542 nihilo-

566 571 700 628 Cum
723 572 819 627 Dei
848 572 1109 636 doctrina,
1141 569 1489 642 prosequitur
1528 568 1813 633 Eusebius,
1865 566 2125 622 Romanos

564 666 788 721 adventu
804 682 897 719 suo
910 664 1250 727 illustrasset,
1271 661 1501 717 Simonis
1515 661 1718 732 quidem
1736 662 1809 715 vis
1826 670 1874 714 et
1893 660 2127 731 potentia

563 773 681 809 cum
701 771 813 825 ipso
828 753 989 809 simul
1008 762 1219 807 auctore
1238 752 1375 806 brevi
1390 752 1647 805 exstincta
1669 760 1823 821 atque
1835 750 2005 805 deleta
2022 758 2120 805 est.

562 849 741 917 Atque
782 853 841 901 ut
864 844 1153 917 Augustini
1174 844 1355 899 verbis
1408 850 1625 897 utamur
1659 843 1703 875 ¹⁸
1732 861 1745 897 :
1772 841 1836 895 In
1867 857 1969 914 qua
1996 839 2123 894 urbe

537 938 831 1007 apostolus
862 936 1054 991 Petrus
1096 952 1214 989 eum
1271 951 1392 988 uera
1436 934 1623 988 virtute
1645 933 1742 987 Dei
1762 933 2121 1002 omnipotentis

558 1032 830 1086 exstinxit.
849 1029 1105 1096 Quamvis
1120 1035 1300 1082 autem
1328 1027 1418 1082 ille
1446 1027 1526 1081 sic
1548 1024 1741 1081 fuiss’et
1764 1026 1834 1080 ab
1863 1024 2121 1096 Apostolo

559 1124 794 1179 obtritus
838 1132 1000 1192 atque
1048 1135 1377 1191 oppressus,
1434 1120 1616 1190 plures
1671 1125 1850 1173 tamen
1906 1117 2123 1188 reliquit

558 1230 808 1270 errorum
840 1214 1217 1283 scelerumque
1240 1227 1464 1268 suorum
1491 1226 1859 1269 successores.
1890 1208 2024 1264 Nam
2052 1216 2120 1264 ex

560 1312 663 1361 hac
692 1306 1036 1360 amarissima
1064 1303 1269 1367 radice,
1315 1302 1360 1356 si
1389 1300 1787 1358 Theodoretum
1822 1301 2012 1355 audias
2053 1303 2116 1366 ³⁸,

559 1400 661 1452 orti
691 1408 811 1452 sunt
860 1395 1132 1459 Cleodani,
1184 1393 1512 1457 Dositlteani,
1577 1389 1845 1456 Gortheni,
1894 1389 2119 1445 Nusbo-

561 1488 682 1549 thei,
705 1486 1049 1550 Adrianistaz,
1082 1484 1408 1555 Eutychetw,
1434 1482 1520 1538 vel
1547 1488 1606 1536 ut
1624 1480 1766 1552 apud
1788 1480 2116 1535 Clementem

562 1579 988 1634 Alexandrinum
1016 1577 1103 1645 '°;
1151 1575 1465 1647 Eutychitce,
1497 1572 1751 1628 Cainistaz
1789 1573 1860 1627 ¹¹.
1929 1569 2118 1625 Verum

559 1674 829 1738 Iti.omnes,
870 1688 986 1726 cum
1015 1670 1189 1741 impia:
1215 1668 1424 1723 lurresis
1453 1683 1643 1735 pravas
1673 1662 1929 1735 quasdam
1946 1670 2118 1716 muta-

560 1770 721 1821 tiones
750 1766 1148 1836 excogitassent,
1173 1779 1274 1817 non
1301 1762 1392 1815 diu
1419 1761 1701 1823 durarunt,
1745 1758 1832 1811 sed
1861 1763 2118 1826 perpetua:

2226 576 2401 630 minus
2423 574 2752 631 relabuntur.
2777 574 3076 632 Exstabant
3112 592 3240 648 ergo
3282 575 3502 633 Eusebii
3539 584 3776 649 tempore

2225 666 2446 740 quidam
2478 667 2698 723 haeresis
2730 666 3056 724 Simoniana:
3086 668 3347 725 lautores.
3376 670 3445 724 At
3491 685 3616 725 cum
3668 670 3776 741 ple-

2224 773 2443 828 rosque,
2476 759 2695 814 retectis
2722 774 2911 814 eorum
2942 758 3247 823 fraudibus,
3284 775 3351 815 ex
3390 759 3633 816 Ecclesia
3670 759 3778 828 eje-

2222 858 2340 905 cws
2361 864 2483 906 esse
2514 850 2654 905 idem
2688 850 2957 907 Eusebius
2988 850 3330 915 testiﬁcetur,
3360 850 3413 906 id
3445 860 3593 907 certe
3637 849 3778 907 indi-

2221 943 2307 997 cio
2332 950 2415 996 est
2445 956 2546 1005 nec
2575 941 2743 997 dubio
2772 958 2871 998 nec
2894 942 3152 1007 obscuro,
3180 957 3275 997 eos
3305 950 3420 995 tum
3452 957 3655 1012 paucos
3685 943 3773 998 ad-

2221 1033 2440 1089 modum
2486 1032 2676 1101 fuisse,
2705 1041 2758 1089 et
2787 1035 3003 1105 quidem
3038 1034 3141 1090 sub
3173 1032 3311 1089 falso
3347 1032 3774 1090 Christianorum

2220 1124 2437 1180 nomine
2469 1139 2589 1181 sese
2632 1126 2987 1181 occultantes.
3032 1124 3187 1180 Unde
3218 1123 3513 1180 concludas
3552 1140 3774 1182 necesse

2216 1226 2321 1280 est,
2361 1218 2604 1277 haeresim
2652 1219 2797 1273 illam
2850 1236 2960 1274 non
2994 1219 3089 1274 diu
3130 1226 3318 1290 postea
3348 1233 3725 1289 perseverasse
3749 1256 3765 1285 ,

2217 1320 2270 1365 et
2295 1311 2402 1365 cito
2428 1309 2595 1366 fuisse
2627 1311 2968 1368 exstinctam.

2808 1401 3035 1458 CAPUT
3083 1400 3172 1458 IV.

2693 1492 2771 1548 De
2797 1494 2981 1548 ha'resi
3014 1493 3318 1550 Menandri.

2291 1572 2336 1617 ’³⁸
2369 1585 2661 1641 Menander
2704 1583 3072 1640 Samaritanus
3118 1600 3298 1656 genere
3331 1601 3375 1639 vc
3402 1583 3510 1638 vico
3541 1585 3773 1655 ϐαραγα-

2220 1678 2341 1743 teia,
2362 1675 2748 1748 Καπαρατείας
2773 1660 2861 1729 seu
2878 1674 3111 1747 Χάὸραι,
3126 1674 3398 1741 oriundus,
3416 1674 3652 1733 Simonis
3669 1676 3774 1731 dis-

2219 1767 2431 1837 cipulus
2453 1808 2468 1834 ,
2503 1768 2546 1798 ¹⁷
2569 1767 2822 1835 majorem
2842 1782 2895 1820 se
2921 1774 3241 1819 antecessore
3263 1782 3323 1818 ac
3345 1778 3658 1836 praxeptore
3679 1784 3772 1823 suo

558 1859 801 1913 oblivioni
836 1857 1023 1911 traditi
1075 1864 1217 1910 sunt.
1243 1855 1311 1908 At
1335 1856 1380 1909 si
1407 1851 1705 1923 Hegesippo
1737 1850 1895 1905 Iidem
1920 1848 2120 1902 habere
2148 1836 2190 1892 Β
2209 1836 2471 1928 jactabar.
2505 1856 2845 1929 Quapropter
2874 1857 3153 1913 nonnullis
3195 1856 3518 1927 quibusdam
3564 1858 3770 1913 ει-ιιοιιί-

561 1954 712 2018 velis,
756 1961 988 2023 quatuor
1037 1949 1246 2021 priores
1286 1946 1548 2017 originem
1577 1945 1848 1997 duxerunt
1880 1956 1893 1991 :
1922 1938 1968 1992 E
2002 1955 2118 2019 sep-

559 2054 659 2097 tem
689 2043 840 2097 sectis
871 2039 1172 2095 inJudaico
1200 2037 1389 2107 populo
1440 2033 1830 2104 proseminatis.
1889 2029 1967 2084 Ex
2009 2044 2117 2099 quo

557 2135 804 2189 Valesius
820 2133 960 2188 hanc
975 2131 1159 2187 elicuit
1179 2127 1584 2185 conclusionem
1608 2143 1622 2180 :
1656 2123 1864 2179 Rectius
1895 2122 2118 2176 dixisset

559 2224 927 2288 Tlteodoretus,
944 2238 1032 2275 eas
1062 2236 1235 2274 omnes
1265 2234 1330 2273 ea:
1358 2216 1601 2270 Judaicis
1624 2214 1778 2270 sectis
1803 2214 1966 2283 fuisse
1993 2228 2117 2283 pro-

554 2324 799 2386 pagatus,
823 2313 1047 2367 maxime
1076 2327 1191 2365 vero
1217 2326 1334 2364 cum
1361 2306 1599 2379 qua'dam
1616 2304 1829 2358 illarum
1848 2298 2119 2355 htereset'iw

555 2406 865 2463 Simoniana
895 2404 1198 2460 vetustiores
1244 2416 1359 2455 esse
1386 2399 1679 2461 videantur,
1734 2394 1875 2449 uerbi
1918 2392 2112 2463 gratia,

557 2500 817 2554 Gorthena
869 2509 917 2552 et
949 2496 1291 2550 Dositheana.
1349 2490 1455 2547 Sed
1489 2503 1678 2543 vereor
1706 2497 1765 2542 ut
1793 2487 1909 2542 haec
1952 2484 2113 2541 Vale-

557 2593 713 2646 siana
749 2587 1067 2651 conclusio,
1097 2600 1204 2656 qua
1245 2599 1312 2639 ex
1340 2582 1553 2637 duabus
1592 2580 1755 2640 sectis
1800 2577 2115 2634 Simoniana

556 2680 965 2744 vetustioribus,
1005 2676 1145 2731 alias
1190 2686 1409 2745 quoque
1449 2670 1567 2741 ipsa
1623 2668 1959 2739 antiquiores
1982 2683 2113 2750 esse

557 2772 739 2835 infert,
790 2768 1046 2826 omnibus
1096 2764 1318 2819 omnino
1374 2762 1653 2834 probetur.
1709 2758 1880 2814 Porro
1931 2765 2111 2814 autem

556 2861 889 2933 Epiphanius
925 2873 992 2912 ex
1038 2855 1258 2909 Simone
1304 2850 1593 2907 Gnosticos
1617 2858 1767 2904 ortos
1802 2863 1924 2903 esse
1962 2846 2109 2903 allir-

554 2962 664 3007 mat
690 2953 735 2984 ”
767 2972 782 3009 :
812 2951 979 3021 Atque
996 2948 1113 3002 hinc
1126 2962 1303 3002 eorum
1320 2961 1448 3016 quos
1467 2942 1737 3015 Gnosticos
1761 2940 2106 3012 appellamus,

553 3044 696 3113 origo
712 3040 990 3111 proﬂuxit.

620 3135 878 3190 Testatur
903 3131 1166 3204 Origenes
1195 3128 1244 3161 "
1279 3144 1312 3183 a
1352 3141 1457 3184 suo
1484 3127 1597 3198 jam
1628 3135 1871 3197 tempore
1903 3124 2113 3181 exstir-

2218 1945 2318 2001 bus
2347 1945 2525 2015 impia:
2561 1946 2803 2016 magistri
2832 1945 2916 2001 sui
2956 1945 3218 2001 doctrina:
3240 1945 3443 2002 additis
3469 1948 3554 2002 vel
3583 1949 3774 2002 immu—

2216 2037 2366 2102 tatis,
2401 2052 2595 2093 novam
2625 2036 2869 2093 condidit
2898 2046 3124 2104 sectam,
3158 2048 3212 2095 et
3237 2038 3612 2096 hmresiarchm
3644 2042 3773 2096 titu-

2216 2126 2327 2181 lum
2376 2142 2440 2183 ac
2488 2144 2688 2184 nomen
2750 2130 3073 2201 promeruit.
3108 2129 3160 2186 Is
3191 2130 3375 2202 itaque
3401 2148 3524 2188 cum
3582 2130 3769 2189 Simon

2215 2218 2442 2275 dixisset
2470 2210 2735 2275 summam
2778 2237 2838 2278 se
2876 2237 3000 2278 esse
3039 2221 3139 2277 Dei
3180 2225 3439 2291 virtutem,
3470 2226 3655 2281 docuit
3676 2226 3765 2283 ²⁸ε

2214 2307 2454 2364 Primam
2473 2310 2681 2382 quidem
2706 2311 2951 2367 virtutem
2968 2313 3287 2383 incognitam
3311 2315 3571 2380 omnibus,
3594 2331 3649 2369 se
3670 2331 3768 2383 au-

2215 2410 2317 2454 tem
2348 2381 2627 2467 cumesse,
2649 2402 2739 2474 qui
2769 2403 2959 2458 missus
2994 2406 3066 2458 sit
3090 2381 3160 2459 ab
3191 2406 3564 2474 inuisibilibus,
3592 2381 3769 2461 εαιῖα-

2216 2499 2378 2544 torem
2401 2505 2494 2558 pro
2515 2490 2682 2545 salute
2717 2493 2971 2548 omnium.
3004 2491 3101 2549 His
3141 2492 3339 2563 adjecit
3381 2492 3769 2549 :Resurrectio-

2213 2597 2329 2636 nem
2359 2595 2450 2650 per
2478 2580 2532 2634 id
2565 2580 2701 2652 quod
2729 2592 2808 2636 est
2838 2582 2894 2635 in
2921 2597 3038 2636 eum
3066 2581 3346 2652 baptisma,
3379 2584 3606 2653 accipere
3651 2583 3769 2652 ejus

2210 2672 2514 2743 discipulos,
2545 2682 2595 2728 et
2621 2674 2887 2729 ultranon
2929 2690 3079 2745 posse
3119 2676 3275 2741 mori,
3308 2674 3403 2729 sed
3442 2691 3768 2745 perseverare

2209 2781 2313 2819 non
2334 2776 2650 2821 senescentes
2678 2774 2728 2820 et
2756 2766 3098 2822 immortales.
3131 2765 3339 2822 Caetera
3362 2806 3378 2832 ,
3429 2767 3647 2823 eosdem
3700 2780 3768 2821 ac

2209 2864 2510 2929 praeceptor
2542 2873 2679 2914 suus
2703 2872 2920 2915 errores
2944 2866 2998 2915 et
3021 2858 3262 2930 magicas
3309 2864 3454 2914 artes
3481 2866 3765 2913 consecta-

2208 2949 2568 3098 bai‘iltfnnullis
2604 3048 2785 3097 autem
2823 3041 3093 3113 explieatu
3127 3030 3345 3097 diiiicil'e
3385 3041 3619 3108 videtur,
3652 3057 3764 3114 quo

2211 3148 2376 3189 sensu
2424 3132 2659 3191 Irenaeus
2711 3135 2947 3206 primum
2998 3134 3278 3190 Menandri
3341 3149 3582 3190 errorem
3639 3150 3763 3191 esse

551 3237 731 3297 palam
762 3223 1200 3279 Simonianorum
1220 3220 1499 3276 haeresim:
1531 3217 1686 3273 Nunc
1714 3235 1968 3290 nusquam
1991 3234 2115 3289 gon-
2135 3217 2177 3238 “
2210 3226 2430 3292 dixerit,
2470 3226 2616 3297 quod
2649 3242 2707 3282 se
2731 3235 3060 3298 praeceptore
3094 3242 3194 3283 suo
3230 3224 3451 3282 Simone
3498 3226 3765 3296 majorem

553 3321 683 3372 tium
712 3327 923 3373 exstant
967 3313 1285 3372 Simoniani.
1314 3311 1389 3368 De
1439 3310 1783 3367 Dositbeanis
1833 3318 2013 3365 autem
2073 3323 2110 3366 a

552 3411 710 3467 nobis
768 3410 931 3480 paulo
1011 3417 1137 3462 ante
1186 3404 1501 3459 memoratis
1534 3443 1550 3468 ,
1605 3401 1720 3457 haec
1778 3401 2105 3474 subjungit:

550 3503 813 3559 Craterum
863 3499 1174 3556 Dositheani
1224 3513 1316 3552 nec
1370 3512 1604 3567 unquam
1660 3496 1999 3566 ﬂoruerunt,
2059 3503 2109 3550 et

551 3612 687 3649 stunc
721 3594 932 3659 omnino
964 3589 1212 3647 exstincti
1258 3597 1403 3653 sunt,
1439 3596 1497 3642 ut
1525 3588 1731 3642 nomine
1761 3596 1963 3642 tantum
1993 3605 2109 3643 ma-

551 3697 700 3742 nente
723 3725 740 3752 ,
771 3687 907 3740 inter
937 3683 1156 3754 triginta
1206 3690 1537 3737 censeantur.
1570 3678 1677 3735 Sed
1707 3679 1841 3736 falsa
1870 3681 2105 3750 quadam

550 3778 864 3851 narratione
890 3777 1150 3847 deceptus
1179 3779 1265 3831 est
1295 3771 1581 3843 Origenes,
1616 3781 1708 3827 aut
1733 3788 1799 3828 ex
1825 3773 1915 3838 iis,
1970 3788 2113 3843 quas

553 3870 669 3940 ipse
692 3872 1095 3938 peragraverat,
1128 3860 1444 3935 regionibus
1484 3862 1627 3917 idem
1670 3869 1723 3918 et
1764 3863 1821 3917 in
1851 3863 2107 3920 omnibus

549 3960 737 4015 uumdi
793 3959 1041 4030 partibus
1091 3954 1363 4011 accidisse
1430 3953 1820 4010 arbitrabatur.
1903 3952 2105 4009 Scribit

548 4052 692 4110 enim
748 4048 1015 4106 Eusebius
1046 4049 1091 4080 “
1113 4046 1375 4114 quosdam
1422 4044 1601 4099 adhuc
1640 4084 1657 4110 ,
1690 4044 1818 4098 dum
1873 4044 2101 4111 viveret,

538 4145 797 4201 extitisse
845 4140 1173 4197 Simonianae
1205 4138 1478 4193 haereseos
1520 4136 1819 4191 seetatores
1852 4153 1867 4191 :
1895 4135 2100 4201 Simon,

547 4237 724 4308 inquit
753 4236 865 4299 ille,
898 4233 1053 4305 ﬁdem,
1073 4235 1128 4288 in
1149 4232 1418 4289 Christum
1440 4230 1709 4286 simulavit
1733 4269 1749 4297 ,
1803 4239 1862 4283 ut
1894 4230 2102 4299 baptis-

2204 3317 2455 3390 jactaret,
2487 3332 2612 3374 cum
2642 3315 2835 3375 Simon
2866 3334 3077 3375 summa
3108 3318 3203 3375 Dei
3226 3318 3307 3375 vis
3332 3319 3402 3374 ab
3430 3319 3552 3374 aliis
3575 3319 3761 3374 volue-

2207 3408 2277 3463 rit
2305 3408 2518 3475 audire,
2545 3425 2888 3480 nequaquam
2908 3426 3037 3467 vero
3066 3400 3381 3467 Menander.
3418 3408 3672 3465 Attamen
3709 3409 3757 3465 si

2205 3496 2391 3554 Irensei
2419 3500 2581 3554 verba
2609 3507 2813 3555 attente
2842 3500 3269 3571 perpendantur,
3302 3499 3441 3553 haud
3469 3514 3611 3570 aegre
3648 3500 3761 3554 sol-

2206 3598 2360 3647 retur
2386 3591 2722 3648 diiiicultatis
2747 3592 2894 3648 illius
2916 3591 3113 3648 nodus.
3139 3590 3259 3646 Non
3293 3592 3399 3645 alia
3427 3592 3625 3662 quippe
3657 3589 3755 3646 viri

2205 3682 2385 3737 sancti
2416 3697 2571 3739 mens
2601 3697 2722 3739 esse
2743 3683 2957 3738 videtur
2979 3725 2995 3751 ,
3027 3684 3134 3740 nisi
3166 3682 3519 3738 Menandrum
3547 3698 3607 3738 se
3636 3697 3757 3736 ma-

2203 3773 2376 3845 gistro
2406 3789 2529 3841 suo,
2562 3791 2673 3830 non
2718 3775 2923 3831 virtute
2973 3775 3192 3847 quidem
3248 3782 3302 3830 et
3353 3774 3611 3846 potentia,
3661 3775 3761 3831 sed

2205 3862 2432 3918 scientia
2454 3873 2508 3920 et
2536 3864 2800 3921 missione
2826 3866 3155 3936 prtedicasse
3178 3866 3458 3936 majorem.

2276 3951 2424 4020 Quos
2484 3953 2871 4012 Menandriana
2901 3956 3121 4013 haeresis
3157 3957 3505 4013 adversarios
3542 3958 3756 4013 habue-

2200 4043 2297 4110 rit,
2328 4045 2561 4117 accipies
2588 4060 2619 4101 a
2651 4046 2992 4105 Tbeodoreto
3014 4050 3059 4081 "
3082 4088 3098 4115 ,
3142 4048 3235 4119 qui
3282 4063 3405 4105 eam
3461 4064 3493 4103 a
3537 4047 3767 4104 Iustino

2202 4143 2457 4206 martyre,
2496 4136 2721 4207 Irenaeo,
2765 4151 2829 4194 ac
2856 4136 3089 4209 Origene
3136 4138 3360 4209 scriptis
3394 4148 3766 4210 expugnatam

2203 4240 2325 4282 esse
2345 4233 2599 4283 testatur.
2642 4227 2827 4300 Neque
2858 4229 3001 4285 ullus
3035 4237 3184 4286 certe
3230 4229 3330 4285 ibit
3383 4245 3620 4301 unquam
3672 4232 3764 4286 in.

546 4344 688 4383 mum
707 4327 1008 4396 susciperet.
1035 4324 1187 4392 Quod
1207 4324 1415 4396 quidem
1446 4323 1733 4377 etiamnum
1775 4321 1891 4390 ﬁeri
1917 4320 1980 4374 ab
2019 4320 2109 4375 Itis
2205 4315 2359 4373 ﬁcias
2400 4319 2650 4374 nonnihil
2675 4322 2941 4377 adversus
2974 4322 3119 4378 illam
3159 4338 3190 4378 a
3219 4322 3433 4379 Justino
3460 4330 3513 4380 et
3551 4322 3771 4380 Irenaeo

546 4420 634 4491 qui
658 4418 977 4473 teterrimam
1014 4417 1126 4487 ejus
1143 4425 1338 4471 sectam
1357 4415 1669 4484 proﬁtentur
1692 4453 1709 4480 ,
1739 4430 1844 4467 non
1864 4414 1975 4468 sine
2004 4412 2102 4467 ad-
2202 4409 2478 4465 memoriae
2495 4410 2666 4467 fuisse
2688 4413 2983 4483 proditum.
3006 4412 3388 4471 Verumtamen
3401 4432 3559 4486 quem
3578 4415 3761 4472 Theo-

549 4512 826 4565 miratione
847 4509 1105 4565 cernimus
1133 4523 1152 4562 :
1176 4508 1266 4580 qui
1288 4524 1429 4561 more
1451 4506 1683 4575 parentis
1717 4506 1801 4561 sui
1824 4506 1877 4559 in
1909 4503 2092 4560 Eccle-
2130 4521 2179 4576 υ
2200 4498 2421 4556 doretus
2449 4501 2643 4556 scribit
2697 4502 2752 4556 in
2800 4502 3043 4569 modum,
3096 4505 3323 4576 ipsemet
3352 4506 3540 4576 procul
3588 4506 3772 4561 dubio

545 4606 681 4659 siam
708 4644 724 4668 ,
756 4614 1004 4673 tanquam
1025 4603 1184 4672 pestis
1214 4610 1305 4654 aut
1339 4601 1481 4670 lepra
1512 4598 1754 4671 quwdam
1797 4598 2097 4668 irrepentes,

543 4696 914 4767 gravissimum
947 4694 1196 4748 damnum
1230 4692 1461 4763 inferunt
1487 4694 1573 4758 iis,
1611 4690 1797 4762 quibus
1820 4691 2103 4761 pessimum

543 4785 678 4839 illud
697 4793 747 4839 et
777 4782 1156 4838 immedicabile
1177 4798 1456 4848 venenum,
1479 4781 1616 4851 quod
1643 4778 1901 4835 mentibus
1932 4779 2101 4835 occul-

416 4920 420 4929 ,
480 4864 483 4865 ⁷
544 4873 680 4942 tant,
708 4876 970 4931 instillare
998 4876 1279 4945 potuerint.
1312 4872 1389 4928 Ac
1420 4874 1650 4944 plerique
1673 4872 1792 4942 jam
1824 4888 2003 4926 eorum
2034 4870 2101 4925 ab’

538 4970 777 5027 Ecclesia
802 4969 959 5040 ejecti
976 4977 1097 5023 sunt
1125 5010 1140 5035 ,
1169 4985 1290 5023 cum
1324 4969 1475 5038 fraus
1498 4968 1731 5038 ipsorum
1779 4976 1914 5023 esset
1953 4972 2096 5022 dete-

541 5078 644 5120 cta.
670 5062 734 5130 Et
760 5062 959 5118 inira"
987 5082 1001 5118 :
1026 5060 1171 5116 Unde
1202 5060 1269 5115 ad
1293 5069 1531 5115 nostram
1560 5075 1720 5129 usque
1740 5068 1949 5113 wtatem
1976 5060 2095 5131 qui-

542 5168 739 5222 cunque
765 5154 878 5224 ejus
909 5162 1104 5209 sectam
1128 5152 1462 5223 proﬁtentur,
1495 5167 1613 5205 cum
1642 5166 1697 5205 se
1727 5148 2092 5205 Christianam

543 5244 861 5313 religionem,
890 5244 1099 5313 plenam
1129 5243 1381 5298 molestia:
1414 5248 1464 5297 et
1499 5242 1820 5306 sanctitatis,
1852 5241 2095 5311 amplecti

541 5334 898 5389 simul-auerint
921 5375 938 5400 ,
972 5346 1144 5389 tamen
1175 5342 1227 5390 et
1260 5334 1328 5388 ad
1355 5332 1772 5402 superstitiosum
1797 5331 2092 5387 dtemonum

613 5556 658 5592 “
687 5557 899 5632 Lib._de
950 5564 1151 5632 hwres.‘
1181 5575 1299 5632 cap.
1352 5562 1400 5632 1.

1481 5562 1526 5599 ⁸⁸
1548 5561 1665 5618 Lib.
1722 5578 1739 5618 ι
1784 5558 1985 5633 litaret.
2027 5556 2164 5616 Fab.
2196 5577 2325 5633 cap:
2353 5563 2403 5619 I.

2200 4592 2446 4663 quaedam
2477 4593 2582 4662 alia
2611 4609 2795 4650 eorum
2837 4597 3059 4667 scripta,
3091 4598 3290 4669 quibus
3319 4598 3567 4655 haeresim
3607 4599 3769 4653 illan»

2199 4684 2417 4755 planius
2448 4685 2736 4756 fusiusque
2761 4686 3138 4756 confutabant,
3170 4690 3242 4745 ibi
3292 4690 3565 4747 indicasse
3604 4690 3758 4744 vide-

2199 4783 2310 4832 tur.
2342 4776 2512 4833 Porro
2542 4787 2721 4833 autem
2755 4795 2877 4850 qua:
2906 4778 3201 4837 Menander
3229 4781 3297 4838 de
3324 4782 3595 4853 baptismo
3628 4796 3767 4846 suo,

2199 4883 2309 4940 quo
2362 4868 2613 4925 homines
2643 4869 2993 4949 immortales
3018 4870 3137 4927 ﬁeri
3179 4873 3472 4945 garriebat,
3504 4872 3641 4928 adeo
3673 4879 3759 4927 te-

2200 4979 2348 5021 mere
2368 4965 2682 5026 venditavit.
2711 4981 2772 5021 ea
2804 4964 3172 5024 Tertullianus
3195 4970 3409 5041 egregie
3438 4966 3655 5031 refellit,
3701 4974 3765 5023 et

2197 5053 2427 5109 ridicula
2470 5069 2594 5109 esse
2641 5054 2982 5111 demonstrat
3043 5058 3111 5114 '°.
3155 5056 3340 5129 Neque
3397 5066 3577 5112 tamen
3620 5055 3757 5112 illud

2197 5162 2483 5205 censemus
2511 5146 2895 5218 adjiciendum,
2923 5149 3065 5219 quod
3097 5149 3341 5205 nonnulli
3358 5147 3754 5204 Tertullianum

2196 5254 2388 5295 rursus
2425 5238 2493 5295 de
2538 5238 2724 5295 eadem
2776 5240 2968 5297 hmresi
3011 5242 3211 5315 aliquid
3249 5242 3303 5296 in
3342 5241 3502 5299 Libro
3534 5242 3598 5297 de
3621 5255 3762 5313 prat-

2201 5331 2567 5404 scriptionibus
2646 5332 2851 5390 litteris
2887 5336 3176 5393 mandasse
3236 5334 3552 5407 opinantur.
3605 5332 3756 5388 Nihil

2478 5562 2523 5594 ὀ
2552 5560 2673 5634 Lib.
2696 5576 2771 5618 vn
2794 5560 3012 5634 S__trom.,
3046 5562 3271 5634 p._765.
3290 5560 3511 5634 “_Apud
3543 5560 3749 5634 Euseb.

544 5627 727 5703 lib._tv
781 5628 950 5703 ῌίιι..
973 5646 1101 5703 cap.
1129 5630 1184 5687 2.
1204 5627 1305 5703 __"'
1336 5631 1536 5703 Haeres.
1568 5633 1657 5699 21,
1688 5633 1742 5689 4.
1820 5634 1865 5665 ⁸³
1886 5632 2003 5688 Lib.
2034 5627 2427 5703 “conn—Cels.
2503 5634 2550 5665 “
2578 5632 2695 5703 Lib.
2729 5647 2768 5687 ιι
2802 5632 2942 5688 Hist.
2963 5627 3082 5703 cap.
3108 5632 3165 5689 2.
3238 5633 3285 5703 ἐ
3334 5627 3467 5689 Ibid.
3499 5649 3619 5702 cap.
3654 5632 3745 5703 15.

543 5700 588 5775 1'
616 5698 942 5775 Theodoret.
972 5698 1152 5775 Iib:_|_
1196 5701 1391 5775 litaret.
1446 5700 1667 5775 Fabula
1699 5719 1816 5775 cap.
1873 5704 1924 5760 5.
2001 5704 2045 5736 ³⁷
2096 5701 2373 5775 Epiphan.
2400 5702 2601 5760 Haeres.
2625 5702 2715 5760 22.

2815 5702 2860 5736 "
2898 5701 3043 5761 Ireni
3069 5703 3186 5759 adv.
3238 5702 3442 5761 Haeres.
3498 5701 3619 5776 cap.
3650 5701 3771 5759 2E.-

543 5766 721 5828 ιιι-ὼ
764 5786 782 5825 ι
824 5769 1022 5826 Ha‘ret.
1049 5769 1239 5827 Fabul.
1282 5787 1401 5843 cap.
1438 5773 1491 5829 2.
1570 5766 1844 5829 ﬂ"Libfde
1872 5774 2071 5839 anima,
2106 5766 2225 5844 cap.
2257 5774 2342 5829 50.
