4070 6340
327 312 393 371 ιτ
700 300 704 304 ’
1212 320 1397 378 PRlMl
1434 321 1786 382 recussus
1824 326 2093 386 siccum
2150 329 2664 390 scamoninus.
3477 345 3541 400 l8

319 436 469 491 enim
501 434 577 490 ibi
611 434 679 491 de
732 451 796 491 ea
823 436 1084 507 reperias,
1126 437 1236 494 nisi
1277 439 1343 494 in‘
1370 440 1493 496 libri
1540 442 1688 498 illius
1712 445 1888 515 capite
1913 448 1963 509 Α
1991 448 2141 517 cujus
2175 460 2349 505 tamen
2371 449 2491 522 legi,
2524 460 2774 524 tanquam
2820 453 2967 509 bome
3015 454 3368 526 obtemperare
3399 462 3542 516 vide-

320 525 417 590 45,
442 526 589 597 quod
617 525 688 582 ab
728 527 1118 597 impostoribus
1162 530 1236 587 ibi
1304 540 1550 588 assutum
1588 548 1710 591 esse
1771 536 1881 592 cri-
1982 548 2086 595 tur.
2123 540 2259 597 llinc
2298 544 2463 598 etiam
2489 542 2867 610 Cerinthiani,
2911 554 2968 602 ut
3008 547 3151 603 idem
3202 548 3538 621 Epiphanius

322 618 423 673 tiei
452 619 737 690 peritiores
763 621 1073 678 observant.

397 709 513 766 Non
541 710 635 766 diu
665 712 813 767 stetit
835 713 924 768 illa
946 712 1222 769 Menandri
1250 714 1498 773 haeresis.
1530 716 1781 776 Justinus
1802 720 1877 775 si—

320 801 538 872 quidem
563 804 813 873 quamvis
845 805 1027 875 plures
1056 806 1209 862 initio
1238 823 1269 862 a
1298 806 1590 866 Menandro
1618 810 1876 881 deceptos

318 909 441 949 esse
469 901 767 965 agnoscat:
798 910 1005 966 paucos
1053 908 1235 954 tamen
1266 914 1368 954 suo
1400 908 1643 971 tempore
1685 918 1875 973 super-

318 986 478 1042 stites
525 986 775 1042 extitisse
814 1003 925 1043 non
976 988 1209 1047 obscure
1256 991 1498 1048 declarat
1525 994 1568 1025 ³¹
1605 1013 1618 1050 :
1650 993 1874 1051 Menand

316 1075 473 1129 drum
526 1078 817 1133 Antiochia:
864 1079 1054 1134 multos
1089 1088 1203 1135 arte
1228 1084 1430 1154 magica
1470 1083 1729 1154 decepisse
1765 1087 1871 1140 sci-

316 1184 505 1222 mus...
529 1179 751 1238 suntque
803 1170 936 1225 adeo
965 1188 1101 1247 nunc
1124 1190 1323 1244 quoque
1344 1174 1408 1228 ab
1437 1192 1496 1230 eo
1523 1176 1709 1247 reliqui
1736 1194 1869 1231 non-

313 1259 452 1312 nulli
465 1300 482 1322 ,
522 1262 613 1330 qui
632 1260 728 1315 hoc
752 1263 832 1315 sic
859 1244 1191 1331 praﬁtimtur.
1217 1265 1345 1321 Inde
1371 1282 1502 1338 ergo
1528 1244 1869 1325 Menandria-

312 1364 442 1402 nam
472 1349 719 1406 haeresim
747 1359 874 1408 ante
923 1354 1290 1411 Simonianam
1317 1361 1585 1417 excidisse
1619 1378 1729 1418 non
1772 1365 1868 1420 ab-

311 1442 477 1498 surde
504 1443 760 1515 colliges;
817 1446 923 1503 nisi
957 1463 1075 1503 eam
1117 1450 1174 1505 in
1211 1448 1473 1508 Saturnili
1499 1462 1553 1510 et
1611 1454 1867 1515 Basilidis

310 1541 493 1590 sectas
515 1532 805 1593 induxisse
832 1536 1062 1595 dixeris.

912 1629 1142 1685 CAPUT
1172 1631 1237 1688 ν.

793 1719 870 1775 De
892 1720 1080 1778 haeresi
1093 1723 1345 1783 Cerinthi.

1979 631 2162 686 subdit
2188 632 2264 687 "‘:
2300 630 2528 688 Paulum
2557 641 2761 702 penitus
2782 637 3085 704 erplodunt,
3108 652 3379 710 propterea
3399 644 3538 714 quod

1977 724 2423 781 circumcisionem
2473 727 2754 785 abdicavit.
2805 727 3131 788 Philastrius
3181 750 3309 788 vero
3360 739 3537 808 arguit

1976 814 2315 881 Cerinthum,
2342 819 2486 889 quod
2512 827 2565 874 et
2593 820 2729 875 alios
2758 822 2943 891 plures
2964 824 3087 878 novi
3122 824 3343 881 fmderis
3368 826 3534 883 libros

1976 907 2340 975 repudiaverit
2365 927 2379 964 :
2406 909 2713 978 Apostolum
2742 912 2966 966 Paulum
2989 930 3088 968 non
3104 916 3314 986 accipit,
3334 915 3367 970 ,Ι
3375 918 3533 972 udam

1972 997 2290 1066 proditorem
2343 1000 2608 1067 honorat,
2664 1001 3001 1074 Evangelium
3056 1007 3337 1062 secundum
3389 1008 3533 1064 Mat-

1973 1087 2166 1143 thteum
2200 1091 2369 1145 solum
2401 1092 2589 1161 accipit
2619 1133 2635 1157 ,
2669 1094 2773 1148 tria
2803 1093 3088 1167 Evangelia
3116 1100 3330 1166 spernit,
3354 1100 3530 1158 beatos

1972 1191 2230 1252 martyres
2266 1182 2609 1254 blasphemat.
2641 1185 2827 1256 Neque
2858 1196 3034 1243 tamen
3065 1191 3132 1244 ab
3163 1206 3227 1245 eo
3258 1191 3530 1264 integrum

1971 1270 2208 1327 Matthaei
2246 1273 2597 1347 Evangelium
2665 1288 2940 1349 acceptum
2995 1280 3166 1336 fuisse
3213 1291 3407 1337 auctor
3446 1292 3531 1341 est
3572 1354 3580 1362 .

1970 1358 2303 1431 Epiphanius
2324 1362 2369 1395 "
2396 1383 2409 1421 :
2443 1363 2689 1421 Matthwi
2717 1365 2999 1437 Evangelio
3048 1386 3150 1424 non
3179 1371 3402 1440 integro,
3436 1372 3529 1426 sed

1965 1461 2199 1518 exparte
2224 1450 2486 1506 duntaxat
2514 1462 2753 1520 utuntur,
2792 1456 3042 1510 nimirum
3090 1468 3299 1527 propter
3340 1477 3529 1531 genea-

1967 1539 2194 1609 logiam,
2225 1557 2341 1612 qua:
2376 1544 2490 1613 ejus
2518 1553 2596 1599 est
2630 1546 2806 1600 carnis
2853 1550 3087 1616 propria.
3129 1550 3235 1606 Nec
3283 1553 3523 1619 mirum;

1964 1630 2184 1702 quando
2214 1634 2430 1704 quidem
2464 1650 2526 1691 ea
2568 1635 2771 1693 Christi
2800 1641 3115 1712 genealogia
3150 1659 3340 1700 omnes
3369 1662 3524 1703 erro—

1965 1736 2053 1779 res
2079 1720 2325 1780 funditus
2354 1726 2752 1786 evertebantur.

370 1806 666 1867 Cerinthns
720 1811 791 1869 ab
850 1814 969 1883 ipso
1016 1820 1386 1888 apostolorum
1444 1833 1684 1898 tempore
1711 1842 1864 1883 novae
1893 1800 1935 1855 Β
2033 1813 2196 1872 Caius
2242 1826 2418 1874 autem
2466 1820 2609 1890 apud
2648 1819 2943 1877 Eusebium
2983 1822 3244 1881 Cerintho
3279 1843 3521 1884 errorem

302 1895 574 1955 biereseos
602 1915 825 1970 parens,
852 1904 907 1956 in
929 1903 1181 1976 Egypto,
1202 1898 1379 1979 inquit
1405 1895 1777 1973 Theodoretus
1793 1919 1859 1983 ".

296 1989 527 2056 plurimo
553 2000 781 2060 tempore
820 2006 1056 2051 senatus
1083 2038 1097 2062 ,
1130 2009 1180 2053 et
1215 2001 1269 2055 in
1295 2001 1664 2075 philosophisis
1693 2011 1862 2066 scien-

298 2083 388 2135 tiis
413 2084 647 2139 eruditus
664 2125 680 2150 ,
702 2087 837 2141 venit
863 2100 1044 2158 postea
1065 2094 1119 2146 in
1134 2094 1341 2163 Asiam,
1364 2108 1415 2153 et
1433 2098 1715 2169 discipulos
1737 2122 1860 2160 suos

297 2173 369 2226 de
397 2176 607 2230 nomine
634 2194 725 2233 suo
757 2180 1058 2249 appellavit.
1079 2184 1179 2239 Cui
1210 2189 1456 2244 concinit
1488 2194 1705 2263 quidem
1732 2195 1861 2266 Epi-

299 2264 562 2333 phanius,
594 2269 685 2323 sed
718 2270 869 2324 addit
898 2287 993 2326 eos
1022 2273 1197 2333 dictos
1219 2276 1389 2336 fuisse
1419 2264 1810 2343 Merinthianos
1840 2304 1854 2342 :

303 2355 495 2411 Utrum
526 2376 659 2422 vero,
688 2362 764 2415 ait
782 2363 868 2419 ille
886 2365 953 2431 ³³,
985 2364 1266 2425 Cerinthus
1294 2371 1404 2441 ipse
1428 2373 1724 2431 Herinthus
1748 2379 1855 2433 alio

293 2448 507 2502 nomine
526 2450 598 2502 sit
616 2450 812 2517 dictus,
843 2455 1041 2510 nescire
1070 2473 1149 2512 me
1171 2458 1344 2527 fateor
1360 2504 1375 2529 ,
1414 2480 1481 2518 an
1503 2475 1697 2533 prater
1717 2467 1856 2523 hunc

287 2539 427 2594 alter
444 2558 504 2596 eo
533 2545 740 2600 nomine
768 2548 1058 2617 appellatus
1070 2554 1360 2622 exstiterit,
1391 2558 1609 2628 adjutor
1629 2561 1774 2618 illius
1801 2571 1853 2618 et

285 2631 489 2696 socius,
519 2632 574 2685 id
599 2633 811 2704 quidem
841 2638 945 2692 soli
962 2639 1070 2695 Deo
1099 2653 1420 2712 compertum
1444 2656 1544 2705 est.

355 2719 602 2778 Primum
634 2734 836 2793 autem,
860 2736 1001 2788 teste
1034 2733 1237 2791 Irenaeo
1268 2737 1332 2803 “,
1358 2738 1649 2798 Cerintbus
1676 2761 1691 2799 :
1726 2742 1851 2801 Non

285 2826 321 2864 α
347 2814 524 2881 primo
552 2815 665 2871 Deo
692 2818 892 2887 factum
916 2838 1029 2878 esse
1058 2826 1311 2882 mundum
1337 2830 1537 2898 docuit,
1568 2835 1661 2889 sed
1686 2854 1720 2891 a
1744 2838 1852 2893 uir-

283 2911 394 2955 tute
415 2905 646 2973 quadam
659 2920 926 2977 separata,
953 2922 1005 2967 et
1020 2914 1249 2972 distante
1264 2918 1328 2972 ab
1350 2934 1413 2975 ea
1431 2922 1846 2994 principalitate,

278 3008 398 3062 qui:
424 3004 503 3048 est
525 3013 680 3066 super
696 3001 959 3069 universa,
988 3014 1040 3059 et
1067 3006 1335 3077 ignorante
1358 3028 1419 3067 eo
1444 3014 1536 3085 qui
1579 3024 1657 3071 est
1694 3032 1849 3087 super

280 3086 463 3139 omnia
478 3086 604 3145 Deo.
628 3088 907 3148 Christum
938 3103 1139 3162 autem,
1163 3110 1382 3159 auctore
1411 3086 1843 3179 Theodoreto”,

276 3172 426 3232 duas
448 3178 502 3232 in
522 3190 725 3250 partes,
743 3199 840 3241 seu
862 3201 1124 3257 personas
1150 3205 1179 3244 a
1196 3208 1254 3247 se
1281 3192 1511 3252 invicem
1534 3172 1842 3271 distinctas,

276 3266 589 3339 dividebat;
625 3275 983 3348 tradebatque
1026 3280 1211 3337 Iesum
1259 3288 1547 3344 secundum
1594 3266 1844 3349 naturam

275 3370 454 3415 ortum
470 3379 539 3417 ex
562 3363 758 3437 Ioseph
779 3378 831 3423 et
850 3369 1046 3437 Maria,
1071 3380 1413 3445 temperantia
1440 3392 1634 3448 autem,
1655 3394 1705 3439 et
1719 3384 1842 3455 jus-

275 3452 420 3521 titia,
463 3465 516 3509 et
544 3457 670 3513 aliis
704 3460 982 3519 virtutibus
1035 3468 1360 3528 excelluisse.
1393 3472 1489 3528 Vel
1519 3484 1577 3529 ut
1626 3478 1702 3532 ait
1720 3452 1842 3536 ⁷Ιη-

274 3560 429 3602 treus
451 3547 499 3578 ³⁸
525 3567 540 3602 :
573 3548 707 3605 Plus
738 3554 972 3621 potuisse
1003 3558 1068 3610 ab
1112 3561 1353 3618 omnibus
1372 3604 1386 3629 ,
1417 3575 1466 3619 et
1496 3579 1615 3635 post
1643 3569 1840 3639 baptis-

274 3652 420 3689 mum
446 3636 774 3696 descendisse
820 3644 874 3698 in
910 3662 1028 3700 eum
1054 3646 1322 3707 Christum
1349 3654 1414 3709 ab
1441 3673 1505 3711 ea
1531 3636 1839 3731 principali-

274 3737 402 3790 tate,
421 3746 541 3799 qua:
568 3745 646 3785 est
671 3750 827 3803 super
856 3740 1054 3803 omnia,
1085 3743 1259 3814 ﬁgura
1284 3748 1572 3816 columbas,
1619 3762 1671 3807 et
1714 3763 1837 3811 tunc

272 3822 619 3878 annuntiasse
638 3825 959 3897 incognitum
999 3832 1236 3903 Patrem,
1267 3846 1319 3893 et
1342 3841 1559 3898 uirtutes
1583 3847 1836 3916 perfecis-

270 3928 365 3975 se;
392 3914 448 3967 in
470 3916 570 3983 ﬁne
598 3928 770 3973 autem
793 3924 1049 3980 revolasse
1075 3928 1266 3984 iterum
1290 3930 1559 3990 Christum
1586 3914 1651 3992 de
1678 3914 1831 4007 Iesu,

267 4010 323 4056 et
342 4000 525 4057 Iesum
546 4024 761 4077 passum
801 4029 913 4068 esse
943 4025 993 4070 et
1042 4023 1414 4088 resurrexisse,
1445 4026 1713 4084 Christum
1735 4049 1833 4085 au-

271 4104 381 4150 tem
426 4098 802 4166 impassibilem
854 4121 1227 4177 perseverasse,
1279 4116 1585 4173 existentem
1612 4124 1832 4191 spirita-

270 4184 625 4276 lem.Contra
653 4199 834 4249 tamen
868 4195 1202 4268 Epiphanius
1227 4203 1294 4269 ³⁷,
1324 4220 1387 4259 ac
1416 4218 1537 4276 post
1565 4184 1687 4266 eum
1718 4214 1829 4267 Au-

267 4275 519 4344 gustinus
553 4278 636 4333 “:
672 4279 873 4349 Dicere,
898 4285 1094 4356 inquit,
1128 4289 1260 4343 nihil
1291 4302 1369 4346 est
1391 4275 1584 4350 veritus
1611 4312 1827 4366 passum

265 4366 473 4435 quidem
501 4379 552 4424 et
568 4374 884 4442 cruciﬁxum
909 4394 1020 4434 esse
1042 4379 1333 4450 Christum,
1354 4386 1584 4442 nondum
1601 4402 1772 4447 tamen
1795 4413 1829 4448 a

1960 1905 2347 1963 Chiliastarum
2377 1909 2569 1965 tribuit
2597 1911 2644 1943 "’
2669 1932 2683 1968 :
2712 1911 2818 1968 Per
2854 1915 3189 1971 revelationes
3217 1936 3249 1972 a
3272 1937 3325 1974 se
3347 1959 3363 1985 ,
3398 1930 3522 1975 tan-

1958 2014 2116 2067 quam
2151 2016 2183 2052 a
2213 2015 2400 2069 magno
2429 2000 2677 2068 Apostolo
2700 2007 3024 2075 conscriptas
3051 2047 3064 2072 ,
3093 2018 3341 2077 portenta
3374 2028 3519 2082 qutu-

1957 2086 2103 2152 dam,
2133 2090 2286 2159 quasi
2316 2088 2381 2143 ab
2413 2092 2608 2161 angelis
2646 2094 2748 2148 sibi
2776 2105 2983 2152 ostensa
3011 2112 3351 2171 commentus,
3370 2105 3519 2161 nobis

1958 2177 2287 2242 introducit,
2343 2180 2610 2249 afﬁrmans
2664 2195 2781 2252 post
2833 2192 3259 2246 resurrectionem
3303 2210 3519 2264 regnum

1956 2268 2156 2325 Christi
2181 2271 2235 2325 in
2256 2272 2409 2326 terris
2438 2273 2696 2342 futurum,
2714 2293 2776 2330 ac
2798 2294 2981 2333 rursus
3004 2279 3241 2337 homines
3262 2283 3517 2340 Hieroso-

1957 2360 2108 2431 lymis
2127 2362 2386 2432 degentes,
2411 2365 2780 2433 cupiditatibus
2805 2377 2855 2423 et
2885 2370 3139 2439 uoluptati
3166 2376 3397 2441 corporis
3424 2376 3517 2431 ob-

1952 2455 2138 2507 noxios
2177 2456 2329 2524 fore;
2389 2455 2636 2527 additque
2678 2460 2822 2514 mille
2876 2478 3134 2517 annorum
3180 2468 3406 2533 spatium
3461 2469 3517 2523 in

1952 2540 2271 2608 nuptialibus
2304 2542 2452 2612 festis
2496 2554 2824 2600 transactum
2865 2548 2954 2605 iri.
3009 2547 3154 2606 Unde
3194 2555 3353 2608 etiam
3390 2554 3516 2611 Chi-

1952 2628 2144 2695 liastte,
2174 2631 2351 2702 inquit
2383 2632 2721 2705 Augustinus
2746 2636 2812 2702 “,
2847 2647 2969 2694 sunt
2999 2642 3269 2710 appellati.
3302 2643 3357 2700 ld
3382 2661 3515 2702 con-

1952 2719 2131 2775 ﬁrmat
2157 2720 2426 2781 Eusebius
2457 2724 2561 2781 hac
2603 2725 2845 2800 Dionysii
2879 2730 3229 2789 Alexandrini
3267 2740 3512 2793 auctori-

1951 2824 2063 2875 tate
2094 2836 2108 2874 :
2137 2819 2302 2874 Aiunt
2345 2836 2461 2875 eum
2480 2862 2496 2889 ,
2527 2821 2883 2891 Cerinthum,
2913 2824 3107 2881 librum
3135 2833 3507 2901 composuisse,

1949 2910 2119 2965 indito
2148 2909 2376 2966 Ioannis
2407 2914 2645 2980 nomine,
2676 2915 2800 2970 dum
2843 2920 3210 2975 auctoritatem
3249 2925 3508 2994 ﬁgmentis

1948 3000 2061 3055 suis
2091 3017 2157 3055 ea:
2185 3000 2410 3057 Ioannis
2442 3005 2646 3059 nomine
2696 3009 2931 3061 mutuari
2959 3010 3126 3067 uellet.
3163 3009 3266 3068 Sed
3298 3014 3367 3070 de
3404 3015 3508 3071 hoc

1949 3093 2185 3149 ridiculo
2233 3094 2479 3152 Cerinthi
2522 3082 2830 3155 commento
2879 3101 3007 3157 alibi
3066 3104 3284 3160 dabitur
3331 3106 3508 3165 fusius

1945 3186 2258 3257 disputandi
2289 3189 2460 3246 locus.

2015 3277 2203 3335 Visum
2234 3287 2319 3337 est
2339 3282 2620 3339 nonnullis
2648 3298 2742 3340 eos
2767 3324 2784 3350 ,
2825 3284 2919 3356 qui
2960 3286 3203 3343 viventes
3230 3288 3503 3361 baptismo

1941 3386 2049 3427 non
2094 3370 2313 3427 fuerunt
2340 3372 2540 3441 abluti,
2573 3381 2695 3444 post
2743 3387 2972 3432 mortem
3008 3380 3076 3433 ab
3118 3379 3185 3434 iis
3232 3382 3502 3439 haereticis

1941 3473 2304 3522 sacramento
2334 3467 2426 3521 illo
2453 3466 2622 3525 fuisse
2651 3468 2912 3527 initiatos.
2941 3470 3138 3528 Verum
3165 3489 3287 3529 cum
3318 3478 3353 3531 ii
3383 3479 3501 3534 solo

1938 3556 2250 3628 Epiphanii,
2279 3572 2442 3629 quem
2471 3557 2538 3614 de
2564 3559 2686 3616 aliis
2716 3561 2898 3632 potius
2918 3561 3183 3619 haereticis
3207 3565 3403 3620 ibidem
3427 3569 3502 3622 lo-

1936 3649 2031 3720 qui
2054 3650 2238 3720 plures
2267 3649 2600 3717 existimant,
2630 3653 2942 3709 testimonio
2980 3654 3305 3723 innitantur,
3331 3658 3384 3713 id
3406 3659 3496 3715 isti

1937 3741 2021 3795 Vel
2047 3747 2248 3812 negant
2276 3741 2520 3808 omnino,
2550 3744 2635 3798 vel
2667 3744 2882 3816 penitus
2912 3746 3180 3803 incertum
3215 3764 3339 3806 esse
3362 3766 3497 3806 con-

1935 3832 2183 3890 tendunt.

2002 3921 2217 3991 Quanto
2272 3924 2486 3981 horrori
2543 3923 2837 3984 Cerinthus
2895 3926 3089 3985 Joanni
3152 3931 3495 4003 evangelista:

1932 4016 2118 4084 fuerit,
2148 4017 2412 4073 discimus
2440 4033 2505 4074 ex
2535 4018 2736 4074 lrenazo
2757 4019 2802 4051 ’⁵⁸
2821 4058 2837 4086 ,
2869 4021 2963 4090 qui
2990 4021 3057 4076 ab
3087 4021 3209 4076 aliis
3237 4038 3296 4078 se
3335 4037 3494 4079 acce-

1932 4110 2079 4180 pisse
2098 4117 2348 4176 testatur,
2365 4108 2653 4177 Joannem,
2673 4128 2792 4167 cum
2822 4112 3033 4167 lavandi
3057 4130 3220 4169 causa
3248 4114 3491 4171 balneum

1931 4198 2123 4269 Ephesi
2150 4210 2284 4255 esset
2310 4201 2596 4271 ingressus,
2636 4202 2744 4255 viso
2770 4202 2913 4257 intus
2944 4202 3195 4259 Cerintho
3214 4245 3230 4271 ,
3273 4222 3396 4260 mox
3424 4208 3492 4259 il-

1930 4293 2091 4347 latum
2122 4308 2185 4348 ex
2213 4291 2398 4348 balneo
2427 4294 2741 4366 profugisse,
2767 4305 2922 4367 atque
2948 4297 3002 4350 in
3044 4296 3153 4352 hinc
3189 4299 3489 4369 prorupisse

1929 4383 2084 4439 verba
2107 4398 2127 4438 .'
2159 4384 2448 4456 Fugiamus
2481 4384 2623 4452 hinc,
2647 4402 2709 4440 ne
2727 4386 2864 4455 forte
2900 4386 3139 4442 balneum
3164 4404 3400 4455 corruat,
3432 4393 3486 4444 in

266 4462 485 4515 mortuis
510 4467 817 4533 excitatum,
842 4487 903 4524 ac
931 4479 1041 4526 tum
1070 4473 1275 4530 demum
1304 4495 1421 4532 cum
1446 4486 1641 4538 mortui
1659 4504 1828 4542 resur-

1949 4494 2027 4539 yuo
2054 4487 2133 4532 est
2161 4475 2436 4533 Cerinthus
2462 4478 2695 4534 veritatis
2723 4479 2987 4536 inimicus.
3024 4479 3358 4552 Epiphanius
3383 4482 3483 4552 igi-

262 4560 384 4618 gcnt
409 4568 608 4620 omnes,
639 4559 994 4619 excitandum.
1038 4564 1191 4622 Unde
1221 4570 1415 4626 merito
1442 4574 1660 4644 quidem
1698 4579 1823 4648 jure

262 4639 646 4704 Cerinthianos
675 4664 862 4707 secum
901 4655 1131 4714 invicem
1162 4670 1345 4731 aperte
1389 4639 1664 4737 pu-gnasse
1690 4639 1821 4728 eon-

260 4732 457 4790 cludit.

1929 4578 2037 4633 tur,
2068 4568 2161 4639 qui
2191 4569 2305 4625 haec
2333 4568 2525 4624 Ebioni
2562 4571 2774 4637 tribuit,
2804 4571 3065 4626 memoria
3098 4573 3286 4642 procul
3316 4572 3482 4627 dubio

1925 4662 2114 4732 lapsus
2140 4668 2243 4718 est.
2281 4660 2467 4732 Neque
2492 4668 2672 4718 tamen
2702 4661 2770 4716 ad
2799 4662 3213 4733 expugnandam
3236 4662 3480 4719 Cerinthi

1926 4755 2173 4810 haeresim
2205 4754 2280 4810 ibi
2320 4756 2472 4810 stetit
2507 4755 2725 4810 divinus
2768 4756 2926 4835 plane
2960 4754 3186 4811 Joannis
3234 4757 3397 4811 ardor
3427 4764 3480 4812 et

328 4821 443 4880 Nec
482 4830 666 4890 minus
696 4832 917 4893 haeresis
943 4836 1034 4893 illa
1056 4839 1159 4895 sibi
1186 4840 1288 4912 ipsi
1311 4843 1366 4898 in
1394 4860 1460 4900 eo
1487 4847 1818 4907 adversaba-
1923 4846 2186 4905 studium.
2220 4847 2315 4902 llle
2345 4845 2509 4912 enim,
2535 4856 2593 4903 ut
2619 4821 2786 4902 tradit
2813 4828 3267 4918 Hieronymus“:
3300 4847 3481 4916 Scrip-

262 4924 369 4983 tur,
398 4920 544 4988 quod
572 4940 587 4978 :
646 4922 819 4982 Carne
853 4930 1158 4986 circumcidi
1203 4945 1457 5003 oportere,
1492 4940 1654 4996 verba
1685 4955 1814 5001 sunt

259 5007 549 5101 hugustini
578 5016 645 5078 ³⁹.
675 5028 827 5089 atque
872 5023 981 5076 alia
1027 5024 1329 5095 hujusmodi
1363 5029 1517 5101 legis,
1558 5034 1812 5094 nimirum

257 5097 527 5165 Mosaicae.
556 5118 814 5177 praecepta
837 5115 1037 5167 seruari
1070 5116 1301 5185 juberct.
1332 5097 1475 5174 Nam
1502 5139 1616 5178 eum
1654 5143 1687 5179 a
1712 5145 1812 5197 quo

256 5190 340 5245 lu:
369 5196 571 5251 tradita
600 5201 690 5266 sit,
715 5202 906 5257 bonum
941 5218 1090 5275 negat
1117 5225 1248 5274 esse,
1279 5217 1355 5266 ait
1386 5190 1810 5288 Epiphanius“,

325 5398 371 5431 ³⁸
435 5401 677 5473 ᾼροιοςῃ
732 5404 789 5462 2.

629 5476 675 5507 ³⁸
726 5474 854 5534 Loc.
945 5482 1020 5536 cit

627 5544 673 5579 “
716 5544 848 5603 Loc.
905 5550 997 5607 cit.

1165 5484 1209 5515 “
1263 5485 1392 5544 Loc.
1440 5492 1531 5544 cit.

1096 5554 1139 5585 δι
1184 5554 1299 5612 Lib.
1350 5557 1413 5613 de
1470 5561 1656 5618 [ρων-εδ.

938 5409 982 5442 ¹²
1040 5409 1158 5467 Lib.
1231 5430 1269 5469 ιι
1330 5416 1529 5475 eret.
1602 5419 1797 5477 Fabul.
1828 5437 1947 5493 cap.
1998 5424 2053 5478 '5.

945 5482 1017 5523 rit
1165 5484 1209 5515 ³ο
1264 5485 1370 5523 [nn
1440 5492 1508 5523 nil
1628 5493 1670 5523 s1
1739 5493 1808 5523 η-
1904 5496 2053 5523 1...--.

1730 5493 1808 5548 De
1899 5492 2086 5549 limes.
2137 5492 2164 5566 ᾗ
2219 5494 2272 5550 8.

1734 5564 1794 5636 A“
1848 5562 1979 5620 Loc.
2036 5564 2162 5636 cit.,
2215 5563 2347 5636 575.

1919 4944 1992 4998 sit
2027 4940 2371 5011 euangelium,
2400 4948 2614 5010 rogatus
2654 4939 2717 4993 ab
2756 4940 2898 4994 Asia:
2925 4942 3196 5011 episcopis,
3228 4943 3476 4996 adversus

1920 5032 2247 5095 Cerinthum,
2271 5030 2503 5101 aliosque
2531 5030 2820 5087 hwreticos.
2844 5030 3178 5102 Epiphanius
3206 5032 3247 5063 "
3292 5040 3472 5086 autem

1921 5126 2218 5180 arbitratur
2263 5122 2523 5178 Iacobum
2581 5124 2824 5194 aliosque
2875 5125 3146 5192 apostolos
3208 5123 3472 5179 adversus

1922 5217 2169 5273 eumdem
2198 5215 2612 5271 haeresiarcham
2643 5216 2848 5273 litteras
2877 5217 2929 5270 in
2955 5217 3068 5271 hinc
3098 5216 3258 5271 verba
3279 5215 3470 5270 Antio-

2157 5424 2202 5456 ³³
2237 5421 2442 5479 Haeres.
2473 5422 2564 5479 28.
2712 5421 2757 5453 “
2826 5420 2944 5476 Lib.
3002 5436 3018 5476 ι
3060 5420 3188 5475 Adv.

2380 5494 2426 5526 ³⁸
2458 5491 2586 5563 Loc.
2640 5490 2734 5546 cit.
2787 5490 2922 5563 §776.

2450 5564 2496 5596 “
2523 5562 2641 5617 Lib.
2668 5577 2760 5634 qui
2796 5561 2985 5628 Hist".
3042 5578 3162 5634 cap.
3203 5561 3298 5634 28ἶ
3343 5564 3457 5622 Vid.

3276 5428 3458 5483 heres.

3023 5493 3066 5523 ⁸⁸
3130 5491 3203 5545 De
3276 5497 3457 5551 lurres.

252 5581 373 5611 την.
424 5581 481 5596 υ.
716 5581 848 5603 υυυ.
905 5581 997 5607 us.
1104 5581 1139 5585 "
1184 5581 1299 5612 ιιιυ.
1350 5581 1413 5613 (ιε
1470 5581 1656 5618 πίει-ει.
1750 5581 1794 5596 "
1848 5581 1979 5620 LUC.
2036 5581 2162 5630 CIL,
2215 5581 2241 5636 ς
2294 5581 2347 5619 ἰ).
2450 5581 2496 5596 ’⁸
2523 5581 2641 5617 ιλιι).
2692 5581 2763 5645 Ill
2807 5581 2985 5628 ηιει.,.
3018 5581 3162 5645 ὀθρ.
3204 5581 3456 5646 Ζδ..γτα.

249 5606 672 5718 Εςοέἓτῷιῖςί
694 5620 787 5672 cit.
823 5623 1393 5718 stneu‘mdernﬁuseb.
1431 5629 1523 5685 lib.
1550 5646 1634 5718 vi}.
1669 5632 1857 5718 Hist...
1884 5650 2005 5718 cap:
2037 5635 2126 5691 25.
2203 5637 2247 5667 ⁸⁵
2271 5635 2415 5718 Loco
2472 5633 2683 5718 cium“
2724 5633 2921 5718 lpuseli.
2998 5634 3209 5718 ltb.”ll'l.
3252 5632 3456 5718 Hister.

247 5696 370 5749 cap.
391 5683 562 5764 28..et
602 5687 690 5743 lib.
717 5705 789 5757 iv,
972 5694 1059 5756 li,
1088 5704 1140 5749 ct
1168 5696 1283 5766 ipse
1316 5683 2155 5778 [rancusIlibiivadvt—llteres.
2210 5683 2343 5778 cap:
2478 5683 2921 5763 'Thcodfl—ib:
2955 5683 3455 5777 iiim'“'be'3é}'ii:t3

247 5752 457 5818 παίει..
489 5770 545 5811 In
567 5754 725 5816 Ioau.
802 5761 846 5794 ⁸⁷
922 5779 1078 5818 τινες».
1112 5764 1201 5818 28.
1239 5766 1263 5818 ε
1308 5768 1360 5818 2.
1952 5791 1964 5805 ο

245 5752 457 5821 eccles.,
489 5753 545 5811 in
567 5754 725 5816 Ioau.
776 5752 846 5794 ’⁸⁷
876 5752 1078 5821 fleres.
1112 5752 1205 5833 28:
1239 5766 1264 5838 ﬁ
1308 5756 1360 5822 Ξ.
