4070 6340
518 325 585 398 iii
1699 318 1786 373 DE
1822 315 2123 374 OMNIBUS
2158 311 2553 371 GENLRATIM
3667 312 3737 366 ει)

516 448 698 505 chiam
729 445 1037 510 direxisse:
1074 444 1339 510 Quoniam
1384 438 1716 510 cognovimus
1746 434 2001 506 quosdam
2043 450 2074 486 a
2103 433 2149 490 Α
2176 444 2325 484 more
2372 436 2748 499 procreatum;
2800 427 3086 498 ipsumque
3126 424 3328 479 Filium
3363 422 3459 477 Dei
3496 437 3736 493 progres-

517 535 663 608 nobis
687 535 755 589 ad
788 553 873 590 vos
897 552 1009 611 esse
1034 535 1311 604 profectos,
1334 540 1439 588 etc.
1464 530 1655 584 Nullus
1682 542 1898 598 queque
1925 524 2083 579 dubi-

518 635 598 705 tat
630 623 850 680 Petrum
884 636 937 681 et
964 624 1214 690 Paulum,
1247 623 1434 680 eodem
1466 621 1680 692 penitus
1702 616 2083 673 evertendier-

520 696 664 773 roris
692 730 877 779 amere
914 731 1209 773 succenses
1232 757 1248 783 ,
1288 722 1480 769 contra
1511 713 1687 783 ipsum
1728 709 1863 764 inito
1900 715 2081 763 certa-

518 811 683 872 mine,
715 807 964 863 haeresim
1002 808 1123 877 ejus
1161 806 1475 862 confutasse
1504 810 1558 859 et
1604 801 1937 873 proﬂigasse.
1984 798 2082 854 His

520 901 897 977 Theodoretus
929 901 1175 977 adjungit
1218 901 1406 957 Caium
1433 940 1447 963 ,
1498 897 1812 968 Dionysium
1842 895 2080 950 Alexan-

520 974 759 1069 drinum.
790 974 1061 1048 Justinum
1091 998 1404 1061 martyrem,
1428 988 1688 1043 Irenaeum
1711 995 1871 1056 atque
1896 984 2081 1055 Orige-

520 1101 665 1140 nem.
697 1084 869 1140 Porro
899 1091 1078 1138 autem
1122 1097 1243 1135 cum
1298 1097 1403 1137 non
1456 1080 1591 1134 alios
1628 1078 1720 1149 qui
1761 1085 1952 1132 contra
1980 1076 2081 1132 Ce-

523 1175 768 1230 rinthum
795 1154 1192 1244 pugnaverint,
1226 1176 1613 1225 commemoret
1645 1167 1730 1220 vir
1756 1166 1845 1220 ille
1872 1165 2077 1219 doctis-

524 1268 719 1340 simus,
751 1264 877 1319 hinc
906 1278 1012 1317 non
1045 1264 1158 1316 leve
1187 1260 1403 1339 ducitur
1426 1264 1801 1329 argumentum
1833 1255 2080 1311 haeresim

523 1336 668 1411 illam
689 1342 715 1419 ,ν
737 1356 880 1410 circa
909 1351 1159 1423 Origenis
1199 1336 1440 1419 tempera
1478 1348 1800 1403 exstinctam
1830 1385 1845 1407 ,
1900 1345 2081 1399 nullos

526 1447 760 1517 amplius
790 1446 1047 1519 habuisse
1078 1443 1336 1521 fautores.
1362 1442 1579 1495 Certum
1629 1447 1809 1493 tamen
1838 1447 1921 1493 est
1946 1452 2084 1507 prae-

523 1541 712 1610 cipuos
759 1536 1000 1594 Cerinthi
1054 1551 1269 1591 errores
1307 1534 1374 1588 ab
1404 1532 1526 1588 aliis
1570 1539 1752 1602 postea
1800 1529 2082 1605 adeptates

525 1630 693 1685 fuisse
731 1628 1021 1692 haereticis,
1059 1627 1149 1697 qui
1193 1640 1331 1681 nova
1376 1625 1537 1681 sectis
1565 1618 1700 1687 Suis,
1734 1628 1792 1696 ut
1818 1612 2080 1691 dicemus,

524 1721 742 1789 nemina
770 1720 1163 1790 imposuerunt.

540 1798 557 1803 "
663 1789 690 1802 "
856 1789 861 1790 ί
1028 1792 1033 1795 ’
1136 1804 1363 1862 CAPUT
1401 1804 1488 1873 vl.

1014 1900 1092 1954 De
1129 1882 1315 1953 heresi
1362 1898 1595 1952 Ebionis.

597 1991 772 2064 Ebion
812 1990 968 2061 cujus
1014 1974 1209 2045 nomen
1243 1988 1385 2060 apud
1427 1989 1616 2043 Patres
1644 1986 1991 2042 doctissimos
2015 1986 2082 2052 ⁸⁸,

526 2066 759 2139 ἰᾶθιηιιο
789 2083 1056 2137 mendicus
1089 2088 1266 2145 sonat,
1296 2097 1326 2134 a
1374 2081 1543 2135 Mario
1582 2079 1880 2135 Mercatore
1910 2079 1955 2111 δ’
1986 2094 2084 2132 vo-

525 2155 679 2228 catur
702 2172 1034 2241 philosophus
1080 2180 1133 2226 et
1180 2172 1377 2225 stoicus
1422 2170 1778 2240 philosophus.
1826 2170 2086 2225 Eruditus

525 2274 703 2318 autem
733 2262 967 2332 scriptor
987 2261 1203 2331 quidam
1233 2277 1432 2316 nomen
1457 2261 1692 2316 mendici
1719 2260 1820 2330 ipsi
1857 2259 2084 2314 inditum

525 2361 701 2431 putat,
735 2354 877 2423 quod
908 2353 1105 2424 spretis
1135 2352 1370 2416 divitiis,
1402 2352 1762 2406 voluntariam
1799 2360 2087 2421 pauperta-

527 2436 635 2502 tem
696 2446 1059 2517 proﬁteretur.
1116 2442 1315 2499 Verum
1368 2443 1669 2513 Epiphanio
1716 2443 1980 2498 Ebionita:
2031 2459 2086 2497 se

526 2522 785 2619 mendicos
817 2536 1128 2607 prwdicant,
1156 2537 1293 2608 quod
1332 2536 1689 2605 apostolorum
1720 2543 1945 2603 tempore
1973 2550 2085 2588 mos

522 2616 656 2703 esset
688 2616 822 2703 bona
850 2639 948 2701 sua
979 2622 1268 2703 distrahere
1289 2663 1303 2690 ,
1333 2632 1382 2678 et
1412 2623 1480 2678 ad
1511 2622 1724 2677 illorum
1762 2621 1913 2693 pedes
1946 2621 2085 2687 abii-

524 2698 771 2795 egra'
908 2698 1051 2704 “’

598 2801 719 2868 Quo
751 2808 933 2859 autem
974 2803 1094 2874 loco
1115 2812 1168 2860 et
1198 2812 1438 2875 tempore
1467 2812 1587 2859 orta
1618 2805 1688 2862 sit
1711 2804 1934 2861 Ebionis
1977 2804 2086 2859 bae-

527 2892 669 2975 rcsis
694 2893 835 2948 idem
877 2878 1209 2966 Epiphanius
1246 2893 1330 2950 his
1363 2897 1543 2975 verbis
1581 2896 1818 2951 declarat
1846 2897 1892 2928 ⁸ο
1921 2916 1934 2952 :
1968 2896 2087 2949 Hu-

516 2982 611 3051 jus
645 2982 894 3052 factionis
924 2985 1198 3039 exordium
1242 2996 1359 3055 post
1404 2974 1899 3058 Ilierosolymitana:
1939 2989 2085 3042 urbis

524 3061 785 3129 excidium
824 3077 998 3145 coepit.
1032 3077 1146 3144 Quo
1172 3065 1398 3147 tempore
1427 3076 1716 3134 Christiani
1753 3062 1928 3155 omnes
1965 3095 2085 3134 cum

2181 521 2324 574 sione
2350 519 2579 590 quadam
2600 572 2602 575 ,
2624 518 2830 573 uirtutis
2850 557 2865 582 ,
2916 518 3077 573 verba
3122 526 3247 572 sunt
3274 514 3558 585 Epiphanii
3587 514 3653 577 ⁸³,
3684 524 3733 569 et

2180 613 2537 681 conjunctione
2566 628 2683 665 cum
2721 610 2829 677 Deo
2867 610 3067 679 factum
3098 624 3117 661 :
3150 607 3483 678 proindeque
3525 607 3710 676 adepti

2180 720 2305 759 vum
2334 703 2599 757 duntaxat
2626 717 2748 757 esse
2773 702 2867 756 Dei
2895 700 3112 765 Filium,
3144 713 3202 755 ut
3226 698 3400 755 eidem
3424 698 3617 753 Ebioni
3642 714 3739 753 ex-

2180 794 2401 865 probrat
2435 794 2720 849 Mercator.
2778 791 3086 846 Sectatores
3132 798 3313 845 tamen
3366 788 3590 845 Ebionis
3626 804 3738 844 non

2181 901 2290 940 une
2316 885 2614 954 eodemque
2641 884 2801 937 modo
2834 884 2979 936 hunc
3002 882 3245 952 magistri
3270 881 3353 935 sui
3383 891 3737 947 erroremgse-

2180 978 2291 1031 cuti
2323 983 2451 1030 sunt
2481 996 2491 1028 :
2526 976 2637 1029 Alii
2668 976 2926 1029 enimvero
2958 973 3021 1028 ab
3051 974 3133 1027 his
3164 972 3341 1029 eodem
3370 972 3576 1025 nomine
3604 987 3739 1023 nun-

2180 1068 2377 1136 cupati,
2408 1067 2583 1136 inquit
2610 1066 2879 1123 Eusebius
2908 1067 2974 1131 “,
3014 1065 3299 1120 absurdam
3325 1079 3504 1116 eorum
3533 1070 3742 1116 senten-

2181 1159 2310 1211 tiam
2328 1159 2646 1226 rreiicicntes,
2677 1158 2943 1217 Christum
2967 1156 3171 1246 quidem
3200 1170 3265 1210 ea:
3305 1155 3510 1225 Virgine
3538 1163 3585 1207 et
3616 1151 3742 1220 δρία

2181 1251 2287 1303 ritu
2315 1259 2495 1305 sancto
2526 1252 2753 1321 genitum
2783 1267 2893 1305 esse
2934 1245 3047 1304 non
3065 1257 3255 1319 negant
3287 1263 3305 1302 :
3343 1247 3430 1301 sed
3468 1246 3623 1300 iidem
3654 1245 3742 1299 ni-

2180 1341 2462 1397 hilominus
2492 1359 2608 1396 cum
2640 1341 2929 1406 Christum,
2961 1352 3137 1411 utpote
3164 1340 3362 1405 Deum,
3403 1338 3647 1402 Verbum,
3676 1352 3737 1390 ac.

2180 1435 2490 1503 sapientiam
2520 1435 2722 1499 Patris,
2758 1444 2876 1490 ante
2905 1436 3079 1489 omnia
3099 1434 3388 1489 substitisse
3420 1433 3627 1487 minime
3649 1430 3739 1499 fa-

2185 1533 2415 1590 teantur,
2459 1526 2513 1579 in
2566 1527 2798 1580 eamdem
2833 1543 2949 1579 cum
2992 1524 3255 1593 prioribus
3295 1525 3606 1579 sententiam
3648 1523 3741 1576 de-

2182 1616 2320 1685 lapsi
2344 1627 2486 1672 sunt.
2522 1616 2674 1671 Unde
2700 1618 2860 1671 ctiam
2890 1616 3223 1687 Epiphanius
3245 1616 3292 1648 ⁸⁸
3319 1635 3331 1669 :
3358 1615 3466 1668 Alii
3498 1615 3651 1670 aliter
3676 1615 3743 1669 de

2094 1756 2097 1760 ι
2185 1707 2396 1764 Christo
2445 1710 2879 1777 pronuntiant....
2912 1707 3172 1762 Nonnulli
3216 1709 3353 1762 enim
3380 1724 3446 1762 ea:
3488 1709 3561 1762 eis
3589 1708 3742 1760 Ada-

2188 1818 2327 1855 mum
2357 1801 2519 1871 fuisse
2543 1802 2807 1857 Christum
2832 1801 3164 1871 praedicant"
3198 1843 3212 1858 .
3246 1802 3354 1855 Alii
3382 1819 3410 1857 e
3438 1802 3564 1856 caelo
3587 1802 3742 1856 Chri-

2186 1902 2325 1945 stum
2359 1908 2470 1945 esse
2498 1893 2813 1960 conﬁtentur
2834 1932 2850 1955 ,
2883 1890 2972 1945 sed
3010 1901 3131 1943 ante
3162 1893 3340 1944 omnia
3381 1904 3643 1955 creatum,
3678 1908 3743 1944 ac

2186 1984 2431 2052 spiritum
2457 1983 2732 2053 quemdam
2765 1999 2896 2047 esse,
2928 1984 3226 2053 angelisque
3253 1992 3539 2052 praestare,
3586 1993 3745 2053 a!que

2186 2074 2415 2126 omnium
2434 2089 2602 2126 rerum
2616 2072 2945 2127 dominatum
2972 2082 3159 2129 tenere.
3189 2072 3291 2139 Qui
3310 2090 3425 2127 cum
3444 2082 3744 2141 perpetuam

2186 2164 2298 2216 illic
2325 2163 2703 2217 habitationem
2731 2165 2948 2219 sortitus
2977 2166 3066 2229 sit,
3085 2166 3282 2235 quoties
3308 2165 3535 2232 libuerit,
3551 2167 3605 2219 in
3633 2164 3744 2220 hate

2184 2255 2368 2323 inﬁma
2398 2254 2679 2321 delabitur,
2699 2253 3136 2325 quemadmodum
3158 2257 3211 2310 in
3231 2256 3434 2311 Adamo
3457 2257 3741 2325 descendit,

2185 2355 2233 2399 et
2282 2344 2596 2413 patriarchis
2635 2361 2849 2414 corpore
2897 2345 3247 2415 circumfusus
3303 2347 3580 2415 apparuit,
3606 2348 3743 2401 velut

2185 2455 2301 2491 cum
2343 2438 2412 2492 ad
2463 2438 2857 2502 Abrahamum,
2915 2437 3163 2493 Isaacum
3204 2450 3252 2493 et
3289 2438 3548 2493 Iacobum
3583 2439 3742 2493 adiit.

2186 2528 2335 2584 Idem
2366 2529 2583 2601 denique
2614 2531 2885 2599 postremis
2908 2530 3221 2599 temporibus
3245 2532 3399 2594 venit,
3422 2531 3613 2585 Adami
3633 2548 3745 2586 cor-

2182 2638 2306 2691 pore
2337 2630 2619 2685 contectus,
2657 2631 2707 2676 et
2736 2621 2888 2677 homo
2929 2622 3071 2676 visus
3107 2632 3207 2688 est,
3236 2632 3283 2675 et
3306 2622 3359 2676 in
3391 2638 3590 2677 crucem
3618 2622 3747 2676 sub-

2186 2714 2326 2768 latus
2357 2714 2608 2779 surrexit,
2633 2722 2681 2767 et
2710 2714 2943 2768 ascendit
2971 2716 3025 2767 in
3055 2712 3262 2769 calum.
3305 2712 3508 2768 Rursus
3547 2712 3636 2768 ubi
3678 2715 3744 2768 li-

2185 2802 2378 2870 buerit,
2406 2805 2482 2858 ita
2508 2821 2563 2859 se
2593 2820 2700 2858 rem
2722 2804 2909 2859 habere
2929 2812 3136 2875 negant,
3172 2804 3223 2857 in
3246 2820 3461 2874 eumque
3484 2803 3745 2859 duntaxat

2184 2911 2295 2950 sese
2321 2906 2563 2949 sanctum
2608 2894 2865 2964 infudisse
2896 2893 3186 2963 Spiritum,
3216 2894 3307 2964 qui
3341 2904 3419 2948 est
3466 2893 3741 2958 Christus,

2183 3000 2399 3057 eumque
2424 2987 2512 3056 qui
2538 2984 2693 3040 Jesus
2727 2995 2940 3039 vocatus
2962 2992 3061 3048 est,
3097 2983 3348 3038 induisse.
3380 2983 3446 3041 Et
3484 2984 3624 3040 inira
3645 2985 3692 3017 “
3724 3003 3740 3040 :

2186 3076 2330 3131 Duos
2359 3094 2392 3131 a
2425 3077 2533 3132 Deo
2561 3078 2869 3132 constitutos
2900 3094 3011 3132 esse
3060 3086 3349 3141 asserunt,
3382 3076 3649 3134 Christum
3691 3086 3743 3131 et

527 3166 583 3219 in
607 3165 795 3221 Peraza
822 3166 1084 3238 degerent,
1124 3146 1283 3239 atque
1310 3171 1363 3224 in
1386 3170 1513 3245 urbe
1539 3171 1691 3225 Pella
1718 3151 2049 3240 potissimum
2068 3213 2083 3238 ,
2112 3146 2153 3205 (ἶ
2185 3167 2475 3234 diabolum,
2505 3185 2725 3239 quorum
2752 3168 2835 3222 illi
2874 3169 3075 3238 futuri,
3108 3168 3227 3222 huic
3263 3171 3535 3237 praesentis
3560 3170 3743 3224 saeculi

525 3272 643 3327 qua
666 3257 720 3311 in
742 3257 1119 3328 Decapolitana
1137 3262 1403 3329 prouincia
1430 3270 1574 3318 est...
1599 3250 1755 3332 prove
1776 3263 2087 3319 Batanwam

527 3365 590 3402 ac
613 3349 1014 3417 Basanitidem;
1053 3369 1170 3406 cum
1202 3341 1335 3419 illic,
1366 3354 1601 3426 inquam,
1633 3339 1957 3431 domicilium
1977 3356 2089 3411 col-

528 3442 831 3506 locassent,
863 3442 984 3497 hinc
1015 3443 1207 3499 Ebioni
1244 3432 1373 3499 data
1409 3454 1486 3500 est
1532 3447 1855 3517 propagandi
1891 3449 2086 3504 erroris

530 3530 757 3587 occasio.
802 3530 906 3597 Qui
959 3533 1015 3586 in
1042 3550 1176 3605 pago
1222 3534 1450 3605 quodam
1501 3536 1725 3611 Cocabe,
1776 3522 1831 3591 in
1882 3523 2087 3608 regione

528 3617 931 3699 Carnaimorum
959 3662 976 3687 ,
1005 3624 1240 3689 Arnemi,
1290 3634 1340 3679 et
1367 3626 1793 3693 Astarotharum,
1824 3636 1874 3683 et
1913 3611 2086 3684 Baso-

526 3710 709 3766 nitidis
740 3721 911 3766 tractu
926 3713 1163 3769 habitare
1191 3716 1362 3784 cwpit,
1387 3706 1827 3786 quemadmodum
1850 3720 2085 3774 uetus‘ad

526 3818 620 3857 nos
655 3818 816 3872 usque
844 3803 991 3873 fama
1028 3805 1261 3874 pertulit.
1293 3805 1488 3863 Postea
1518 3824 1650 3863 vero
1686 3810 1870 3879 adjicit
1896 3811 1938 3842 "
1969 3829 1982 3866 :
2020 3810 2086 3865 In

524 3880 660 3975 Asia
681 3912 743 3949 ac
772 3894 950 3951 Rome
969 3914 1198 3952 errorem
1225 3915 1377 3952 suum
1409 3901 1790 3956 disseminavit.
1813 3902 1949 3958 Cum
1982 3904 2084 3958 ita-

526 4002 633 4057 que
656 3989 789 4045 urbs
817 3988 1305 4061 Hiereselymitana
1321 3991 1478 4061 juxta
1508 3980 1821 4062 peritiorum
1852 3982 2086 4052 chrono-

528 4077 725 4156 logiam
755 4094 898 4133 anno
926 4078 1128 4135 Christi
1164 4080 1230 4136 70
1265 4092 1421 4153 capta
1454 4082 1614 4137 fuerit
1636 4067 1712 4137 hac
1747 4072 1959 4159 diruta,
1990 4102 2086 4157 per

528 4168 583 4223 id
620 4169 789 4226 ferme
818 4176 1030 4241 tempus
1056 4170 1224 4227 Ehion
1246 4174 1299 4227 in
1324 4173 1481 4238 locis,
1506 4175 1574 4229 ab
1607 4174 1908 4245 Epiphanio
1931 4180 2083 4233 coin-

526 4262 862 4328 memoratis,
887 4278 1102 4319 errores
1146 4278 1279 4320 suos
1330 4264 1688 4322 disseminare
1720 4262 1920 4337 coepit.
1974 4267 2085 4326 Nec

525 4354 684 4427 longe
740 4355 895 4411 abest
949 4357 1018 4410 ab
1066 4356 1168 4411 hac
1228 4357 1498 4413 sententia
1549 4356 1945 4431 Hieronymus,
1990 4364 2083 4433 qui

522 4441 807 4508 Joannem,
840 4454 1202 4517 censurgente
1231 4445 1457 4501 Ebionis
1485 4447 1700 4512 haeresi,
1734 4449 2081 4522 Erangelium
2112 4489 2155 4544 Β

523 4551 683 4590 suum
707 4537 994 4609 scripsisse
1022 4538 1251 4594 allirmat
1265 4539 1310 4571 "
1335 4558 1347 4594 :
1376 4538 1597 4609 Scripsit
1620 4539 1959 4610 Euangelium
1983 4545 2082 4598 ad-

524 4645 702 4683 versus
737 4628 1157 4689 Cerinthum.....
1187 4642 1237 4686 et
1274 4633 1501 4688 maxime
1542 4650 1677 4688 nunc
1715 4633 2080 4695 Ebionitarum

521 4719 713 4798 dogma
741 4738 1071 4793 consurgens.
1776 4712 1779 4713 ν

549 4796 553 4803 ¹
592 4808 821 4895 Errores
847 4829 974 4869 vero
1005 4812 1226 4870 Ebionis
1264 4814 1425 4870 iidem
1467 4817 1852 4884 propemodum
1880 4831 2077 4887 erant,

516 4916 586 4960 ac
615 4902 892 4984 Cerinthi;
926 4906 1001 4959 ita
1031 4914 1091 4961 ut
1117 4906 1207 4961 ille
1245 4921 1277 4961 a
1318 4906 1676 4977 quibusdam,
1703 4910 1846 4979 quod
1898 4920 2079 4968 tamen

519 4994 890 5077 indubitatum
921 4999 1146 5054 omnino
1174 5015 1283 5054 non
1312 5008 1416 5069 est,
1454 5000 1697 5070 ejusdem
1724 5002 1966 5058 Cerinthi
1991 5006 2076 5060 di-

520 5089 767 5160 scipulus
792 5089 960 5147 fuisse
989 5098 1284 5147 asseratur.
1322 5092 1557 5150 Docebat
1589 5103 1769 5153 autem
1798 5095 2077 5153 Christum

522 5167 886 5237 merumiesse
917 5182 1210 5252 hominem,
1239 5198 1307 5238 ex
1335 5182 1503 5241 Maria
1533 5193 1587 5242 et
1613 5184 1812 5258 Ioseph
1835 5173 2075 5245 humano

2183 3269 2414 3328 potestas
2443 3268 2519 3314 est
2567 3261 2849 3314 commissa
2881 3276 2901 3314 :
2930 3260 3081 3331 idque
3110 3259 3247 3314 adeo
3286 3261 3651 3330 omnipotentis
3671 3260 3743 3315 il-

2188 3351 2292 3406 lius
2327 3351 2577 3407 mandato
2623 3350 2693 3407 ad
2739 3352 2990 3424 cujusque
3036 3353 3442 3423 postulationem
3493 3370 3605 3409 esse
3641 3352 3743 3423 fa-

2186 3452 2348 3509 ctum,
2374 3451 2480 3499 etc.

2256 3536 2300 3568 "
2326 3535 2479 3592 Hanc
2504 3552 2664 3607 porro
2685 3537 2997 3609 opinionum
3025 3538 3347 3595 divisionem
3396 3545 3450 3594 et
3490 3536 3744 3594 dili‘eren-

2187 3628 2314 3684 tiam
2345 3628 2524 3683 Elxme
2544 3629 3035 3701 pseudoprophetis:
3057 3631 3396 3686 tribuendam
3413 3646 3535 3686 esse
3560 3630 3744 3701 suspie-

2186 3730 2363 3775 catur.
2407 3717 2637 3785 Quidam
2684 3736 2808 3775 vero
2836 3720 2981 3776 hunc
3010 3721 3279 3785 Elxazum,
3313 3737 3409 3777 seu
3440 3720 3618 3777 Elceai
3649 3736 3743 3791 pe-

2186 3811 2411 3866 culiaris
2451 3810 2735 3880 cujusdam
2767 3812 3025 3877 haeresis,
3069 3829 3190 3883 quae
3238 3813 3306 3867 ab
3354 3813 3498 3868 illius
3521 3813 3743 3869 nomine

2185 3900 2613 3964 Helcesaitarum
2646 3903 2789 3958 dicta
2818 3910 2941 3966 est,
2973 3903 3195 3957 tradunt
3242 3901 3411 3958 fuisse
3438 3908 3738 3956 auctorem.

2185 3995 2334 4051 lllius
2365 4011 2525 4066 porro
2565 4011 2780 4051 errores
2806 3995 2875 4050 ab
2902 3994 3137 4051 Eusebio
3164 3995 3211 4026 ⁸⁸
3242 4002 3296 4050 et
3325 3993 3667 4049 Theoderete
3693 3993 3741 4025 "

2186 4094 2478 4154 notantur;
2516 4085 2612 4141 sed
2639 4101 2757 4141 eam
2788 4086 2948 4141 simul
2982 4094 3185 4151 natam,
3213 4086 3373 4140 simul
3409 4087 3736 4141 exstinctam

2185 4178 2328 4234 idem
2377 4176 2644 4234 Eusebius
2673 4177 2728 4230 in
2758 4178 3136 4232 ecclesiastica
3165 4192 3261 4231 sua
3305 4176 3541 4233 Historia
3570 4184 3742 4233 testa-

2186 4278 2274 4326 tus
2303 4276 2406 4326 est.
2435 4267 2672 4324 Citatqu
2716 4284 2746 4323 a
2775 4268 2935 4326 nobis
2980 4270 3125 4324 illius
3157 4270 3331 4324 locum
3378 4270 3425 4323 si
3466 4268 3617 4325 adire
3645 4280 3744 4324 Vo-

2187 4363 2376 4430 lueris,
2408 4363 2525 4432 lege
2551 4362 2720 4418 etiam
2751 4361 2808 4415 in
2838 4376 2959 4417 eum
2996 4360 3193 4419 Valesii
3223 4370 3379 4417 notas
3409 4368 3463 4417 et
3492 4361 3741 4416 animad-

2187 4454 2487 4509 versiones.

2257 4544 2522 4599 Ebionitte
2561 4551 2739 4599 autem
2773 4535 3035 4615 praeterea
3082 4545 3350 4600 docebant
3394 4561 3584 4601 omnes
3623 4545 3743 4616 lege

2187 4638 2423 4694 Mesaica
2459 4635 2652 4703 teneri,
2689 4639 3115 4708 servandamque
3153 4636 3373 4692 Sabbati
3418 4637 3739 4692 celebratio-

2188 4748 2330 4798 nem,
2362 4726 2618 4802 quamvis
2648 4730 2983 4786 Dominicam
3022 4745 3236 4801 quoque
3274 4729 3417 4784 diem
3455 4730 3508 4783 in
3538 4728 3739 4784 Resur-

2187 4824 2445 4885 rectionis
2482 4824 2685 4880 Christi
2717 4823 3028 4879 memoriam
3068 4822 3282 4892 ipsimet
3309 4821 3733 4877 observaverint.

2188 4912 2528 4984 Quapropter
2553 4913 2587 4967 ii
2616 4913 2772 4983 juxta
2804 4910 3062 4966 lrenzeum
3102 4909 3145 4939 ⁶⁰
3172 4927 3184 4962 :
3217 4906 3446 4964 Paulum
3474 4916 3735 4971 recusant,

2179 5014 2475 5073 apostatam
2506 5020 2621 5064 eum
2652 5003 2777 5073 legis
2802 5001 3142 5055 dicentes.....
3172 4998 3285 5054 solo
3316 5008 3489 5052 autem
3514 5014 3572 5052 eo
3600 5000 3738 5068 quod

2178 5108 2254 5154 est
2287 5095 2569 5152 secundum
2596 5093 2903 5149 Matthteum
2927 5092 3206 5163 Evangelia
3228 5101 3464 5145 utuntur.
3490 5090 3587 5147 His
3617 5105 3740 5160 qua

2180 5192 2247 5246 de
2274 5189 2567 5260 Evangelio
2600 5186 2836 5241 Matthaei
2868 5186 3129 5241 dicuntur
3156 5222 3172 5251 ,
3203 5182 3443 5239 concinit
3487 5179 3737 5237 Theode~

594 5379 643 5422 ⁸⁸
684 5380 1085 5460 0ri_&en.__lib._
1129 5401 1165 5439 ιι
1221 5395 1361 5460 cont.
1424 5386 1561 5460 Ce_l_s.
1608 5398 1661 5444 et
1719 5391 1813 5447 lib.
1869 5407 1922 5446 tv
1981 5392 2298 5460 Periarclt.,‘
2369 5393 2597 5450 Euseb.-
2630 5392 2722 5447 lib.
2784 5406 2862 5460 ιιι
2898 5391 3039 5446 Hist.
3100 5405 3220 5460 cap.
3284 5389 3373 5452 '57;
3408 5387 3748 5460 Epiphan...

521 5450 716 5509 haeres.
761 5450 861 5512 50;
904 5453 1177 5510 Theodor.

527 5519 639 5591 §l.
735 5523 778 5554 δι
814 5522 944 5579 ibid.
989 5524 1016 5591 ς
1057 5526 1144 5580 is.

523 5590 709 5646 homil.
753 5594 820 5648 l7
877 5597 930 5649 in

1259 5455 1410 5530 (iter.
1472 5457 1667 5530 Fabul.
1736 5466 1861 5530 cap.
1918 5478 1976 5517 ιι.

1023 5612 1139 5659 uc.;
1171 5593 1482 5667 Hieronym.

1592 5614 1619 5651 e
1664 5601 1844 5666 script.
1897 5604 2078 5657 eccles.

523 5668 642 5731 fap.
672 5662 764 5723 27.
839 5662 884 5697 “
907 5664 1037 5721 Luc.
1064 5667 1158 5721 cit.

1255 5667 1315 5740 ’ζ
1330 5666 1531 5740 lintres.
1563 5668 1654 5740 50,
1699 5668 1727 5740 §
1759 5671 1812 5740 ἆ.

2070 5466 2128 5496 ’δ’
2190 5458 2409 5521 Mercat.
2463 5464 2740 5518 Auathem.
2810 5458 3048 5522 Nestor.,
3107 5458 3193 5514 12.

1237 5526 1283 5557 ⁸⁸
1312 5526 1389 5582 De
1448 5527 1626 5651 suist.
1688 5526 1905 5611 ecclés.,
1938 5531 1992 5585 in
2040 5529 2227 5594 Joan.;
2260 5535 2466 5589 Tertul.
2515 5533 2631 5588 Lib.
2684 5532 2748 5584 de
2789 5548 2947 5585 carne
2979 5531 3198 5592 Christi,
3234 5545 3354 5655 cap.
3385 5530 3470 5583 18.
3509 5530 3730 5610 Origen.

1239 5611 1482 5655 eronvm.
1592 5614 1619 5651 e
1664 5610 1844 5655 script.
1897 5604 2078 5655 eccles.
2179 5606 2224 5637 ⁸³
2273 5605 2472 5655 Haeres.
2537 5606 2628 5655 50.
2686 5602 2713 5655 6
2767 5602 2856 5655 i8.
2902 5609 2957 5655 et
3003 5601 3200 5655 Euseb.
3257 5602 3293 5654 li
3338 5641 3351 5654 .
3397 5615 3457 5653 ιιι
3521 5598 3729 5653 Hister.

521 5672 642 5763 gap.
672 5672 764 5723 27.
839 5672 884 5747 ’ξ
907 5672 1037 5721 Luc.
1064 5672 1158 5721 cit.
1255 5672 1301 5700 "
1330 5672 1531 5722 Matres.
1563 5672 1654 5731 '50.
1699 5672 1727 5740 §
1759 5672 1812 5736 3,
1912 5672 1959 5703 “
1993 5674 2130 5754 ibid.

606 5732 808 5793 Theod.
835 5735 930 5795 ιιι».
951 5752 991 5795 ιι
1023 5735 1223 5794 ﬂaret.
1266 5735 1383 5792 Fab
1432 5776 1447 5804 ,
1472 5752 1592 5810 cap.
1632 5739 1681 5794 7.
1730 5738 1809 5783 η⁶⁰ι
1851 5740 1979 5817 Lee.
2006 5753 2100 5821 cit.

3298 5448 3370 5491 ’θ’
3397 5448 3602 5515 Ηάννὲδ.
3641 5448 3749 5523 50έέ

2179 5606 2224 5637 ⁸³
2273 5605 2472 5660 Haeres.
2537 5606 2628 5665 50,
2686 5602 2713 5665 ἃ
2767 5602 2856 5662 i8,
2902 5609 2957 5655 et
3003 5601 3200 5658 Euseb.
3257 5598 3351 5655 lib.
3397 5615 3457 5653 ιιι
3521 5598 3729 5653 Hister.

2164 5673 2191 5749 §
2218 5676 2303 5732 l6.
2379 5677 2422 5709 ⁵⁷
2449 5674 2582 5732 Ibid.
2622 5671 2651 5747 ς
2682 5667 2734 5728 3.
2802 5673 2849 5706 ⁸⁸
2879 5671 3077 5731 Euseb.
3114 5672 3206 5729 lib.
3244 5687 3287 5727 ιι
3325 5669 3466 5727 Hist.
3488 5683 3608 5742 cap.
3638 5667 3729 5723 30.
