4070 6340
304 318 367 371 at
693 286 696 290 ’
1192 315 1377 373 rami
1420 316 1774 374 caecasse
1811 317 2091 373 secum
2133 318 2649 378 scmrrmusus.

3474 328 3555 382 ἃ

301 439 491 495 retus;
533 430 682 487 addit
732 440 913 489 tamen
967 432 1305 506 Epiphanius
1328 437 1372 467 "
1410 457 1423 491 :
1459 436 1770 506 Quanquam
1818 453 1879 490 ne
1909 441 1953 496 Α
1983 439 2233 507 mysteria
2285 438 2530 510 quadam
2571 442 2856 511 quotannis
2915 441 3207 505 celebrant,
3249 441 3303 496 in
3355 444 3541 513 quibus

300 523 561 593 integrum
590 523 798 593 quidem
846 524 1034 580 habent
1062 567 1076 590 ,
1120 527 1209 582 sed
1235 528 1587 582 adulteratam
1619 538 1666 581 et
1711 528 1871 580 muti-

306 612 421 667 lum
444 629 462 676 ;
498 623 652 684 atque
689 616 758 669 iis
784 617 1044 677 omnibus,
1074 636 1192 689 qua:
1213 619 1281 673 ad
1303 619 1652 690 genealogiam
1676 617 1874 672 Christi

307 716 563 775 spectant,
595 708 720 762 inde
752 709 957 765 abrasis
983 751 998 774 ,
1032 712 1263 782 idipsum
1306 713 1626 768 Ilebraicum
1664 721 1867 765 vocant.

303 797 443 864 Quid
477 815 628 871 ergo,
679 802 894 873 inquies
918 843 934 869 ,
971 803 1257 860 Mercatori
1316 806 1579 863 faciemus
1606 847 1621 871 ,
1666 807 1758 877 qui
1803 808 1871 861 de

301 893 507 949 Ebioue
534 894 648 949 haec
680 896 878 951 scribit
930 914 944 953 :
986 896 1253 954 Christum
1282 900 1338 953 in
1378 900 1475 955 Dei
1504 901 1675 970 ﬁlium
1703 901 1867 969 adop-

304 993 469 1037 tatum
504 1002 667 1039 ausus
695 997 774 1041 est
826 988 1117 1055 praedicare
1145 1029 1160 1053 ,
1198 1008 1434 1045 asserens
1482 1009 1537 1046 se
1593 991 1866 1060 Matthwi,

301 1078 475 1134 Marci
490 1092 541 1136 et
560 1082 709 1135 Luam
757 1085 1193 1154 euangelistarum
1214 1087 1579 1142 auctoritatem
1605 1088 1869 1140 secutum?

299 1172 533 1227 Aiebant
554 1174 802 1228 nonnulli
826 1174 1181 1231 Mercutorem
1212 1178 1279 1233 de
1298 1176 1504 1233 Ebione
1525 1218 1539 1241 ,
1572 1178 1707 1234 alios
1740 1193 1868 1233 vero

300 1256 494 1315 Patres
533 1259 602 1316 de
629 1261 751 1330 ejus
793 1263 940 1334 loqui
987 1265 1294 1336 discipulis.
1346 1268 1415 1321 At
1458 1267 1511 1321 id
1550 1269 1694 1338 quod
1739 1283 1867 1323 vero

296 1347 517 1403 videtur
549 1350 784 1407 similius
805 1391 821 1418 ,
855 1353 893 1407 ii
927 1354 1266 1424 subiungunt
1289 1396 1304 1421 ,
1337 1364 1450 1412 tres
1480 1356 1603 1413 illos
1635 1373 1866 1429 evange-

298 1438 453 1495 listas
477 1440 547 1495 ab
576 1440 804 1509 Ebione,
845 1454 905 1498 ut
930 1446 1005 1500 ait
1035 1446 1323 1511 Mercator,
1350 1449 1546 1505 citatos
1570 1492 1585 1517 ,
1612 1465 1721 1505 non
1744 1451 1865 1507 ideo

295 1526 521 1595 quidem
536 1529 684 1598 quod
703 1525 1034 1587 admittenda
1059 1542 1271 1604 putaret
1297 1536 1511 1590 illorum
1533 1537 1823 1609 Evangelia
1846 1579 1860 1603 ,

295 1617 392 1672 sed
420 1628 479 1671 ut
509 1633 700 1674 eorum
732 1624 1111 1678 auctoritatem
1144 1633 1337 1680 contra
1383 1624 1696 1683 Catholicos
1726 1667 1741 1692 ,
1769 1626 1864 1699 qui

292 1723 414 1763 eam
447 1708 690 1765 divinam
711 1727 835 1769 esse
855 1715 1175 1779 credebant,
1198 1726 1603 1788 argumento,ut
1630 1718 1834 1790 loquun
1849 1750 1864 1761 -

294 1807 407 1864 tur,
432 1801 503 1855 ad
538 1801 819 1860 hominem
849 1816 1088 1877 urgeret.
1120 1783 1385 1864 Czeterum
1439 1810 1486 1864 si
1527 1811 1658 1880 quid
1702 1783 1860 1867 aliud
1894 1783 1935 1836 Β

296 1890 531 1945 senserit
551 1890 839 1960 Mercator,
860 1906 1007 1952 certe
1021 1899 1204 1968 opinio
1224 1900 1369 1956 illius
1390 1901 1619 1956 aliorum
1641 1902 1861 1958 Patrum

292 1985 578 2039 sententia!
605 1986 941 2056 praeferenda
971 2006 1079 2044 non
1108 1999 1211 2047 est.

366 2072 413 2103 “
436 2072 812 2132 Praedicabant
859 2079 1085 2151 insuper
1134 2082 1399 2139 Ehionita:
1423 2085 1687 2140 Christum
1728 2087 1862 2140 veri-

297 2165 430 2219 tatis
459 2182 571 2220 esse
599 2170 962 2236 prophetam...
992 2172 1280 2243 Prophetas
1302 2193 1442 2241 vero,
1473 2195 1576 2232 non
1604 2179 1858 2243 ueritatis,

295 2255 392 2309 sed
439 2258 788 2329 intelligentite
828 2280 939 2319 esse
990 2268 1267 2336 prophetas
1293 2310 1307 2335 ,
1334 2270 1649 2341 proindeque
1676 2271 1859 2327 Iesum

295 2346 474 2401 solum
501 2366 612 2404 esse
642 2354 967 2422 prophetam.
1014 2356 1079 2411 Et
1106 2360 1267 2429 paulo
1294 2362 1548 2431 superius
1574 2381 1587 2417 :
1618 2362 1861 2416 Abraha«

295 2452 460 2505 mum,
481 2448 532 2493 et
554 2439 803 2498 Isaacum
829 2485 845 2509 ,
877 2463 940 2500 ac
964 2447 1221 2504 Iacobum
1247 2492 1262 2515 ,
1311 2462 1361 2507 et
1420 2454 1673 2523 Moysem,
1706 2464 1860 2524 atque

292 2525 555 2582 Aaronem
585 2531 894 2601 admittunt,
925 2553 1031 2592 una
1059 2556 1177 2593 cum
1205 2541 1355 2609 Iesu,
1386 2545 1476 2615 qui
1495 2543 1697 2613 Mogsis
1724 2545 1860 2599 dun-

291 2626 442 2672 taxat
465 2638 759 2689 successor,
784 2644 943 2699 neque
974 2631 1259 2701 quidquam
1295 2636 1519 2704 amplius
1564 2636 1741 2704 fuerit.
1765 2636 1861 2691 Se-

288 2712 521 2766 cundum
543 2714 639 2769 hos
662 2719 865 2773 nullum
892 2722 1055 2775 alium
1086 2740 1150 2778 ex
1173 2725 1433 2794 prophetis
1465 2728 1750 2793 asciscant,
1770 2728 1859 2783 sed

288 2815 408 2853 cum
423 2808 785 2862 exsecratione
799 2811 1129 2879 proscribunt
1153 2830 1215 2868 ac
1243 2814 1497 2881 derident,
1522 2827 1671 2887 puta,
1698 2817 1861 2873 Davi-

286 2888 430 2959 dem,
460 2903 510 2947 et
551 2894 909 2967 Salomonem,
941 2911 1094 2973 atque
1127 2903 1332 2961 Isaiam
1358 2947 1372 2971 ,
1401 2905 1688 2962 Ieremiam
1708 2950 1722 2974 ,
1748 2909 1859 2964 Da-

288 2984 499 3050 nielem,
530 2987 876 3055 Ezechielem,
903 2994 1212 3063 quibuscum
1236 2998 1413 3052 Etiam
1442 3010 1596 3071 atque
1624 3000 1857 3056 Eliseum

288 3077 589 3144 repudiant.
621 3079 679 3136 Si
723 3083 848 3152 quis
877 3092 1055 3141 autem
1108 3088 1536 3160 interrogasset:
1576 3090 1721 3147 Unde
1757 3094 1857 3165 igi-

290 3178 379 3220 tur
399 3176 541 3223 tenes
568 3187 685 3241 qua:
706 3173 775 3227 ad
802 3173 1038 3246 Hoysem
1086 3178 1543 3254 Abrahamumque
1565 3187 1859 3255 pertinent?

290 3260 696 3331 respondebant
734 3266 881 3322 illico
906 3268 962 3323 id
990 3270 1092 3324 sibi
1113 3288 1146 3326 a
1169 3272 1380 3329 Christo
1407 3276 1747 3347 patefactum.

360 3354 517 3412 Alios
547 3373 735 3414 eorum
778 3377 995 3421 errores
1043 3368 1417 3425 enumerando
1449 3370 1593 3427 idem
1621 3372 1857 3444 Epipha-

289 3446 419 3503 nius
446 3447 495 3479 “
522 3447 733 3504 dixerat
763 3470 776 3506 :
811 3451 911 3508 Est
957 3454 1053 3510 hoc
1087 3456 1197 3513 illis
1226 3458 1440 3529 insuper
1470 3463 1524 3517 in
1545 3480 1687 3518 more
1724 3467 1860 3534 posi-

292 3548 430 3603 tum,
483 3548 543 3592 ut
593 3543 1008 3601 adolescentulos
1058 3549 1195 3603 citra
1238 3560 1505 3608 maturam
1552 3566 1759 3612 tetatem
1790 3557 1859 3611 ad

290 3630 505 3697 nuptias
534 3634 913 3701 compellant...
943 3654 1103 3709 neque
1126 3656 1244 3695 vero
1276 3644 1394 3697 unis
1424 3644 1688 3701 duntaxat
1727 3664 1860 3717 nup-

292 3721 379 3774 tiis
406 3722 698 3791 afﬁnitates
727 3726 863 3780 inter
890 3744 945 3783 se
989 3730 1340 3803 conjungunt,
1375 3735 1465 3790 sed
1499 3738 1547 3791 si
1569 3739 1655 3792 cui
1683 3738 1859 3794 divor-

292 3809 423 3864 tium
457 3811 630 3880 facere
658 3814 899 3884 libuerit,
940 3836 1003 3873 ac
1041 3838 1227 3877 novum
1258 3824 1390 3879 inire
1436 3830 1855 3897 matrimonium,

291 3900 366 3953 ad
398 3903 581 3958 tertias
610 3916 662 3959 et
693 3909 943 3976 septimas
975 3927 1134 3983 usque
1157 3918 1366 3984 nuptias
1397 3921 1721 3987 permittunt.
1754 3921 1858 3979 Su-

291 3993 484 4085 peritis
510 4011 637 4052 vero
665 3998 751 4053 ’δε
802 3999 974 4057 Hodie
997 4044 1011 4069 ,
1046 3990 1358 4076 inquiebat;
1398 4012 1670 4082 virginitas
1719 4018 1858 4085 apud

288 4083 415 4138 illos
450 4094 500 4139 et
538 4089 761 4142 castitas
812 4093 1019 4147 omnino
1056 4095 1425 4163 prohibetur...
1454 4100 1597 4156 Nam
1640 4083 1765 4160 olim
1796 4107 1859 4162 de

292 4174 589 4244 uirginitate
619 4177 843 4248 gloriari
873 4182 1149 4251 solebant,
1198 4188 1453 4245 nimirum
1496 4192 1559 4246 ob
1600 4192 1858 4249 Iacobum

293 4268 516 4337 fratrem
542 4270 780 4339 Domini,
805 4275 1032 4348 adeoque
1076 4280 1236 4337 libros
1285 4301 1407 4340 suos
1439 4285 1507 4341 ad
1549 4290 1779 4345 seniores
1809 4302 1859 4345 et

294 4359 517 4429 virgines
543 4362 854 4422 inscribunt.

1973 542 2132 593 panes
2172 546 2408 599 azymos,
2439 538 2489 583 et
2512 527 2581 584 ad
2610 530 2831 585 alterunt
2861 531 3097 600 mysterii
3121 541 3321 599 partem
3344 551 3541 588 meram

1974 635 2164 687 aquam
2195 619 2457 675 adhibent.

2042 706 2185 762 Idem
2219 709 2396 763 adhuc
2432 709 2764 781 Epiphanius
2788 711 2835 743 “
2860 721 3126 768 memorat
3169 713 3388 770 eosdem
3434 716 3545 770 har.-

1971 802 2190 864 reticos,
2221 808 2279 854 ut
2311 816 2563 873 magnum
2594 803 2871 858 erroribus
2900 804 3017 860 suis
3044 806 3384 861 auctoritatis
3407 822 3541 876 pon-

1970 890 2073 947 dus
2099 893 2417 958 tribuerent,
2449 909 2605 949 sacra
2633 895 3004 963 apostolorum
3041 897 3263 951 nomina
3312 898 3540 967 quibus-

1970 985 2092 1039 dam
2122 985 2296 1049 libris,
2322 1001 2352 1039 a
2393 1001 2453 1041 se
2497 986 2766 1049 conﬁctis,
2814 986 3109 1056 pt'selixisse
3134 1006 3146 1041 :
3173 988 3541 1056 Apostolorum

1969 1076 2103 1129 alios
2131 1075 2292 1130 Actus
2322 1076 2715 1146 circumferunt,
2743 1078 2796 1131 in
2825 1077 3009 1147 quibus
3036 1078 3268 1145 plurima
3296 1091 3416 1132 sunt
3442 1080 3541 1132 int-

1966 1165 2173 1235 pietatis
2214 1166 2427 1220 illorum
2453 1168 2688 1238 vestigia,
2714 1168 2925 1239 ejusque
2950 1169 3277 1237 potissimum
3307 1173 3540 1225 auctori-

1968 1267 2075 1313 tate
2110 1258 2233 1313 libri
2260 1259 2329 1313 ad
2354 1260 2757 1330 oppugnandam
2799 1262 3067 1315 ueritatem
3117 1271 3412 1318 armantur.
3474 1262 3539 1316 Et

1967 1350 2106 1405 infra
2126 1350 2170 1383 ⁶⁹
2197 1370 2209 1405 ;
2231 1352 2597 1419 Apostolorum
2627 1354 2866 1415 nomina,
2886 1369 2986 1422 quo
3016 1354 3230 1422 facilius
3255 1365 3535 1408 sectatores

1964 1458 2088 1495 suos
2111 1442 2400 1511 pelliciant,
2444 1458 2535 1511 per
2561 1444 2948 1497 simulationem
2989 1444 3301 1505 admittttnt,
3350 1443 3536 1511 quibus

1962 1535 2122 1588 etiam
2150 1536 2399 1604 conﬁctos
2427 1534 2678 1604 quosdam
2705 1552 2740 1588 a
2766 1551 2820 1589 se
2862 1534 3021 1589 libros
3064 1535 3373 1599 inscribunt,
3402 1534 3536 1588 velut

1966 1642 1999 1679 a
2021 1624 2247 1687 Iacobo,
2267 1623 2544 1689 Matthazo,
2579 1642 2641 1678 ac
2670 1626 2883 1695 reliquis
2912 1624 3184 1693 discipulis
3216 1624 3405 1689 editos,
3445 1626 3530 1677 in—

1964 1724 2042 1768 ter
2060 1731 2175 1785 qua:
2196 1713 2420 1769 Ioannis
2442 1715 2599 1768 etiam
2620 1715 2844 1783 apostoli
2872 1731 3055 1769 nomen
3078 1713 3385 1768 admiscent.
3402 1713 3443 1767 Τ
3447 1731 3505 1769 es
3519 1744 3533 1755 -

1962 1813 2132 1860 latum
2156 1805 2391 1876 denique
2424 1804 2777 1867 facit,librum
2801 1806 2893 1876 qui
2924 1802 3189 1861 Circuitus
3219 1801 3392 1870 Petri,
3420 1813 3475 1860 et
3501 1822 3533 1860 a

1960 1898 2235 1954 Clemente
2258 1899 2604 1969 conscriptus
2634 1914 2761 1956 esse
2796 1898 3092 1963 ferebatur,
3126 1898 3315 1953 iisdem
3363 1897 3534 1953 barre-

1961 1991 2084 2048 ticis
2114 1991 2235 2046 usui
2276 1992 2465 2048 fuisse.

2003 2082 2145 2150 Qua
2176 2098 2309 2138 cura
2340 2082 2678 2153 Epiphanius
2706 2097 2922 2138 errores
2951 2080 3326 2138 Ebionitarum
3352 2098 3537 2138 recen-

1960 2188 2061 2240 set,
2093 2174 2280 2231 eadem
2310 2176 2468 2245 plane
2497 2174 2776 2245 diligentia
2806 2190 2921 2238 eos,
2950 2190 2979 2228 a
3008 2176 3209 2245 quibus
3250 2176 3435 2245 rejecti
3479 2184 3536 2233 et

1959 2269 2223 2324 destructi
2269 2276 2416 2329 sunt,
2453 2266 2757 2321 luculenter
2811 2266 3093 2321 ostendit:
3122 2265 3312 2331 Porro,
3354 2268 3532 2337 inquit

1959 2358 2068 2421 ille,
2099 2374 2201 2411 non
2223 2355 2455 2411 Ioannes
2479 2355 2655 2419 modo,
2684 2353 2773 2409 sed
2793 2364 2841 2409 et
2865 2371 3039 2408 omnes
3060 2370 3274 2423 prorsus
3311 2355 3533 2424 apostoli

1960 2447 2176 2502 Ebionis
2205 2448 2360 2518 ﬁdem
2391 2448 2685 2516 repudiarit,
2714 2455 2762 2501 et
2790 2464 2822 2500 a
2851 2447 2961 2501 suis
2988 2446 3341 2516 dogmatibus,
3384 2458 3537 2517 atque

1959 2540 2245 2609 apostolico
2269 2540 2361 2593 illo
2393 2538 2699 2594 charactere
2729 2538 2957 2593 alienam
2979 2538 3257 2609 judicant;
3296 2539 3350 2592 id
3394 2538 3531 2610 quod

1958 2634 2236 2703 unicuique
2262 2634 2591 2703 perspicuum
2622 2641 2718 2687 est.
2749 2631 2999 2688 Vidimus
3044 2648 3207 2703 supra
3235 2649 3301 2687 ex
3341 2632 3532 2687 Hiero-

1957 2741 2120 2797 nymo
2146 2725 2405 2780 Joannem
2436 2726 2490 2779 in
2521 2725 2710 2795 primis
2731 2725 2992 2780 adversus
3015 2740 3350 2795 consurgens
3375 2724 3534 2780 Ebio—

1959 2819 2045 2875 nis
2066 2818 2282 2889 dogma,
2308 2833 2463 2873 suum
2492 2818 2729 2873 edidisse
2754 2816 3123 2888 Evangelium.
3151 2816 3342 2872 Nullus
3370 2834 3534 2888 porro

1957 2910 2236 2965 dubitandi
2270 2910 2423 2966 locus
2448 2918 2554 2975 est,
2595 2910 2727 2981 quin
2752 2908 2919 2964 divini
2944 2902 3038 2964 ~illi
3070 2910 3277 2981 pugiles
3320 2911 3531 2981 plenam

1958 3000 2359 3072 perfectamque
2378 3000 2636 3056 adversus
2664 3000 2763 3055 hos
2785 3000 2907 3056 ﬁdei
2925 3008 2975 3055 et
2996 3000 3272 3056 catholicae
3292 3001 3534 3056 veritatis

1958 3095 2144 3151 hostes
2163 3094 2445 3149 victoriam
2474 3093 2888 3163 reportaverint.
2915 3093 2979 3147 Et
3008 3103 3156 3151 certe
3177 3096 3287 3165 jam
3321 3097 3536 3149 monui-

1957 3204 2080 3244 mus
2110 3189 2230 3245 illos
2256 3204 2284 3241 a
2317 3187 2433 3244 suis
2462 3186 2774 3257 primordiis
2802 3187 2981 3243 varias
3011 3188 3065 3242 in
3108 3196 3293 3259 partes
3327 3188 3535 3243 scisses

1958 3270 2150 3346 fuisse,
2178 3289 2231 3337 et
2262 3280 2404 3335 inter
2432 3294 2491 3335 se
2518 3279 2744 3335 divisos.
2776 3279 2915 3344 Quid
2948 3290 3125 3335 autem
3155 3279 3301 3334 aliud
3331 3294 3393 3333 ex
3430 3279 3533 3332 hac

1956 3374 2297 3429 dissensione
2326 3371 2479 3441 sequi
2509 3372 2701 3441 potuit,
2737 3386 2897 3441 quam
2928 3371 3136 3442 integra
3165 3371 3327 3441 hujus
3373 3379 3535 3427 sectae

1957 3467 2135 3528 ruina,
2166 3464 2546 3532 excidiumque
2573 3468 2780 3517 certum
2813 3470 2866 3516 et
2894 3462 3258 3517 celerrimum.
3284 3460 3401 3516 Non
3428 3463 3533 3517 ibi-

1958 3562 2097 3616 mus“
2113 3566 2293 3612 tamen
2322 3555 2533 3611 inllcias
2575 3554 2760 3625 plures
2791 3552 3012 3609 Ebionis
3052 3568 3265 3609 errores
3296 3554 3364 3607 ab
3406 3555 3531 3612 aliis

1958 3646 2302 3723 postmodum
2333 3645 2601 3701 haereticis
2644 3651 2954 3709 renovatos,
2987 3643 3081 3700 sed
3113 3644 3149 3698 ii
3192 3643 3530 3715 proﬂigatum

1959 3744 2026 3798 ab
2049 3740 2307 3812 apostolis
2329 3736 2704 3792 Ebionitarum
2728 3750 2944 3800 nomen,
2963 3734 3067 3791 sibi
3091 3734 3348 3804 deinceps
3372 3749 3532 3789 arro-

1960 3844 2088 3902 gare
2112 3843 2221 3883 non
2250 3824 2370 3881 ausi
2399 3834 2550 3882 sunt.

2549 3914 2779 3974 CAPUT
2818 3915 2928 3972 Vll.

2381 4007 2456 4063 De
2482 4007 2667 4062 haeresi
2699 4006 3108 4065 Nazartrorum.

2029 4100 2288 4168 Quamvis
2315 4099 2556 4155 Nazarzei
2579 4114 2609 4153 a
2639 4099 2960 4169 quibusdam
2988 4098 3283 4153 Christiani
3316 4099 3528 4154 haereti-

1960 4193 2029 4260 ci,
2059 4206 2089 4245 a
2136 4190 2410 4245 nonnullis
2438 4204 2539 4244 nec
2582 4188 2899 4253 Christiani,
2941 4204 3040 4244 nec
3065 4187 3257 4253 Judmi,
3301 4190 3365 4243 ab
3409 4190 3530 4244 aliis

1960 4284 2191 4351 denique
2219 4278 2409 4336 iisdem
2438 4294 2502 4334 ac
2543 4277 2781 4333 Ebionaai
2831 4280 3114 4334 erroribus
3144 4279 3401 4348 implicati
3444 4281 3530 4333 di-

1959 4382 2180 4437 cantur,
2213 4371 2290 4424 illi
2318 4377 2517 4435 tamen,
2554 4370 2598 4425 si
2626 4368 2924 4441 Epiphanio
2945 4372 2991 4401 ⁷ο
3022 4370 3173 4431 lides,
3209 4370 3341 4424 meri
3375 4378 3530 4423 erant

364 4449 558 4507 Τηάίῑ
582 4456 748 4511 Etiam
781 4458 827 4490 ⁸⁸
855 4458 1116 4518 Ebionem
1170 4465 1579 4540 discipulosque
1622 4471 1743 4541 ejus
1791 4473 1854 4528 ab
1888 4476 1931 4530 1)
1958 4462 2125 4519 Judaei
2152 4481 2164 4517 :
2194 4460 2372 4532 Neque
2396 4459 2620 4515 Iessazos
2645 4476 2699 4514 se
2730 4462 2870 4528 ipsos
2902 4469 3106 4522 uocant,
3141 4476 3300 4529 neque
3320 4458 3529 4512 Iudico-

294 4541 563 4598 alimentis
599 4547 839 4603 omnibus
884 4552 1214 4625 reliquoque,
1245 4557 1384 4628 quod
1424 4576 1580 4616 carne
1636 4574 1855 4633 constet,

294 4636 659 4703 abstinuisse;
687 4641 826 4710 quod
856 4643 953 4697 illa
981 4662 1009 4699 e
1049 4663 1329 4716 corporum
1369 4652 1511 4706 coitu
1532 4652 1859 4710 concubitu-

291 4744 390 4797 que
422 4734 727 4800 gignantur.
759 4733 868 4790 Nec
910 4738 1112 4809 pigebit
1151 4757 1214 4796 ex
1246 4744 1435 4798 eodem
1476 4744 1781 4816 Epiphanio
1812 4750 1857 4782 “

292 4818 585 4875 observare
602 4820 883 4881 Ebionitas
908 4830 1149 4897 quotidie
1171 4832 1398 4902 lavasse,
1427 4842 1479 4889 et
1502 4839 1857 4907 quotiescun-

294 4924 400 4979 que
421 4911 627 4982 aliquid
647 4914 843 4985 impuri
873 4934 930 4973 se
961 4921 1203 4991 tetigisse
1226 4926 1651 4985 arbitrabantur.
1683 4930 1853 4997 Quam

292 5003 745 5060 consuetudinem
784 5015 845 5061 ut
899 5007 1043 5065 Petri
1094 5017 1418 5072 auctoritate
1467 5017 1751 5074 ﬁrmarent
1800 5026 1857 5075 et

292 5093 572 5164 exemplo:
598 5095 811 5163 Petrus,
834 5100 1167 5171 inquiebant,
1187 5105 1397 5161 lavabat
1418 5110 1666 5178 quotidie,
1690 5111 1864 5178 prius-

294 5197 451 5249 quam
498 5184 668 5239 cibum
717 5199 961 5244 sumeret.
994 5190 1171 5263 Pergit
1209 5196 1349 5251 idem
1400 5196 1734 5268 Epiphanius
1761 5199 1846 5252 "z

297 5270 573 5341 Baptism
603 5293 803 5348 quoque
829 5291 1021 5349 praeter
1049 5286 1415 5353 quotidianum
1447 5290 1599 5343 illum
1640 5291 1859 5343 initian-

296 5372 413 5429 tur,
458 5375 509 5420 et
563 5382 629 5420 ea:
682 5367 1108 5431 Christianorum
1169 5376 1516 5451 Ecclesiwque
1566 5382 1858 5437 imitatione

367 5642 728 5722 ξξιιᾷρίρῃεη,
795 5649 908 5722 tog.
968 5650 1104 5722 cu,
1175 5650 1201 5722 ς
1264 5653 1346 5707 l5.

426 5652 729 5729 rcipias.
795 5652 915 5729 los.
968 5652 1115 5729 cis.-
1140 5652 1201 5729 ,δ
1250 5653 1372 5729 55..
1427 5652 1947 5729 "-Epiphan--_190.-_
1980 5654 2071 5729 cit.
2111 5653 2290 5729 -518-

301 5710 731 5788 *σωωξςλίδ
761 5727 813 5775 et
850 5719 920 5773 es
1018 5710 1395 5793 "Inuisus.
1474 5710 1679 5780 "ibid.
1757 5726 1853 5780 "1

1962 5768 1970 5781 .
2042 5710 2193 5797 μὲ.

1964 4572 2081 4610 rum
2108 4553 2415 4609 uocabulum
2460 4552 2700 4617 retinent,
2729 4568 2890 4621 neque
2936 4569 2991 4605 se
3036 4550 3386 4614 Christianos,
3438 4550 3526 4604 sed

1967 4646 2257 4700 Nazartcos
2300 4644 2364 4698 de
2392 4644 2488 4697 illa
2537 4642 2636 4697 loci
2663 4643 3013 4719 appellatione
3061 4651 3380 4711 nuncupant,
3410 4658 3529 4697 cum

1959 4726 2167 4790 interim
2216 4735 2345 4789 meri
2379 4736 2480 4789 sint
2527 4732 2725 4800 Iudtei,
2759 4750 2917 4804 neque
2967 4733 3114 4787 aliud
3162 4744 3433 4802 pra'terea.
3465 4733 3530 4786 Et

1960 4829 2199 4884 sectione
2228 4842 2370 4882 nona
2397 4824 2608 4882 :Iudwi
2642 4827 2815 4896 potius
2851 4844 3008 4897 quam
3038 4826 3267 4895 cujusvis
3309 4829 3528 4882 alterius

1957 4919 2156 4991 generis
2184 4928 2325 4983 sunt,
2358 4919 2566 4971 tametsi
2628 4917 2832 4972 Iudicis
2879 4921 2984 4972 sint
3028 4920 3411 4979 inimicissimi;
3438 4937 3526 4972 ne-

1958 5026 2053 5080 que
2080 5010 2214 5062 enim
2244 5007 2551 5063 Juda’orum
2574 5010 2769 5078 posteri
2795 5011 2965 5064 solum
2994 5010 3210 5077 capitali
3238 5010 3359 5062 illos
3407 5008 3526 5062 odio

1957 5110 2357 5170 prosequuntur,
2384 5098 2472 5153 sed
2500 5112 2550 5155 et
2578 5117 2729 5153 mane
2752 5118 2812 5154 ac
2838 5101 3053 5155 meridie
3070 5110 3117 5154 et
3142 5099 3210 5153 ad
3235 5116 3522 5168 resperam.

1961 5203 2037 5247 ter
2062 5193 2124 5245 de
2149 5193 2250 5258 die,
2281 5208 2397 5245 cum
2428 5194 2480 5245 in
2527 5192 2803 5263 synagogis
2835 5194 2943 5247 suis
2973 5191 3040 5245 ad
3065 5191 3321 5247 orandum
3352 5208 3526 5245 conre-

1960 5287 2128 5348 niunt,
2162 5284 2293 5338 diris
2327 5283 2446 5338 illos
2487 5285 2749 5350 devovent,
2783 5301 2845 5338 ac
2891 5284 3111 5339 solemni
3158 5284 3524 5354 imprecatione

1957 5375 2311 5444 proscribunt.
2346 5373 2488 5431 Idem
2517 5383 2695 5432 tamen
2730 5376 2891 5445 paulo
2916 5376 3093 5441 aliter,
3125 5386 3177 5432 et
3210 5377 3424 5446 planius
3455 5376 3521 5429 il-

2390 5652 2433 5723 ξι
2468 5651 2601 5706 Ibid.
2677 5650 2875 5723 σἐιιήιι.
2917 5652 2941 5723 5
2981 5652 3031 5706 ε.

3136 5649 3177 5680 εδ
3207 5650 3313 5707 Ibid
3373 5648 3516 5723 sta.

2294 5723 2340 5755 ⁷⁸
2364 5722 2564 5780 Πρεγρδ.
2599 5723 2668 5778 29
2713 5720 2739 5792 §
2774 5722 2820 5776 7.
