4070 6340
476 311 545 367 25
1630 319 1717 373 DE
1767 319 2069 376 OMNIBUS
2108 319 2503 377 GENERATIM
3651 331 3719 386 2-5

476 429 568 481 lud
597 426 823 482 delinire
853 428 1066 485 videtur
1097 431 1180 485 bis
1211 432 1389 486 verbis
1418 451 1428 484 :
1459 431 1573 484 Iloc
1602 431 1762 501 igitur
1789 427 1890 486 uno
1929 442 2036 486 tam
2067 436 2114 492 Α
2143 451 2268 487 usus
2299 434 2597 502 indi/ferens
2623 437 2956 504 feminarum.
2986 436 3059 491 Hi
3091 454 3182 492 nec
3211 437 3274 490 ab
3306 440 3394 503 iis,
3421 455 3535 508 qua:
3563 441 3717 496 idolis

483 536 516 572 a
544 517 770 584 Judceis,
801 537 957 590 quam
980 537 1010 574 a
1035 520 1353 576 Christianis
1381 523 1628 592 differunt
1652 538 1672 576 :
1703 523 1768 576 ab
1799 523 1906 578 illis
1931 525 2050 594 qui-

475 610 591 664 dem
619 609 842 680 quodin
888 609 1157 667 Christum
1194 613 1444 677 credant;
1489 631 1522 667 a
1571 611 1886 669 Christianis
1931 632 2046 671 vero

474 698 611 767 quod
635 697 874 752 Judaicis
904 699 1090 754 ritibus
1120 702 1474 770 implicantur.

549 790 658 846 llos
687 800 865 846 autem
897 793 1086 847 iisdem
1118 796 1504 864 propemodum
1535 810 1598 850 ac
1626 794 1863 852 Ebioniei
1895 813 2046 853 erro-

476 882 628 935 ribus
658 881 896 937 imbutos
927 884 1083 940 docet
1114 884 1252 938 idem
1286 885 1617 955 Epiphanius
1638 889 1681 921 ἰ
1707 908 1719 943 :
1745 889 1908 942 Ambo
1937 890 2045 943 col-

478 972 599 1024 latis
625 974 758 1024 inter
784 990 837 1041 se
860 973 1135 1042 capitibus,
1166 992 1317 1028 suam
1349 980 1480 1030 alter
1507 994 1623 1031 cum
1653 980 1816 1033 altera
1850 981 2043 1048 impro-

477 1063 687 1117 bitatem
721 1081 783 1142 ac
829 1067 1114 1134 nequitiam
1140 1070 1556 1125 communicavit.
1583 1071 1748 1141 Atque
1774 1073 1872 1125 etsi
1914 1089 2045 1143 qua-

476 1140 752 1209 damtenus
776 1175 806 1209 a
837 1174 891 1210 se
919 1166 1098 1211 mutuo
1125 1157 1444 1223 dissideant,
1476 1161 1530 1214 in
1571 1164 1914 1233 excogitanda
1963 1175 2045 1219 ta-

476 1265 591 1301 men
619 1251 928 1321 pravissimo
968 1249 1208 1319 dogmate
1249 1267 1359 1305 sese
1412 1254 1626 1307 invicem
1658 1269 2038 1323 expresserunt.

480 1335 672 1390 Utrum
702 1353 830 1391 vero
863 1339 993 1406 ipsis
1022 1347 1072 1392 et
1104 1355 1226 1393 cum
1261 1340 1624 1398 Cerinthianis
1654 1347 1839 1401 eodem
1883 1348 2043 1403 modo

479 1428 810 1495 convenerit,
842 1442 1042 1496 anceps
1071 1429 1159 1482 ille
1185 1433 1264 1483 est
1297 1449 1309 1484 :
1335 1429 1411 1484 De
1435 1429 1639 1486 Christo
1663 1450 1800 1497 vero,
1834 1436 2042 1504 inquie-

478 1516 568 1568 bat
587 1516 654 1578 τ’,
701 1525 838 1568 certo
883 1516 1143 1586 affirmare
1189 1535 1400 1587 nequeo,
1451 1529 1627 1573 utrum
1674 1521 1926 1588 Cerinthi,
1966 1527 2043 1580 vel

476 1603 730 1669 Merinthi
756 1601 1017 1674 impietate
1045 1608 1139 1660 illa
1178 1607 1396 1676 decepti,
1439 1609 1723 1679 simplicem
1752 1613 1900 1666 illum
1949 1614 2042 1667 ho-

477 1701 666 1772 minem
697 1708 1008 1762 asseverant,
1039 1715 1099 1751 ac
1127 1700 1206 1752 uti
1229 1717 1337 1754 sese
1361 1717 1439 1754 res
1471 1701 1642 1764 habet,
1663 1718 1753 1771 per
1782 1703 2037 1773 Spiritum

477 1769 715 1841 sanctum
745 1785 809 1841 de
857 1788 1036 1843 Maria
1089 1789 1298 1860 Virgine
1323 1794 1550 1860 genitum
1596 1767 1708 1849 esse
1751 1767 2035 1865 fateantur.
2070 1767 2112 1821 Β

477 1866 851 1935 Theodoretus
878 1895 1007 1935 vero
1036 1881 1252 1937 brevius
1277 1884 1602 1958 planiusque
1644 1886 1915 1952 edisserit,
1947 1889 2040 1958 qui

478 1971 676 2024 fuerint
701 1969 965 2036 Nazareni,
999 1979 1051 2027 et
1097 1988 1215 2041 qua:
1257 1957 1444 2027 eorum
1491 1975 1734 2040 haeresis,
1767 1993 1874 2046 quo
1905 1988 2041 2034 tem-

476 2076 604 2129 pore
633 2046 842 2125 exorta,
871 2070 924 2115 et
956 2077 986 2115 a
1015 2062 1212 2131 quibus
1238 2062 1452 2116 tandem
1483 2076 1788 2136 expugnata
1818 2087 1829 2122 :
1856 2068 2041 2122 Naza-

475 2155 569 2206 ι·ιεὶ
595 2153 774 2209 Judwi
795 2164 936 2216 sunt,
969 2154 1237 2208 Christum
1282 2155 1616 2223 honorantes,
1668 2169 1919 2230 tanquam
1949 2161 2045 2216 hoc

474 2244 662 2296 minem
685 2235 911 2312 justum,
937 2252 984 2297 et
1016 2233 1295 2314 Evangelia
1325 2256 1565 2313 utuntur,
1597 2250 1733 2320 quod
1761 2252 2042 2306 secundum

475 2336 690 2390 Petrum
718 2337 934 2393 dicitur.
970 2340 1084 2396 Has
1116 2343 1354 2406 hareses,
1386 2345 1674 2411 imperante
1716 2343 2038 2407 Domitiano,

474 2427 730 2495 conﬂatos
775 2440 959 2483 auctor
986 2443 1062 2485 est
1107 2433 1384 2488 Eusebius.
1429 2432 1626 2490 Contra
1667 2449 1795 2504 quas
1836 2433 2043 2502 scripsit

472 2515 714 2572 Justinus
742 2520 1075 2591 philosophus
1104 2534 1154 2577 et
1183 2535 1407 2595 martyr,
1436 2535 1486 2579 et
1513 2523 1745 2578 Irenteus
1776 2541 2043 2580 successor

475 2611 853 2676 apostolorum,
884 2623 932 2666 et
965 2612 1234 2685 Origenes.

543 2697 643 2754 Hic
668 2707 844 2778 autem
893 2702 1065 2758 obiter
1101 2705 1330 2784 observa
1379 2707 1511 2762 illud
1551 2707 1865 2764 diliicultate
1893 2711 2041 2784 omni

473 2803 582 2842 non
593 2803 795 2857 carere,
811 2792 954 2862 quod
972 2794 1045 2846 ait
1065 2782 1159 2850 eos
1177 2811 1303 2851 usos
1323 2796 1608 2868 Evangelia
1634 2799 1774 2854 κατὰ
1801 2782 2038 2874 Πέτρονς

473 2881 908 2951 quandoquidem
940 2883 1168 2939 aliirmat
1198 2886 1530 2958 Epiphanius
1560 2890 1692 2946 illud
1734 2894 2037 2950 secundum

475 2971 781 3027 Matthaaum
802 3013 817 3037 ,
849 2982 902 3028 et
938 2974 1207 3032 Hebraice
1237 2965 1498 3050 Scriptum
1531 2980 1766 3037 fuisse"
1793 3002 1807 3036 :
1837 2982 1934 3038 Est
1966 3003 2045 3040 ve.

474 3080 569 3127 ro,
614 3063 769 3126 inlit,
822 3081 972 3134 penes
1021 3067 1141 3121 illos
1192 3067 1530 3139 Evangelium
1580 3072 1861 3127 secundum
1891 3074 2038 3129 Μαι-
2067 3091 2113 3154 c

474 3153 666 3206 thwum
698 3153 952 3211 Hebraice
979 3158 1249 3226 scriptum,
1268 3169 1319 3212 et
1347 3160 1550 3230 quidem
1574 3163 2038 3223 absolutissimum.

476 3245 591 3298 Iloc
638 3244 775 3300 enim
819 3247 1123 3313 certissime,
1173 3259 1326 3317 prout
1353 3250 1623 3307 Hebraicis
1656 3254 1842 3309 litteris
1892 3237 2042 3312 initio

473 3319 726 3404 scriptum
747 3345 844 3401 est,
875 3338 930 3390 in
957 3338 1261 3394 hodiernum
1294 3351 1490 3410 tempus
1515 3359 1675 3413 usque
1712 3356 2037 3403 conservant.

475 3413 599 3484 Ilaec
630 3445 759 3487 sane
804 3433 1035 3488 assertio
1065 3441 1173 3487 tam
1202 3444 1349 3501 certa
1396 3445 1450 3491 et
1482 3439 1766 3508 perspicua
1813 3455 2043 3511 scrupu-

474 3521 585 3598 lum
633 3537 764 3579 sane
798 3530 851 3578 et
893 3512 1180 3594 quamdam
1229 3526 1619 3584 dubitationem
1665 3529 1857 3598 injicit,
1911 3547 2039 3587 num

473 3596 689 3680 aliquod
727 3611 780 3666 in
826 3619 1028 3666 textum
1077 3612 1397 3670 Theodoreti
1446 3596 2038 3692 mendumiirrepserit,

473 3699 556 3753 vel
605 3700 718 3769 ipse
765 3700 934 3756 falsus
972 3703 1062 3766 sit,
1114 3710 1207 3756 aut
1261 3705 1517 3758 memoria
1567 3706 1778 3776 lapsus;
1830 3724 1893 3763 ac
1941 3725 2040 3780 pro

474 3791 614 3869 κατὰ
635 3792 834 3865 Πέτρον
852 3794 994 3864 apud
1020 3795 1194 3864 ipsum
1225 3795 1326 3865 legi
1355 3796 1566 3864 debeat,
1587 3799 1725 3853 κατὰ
1742 3801 2036 3863 Ματθαῖον.

475 3875 540 3934 lit
585 3891 730 3936 certe
781 3883 908 3938 huic
958 3886 1284 3953 conjectum
1328 3886 1472 3942 favet
1519 3887 1897 3961 Hieronymus,
1945 3896 2037 3950 ubi

475 3977 610 4030 dixit
632 3978 678 4009 7"
703 3993 716 4029 :
741 3977 806 4031 In
835 3977 1117 4049 Evangelia
1145 3970 1244 4050 quo
1270 3988 1490 4034 utuntur
1514 3980 1785 4049 Nazara’i,
1814 3996 1864 4040 et
1885 3986 2042 4042 Ebib-

475 4071 620 4133 uitat,
664 4071 800 4140 quod
832 4087 994 4140 nuper
1037 4073 1094 4123 in
1123 4069 1356 4126 Graecum
1386 4072 1450 4127 de
1497 4072 1719 4130 Hebraeo
1761 4081 2039 4136 transtuli-

475 4177 612 4223 mus,
643 4170 694 4238 ct
714 4153 856 4229 quod
886 4169 1100 4232 vocatur
1138 4177 1170 4215 a
1195 4160 1453 4231 plerisque
1494 4161 1735 4219 Matthtci
1778 4169 2038 4225 authenti-

474 4267 612 4331 cum.
645 4247 788 4305 Idem
818 4250 942 4304 alibi
967 4251 1160 4320 repetit
1179 4250 1246 4318 ⁷⁸,
1278 4267 1342 4306 ac
1372 4254 1588 4309 tandem
1611 4256 1769 4312 docet
1797 4259 2037 4333 Evange-

476 4328 607 4396 lium
653 4358 762 4397 non
810 4341 1043 4398 Matthaai
1073 4344 1166 4399 sed
1216 4344 1380 4399 Marci
1406 4343 1563 4400 Petro
1608 4346 1776 4405 fuisse
1801 4328 2032 4408 attribu-

2152 524 2514 589 immolantur,
2545 526 2684 581 cibos
2712 544 2835 582 suos
2862 538 3124 597 separant,
3149 537 3198 583 et
3227 531 3361 583 alios
3391 531 3523 585 ritus
3554 537 3719 602 genti-

2154 613 2281 665 lium
2331 615 2757 682 superstitionum
2806 635 2908 670 non
2957 628 3283 673 aversantur.
3319 617 3561 674 Narrant
3609 624 3717 678 alia

2145 701 2390 769 quwdam
2443 702 2706 771 fabulosa,
2756 704 2820 758 de
2847 705 3061 772 mundo,
3108 707 3281 762 nescio
3325 725 3440 778 qua:
3489 709 3717 767 barbara

2144 793 2442 860 principum
2497 795 2710 847 nomina
2767 795 3039 849 miscentes
3094 794 3534 864 disputationibus
3581 803 3710 860 suis.

2146 877 2386 934 Barbara
2412 879 2503 934 illa
2528 883 2746 935 nomina
2779 883 2944 937 refert
2971 885 3187 953 quidem
3235 884 3588 956 Epiphanius,
3619 889 3741 944 sed-

2145 985 2242 1024 eos
2273 971 2339 1026 de
2368 971 2554 1026 iisdem
2587 973 2729 1027 inter
2759 988 2817 1028 se
2847 973 3136 1029 dissentire
3164 985 3364 1030 monet.
3399 977 3598 1048 Aliqui,
3631 980 3714 1033 in-

2145 1060 2347 1127 quit",
2379 1061 2719 1116 Barbelonem
2751 1065 2921 1118 nescio
2940 1081 3095 1134 quam
3128 1066 3406 1129 celebrant,
3441 1071 3525 1122 cui
3553 1071 3605 1123 in
3627 1087 3716 1125 oc-

2146 1159 2264 1204 tavo
2291 1152 2416 1207 caelo
2447 1152 2768 1207 domicilium
2799 1155 3111 1210 attribuunt.
3144 1156 3296 1210 Hanc
3327 1174 3358 1212 a
3389 1159 3550 1214 Patre
3587 1176 3713 1228 pro-

2143 1247 2356 1298 ductam
2377 1245 2655 1313 aﬁirmant,
2677 1255 2993 1315 matremque
3016 1246 3110 1299 alii
3133 1246 3473 1310 laldabaath,
3501 1251 3596 1303 alii
3617 1249 3715 1306 Su-

2143 1334 2602 1403 baothfaciunt....
2624 1335 2724 1389 alii
2741 1335 3022 1390 Pruuicam
3039 1337 3341 1407 quamdam,
3361 1339 3453 1392 alii
3477 1339 3712 1393 Caulau—

2142 1426 2304 1479 cauch
2325 1424 2534 1478 cuidam
2551 1422 2773 1477 eamdem
2791 1425 3150 1479 venerationem
3169 1426 3415 1496 deferunt,
3433 1446 3528 1498 qua
3546 1432 3710 1485 nomi-

2140 1533 2204 1572 ne
2270 1532 2430 1568 unum
2445 1531 2508 1569 ea:
2523 1516 2840 1585 principibus
2860 1518 3214 1586 appellant...
3236 1518 3344 1572 Alii
3355 1520 3535 1572 dicunt
3557 1521 3711 1577 initio

2144 1604 2398 1669 tenebras,
2427 1623 2487 1660 ac
2534 1609 2850 1677 voraginem,
2881 1617 2930 1662 et
2977 1624 3165 1677 aquam
3195 1609 3354 1677 fuisse
3379 1649 3393 1673 ,
3418 1627 3534 1678 quae
3571 1628 3603 1664 a
3648 1628 3705 1666 se

2142 1699 2354 1752 invicem
2376 1700 2591 1767 spiritus
2621 1701 2905 1754 secreverit.
2939 1699 3126 1752 Verum
3149 1699 3368 1754 tenebrce
3393 1711 3576 1755 contra
3604 1704 3717 1772 spi-

2142 1791 2300 1842 ritum
2333 1789 2612 1843 iracundia
2645 1807 2706 1843 ac
2733 1791 2912 1859 furore
2933 1792 3162 1858 percitis,
3190 1808 3401 1847 sursum
3429 1807 3714 1848 excurren-

2143 1889 2238 1941 tes,
2273 1896 2389 1932 cum
2417 1896 2477 1934 ea
2506 1897 2793 1950 congressa:
2819 1890 2962 1937 sunt.
2996 1879 3127 1934 Inde
3151 1883 3347 1934 matria:
3376 1883 3545 1936 nescio
3572 1899 3710 1953 qua,

2141 1970 2317 2039 genita
2361 1969 2580 2037 prodiit,
2609 1986 2725 2039 qua:
2765 1969 2996 2037 ejusdem
3027 1971 3242 2038 spiritus
3285 1973 3712 2029 consuetudinem

2142 2059 2370 2127 appetiit,
2393 2075 2457 2112 es:
2480 2075 2640 2128 eaque
2671 2070 2894 2129 quatuor
2921 2077 3088 2115 wones
3121 2060 3357 2130 producti
3387 2071 3529 2128 sunt,
3552 2061 3615 2114 ab
3645 2062 3711 2117 iis

2140 2161 2362 2222 quatuor
2386 2150 2559 2205 decem
2589 2151 2684 2204 alii
2708 2154 2988 2220 procreati,
3014 2154 3135 2206 item
3165 2152 3352 2206 dextra
3373 2153 3710 2223 sinistraque,

2141 2261 2232 2297 nec
2259 2261 2359 2298 non
2393 2243 2563 2296 lumen
2586 2253 2633 2296 et
2664 2244 2903 2300 tenebrae.
2936 2242 3230 2298 Secundum
3257 2243 3349 2298 hos
3380 2261 3553 2299 omnes
3601 2254 3715 2297 tur.

2139 2346 2252 2400 pem
2283 2333 2557 2403 quemdam
2593 2350 2789 2387 (canem
2830 2332 3026 2387 editum
3065 2343 3307 2395 narrant,
3346 2350 3561 2402 eumque
3592 2349 3712 2386 cum

2144 2440 2229 2488 ea,
2260 2441 2414 2494 quam
2443 2425 2601 2494 paulo
2628 2436 2746 2479 ante
2777 2425 3032 2493 diximus,
3058 2428 3274 2481 matrice
3301 2429 3487 2482 coiisse
3509 2443 3527 2490 ,'
3551 2435 3600 2481 et
3643 2426 3708 2486 ab

2143 2523 2358 2584 utroque
2395 2515 2538 2581 deos,
2569 2527 2722 2585 atque
2762 2517 2992 2586 angelos.
3021 2526 3070 2570 et
3098 2517 3378 2581 dwmones,
3410 2535 3472 2570 ac
3511 2527 3710 2585 septem

2141 2607 2355 2676 spiritus
2404 2618 2576 2662 ortum
2616 2608 2875 2662 habuisse.
2925 2607 3214 2679 Subjungit
3243 2607 3708 2664 tandemzCertos

2143 2696 2303 2752 libros
2328 2696 2653 2754 laldabaoth
2682 2701 2888 2754 nomine
2913 2701 3215 2770 inscriptos,
3243 2717 3305 2755 ac
3328 2703 3708 2757 commentitias

2142 2787 2352 2844 habent.

2214 2879 2325 2936 Hos
2354 2880 2661 2946 haereticos,
2692 2882 2739 2938 si
2768 2879 3028 2937 Irenaeum
3050 2882 3097 2913 °°
3124 2891 3176 2937 et
3211 2880 3505 2938 Eusebium
3530 2882 3575 2914 “
3604 2896 3706 2936 au-

2142 2969 2281 3036 dias,
2309 2971 2548 3028 Joannes
2571 2974 2655 3028 his
2683 2973 2863 3029 verbis
2892 2974 2947 3028 in
2975 2973 3292 3042 Apocalypsi
3317 2975 3530 3028 notat"
3558 2993 3571 3030 :
3601 2971 3705 3032 Sed

2141 3064 2236 3121 hoc
2261 3065 2416 3120 habes
2448 3064 2589 3132 boni,
2614 3066 2736 3135 quia
2767 3065 2927 3119 odisti
2954 3065 3100 3134 facta
3135 3064 3184 3118 Ν
3193 3067 3551 3129 icolaitarum,
3588 3083 3707 3137 qua

2143 3165 2192 3212 et
2219 3174 2311 3226 ego
2341 3156 2450 3213 odi.
2480 3158 2524 3209 A
2551 3157 2749 3226 quibus
2779 3165 2959 3212 autem
2993 3158 3101 3212 sint
3128 3157 3441 3228 oppugnati,
3471 3159 3706 3227 accipies

2142 3261 2173 3300 a
2219 3246 2558 3302 Theodoreto
2579 3247 2624 3277 ⁸³
2649 3264 2662 3302 :
2690 3245 2888 3300 Contra
2938 3246 3052 3310 hos,
3089 3247 3282 3316 inquit,
3334 3248 3542 3316 scripsit
3581 3245 3706 3306 Cle-

2142 3355 2308 3402 mens,
2339 3348 2388 3392 et
2416 3337 2672 3401 Irena'us,
2703 3347 2750 3392 et
2783 3336 3050 3407 Origenes,
3079 3348 3126 3392 et
3158 3337 3471 3409 Hippolytus
3508 3341 3706 3407 episco-

2139 3445 2236 3499 pus
2255 3439 2304 3483 et
2323 3439 2543 3500 martyr.
2570 3428 2739 3495 Quam
2764 3444 2892 3484 vero
2914 3428 3142 3484 feliciter
3158 3439 3348 3484 contra
3371 3445 3465 3485 eos
3492 3446 3702 3500 pugna-

2139 3520 2334 3582 verint,
2367 3521 2589 3589 colligas
2615 3536 2682 3575 ex
2703 3520 2927 3574 victoria
2958 3520 3027 3574 ab
3054 3521 3134 3576 eis
3165 3535 3423 3590 perquam
3444 3521 3706 3578 citissime

2139 3619 2432 3681 reportata.
2479 3610 2689 3665 Etenim
2736 3611 2849 3664 haec
2903 3611 3144 3675 hatresis,
3193 3617 3330 3665 teste
3379 3610 3702 3676 Eusebio“,

2140 3701 2437 3755 brevissima
2480 3701 2724 3768 temporis
2761 3700 2932 3769 spatio
2963 3700 3269 3768 permansit.
3299 3699 3374 3754 Ex
3405 3700 3504 3756 hoc
3523 3711 3705 3757 tamen

2139 3790 2288 3847 fonte
2314 3790 2724 3859 corruptissimo
2751 3789 3018 3844 ﬂuxerunt
3044 3787 3307 3853 Gnostici,
3337 3790 3534 3859 aliique
3560 3806 3706 3847 com-

2137 3881 2342 3952 plures,
2372 3880 2439 3934 de
2461 3879 2658 3948 quibus
2690 3877 3020 3949 Epiphanius
3042 3878 3088 3908 ⁸⁵
3115 3896 3128 3931 :
3153 3877 3231 3931 Ab
3280 3877 3376 3931 hoc
3401 3879 3566 3948 fonte,
3599 3881 3698 3945 ait,

2136 3971 2377 4033 derivati,
2406 3986 2467 4024 ac
2510 3969 2726 4037 pessime
2775 3970 2827 4022 in
2860 3967 3105 4022 mundum
3135 3968 3416 4022 introducti
3442 3979 3562 4023 sunt
3592 3969 3702 4024 hce-

2137 4063 2284 4118 retici
2313 4061 2412 4125 illi,
2443 4061 2534 4130 qui
2559 4076 2674 4113 eam
2705 4058 2825 4124 sibi,
2856 4077 3013 4130 quam
3042 4059 3180 4128 [also
3202 4062 3494 4123 nominant,
3525 4062 3701 4130 cogni-

2137 4155 2327 4211 tionem
2361 4153 2644 4216 vindicant,
2679 4151 2972 4219 cujusmodi
2999 4162 3120 4206 sunt
3153 4150 3404 4214 Gnostici,
3429 4151 3700 4206 Phibionio.

2137 4256 2222 4310 tat,
2251 4254 2299 4298 et
2328 4243 2515 4314 quibus
2556 4243 2619 4296 ab
2649 4241 2914 4312 Epiphane
2955 4260 3137 4298 nomen
3162 4253 3239 4296 est
3281 4241 3525 4298 inditum.
3561 4243 3696 4297 Tum

2135 4337 2293 4390 etiam
2325 4335 2605 4398 Militares,
2634 4333 2867 4398 Levitici,
2900 4335 3088 4405 aliique
3126 4335 3433 4404 complures.
3463 4335 3700 4401 Quorum

468 4427 588 4487 mm
610 4419 694 4489 is‘:
724 4433 826 4513 Sed
852 4447 901 4490 ει
949 4434 1292 4506 Evangelia",
1330 4435 1614 4492 “cundum
1657 4439 1917 4510 Marcum,
1948 4447 2036 4515 qui
2066 4421 2110 4476 D
2136 4424 2348 4496 quilibet
2377 4424 2616 4515 hteresim
2660 4424 2949 4492 propriam,
2979 4424 3051 4515 ad
3087 4426 3250 4515 animi
3277 4427 3360 4480 sui
3397 4427 3696 4495 aﬂ'ectioncs

475 4525 687 4580 auditor
709 4526 822 4609 ejus
848 4536 898 4582 et
927 4527 1180 4609 interpres
1212 4530 1334 4600 fuit,
1357 4530 1534 4600 hujus,
1563 4531 1732 4599 Petri,
1757 4549 1869 4589 esse
1904 4534 2040 4591 dici-

477 4629 582 4673 tur.

515 4695 517 4699 ’
1061 4688 1287 4745 CAPUT
1326 4688 1461 4746 VIII.

891 4777 968 4857 De
995 4779 1180 4857 haeresi
1212 4779 1264 4832 Ν
1269 4781 1618 4838 icalaitarum.

545 4869 823 4928 Nicolaitas
869 4853 1060 4927 novam
1107 4890 1321 4944 quoque
1367 4875 1541 4946 primo
1589 4877 1785 4931 saeculo
1834 4887 2034 4935 sectam

476 4957 768 5019 commenti
796 4972 943 5020 sunt.
974 4965 1202 5020 Errores
1231 4980 1416 5020 eorum
1447 4969 1632 5035 paucis
1666 4969 1844 5024 verbis
1863 4954 2037 5038 expo-

480 5056 557 5109 nit
604 5037 836 5110 Irenaeus
859 5041 944 5110 ’τίς
974 5055 1258 5110 lndiscrete
1306 5043 1517 5123 vivunt,
1545 5057 1745 5110 nullam
1793 5037 2036 5128 differen-

479 5147 606 5200 tiam
636 5163 745 5200 esse
774 5148 1000 5201 dicentes
1031 5148 1085 5200 in
1115 5147 1437 5205 mmchanda.
1469 5157 1517 5200 et
1546 5147 1890 5218 idolothytum
1918 5149 2032 5203 ede-

478 5254 552 5292 re.
601 5236 939 5308 Augustinus
985 5245 1162 5309 autem
1213 5239 1372 5310 paulo
1414 5239 1705 5296 dilucidius
1728 5240 1813 5295 "z
1858 5240 2042 5306 Placet,

590 5422 636 5453 '"
685 5422 884 5476 "teres.
951 5423 1044 5489 50,
1089 5422 1115 5491 §
1175 5423 1230 5478 2.

483 5492 548 5543 ad
601 5507 720 5566 cap.
798 5508 909 5566 ,ιιιΖ
953 5493 1152 5566 ,η’-οε,
1209 5499 1453 5566 scriptor.

1323 5425 1368 5456 7’
1417 5423 1616 5480 Haeres.
1661 5425 1730 5478 29
1776 5424 1802 5493 §
1846 5424 1897 5478 7.

484 5631 718 5701 "Apoc.
781 5648 842 5693 II,
900 5632 954 5689 6.

485 5703 531 5730 ⁸⁸
564 5701 720 5762 Locis
758 5703 960 5760 citatis.

2001 5426 2046 5456 ⁷³
2093 5425 2292 5480 Haeres.
2345 5423 2444 5493 V29.
2505 5422 2630 5493 §_9.

503 5492 548 5543 ul
601 5507 720 5559 cap.
798 5508 896 5546 xtl.
972 5490 1146 5547 "'De
1209 5499 1453 5566 scriptor.
1536 5490 1845 5564 eccles.,in
1910 5493 2043 5547 Matt

503 5578 603 5634 ap.
640 5562 727 5615 27.
805 5563 850 5592 7"
880 5561 996 5634 Lib.
1037 5563 1100 5615 de
1129 5562 1342 5634 haeres"
1379 5562 1498 5634 §_5.
1575 5563 1848 5634 "ﬂagres.
1917 5564 2008 5628 25,

2222 5496 2268 5526 ⁷⁸
2341 5492 2476 5548 Ibid.
2509 5490 2569 5564 ξι

2141 5564 2192 5624 2.
2236 5565 2382 5634 {ret
2432 5563 2485 5618 5.
2520 5563 2569 5634 με

483 5578 603 5630 cap.
640 5562 727 5615 27.
805 5563 850 5592 τ’
880 5562 996 5616 Lib.
1037 5563 1100 5615 de
1135 5562 1342 5643 haeres.)
1379 5562 1498 5686 §I5.
1575 5565 1616 5594 τ’
1649 5562 1848 5618 Ιιωιέε.
1917 5564 2008 5628 25,
2056 5564 2083 5634 §
2138 5564 2192 5624 2.
2236 5565 2299 5644 5.
2329 5571 2382 5617 et
2432 5562 2518 5618 5(
2559 5563 2604 5646 ξο
2627 5562 2754 5619 Loc.
2808 5565 2901 5618 cit.
2975 5563 3015 5595 ⁸⁸
3046 5562 3166 5618 Lib.
3192 5578 3225 5616 v
3281 5562 3423 5617 Hist.

484 5631 718 5706 fproc.
781 5648 842 5706 ιι,
895 5632 954 5706 _6.
1055 5631 1240 5688 "Lib.
1285 5649 1342 5690 tu
1435 5642 1580 5688 teret.
1618 5630 1978 5706 Fabul.,cap.
2037 5635 2084 5690 ι.
2149 5634 2206 5687 ,⁸⁸
2245 5632 2361 5689 Ltb.
2397 5648 2456 5689 ιιι
2510 5631 2734 5700 Ηιειον.,
2789 5649 2906 5706 cap.
2969 5631 3058 5689 29.
3153 5630 3431 5690 “Hatres.

2140 4512 2558 4578 accommodans,
2590 4522 2859 4568 sexcentas
2905 4514 3146 4584 nequitia:
3209 4515 3319 4570 vias
3363 4516 3695 4587 excogitavit.

2137 4595 2312 4675 Atque
2353 4603 2494 4660 inde.
2517 4604 2706 4675 procul
2749 4603 2914 4658 dubio
2943 4611 3060 4657 orta
3090 4611 3192 4669 est,
3224 4620 3288 4660 ea
3325 4621 3488 4675 quam
3528 4621 3698 4676 supra

2137 4688 2574 4758 memoravimus,
2597 4695 2696 4750 hos
2719 4695 2860 4749 inter
2889 4695 3174 4752 haereticos
3193 4695 3260 4752 de
3283 4697 3531 4754 barbaris
3552 4700 3697 4769 prin-

2133 4788 2312 4856 cipum
2345 4787 2652 4842 nominibus
2678 4785 2966 4840 dissensio.

2208 4878 2340 4945 Quis
2373 4887 2549 4934 autem
2578 4878 2802 4947 hujusce
2843 4877 3110 4932 haereseos
3139 4886 3331 4932 auctor
3370 4878 3551 4944 fuerit,
3585 4896 3696 4936 non

2139 4971 2210 5025 ita
2247 4976 2553 5039 promptum
2584 4975 2668 5023 est
2709 4966 2951 5024 delinire.
2989 4966 3214 5022 Plurimi
3245 4969 3553 5026 existimant
3585 4987 3695 5027 non

2140 5061 2302 5114 alium
2337 5060 2502 5116 fuisse
2529 5075 2688 5131 quam
2719 5058 3017 5124 Nicolaum,
3046 5074 3213 5113 unum
3241 5075 3306 5115 ex
3340 5071 3545 5132 septem
3588 5063 3692 5120 illis

2140 5149 2390 5212 Ecclesia:
2419 5151 2753 5216 diaconibus,
2773 5149 2865 5220 qui
2896 5149 2963 5205 ab
2985 5151 3245 5221 apostolis
3281 5151 3435 5205 electi
3466 5160 3519 5207 et
3538 5153 3696 5208 inau-

2140 5244 2317 5314 gurati
2349 5250 2495 5318 sunt.
2525 5241 2590 5295 Et
2631 5243 2744 5296 haec
2774 5241 2988 5312 quidem
3027 5241 3128 5296 fuit
3155 5239 3338 5298 Irenaai
3359 5242 3424 5310 ⁸⁸,
3459 5242 3696 5316 Epipha-

2723 5423 2773 5455 “
2824 5423 2944 5479 Lib.
2972 5439 3009 5478 ιι
3060 5420 3348 5478 Comment.
3412 5423 3471 5477 in
3493 5422 3691 5481 Matth.

2222 5496 2268 5526 ⁷⁸
2341 5492 2476 5564 Ibid.
2509 5491 2525 5564 ᾗ
2557 5491 2816 5564 in_Petr.
2920 5495 2987 5564 "7
3019 5492 3138 5564 Lib.
3209 5508 3248 5546 ιι
3291 5493 3446 5564 _Adv.
3505 5494 3689 5564 hceres.

2138 5564 2192 5624 2.
2236 5565 2270 5617 5
2329 5571 2382 5617 et
2432 5561 2519 5618 5.’
2559 5561 2754 5619 “Loc.
2808 5565 2901 5618 cit.
2975 5563 3015 5595 ⁸⁸
3046 5561 3225 5618 Lib.v
3281 5561 3423 5617 Hist.
3457 5578 3576 5624 cap.
3599 5563 3688 5617 29.

3549 5631 3715 5734 ,ιφ
