4070 6340
391 337 466 389 es
718 307 722 310 ’
1273 335 1461 391 ptum
1501 334 1850 392 ECCLESIE
1892 332 2162 389 secum
2204 327 2717 387 SCRIPTURIBBS.
3543 327 3611 382 26

381 457 460 510 nii
505 463 561 509 et
586 451 867 508 Philastrii
919 453 1124 523 opinio.
1166 455 1365 524 quibus
1415 454 1776 525 astipulantur
1805 451 1952 506 Hilao
1981 455 2025 512 Α
2054 454 2343 502 monstrat.
2412 444 2675 501 Clementi
2743 441 3069 512 astipulatur
3132 447 3255 514 post
3320 439 3609 509 Eusebium

384 550 504 601 rius
525 546 591 608 ⁸⁷,
619 543 980 614 Hieronymus
1003 544 1068 607 ⁸⁸,
1097 544 1336 601 lsidorus
1358 546 1424 609 ⁸⁹,
1452 546 1650 615 aliique
1683 558 1791 598 non
1821 557 1954 611 pau-

388 637 466 693 ci.
489 635 546 690 lu
570 649 758 689 eorum
788 642 966 688 tamen
996 650 1153 705 grege
1176 633 1540 690 Tertullianus
1563 650 1672 689 non
1693 648 1955 687 annume-

393 727 592 782 randus
621 735 726 783 est.
765 725 908 780 Nihil
938 727 1080 782 enim
1107 727 1174 782 de
1201 727 1425 782 Nicolao
1456 729 1546 782 illo
1575 726 1812 796 scripsit,
1849 723 1952 778 nisi

391 822 448 875 in
467 819 642 889 capite
670 819 740 874 45
769 810 921 866 Libri
944 815 1006 870 de
1023 814 1499 887 pra'scriptionibus
1528 837 1548 874 :
1571 817 1714 887 quod
1737 815 1953 885 quidem

388 916 552 978 caput
597 907 769 963 eidem
813 908 951 964 libro
992 909 1059 963 ab
1106 910 1398 980 impostore
1445 907 1676 977 quodam
1708 912 1952 959 assutum

393 1001 562 1056 ﬁnisse
587 1003 698 1069 jam
727 1001 1156 1058 observavimus.

459 1089 820 1160 Refragantur
847 1099 1024 1144 autem
1054 1090 1180 1144 huic
1211 1097 1286 1144 tot
1316 1096 1695 1156 tantorumque
1715 1084 1952 1138 virorum

386 1182 674 1237 sententiae
701 1181 996 1250 scriptores
1026 1180 1294 1242 nonnulli,
1327 1181 1585 1246 aluntque
1613 1175 1713 1230 hos
1739 1172 1954 1228 haereti-

394 1287 507 1332 cos,
528 1278 587 1324 ut
633 1271 983 1325 celeberrimo
1015 1270 1244 1336 alicujus
1269 1269 1507 1322 auctoris
1530 1265 1746 1318 nomine
1771 1262 1954 1316 fucum

386 1365 515 1418 aliis
566 1363 824 1423 facerent,
859 1361 1004 1416 hunc
1053 1360 1330 1415 Nicolaum
1365 1359 1467 1415 subi
1514 1356 1651 1412 falso
1695 1356 1956 1410 ascivisse

389 1463 552 1511 sectae
598 1469 710 1508 sua:
758 1453 1076 1522 principem.
1111 1450 1324 1506 Scimus
1349 1449 1564 1520 quidem
1596 1449 1648 1502 in
1679 1446 1955 1516 lgnatiana

389 1547 624 1616 quadam
652 1545 875 1613 epistola
909 1544 1042 1598 illud
1073 1549 1258 1612 aperte
1279 1542 1448 1597 asseri
1473 1541 1516 1574 ²⁰
1544 1560 1556 1594 :
1585 1538 1771 1609 Fugite
1793 1539 1958 1607 impu-

387 1657 476 1696 ros
511 1638 828 1697 Nicolaitas,
853 1636 1048 1704 falsum
1075 1635 1176 1688 sibi
1199 1650 1380 1688 nomen
1407 1641 1684 1695 sumentes;
1707 1629 1802 1685 sed
1833 1644 1954 1685 cum

390 1730 506 1784 haec
535 1730 695 1784 verba
733 1727 1138 1796 interpolatoris
1182 1728 1309 1788 sint,
1343 1741 1449 1787 non
1480 1741 1606 1778 vero
1647 1722 1856 1793 lgnatii,
1889 1738 1952 1776 ex

389 1821 456 1880 iis
486 1818 729 1890 profecto
760 1817 894 1871 nihil
937 1818 1068 1871 certi
1102 1815 1350 1870 concludi
1390 1821 1585 1884 potest.
1619 1812 1955 1882 Quapropter

387 1911 662 1978 opinionis
714 1910 862 1964 illius
913 1907 1156 1962 fautores
1187 1914 1240 1960 et
1289 1905 1502 1975 patroni
1551 1920 1618 1958 ex
1663 1902 1956 1958 Clementis

385 2001 741 2058 Alexandrini
786 1999 1110 2054 auctoritate
1151 1997 1382 2053 validius
1426 2006 1623 2051 eruunt
1664 2010 1953 2066 argumen-

387 2104 526 2148 tum.
549 2093 598 2149 ls
626 2093 768 2147 enim
801 2090 1096 2146 Nicolaitas
1124 2089 1322 2160 arguit,
1348 2089 1490 2158 quod
1521 2089 1575 2142 in
1599 2087 1821 2142 haeresis
1846 2101 1957 2142 sua:

393 2186 856 2242 confirmationem
889 2184 1051 2237 verba
1077 2181 1285 2236 Nieolai
1317 2195 1513 2250 pravos
1543 2179 1595 2233 in
1641 2193 1833 2234 sensus
1859 2177 1956 2232 de-

393 2285 704 2350 torquerent
732 2296 744 2330 :
773 2274 927 2334 Tales
963 2280 1103 2338 sunt,
1129 2271 1408 2341 inquiebat
1449 2269 1536 2323 ille
1559 2270 1632 2332 ",
1659 2268 1747 2338 qui
1779 2267 1959 2320 dicunt

393 2389 451 2425 se
478 2372 620 2441 sequi
647 2369 950 2436 Nicolaum,
982 2367 1295 2422 adducentes
1325 2365 1437 2433 ejus
1468 2364 1576 2416 viri
1595 2353 1793 2431 aliquid
1819 2361 1960 2414 litte-

391 2481 571 2517 rarum
602 2462 946 2533 monumentis
987 2458 1316 2520 mandatum,
1347 2455 1436 2511 sed
1481 2454 1544 2508 ab
1569 2454 1642 2508 eis
1681 2452 1956 2515 detectum,

388 2573 568 2625 nempe
591 2571 610 2608 :
638 2555 891 2624 Oportere
916 2568 1073 2607 carne
1101 2553 1202 2606 uti.
1232 2549 1335 2605 Sed
1369 2550 1457 2603 ille
1483 2547 1685 2618 quidem
1715 2546 1790 2600 vir
1816 2561 1956 2614 pra:-

386 2651 567 2704 clarus
599 2647 932 2719 signiﬁcabat
964 2654 1196 2715 oportere
1226 2643 1511 2712 voluptates
1539 2657 1711 2698 arcere
1739 2648 1786 2694 et
1816 2639 1962 2709 cupi-

390 2742 605 2803 ditates,
651 2751 702 2794 et
738 2741 836 2793 hac
882 2739 1252 2793 exercitatione
1298 2734 1560 2789 marcidus
1609 2731 1962 2802 ﬂaccidasque

391 2831 604 2888 reddere
624 2831 800 2883 carnis
829 2829 1165 2898 appetitiones
1196 2835 1243 2881 et
1273 2825 1519 2879 insultus.
1547 2823 1650 2890 Qui
1672 2832 1843 2878 autem
1873 2821 1959 2874 in-

391 2935 507 2977 star
540 2923 804 2976 hircorum
834 2931 954 2974 sunt
978 2919 1132 2989 effusi
1159 2920 1212 2972 in
1241 2918 1668 2985 voluptatem.....
1700 2914 1961 2968 decretum

393 3018 558 3084 ipsius
589 3015 888 3082 voluptatis,
917 3029 1018 3065 non
1045 3019 1218 3065 autem
1240 3009 1337 3063 viri
1357 3007 1630 3078 apostolici
1652 3015 1959 3076 sequuntur.

393 3108 464 3159 At
493 3106 744 3160 Clemens
771 3103 1050 3156 Nicolaum
1083 3100 1224 3154 haud
1253 3099 1413 3153 dubie
1441 3099 1615 3152 virum
1641 3097 1958 3166 praeclarum

391 3207 448 3253 et
478 3194 833 3267 apostolicum
869 3211 975 3249 non
1001 3189 1344 3264 appellasset,
1380 3189 1425 3243 si
1457 3198 1563 3242 tam
1591 3201 1770 3257 prava:
1795 3185 1965 3242 haere-

394 3305 522 3346 seos
552 3304 748 3359 parens
779 3286 972 3342 fuisset
1000 3294 1054 3340 et
1082 3292 1294 3340 auctor.

468 3378 607 3445 Quid
639 3378 825 3447 plura?
852 3375 995 3430 ldem
1020 3374 1269 3430 Clemens
1294 3385 1506 3427 omnem
1539 3369 1737 3442 impuri
1775 3367 1964 3424 crimi-

393 3473 504 3534 nis,
538 3471 606 3524 ab
629 3471 820 3526 iisdem
847 3468 1114 3522 hzereticis
1135 3466 1356 3521 Nicolao
1386 3465 1570 3532 inusti,
1602 3465 1967 3535 suspicionem

394 3563 611 3633 egregie
636 3562 856 3633 depellit
876 3561 920 3592 ⁹¹
947 3579 960 3616 :
985 3560 1116 3615 Cum
1146 3570 1318 3614 autem
1345 3560 1408 3613 de
1437 3560 1578 3615 dicto
1621 3557 1845 3613 Nicolao
1889 3559 1968 3613 lo-

392 3667 691 3721 queremur,
725 3651 857 3704 illud
882 3651 1329 3718 prwtermisimus.
1367 3647 1500 3704 Cum
1541 3650 1848 3718 formosam,
1880 3650 1966 3703 in-

391 3745 615 3814 quiunt,
656 3742 862 3796 haberet
899 3758 1151 3806 uxorem,
1191 3751 1241 3795 et
1279 3751 1394 3810 post
1429 3741 1722 3796 Servatoris
1761 3759 1971 3796 assum-

394 3837 626 3906 ptianem
647 3837 694 3889 ei
712 3835 896 3904 fuisset
926 3835 989 3889 ab
1008 3834 1260 3903 apostolis
1286 3833 1574 3902 exprobata
1607 3834 1884 3904 zelotypia,
1917 3835 1969 3887 in

398 3929 628 3983 medium
655 3927 885 3982 adducta
917 3928 1151 3993 muliere,
1179 3928 1412 3996 permisit
1442 3927 1524 3980 cui
1556 3926 1702 3980 vellet
1728 3942 1841 3979 eam
1871 3942 1970 3980 nu-

398 4024 537 4078 bere.
563 4022 728 4075 Aiunt
753 4022 890 4075 enim
921 4020 1052 4073 hanc
1082 4037 1253 4074 vocem
1295 4019 1376 4073 illi
1404 4021 1512 4074 voci
1548 4029 1967 4082 consentaneum,

395 4130 514 4186 quis
557 4114 706 4178 dicit,
737 4113 874 4184 quod
915 4128 1071 4165 carne
1117 4112 1194 4164 uti
1235 4120 1489 4178 oporteat,
1521 4110 1732 4180 ejusque
1772 4109 1970 4177 factum

397 4219 447 4263 et
471 4209 667 4260 dictum
690 4205 946 4269 absolute,
965 4214 1012 4257 et
1036 4202 1416 4257 inconsiderate
1438 4211 1723 4272 sequentes,
1749 4204 1836 4271 qui
1857 4200 1969 4270 ejus

401 4301 640 4354 heresim
683 4305 1096 4368 persequuntur,
1139 4293 1465 4363 impudenter
1508 4295 1766 4364 effuseque
1803 4293 1973 4362 forni-

397 4404 607 4450 cantur.
634 4391 746 4462 Ego
781 4400 955 4443 autem
983 4389 1140 4441 audio
1187 4387 1470 4441 Nicolaum
1500 4386 1700 4439 nullum
1744 4403 1971 4456 unquam

1989 3140 2036 3204 C

2056 538 2449 594 Theodoretus.
2479 537 2555 590 Ex
2579 537 2740 590 allato
2766 535 2964 605 quippe
2987 534 3279 589 Clementis
3305 534 3612 588 testimonio

2055 630 2134 686 sic
2165 631 2253 686 ille
2284 628 2558 684 concludit
2582 628 2626 658 "
2653 646 2664 682 :
2694 626 2773 679 Ea:
2816 627 2999 695 quibus
3046 625 3239 696 liquido
3272 626 3610 691 convincitur,

2054 722 2191 791 falso
2217 721 2315 775 sibi
2343 720 2405 774 de
2431 719 2581 788 hujus
2607 717 2949 786 appellatione
2974 735 3156 772 nomen
3176 734 3421 788 nrrogare
3452 715 3617 770 Nico-

2055 814 2236 868 laitas.
2289 812 2551 866 Eusebius
2597 826 2724 865 vero
2753 810 2798 841 “
2842 829 2854 865 :
2902 809 2974 863 Hi
3023 808 3300 864 Nicolaum
3342 810 3615 881 quemdam

2054 919 2214 957 unum
2251 918 2318 956 ea:
2347 902 2477 965 illis,
2505 903 2593 971 qui
2631 900 2698 953 ad
2724 917 2907 954 curam
2937 901 3143 968 inopum
3171 901 3470 970 gerendam,
3511 918 3617 954 una

2054 1013 2170 1050 cum
2196 995 2457 1063 Stephano
2489 994 2550 1046 ab
2571 994 2820 1062 apostolis
2841 994 3109 1046 constituti
3140 994 3345 1061 fuerant
3368 993 3614 1053 ministri.

2053 1101 2206 1145 secta'
2233 1105 2337 1143 sua:
2373 1097 2636 1141 auctorem
2658 1085 2955 1155 jactabant.
2990 1085 3128 1150 Quid
3152 1084 3294 1138 aliud
3323 1085 3426 1138 hoc
3456 1085 3621 1138 verbo

2045 1181 2346 1253 jactabant.
2380 1180 2555 1233 innuit
2599 1178 2887 1241 Eusebius,
2919 1192 3080 1247 quam
3127 1175 3407 1231 Nicolaum
3457 1175 3618 1244 hujus

2055 1274 2324 1327 haereseos
2352 1285 2458 1323 non
2488 1285 2609 1324 esse
2637 1269 2945 1322 auctorem?

2125 1362 2293 1416 Porro
2328 1369 2505 1414 autem
2540 1359 2666 1430 quid
2689 1359 2756 1412 de
2788 1358 2887 1411 hac
2910 1356 3229 1427 quaestione,
3253 1368 3414 1424 quam
3443 1361 3622 1408 tanto-

2054 1468 2176 1508 rum
2205 1452 2426 1506 Patrum
2455 1450 2751 1504 auctoritas
2777 1449 2995 1502 dubiam
3038 1446 3237 1509 reddit,
3272 1442 3620 1498 statuendum

2055 1546 2148 1607 sit,
2179 1543 2246 1597 ab
2270 1542 2392 1597 aliis
2417 1539 2688 1594 lubentius
2720 1537 3024 1592 audiemus.
3055 1533 3210 1588 Enim
3236 1547 3362 1586 vero
3385 1529 3623 1584 Irenteus

2054 1642 2108 1690 ct
2141 1633 2414 1696 Clemens,
2448 1630 2783 1700 antiquiores
2823 1637 2874 1683 et
2901 1627 3156 1698 praecipui
3177 1625 3461 1693 utriusque
3501 1620 3622 1690 opi-

2055 1727 2236 1782 nionis
2263 1725 2524 1788 fautores,
2557 1723 2720 1779 coaavi
2753 1729 2928 1782 erant,
2960 1727 3014 1774 et
3046 1734 3076 1771 a
3108 1716 3317 1771 Nicolai
3365 1713 3625 1784 tempori-

2055 1820 2157 1874 bus
2187 1826 2296 1872 tam
2327 1831 2516 1887 parum
2549 1814 2775 1876 remoti,
2795 1819 2852 1866 ut
2880 1812 2946 1866 ab
2975 1809 3218 1880 ejusdem
3243 1805 3452 1862 Nicolai
3488 1805 3625 1860 ami-

2054 1911 2135 1966 cis
2166 1917 2254 1962 aut
2286 1907 2574 1976 discipulis
2617 1904 2893 1976 potuerint
2939 1901 3097 1956 facile
3122 1900 3356 1963 discere,
3385 1913 3514 1951 num
3557 1896 3627 1952 ab

2055 2001 2148 2056 illo
2167 2015 2291 2056 vere
2323 1997 2561 2069 profecta
2585 1997 2656 2052 sit
2680 2010 2743 2051 ea
2775 1994 3016 2049 haeresis.
3046 1994 3108 2046 Et
3136 1993 3385 2046 Clemens
3409 1987 3626 2059 quidem

2057 2107 2115 2146 se
2146 2091 2198 2145 id
2227 2105 2336 2144 non
2366 2087 2713 2157 indiligenter
2757 2085 3112 2154 investigasse
3157 2081 3450 2152 significat.
3484 2078 3626 2144 Quid

2056 2195 2186 2236 vero
2226 2177 2368 2249 quod
2417 2176 2472 2230 in
2531 2175 2650 2243 ejus
2682 2171 2954 2242 Opinionis
3001 2170 3402 2223 firman'ientum
3433 2164 3628 2230 adduci

2058 2271 2190 2328 illud
2218 2277 2419 2340 potest,
2443 2267 2588 2338 quod
2621 2265 2892 2320 hareticis
2915 2264 2969 2317 in
2990 2277 3140 2316 more
3160 2261 3393 2331 positum
3428 2259 3499 2313 sit
3523 2272 3633 2310 ma-

2057 2378 2220 2435 gnum
2251 2361 2355 2417 sibi
2384 2359 2670 2430 quemdam
2701 2357 2969 2411 haereseos
3001 2369 3111 2409 sua:
3137 2351 3400 2406 advocare
3435 2356 3627 2403 aucto-

2058 2452 2197 2508 rem?
2218 2451 2402 2521 Neque
2433 2458 2612 2504 tamen
2634 2462 2698 2502 eo
2734 2445 3066 2516 repudianda
3090 2451 3173 2498 est
3202 2441 3387 2496 Irenaei
3414 2446 3633 2494 senten-

2057 2545 2152 2608 tia,
2187 2539 2314 2613 quia
2341 2542 2408 2596 ab
2436 2556 2541 2595 uno
2570 2556 2632 2594 ex
2665 2545 2870 2607 septem
2895 2535 3085 2603 primis
3117 2533 3369 2587 Ecclesia:
3390 2530 3631 2585 diaconis

2060 2635 2308 2691 haeresim
2337 2634 2483 2687 illam
2510 2639 2687 2686 ortum
2719 2644 2876 2684 suun:
2913 2626 3135 2681 duxisse
3172 2622 3523 2694 improbabile
3553 2622 3637 2676 vi-

2061 2725 2270 2781 deatur.
2301 2721 2436 2776 Nam
2464 2736 2587 2775 cum
2624 2719 2873 2775 Christus
2903 2717 2970 2770 ab
2995 2730 3103 2770 uno
3145 2731 3174 2769 e
3205 2730 3318 2768 SlllS
3350 2711 3630 2782 apostolis,

2060 2829 2129 2869 ne
2157 2813 2460 2868 doctrinam
2493 2825 2644 2865 suam
2677 2814 3016 2879 propagaret,
3050 2805 3114 2859 ad
3141 2820 3322 2859 necem
3354 2803 3426 2858 sit
3449 2802 3634 2857 vendi-

2061 2911 2171 2972 tus,
2200 2904 2376 2976 potuit
2407 2910 2460 2959 et
2490 2919 2632 2957 unus
2661 2918 2723 2956 ex
2753 2909 2956 2970 septem
2991 2898 3098 2951 illis
3133 2896 3378 2950 diaconis
3401 2893 3632 2964 alicujus

2062 2996 2331 3052 haereseos
2365 2995 2617 3049 inventor
2645 3007 2767 3048 esse
2796 3006 2859 3044 ac
2887 2989 3278 3058 promulgator.

2674 3080 2899 3138 CAPUT
2936 3079 3025 3136 IX.

2207 3183 2339 3251 Quae
2369 3198 2434 3237 ea:
2461 3181 2557 3234 hac
2585 3179 2846 3233 hwreseon
2876 3174 3218 3244 descriptione
3248 3171 3494 3226 utilitas?

2138 3277 2434 3345 Quorsum,
2466 3272 2699 3345 inquies,
2727 3271 2816 3324 illa
2847 3277 2927 3322 tot
2955 3268 3230 3321 hmreseon
3255 3255 3549 3332 descriptio
3573 3275 3633 3315 ac

2066 3368 2329 3425 historia?
2353 3365 2542 3420 Nonne
2575 3363 2652 3416 illi
2683 3361 2932 3413 humana:
2966 3355 3162 3411 mentis
3186 3349 3635 3407 monstrosissimi

2067 3470 2255 3536 partus
2284 3465 2542 3530 perpetuo
2563 3453 2776 3510 silentio
2799 3447 3094 3519 sepeliendi
3134 3444 3320 3501 erant?
3339 3441 3478 3508 Quid
3506 3454 3635 3495 vero

2067 3532 2135 3613 ex
2162 3555 2264 3608 bac
2294 3552 2484 3606 odiosa
2526 3549 2857 3615 molestaque
2887 3537 3397 3597 commemoratione
3441 3535 3495 3588 in
3534 3532 3636 3587 Ec-

2068 3650 2290 3705 clesiam
2318 3640 2689 3702 emolumenti,
2723 3645 2775 3693 et
2821 3637 2876 3690 in
2928 3635 3158 3688 lectores
3192 3626 3474 3684 utilitatis?
3518 3625 3637 3680 Non

2069 3741 2352 3796 minimum
2406 3742 2574 3790 certe.
2620 3730 2752 3784 Nam
2784 3736 3142 3800 praeterquam
3189 3721 3332 3792 quod
3361 3719 3636 3774 haereseon

2068 3833 2378 3903 cognitione
2420 3837 2836 3892 nonnunquam,
2879 3818 2960 3872 uti
2999 3816 3258 3876 diximus,
3293 3807 3638 3866 obscuriores

2069 3900 2289 3981 Patrum
2324 3920 2426 3975 loci
2461 3916 2675 3972 facilius
2711 3911 3107 3982 intelliguntur,
3142 3905 3265 3961 inde
3293 3904 3455 3958 etiam
3496 3900 3640 3953 into-

2069 4015 2309 4073 lerabilis
2338 4011 2639 4072 hominum,
2665 4022 2802 4061 nova
2830 4017 3044 4072 semper
3066 3999 3422 4058 molientium,
3451 4007 3641 4062 super—

2070 4110 2158 4165 bia
2192 4105 2521 4165 retunditur,
2553 4115 2616 4154 ac
2653 4091 2868 4152 tandem
2903 4094 3116 4148 funesto
3148 4087 3521 4143 haereticorum
3549 4096 3640 4137 ca—

2071 4222 2134 4261 su
2157 4200 2422 4258 Catholici
2450 4198 2585 4251 fiunt
2614 4193 2906 4249 cautiores.
2932 4187 2990 4242 ln
3017 4185 3206 4258 primis
3231 4189 3412 4236 autem
3438 4193 3503 4233 ex
3533 4177 3638 4231 hac

2070 4295 2368 4350 errantium
2397 4299 2753 4354 crrorumque
2780 4280 3009 4336 historia
3037 4277 3254 4332 discunt
3286 4284 3493 4332 omnes,
3520 4279 3641 4337 quin

2073 4387 2236 4442 fuerit
2262 4385 2328 4439 ab
2359 4379 2617 4437 Ecclesiae
2641 4374 2912 4448 principio
2941 4385 3069 4426 vera
3113 4376 3167 4423 et
3198 4361 3465 4420 catholica
3508 4359 3641 4413 fides

398 4486 534 4549 alia,
557 4500 713 4554 quam
734 4499 797 4536 ea
823 4497 938 4552 quae
958 4482 1005 4534 ei
1026 4488 1293 4548 nupserat,
1318 4494 1481 4532 uxore
1510 4495 1661 4531 usum
1682 4494 1810 4542 esse,
1837 4487 1883 4530 et
1907 4493 1963 4531 ea

2075 4499 2138 4537 ac
2160 4478 2427 4536 doctrina.
2477 4473 2654 4542 Atque
2685 4486 2753 4525 ne
2801 4473 2956 4522 extra
2980 4463 3216 4534 primum
3264 4454 3518 4510 Ecclesia:
3541 4466 3643 4508 ss-

399 4577 545 4631 illius
577 4575 755 4629 liberis
776 4574 918 4643 filias
947 4570 1153 4643 quidem
1173 4571 1503 4626 consenuisse
1531 4570 1773 4640 virgines,
1797 4570 1968 4639 ﬁlium

401 4678 573 4722 autem
600 4667 948 4738 permansisse
977 4666 1353 4734 incorruptum.
1385 4662 1514 4730 Qua:
1541 4678 1658 4716 cum
1683 4662 1759 4714 ita
1789 4679 1842 4716 se
1875 4662 1972 4716 ha-

402 4760 576 4821 beant,
608 4761 723 4814 vitii
751 4767 864 4812 erat
893 4756 1129 4826 depulsio
1153 4765 1305 4823 atque
1333 4755 1638 4823 expurgatio
1665 4754 1717 4806 in
1745 4752 1970 4807 medium

403 4851 757 4922 apostolorum
778 4850 1110 4904 circumactio
1135 4848 1335 4911 uxoris,
1361 4847 1509 4915 cujus
1532 4845 1800 4899 dicebatur
1829 4846 1974 4900 labo-

402 4965 522 5002 rare
542 4945 836 5014 selotypia;
864 4955 913 4998 et
943 4943 1258 4997 continentia
1285 4958 1318 4994 a
1347 4939 1697 5010 voluptatibus
1725 4957 1840 5010 qua:
1869 4957 1977 4993 ma-

401 5057 500 5112 gno
522 5037 698 5093 studio
727 5043 1004 5105 parantur,
1031 5022 1248 5088 docebat
1270 5033 1410 5088 istud
1437 5053 1449 5088 τ
1477 5033 1555 5086 uti
1576 5048 1751 5096 carne,
1784 5030 1878 5084 hoc
1899 5040 1977 5085 est

403 5149 639 5187 exercere
679 5145 909 5184 carnem.
942 5126 1122 5196 Neque
1149 5127 1308 5192 enim,
1351 5135 1408 5180 ut
1434 5125 1698 5188 existimo,
1738 5124 1976 5178 volebant

405 5225 762 5279 convenienter
791 5219 1003 5275 Domini
1025 5228 1278 5287 pra'cepto
1321 5216 1521 5270 duobus
1551 5215 1778 5269 dominis
1817 5215 1979 5269 servi-

405 5331 481 5378 re,
526 5313 781 5380 eoluptati
836 5320 886 5366 et
912 5309 1041 5366 Deo.
1080 5307 1157 5363 lta
1186 5308 1275 5362 ille
1304 5313 1357 5362 et
1393 5306 1555 5360 verba
1587 5304 1793 5358 Nioolai
1837 5304 1978 5359 male

406 5407 783 5477 interpretata,
807 5413 861 5460 et
889 5416 1100 5460 errores
1131 5400 1210 5454 illi
1239 5397 1378 5454 falso
1408 5396 1701 5470 imputatos
1732 5409 1853 5451 esse
1882 5395 1976 5451 de-

479 5611 524 5681 ‘l"
571 5608 727 5681 Cap,
907 5608 962 5662 in
1012 5605 1225 5681 _M_atth.

1343 5603 1390 5635 ⁸⁸
1439 5601 1658 5671 Epist."
1685 5617 1724 5655 ιι
1802 5602 1866 5656 ad
1928 5601 2200 5658 Heliodor.

2073 4572 2256 4627 culum
2286 4572 2542 4624 excurrat
2581 4561 2784 4623 oratio,
2818 4573 2884 4612 ex
2914 4557 3000 4610 his
3045 4567 3164 4625 qua:
3191 4565 3219 4604 a
3261 4547 3417 4603 nobis
3458 4544 3642 4598 hacte-

2075 4679 2179 4718 nus
2207 4662 2483 4730 disputata
2521 4661 2670 4716 sunt,
2704 4649 2909 4721 liquido
2940 4644 3231 4716 colligitur,
3263 4639 3391 4711 quid
3421 4637 3491 4730 de
3513 4651 3644 4706 pras-

2075 4751 2251 4821 cipuis
2282 4729 2402 4803 fidei
2435 4753 2636 4800 nostra:
2662 4739 2926 4802 articulis,
2957 4751 3096 4807 quos
3127 4732 3452 4803 respuebant
3481 4729 3646 4781 haere-

2074 4812 2188 4907 tici,
2223 4842 2288 4896 iis
2334 4838 2668 4908 temporibus
2699 4834 2768 4888 sit
2817 4837 3086 4885 assertum
3123 4833 3175 4880 et
3203 4821 3505 4878 deﬁnitum.
3538 4812 3642 4872 Ve-

2072 4951 2193 4991 rum
2237 4933 2382 4988 enim
2413 4945 2538 4986 vero
2579 4943 2702 4982 cum
2734 4923 2989 4978 Ecclesiae
3014 4919 3203 4973 Patres
3232 4913 3434 4970 erroris
3474 4911 3645 4965 haere-

2075 5040 2307 5096 seosque
2352 5039 2446 5079 eos
2505 5019 2912 5078 condenmaut,
2966 5011 3060 5083 qui
3105 5008 3381 5064 Christum
3433 5015 3642 5056 merum

2077 5119 2373 5180 hominem,
2404 5130 2469 5169 ex
2507 5111 2675 5166 Maria
2701 5117 2754 5164 et
2793 5105 3017 5175 Josepb,
3053 5117 3161 5156 non
3202 5112 3361 5153 secus
3389 5109 3453 5147 ac
3484 5098 3644 5145 caete-

2077 5228 2168 5266 ros
2215 5207 2486 5268 homines,
2517 5202 2778 5274 genitum,
2809 5213 2910 5252 nec
2939 5194 3083 5250 Patri
3131 5199 3335 5246 aeterno
3379 5182 3638 5254 aequalem

2081 5316 2325 5358 asserere
2356 5298 2473 5352 ausi
2505 5302 2661 5357 sunt,
2696 5292 2820 5347 inde
2852 5283 3147 5344 concludas
3175 5285 3389 5352 oportet
3422 5274 3641 5332 eosdem

2079 5394 2268 5450 Patres
2301 5391 2404 5447 fide
2431 5387 2739 5445 certissima
2767 5380 3066 5438 credidisse
3093 5375 3373 5431 Christum
3404 5383 3526 5425 esse
3553 5364 3643 5419 Fi-

2352 5607 2402 5655 st
2499 5595 2688 5664 med.,
2725 5599 2779 5647 et
2835 5589 3011 5664 epist_._
3211 5579 3280 5638 ad
3358 5574 3637 5664 §abinian.

409 5646 531 5752 at.
564 5646 735 5778 51"“;
760 5646 878 5778 sit;
903 5646 1322 5778 ίίςρξίξδιῖ·
1345 5646 1895 5778 ιξιειξὶξξᾶτιξιιςῖιὲ.
1929 5646 2229 5778 "triga.
2253 5646 2688 5742 δςῐδῑηαι.·;·ί,δεί
2735 5646 2890 5719 sed:
2967 5659 3012 5691 --
3060 5654 3178 5713 Lib.
3240 5667 3302 5710 ιιι
3352 5646 3634 5709 suam...

431 5747 573 5824 origo
610 5760 732 5823 post
779 5751 899 5807 init.
973 5748 1020 5784 “
1048 5747 1178 5804 Loc.
1207 5747 1300 5804 cit.

1455 5743 1572 5800 Lib.
1593 5759 1653 5800 ιιι
1680 5742 1885 5799 Hister.
1917 5783 1931 5813 ,
1957 5759 2079 5818 cap.
2100 5744 2157 5799 2.
