4070 6340
467 341 540 395 27
1648 336 1736 391 DE
1773 334 2077 393 OMNIBUS
2113 335 2514 395 GENERATIM
2834 354 2839 359 '
3448 374 3451 377 -
3620 343 3692 397 28

470 432 613 507 lium
635 448 749 513 Dei,
781 447 926 506 Patri
959 464 1058 506 suo
1086 456 1291 505 aterno
1317 450 1601 520 aqualem,
1630 465 1696 505 ex
1726 449 1892 505 Maria
1922 448 2047 502 Vir-
2072 454 2120 507 Δ
2147 447 2469 520 imbuerent,
2502 452 2594 523 qui
2624 452 2826 509 divinis
2851 468 3037 509 eorum
3063 454 3406 509 sermonibus
3437 452 3504 509 ad
3535 454 3693 513 fidem

470 542 615 613 gine,
648 542 763 596 sola
797 540 1036 611 Spiritus
1068 542 1244 597 sancti
1282 542 1481 596 \irtute
1510 541 1737 597 editum.
1771 540 1909 596 Hinc
1939 556 2041 595 au-

471 641 579 685 tem
632 646 824 687 rursus
884 632 1109 702 colligas
1158 647 1383 688 necesse
1437 640 1520 688 est
1572 632 1928 687 orthodoxam
1975 630 2042 687 de

470 722 678 779 Christi
704 722 1005 785 divinitate,
1033 738 1248 792 unaque
1276 723 1424 778 illius
1454 738 1577 777 cum
1606 721 1765 777 Patre
1794 723 2043 778 substan-

474 816 569 882 tia,
603 831 697 871 seu
747 814 1313 869 consubstantialitate
1360 814 1662 869 doctrinam
1712 828 1743 867 a
1790 813 2043 869 Patribus

472 906 631 977 primi
667 906 920 961 Ecclesia
946 905 1151 969 saculi,
1183 915 1234 961 et
1264 906 1419 976 longe
1450 912 1573 961 ante
1599 904 1875 959 Nicanum
1912 920 2043 959 con-

472 997 655 1051 cilium
696 996 865 1051 fuisse
905 995 1184 1059 traditam,
1216 1003 1480 1051 assertam
1523 1001 1578 1049 et
1620 1001 2039 1065 propugnatam.

496 1095 613 1143 dem
646 1088 871 1158 quilibet
899 1096 952 1143 et
981 1088 1048 1143 de
1080 1087 1202 1145 aliis
1230 1087 1536 1157 quibusque
1569 1088 1870 1150 erroribus,
1904 1102 2042 1156 quos

472 1180 543 1233 ab
586 1179 856 1235 hareticis
904 1178 1201 1245 defensos,
1249 1194 1281 1233 a
1336 1177 1589 1233 Patribus
1640 1178 1871 1246 rejectos
1920 1192 2043 1233 esse

473 1269 733 1333 diximus,
757 1270 1024 1339 judicium
1056 1270 1198 1326 ferre
1225 1271 1402 1326 debet.

544 1360 664 1414 Alia
702 1377 917 1433 quoque
953 1378 1020 1418 ex
1066 1362 1258 1417 iisdem
1311 1361 1580 1417 hareticts
1620 1359 1749 1415 inde
1788 1368 1914 1415 nata
1958 1367 2043 1416 est

475 1450 737 1509 Ecclesia
777 1455 1006 1519 utilitas,
1053 1452 1200 1524 quod
1251 1452 1288 1507 ii
1336 1452 1590 1507 Ecclesia
1628 1450 1883 1506 Patribus
1912 1465 2041 1506 suos

474 1547 736 1602 adversus
768 1546 1002 1603 bareses
1032 1548 1202 1602 libros
1227 1552 1282 1602 et
1309 1551 1577 1600 tractatus
1630 1558 1770 1614 quos
1790 1542 2041 1599 fortassis

475 1656 752 1711 nunquam
774 1641 1090 1705 edidissent,
1112 1638 1383 1695 scribendi
1405 1638 1654 1693 dederint
1675 1635 2038 1700 occasionem.

475 1732 572 1788 llis
593 1747 722 1803 ergo
744 1731 1035 1796 hareticis,
1071 1732 1195 1786 licet
1224 1730 1409 1785 invitis
1433 1737 1485 1785 et
1516 1728 1714 1798 sapius
1740 1727 2041 1783 reclaman-

476 1827 646 1889 tibus,
677 1826 936 1881 debemus
967 1825 1202 1895 pretiosa
1232 1824 1321 1878 illa
1349 1830 1624 1877 tantorum
1658 1821 1895 1876 virorum
1922 1833 2040 1873 mo-

476 1924 759 1980 numenta,
791 1933 855 1971 ex
886 1917 1087 1987 quibus
1118 1930 1400 1971 sacrorum
1431 1913 1555 1968 fidei
1584 1914 1894 1982 dogmatum
1929 1919 2043 1966 tra-

475 2006 612 2060 ditio
637 2004 704 2058 ad
732 2020 832 2061 nos
860 2022 1032 2076 usque
1067 2005 1298 2061 deducta
1325 2011 1428 2059 est.
1457 2003 1640 2071 Neque
1672 2001 1818 2057 aliud
1850 2001 1950 2055 hac
1978 2000 2035 2054 in

477 2114 537 2153 re
580 2097 758 2168 magis
802 2098 1115 2167 lugendum,
1157 2111 1317 2166 quam
1365 2094 1507 2165 quod
1558 2095 1738 2149 omnia
1779 2092 2041 2163 ejusmodi

477 2189 677 2257 scripta
708 2187 773 2241 ad
796 2204 895 2242 nos
935 2203 1045 2242 non
1075 2188 1250 2243 solum
1284 2202 1392 2241 non
1418 2187 1784 2255 pervenerint,
1817 2185 1911 2241 sed
1942 2200 2042 2240 nec

477 2280 587 2334 ulla
616 2280 849 2348 plurium
894 2287 1072 2336 exstet
1121 2280 1352 2350 amplius
1400 2278 1682 2341 memoria,
1732 2293 1833 2333 nec
1875 2278 2042 2332 ullum

476 2387 663 2427 eorum
703 2372 855 2427 ullibi
890 2371 1048 2427 nobis
1077 2372 1361 2443 vestigium
1402 2368 1661 2439 supersit.

1099 2484 1329 2562 CAPle
1366 2482 1435 2538 Χ.

709 2579 786 2633 De
815 2577 1111 2632 scholarum
1137 2576 1560 2632 Christianarum
1589 2576 1806 2647 origine.

550 2669 849 2725 Adversum
911 2669 1196 2724 hareticos
1251 2684 1360 2723 non
1418 2669 1631 2737 calamo
1687 2668 1950 2722 duntaxat
1992 2675 2046 2723 et

479 2766 722 2837 scriptis,
747 2765 841 2819 sed
866 2764 987 2817 viva
1016 2764 1179 2817 etiam
1205 2777 1360 2825 voce,
1386 2762 1667 2831 variisque
1697 2762 2044 2818 sermonibus

479 2855 833 2913 decertabant
863 2855 1158 2923 scriptores
1187 2854 1381 2916 nostri,
1417 2851 1867 2924 Christianosque
1919 2867 2044 2908 cum

479 2963 692 3007 morum
736 2947 1044 3017 praceptis,
1098 2954 1210 2999 tum
1244 2945 1366 3000 fidei
1413 2944 1662 3000 doctrina
1698 2944 2043 2999 erudiebant.

481 3040 608 3095 lllos
636 3045 815 3093 autem
839 3053 902 3093 ea
932 3036 1200 3092 docebant
1228 3037 1280 3089 in
1314 3035 1446 3089 locis
1478 3035 1728 3106 privatis,
1772 3050 1835 3089 ac
1866 3051 2043 3106 quan-

2144 541 2380 609 adducti,
2398 544 2762 601 Christianam
2783 546 3119 616 religionem,
3149 546 3392 616 pristinis
3414 548 3697 606 erroribus

2144 632 2429 703 depositis,
2464 636 2546 691 vel
2578 637 2796 707 publica
2820 638 3140 708 sinceraque
3172 637 3512 708 professione
3541 647 3698 695 erant

2143 726 2452 795 amplexati,
2484 728 2694 796 veljam
2713 729 2827 798 jam
2856 730 3258 799 amplexaturos
3290 744 3349 783 se
3377 745 3520 795 esse,
3542 740 3698 788 certo

2143 815 2559 885 pollicebantur.
2594 814 2692 871 His
2741 825 2943 881 autem,
2986 824 3047 871 ut
3078 816 3293 887 plenius
3336 816 3460 873 fidei
3504 818 3699 874 Chris-

2143 907 2303 960 tiana
2329 911 2610 976 praeceptis
2629 914 2682 961 et
2701 906 3044 978 dogmatibus
3062 904 3507 971 informarentur,
3531 923 3697 979 quos-

2143 996 2265 1050 dam
2287 997 2673 1066 praficiehant,
2702 1013 2841 1068 quos
2861 998 3151 1068 Apostolus
3180 997 3295 1068 ipse
3319 999 3571 1055 doctores
3599 1015 3696 1069 ap-

2144 1087 2327 1156 pellat,
2347 1094 2399 1142 et
2430 1102 2459 1140 a
2481 1088 2698 1142 cateris
2724 1088 2834 1143 fere
2856 1087 3111 1142 omnibus
3138 1087 3394 1143 Ecclesia
3428 1089 3697 1143 ministris

2144 1186 2327 1248 aperte
2360 1177 2644 1233 discernit.
2667 1177 2742 1233 De
2769 1178 2837 1233 iis
2866 1180 3066 1248 quippe
3100 1178 3244 1234 hunc
3274 1180 3329 1233 in
3363 1179 3581 1233 modum
3606 1179 3698 1233 ille

2142 1269 2209 1323 ad
2260 1266 2546 1338 tEphesios
2597 1269 2826 1325 scribit:
2862 1269 2931 1323 Et
2966 1272 3073 1339 ipse
3109 1270 3249 1325 dedit
3299 1272 3551 1341 quosdam
3585 1272 3698 1341 qui-

2141 1363 2258 1418 dem
2286 1362 2571 1432 apostolos,
2603 1365 2859 1433 quosdam
2887 1380 3003 1418 vero
3025 1365 3324 1433 prophetas,
3355 1365 3489 1419 alios
3520 1375 3697 1417 autem

2140 1462 2378 1522 pastores
2418 1462 2468 1506 et
2492 1453 2729 1506 doctores
2775 1453 2841 1507 ”.
2889 1451 2953 1506 Et
2989 1452 3055 1508 ad
3093 1447 3337 1507 Corinth.
3376 1471 3390 1508 :
3425 1452 3698 1520 Quosdam

2140 1544 2347 1615 quidem
2370 1546 2543 1616 posuit
2573 1544 2709 1599 Deus
2756 1545 2811 1599 in
2858 1543 3116 1607 Ecclesia,
3151 1545 3378 1615 primum
3406 1546 3697 1615 apostolos,

2142 1633 2365 1688 secundo
2415 1633 2717 1703 prophetas,
2766 1635 2915 1686 tertio
2939 1632 3177 1688 doctores
3206 1633 3272 1689 ’⁸.
3316 1633 3488 1690 Porro
3517 1630 3699 1691 autem

2144 1725 2276 1781 illud
2304 1726 2544 1781 doctoris
2574 1741 2772 1780 munus
2799 1725 3069 1795 episcopis
3092 1726 3435 1794 potissimum
3459 1727 3699 1783 delatum

2141 1832 2265 1873 esse
2293 1814 2432 1871 idem
2456 1817 2820 1871 non'obscure
2856 1817 3016 1871 docet
3046 1818 3219 1886 prima
3260 1817 3327 1872 ad
3355 1817 3699 1874 Timotheum

2143 1908 2381 1979 Epistula
2415 1927 2427 1963 :
2462 1906 2679 1977 Oportet
2707 1926 2827 1979 ergo
2872 1910 3166 1977 episcopum
3203 1911 3702 1979 irreprehensibilem

2140 2014 2366 2055 esse.....
2406 2000 2736 2069 hospitalem,
2786 2001 3049 2056 doctorem
3072 2003 3138 2058 θ’.
3174 2001 3252 2058 Ad
3303 2001 3482 2058 Titum
3528 2020 3698 2059 vero:

2145 2092 2359 2163 Oportet
2386 2094 2681 2162 episcopum
2714 2095 2827 2148 sine
2867 2095 3084 2148 crimine
3113 2111 3338 2153 esse.....
3388 2097 3703 2166 amplecten-

2145 2195 2244 2241 tem
2273 2203 2410 2250 eum,
2436 2187 2525 2256 qui
2553 2187 2836 2240 secundum
2867 2187 3167 2241 doctrinam
3207 2198 3308 2253 est,
3346 2189 3551 2258 ﬁdelem
3594 2208 3705 2245 ser-

2143 2293 2379 2341 monem;
2411 2288 2467 2330 ut
2494 2288 2672 2345 potens
2715 2279 2786 2332 sit
2809 2279 3079 2334 exhortari
3107 2284 3159 2335 in
3184 2280 3423 2335 doctrina
3453 2299 3628 2348 sacra,
3654 2291 3705 2338 et

2142 2387 2228 2425 eos
2250 2372 2338 2440 qui
2360 2372 2726 2425 contradicunt
2751 2389 2972 2442 arguere
3004 2373 3093 2429 ¹⁰⁰.

2213 2459 2356 2517 Idem
2382 2468 2566 2515 tamen
2610 2462 2851 2517 doctoris
2882 2462 3115 2519 oilicium
3157 2464 3301 2527 aliis,
3332 2465 3587 2536 episcopo
3617 2466 3704 2520 in-

2146 2551 2474 2617 ferioribus,
2522 2568 2909 2623 nonnunquam
2970 2553 3419 2609 demandabatur.
3469 2553 3704 2608 Rursum

2143 2645 2285 2699 enim
2316 2642 2516 2700 Paulus
2540 2644 2607 2698 ad
2634 2643 3010 2700 Timotheum:
3036 2645 3141 2712 Qui
3168 2646 3311 2708 bene,
3342 2646 3538 2717 inquit,
3568 2664 3709 2717 prte-
3757 2658 3763 2667 ‘

2144 2746 2267 2791 sunt
2325 2737 2635 2809 presbyteri,
2689 2736 2890 2809 duplici
2944 2737 3144 2794 honore
3196 2738 3341 2811 digni
3389 2739 3705 2804 habeantur,

2144 2830 2371 2883 maxime
2407 2830 2497 2900 qui
2538 2829 2783 2885 laborant
2827 2831 2882 2885 in
2928 2830 3079 2886 verbo
3102 2840 3151 2885 et
3193 2831 3434 2886 doctrina
3464 2832 3503 2889 ⁸.
3552 2833 3708 2900 Quod

2145 2923 2193 2979 si
2249 2937 2312 2978 ea
2365 2922 2658 2994 presbyteri
2726 2939 2859 2979 voce
2904 2924 3191 2995 episcopos
3240 2925 3391 2997 ipsos
3433 2924 3709 2997 designari

2154 3013 2492 3084 pertinacius
2521 3010 2843 3080 contendas,
2886 3023 2940 3071 et
2971 3024 3027 3070 tu
3079 3017 3196 3086 ipse
3235 3016 3457 3072 fatearis
3482 3033 3709 3073 necesse

479 3132 659 3202 doque
697 3131 949 3203 publicis,
987 3139 1250 3201 quantum
1284 3130 1562 3201 pacatiora
1595 3131 2042 3200 persecutionum

2150 3116 2234 3164 est
2264 3108 2498 3179 duplicis
2528 3110 2747 3180 generis
2776 3108 2947 3164 fuisse
2978 3109 3287 3179 episcopos,
3315 3124 3546 3178 quorum
3570 3125 3710 3163 non-

481 3231 727 3294 tenrpora
772 3223 823 3277 id
872 3222 1137 3286 ferebant,
1161 3221 1246 3277 vel
1276 3236 1371 3276 eos
1401 3236 1644 3276 summus
1674 3214 1919 3293 martyrii
1957 3236 2046 3276 ar-

481 3314 581 3370 dor
617 3315 684 3369 ad
715 3313 1111 3385 pradicandam
1144 3312 1300 3367 fidem
1332 3312 1659 3380 impellebat.
1695 3312 1773 3367 Ac
1808 3312 2045 3382 primum

481 3405 699 3476 quidem
735 3412 887 3460 extra
932 3405 1363 3460 controversiam
1409 3414 1492 3460 est
1538 3407 1838 3478 apostolos,
1884 3415 2046 3479 atque

482 3514 670 3555 eorum
713 3497 1011 3567 discipulos
1052 3498 1108 3552 in
1136 3498 1377 3554 vicorum
1408 3499 1732 3569 urbiumque
1753 3500 1960 3569 plateas
1994 3509 2047 3556 et

482 3589 741 3659 compita,
776 3589 831 3645 in
859 3588 1167 3643 Judaorum
1214 3603 1516 3662 synagogas
1545 3598 1598 3646 et
1627 3592 1843 3648 scholas
1871 3594 2050 3664 genti-

483 3683 615 3737 lium
646 3697 766 3738 sese
819 3682 1123 3737 incredibili
1154 3698 1378 3752 prorsus
1402 3683 1597 3739 ardore
1627 3683 1831 3740 idcirco
1856 3694 2048 3742 contu-

484 3774 636 3837 lisse,
667 3781 725 3827 ut
749 3773 1097 3844 Evangelium
1119 3773 1342 3837 Christi,
1374 3781 1426 3829 et
1459 3789 1670 3829 sacram
1698 3775 1817 3845 ejus
1844 3776 2050 3832 doctri-

484 3882 611 3921 nam
641 3866 1046 3930 annuntiarent,
1077 3881 1305 3935 eamque
1341 3867 1732 3937 persuaderent
1773 3870 2046 3927 omnibus.

484 3955 551 4009 Et
592 3970 723 4010 sane
752 3953 953 4009 Paulus
986 3970 1109 4009 cum
1140 3956 1381 4011 Athenas
1412 3957 1651 4012 venisset
1681 3976 1696 4014 :
1732 3958 2048 4029 Disputabat

464 4046 538 4109 in
567 4043 846 4115 Synagoga
872 4060 989 4097 cum
1016 4043 1220 4099 Iudaeis
1248 4055 1296 4099 et
1316 4046 1631 4113 colentibus,
1662 4058 1711 4103 et
1738 4051 1793 4104 in
1818 4051 1935 4119 foro
1959 4069 2050 4122 per

485 4150 661 4187 omnes
684 4134 793 4187 dies
818 4133 887 4186 ad
913 4150 1019 4197 eos,
1049 4136 1139 4204 qui
1164 4134 1401 4190 aderant.
1434 4136 1662 4203 Quidam
1685 4146 1848 4191 autem
1866 4137 2052 4210 Epicu-

485 4222 561 4275 rei
594 4232 642 4275 et
665 4221 831 4278 Stoici
871 4222 1161 4291 philosophi
1205 4223 1527 4278 disserebant
1586 4242 1703 4279 cum
1748 4243 1806 4281 eo
1824 4227 1893 4291 ",
1938 4237 2045 4285 etc.

485 4312 624 4367 Cum
669 4319 849 4367 autem
908 4312 1105 4382 Ephesi
1179 4321 1487 4368 moraretur
1529 4334 1542 4370 :
1591 4314 1951 4387 Introgressus
1995 4320 2051 4374 in

486 4404 821 4478 Synagogam
846 4421 963 4459 cum
995 4404 1194 4474 ﬁducia
1223 4405 1533 4477 loquebatur
1558 4423 1648 4477 per
1686 4418 1789 4463 tres
1826 4426 2045 4477 menses,

484 4497 762 4567 disputans
792 4506 841 4552 et
866 4498 1091 4553 suadens
1125 4497 1189 4552 de
1211 4516 1368 4570 regno
1410 4499 1530 4556 Dei.
1564 4498 1697 4555 Cum
1727 4511 1902 4556 autem
1926 4504 2048 4575 qui-

485 4588 610 4641 dam
660 4589 1038 4644 indurarentur
1084 4599 1133 4645 et
1172 4607 1276 4645 non
1330 4590 1617 4656 crederent,
1684 4593 2047 4651 maledicentes

486 4680 625 4733 viam
668 4680 883 4735 Domini
912 4698 1092 4735 coram
1132 4682 1490 4744 multitudine,
1527 4683 1795 4739 discedens
1841 4686 1904 4739 ab
1948 4689 2044 4752 eis,

485 4774 769 4843 segregavit
798 4773 1104 4843 discipulos,
1151 4774 1381 4844 quotidie
1428 4775 1705 4844 disputans
1769 4778 1823 4830 in
1865 4778 2047 4832 schola

487 4864 701 4933 tyranni
728 4866 1025 4934 cujusdam.
1061 4866 1175 4920 Hoc
1201 4876 1371 4920 autem
1398 4867 1600 4937 factum
1645 4876 1723 4922 est
1768 4884 1859 4936 per
1905 4869 2049 4923 bien-

484 4957 630 5009 nium
653 4995 669 5021 ,
702 4956 779 5011 ita
819 4966 875 5011 ut
925 4974 1100 5012 omnes
1128 4958 1219 5028 qui
1252 4957 1559 5011 habitabant
1590 4958 1643 5012 in
1688 4958 1817 5013 Asia
1840 4998 1856 5024 ,
1894 4960 2043 5014 audi-

485 5057 598 5101 rent
624 5048 833 5103 rerbum
863 5050 1075 5104 Domini
1101 5048 1279 5104 Judwi
1307 5059 1461 5120 atque
1524 5050 1741 5121 gentiles
1766 5051 1830 5105 ".
1857 5050 2050 5108 Nullus

486 5148 668 5196 autem
723 5142 1009 5197 dubitandi
1063 5145 1213 5197 locus
1251 5148 1355 5207 est,
1411 5141 1543 5211 quin
1573 5140 1799 5207 Paulus,
1846 5143 2048 5214 aliique

487 5234 743 5302 apostoli,
770 5236 974 5291 similes
1025 5234 1149 5291 aliis
1190 5233 1246 5287 in
1280 5232 1414 5289 locis
1456 5233 1855 5303 disputationes
1888 5235 2046 5290 insti-

487 5325 710 5381 tuerint.

562 5414 619 5471 In
678 5419 920 5487 privatas
969 5434 1098 5473 vero
1128 5418 1320 5473 domos
1351 5415 1551 5486 sapius
1601 5416 1637 5469 ii
1667 5414 2003 5486 cogebantur
2029 5460 2043 5484 ,

490 5522 601 5577 quo
632 5523 789 5563 sacra
819 5509 1199 5580 mysteriorum
1233 5515 1547 5563 nostrorum
1598 5508 1908 5578 cognitione
1955 5527 2050 5567 eos

568 5716 613 5747 ”
654 5716 770 5772 Act.
804 5731 937 5774 xvu.
974 5716 1056 5770 l7.
1134 5715 1177 5747 “
1207 5696 1324 5771 Act.
1358 5730 1472 5778 six,
1499 5715 1531 5768 8

505 5783 575 5841 ⁸1
635 5786 760 5843 l'im.
792 5805 840 5852 γ,
868 5787 950 5841 l7.
1028 5788 1046 5817 ’
1075 5786 1193 5843 Act.
1238 5802 1355 5852 λιιι,
1394 5786 1444 5842 1.
1521 5785 1541 5815 ³
1565 5782 1604 5838 ll
1638 5783 1778 5840 Tim.
1803 5800 1863 5852 II,
1896 5790 1941 5839 “.3.

2148 3202 2307 3267 nulli,
2337 3201 2509 3257 Paulo
2537 3209 2696 3269 teste,
2727 3204 2783 3256 in
2812 3201 2963 3256 verba
3008 3212 3058 3256 et
3094 3202 3334 3257 doctrina
3366 3201 3708 3255 laborabant.

2147 3294 2532 3350 Verumtamen
2560 3301 2614 3349 et
2635 3294 2771 3350 alios
2799 3296 2868 3349 ab
2886 3294 3160 3365 episcopis
3194 3294 3380 3349 munia
3421 3293 3709 3349 doctorum

2146 3388 2348 3444 obiisse
2367 3386 2509 3441 haud
2531 3386 2762 3443 obscure
2772 3387 3146 3442 demonstrant
3167 3402 3229 3443 ea
3244 3387 3501 3441 Actorum
3517 3384 3707 3441 verba:

2149 3480 2321 3535 Erant
2346 3490 2520 3536 autem
2553 3482 2606 3535 in
2640 3479 2879 3535 Ecclesia
2898 3479 3190 3536 Antiochia:
3216 3479 3479 3549 propheta:
3509 3485 3558 3532 et
3586 3476 3711 3529 dor-

2150 3582 2306 3638 tores,
2348 3574 2401 3627 in
2431 3572 2615 3643 quibus
2639 3582 2689 3627 et
2730 3572 3007 3626 Barnabas
3050 3581 3099 3626 et
3135 3571 3341 3635 Simon,
3368 3572 3457 3642 qui
3496 3571 3712 3624 uocaba-

2150 3673 2237 3720 tur
2276 3664 2461 3736 Niger,
2500 3674 2549 3718 et
2597 3662 2791 3718 Lucius
2834 3662 3165 3735 Cyrenensis,
3221 3672 3270 3718 et
3301 3661 3585 3725 Manahen,
3623 3661 3712 3731 qui

2147 3766 2261 3812 erat
2310 3755 2536 3811 Herodis
2584 3752 2885 3812 Tetrarcha:
2931 3755 3306 3819 collactaneus,
3353 3764 3402 3810 et
3448 3754 3707 3809 Saulus‘.

2150 3847 2261 3904 Hos
2283 3850 2429 3905 enim
2461 3864 2655 3905 omnes
2684 3858 2737 3905 et
2764 3849 3009 3920 singulos
3046 3849 3114 3903 ad
3137 3848 3455 3919 dignitatem
3499 3848 3713 3917 episco-

2150 3941 2328 4013 palem
2364 3948 2584 3996 evectos
2612 3939 2782 3997 fuisse
2812 3942 2935 4012 quis
2965 3940 3164 3995 audeat
3186 3939 3494 3995 afﬁrmare?

2219 4030 2300 4086 Ad
2331 4032 2641 4088 scholarum
2674 4048 2838 4103 porro
2866 4033 3132 4103 originem
3180 4032 3312 4087 illud
3338 4030 3512 4103 magis
3542 4033 3712 4103 perti-

2152 4140 2282 4181 nere
2310 4123 2537 4180 forsitan
2569 4125 2862 4191 videbitur,
2888 4125 3032 4197 quod
3066 4125 3353 4180 Timotheo
3381 4125 3559 4179 adhuc
3580 4124 3713 4180 scri-

2151 4217 2229 4272 bit
2250 4215 2451 4272 Paulns
2481 4236 2495 4272 :
2528 4216 2659 4283 Quae
2685 4216 2885 4271 audisti
2912 4236 2944 4272 a
2973 4235 3052 4271 me
3069 4235 3158 4289 per
3186 4218 3377 4272 multos
3407 4227 3580 4282 testes,
3604 4216 3712 4271 lure

2151 4309 2455 4363 commenda
2486 4308 2728 4379 ﬁdelibus
2758 4309 3080 4373 hominibus,
3126 4310 3216 4380 qui
3261 4309 3437 4364 idonei
3488 4320 3638 4364 erunt
3664 4322 3713 4364 et

2078 4442 2126 4503 Β
2153 4403 2287 4458 alios
2317 4404 2500 4459 docere
2530 4404 2570 4459 ³.
2616 4402 2695 4458 Ex
2725 4403 2815 4458 his
2874 4403 3075 4474 quippe
3111 4402 3296 4460 verbis
3328 4402 3456 4465 duo,
3497 4418 3619 4473 qua
3646 4403 3713 4457 ad

2153 4495 2460 4551 institutum
2489 4504 2737 4551 nostrum
2772 4495 3005 4549 maxime
3030 4494 3365 4557 conducunt,
3400 4510 3505 4548 non
3536 4494 3716 4563 inepte

2136 4588 2288 4645 sane
2306 4589 2660 4659 colliguntur.
2682 4585 2868 4641 Primo
2892 4585 3107 4658 quidem
3134 4583 3336 4639 Paulus
3368 4583 3713 4639 Timotheum

2154 4681 2403 4738 doctrina
2436 4678 2748 4735 Christiana
2768 4677 3073 4741 erudierat,
3105 4691 3195 4745 per
3232 4676 3424 4730 multos
3458 4684 3639 4740 testes,
3661 4674 3716 4730 id

2156 4778 2260 4835 est,
2281 4785 2462 4826 coram
2486 4770 2694 4833 multis,
2713 4768 2805 4839 qui
2827 4784 2949 4823 eum
2972 4777 3023 4822 et
3041 4765 3324 4821 docentem
3342 4765 3716 4827 audierant,et

2153 4863 2363 4920 tradita
2408 4862 2691 4918 Timotheo
2757 4859 3022 4915 doctrina
3084 4856 3497 4926 locupletissimi
3548 4864 3717 4912 testes

2152 4965 2330 5014 erant.
2358 4954 2522 5025 Atqui
2573 4952 2620 5009 si
2669 4951 2873 5006 Paulus
2910 4947 3254 5003 Timotheum
3304 4948 3569 5019 aliosque,
3622 4948 3715 5017 qui

2149 5066 2270 5105 eum
2295 5045 2548 5102 audiendi
2570 5058 2737 5099 causa
2756 5043 2811 5097 in
2841 5041 3095 5098 eumdem
3119 5040 3296 5096 locum
3323 5048 3713 5103 convenerant,

2151 5144 2230 5197 sic
2264 5139 2514 5195 doctrina
2548 5137 2672 5192 fidei
2712 5135 2971 5200 instituit,
3019 5133 3144 5203 quis
3174 5132 3507 5187 inliciabitur
3536 5132 3714 5201 ipsum

2153 5233 2343 5289 eodem
2373 5229 2601 5286 docendi
2633 5228 2795 5282 modo
2846 5227 2984 5282 alios
3010 5242 3227 5296 quoque
3257 5224 3555 5295 discipulos
3584 5239 3714 5279 suos

2157 5325 2353 5383 iisdem
2386 5322 2650 5377 imbuisse
2679 5319 2977 5375 institutis?
3008 5317 3261 5373 Secundo
3297 5318 3497 5372 Paulus
3528 5316 3716 5371 Timo-

2153 5418 2279 5471 theo
2311 5412 2553 5484 praecipit
2592 5410 2732 5464 alios
2779 5408 2999 5475 docere,
3036 5407 3089 5463 id
3119 5416 3203 5463 est
3233 5408 3419 5463 eadem
3467 5422 3587 5476 qua
3642 5408 3710 5459 ah

2154 5513 2273 5580 ipso
2301 5504 2569 5567 audierat,
2600 5502 2722 5558 aliis
2745 5502 2934 5559 eadem
2980 5500 3236 5557 methodo
3276 5499 3513 5554 tradere.
3557 5499 3710 5565 Quod

1646 5714 1691 5745 "
1779 5707 1975 5779 Epltcs.
2004 5726 2042 5763 ιι

2145 5718 2188 5772 Ι.
2242 5717 2287 5749 ’⁸
2328 5711 2490 5769 lCor.
2526 5728 2619 5779 sn,
2650 5712 2739 5766 28.
2816 5709 2861 5743 ”
2892 5710 2910 5764 ι
2937 5709 3070 5765 Tim.
3104 5724 3186 5774 ιιι,
3212 5706 3354 5763 2.ιαο
3396 5701 3499 5758 Tit.
3522 5719 3558 5768 ι,
3576 5702 3625 5768 7,
3644 5700 3697 5758 9.
