4070 6340
354 367 427 421 29
1237 367 1423 422 PRlMl
1465 365 1820 423 ECCLESIZE
1860 367 2126 422 S.-ECULI
2166 368 2688 427 SCRIPTORHEUS.
3497 374 3566 428 50

349 480 572 551 quidem
598 489 653 536 et
672 496 702 534 α
733 483 1148 538 successoribus
1177 483 1298 554 ejus
1321 485 1614 554 diligenter
1639 483 1809 538 fuisse
1829 481 1920 535 ob-
1946 489 1992 544 Λ
2090 480 2274 550 Neque
2301 497 2426 536 vero
2460 497 2631 550 prima
2677 481 2942 534 duntaxat
2983 482 3146 551 hujus
3185 483 3387 536 schola:
3416 484 3570 538 initia

352 581 654 635 servatum,
688 573 896 637 nullus,
930 574 1143 644 opinor,
1169 578 1462 646 negaverit.
1494 576 1561 629 At
1588 591 1750 645 porro
1782 574 1826 629 si
1851 574 1917 628 iis

354 664 513 724 locis.
545 664 596 717 in
621 663 826 732 quibus
855 665 1137 721 docentem
1167 665 1392 720 Paulum
1422 675 1502 720 tot
1539 665 1782 733 tantique
1803 664 1916 717 dis-

352 755 522 826 cipuli
561 756 876 823 audierunt,
908 772 1104 811 nomen
1139 759 1337 813 scholae
1382 758 1635 827 deneges,
1676 756 1768 810 tibi
1793 756 1914 825 qui-

348 847 472 900 dem
524 863 637 901 non
681 847 904 901 omnino
957 849 1407 919 repugnabimus;
1458 847 1619 901 modo
1673 847 1739 901 ad
1790 847 1912 901 illos

345 937 580 1005 primam
611 935 1049 991 Christianarum
1086 938 1396 992 scholarum
1445 937 1711 1007 originem
1749 937 1913 990 redu-

343 1029 575 1082 cendam
605 1045 726 1083 esse
752 1029 1045 1084 concedas.

416 1118 604 1173 Primo
626 1127 804 1174 tamen
847 1119 1106 1175 Ecclesiae
1151 1121 1372 1184 saeculo,
1425 1120 1666 1175 nondum
1699 1119 1904 1188 elapso,

337 1211 608 1279 quasdam
665 1211 1098 1266 Christianorum
1150 1208 1388 1276 scholas,
1441 1212 1656 1281 proprie
1708 1211 1902 1275 dictas,

330 1299 450 1366 jam
498 1301 776 1355 institutas
821 1299 1010 1367 fuisse,
1030 1300 1262 1356 deducto
1305 1318 1369 1356 ex
1400 1300 1623 1356 Eusebii
1657 1299 1896 1354 Historia

333 1406 451 1444 non
480 1391 582 1446 levi
615 1394 774 1462 plane
820 1401 1161 1463 argumento,
1204 1394 1387 1464 colligi
1422 1409 1582 1462 posse
1625 1399 1900 1462 putamus.

330 1483 414 1536 lbi
445 1484 589 1539 enim
617 1486 682 1540 de
708 1485 985 1549 Pantzeno,
1009 1485 1388 1540 Alexandrina:
1405 1485 1601 1540 scholae
1621 1484 1898 1554 praefecto,

331 1574 453 1629 haec
466 1576 777 1646 leguntur‘:
803 1576 906 1632 Per
929 1576 1065 1631 idem
1088 1586 1307 1646 tempus,
1322 1576 1620 1631 Commodo
1640 1576 1898 1630 nimirum

329 1666 665 1735 imperante,
717 1667 953 1736 ﬁdelium
1008 1668 1199 1722 schola:
1247 1677 1469 1736 praeerat
1516 1668 1595 1721 vir
1641 1667 1898 1720 doctrina:

328 1770 497 1807 causa
543 1755 926 1821 celeberrimus,
976 1759 1182 1811 nomine
1217 1756 1544 1818 Pantaznus;
1574 1758 1757 1827 quippe
1776 1756 1893 1826 jam

2018 571 2219 624 indicat
2261 569 2550 636 Eusebius,
2614 587 2799 624 verum
2829 573 2990 625 etiam
3023 571 3153 642 quid
3188 573 3243 626 in
3277 588 3338 626 ea
3386 573 3569 629 docen

2015 664 2347 734 tractarique
2403 665 2623 726 soleret,
2681 664 2989 717 luculenter
3045 673 3158 718 tum
3201 666 3392 734 aperit,
3446 683 3571 720 cum

2013 770 2130 809 cam
2164 770 2442 810 sacrarum
2473 756 2775 810 litterarum
2801 756 3040 809 scholam
3065 759 3317 825 appellat.
3365 757 3462 813 llis
3495 760 3572 813 si-

2012 844 2230 914 quidem
2268 847 2450 901 verbis
2475 847 2564 900 ille
2587 847 2745 901 nobis
2786 857 2968 916 aperte
2996 847 3235 901 declarat
3260 865 3444 904 sacras
3477 851 3568 903 lit-

2010 943 2177 998 teras,
2201 937 2254 990 id
2296 945 2398 1002 est,
2433 953 2622 994 sacros
2656 938 2866 994 Veteris
2890 948 2942 993 et
2979 939 3112 992 Novi
3145 940 3474 995 Testamenti
3501 942 3566 995 lio

2009 1025 2136 1080 bros
2160 1027 2232 1080 ibi
2264 1041 2292 1078 a
2322 1026 2637 1083 doctoribus
2664 1037 2715 1083 et
2746 1029 3023 1098 magistris
3052 1029 3222 1084 fuisse
3244 1031 3563 1100 explicatos.

2005 1115 2114 1170 Nec
2135 1117 2422 1171 obscurius
2446 1119 2606 1187 paulo
2629 1130 2749 1188 post
2766 1120 2930 1173 tradit
2950 1119 3074 1171 huic
3097 1134 3372 1173 sacrarum
3391 1119 3568 1189 Scrip-

2006 1217 2250 1262 turarum
2299 1209 2644 1277 explieationi
2692 1211 2959 1278 adjectum
2987 1209 3292 1263 divinorum
3343 1209 3558 1279 dogma-

2004 1307 2117 1353 tum
2143 1299 2576 1368 explanationem
2610 1321 2621 1355 :
2663 1301 2994 1367 Divinarum,
3029 1301 3224 1370 inquit,
3262 1301 3565 1372 dogmatum

2005 1388 2274 1443 thesauros
2305 1392 2562 1458 exposuit.

2069 1479 2183 1545 Qua
2208 1491 2384 1534 autem
2409 1482 2726 1538 methodoid
2745 1482 2914 1550 ﬁeret,
2930 1484 3006 1539 sic
3025 1484 3348 1554 ipseibidem
3369 1484 3559 1540 docet:

1999 1568 2206 1624 Partim
2231 1573 2341 1625 viva
2364 1589 2498 1639 voce,
2524 1574 2720 1643 inquit,
2751 1576 2945 1643 partim
2978 1576 3211 1643 scriptis.
3231 1573 3288 1628 In
3303 1574 3404 1627 hac
3433 1590 3563 1645 ergo

1995 1661 2374 1719 Alexandrina:
2403 1664 2660 1721 Ecclesia:
2678 1667 2863 1720 schola
2890 1675 2943 1720 et
2971 1682 3126 1721 sacra
3162 1667 3468 1735 Scriptura,
3498 1673 3552 1720 et

1995 1753 2178 1807 divina
2212 1754 2332 1808 ﬁdei
2350 1755 2670 1810 Christianae
2712 1757 2981 1825 dogmata,
3013 1757 3206 1825 partim
3240 1757 3358 1809 viva
3395 1771 3554 1818 voce,

326 1844 452 1897 inde
503 1862 537 1898 a
604 1847 794 1914 priscis
859 1848 1173 1917 temporibus
1246 1864 1522 1902 sacrarum
1585 1823 2194 1913 vlitterarumeartim
2217 1846 2432 1915 scriptis
2464 1823 3558 1921 explanahantur.AteumEusebiusillud

322 1939 531 2000 schola,
579 1941 634 1991 in
662 1938 842 1993 eadem
888 1941 1118 2003 civitate,
1155 1939 1542 2003 Alexandrina,
1577 1939 1750 2006 fuerat
1790 1939 1894 1993 ins-

323 2034 512 2096 tituta,
554 2047 671 2101 qua:
712 2030 920 2101 quidem
963 2040 1146 2084 nostra
1197 2039 1349 2086 (etate
1388 2030 1556 2085 adhuc
1585 2040 1892 2099 perseverat.

323 2124 495 2193 Atqui
524 2123 853 2178 Commodus
885 2123 952 2178 ab
995 2138 1138 2200 anno
1170 2123 1273 2177 180
1318 2123 1385 2177 ad
1415 2138 1617 2178 annum
1650 2123 1752 2178 195
1783 2120 1895 2176 Ro-

327 2216 483 2270 mani
529 2215 737 2283 imperii
792 2214 945 2270 frena
996 2215 1405 2270 moderabatur.
1458 2213 1561 2269 Per
1618 2214 1721 2267 hoc
1767 2229 1896 2283 ergo

329 2311 548 2374 tempus
597 2303 888 2360 Pantzenus
947 2305 1149 2360 schola:
1216 2304 1601 2360 Alexandrina:
1649 2304 1884 2374 prrefuit.

327 2395 465 2448 Cum
516 2395 696 2465 itaque
742 2395 1010 2451 Eusebius
1058 2397 1307 2450 eamdem
1355 2395 1595 2450 scholam
1633 2412 1665 2448 a
1702 2396 1887 2464 priscis

326 2487 645 2554 temporibus
673 2486 977 2541 institutam
1018 2486 1188 2542 fuisse
1222 2494 1451 2554 asserat,
1491 2484 1614 2541 inde
1644 2486 1888 2556 profecto

322 2592 432 2630 non
448 2577 857 2649 improbabilem
872 2578 1122 2632 ducimus
1134 2578 1526 2647 conjecturam,
1542 2578 1654 2646 jam
1669 2592 1696 2629 a
1713 2579 1888 2647 primo

322 2665 581 2721 Ecclesia:
636 2668 835 2721 sazculo
877 2667 1023 2736 jacta
1065 2666 1234 2722 fuisse
1274 2667 1474 2721 schola:
1516 2667 1662 2722 illius
1691 2665 1887 2721 funda-

319 2769 528 2824 menta,
555 2776 656 2815 nec
685 2776 802 2816 eam
829 2763 993 2815 alium
1025 2761 1261 2816 fortasse
1283 2775 1444 2831 quam
1468 2759 1705 2814 Marcum
1729 2775 1888 2814 evan-

319 2853 596 2920 gelistam,
633 2854 868 2922 primum
897 2854 1238 2909 Alexandriae
1267 2854 1605 2924 episcopum,
1627 2851 1887 2908 habuisse

317 2950 624 2997 τωρωι-ειη.

1988 1935 2132 1990 idem
2147 1954 2178 1988 a
2194 1938 2378 2003 priscis
2397 1937 2710 2005 temporibus
2728 1937 2924 1991 factum
2939 1953 3060 1992 esse
3073 1944 3358 2001 assereret,
3377 1937 3558 1992 nullus

1993 2027 2182 2097 procul
2210 2027 2374 2080 dubio
2405 2029 2680 2098 negaverit
2711 2029 2954 2083 eamdem
2988 2028 3218 2082 docendi
3243 2027 3557 2082 methodum

1992 2118 2047 2172 in
2081 2117 2484 2186 antiquioribus
2528 2118 2773 2185 ejusdem
2813 2117 3072 2172 Ecclesia:
3101 2118 3325 2180 scholis,
3362 2118 3557 2187 quidni

1992 2220 2044 2264 et
2075 2209 2128 2263 in
2161 2210 2283 2263 aliis
2325 2211 2595 2278 pluribus,
2644 2209 2812 2264 fuisse
2841 2209 3206 2264 observatam.
3250 2208 3420 2263 Porro
3459 2225 3556 2263 au-

1989 2307 2100 2356 tem
2130 2309 2254 2356 ante
2280 2309 2332 2355 et
2357 2309 2477 2370 post
2509 2302 2743 2370 scriptos
2770 2309 2932 2370 atque
2960 2302 3266 2370 publicatos
3304 2301 3426 2354 novi
3452 2299 3555 2355 ϊω-

1992 2393 2139 2448 deris
2173 2393 2414 2455 codices,
2459 2393 2693 2462 apostoli
2720 2408 3019 2462 eorumque
3057 2391 3314 2461 discipuli
3363 2390 3554 2446 Chris-

1992 2485 2154 2539 tianis
2183 2484 2368 2539 eadem
2393 2483 2735 2553 explicabant
2775 2483 2895 2537 lidei
2925 2482 3196 2552 dogmata,
3225 2497 3394 2552 eaque
3420 2497 3550 2551 pro-

1993 2576 2276 2646 phetarum
2302 2575 2560 2638 oraculis,
2585 2575 2814 2644 aliisque
2827 2575 3038 2630 Veteris
3062 2572 3416 2628 lustrumenti
3440 2581 3553 2628 tes-

1993 2669 2263 2732 timoniis,
2301 2684 2366 2722 ac
2409 2667 2629 2721 tandem
2658 2682 2766 2720 non
2799 2666 2975 2720 solum
3004 2665 3185 2718 divina
3213 2665 3416 2720 Christi
3453 2679 3551 2719 au-

1991 2761 2264 2823 ctoritate,
2303 2758 2576 2827 variisque
2620 2756 2918 2819 miraculis,
2953 2755 3074 2824 ejus
3105 2754 3322 2810 nomine
3362 2752 3545 2817 editis,

1989 2851 2407 2912 conﬁrmabant.
2459 2849 2554 2906 sed
2593 2849 2891 2920 sepissime
2920 2847 3042 2905 fuso
3070 2847 3234 2904 etiam
3285 2845 3548 2918 sanguine

1992 2943 2404 3016 consignahant.
