4070 6340
497 347 564 405 εί
1619 337 1708 392 ΑΙ)
1747 336 1806 392 S.
1845 330 2104 390 CLEMED

2102 329 2263 384 iTEM
2303 328 2323 382 l
2359 325 2587 382 PAPAM
3643 314 3709 367 52

1187 674 1392 886 S.
1558 657 2771 901 CLEMENS
2923 663 3017 865 Ι

1338 1009 2060 1138 PONTIFEX
2152 1009 2639 1128 ROMAN
2657 1007 2865 1127 US.

867 1411 1299 1491 NOTITIA
1367 1409 1487 1486 EX
1548 1408 1844 1484 LIBRO
1910 1397 2572 1482 PONTIFICALI
2652 1393 3025 1472 DAMASI
3096 1393 3400 1470 PAP/E.

547 1590 741 1657 (Musa,
769 1586 967 1648 Concil.,
996 1587 1034 1648 ῐ,
1054 1587 1196 1635 83.—
1217 1584 1284 1634 Cf.
1312 1584 1556 1632 variorum
1580 1586 1721 1629 notas
1745 1578 1803 1628 ad
1821 1578 1949 1626 hunc
1973 1578 2134 1625 locum
2156 1574 2291 1624 Libri
2324 1576 2427 1625 Pon
2445 1573 2650 1630 titicalis,
2678 1574 2819 1622 Patr.
2863 1564 3042 1618 Latina:
3079 1572 3113 1615 t.
3139 1565 3365 1626 CXXVII,
3388 1564 3482 1614 col.
3525 1561 3688 1623 1079.)

539 471 3462 524 mw:

577 1813 814 1869 Clemens
831 1813 1037 1866 natione
1058 1809 1346 1872 Romanus,
1359 1806 1420 1860 de
1435 1805 1638 1876 regione
1653 1802 1816 1860 Caelio
1830 1815 2018 1868 monte,
2033 1822 2096 1859 ex
2107 1813 2254 1874 patre
2271 1798 2547 1862 Faustino,
2562 1796 2693 1851 sedit
2708 1795 2858 1850 annis
2887 1795 2919 1849 9
2941 1793 3128 1859 lmens.
3150 1808 3207 1854 ιι,
3221 1789 3276 1845 d.
3296 1786 3374 1860 x].
3401 1786 3526 1840 Fuit
3543 1797 3719 1840 autem

509 1906 826 1977 temporibus
842 1903 1079 1958 Galbwet
1108 1899 1433 1968 Vespasiani,
1449 1915 1481 1950 a
1494 1895 1770 1951 consulatu
1786 1896 2000 1968 Tragali
2016 1891 2337 1968 [Trachale
2353 1899 2403 1945 et
2424 1887 2626 1952 Italici,
2642 1903 2802 1958 usque
2813 1886 2880 1939 ad
2907 1885 3284 1954 Vespasianum
3302 1897 3437 1935 nono
3447 1889 3494 1933 et
3517 1878 3717 1932 Titum.

514 1968 748 2054 llic-cum
763 1998 927 2051 multo
940 1996 1101 2050 libros
1119 1994 1228 2048 zelo
1246 1991 1367 2056 ﬁdei
1385 2001 1433 2044 et
1449 1988 1763 2044 Christianae
1780 1990 2043 2061 religionis
2062 1988 2303 2044 scriberet
2316 2026 2328 2047 ,
2342 1982 2596 2052 martyrio
2615 1987 2916 2035 coronatur.
2939 1977 3039 2031 Hic
3052 1977 3171 2048 fecit
3190 1991 3264 2031 vn
3319 1973 3548 2043 regiones
3564 1968 3728 2024 dividi

509 2092 734 2146 notariis
765 2089 1005 2158 ﬁdelibus
1029 2086 1298 2147 Ecclesia,
1323 2084 1412 2154 qui
1431 2092 1577 2152 gesta
1608 2092 1896 2153 martyrum
1917 2085 2138 2138 sollicite
2162 2090 2210 2136 et
2237 2079 2462 2143 curiose,
2488 2075 2838 2145 unusquisque
2858 2089 2948 2143 per
2987 2073 3244 2142 regionem
3269 2087 3440 2132 suam,
3464 2063 3728 2139 perquire-

509 2192 644 2236 rent.
679 2179 778 2233 Hic
806 2178 930 2248 fecit
957 2177 1089 2229 duas
1118 2173 1386 2244 epistolas,
1440 2188 1556 2242 qua:
1585 2169 1868 2226 Canonicar
1902 2175 2260 2226 nominantur.
2294 2168 2398 2223 Hic
2425 2181 2488 2221 ea:
2513 2173 2766 2234 prazcepto
2796 2162 2860 2218 Β.
2889 2163 3034 2218 Petri
3065 2161 3290 2230 suscepit
3329 2159 3575 2214 Ecclesite
3599 2175 3728 2228 pon-

508 2274 771 2341 tiﬁcatum
800 2267 1218 2340 gubernandum,
1241 2267 1374 2319 sicut
1396 2266 1442 2318 ei
1461 2264 1636 2334 fuerat
1665 2282 1696 2318 a
1721 2264 1945 2318 Domino
1964 2263 2092 2318 Jesu
2116 2262 2321 2318 Christo
2349 2256 2598 2314 cathedra
2629 2255 2827 2309 tradita
2856 2254 2931 2309 vel
2960 2255 3256 2308 commissa.
3291 2251 3483 2306 Tamen
3517 2252 3569 2304 in
3599 2250 3728 2319 Epi-

509 2363 646 2416 stola
675 2378 791 2432 quae
820 2363 888 2414 ad
909 2360 1165 2414 Jacobum
1196 2359 1390 2425 scripta
1419 2366 1520 2421 est,
1555 2359 1782 2427 qualiter
1805 2360 1850 2412 ei
1871 2359 2152 2413 commissa
2181 2366 2257 2411 est
2284 2372 2316 2408 a
2346 2353 2411 2408 Β.
2446 2351 2602 2406 Petro
2627 2349 2887 2416 Ecclesia,
2919 2350 3158 2418 reperies.
3188 2346 3312 2401 Ideo
3340 2344 3502 2398 Linus
3532 2354 3581 2398 et
3611 2343 3730 2398 Cle-

512 2464 594 2508 tus
622 2464 740 2507 ante
779 2471 896 2508 eum
934 2451 1356 2512 conscribuntur,
1389 2451 1513 2520 quia
1554 2449 1618 2502 ab
1647 2451 1757 2504 ipso
1790 2450 2038 2520 Principe
2075 2448 2456 2520 apostolorum,
2494 2443 2562 2498 ad
2599 2445 2950 2498 ministerium
2985 2441 3311 2497 sacerdotale
3387 2438 3730 2495 exhibendum

510 2557 630 2604 sunt
650 2547 871 2616 episcopi
899 2545 1152 2600 ordinati.
1177 2543 1277 2598 Hic
1300 2542 1422 2612 fecit
1450 2542 1805 2597 ordinationes
1831 2541 1962 2598 duas
1985 2560 2074 2612 per
2099 2558 2324 2597 mensem
2348 2538 2697 2600 Decembrem,
2726 2537 3049 2606 presbyteros
3088 2535 3281 2600 decem,
3307 2535 3551 2589 diaconos
3575 2532 3726 2595 duos,

510 2642 780 2709 episcopos
804 2654 896 2706 per
924 2637 1132 2690 diversa
1163 2635 1276 2688 loca
1306 2634 1621 2706 quindecim.
1655 2634 2028 2707 Obiit-martyr
2060 2652 2196 2691 anno
2240 2631 2462 2703 Trajani
2496 2632 2666 2686 tertio.
2700 2631 2802 2696 Qui
2823 2631 2980 2684 etiam
2997 2630 3228 2700 sepultus
3246 2640 3320 2684 est
3352 2631 3406 2684 in
3431 2627 3632 2682 Graecia
3670 2638 3722 2682 Ix

513 2728 740 2786 Kalend.
773 2726 1009 2783 Decemb.
1044 2724 1112 2780 Et
1141 2727 1357 2781 cessavit
1387 2726 1712 2794 episcopatus
1736 2724 1844 2779 dies
1875 2740 1990 2782 xxx.

1113 2987 2107 3153 VARIORUM
2235 2983 3137 3143 PRO(EMIA

1729 3250 2546 3310 HlSTORlCO-LITTERARIA

816 3436 965 3527 AD
1035 3432 1679 3528 EPISTOLAS
1733 3429 2145 3522 SANCTI
2224 3427 2899 3520 CLEMENTIS
2964 3428 2999 3516 Ι
3080 3425 3447 3515 PAPJE.

529 2851 3733 2887 Μ

1133 3925 1349 4052 ΕΧ
1437 3925 2170 4052 EDITIONE
2269 3921 3148 4052 COTELERII.

1505 4159 1710 4224 (Patres
1727 4158 1993 4224 apostolici,
2018 4160 2394 4222 Amstelsedaml,
2420 4158 2555 4220 1724,
2578 4157 2761 4218 ln-l'ol.)

1312 4411 1996 4530 VETERUM
2084 4333 2958 4530 TESTIMONIA

1077 4646 1224 4734 DE
1298 4645 1707 4738 SANCTI
1783 4649 2452 4829 ριΕΜιςΝΤιδ
2525 4637 3183 4737 EPISTOLIS.

1403 4864 1462 4922 S.
1505 4867 1749 4924 [aeneus
1773 4909 1788 4934 ,
1825 4871 1916 4925 lib.
1950 4886 2049 4936 ιιι,
2080 4869 2326 4924 adversus
2369 4868 2642 4931 Ha'reses,
2671 4883 2792 4937 cap.
2829 4867 2883 4921 3.

779 4953 1148 5021 Interpretatio
1175 4965 1336 5011 vetus.
1581 4957 1735 5029 Apud
1760 4961 2050 5018 Eusebium
2075 4963 2219 5018 Hist.
2256 4962 2383 5017 eccl.
2412 4962 2447 5016 ι.
2480 4977 2532 5024 v,
2561 4976 2610 5014 c.
2640 4959 2692 5014 6.
2946 4954 3322 5026 Interpretatio
3355 4952 3567 5009 Valesii.

607 5082 924 5140 Fundantes
953 5092 1115 5156 igitur
1142 5091 1196 5138 et
1226 5082 1558 5139 instruentes
1692 5084 2125 5157 Θεμελιώσαντες
2152 5083 2210 5140 οὖ

2152 5083 2244 5140 οὖν
2263 5088 2354 5140 καὶ
2375 5087 2648 5158 οἰκοδομή·
2788 5088 3033 5143 Fundata
3055 5087 3164 5158 jam
3191 5094 3245 5142 et
3264 5086 3523 5142 aediﬁcata
3550 5084 3735 5140 Eccle-

535 5171 679 5227 beati
736 5173 965 5244 apostoli
1031 5172 1369 5234 Ecclesium,
1421 5171 1558 5226 Lino
1632 5193 1818 5241 σαντες
1846 5179 1895 5230 οἱ
1932 5178 2142 5249 μακάρυ

2128 5195 2186 5234 ιο.
2239 5179 2521 5232 ἀπόστολοι
2550 5182 2646 5251 τὴν
2716 5181 2796 5234 sia
2820 5219 2834 5244 ,
2863 5177 3163 5233 beatissimi
3195 5175 3422 5247 apostoli
3453 5176 3735 5246 episc0pa-

535 5268 905 5338 episcopatum
973 5267 1413 5322 administranda!
1457 5266 1559 5321 Ec-
1641 5267 1980 5340 Ἐκκλησίαν,
2011 5270 2142 5340 Λίνῳ

2124 5269 2276 5343 ρτὴν
2305 5270 2402 5341 τῆς
2430 5272 2647 5324 ἐπισκο-
2717 5279 2804 5325 tus
2865 5268 3099 5324 cilicium
3175 5267 3310 5321 Lino
3369 5266 3731 5322 tradiderunt.

537 5360 716 5413 clesizn
774 5359 1134 5413 tradiderunt.
1199 5357 1372 5427 Hujus
1438 5357 1558 5411 Lini
1634 5360 1745 5430 πῆς
1770 5359 2144 5433 λειτουργίανέ

2131 5361 2477 5434 ἐνεχείρισαν.
2513 5362 2645 5416 Τού-
2715 5361 2888 5432 Hujus
2922 5359 3041 5414 Lini
3074 5359 3396 5414 mentionem
3429 5356 3558 5410 facit
3590 5355 3730 5414 Pau-

539 5454 740 5509 Daulus
764 5454 817 5508 in
849 5454 934 5509 his
957 5469 1076 5524 quae
1111 5459 1238 5508 sunt
1269 5451 1335 5505 ad
1374 5449 1558 5504 Timo-
1631 5468 1722 5504 του
1736 5451 1827 5504 τοῦ
1841 5450 2146 5505 ΛίνουΠαῦ)

2123 5452 2652 5524 πλοςὲνταῖςπρὸςΤι-
2721 5452 2806 5507 lus
2863 5452 2918 5506 in
2974 5450 3194 5505 Litteris
3259 5449 3326 5503 ad
3373 5447 3730 5502 Timotheum.

538 5552 721 5603 theum
748 5549 964 5604 Litteris
1008 5547 1272 5601 meminit.
1308 5543 1559 5599 Succedit
1633 5542 1821 5613 μόθεον
1855 5542 2145 5596 Ἐπιστολαῐ

2127 5545 2189 5607 εἰς
2220 5543 2518 5615 μέμνηται·
2547 5542 2652 5596 δια·
2721 5542 2857 5597 Huic
2899 5541 3165 5597 successit
3210 5538 3556 5592 Anencletus.
3605 5535 3734 5589 Post

539 5648 720 5694 autem
746 5639 795 5693 ei
819 5637 1126 5694 Anacletus.
1153 5635 1281 5692 Post
1303 5651 1426 5692 eum
1453 5642 1559 5691 ter—
1628 5634 1904 5704 δέχεταιδὲ
1918 5634 2076 5688 αὑτὸν
2103 5634 2146 5688 Ἀ

2103 5634 2450 5704 Ἀνέγκλητος
2473 5651 2486 5665 ·
2520 5634 2654 5705 μετὰ
2722 5648 2881 5705 quem
2906 5632 3062 5687 tertio
3085 5630 3152 5684 ab
3176 5629 3435 5700 apostolis
3464 5628 3582 5680 loco
3599 5643 3707 5696 pun

539 5736 617 5791 tio
642 5734 763 5792 loco
792 5734 858 5790 ab
886 5733 1145 5808 apostolis
1189 5731 1555 5803 episcopatum
1631 5725 1818 5780 τοῦτον
1837 5724 1892 5779 δὲ
1905 5726 2070 5798 τρίτῳ
2093 5725 2146 5780 τό

2128 5724 2363 5797 ύπῳάπὸ
2391 5725 2496 5780 τῶν
2522 5726 2653 5780 ἀπο·
2724 5724 2984 5780 tilicatum
3046 5720 3268 5778 sortitus
3320 5726 3402 5775 est
3455 5718 3735 5780 Clemens;
