4070 6340
370 389 441 443 33

1599 369 1929 426 PROCEMIA
1967 365 2346 424 VARIORUM.

3525 367 3596 424 δι

1313 484 1371 540 S.
1395 481 1661 548 Insanus,
1690 484 1784 540 lib.
1815 499 1873 537 ιιι
1896 482 2140 537 adversus
2172 480 2433 543 Ha’reses,
2464 492 2581 549 cap.
2611 479 2668 535 3.

616 583 992 654 Interpretatio
1021 591 1185 637 vetus.

373 681 595 737 sortitur
639 677 921 740 Clemens;
969 673 1061 743 qui
1136 677 1190 726 et
1264 668 1399 723 vidit

371 772 518 842 ipsos
559 765 859 838 apostolos,
898 773 952 818 et
995 761 1226 816 contulit
1271 775 1395 813 cum

367 863 480 926 eis;
533 868 588 913 et
642 873 766 911 cum
816 855 993 909 adhuc
1055 854 1395 908 insonantem

371 949 813 1021 pradicationem
881 943 1285 1016 apostolorum,
1343 946 1396 994 et

368 1044 718 1098 traditionem
759 1044 884 1092 ante
912 1035 1101 1090 oculos
1137 1032 1392 1094 haberet,

369 1148 480 1186 non
512 1131 700 1186 solus:
733 1125 910 1180 adhuc
937 1125 1080 1179 enim
1108 1121 1264 1176 multi
1302 1136 1396 1175 su-

367 1233 622 1298 pererant
647 1231 798 1286 tunc,
833 1220 901 1274 ab
937 1216 1197 1289 apostolis
1225 1215 1392 1269 docti.

371 1319 488 1376 Sub
519 1321 623 1374 hoc
654 1318 821 1389 igitur
845 1314 1147 1376 Clemente,
1183 1309 1397 1364 dissen-

368 1418 527 1472 sione
564 1430 674 1470 non
714 1412 929 1468 modica
979 1410 1122 1463 inter
1167 1421 1260 1462 eos
1302 1405 1394 1476 qui

366 1503 618 1560 Corinthi
676 1508 862 1557 essent
927 1497 1125 1551 fratres
1199 1493 1349 1563 ,facta
1378 1533 1392 1558 ,

364 1593 593 1663 scripsit
611 1607 730 1662 quae
746 1601 828 1646 est
842 1588 1024 1642 Romae
1035 1583 1280 1639 Ecclesia
1298 1598 1395 1653 po-

363 1686 709 1740 tentissimas
750 1683 957 1736 litteras
979 1676 1297 1740 Corinthiis,
1327 1675 1395 1729 ad

364 1793 555 1848 pacem
602 1790 696 1830 eos
742 1785 1094 1842 congregans,
1143 1775 1195 1822 et
1240 1781 1396 1836 repa-

364 1884 497 1922 rans
529 1866 685 1920 ﬁdem
713 1879 900 1920 eorum
921 1902 935 1926 ,
968 1869 1021 1916 et
1063 1859 1393 1913 annuntians

364 1973 529 2027 quam
571 1957 629 2009 in
664 1952 870 2008 recenti
903 1952 969 2005 ab
997 1949 1259 2021 apostolis
1302 1963 1394 2002 ac-

363 2057 591 2118 ceperat
633 2045 974 2100 traditionem
1000 2081 1015 2106 ,
1060 2040 1388 2094 annuntian-

371 2147 484 2193 tem
532 2152 691 2191 unum
739 2136 907 2190 Deum
946 2131 1390 2207 omnipotentem,

371 2233 630 2286 factorem
661 2230 784 2285 coeli
808 2237 860 2284 et
893 2238 1069 2290 terrae,
1096 2226 1394 2296 plasmato-

1458 576 1614 646 Apud
1643 575 1932 631 Eusebium
1955 575 2097 630 Hist.
2129 574 2267 628 Eccl.
2293 573 2330 627 l.
2350 590 2404 626 ν.
2427 587 2476 625 c.
2507 571 2558 624 6.

1471 669 1673 721 στόλων
1717 668 1815 738 τὴν
1856 668 2157 739 ἐπισκοπὴν
2200 663 2496 737 κληροῦται

1465 767 1719 836 Κλήμης’
1748 760 1776 811 ὁ
1806 760 1898 813 καὶ
1942 757 2199 831 ἑωρακὼς
2238 759 2362 819 τοὺς
2399 773 2500 826 μα-

1467 853 1688 924 καρίους
1711 848 2054 910 ἀποστόλους,
2085 848 2178 899 καὶ
2199 845 2502 916 συμϐεϐλη-

1467 947 1577 1009 κὼς
1606 947 1788 1007 αὐτοῖς
1807 961 1820 975 ⁸
1851 943 1945 997 καὶ
1973 941 2051 994 ἔτι
2080 939 2297 993 ἔναυλον
2312 939 2372 992 τὸ
2401 939 2500 1010 κή-

1469 1056 1651 1110 ρυγμα
1677 1036 1783 1089 τῶν
1804 1034 2130 1094 ἀποστόλων,
2161 1033 2252 1085 καὶ
2271 1030 2367 1102 τὴν
2396 1049 2500 1083 πα-

1469 1129 1680 1200 ράδοσιν
1698 1125 1803 1197 πρὸ
1843 1123 2131 1193 ὀφθαλμῶν
2159 1122 2293 1192 ἔχων
2328 1122 2388 1174 οὐ
2412 1121 2499 1192 μά-

1467 1234 1556 1280 νος
1589 1233 1604 1248 ο
1652 1217 1732 1269 ἔτι
1775 1214 1884 1286 γὰρ
1919 1212 2110 1286 *πολλοὶ
2148 1211 2498 1264 ὑπελείποντο

1464 1308 1584 1361 τότε
1630 1307 1734 1360 ὑπὸ
1779 1284 1886 1358 τῶς,
1917 1284 2243 1358 ’ἀποστόλων
2298 1302 2497 1354 δεδιδα-

1465 1399 1673 1470 γμένοι.
1707 1397 1826 1450 Ἐπὶ
1842 1394 2029 1449 τούτου
2044 1391 2134 1446 οὖν
2148 1392 2240 1446 τοῦ
2258 1392 2370 1462 Κλή
2379 1409 2498 1463 μεν-

1464 1505 1574 1551 τος,
1609 1486 1848 1548 στάσεως
1901 1485 2000 1538 οὐκ
2043 1484 2226 1554 ὀλίγης
2279 1486 2391 1545 τοῖς
2437 1482 2495 1534 ὲν

1465 1578 1710 1650 Κορίνθῳ
1729 1576 2026 1646 γενομένης
2047 1575 2310 1642 ἀδελφοῖς,
2334 1573 2432 1625 ὲπέ
2467 1602 2495 1613 -

1466 1666 1670 1720 στειλεν
1699 1665 1810 1735 ἠὲν
1846 1662 2028 1736 Ῥώμῃ
2057 1661 2347 1733 Ἐκκλησία
2378 1663 2494 1714 ἱκα-

1465 1756 1705 1825 νωτάτην
1725 1753 2061 1825 γραφὴντοίς
2074 1751 2397 1824 Κορινθίοις,
2417 1755 2494 1816 εἰς

1467 1845 1685 1916 εἰρήνην
1739 1860 1801 1895 συ
1811 1842 2146 1913 μϐιῦἀζουσα
2166 1843 2381 1906 αὐτοὺς,
2401 1844 2494 1896 καὶ

1465 1923 1762 1989 ἀνανεοῦσα
1807 1935 1904 2005 τὴν
1948 1928 2129 1987 πίστιν
2171 1934 2370 1999 αὐτῶν,
2401 1936 2494 1987 καὶ

1464 2026 1528 2094 ῆν
1555 2023 1747 2076 νεωστὶ
1777 2022 1884 2075 ἀπὸ
1909 2021 2016 2074 τῶν
2055 2022 2362 2076 ἀποστόλων
2392 2040 2494 2075 m-

1466 2111 1677 2183 ράδοσιν
1706 2110 1933 2182 εἰλήφει.

2797 570 3167 644 lnterpretatio
3205 574 3417 632 Valerii.

2569 663 2658 732 qui
2701 663 2916 732 quidem
2947 669 3288 724 beatissimos
3321 673 3596 740 apostofos

2568 755 2798 820 viderat,
2821 765 2874 811 et
2896 773 3016 813 cum
3045 761 3231 816 iisdem
3258 761 3596 819 familiariter

2569 858 2818 904 versatus
2843 851 3050 919 fuerat;
3079 862 3131 908 et
3153 856 3593 923 praedicationem

2571 937 2938 1003 apostolorum
2988 939 3166 995 adhuc
3212 943 3438 998 auribus
3477 945 3594 999 suis

2571 1020 2909 1076 insonantem
2933 1062 2946 1085 ,
2997 1025 3451 1094 traditionemque
3487 1043 3598 1096 pra:

2569 1114 2739 1169 oculis
2772 1115 3022 1168 habebat.
3062 1112 3172 1169 Nec
3196 1132 3322 1170 vero
3347 1118 3462 1187 ipse
3502 1135 3595 1173 so-

2567 1203 2674 1273 lus,
2707 1206 2798 1260 sed
2833 1217 2886 1261 et
2910 1206 2999 1260 alii
3027 1206 3245 1275 plurimi
3288 1209 3448 1263 etiam
3483 1219 3601 1266 tum

2567 1302 2909 1362 supererant,
2931 1296 3010 1351 ab
3037 1298 3301 1365 apostolis
3333 1299 3588 1354 instituti.

2566 1381 2740 1452 Hujus
2775 1384 3070 1441 Clementis
3110 1389 3445 1456 temporibus
3469 1406 3591 1444 cum

2564 1479 2882 1549 gravissima
2985 1481 3255 1537 dissensio
3344 1484 3592 1539 Corinthi

2565 1579 2749 1624 exorta
2772 1578 2916 1626 esset
2946 1571 3089 1627 inter
3106 1573 3324 1639 fratres,
3351 1575 3593 1631 Ecclesia

2564 1660 2806 1716 Romana
2856 1665 3336 1721 lueulentissimam
3391 1672 3588 1739 episto-

2565 1754 2668 1807 lam
2705 1754 3002 1812 Corinthiis
3031 1758 3284 1829 scripsit,
3319 1775 3424 1830 qua
3501 1776 3596 1816 eos

2566 1845 2631 1897 ad
2665 1860 2849 1914 pacem
2878 1848 3337 1920 concordiamque
3368 1866 3588 1906 revoca-

2567 1945 2683 2002 ret,
2716 1944 2770 1991 et
2819 1937 2975 1994 fidem
3035 1940 3273 2005 illorum,
3327 1948 3380 1996 et
3429 1957 3590 2012 quam

2566 2042 2758 2081 recens
2829 2028 2902 2084 ab
2964 2033 3226 2100 apostolis
3278 2044 3594 2105 susceperat

2563 2118 2910 2176 traditionem
2936 2131 3240 2178 renovaret.

370 2341 485 2379 rem
511 2324 745 2378 hominis
762 2364 776 2386 ,
801 2325 896 2394 qui
923 2323 1193 2377 induxerit
1220 2323 1629 2394 cataclysmum,
1654 2326 1706 2374 et
1723 2319 2065 2374 advocaverit
2087 2318 2382 2384 Abraham,
2411 2321 2503 2391 qui
2528 2323 2777 2378 eduxerit
2802 2324 3056 2393 populum
3077 2325 3142 2380 de
3174 2334 3315 2380 terra
3346 2325 3591 2398 Egypti,

367 2419 460 2488 qui
493 2419 793 2472 collocutus
823 2417 892 2472 sit
917 2416 1108 2488 Moysi,
1129 2419 1219 2490 qui
1251 2420 1421 2487 legem
1457 2413 1819 2484 disposuerit,
1867 2419 1919 2466 et
1949 2411 2243 2482 prophetas
2296 2413 2525 2479 miserit,
2558 2415 2650 2485 qui
2680 2415 2854 2486 ignem
2882 2419 3262 2487 praparaverit
3295 2419 3510 2473 diabolo
3537 2431 3591 2475 et

367 2513 575 2582 angelis
595 2512 734 2579 ejus.
754 2509 908 2564 Hune
927 2510 1142 2566 Patrem
1167 2509 1379 2564 Domini
1400 2505 1574 2560 nostri
1597 2503 1723 2560 Jesu
1750 2503 1948 2559 Christi
1973 2508 2041 2557 ab
2094 2503 2338 2559 Ecclesia
2374 2507 2707 2570 annuntiari,
2755 2522 2819 2560 ex
2851 2507 2967 2576 ipsa
2999 2506 3274 2576 Scriptura
3304 2510 3395 2578 qui
3426 2511 3592 2565 velint

364 2605 577 2658 discere
599 2610 851 2672 possunt,
880 2610 932 2656 et
955 2603 1306 2671 apostolicam
1340 2598 1596 2655 Ecclesiae
1624 2597 1972 2650 traditionem
1996 2610 2147 2649 :cum
2181 2595 2250 2649 sit
2272 2597 2534 2650 vetustior
2565 2598 2791 2667 epistola
2815 2598 2899 2653 his
2923 2598 3014 2669 qui
3038 2615 3183 2654 nunc
3210 2599 3346 2655 falso
3371 2602 3588 2667 docent,

365 2705 418 2751 et
445 2697 680 2750 alterum
713 2694 880 2749 Deum
916 2710 1079 2765 super
1099 2692 1450 2766 Demiurgum
1485 2699 1541 2748 et
1582 2691 1840 2746 factorem
1871 2688 2066 2743 horum
2106 2689 2348 2743 omnium
2379 2706 2500 2760 quae
2530 2699 2692 2757 sunt,
2726 2693 3210 2749 commcntiuntur.

1939 2781 2007 2837 ll.

631 2885 880 2940 Causas
932 2883 1608 2950 Alexandrinus,£tpw.
1633 2879 1727 2933 lib.
1757 2894 1796 2932 ι.
1838 2894 1960 2948 cap.
2004 2878 2056 2942 7,
2108 2877 2239 2934 edit.
2274 2876 2472 2944 Oxon,
2515 2895 2604 2933 an.
2651 2879 2807 2944 1715,
2847 2887 2978 2934 tom.
3025 2878 3065 2944 Ι,
3102 2895 3156 2950 p.
3203 2879 3328 2934 559.

448 2980 572 3033 Ἐὰν
605 2979 658 3032 δὲ
690 2980 785 3050 τὴν
831 2977 1108 3048 βασιλικήν
1140 2994 1198 3029 τε
1244 2976 1331 3030 καλ
1367 2973 1686 3045 αὐθεντικὴν
1730 2971 1930 3025 εἴσοδον

2109 2971 2262 3037 Quod
2293 2974 2337 3027 si
2364 2974 2503 3027 viam
2538 2974 2737 3043 regiam
2769 2981 2822 3028 et
2863 2973 3234 3026 authenticum
3283 2974 3588 3043 ingressum

365 3073 557 3144 ζητῇς,
577 3072 811 3142 ἀκούσῃ·
845 3071 1000 3137 Αὕτη
1032 3071 1068 3137 ἡ
1099 3071 1260 3136 πύλη
1293 3067 1400 3122 τοῦ
1431 3067 1650 3135 Κυρίου
1673 3083 1684 3095 ·
1717 3064 1928 3118 δίκαιοι
2036 3079 2050 3115 ι

2036 3064 2256 3132 quaeris,
2285 3064 2475 3120 audies
2501 3084 2514 3119 :
2549 3064 2677 3118 Harc
2701 3073 2778 3118 est
2807 3075 2959 3134 porta
2985 3064 3197 3118 Domini
3222 3064 3390 3132 :justi
3422 3066 3590 3119 intra-

364 3166 811 3218 εἰσελεύσονται
839 3162 908 3215 ἐν
932 3159 1104 3227 αὐτῇ.
1135 3159 1350 3212 Πολλῶν
1376 3159 1553 3212 τοίνυν
1574 3156 1930 3227 ἀνεῳγμένων
2035 3147 2050 3200 ί

2035 3147 2160 3201 bunt
2190 3149 2245 3202 in
2273 3167 2387 3203 eam
2415 3151 2456 3207 ⁵.
2489 3151 2622 3206 Cum
2657 3167 2785 3223 ergo
2825 3153 3235 3223 multaapertze
3271 3157 3380 3207 sint
3424 3165 3592 3223 portae

366 3257 547 3309 πυλῶν
576 3257 632 3308 ὲν
660 3253 992 3324 δικαιοσύνῃ,
1025 3250 1162 3323 αὕτη
1195 3247 1262 3324 ἦν
1291 3252 1347 3304 ὲν
1376 3249 1614 3324 Χριστῷ.

426 3524 631 3578 Αὐτίκα
657 3523 685 3576 ὁ
711 3522 936 3594 Κλήμης
963 3523 1020 3576 ὲν
1044 3525 1109 3594 τῇ
1141 3515 1275 3592 πρὸς
1301 3519 1621 3592 Κορινθίους
1649 3518 1926 3589 ἐπιστολῇ,

2034 3238 2088 3292 in
2115 3239 2350 3310 justitia,
2393 3243 2507 3297 hazc
2555 3244 2610 3298 in
2652 3243 2874 3300 Christo
2914 3244 3239 3300 invenienda
3272 3253 3375 3301 est.
3415 3248 3588 3302 Casu.

2032 3333 2190 3400 epist.
2230 3334 2282 3398 1,
2316 3349 2437 3404 cap.
2475 3335 2565 3391 48.

1539 3425 1667 3478 lusu
1690 3464 1702 3487 ,
1738 3423 1889 3487 ibid.,
1921 3419 2019 3475 lib.
2058 3431 2110 3477 et
2140 3440 2258 3494 cap.
2309 3425 2428 3481 citt.

2104 3517 2221 3573 Jam
2250 3520 2501 3576 Clemens
2539 3521 2594 3574 in
2637 3521 2864 3591 epistola
2896 3522 2963 3577 ad
2991 3521 3301 3578 Corinthios
3344 3522 3430 3576 his
3464 3539 3586 3578 ver-

362 3616 504 3668 κατὰ
530 3615 672 3680 λέξιν
700 3616 851 3685 φησὶ,
882 3614 979 3676 τὰς
994 3613 1254 3685 διαφορὰς
1280 3611 1624 3682 ἐκτιθέμενος
1652 3610 1758 3663 τῶν
1787 3609 1928 3662 κατὰ
2034 3610 2050 3664 1

2034 3609 2118 3665 bis
2146 3611 2340 3681 inquit,
2389 3627 2666 3682 exponens
2696 3613 3054 3668 dill'erentiam
3096 3629 3282 3669 eorum
3329 3614 3422 3683 qui
3461 3626 3589 3668 sunt

357 3708 458 3778 τὴν
498 3706 816 3776 Ἐκκλησίαν
853 3705 1086 3776 δοκίμων
1109 3722 1122 3734 ο
1154 3709 1308 3760 Ἠτω
1354 3722 1444 3769 τις
1491 3702 1702 3767 πιστός
1734 3717 1746 3731 ·
1809 3698 1928 3767 ἤτω

363 3798 617 3865 δυνατός
648 3817 735 3864 τις
763 3797 986 3867 γνῶσιν
1013 3795 1271 3861 ἐξειπεῖν
1295 3804 1309 3816 ⁹
1333 3794 1454 3864 ἤτω
1486 3793 1676 3861 σοφὸς
1706 3791 1775 3844 ἐν
1802 3790 1927 3842 δια-

364 3894 555 3958 κρίσει
582 3893 794 3959 λόγωνο
824 3889 943 3957 ἤτω
969 3888 1180 3957 γοργὸς
1205 3887 1274 3940 ἐν
1299 3887 1511 3955 ἔργοις.
1544 3883 1742 3939 Eadem
1770 3898 1924 3952 repe-

364 3981 836 4037 titAlexandrinus
855 3980 994 4035 infra
1018 3981 1110 4036 lib.
1128 3997 1178 4033 γι
1201 4018 1216 4043 ,
1242 3993 1362 4048 cap.
1393 3978 1448 4042 8,
1473 3984 1604 4032 tum.
1624 3975 1688 4041 ll,
1707 3991 1761 4046 p.
1799 3975 1927 4029 775.

2033 3703 2247 3772 probati
2280 3704 2335 3757 in
2366 3702 2608 3760 Ecclesia
2637 3723 2651 3760 :
2684 3704 2768 3760 Sit
2798 3705 2989 3776 aliquis
3011 3706 3206 3776 ﬁdelis,
3229 3706 3297 3759 sit
3327 3716 3506 3776 potens
3532 3708 3587 3759 in

2031 3797 2348 3866 explicanda
2380 3801 2695 3869 cognitione,
2719 3801 2789 3853 sit
2818 3801 3024 3869 sapiens
3053 3801 3108 3852 in
3139 3799 3448 3853 discretione
3478 3817 3588 3852 ser-

2032 3905 2265 3954 monum,
2303 3892 2372 3944 sit
2403 3893 2690 3961 stupendus
2727 3894 2783 3945 in
2828 3892 3085 3960 oreribus.
3118 3889 3294 3945 Locus
3329 3899 3504 3947 exstat
3534 3893 3586 3945 in

2030 3980 2216 4034 eodem
2249 3997 2370 4051 cap.
2403 3983 2495 4047 48,
2519 3984 2676 4053 epist.
2707 3984 2756 4038 1.

1183 4089 1350 4153 In“,
1393 4089 1553 4154 ibid.,-
1585 4089 1679 4144 lib.
1726 4104 1802 4152 tv,
1836 4102 1957 4159 cap.
1991 4091 2078 4158 17,
2121 4100 2255 4149 tom.
2302 4093 2341 4158 ι,
2379 4111 2472 4165 pp.
2515 4095 2641 4161 609,
2682 4096 2804 4153 610.

426 4182 533 4235 Ναὶ
566 4182 670 4252 μὴν
698 4182 762 4233 ὲν
785 4183 852 4252 τῇ
881 4180 1016 4252 πρὸς
1054 4181 1371 4253 Κορινθίους
1413 4180 1667 4252 ἐπιστολῇ
1709 4181 1738 4233 ὁ
1791 4179 1928 4232 ἀπό-

2104 4181 2272 4238 Porro
2306 4193 2484 4240 autem
2535 4185 2783 4242 Clemens
2825 4189 3102 4257 apostolus
3159 4189 3214 4244 in
3249 4190 3478 4260 epistola
3519 4189 3584 4243 ad

361 4276 544 4337 στολος
576 4276 825 4347 Κλήμης,
857 4276 948 4329 καὶ
975 4275 1134 4338 αὐτὸς
1164 4276 1291 4345 ἡμῖν
1316 4273 1481 4328 τύπον
1507 4273 1628 4326 τινὰ
1667 4271 1760 4326 τοῦ
1790 4289 1928 4340 γνω-
2030 4275 2050 4330 (

2030 4275 2365 4342 Corinthios,
2413 4279 2527 4348 ipse
2557 4295 2771 4351 quoque
2815 4281 2972 4337 nobis
3008 4283 3297 4351 quamdam
3339 4280 3584 4335 Gnostici

362 4366 546 4419 στικοῦ
575 4367 926 4437 ὑπογράφων,
953 4367 1130 4435 λέγει’
1167 4367 1260 4432 Τίς
1286 4367 1395 4436 γὰρ
1436 4364 1925 4434 παρεπιδημήσας
2029 4366 2044 4420 i

2030 4366 2317 4438 imaginem
2342 4368 2677 4434 describens,
2712 4371 2879 4427 dicit:
2913 4373 3044 4438 Quis
3065 4375 3202 4426 enim
3228 4372 3366 4440 apud
3395 4389 3482 4425 vos
3511 4373 3587 4422 di-

359 4458 510 4526 πρὸς
528 4457 698 4527 ὑμᾶς,
731 4477 784 4512 κ.
818 4476 868 4511 τ.
891 4459 940 4511 λ.
989 4458 1087 4513 Hic
1113 4457 1364 4514 Clemens
1394 4458 1544 4514 Alex.
1573 4458 1749 4527 capita
1780 4472 1810 4512 e
1836 4474 1924 4511 rc-

359 4550 520 4620 gione
548 4557 731 4604 notata
752 4551 1044 4619 excerpsit.

466 4757 622 4810 Ἀλλὰ
671 4760 772 4812 κάν
801 4761 864 4830 τῇ
908 4757 1043 4829 πρὸς
1098 4756 1416 4829 Κορινθίους
1473 4758 1754 4828 Ῥωμαίων
1804 4760 1924 4812 ἐπι-

364 4849 519 4921 στολῇ
540 4868 553 4879 “
589 4851 859 4917 Ὠκεανὸς
887 4849 1212 4918 ἀπέραντος
1238 4848 1564 4918 ἀνθρώποις
1592 4850 1922 4922 γέγραπται,

361 4941 458 4993 καὶ
489 4943 542 4995 οι
564 4943 692 5011 μετ’
721 4941 908 4996 αὺτὸν
935 4943 1169 5009 κόσμοι.

439 5125 706 5193 Τοσούτῳ
748 5121 857 5193 γὰρ
883 5121 1119 5191 μᾶλλον
1155 5123 1632 5191 saxeta-cyparle
1677 5126 1923 5195 ὀφείλει,

2027 4471 2284 4525 versatus,
2318 4469 2423 4517 etc.
2462 4461 2632 4532 Epist.
2661 4465 2716 4524 1.
2753 4479 2910 4534 capp.
2943 4467 2994 4532 1,
3027 4465 3080 4531 9,
3109 4466 3196 4529 10,
3235 4466 3323 4528 11,
3361 4465 3450 4528 12,
3493 4464 3582 4526 17,

2028 4553 2114 4616 ιε,
2147 4553 2236 4616 si,
2260 4553 2351 4618 τε,
2386 4553 2476 4619 56,
2506 4555 2594 4618 58,
2626 4555 2715 4620 to,
2752 4556 2842 4621 ιιι,
2877 4556 2966 4623 ts,
2995 4556 3085 4625 49,
3119 4556 3208 4626 δι),
3240 4556 3446 4626 51,53.

1258 4662 1408 4730 lusu,
1438 4661 1590 4728 ibid.,
1630 4663 1727 4718 lib.
1761 4680 1814 4726 ν,
1846 4678 1966 4732 cap.
2007 4663 2092 4730 12,
2125 4672 2258 4721 tom.
2291 4665 2356 4728 ll,
2401 4681 2524 4737 pag.
2568 4666 2693 4722 695.

2099 4758 2243 4826 Quin
2291 4761 2456 4814 etiam
2503 4761 2558 4814 in
2602 4760 2827 4830 epistola
2874 4759 3242 4815 Romanorum
3284 4761 3348 4814 ad
3387 4759 3581 4814 Corin-

2028 4853 2172 4908 thios
2213 4854 2475 4923 scriptum
2507 4860 2586 4908 est
2615 4871 2628 4906 :
2681 4851 2917 4907 Oceanus
2949 4854 3208 4922 inﬁnitus,
3238 4863 3287 4906 et
3327 4853 3415 4922 qui
3458 4859 3579 4904 sunt

2021 4955 2138 5015 post
2169 4944 2338 5012 ipsum
2370 4943 2576 4997 mundi.
2604 4942 2775 5013 Epist.
2811 4946 2861 5010 1,
2891 4959 3010 5014 cap.
3041 4944 3131 4998 20.

1280 5026 1431 5093 locis,
1463 5030 1616 5096 ibid.,
1647 5030 1743 5088 lib.
1774 5049 1852 5098 γι,
1882 5049 2002 5107 cap.
2038 5032 2100 5100 8,
2132 5043 2266 5089 tom.
2299 5033 2370 5100 ll,
2394 5048 2514 5102 pag.
2544 5031 2665 5087 773.

2064 5184 2074 5196 ,
2102 5127 2179 5183 Eo
2210 5127 2345 5182 enim
2383 5125 2528 5180 debet
2547 5143 2658 5180 esse
2678 5125 2942 5192 humilior,
2967 5143 3066 5197 quo
3097 5126 3302 5179 videtur
3326 5143 3437 5180 esse
3461 5145 3572 5182 ma-

362 5219 486 5280 ὅσῳ
513 5215 673 5269 δοκεῖ
689 5213 928 5283 μᾶλλον
949 5211 1156 5281 μείᾰιιν
1186 5213 1375 5267 circa“
1417 5215 1449 5267 ὁ
1487 5215 1735 5287 Κλήμης,
1768 5219 1825 5272 ὲν
1853 5223 1919 5292 τῇ
2013 5223 2050 5293 ,ᾖ

2030 5223 2127 5288 ior,
2159 5223 2289 5277 dicit
2311 5220 2560 5276 Clemens
2590 5221 2645 5274 in
2692 5221 2919 5290 epistola
2959 5219 3026 5274 ad
3053 5219 3382 5276 Corinthios.
3402 5220 3554 5292 Epist

361 5310 499 5381 πρὸς
526 5306 839 5377 Κορινθίους
868 5305 1016 5376 φησί.

2021 5315 2073 5379 1,
2103 5330 2220 5384 cap.
2252 5311 2342 5368 48.

1924 5404 2010 5461 lll.

674 5489 963 5554 ORIGENES,
984 5495 1122 5566 Περὶ
1144 5490 1363 5566 ἀρχῶν,
1386 5490 1480 5545 lib.
1511 5504 1572 5554 tt,
1606 5505 1727 5563 cap.
1774 5493 1829 5560 5,
1867 5510 2020 5550 num.

2055 5494 2116 5560 6,
2151 5494 2282 5550 edit.
2315 5491 2515 5558 Paris.,
2549 5491 2702 5554 1755,
2731 5499 2861 5545 tom.
2893 5491 2936 5555 l,
2968 5507 3088 5562 pag.
3118 5493 3205 5547 82.

433 5584 677 5640 Meminit
708 5599 836 5639 sane
859 5582 1110 5639 Clemens
1139 5584 1506 5655 apostolOrum
1533 5584 1835 5656 discipulus
1863 5589 2024 5642 etiam
2051 5603 2238 5643 eorum
2267 5601 2405 5658 quos
2439 5584 2751 5655 ἀντίχθονας
2785 5581 2956 5638 Graeci
3003 5587 3374 5649 nominarunt,
3407 5593 3569 5657 atque

371 5678 510 5732 alias
536 5685 719 5747 partes
743 5675 893 5730 orbis
922 5683 1080 5732 terra:
1108 5676 1176 5731 ad
1202 5691 1338 5748 quas
1364 5692 1540 5749 neque
1562 5687 1874 5736 nostrorum
1901 5679 2188 5752 quisquam
2221 5681 2480 5738 accedere
2507 5685 2722 5750 potest,
2756 5692 2933 5748 neque
2963 5693 3027 5734 ex
3067 5679 3175 5737 illis
3205 5682 3298 5751 qui
3338 5681 3414 5736 ibi
3445 5691 3572 5738 sunt

437 5786 460 5817 ³
486 5784 630 5844 P521.
658 5799 828 5851 cxvtt,
859 5783 951 5840 20.
