4070 6340
453 382 523 437 55

455 497 745 571 quisquam
772 490 1005 547 transire
1036 484 1103 540 ad
1136 498 1274 550 nos;
1299 495 1439 552 quos
1465 485 1520 534 et
1550 478 1671 548 ipso

457 568 635 650 nibus.
659 599 708 645 et
738 588 791 640 hi
819 585 908 656 qui
940 593 1088 635 trans
1113 579 1281 647 ipsum
1317 578 1437 625 sunt
1462 568 1665 632 mundi,
1693 568 1782 636 qui

1053 713 1088 727 ..
1121 633 1196 723 Ex
1232 666 1318 721 his
1350 674 1531 719 tamen
1565 675 1687 730 qua:
1707 633 1965 712 Clemens
1990 651 2143 706 visus
2171 653 2255 702 est
2283 644 2527 699 indicare
2554 657 2676 696 cum
2710 640 2844 694 dicit
2877 658 2890 692 :
2933 635 3169 693 Oceanus
3198 633 3288 703 qui
3325 633 3684 687 intransmea-

901 769 1032 828 ibus,
1065 773 1114 818 et
1147 763 1200 815 hi
1223 757 1407 814 mundi
1428 757 1518 827 qui
1546 723 1663 825 post
1700 753 1868 819 ipsum
1904 755 2063 801 sunt:
2093 743 2186 815 qui
2212 748 2336 813 post
2378 740 2555 809 ipsum
2595 739 2723 789 sunt
2762 731 2995 785 mundos
3026 725 3312 800 pluraliter
3355 723 3647 780 nominans
3669 762 3684 786 ,

456 685 649 755 eisque
673 676 1041 748 interjcctis...

459 1057 964 1134 supercoslestium,
999 1059 1345 1106 terrenornm
1376 1040 1847 1102 infernorumque,
1881 1043 2023 1083 unus
2052 1041 2082 1081 e

1568 362 1658 415 AD
1698 359 1757 417 S.
1794 352 2214 413 CLEMENTEM
2255 352 2276 406 1
2314 348 2548 406 PAPAM

460 1113 737 1225 {alia
764 1149 855 1219 qui
882 1113 962 1201 illi
987 1145 1135 1212 sunt)
1167 1135 1389 1209 putandi
1421 1138 1549 1187 sunt
1577 1125 1867 1182 contineri.
1902 1121 2074 1191 Epist.
2111 1119 2163 1182 1,
2189 1132 2311 1186 cap.
2343 1113 2433 1168 20.

1357 1248 1505 1306 locu,
1531 1246 1587 1298 in
1623 1240 1908 1303 Ezechiel.,
1942 1253 2060 1307 cap.
2094 1235 2149 1299 8,
2177 1241 2312 1287 tom.
2343 1228 2433 1291 Ill,
2466 1244 2589 1299 pag.
2615 1225 2819 1289 422$.

523 1358 598 1427 Φη
608 1357 658 1409 σὶ
684 1355 737 1408 δὲ
757 1356 783 1406 6
798 1351 1026 1422 Κλήμης
1045 1366 1057 1378 ο
1090 1342 1363 1409 Ὠκεανὸς
1377 1338 1667 1406 ἀπέρατος
1693 1332 2038 1402 ἀνθρώποις,

3610 336 3683 395 36

1674 493 1700 532 s
1728 472 1949 530 mundos
1970 467 2292 542 appellavit,
2334 481 2458 521 cum
2484 466 2593 519 ait:
2634 430 2872 518 Oceanus
2900 454 3350 513 intransmeabilis
3385 461 3467 508 est
3508 452 3685 507 homi-

1769 565 1782 617 i
1814 563 1893 617 Itis
1916 536 2109 616 eisdem
2139 554 2487 610 dominatoris
2516 551 2613 606 Dei
2656 545 3089 619 dispositionibus
3117 542 3497 613 gubernantur.
3536 536 3683 593 Pau-

2086 1033 2106 1078 t
2131 1021 2404 1094 perlectus
2426 1016 2663 1072 mundus
2696 1013 3022 1086 generaliter
3050 1008 3161 1065 dici
3190 1027 3204 1061 :
3238 1007 3382 1061 intra
3410 1020 3570 1076 quem
3604 1004 3690 1060 vel

2222 1325 2362 1380 Dicit
2405 1336 2621 1393 quoque
2662 1319 2949 1375 Clemens:
3003 1313 3241 1369 Oceanus
3292 1310 3694 1379 impermeabilis

457 1447 555 1501 καὶ
584 1449 637 1501 cl
665 1444 791 1515 μετ’
820 1442 1007 1496 αὐτὸν
1039 1439 1249 1506 κόσμοι
1265 1433 1582 1497 τοσαύταις
1598 1426 1897 1498 διαταγαῖς
1924 1425 2029 1478 τοῦ

2126 1417 2443 1479 hominibus,
2471 1423 2521 1469 et
2539 1414 2627 1485 qui
2647 1420 2762 1481 post
2791 1426 2908 1463 eum
2934 1404 3137 1469 mundi,
3168 1405 3333 1458 tantis
3367 1404 3581 1458 Domini
3602 1421 3694 1459 or-

2129 1506 2493 1567 dinationibus
2516 1504 2897 1576 gubernantur.
2928 1498 3103 1569 Epist.
3134 1498 3188 1562 1,
3218 1512 3341 1567 cap.
3364 1496 3458 1553 ΞΟ.

452 1539 753 1594 Δεσπότου
786 1532 1166 1590 διοικοῦνται.

1025 1646 1179 1706 locu,
1215 1643 1269 1695 in
1291 1638 1479 1701 Joan.,
1508 1646 1639 1691 tom.
1670 1630 1760 1686 ιχ.
1792 1638 1932 1701 part.
1968 1643 2030 1690 ιι,
2063 1641 2187 1698 pag.
2214 1622 2339 1686 M3,
2373 1619 2504 1674 edit.
2529 1614 2689 1669 Huet.
2719 1611 2933 1673 Colon.,
2974 1608 3135 1664 1685.

522 1759 955 1835 Μεμαρτύρηται
987 1756 1043 1808 δὲ
1074 1755 1167 1807 καὶ
1198 1749 1351 1823 παρὰ
1376 1752 1490 1812 τοῖς
1522 1746 1748 1807 ἔθνεσιν,
1789 1743 1871 1795 ὅτι
1902 1738 2030 1793 πολ-

456 1858 539 1911 λοί
567 1873 709 1917 τινες
737 1848 998 1922 λοιμικῶν
1046 1843 1430 1917 ὲνσκηψάντων
1462 1837 1781 1910 νοσημάτων
1810 1834 2034 1896 ἑαυτοὺς

2133 1824 2335 1878 multos
2370 1833 2492 1873 cum
2522 1832 2587 1887 pe

460 1951 663 2019 σφάγια
693 1947 832 2017 ὑπὲρ
860 1942 954 1996 τοῦ
991 1937 1172 1995 κοινοῦ
1205 1932 1616 2010 παραδεδώκασι
1639 1948 1651 1960 ·
1677 1930 1771 1983 καὶ
1798 1945 1946 1997 παρα

458 2058 611 2113 χεται
650 2037 801 2091 ταῦθ’
838 2034 1011 2097 οὕτως
1054 2028 1334 2100 γεγονέναι
1379 2026 1480 2079 οὐκ
1510 2022 1715 2090 ἀλόγως
1744 2018 2038 2081 πιστεύσας

457 2112 577 2196 ταῖς
605 2130 867 2202 ἱστορίαις
903 2129 931 2180 6
962 2124 1149 2186 πιστὸς
1179 2120 1429 2191 Κλήμης,
1464 2114 1567 2168 ὑπὸ
1596 2112 1808 2167 Παύλου
1842 2128 2041 2184 μαρτυ-

460 2226 743 2296 ρούμενος,
775 2219 1027 2288 λέγοντος
1051 2233 1063 2244 ·
1098 2212 1260 2268 Μετὰ
1289 2209 1649 2279 Κλήμεντος,
1686 2223 1740 2259 κ.
1771 2223 1821 2257 τ.
1851 2204 1901 2256 λ.

710 2580 900 2651 Ruﬁno
942 2579 1244 2646 interprete.

532 2693 706 2762 llujus
734 2691 1029 2747 Clementis
1060 2687 1293 2759 epistola
1331 2684 1497 2739 habe-

2139 2283 2372 2356 cap.55.

2033 2448 2125 2506 iV.

1496 2569 1783 2633 EUSEBIUS,
1808 2567 1953 2621 Hist.
2001 2564 2158 2629 eccl.,
2193 2562 2287 2615 lib.
2318 2572 2401 2620 ιιι,
2431 2567 2551 2622 cap.
2592 2546 2679 2601 16.

1640 2682 1842 2736 Τούτου
1889 2680 1954 2752 δὴ
2005 2675 2097 2738 οὖν
2143 2674 2236 2730 τοῦ
2292 2673 2605 2743 Κλήμεντος

464 2793 557 2839 tur
604 2758 669 2839 ad
699 2782 1012 2837 Corinthios
1045 2780 1269 2848 scripta,
1306 2775 1499 2846 praci-
1568 2764 1968 2844 ὁμολογουμένη
2018 2785 2053 2838 μ

2162 2760 2417 2832 ἐπιστολὴ
2449 2758 2607 2829 φέρε·-

464 2893 570 2950 pua
644 2878 803 2947 plane
858 2883 913 2929 et
970 2874 1125 2929 valde
1193 2869 1496 2925 mirabilis:
1568 2880 1693 2925 ται,
1741 2859 1946 2931 μεγάλη
1976 2875 2034 2911 τε

2123 2856 2172 2908 z‘t
2205 2850 2501 2923 θαυμασία,
2542 2850 2607 2917 ἣν

464 2985 627 3039 quam
682 2969 831 3021 velut
862 2982 927 3019 ex
969 2978 1197 3034 persona
1240 2960 1501 3014 Romana:

465 3057 732 3112 Ecclesia:
769 3054 1029 3119 dictavit,
1064 3067 1189 3105 cum
1228 3047 1503 3103 dissensio

466 3148 610 3219 apud
669 3146 984 3202 Corinthios
1038 3143 1229 3197 fuisset
1290 3147 1499 3194 exorta.

467 3236 641 3306 Quam
685 3236 971 3306 epistolam
1021 3233 1076 3287 in
1109 3231 1358 3302 plurimis
1402 3229 1504 3284 Ec-

467 3329 652 3384 clesiis
692 3327 907 3398 publice
940 3325 1063 3395 legi,
1098 3332 1150 3379 et
1184 3332 1420 3377 veterum
1446 3329 1501 3377 et

469 3425 679 3480 nostris
709 3426 872 3478 etiam
904 3421 1239 3493 temporibus
1266 3426 1500 3475 constat.

468 3516 677 3571 Verum
732 3517 800 3573 de
847 3517 1116 3572 seditione
1165 3513 1307 3566 facta
1362 3510 1503 3580 apud

470 3606 793 3660 Corinthios
822 3621 887 3661 ac
925 3604 1269 3660 dissensione
1308 3601 1506 3674 plebis,

474 3701 632 3770 testis
690 3702 847 3757 valde
913 3700 1090 3756 ﬁdelis
1171 3698 1511 3770 Hegesippus

475 3796 704 3853 indicat.

719 4007 907 4077 Rufino
961 4007 1259 4073 interprete.

546 4097 802 4153 Clemens
843 4097 898 4151 in
937 4096 1167 4165 epistola
1196 4108 1357 4163 quam
1404 4091 1511 4147 Co—

478 4193 703 4247 rinthiis
750 4190 961 4253 scribit,
1006 4189 1257 4244 meminit
1302 4187 1515 4258 Episto-

481 4283 547 4336 lae
585 4280 738 4334 Pauli
792 4282 857 4335 ad
912 4279 1189 4342 Hebraeos,
1238 4286 1291 4333 et
1348 4279 1518 4331 utitur

483 4370 606 4439 ejus
650 4370 1004 4425 testimoniis.
1056 4366 1211 4423 Unde
1252 4373 1468 4421 constat
1500 4406 1515 4430 ,

485 4465 631 4537 quod
663 4466 958 4535 Apostolus
983 4476 1239 4535 tanquam
1280 4462 1520 4519 llebr:eis

487 4552 807 4609 mittendam
858 4554 1037 4625 patrio
1091 4568 1209 4607 eam
1274 4566 1522 4607 sermone

487 4648 913 4717 conscripserit,
956 4657 1010 4701 et
1060 4655 1120 4701 ut
1151 4646 1370 4716 quidam
1414 4652 1526 4699 tra-

488 4736 646 4797 dunt,
702 4733 903 4787 Lucam
952 4733 1381 4803 evangelistam,
1434 4731 1523 4784 alii

489 4834 671 4881 autem
704 4825 853 4879 hunc
881 4826 1055 4895 ipsum
1083 4825 1411 4879 Clementem
1443 4823 1524 4876 in-

489 4925 848 4988 terpretatum
878 4932 1022 4971 csse.
1071 4915 1228 4981 Quod
1270 4924 1323 4969 et
1353 4915 1523 4986 magis

488 5025 676 5064 verum
735 5016 838 5072 est,
899 5009 1025 5078 quia
1080 5014 1133 5061 et
1186 5006 1360 5076 stylus
1411 5006 1526 5075 ipse

489 5102 735 5172 epistolas
762 5101 1058 5157 Clementis
1100 5114 1225 5153 cum
1259 5098 1362 5153 bac
1393 5112 1524 5152 con-

490 5195 681 5249 cordat
705 5237 720 5262 ,
743 5200 796 5249 et
819 5208 1016 5249 sensus
1045 5191 1299 5246 nimirum
1325 5190 1525 5245 utrius-

491 5302 597 5355 que
629 5284 926 5356 Scriptura:
955 5284 1241 5355 plurimam
1273 5283 1526 5338 similitu-

492 5377 675 5431 dinem
710 5378 907 5435 ferunt.
940 5377 1150 5433 Dicitur
1175 5385 1357 5432 tamen
1404 5391 1528 5431 esse

494 5480 549 5527 et
598 5472 703 5525 alia
735 5470 1030 5527 Clementis
1069 5471 1318 5541 epistola,
1362 5469 1524 5540 cujus

498 5579 601 5622 nos
630 5564 880 5619 notitiam
910 5579 1023 5619 non
1057 5563 1390 5636 accepimus.

1572 2953 1647 3017 ὼς
1676 2953 1784 3008 ἀπὸ
1813 2952 1909 3021 τῆς
1951 2946 2234 3018 Ῥωμαίων
2290 2941 2610 3012 Ἐκκλησίας

1575 3048 1642 3117 τῇ
1696 3041 1997 3115 Κορινθίων
2041 3036 2430 3097 διετυπὼσατο,
2488 3031 2611 3085 στά-

1579 3151 1714 3198 σεως
1755 3130 2013 3205 τηνικάδε
2041 3127 2183 3183 κατὰ
2222 3127 2319 3198 τὴν
2349 3121 2609 3195 Κόρινθον

1576 3223 1892 3296 γενομένης.
1928 3220 2143 3292 Ταύτην
2179 3218 2234 3272 δὲ
2262 3218 2355 3271 καὶ
2373 3217 2430 3268 ὲν
2458 3213 2609 3268 πλεί-

1578 3312 2076 3384 σταιςἘκκλησίαις
2098 3311 2191 3364 ἐπὶ
2216 3308 2310 3362 τοῦ
2332 3305 2511 3361 κοινοῦ
2530 3306 2613 3358 δε·-

1574 3406 2002 3481 δημοσιευμὲνην
2048 3403 2215 3458 πάλαι
2260 3420 2319 3455 τε
2362 3402 2456 3455 καὶ
2490 3392 2611 3453 καθ’

1577 3500 1724 3570 ἡμᾶς
1769 3498 1967 3559 αὐτοὺς
2006 3495 2269 3565 ἔγνωμεν.
2302 3493 2412 3545 Καὶ
2439 3492 2522 3544 ὅτι
2550 3507 2615 3560 γε

1580 3592 1722 3648 κατὰ
1751 3592 1841 3645 τὸν
1882 3589 2228 3662 δηλούμενον,
2271 3585 2341 3640 τὰ
2387 3586 2486 3657 τῆς
2517 3585 2618 3637 Ko-

1586 3688 1804 3761 ρινθίων
1861 3688 2116 3757 κεκίνητο
2163 3685 2423 3750 στάσεως,
2473 3686 2617 3753 ἀξιό-

1581 3796 1757 3852 χρεως
1780 3778 1987 3849 μάρτυς
2006 3780 2033 3831 6
2072 3778 2429 3847 Ἡγήσιππος.
2476 3774 2618 3847 Lege

1585 3868 1955 3932 Nicsrnonuu,
1996 3866 2092 3921 lib.
2123 3882 2209 3929 ιιι,
2242 3881 2367 3936 cap.
2403 3865 2489 3921 16.
2576 3898 2585 3907 -

1692 4001 1843 4065 Inui,
1870 3998 2025 4063 ibid.,
2057 3999 2152 4054 lib.
2189 4013 2271 4061 ιιι,
2301 4012 2422 4067 cap.
2451 3998 2540 4052 58.

1650 4093 1756 4147 Τοῦ
1790 4093 2102 4164 Κλήμεντος
2144 4093 2202 4145 ὲν
2238 4095 2305 4164 τῇ
2344 4092 2613 4164 ἀνωμολο-

1582 4184 1794 4257 γημένῃ
1816 4181 1966 4255 παρὰ
1995 4184 2180 4244 πᾶσιν,
2212 4184 2277 4252 ἥν
2303 4183 2367 4235 ὲκ
2398 4181 2614 4254 προσώ-

1587 4289 1688 4325 που
1721 4271 1818 4340 τῆς
1861 4269 2146 4340 Ῥωμαίων
2196 4269 2516 4340 Ἐκκλησίας
2551 4272 2617 4341 τῇ

1591 4359 1894 4432 Κορινθίων
1923 4357 2313 4411 διετυπὼσατο.
2358 4352 2497 4433 Ἐνῇ
2526 4359 2625 4430 τῆς

1595 4455 1731 4527 πρὸς
1760 4454 2041 4526 Ἐϐραίους
2071 4453 2238 4507 πολλὰ
2263 4454 2507 4524 νοήματα
2530 4470 2626 4505 πα-

1598 4548 1801 4619 ραθεὶς,
1834 4546 1931 4618 ήδη
1949 4546 2004 4599 δὲ
2023 4547 2116 4599 καὶ
2142 4543 2416 4607 αὐτολεξεὶ
2447 4546 2627 4616 ῥητοῖς

1594 4653 1735 4688 τισιν
1765 4634 1825 4700 ἐξ
1856 4636 2023 4704 αὐτῆς
2051 4638 2391 4705 χρησάμενος
2413 4671 2427 4694 ,
2474 4631 2629 4700 σαφέο

1600 4742 1767 4778 στατα
1780 4724 2106 4795 παρίστησιν
2126 4724 2207 4776 ὅτι
2231 4722 2303 4794 μὴ
2320 4721 2436 4774 νέον
2456 4720 2629 4792 ὑπάρ-

1593 4831 1677 4886 χει
1719 4814 1779 4866 τὸ
1822 4812 2174 4884 σύγγραμμα.
2200 4811 2357 4865 Ὅθεν
2406 4810 2629 4873 εἰκότως

1597 4907 1794 4970 ἔδοξεν,
1842 4904 1973 4959 αὐτὸ
2015 4908 2125 4968 τοῖς
2159 4904 2367 4965 λοιποῖς
2396 4904 2628 4969 ἐγκατα-

1596 4997 1850 5070 λεχθῆναι
1902 4995 2189 5067 γράμμασι
2230 4992 2324 5045 τοῦ
2378 4990 2629 5044 Ἀποστά-

1600 5090 1715 5143 λου.
1753 5087 2023 5159 Ἑϐραίοις
2037 5084 2245 5158 γὰρδιὰ
2270 5084 2369 5155 τῆς
2395 5082 2627 5154 πατρίου

1595 5181 1839 5253 γλώττης
1864 5179 2153 5252 ἐγγράφως
2173 5175 2507 5249 ὡμιληκότος
2534 5174 2627 5227 τοῦ

1596 5273 1831 5336 Παύλου,
1867 5274 1917 5325 οἱ
1969 5271 2065 5342 μὲν
2094 5269 2185 5322 τὸν
2242 5266 2630 5337 εὐαγγελιστὴν

1598 5367 1832 5426 Λουκᾶν,
1852 5366 1903 5418 oi
1929 5363 1985 5417 δὲ
2015 5363 2106 5415 τὸν
2138 5360 2427 5432 Κλήμεντα
2445 5356 2632 5411 τοῦτον

1599 5458 1782 5519 αὑτὸν,
1804 5454 2136 5529 ἑρμηνεῦσαι
2152 5452 2368 5522 λέγουσι
2382 5451 2481 5522 τὴν
2506 5467 2633 5521 γρα-

1598 5546 1723 5629 φήν.
1763 5559 1826 5610 '0
1854 5558 1948 5609 καὶ
1982 5556 2176 5628 μᾶλλον
2207 5546 2289 5623 εἴη
2322 5552 2387 5605 ἂν
2416 5538 2630 5621 ἀληθὲς,

1600 5648 1675 5720 τῷ
1702 5648 1792 5700 τὸν
1836 5649 2017 5719 ὅμοιον
2061 5647 2158 5715 τῆς
2190 5645 2437 5715 φράσεως
2464 5660 2634 5715 χαρα-

1601 5739 1777 5811 κτῆρα
1806 5741 1903 5810 τήν
1934 5757 1993 5791 τε
2035 5726 2129 5791 τού
2166 5737 2479 5807 Κλήμεντος
2514 5735 2633 5787 ὲπι-

1606 5837 1833 5903 στολὴν,
1878 5837 1971 5889 καὶ
2017 5836 2115 5907 τὴν
2160 5833 2296 5906 πρὸς
2350 5831 2633 5903 Ἐϐραίους

2200 1730 2445 1786 Relatum
2481 1730 2658 1778 autem
2683 1728 2845 1791 atque
2874 1724 3134 1773 testatum
3157 1715 3301 1787 apud
3346 1717 3574 1784 gentiles
3591 1726 3695 1782 est,

2592 1814 2837 1870 stilentes
2868 1809 3042 1865 morbi
3081 1816 3484 1879 grassarentur,
3524 1826 3583 1866 se
3609 1811 3721 1882 ἰν-.

1947 1926 2034 1979 δέ-
2137 1932 2228 1973 sos
2260 1924 2321 1969 ut
2356 1910 2606 1967 victimas
2643 1920 2743 1977 pro
2779 1903 2957 1974 patria
2996 1901 3333 1957 tradidisse:
3380 1910 3541 1972 atque
3583 1899 3703 1961 haec

2142 2014 2219 2067 ita
2241 2008 2489 2065 evenisse
2518 1999 2752 2057 admittit
2777 2013 2884 2052 non
2910 1996 3030 2050 sine
3057 2009 3222 2049 causa
3246 2034 3260 2058 ,
3292 1994 3536 2051 historiis
3575 2011 3701 2051 cre-

2142 2103 2277 2159 dens
2305 2099 2556 2155 Clemens
2580 2092 2670 2146 ille
2702 2089 2894 2151 ﬁdelis,
2930 2088 3017 2143 cui
3054 2086 3427 2141 testimonium
3459 2087 3705 2158 perbibet

2140 2193 2345 2248 Paulus
2393 2189 2582 2245 dicens
2621 2202 2634 2238 :

2687 2179 2820 2237 Cum
2886 2178 3149 2235 Clemente
3180 2217 3197 2243 ,
3263 2187 3369 2233 etc.
3423 2177 3596 2248 Epist.
3649 2178 3703 2243 1,

2938 2540 3150 2596 Valerio
3177 2540 3474 2610 interprete.

2754 2654 2929 2727 Hujus
2976 2654 3140 2725 igitur
3188 2651 3482 2708 Clementis
3531 2654 3709 2704 exstat

2682 2749 2913 2821 epistola
2960 2764 3069 2802 uno
3122 2759 3392 2801 consensu
3452 2746 3706 2810 recepta,

2679 2838 2877 2893 eximia
2920 2848 3144 2905 prorsus
3196 2842 3358 2902 atque
3399 2832 3709 2898 mirabilis,

2679 2947 2841 3004 quam
2886 2928 3105 2986 nomine
3151 2924 3407 2979 Ecclesia:
3454 2921 3713 2978 Romana:

2680 3027 2748 3082 ad
2774 3024 3178 3083 Corinthiorum
3205 3018 3508 3074 Ecclesiam
3538 3017 3715 3087 scrip-

2680 3122 2772 3183 sit,
2818 3132 2941 3171 cum
2999 3111 3144 3184 apud
3198 3126 3295 3166 eos
3346 3110 3527 3181 gravis
3569 3114 3716 3164 esset

2684 3217 2871 3266 exorta
2905 3203 3198 3261 dissensio.
3242 3201 3395 3256 Hanc
3435 3202 3491 3254 in
3522 3198 3718 3269 pleri»

2685 3321 2791 3377 que
2824 3302 3082 3360 Ecclesiis
3126 3308 3180 3356 et
3223 3306 3411 3354 nostra
3458 3303 3513 3350 et
3552 3309 3717 3365 supe-

2683 3395 2819 3452 riori
2845 3393 3104 3449 memoria
3128 3391 3303 3461 palam
3334 3386 3554 3445 recitari
3581 3399 3716 3440 con-

2687 3488 2929 3544 saevisse
2976 3482 3365 3554 comperimus.
3402 3477 3573 3532 Porro
3621 3491 3717 3530 su-

2686 3574 2922 3647 pradicti
2952 3572 3249 3627 Clementis
3291 3577 3531 3637 tempore
3566 3563 3716 3619 sedi-

2688 3668 2890 3722 tionem
2916 3666 3058 3719 inter
3078 3660 3393 3718 Corinthios
3421 3673 3542 3713 esse
3569 3671 3718 3711 com-

2689 3767 2891 3815 motam
2932 3754 3397 3827 lncupletissimus
3433 3752 3591 3806 testis
3633 3755 3721 3804 est

2691 3848 3047 3920 Hegesippus.

2950 3992 3158 4048 Valesio
3189 4000 3488 4061 interprete.

2752 4091 3044 4147 Clementis
3064 4090 3154 4144 illa
3172 4089 3446 4160 (epistola)
3471 4087 3537 4140 ab
3552 4085 3698 4139 omni
3717 4098 3720 4101 λ

2688 4185 2793 4240 bus
2832 4194 3069 4253 recepta,
3104 4196 3265 4252 quam
3312 4178 3570 4234 Ecclesia:
3609 4175 3721 4230 Ro-

2692 4291 2866 4331 mana:
2914 4274 3135 4329 nomine
3186 4272 3254 4327 ad
3310 4269 3721 4327 Corinthiorum

2694 4366 2990 4422 Ecclesium
3041 4362 3281 4434 scripsit.
3334 4363 3393 4416 in
3435 4376 3544 4431 qua
3593 4375 3720 4413 cum

2698 4459 2899 4514 multas
2918 4459 3120 4513 inserat
3149 4453 3445 4511 sententias
3467 4452 3724 4520 desump-

2699 4554 2784 4602 tas
2814 4562 2879 4600 ex
2926 4545 3165 4615 Epistula
3198 4543 3267 4597 ad
3307 4541 3586 4603 Hebraeos,
3628 4540 3727 4593 iis-

2698 4633 2929 4705 demque
2968 4632 3240 4688 interdum
3282 4628 3465 4684 verbis
3500 4635 3723 4691 utatur.

2701 4723 2835 4778 satis
2887 4722 3092 4776 indicat
3145 4734 3283 4789 opus
3329 4717 3463 4772 illud
3521 4732 3727 4787 nequa-

2700 4831 2860 4886 quam
2913 4826 3104 4868 recens
3162 4826 3304 4867 esse.
3363 4801 3726 4875 Quamobrem

2700 4928 2823 4965 cum
2848 4909 3075 4979 reliquis
3098 4906 3341 4978 Apostoli
3368 4904 3589 4975 scriptis
3618 4902 3728 4956 non

2702 5006 2820 5061 sine
2872 5019 3038 5059 causa
3074 5004 3175 5058 hoc
3202 5004 3365 5057 etiam
3397 4998 3729 5056 recensitum

2706 5101 2938 5155 videtur.
2971 5096 3107 5152 Cum
3158 5097 3304 5151 enim
3356 5095 3423 5150 ad
3473 5091 3731 5147 Hebraeos

2702 5192 2878 5265 patrio
2901 5205 3151 5247 sermone
3174 5188 3483 5258 scripsisset
3505 5183 3727 5243 Paulus.

2702 5286 2795 5339 alii
2861 5282 3062 5337 Lucam
3127 5277 3561 5350 evangelistam,
3638 5264 3730 5329 alii

2702 5374 2847 5428 bunc
2873 5372 2939 5427 de
2955 5386 3063 5441 quo
3078 5369 3351 5439 loquimur
3372 5364 3729 5420 Clementem.

2705 5459 2996 5531 Epistolam
3039 5462 3184 5515 illam
3238 5474 3360 5514 esse
3402 5458 3731 5525 interpreta-

2704 5558 2816 5604 tum
2865 5548 3063 5603 ferunt.
3106 5545 3260 5612 Quod
3289 5543 3506 5614 quidem
3542 5542 3732 5596 verius

2704 5643 2950 5698 videtur.
2999 5654 3120 5694 cum
3167 5636 3461 5705 prazsertim
3508 5641 3561 5686 et
3609 5629 3733 5684 Cle-

2704 5738 2919 5801 mentis,
2937 5746 2988 5791 et
3010 5732 3099 5785 illa
3115 5727 3181 5781 ad
3212 5726 3459 5782 Hebraeos
3485 5716 3727 5797 Epistota

2704 5827 2951 5885 eumdem
3027 5825 3257 5880 habeant
3315 5819 3551 5893 stylum,
3623 5829 3727 5871 nec
