4070 6340
342 343 411 398 37

1573 337 1911 395 Ριιοωιιιιι
1950 338 2334 395 νΑιιιοιιυΜ.

3498 345 3574 401 38

336 454 679 518 ἀποσώζειν·
711 455 803 508 καὶ
833 454 911 525 τῷ
961 455 1034 527 μὴ
1076 454 1264 528 πόρρω
1308 453 1377 507 τά
1403 454 1461 506 ἐν
1493 452 1771 525 ἑκατέροις
1801 454 1914 516 τοῖς

1985 502 1989 515 ,
2018 456 2303 525 utriusque
2335 452 2525 524 scripti
2554 454 2841 510 sententiae
2896 453 3054 511 valde
3099 454 3243 510 inter
3269 471 3329 512 se
3370 454 3578 516 discre-

340 549 736 620 συγγράμμασι
756 549 1001 618 νοήματα
1034 547 1380 602 καθεστάναι.
1413 546 1604 599 ’ἰστέον
1631 545 1688 598 δὲ
1715 545 1790 608 ὡς
1816 547 1910 599 καὶ

2023 554 2174 620 pent.
2210 544 2507 599 Sciendum
2560 553 2738 600 tamen
2765 552 2849 600 est
2912 546 3134 602 alteram
3210 563 3426 618 quoque
3454 548 3578 605 Cle-

335 642 559 712 δευτέρα
592 657 679 703 τις
727 634 867 693 εἶναι
898 639 1113 708 λέγεται
1143 638 1236 693 τοῦ
1274 639 1588 710 Κλήμεντος
1615 638 1871 710 ἐπιστολή
1891 656 1905 669 ’

2006 638 2205 695 mentis
2263 636 2548 707 epistolam
2599 636 2964 693 circumferri.
3014 637 3214 695 Verum
3266 640 3407 695 hanc
3464 656 3575 696 non

338 736 401 788 οὐ
426 736 529 807 μὴν
547 734 622 786 ἔθ’
651 733 855 805 ὁμοίως
883 736 948 804 τῇ
978 732 1218 805 προτέρᾳ
1260 733 1354 785 καὶ
1392 729 1594 801 ταύτην
1635 730 1910 801 γνώριμον

2009 729 2236 801 perinde
2281 736 2554 798 receptam
2601 734 2763 799 atque
2814 729 3165 799 approbatam
3223 730 3394 787 fuisse
3420 772 3437 798 ,
3475 748 3576 804 pro

337 826 681 897 ἐπιστάμεθα
698 843 711 855 ·
731 826 813 879 ὅτι
832 824 961 897 μηδέ
975 826 1101 887 τοὺς
1116 824 1371 895 ἀρχαίους
1386 824 1523 894 αὐτῇ
1538 821 1910 894 κεχρημένους

336 920 514 990 ἴσμεν.
536 918 602 974 Et
648 917 789 973 infra
822 936 837 973 :
871 919 933 971 Ἡ
967 918 1062 989 μὲν
1107 914 1198 972 οὖν
1228 916 1319 971 τοῦ
1364 916 1676 988 Κλήμεντος
1714 915 1906 985 ὁμολο-

2010 830 2164 877 certo
2213 821 2517 876 habemus:
2573 819 3012 889 quandoquidem
3080 824 3409 879 vetustiores
3453 825 3573 893 ejus

2010 914 2324 970 testimonio
2384 927 2727 983 nequaquam
2756 927 2884 968 usos
2935 927 3055 967 esse
3086 915 3471 984 comperimus.
3503 917 3573 973 Et

335 1011 577 1081 γουμένη
621 1010 828 1082 γραφὴ,
861 1010 1139 1081 πρόδηλος.
1174 1009 1311 1082 Lege
1328 1005 1695 1074 Νιεενιιοιιυιι,
1714 1007 1809 1063 lib.
1837 1023 1898 1075 ιι,

2007 1008 2154 1077 infra
2189 1022 2209 1058 :
2241 1004 2307 1058 Et
2332 1003 2629 1059 Clementis
2663 1003 2882 1073 quidem
2928 1018 3049 1072 quae
3096 1006 3329 1073 genuina
3370 1012 3424 1061 et
3454 1023 3575 1062 om-

2004 1100 2156 1154 nium
2218 1112 2492 1153 consensu
2554 1103 2774 1166 recepta
2824 1094 2936 1149 sint
2986 1096 3188 1165 scripta
3220 1135 3235 1160 ,
3269 1096 3383 1165 jam
3436 1100 3570 1155 satis

2002 1192 2191 1265 liquet.
2222 1189 2363 1262 Lege
2398 1188 2658 1243 ΜΑιιιιυι
2698 1187 2751 1241 in
2775 1188 2990 1258 prologo
3021 1187 3089 1241 ad
3130 1205 3287 1259 opera
3308 1188 3567 1261 Dionysii.

334 1116 458 1171 cap.
482 1102 575 1167 46,
596 1108 651 1157 et
674 1101 770 1157 lib.
797 1116 881 1165 ιιι,
918 1116 1039 1173 cap.
1064 1101 1151 1159 i8.

582 1329 769 1400 Ruﬁno
813 1331 1111 1401 interprete.

403 1433 578 1491 Simul
607 1450 660 1494 et
710 1440 777 1495 de
806 1440 1034 1511 epistola
1072 1440 1367 1503 Clementis

328 1524 577 1596 quadam
645 1535 1037 1583 commemorat
1083 1526 1361 1598 (Hegesip-

328 1618 456 1690 pus)
506 1632 626 1688 quae
695 1619 858 1674 etiam
917 1620 1159 1673 inserere
1234 1617 1363 1673 huic

326 1711 480 1780 operi
508 1720 697 1766 nostro
724 1710 1098 1768 necessarium
1126 1708 1274 1765 duxi.

570 1916 761 1989 Ruﬁno
810 1920 1108 1988 interprete.

390 2026 452 2082 In
492 2028 595 2083 hac
648 2030 765 2100 ipsa
793 2028 1063 2098 scriptura
1109 2026 1355 2082 meminit

324 2121 493 2173 etiam
540 2119 872 2190 (Dionysius)
921 2120 1163 2190 epistola:
1226 2120 1349 2175 Cle-

324 2210 528 2264 mentis
556 2209 621 2264 ad
650 2208 967 2266 Corinthios
997 2211 1244 2282 scriptae;
1279 2211 1355 2266 si-

322 2299 589 2369 gniﬁcans
618 2302 789 2357 veteri
840 2303 1089 2357 instituto
1126 2310 1181 2358 et
1211 2304 1353 2356 anti-

319 2404 432 2459 qua
467 2391 858 2447 consuetudine
917 2408 1131 2463 semper
1179 2393 1349 2463 ipsam

320 2482 609 2550 epistolam
642 2482 839 2537 lectam
857 2498 979 2539 esse
1002 2486 1054 2538 in
1086 2484 1349 2541 Ecclesia.

318 2571 564 2643 Denique
614 2575 694 2630 sic
742 2576 921 2631 dicit:
965 2577 1208 2641 Beatam,
1266 2576 1351 2632 in-

316 2664 459 2733 quit,
488 2664 734 2720 duimus
778 2667 1082 2722 hodiernam
1110 2668 1351 2725 Domini-

317 2772 437 2807 eam
466 2757 626 2821 diem,
666 2758 724 2811 in
752 2776 856 2830 qua
913 2761 1127 2831 legimus
1157 2763 1351 2831 episto-

317 2847 426 2898 lam
452 2858 710 2914 vestram,
750 2868 910 2920 quam
952 2863 1001 2907 et
1047 2869 1246 2923 semper
1280 2855 1349 2907 ad

314 2942 489 2994 nostri
509 2945 960 2998 commonitionem
978 2946 1223 3016 legemus,
1248 2948 1352 3002 sie-

315 3042 375 3083 ut
426 3042 474 3086 et
503 3034 659 3088 illam
682 3037 910 3105 priorem
934 3055 963 3092 a
992 3036 1252 3094 Clemente
1279 3040 1348 3094 ad

313 3139 414 3176 nos
436 3126 709 3193 scriptam.

566 3258 752 3329 Ruﬁno
802 3261 1099 3330 interprete.

392 3374 573 3430 Utitur
594 3392 726 3431 sane
754 3380 1038 3450 exemplis,
1069 3381 1230 3436 etiam
1274 3398 1341 3437 ex

311 3466 403 3521 his
438 3467 596 3521 libris
627 3468 720 3537 qui
754 3483 783 3520 a
807 3472 1085 3526 nonnullis
1119 3473 1342 3529 minime

311 3558 611 3626 recipiendi
670 3558 921 3614 videntur
951 3580 965 3615 :
1002 3562 1055 3615 id
1092 3570 1216 3630 est,
1274 3580 1341 3620 ex

312 3646 597 3717 Sapientia
628 3664 747 3718 quze
770 3650 971 3705 dicitur
1014 3650 1342 3723 Salomonis,

312 3746 367 3791 et
384 3756 450 3791 ex
474 3737 753 3809 Sapientia
786 3738 975 3795 Sirach
1007 3758 1127 3812 quae
1160 3743 1344 3813 appel-

310 3830 457 3883 latur
484 3830 899 3887 Ecclesiasticus
928 3834 1067 3903 apud
1095 3833 1337 3892 Latinos:

314 3922 413 3975 sed
442 3933 496 3977 et
542 3925 611 3979 de
649 3924 929 3990 Barnabte,
959 3935 1012 3983 ct
1045 3928 1340 3987 Clementis

309 4014 539 4083 epistola
568 4017 722 4088 ponit
755 4019 1020 4090 exempla.

1429 1326 1695 1385 Ευεειιιυε
1726 1326 1872 1383 Hist.
1919 1327 2077 1410 eccl.,
2108 1326 2207 1384 lib.
2235 1341 2307 1392 tv,
2338 1339 2459 1395 cap.
2485 1324 2577 1382 22.

1513 1442 1765 1497 Ἀκοῦσαι
1807 1442 1871 1512 γέ
1913 1461 1994 1497 τοι
2035 1442 2285 1515 πάρεστι,
2331 1441 2467 1513 μετά

1432 1551 1551 1588 τινα
1581 1534 1708 1606 περὶ
1735 1534 1834 1604 τῆς
1860 1534 2174 1607 Κλήμεντος
2193 1533 2329 1606 πρὸς
2356 1536 2436 1588 Κο

1430 1623 1664 1696 ρινθίους
1695 1623 1984 1695 ἐπιστολῆς
2011 1622 2159 1694 αὑτῷ
2178 1624 2459 1695 εἰρημένα,

1430 1714 1772 1783 ἐπιλέγοντος
1798 1713 1991 1768 ταῦτα.
2024 1713 2166 1786 Lege
2196 1713 2420 1770 NICt-zrtt.
2440 1753 2456 1779 ,

1430 1801 1528 1859 lib.
1563 1818 1636 1868 tv,
1671 1818 1794 1874 cap.
1818 1804 1873 1862 5.

1521 1915 1676 1981 locu,
1712 1917 1865 1983 ibid.,
1902 1918 1996 1973 lib.
2030 1934 2104 1981 tv,
2137 1933 2257 1989 cap.
2293 1918 2384 1973 25.

1507 2028 1594 2081 Ἐν
1628 2028 1763 2097 αὐτῇ
1794 2027 1849 2080 δέ
1876 2026 2044 2099 ταύτῃ
2074 2029 2167 2081 καὶ
2193 2028 2292 2098 τῆς
2312 2028 2458 2099 Κλή-

1429 2138 1620 2192 μεντος
1664 2122 1800 2192 πρὸς
1832 2122 2148 2194 Κορινθίους
2189 2122 2455 2192 μέμνηται

1425 2213 1733 2284 ἐπιστολῆς,
1768 2213 1941 2284 δηλῶν
1971 2213 2231 2267 ἀνέκαθεν
2270 2213 2329 2277 ἐξ
2357 2214 2456 2285 ἀρ-

1423 2304 1575 2375 χαίου
1594 2303 1745 2367 ἔθους
1761 2305 1852 2356 ἐπὶ
1881 2305 1979 2375 τῆς
2012 2304 2332 2374 Ἐκκλησίας
2358 2302 2454 2374 τὴν

1422 2396 1724 2465 ἀνάγνωσιν
1764 2396 1935 2466 αὐτῆς
1965 2394 2251 2449 ποιεῖσθαι.
2294 2396 2455 2463 Λέγει

1423 2489 1587 2557 γοῦν·
1640 2488 1758 2558 Thr
1801 2488 2066 2558 σήμερον
2105 2488 2217 2543 οὖν
2242 2492 2457 2557 Κυρια-

1420 2583 1539 2652 κὴν
1578 2584 1753 2653 ἁγίαν
1796 2584 2024 2651 ἡμέραν
2063 2582 2417 2653 διηγάγομεν
2438 2622 2453 2646 ,

1419 2673 1535 2743 ἐνῇ
1570 2674 1983 2746 ἀνεγνώκαμεν
2007 2673 2172 2744 ὑμῶν
2196 2674 2310 2743 τὴν
2335 2674 2459 2728 ἐπι-

1419 2767 1650 2835 στολήν
1668 2785 1682 2799 ο
1701 2768 1782 2836 ἢν
1793 2768 2009 2837 ἕξομεν
2036 2767 2128 2821 ἀεί
2147 2782 2289 2819 ποτε
2316 2768 2459 2821 ἀνα-

1419 2858 1813 2929 γινώσκοντες
1865 2858 2270 2914 νουθετεῖσθαι
2295 2896 2310 2922 ,
2379 2858 2458 2923 ὠς

1422 2949 1517 3004 καὶ
1543 2950 1655 3018 thr
1684 2948 1977 3017 προτέραν
2004 2947 2149 3017 ἡμῖν
2175 2947 2273 3000 διὰ
2300 2946 2457 3012 Κλή-

1413 3056 1632 3108 μεντος
1662 3038 2011 3109 τραφεῖσαν.
2045 3036 2186 3107 Lege
2205 3035 2454 3103 NICEPB.,

1385 3165 1389 3169 ν
1416 3136 1512 3191 lib.
1543 3151 1619 3194 tv.
1647 3152 1768 3207 cap.
1796 3135 1850 3192 8.

1527 3266 1680 3333 lat-zu,
1712 3268 1866 3333 ibid.,
1900 3269 1993 3326 lib.
2025 3284 2099 3332 tv,
2128 3282 2249 3337 cap.
2285 3266 2370 3321 l3.

1482 3387 1762 3458 Κέχρηται
1806 3386 1849 3438 δ’
1892 3387 1949 3440 ἐν
1978 3386 2161 3448 αὐτοῖς
2188 3385 2282 3438 καὶ
2328 3385 2447 3444 ταῖς

1412 3478 1521 3531 ἀπὸ
1574 3479 1682 3532 τῶν
1744 3476 2168 3548 ἀντιλεγομένων
2222 3474 2449 3547 Γραφῶν

1419 3571 1772 3643 μαρτυρίαιςο
1807 3570 1907 3640 τῆς
1933 3587 1991 3622 τε
2018 3568 2312 3640 λεγομένης
2351 3568 2449 3620 Σο-

1414 3661 1687 3733 λομῶντος
1710 3661 1931 3731 Σοφίας,
1979 3660 2073 3715 καὶ
2116 3660 2216 3730 τῆς
2270 3658 2445 3731 Ἰησοῦ

1413 3752 1508 3806 τοῦ
1537 3750 1729 3823 Σιράχ,
1758 3751 1851 3805 καὶ
1869 3751 1969 3821 τῆς
1986 3749 2124 3822 πρὸς
2164 3749 2447 3822 Ἐϐραίους

1426 3842 1762 3913 Ἐπιστολῆς,
1804 3843 1904 3913 τῆς
1944 3860 2001 3895 τε
2038 3840 2312 3913 Βαρνάϐα,
2353 3843 2446 3896 καὶ

1411 3935 1745 4007 Κλήμεντος,
1789 3934 1883 3987 καὶ
1945 3933 2131 3988 Ἰούδα.
2177 3929 2397 3989 Ntcspu.
2424 3977 2440 4003 ,

1412 4025 1504 4081 lib.
1532 4040 1605 4090 1v,
1629 4040 1748 4097 cap.
1777 4025 1864 4080 35.

1898 4196 1966 4256 γ.

2779 1320 2981 1377 Valesio
3012 1324 3311 1394 interprete.

2605 1433 2898 1507 Postquam
2927 1435 3308 1511 (Hegesippus)
3346 1437 3413 1493 de
3445 1438 3570 1495 Cle-

2534 1531 2734 1586 mentis
2804 1531 2866 1586 ad
2952 1530 3267 1589 Corinthios
3334 1532 3568 1603 epistola

2531 1620 2778 1690 quaedam
2836 1621 3303 1687 commemoravit,
3332 1622 3443 1678 haec
3471 1624 3565 1677 ad-

2529 1712 2630 1780 dit,
2660 1728 2780 1784 quaa
2803 1728 2925 1778 nos,
2957 1714 3002 1768 si
3032 1714 3229 1785 placet,
3256 1715 3565 1787 audimus.

2765 1918 2973 1974 Valesio
2995 1921 3291 1992 interprete.

2599 2030 2656 2085 In
2703 2032 2807 2087 hac
2844 2034 2961 2103 ipsa
3000 2034 3163 2089 etiam
3210 2036 3439 2105 epistola
3473 2036 3561 2105 (ad

2530 2119 2798 2192 Soterem)
2839 2124 3089 2177 meminit
3114 2123 3428 2196 (Dionysius
3456 2127 3563 2182 Co-

2527 2212 2787 2283 rinthius)
2856 2212 3158 2269 Clementis
3212 2217 3455 2285 epistola:
3492 2218 3561 2271 ad

2526 2304 2840 2360 Corinthios
2873 2306 3110 2375 scriptae,
3143 2322 3304 2375 quam
3330 2322 3393 2361 ex
3420 2309 3562 2378 pris-

2527 2410 2592 2448 ca
2620 2396 3018 2451 consuetudine
3050 2396 3103 2450 in
3162 2396 3406 2453 Ecclesia
3456 2400 3558 2470 legi

2529 2488 2743 2543 solitam
2774 2504 2897 2545 esse
2950 2497 3187 2545 testatur
3213 2491 3298 2546 his
3329 2492 3509 2546 verbis
3542 2510 3556 2546 :

2533 2578 2725 2644 Hodie,
2754 2581 2953 2651 inquit,
2978 2597 3190 2634 sacrum
3214 2580 3352 2634 diem
3383 2581 3563 2637 Domi-

2530 2672 2702 2724 nirum
2732 2672 3100 2742 transegimus,
3134 2670 3188 2723 in
3221 2688 3323 2741 quo
3366 2673 3553 2741 episto-

2532 2764 2636 2817 lam
2654 2775 2876 2819 vestram
2893 2766 3131 2836 legimus,
3178 2782 3333 2835 quam
3350 2766 3558 2835 quidem

2526 2866 2770 2924 perpetuo
2792 2858 3029 2925 deinceps
3054 2857 3274 2926 legentes
3291 2896 3305 2921 ,
3340 2856 3555 2926 perinde

2528 2964 2590 3001 ac
2613 2948 2838 3017 priorem
2871 2949 3022 3001 illam
3063 2949 3209 3002 nobis
3235 2965 3267 3000 a
3295 2947 3558 3006 Clemente

2528 3039 2778 3107 scriptam
2801 3038 3096 3107 epistolam,
3129 3040 3341 3107 optimis
3368 3055 3559 3107 prtere-

2524 3130 2627 3193 ptis
2651 3145 2713 3181 ac
2736 3129 3057 3182 documentis
3148 3127 3553 3184 abundabimus.

2810 3260 3019 3315 Valesio
3046 3262 3340 3331 interprete.

2594 3379 2652 3434 In
2672 3378 2862 3435 iisdem
2893 3380 3047 3435 libris
3073 3378 3447 3455 (Stromateis)
3472 3383 3554 3436 af-

2521 3471 2625 3526 fert
2649 3469 2921 3538 (Clemens
2945 3469 3368 3543 Alexandrinus)
3401 3476 3553 3528 testi-

2521 3560 2709 3616 monia
2740 3560 3147 3631 Scripturarum
3184 3576 3304 3631 qua:
3332 3576 3363 3615 a
3410 3578 3550 3618 non-

2526 3657 2692 3711 nullis
2716 3656 3107 3725 repudiantur:
3139 3672 3332 3727 nempe
3351 3671 3414 3712 ex
3449 3654 3551 3713 Sa-

2526 3748 2729 3818 pientia
2759 3763 2880 3819 qua:
2903 3748 3105 3803 dicitur
3125 3748 3453 3814 Salomonis,
3497 3761 3549 3805 et

2518 3853 2586 3893 cx
2649 3837 2925 3908 Sapientia
2983 3835 3111 3893 Jesu
3181 3837 3277 3891 ﬁlii
3319 3836 3545 3907 Sirach;

2516 3936 2643 3990 item
2680 3950 2747 3988 ex
2792 3933 3034 4004 Epistola
3074 3934 3141 3989 ad
3187 3933 3465 4000 Hebraeos,
3494 3941 3549 3989 et

2514 4041 2581 4081 ex
2610 4024 2887 4092 Barnabm,
2918 4025 3236 4093 Clementis,
3290 4025 3548 4098 Judaeque

2512 4114 2779 4187 epistolis.

1115 4308 1385 4366 Cvntttus
1411 4309 1953 4380 Hierosolymitanus,
1981 4308 2269 4370 Cateches.
2300 4332 2457 4387 xvttt,
2484 4333 2605 4391 cap.
2646 4319 2702 4387 8,

1446 4403 1575 4458 edit.
1608 4401 1809 4468 Paris.,
1845 4403 2007 4469 1720,
2039 4420 2162 4477 pag.
2185 4406 2311 4475 288,
2339 4408 2403 4465 D.

376 4515 536 4589 ᾜδει
579 4514 708 4579 Θεὸς
734 4515 842 4569 τῶν
876 4516 1175 4588 ἀνθρώπων
1214 4516 1309 4589 τὴν
1336 4518 1612 4580 ἀπιστίαν,
1644 4518 1737 4571 κα)⁸
1784 4517 1878 4590 ὅρ-
1910 4526 1928 4580 1

2049 4519 2287 4576 Noverat
2308 4522 2453 4580 Deus
2504 4503 2646 4580 hanc
2669 4525 2947 4580 hominum
2984 4528 3039 4581 in
3068 4526 3340 4583 credendo
3364 4533 3545 4599 pervi-

311 4622 425 4661 νεον
438 4611 520 4671 εις
537 4607 692 4660 τοῦτο
706 4610 1122 4680 κατειργάσατο,
1142 4610 1355 4679 φοίνικα
1365 4609 1505 4666 οὕτω
1519 4611 1871 4681 καλούμενον.

310 4700 500 4764 Τοῦτο,
551 4701 627 4764 ώς
656 4701 856 4773 γράφει
884 4701 1133 4773 Κλήμης,
1181 4703 1274 4755 καὶ
1303 4703 1573 4775 ἱστοροῦσι
1605 4704 1871 4768 πλείονες,

309 4794 598 4864 μονογενὲς
616 4793 876 4865 ὑπάρχον,
891 4793 1031 4847 κατὰ
1046 4794 1143 4865 τ’ὴν
1157 4795 1461 4862 Αἰγυπτίων
1491 4794 1672 4866 χώραν
1700 4796 1756 4849 ἐν
1778 4814 1873 4848 πε-

1979 4614 2209 4679 caciam,
2242 4622 2405 4685 atque
2434 4614 2501 4670 ad
2528 4616 2580 4671 id
2634 4632 2787 4672 avem
2832 4620 3189 4689 comparavit,
3232 4620 3540 4690 phoenicem

1981 4708 2326 4777 appellatam.
2358 4708 2504 4776 Haec,
2537 4718 2596 4765 ut
2638 4711 2827 4766 scribit
2856 4711 3129 4773 Clemens,
3159 4711 3359 4783 aliique
3387 4728 3539 4767 com-

1980 4801 2165 4869 plures
2210 4811 2456 4865 narrant,
2490 4817 2614 4857 cum
2660 4802 2732 4859 sit
2770 4804 3023 4874 unigena,
3056 4803 3109 4857 in
3162 4802 3539 4876 Egyptiorum

308 4884 501 4955 ριόδοις
553 4886 920 4939 πεντακοσίων
963 4885 1099 4939 ἐτῶν
1142 4886 1453 4957 ἐρχόμενον,
1497 4886 1730 4940 δείκνυσι
1774 4886 1870 4959 τὴν

1985 4891 2254 4961 regionem
2301 4892 2613 4962 quingentis
2654 4891 2963 4962 quibusque
3015 4891 3175 4946 annis
3222 4892 3537 4955 adveniens,

305 4976 620 5031 ἀνάστασιν
670 4976 770 5030 οὐκ
808 4977 866 5031 ἐν
897 4978 1126 5049 ἐρήμοις
1166 4978 1368 5042 τόποις,
1400 4979 1485 5031 ἵνα
1518 4979 1591 5051 μὴ
1631 4979 1867 5052 ἀγνοηθῇ

305 5068 366 5120 τὸ
394 5070 691 5140 μυστήριον
717 5068 1012 5139 γινόμενον,
1043 5068 1155 5122 ἀλλ’
1187 5070 1244 5123 ἐν
1276 5073 1483 5143 φανερᾷ
1512 5072 1661 5125 πόλει
1692 5090 1872 5144 παρα-

304 5159 611 5228 γενόμενον,
656 5161 742 5213 τνα
788 5159 1078 5232 ψηλαφηθῇ
1123 5160 1185 5215 τὸ
1220 5162 1635 5234 ἀπιστούμενον.
1696 5164 1869 5235 Σηκὸν

304 5252 413 5322 γὰρ
439 5253 613 5323 ἐαυτῷ
639 5254 872 5324 ποιῆσαν
900 5254 964 5307 ἐκ
989 5254 1204 5308 λιϐάνου
1233 5256 1327 5308 καὶ
1367 5256 1629 5328 σμύρνης,
1652 5257 1746 5309 καὶ
1761 5257 1870 5311 λοι-

305 5345 425 5397 πῶν
469 5348 793 5418 ἀρωμάτων,
835 5349 929 5402 καὶ
958 5349 1016 5401 ἐν
1056 5352 1122 5419 τῇ
1168 5348 1551 5421 συμπληρώσει
1582 5350 1690 5403 τῶν
1733 5348 1869 5402 ἐτῶν

303 5439 383 5499 εἰς
426 5439 613 5493 τοῦτον
657 5440 911 5504 εἰσελθὸν,
938 5440 1160 5511 τελευτᾷ
1198 5442 1443 5513 φανερῶς
1470 5443 1564 5495 καὶ
1605 5443 1866 5514 σήπεται’

304 5524 421 5582 εἶτα
469 5532 534 5584 ἐκ
584 5532 683 5602 τῆς
730 5532 992 5603 σαπείσης
1038 5532 1238 5604 σαρκὸς
1276 5531 1371 5585 τοῦ
1414 5533 1828 5605 τελευτήσαντος
1850 5573 1866 5599 ,

308 5621 519 5691 σκώληξ
544 5639 629 5685 τις
656 5626 924 5691 γεννᾶται·
955 5624 1048 5677 καὶ
1091 5615 1245 5687 οὗτος
1273 5623 1543 5695 αὐξηθεὶς,
1578 5627 1656 5689 είς
1683 5626 1867 5698 ὄρνεον

308 5714 626 5783 μορφοῦται.
676 5714 975 5787 Paucisque
1003 5715 1339 5785 interiectis:
1386 5712 1518 5772 Εἶτα
1562 5720 1866 5791 πτεροφυή-

1976 4982 2435 5036 resurrectionem
2463 4981 2701 5039 ostendit
2735 5000 2748 5037 :
2788 4997 2899 5036 non
2926 4981 2980 5035 in
3008 4981 3240 5038 desertis
3267 4982 3423 5042 locis.
3470 4997 3539 5037 ne

1976 5087 2066 5126 res
2088 5073 2179 5125 illa
2216 5071 2535 5142 mysterium
2568 5071 2731 5137 facta,
2758 5073 2978 5139 lateret;
3003 5070 3097 5127 sed
3123 5073 3178 5126 in
3208 5071 3343 5126 urbe
3403 5086 3537 5126 con-

1970 5167 2155 5237 spicua
2170 5176 2490 5237 praesentem
2520 5183 2580 5224 se
2609 5168 2834 5231 sistens,
2876 5175 2937 5221 ut
2976 5181 3139 5221 manu
3171 5172 3538 5222 contrectetur

1976 5258 2121 5328 quod
2152 5259 2354 5329 alioqui
2390 5258 2549 5314 ﬁdem
2585 5274 2694 5313 non
2722 5257 3015 5313 inveniret.
3042 5256 3371 5312 Constructo
3391 5256 3533 5312 enim

1977 5350 2082 5405 sibi
2104 5367 2170 5406 ex
2196 5352 2376 5419 thure,
2417 5351 2638 5422 myrrha
2662 5351 2983 5418 caeterisque
3012 5349 3347 5404 aromatibus
3384 5347 3533 5411 nido,

1977 5442 2033 5497 in
2064 5444 2209 5498 hunc
2238 5444 2452 5513 expleto
2480 5457 2747 5498 annorum
2778 5443 3056 5498 curriculo
3082 5442 3394 5512 ingrediens
3414 5456 3534 5495 mo-

1974 5539 2114 5593 ritur
2160 5536 2334 5607 palam
2389 5550 2453 5591 ac
2509 5535 2794 5607 putrescit.
2854 5534 3057 5591 Deinde
3113 5551 3180 5591 ex
3233 5532 3534 5605 putrefacta

1975 5636 2203 5683 mortuae
2245 5624 2360 5681 avis
2391 5640 2555 5680 carne
2583 5624 2785 5679 vermis
2817 5625 3035 5696 quidam
3068 5625 3380 5691 enascitur;
3416 5622 3534 5678 bic-

1974 5733 2078 5789 que
2110 5725 2457 5788 augmentum
2479 5716 2720 5789 capiens,
2760 5716 2813 5770 in
2836 5717 3111 5773 volucrem
3135 5714 3527 5771 conformatur.
