4070 6340
508 290 578 359 59
1625 300 1714 357 ΑΒ
1755 301 1814 358 S.
1855 300 2095 356 (ΣΙ.Εῆίεί

2157 298 2278 360 ΓΕΜ
2316 304 2335 361 l
2371 304 2601 362 PAPAM
3652 312 3722 367 ιθ

512 430 613 477 σας
652 412 680 465 ό
730 410 1123 484 προειρημένος
1163 407 1355 481 φοῖνιξ,
1397 411 1492 465 καὶ
1536 411 1737 476 τέλειος
1771 406 1881 476 οἷος
1930 407 2001 485 ἦν
2043 413 2072 465 ό

2178 415 2470 490 Paucisqste
2519 419 2804 491 interjectis
2846 436 2866 476 :

507 506 793 579 πρότερος,
826 502 999 574 φοῖνιξ
1042 504 1343 575 γενόμενος,
1383 504 1671 558 ἀνίπταται
1710 503 1947 568 τοιοῦτος
1993 506 2072 567 είς

506 599 645 671 ἀέρα
666 635 681 662 ,
730 592 839 660 οἷος
884 596 979 649 καὶ
1024 594 1421 667 ἐτετελευτήκει
1467 595 1808 667 σαφεστάτην
1860 595 2069 668 νεκρῶν

505 689 799 746 ἀνάστασιν
827 687 1132 761 ἀνθρώποις
1158 687 1446 753 ἐπιδείξας.

2071 867 2158 926 Vl.

2924 421 3119 479 Postea
3171 424 3389 495 phmnix
3433 427 3726 497 praedictus

2176 505 2481 575 plumescit,
2512 507 2912 580 perfectusque,
2942 514 3119 582 qualis
3149 521 3268 568 erat
3294 514 3465 585 prior.
3505 516 3727 586 phoenix

2173 595 2369 664 factus,
2398 596 2454 651 in
2482 612 2608 653 aera
2632 599 2754 654 talis
2782 601 2981 666 avolat,
3019 604 3196 673 qualis
3228 612 3346 659 erat
3394 620 3519 659 eum
3549 623 3730 662 more-

2171 696 2341 752 retur,
2389 689 2849 746 evidentissimam
2888 701 3225 748 mortuorum
3268 697 3726 753 resurrectionem

2168 775 2480 834 hominibus
2504 788 2805 839 ostentans.
2832 781 3003 850 Epist.
3030 785 3081 849 1,
3106 800 3225 855 cap.
3252 784 3341 841 25.

1274 964 1621 1031 Eetrnsmus,
1645 965 1863 1020 Advers.
1904 962 2315 1034 Carpocrasios,
2347 963 2552 1021 Haeresi
2578 966 2667 1034 27,
2694 985 2844 1043 num.
2892 969 2945 1027 6.

574 1060 736 1131 Λέγει
766 1059 874 1133 γάρ
905 1060 963 1115 ὲν
996 1061 1094 1132 μιᾷ
1120 1059 1227 1114 τῶν
1255 1059 1553 1115 ἐπιστολῶν
1580 1057 1743 1113 αὐτοῦ
1762 1074 1776 1090 ο
1823 1059 2075 1126 Ἀναχω-

494 1155 604 1225 Ρῶ,
628 1155 848 1225 ἄπειμι,
871 1152 1213 1220 tramenta)
1231 1155 1265 1207 ὁ
1282 1153 1431 1219 λαὸς
1456 1151 1562 1206 τοῦ
1584 1151 1750 1206 Θεοῦ·
1782 1149 1895 1204 τιιὴ⁵
1916 1148 2075 1203 τοῦτο

506 1246 914 1320 συμϐουλεύων·
958 1245 1189 1319 εὕρομεν
1229 1244 1336 1317 γὰρ
1378 1243 1434 1299 ἐν
1475 1259 1618 1298 τισιν
1660 1243 2072 1314 ὑπομνηματισ-

508 1341 627 1412 μοῖς
654 1339 809 1392 τοῦτο
829 1338 1160 1409 ἐγκείμενον.

2247 1056 2384 1112 Dicit
2408 1059 2551 1113 enim
2579 1059 2872 1133 (Clemens)
2899 1062 2952 1117 in
2981 1062 3087 1117 una
3101 1062 3453 1134 epistularum
3479 1078 3725 1121 suarum:

2172 1146 2392 1213 Recedo,
2423 1149 2570 1215 abeo,
2603 1153 2759 1207 instet
2816 1153 3039 1222 populus
3085 1154 3214 1217 Dei;
3260 1156 3535 1210 nonnullis
3575 1156 3727 1210 vide-

2172 1240 2298 1294 licet
2345 1240 2449 1295 hoc
2499 1243 2659 1297 modo
2700 1244 2993 1299 consulens
3045 1263 3057 1299 :
3112 1260 3235 1299 nam
3289 1245 3343 1300 in
3401 1242 3724 1316 quibusdam

2169 1332 2578 1388 commentariis
2631 1332 2704 1387 ita
2752 1334 3012 1404 scriptum
3072 1335 3396 1406 reperimus.
3451 1334 3622 1406 Epist.
3670 1335 3721 1399 l,

2168 1437 2288 1492 cap.
2313 1423 2401 1478 54.

1438 1518 1589 1602 lusu,
1612 1536 1829 1592 Advers.
1866 1532 2165 1594 Ebiomeos,
2190 1529 2391 1588 Βᾶθι-θεῖ
2416 1534 2506 1599 30,
2544 1549 2696 1589 num.
2730 1535 2816 1591 l5.

572 1619 743 1701 Λΰτδς
775 1632 1007 1709 Κλήμης
1035 1618 1233 1699 αὖτοὺς
1260 1632 1401 1689 κατά
1428 1632 1604 1687 πάντα
1633 1627 1747 1697 ἐλέει
1758 1634 1840 1698 χει
1867 1625 1960 1695 ἀφ’
1992 1617 2066 1677 ὧν

500 1729 733 1803 ἔγραψεν
776 1726 1072 1803 ἐπιστολῶν
1118 1726 1438 1795 ἐγκυκλίων,
1478 1722 1584 1777 τῶν
1631 1723 1689 1774 ὲν
1720 1721 1839 1781 ταῖς
1884 1716 2113 1803 ἀγίαιςί

504 1801 851 1890 Ἐκκλησίαις
880 1814 1417 1886 ἀναγινωσκομένων,
1454 1814 1535 1866 ὅτι
1563 1811 1719 1868 ἄλλον
1750 1812 1862 1883 ἔχει
1888 1828 2059 1883 χαρα-

496 1917 674 1987 κτῆρα
702 1917 732 1985 ἡ
762 1908 951 1966 ἑαυτοῦ
1000 1907 1180 1970 πίστις
1212 1906 1306 1960 καὶ
1339 1907 1366 1959 ό
1398 1904 1585 1973 λόγος,
1646 1903 1796 1974 παρὰ
1841 1901 1909 1957 τὰ
1954 1902 2060 1955 ὑπὸ

495 2005 697 2059 τούτων
730 2005 808 2066 είς
837 2002 1003 2073 ὄνομα
1027 1997 1187 2053 αὑτοῦ
1228 2000 1284 2050 ὲν
1311 2000 1430 2059 ταῖς
1468 1994 1771 2063 Περιόδοις
1813 1993 2058 2071 νενοθευτ

499 2096 633 2167 μένα
657 2113 670 2126 -
700 2095 860 2158 αὐτὸς
888 2093 994 2166 γὰρ
1027 2089 1322 2163 παρθενίαν
1345 2087 1586 2141 διδάσκει
1611 2124 1626 2150 ,
1665 2085 1761 2139 καὶ
1799 2085 1951 2139 αὐτοὶ
1997 2084 2059 2138 οὐ

494 2183 766 2255 δέχονται’
798 2182 958 2245 αὐτὸς
983 2180 1092 2251 γὰρ
1124 2176 1457 2249 ἐγκωμιάζει
1494 2175 1711 2242 Ἠλίαν,
1755 2177 1849 2231 καὶ
1871 2172 2057 2234 Δασὶδ.

499 2272 592 2324 καὶ
634 2271 891 2343 Σαμψὼν,
923 2273 1017 2327 καὶ
1047 2272 1256 2334 πάντας
1284 2271 1412 2333 τοὺς
1439 2268 1744 2341 προφήτας,
1785 2262 1880 2326 οὒς
1915 2255 2059 2313 οὗτοι

500 2360 883 2433 βδελύττονται.

2241 1622 2494 1680 Clemens
2537 1625 2651 1697 ipse
2715 1629 2967 1684 omnibus
3006 1628 3126 1684 illos
3173 1627 3499 1699 (Ehionaeos)
3545 1629 3722 1685 modis

2170 1713 2445 1786 redarguit
2474 1716 2540 1771 iis
2569 1718 2814 1788 epistolis
2848 1720 3227 1782 circularibus,
3255 1736 3375 1788 qua:
3398 1719 3466 1774 ab
3492 1735 3558 1775 eo
3583 1721 3723 1775 scri-

2167 1813 2270 1875 pta:
2316 1807 2372 1861 in
2422 1811 2789 1865 sacrosanctis
2820 1812 3078 1867 Ecclesiis
3117 1812 3384 1881 leguntur.
3415 1810 3493 1865 Ex
3519 1810 3719 1880 quibus

2166 1906 2401 1963 constat,
2437 1900 2593 1971 longe
2641 1903 2709 1955 ab
2757 1902 2825 1957 iis
2869 1918 2989 1972 quae
3035 1903 3088 1957 in
3120 1898 3439 1956 Circuitibus
3481 1902 3590 1956 illis
3615 1901 3719 1955 sub

2165 1989 2286 2058 ejus
2316 1991 2537 2046 nomine
2568 1992 2870 2048 adulterina
2900 2002 3135 2058 exstant,
3167 1994 3311 2048 illius
3340 1993 3494 2047 ﬁdem
3520 2007 3582 2045 ac
3603 2007 3717 2047 ser-

2168 2095 2380 2135 monem
2428 2083 2794 2140 abhorruisse.
2823 2085 3032 2139 Etenim
3064 2085 3424 2156 virginitatem
3465 2083 3717 2139 Clemens

2164 2172 2403 2235 edocuit.
2432 2183 2485 2228 et
2510 2175 2598 2231 isti
2635 2176 2960 2246 repudiant:
3000 2175 3089 2231 ille
3136 2175 3329 2242 Etiam,
3361 2173 3613 2230 Davidem
3661 2178 3716 2227 et

2165 2257 2517 2329 Sampsonem
2542 2278 2838 2335 omnesque
2866 2264 3158 2335 prophetas
3181 2262 3552 2329 commendat,
3575 2270 3717 2333 quos

2163 2344 2215 2399 hi
2248 2345 2609 2407 detestantur.

2036 2477 2151 2533 Vll.

955 2585 1321 2651 Hisnmmms,
1359 2585 1464 2641 lib.
1497 2584 1569 2639 De
1590 2582 1714 2637 viris
1732 2560 2052 2637 illustribus,
2084 2584 2206 2641 cap.
2241 2572 2327 2663 l5,
2360 2589 2484 2630 cum
2517 2587 2696 2632 vetere
2726 2576 2912 2635 Graeco
2942 2582 3259 2653 interprete.

567 2666 836 2741 Κλήμης,
876 2671 1006 2742 περὶ
1031 2665 1094 2724 οὗ
1128 2672 1338 2738 Παῦλος
1361 2675 1389 2727 ό
1437 2675 1753 2740 Ἀπόστολος
1786 2677 1922 2749 πρὸς
1966 2668 2069 2734 ᾧτε

496 2757 822 2832 λιππησίους
864 2762 1110 2832 γράφων,
1142 2762 1324 2832 λέγει’
1350 2765 1512 2842 Μετὰ
1546 2766 1647 2821 καὶ
1686 2766 2063 2839 Κλήμεντος,

495 2849 639 2917 κτλ.,
675 2852 935 2925 τέταρτος
964 2855 1099 2925 μετὰ
1119 2856 1322 2928 Πέτρον
1354 2856 1568 2931 Ῥώμης
1593 2860 1915 2926 ἐπίσκοποςο
1943 2862 2062 2916 δεύ-

492 2957 649 3012 τερος
679 2940 788 3014 γὰρ
819 2944 976 3007 Αἶνος
1005 2943 1237 3013 ἐγένετο,
1271 2945 1451 3017 τρίτος
1490 2946 1862 3021 Ἀνέγκλητος,
1897 2953 1947 3005 εί
1967 2954 2060 3007 καὶ

492 3032 676 3088 πολλοὶ
698 3032 806 3086 τῶν
856 3032 1136 3105 Ῥωμαίων
1158 3035 1616 3106 ὑπολαμϐάνουσι,
1641 3039 1889 3113 δεύτερον
1920 3043 2059 3113 μετὰ
2079 3072 2120 3129 c

490 3126 581 3180 τδν
612 3125 905 3180 ἀπόστολον
934 3127 1136 3200 Πέτρον
1164 3128 1486 3199 γεγενῆσθαι
1508 3131 1817 3203 Κλήμεντα.
1857 3135 2060 3208 Ἔγρα-

487 3217 588 3289 ψεν
620 3220 684 3271 ὲκ
723 3217 1014 3291 προσώπου
1047 3221 1146 3290 τῆς
1190 3219 1512 3291 Ἐκκλησίας
1551 3222 1767 3295 Ῥώμης
1794 3226 1929 3297 πρὸς
1960 3227 2058 3300 τὴν

487 3310 547 3366 ἀν
573 3311 823 3383 Κορίνθῳ
863 3309 1186 3383 Ἐκκλησίαν
1219 3311 1503 3383 ἐπιστολὴν
1537 3314 1677 3368 πάνυ
1701 3315 2056 3389 θαυμαστὴν,

486 3402 609 3476 ἥτις
643 3406 700 3457 ἐν
728 3406 979 3477 φανεροῖς
998 3404 1182 3468 τόποις
1213 3403 1446 3478 δημοσίᾳ
1492 3406 1947 3475 ἀναγινώσκεται,
1980 3409 2056 3481 τῷ

2228 2662 2498 2729 Clemens.
2530 2668 2596 2723 de
2622 2685 2728 2739 quo
2756 2673 3035 2741 apostolus
3080 2672 3280 2730 Paulus
3302 2674 3369 2729 ad
3401 2673 3712 2747 Philippen-

2158 2770 2247 2811 ses
2294 2757 2394 2828 (IV,
2425 2759 2479 2830 3)
2510 2761 2757 2817 scribens
2802 2764 2875 2817 ait
2915 2766 3089 2821 :Cum
3131 2767 3390 2822 Clemente
3418 2776 3466 2820 et
3506 2771 3715 2825 cwteris'

2154 2850 2575 2917 cooperatoribus
2606 2853 2754 2917 meis,
2780 2870 3000 2924 quorum
3026 2858 3237 2910 nomina
3258 2858 3455 2927 scripta
3483 2868 3607 2913 sunt
3653 2860 3710 2913 in

2153 2934 2288 2988 libro
2314 2936 2431 2990 υίιιε
2464 2953 2483 2991 :
2525 2944 2752 3007 quartus
2780 2948 2902 3009 post
2918 2938 3135 2997 Petrum
3172 2941 3354 2997 Romae
3377 2942 3711 3017 episcopusr

2152 3025 2421 3096 siquidem
2455 3029 2734 3086 secundus
2773 3029 2943 3087 Linus
2974 3032 3095 3096 fuit.
3141 3034 3335 3090 tertius
3376 3031 3708 3107 Anacletus:

2155 3117 2369 3173 tametsi
2395 3118 2637 3189 plerique
2651 3118 2992 3189 Latinorum,
3017 3124 3313 3180 secundum
3343 3134 3465 3196 post
3486 3123 3711 3183 Petrum’

2154 3209 2459 3278 apostolum
2520 3216 2712 3280 putent
2749 3211 2920 3268 fuisse
2969 3213 3317 3270 Clementem.
3372 3214 3603 3287 Scripsit
3635 3220 3705 3273 ei

2150 3318 2383 3373 persona
2413 3301 2671 3360 Romana:
2693 3305 2949 3362 Ecclesia:
2985 3308 3051 3361 ad
3073 3306 3370 3364 Ecclesiam
3401 3308 3708 3365 Corinthio-'

2148 3408 2269 3448 rum
2290 3394 2445 3450 valde
2474 3396 2660 3451 utilem
2692 3397 2999 3467 epistolam,
3024 3414 3145 3469 qua:
3165 3406 3220 3454 et
3246 3400 3301 3453 in
3324 3401 3601 3455 nonnullis
3624 3400 3704 3455 lo‘~

486 3497 795 3569 χαρακτῆρι
836 3497 934 3569 τῆς
978 3497 1115 3569 πρὸς
1157 3497 1439 3569 Ἐϐραίους
1480 3498 1794 3571 Ἐπιστολῆς
1843 3500 2055 3555 Παύλου

2157 3486 2229 3541 cis
2282 3487 2497 3560 publice
2542 3489 2757 3561 legitur,
2784 3505 2904 3560 qua;
2950 3491 3082 3545 mihi
3140 3490 3354 3545 videtur
3403 3491 3709 3546 characteri

487 3589 805 3661 συνᾴδοντα,
838 3588 898 3642 οὺ
924 3589 1081 3659 μόνον
1108 3590 1391 3660 νοήμασιν,
1425 3589 1565 3645 ἀλλὰ
1588 3592 1682 3646 καὶ
1711 3592 1911 3663 λόγοις.
1928 3594 2062 3650 Καὶ

2157 3574 2412 3647 Epistolm,
2431 3595 2551 3650 qua:
2575 3581 2676 3635 sub
2702 3579 2854 3635 Pauli
2885 3583 3103 3638 nomine
3131 3584 3196 3638 ad
3223 3582 3475 3639 Hebrzeos
3504 3583 3699 3648 fertur,

488 3676 671 3739 ἁπλῶς
702 3676 929 3746 μεγίστη
970 3675 1118 3728 ἐστὶν
1148 3675 1204 3728 ὲν
1236 3674 1470 3747 ἑκατέρᾳ
1514 3674 1785 3745 ὁμοίωσις.
1826 3676 2049 3747 Φέρεται

486 3767 581 3819 καὶ
621 3767 781 3837 ἑτέρα
828 3764 889 3832 ἐξ
939 3766 1202 3838 ὀνόματος
1242 3765 1405 3819 αὑτοῦ
1446 3759 1585 3818 εἶναι
1623 3748 1897 3838 ὲπιστᾶλὴ,
1929 3768 2049 3837 ἣτις

487 3857 637 3928 παρά
668 3856 882 3912 πάντων
907 3856 1386 3929 ἀποδοκιμάζεται.
1434 3858 1543 3911 Καὶ
1570 3844 1811 3926 διάλογος
1841 3858 2045 3929 Πέτρου

486 3949 579 3999 καὶ
619 3948 877 4011 Ἀπίωνος
920 3947 1114 4020 μακρῷ
1140 3946 1282 4018 λόγῳ
1320 3950 1661 4017 συνταγεϊσα,
1701 3949 1888 4020 ἥντινα
1942 3950 2051 4004 Εὑέ

483 4023 661 4089 σισιος
695 4019 907 4079 εὐθύνει
948 4026 1009 4082 ὲν
1034 4019 1112 4100 τῷ
1142 4025 1311 4100 τρίτῳ
1363 4024 1465 4097 τῆς
1519 4019 2051 4099 Ἐκκληνσιαστικῆς

477 4117 744 4186 ἱστορίας
774 4117 973 4190 τεύχει.
996 4117 1232 4191 Τελευτᾷ
1255 4118 1333 4190 τῷ
1359 4120 1527 4193 τρίτῳ
1568 4120 1800 4193 ἐνιαυτῷ
1841 4121 2053 4192 Τραῖα-ι’

484 4207 595 4273 νοῦ,
618 4208 709 4262 καὶ
736 4208 834 4281 τὴν
848 4208 1036 4264 τούτου
1060 4211 1276 4282 μνήμην
1294 4212 1421 4284 ἄχρι
1435 4213 1671 4285 τήμερον
1682 4213 1748 4281 ,ὲν
1764 4213 1830 4284 τῇ
1862 4210 2053 4285 Ῥώμῃ

484 4302 894 4375 οἰκοδομηθεῖσα
929 4301 1193 4375 ἐκκλησία
1221 4303 1504 4375 φυλάττει.

2145 3670 2458 3727 convenire.
2490 3668 2595 3726 Sed
2624 3678 2678 3727 et
2728 3671 2911 3728 multis
2938 3674 3006 3729 de
3060 3674 3247 3729 eadem
3289 3675 3537 3746 epistola,
3590 3676 3705 3731 non‘

2145 3761 2320 3817 solum
2340 3762 2619 3829 sensibus,
2639 3762 2735 3818 sed
2748 3763 2901 3833 juxta
2919 3764 3203 3820 Verborum
3223 3781 3436 3837 quoque
3452 3764 3699 3820 ordinem

2144 3854 2404 3908 abutitur.
2429 3853 2664 3910 Omnino
2682 3856 2901 3926 grandis
2932 3857 2986 3911 in
3018 3866 3248 3927 utraque
3275 3856 3572 3912 similitudo
3592 3865 3694 3911 est.

2142 3945 2335 4001 Fertur
2361 3953 2416 4002 et
2457 3946 2694 4025 secunda
2714 3947 2832 4018 ejus
2856 3950 3075 4004 nomine
3100 3948 3352 4018 epistola,
3386 3958 3505 4019 qua:
3549 3964 3577 4002 a
3603 3951 3703 4002 ve:

2144 4040 2350 4096 toribus
2389 4040 2731 4111 reprobatur.
2771 4039 2839 4096 Et
2882 4040 3174 4110 disputatio
3206 4040 3351 4096 Petri
3382 4048 3437 4096 et
3472 4039 3707 4110 Apionif

2140 4134 2302 4201 longo
2328 4145 2579 4189 sermone
2611 4132 2940 4203 conscripta,
2962 4149 3121 4203 quam
3150 4133 3417 4188 Eusebius
3449 4133 3501 4185 in
3532 4131 3695 4186 tertio

2144 4220 2401 4278 Historia:
2437 4224 2804 4283 ecclesiastica:
2837 4226 3109 4282 volumine
3128 4227 3387 4296 coarguit.
3423 4224 3695 4280 Obiitter-

2141 4316 2217 4373 tio
2243 4316 2463 4386 Traiani
2491 4332 2655 4381 anno,
2679 4323 2733 4371 et
2759 4318 2993 4373 nominis
3013 4318 3131 4386 ejus
3164 4318 3475 4373 memoriam
3520 4308 3694 4387 usque

2140 4409 2300 4464 hodie
2332 4407 2516 4463 Romae
2548 4415 2822 4464 exstructa
2876 4403 3105 4465 ecclesia
3133 4410 3387 4465 custodit.

872 4578 875 4579 ν
1487 4516 1639 4583 Inest,
1664 4519 1759 4576 lib.
1787 4537 1802 4575 ι
1830 4523 2034 4583 advers.
2095 4527 2454 4586 Iovinianum,
2488 4538 2608 4593 cap.
2634 4523 2686 4580 7.
3666 4592 3669 4595 .

552 4602 629 4657 Ad
653 4604 753 4660 hOS
785 4604 1110 4681 (eunuchos)
1135 4618 1190 4666 et
1218 4609 1467 4667 Clemens
1493 4627 1785 4669 successor
1805 4620 2037 4687 apostoli
2062 4620 2227 4684 Petri,
2260 4619 2418 4687 cujus
2441 4616 2642 4671 Paulus
2664 4616 2942 4685 apostolus
2994 4614 3239 4670 meminit
3273 4613 3491 4687 (Philip.
3524 4629 3600 4678 tv,
3631 4606 3697 4685 ὃν

478 4693 671 4748 Scribit
690 4693 976 4763 epistolas,
1011 4710 1336 4769 omnemque
1365 4714 1502 4769 pene
1519 4714 1823 4757 sermonem
1848 4719 2007 4760 suum
2030 4708 2097 4762 de
2118 4706 2449 4780 virginitatis
2470 4704 2705 4775 puritate
2730 4698 3027 4760 contexuit.

1494 4787 1647 4855 ἰοει,
1674 4792 1771 4848 lih.
1802 4808 1895 4849 xw
1926 4794 2095 4851 Camn;

2157 4808 2216 4854 tl.
2242 4798 2297 4851 in
2323 4796 2438 4853 Isa.
2469 4810 2566 4859 LII,
2594 4790 2680 4849 l3.
3617 4866 3620 4870 .

545 4878 795 4936 Clemens
849 4877 932 4931 vir
978 4880 1330 4948 apostolicus,
1356 4881 1449 4951 qui
1508 4888 1632 4952 post
1676 4880 1894 4939 Petrum
1945 4889 2087 4943 rexit
2133 4888 2454 4953 Ecclesiam,
2508 4883 2698 4941 scribit
2743 4886 2812 4941 ad
2866 4884 3222 4941 Corinthios:
3266 4883 3537 4956 Sceptrum
3584 4888 3687 4943 Dei

475 4971 730 5028 Dominus
759 4966 915 5022 Jesus
952 4967 1219 5036 Christus,
1253 4986 1356 5025 non
1397 4972 1534 5026 venit
1574 4973 1629 5026 in
1661 4972 1931 5043 jactantia
1955 4978 2230 5047 superbiae,
2262 4994 2379 5032 cum
2406 4978 2571 5048 possit
2616 4976 2810 5041 omnia,
2842 4973 2931 5030 sed
2980 4976 3034 5029 in
3062 4974 3380 5035 humilitate.
3411 4979 3584 5049 Epist.
3624 4982 3677 5046 ί,

472 5083 593 5138 cap.
622 5064 710 5119 l6.

1352 5129 1507 5196 Issit,
1537 5132 1633 5188 lib.
1666 5148 1685 5187 ι
1718 5132 2007 5193 Comment.
2036 5138 2092 5192 in
2111 5136 2279 5207 Epist.
2315 5134 2384 5190 ad
2418 5133 2629 5203 Ephes.,
2662 5149 2721 5189 Il.
2753 5132 2808 5189 2.

540 5230 843 5297 Quaarimus
868 5242 1085 5298 quoque
1119 5228 1251 5297 quid
1282 5228 1392 5282 sit:
1420 5225 1486 5281 In
1521 5227 1708 5297 quibus
1755 5230 2039 5300 aliquando
2069 5232 2381 5286 ambulastis
2408 5229 2692 5286 secundum
2730 5228 2980 5284 suculam
3009 5231 3196 5286 mundi
3214 5230 3368 5302 hujus
3400 5247 3420 5287 :
3465 5240 3685 5289 utrum-4

468 5335 595 5377 nam
629 5330 684 5376 et
721 5318 865 5373 aliud
895 5318 1152 5373 saeculum
1177 5319 1267 5383 sit,
1298 5316 1442 5387 quod
1477 5332 1585 5371 non
1615 5319 1884 5387 pertineat
1936 5318 2003 5372 ad
2045 5320 2305 5375 mundum
2353 5321 2542 5385 istum,
2596 5322 2690 5374 sed
2734 5318 2801 5372 ad
2850 5317 3082 5374 mundos
3113 5321 3269 5385 alios,
3299 5321 3368 5376 de
3395 5324 3594 5392 quibus
3617 5330 3673 5377 et

466 5408 718 5468 Clemens
745 5414 801 5468 in
823 5410 1062 5482 Epistula
1092 5425 1191 5467 sua
1220 5410 1448 5465 scribit:
1481 5407 1738 5476 Oceanus,
1769 5419 1817 5463 et
1850 5410 2030 5464 mundi
2061 5411 2153 5481 qui
2182 5421 2328 5465 trans
2352 5413 2523 5479 ipsum
2551 5419 2694 5467 sunt.
2715 5410 2886 5482 Epist.
2920 5410 2983 5478 1,·
3002 5425 3121 5481 cap.
3157 5410 3247 5471 20.

1562 5500 1714 5565 Inest,
1763 5501 1919 5567 ibid.,
1945 5503 2039 5559 lib.
2073 5517 2136 5567 ll,
2169 5503 2235 5557 ad
2277 5518 2397 5573 cap.
2427 5502 2500 5565 tv,
2534 5502 2587 5559 1.

539 5593 710 5665 Cujus
734 5595 813 5651 rei
842 5604 894 5653 et
932 5594 1182 5654 Clemens
1215 5593 1283 5649 ad
1309 5593 1625 5651 Corinthios
1669 5595 1828 5652 testis
1857 5603 1942 5653 est
1970 5616 1986 5655 :
2046 5595 2317 5650 Vinculum
2346 5594 2620 5651 charitatis
2663 5594 2765 5652 Dei
2801 5597 2917 5669 quis
2956 5598 3142 5666 poterit
3171 5603 3458 5659 enarrare?
3486 5598 3668 5672 Epista

470 5686 526 5754 Ι,
555 5702 675 5760 cap.
706 5685 794 5743 £9.
