4070 6340
310 312 373 372 Μ
721 302 725 306 ”
1535 304 1876 363 mou-iuta

1974 300 2284 367 ARIORUM
3494 308 3569 363 ιιι
3604 315 3608 321 ’

1848 416 1984 475 VIII.

304 517 832 581 Ps'sL'no-Jcsrttms.
890 531 987 572 seu
1025 523 1219 570 auctor
1247 514 1609 582 Quwstionum
1628 522 1678 567 et
1708 513 2107 580 responsionum
2130 511 2197 563 ad
2231 508 2572 582 orthodoxos,
2610 506 2949 582 in_r_espons.
2974 502 3041 557 ad
3068 510 3263 573 quast.
3299 500 3367 557 74
3392 498 3564 571 (inter

1010 585 1187 657 Opera
1219 575 1287 642 ST
1308 585 1508 640 Justini
1538 575 1815 654 martyris,
1859 598 1981 653 pag.
2005 582 2133 647 469,
2168 581 2228 644 Β,
2250 582 2381 637 edit.
2429 577 2603 632 Paris.
2639 575 2816 647 I742).

375 704 439 756 Ei
480 702 580 773 τῆς
624 702 909 774 παρούσης
953 701 1340 771 καταστάσεως
1380 698 1443 753 τδ
1481 699 1632 761 τέλος
1659 698 1805 750 ἐστὶν
1851 699 1886 768 ἡ

2063 695 2118 751 Si
2151 694 2439 764 praesentis
2464 707 2648 749 rerum
2671 700 2846 748 status
2874 692 2997 749 ﬁnis
3026 699 3109 747 est
3144 691 3432 761 impiorum
3464 703 3565 761 per

298 793 387 846 διὰ
444 794 535 848 τοῦ
578 795 748 866 πυρὸς
792 796 971 866 κρίσις
1013 795 1119 847 τῶν
1161 794 1390 857 ἀσεϐῶν,
1436 791 1580 846 καθά
1626 807 1790 862 φασιν
1829 790 1887 843 αἱ

1995 788 2171 859 ignem
2221 785 2510 855 judicium,
2559 793 2722 856 prout
2780 793 3052 840 testantur
3094 782 3392 854 Scriptura:
3430 799 3563 854 pro-

299 883 517 957 Γραφαὶ
551 884 844 957 προφητῶ
866 901 924 936 τε
949 883 1041 936 ml.
1071 883 1381 938 ἀποστόλων
1405 922 1420 946 ,
1454 882 1535 936 ἔτι
1560 883 1616 937 δὲ
1646 880 1739 936 καὶ
1786 885 1887 957 τῆς

1991 883 2278 951 ρὲιεῑιιτυιιι
2327 888 2382 933 et
2436 878 2847 947 apostolorum,
2898 887 3060 947 atque
3115 882 3281 933 etiam
3319 878 3559 949 Sibyllae,

298 976 581 1046 Σιϐύλλης,
598 976 781 1039 καθώς
816 993 980 1047 φησιν
998 976 1028 1027 ὁ
1056 977 1323 1049 μακάριος
1338 976 1569 1049 Κλήμης
1586 978 1645 1030 ἐν
1663 980 1729 1049 τῇ
1750 977 1885 1050 πρὸς

1990 982 2049 1027 ιιι
2079 972 2157 1027 ait
2196 971 2390 1027 beatus
2419 970 2673 1025 Clemens
2722 969 2777 1024 in
2832 969 3076 1041 Epistola
3108 970 3177 1025 ad
3222 970 3558 1025 Corinthios.

291 1068 618 1140 Κορινθίους
659 1068 966 1139 Ἐπιστολῇ.

1876 1182 1965 1238 IX.

1146 1274 1469 1331 Donornsus
1496 1274 1962 1343 Archimandrita,
1993 1276 2244 1333 doctrina
2266 1276 2358 1341 23,
2391 1278 2495 1334 sub
2536 1277 2717 1332 linem.

364 1390 459 1452 Ὠς
485 1388 632 1457 λέγει
655 1390 749 1442 ml
774 1388 968 1458 ὁᾶγιος
980 1389 1229 1463 Κλήμης·
1246 1390 1468 1460 Κᾶνμὴ
1495 1390 1873 1460 στεφανῶταὶ

2064 1394 2134 1450 Ut
2163 1394 2308 1450 enim
2338 1394 2414 1447 ait
2444 1400 2497 1447 et
2530 1401 2756 1449 sanctus
2783 1393 3036 1449 Clemens
3065 1412 3077 1446 :
3130 1391 3305 1445 Etiam
3354 1392 3401 1447 si
3445 1392 3559 1459 quis

278 1498 398 1547 τις,
442 1482 605 1535 ἀλλὰ
640 1482 964 1551 σπουδάσῃ
994 1484 1083 1554 μὴ
1124 1484 1362 1554 μακρὰν
1402 1483 1718 1553 εὑρεθῆναι
1765 1484 1885 1539 τῶν

1992 1503 2097 1541 non
2126 1496 2427 1551 coronetur,
2455 1486 2663 1540 studeat
2694 1496 2867 1540 tamen
2891 1502 2993 1540 non
3015 1487 3204 1554 procul
3234 1502 3267 1538 a
3294 1487 3560 1541 coronatis

276 1575 812 1645 στεφανουμένων.

1987 1580 2227 1633 inveniri.
2260 1576 2432 1648 Epist.
2467 1577 2525 1636 2.
2550 1592 2669 1647 cap.
2704 1576 2758 1629 7.

1896 1732 1960 1788 Χ.

1065 1822 1342 1879 Csenatus
1387 1822 1703 1896 Syncellus,
1744 1824 2062 1898 Cltronogr.,
2099 1842 2221 1897 pag.
2259 1827 2386 1891 544,
2431 1826 2567 1882 edit.
2607 1825 2785 1883 Paris.

349 1916 555 1972 Τούτου
585 1915 843 1988 ἐπιστολὴ
870 1917 903 1987 ἡ
937 1914 1037 1986 μία
1062 1916 1259 1986 γνησία
1291 1916 1599 1988 Κορινθίοις
1635 1916 1878 1989 φέρεται,

2061 1914 2237 1985 Hujus
2269 1916 2609 1987 (Clementis)
2661 1915 2892 1985 epistola
2949 1931 3069 1987 qua:
3103 1933 3263 1973 unica
3323 1922 3562 1990 genuina

280 2010 361 2074 ὡς
388 2010 500 2065 ἀπὸ
525 2010 629 2079 τῆς
659 2009 946 2080 Ῥωμαίων
978 2008 1301 2079 Ἑκκλησίας
1329 2013 1619 2079 γραφεῖσα,
1644 2009 1884 2073 στάσεως

1984 2016 2090 2072 est,
2122 2005 2190 2061 ad
2244 2006 2563 2063 Corinthios
2614 2006 2817 2068 fertur.
2874 2014 3135 2077 tanquam
3186 2009 3255 2063 ab
3315 2007 3561 2068 Ecclesia

282 2104 347 2155 ἐν
378 2102 629 2175 Κορίνθῳ
660 2101 947 2173 συμϐάσης
983 2101 1126 2163 τότε,
1169 2101 1247 2165 ὡς
1289 2104 1555 2174 μαρτυρεῖ
1607 2101 1877 2172 Ἡγήσιπ-

1986 2099 2232 2155 Romana
2261 2101 2491 2172 scripta,
2519 2100 2787 2156 seditione
2830 2108 2963 2155 tunc
3000 2103 3283 2173 temporis,
3364 2113 3426 2159 ut
3478 2114 3559 2161 te-

287 2211 420 2258 πος,
474 2196 589 2266 ἥτις
619 2196 716 2247 ml
744 2193 1177 2265 ἐκκλησιάζεται.

1981 2201 2162 2248 statur
2195 2191 2559 2264 Hegesippus,
2605 2192 2854 2249 Corinthi
2882 2200 3032 2260 orta;
3087 2211 3209 2266 quae
3266 2197 3427 2252 etiam
3486 2200 3556 2255 ab

1982 2285 2226 2342 Ecclesia
2247 2287 2529 2358 recipitur.

1871 2398 1956 2454 XI.

1483 2491 1742 2556 Puonus,
1774 2491 2056 2559 Biblioth..
2087 2493 2212 2550 cod.
2242 2495 2365 2552 H5.

352 2582 525 2652 0516.;
544 2588 692 2643 ἐστιν
721 2590 751 2642 ὁ
792 2587 1045 2661 Κλήμης,
1077 2587 1205 2661 περ)⁸
1233 2580 1297 2641 οὗ
1329 2604 1493 2659 φησιν
1520 2589 1549 2640 ὁ
1592 2585 1878 2651 Θεσπέσιος

289 2680 499 2743 Παῦλος
520 2682 576 2732 ἐν
594 2682 661 2749 τῇ
684 2678 819 2751 πρὸς
832 2678 1221 2748 Φιλιππησίους
1256 2679 1562 2752 Ἐπιστολῇ’
1585 2682 1748 2736 Μετὰ
1764 2682 1865 2737 καὶ

284 2772 636 2842 Κλήμεντος
661 2772 760 2825 καὶ
791 2771 911 2826 τῶν
938 2771 1167 2826 λοιπῶν
1197 2771 1509 2843 συνεργῶν
1519 2791 1662 2843 μου,
1680 2769 1768 2829 ὧν
1793 2777 1866 2830 τὰ

282 2868 551 2935 ὀνόματα
572 2866 644 2919 ἐν
660 2866 855 2930 βίϐλῳ
870 2864 1033 2935 ζωῆς.
1050 2860 1219 2930 Οὗτος
1239 2868 1333 2921 καὶ
1350 2866 1639 2940 ἐπιστολὴν
1659 2867 1865 2935 ἀξιόλοο

283 2972 379 3023 γον
413 2956 552 3027 πρὸς
572 2954 891 3025 Κορινθίους
918 2955 1139 3027 γράφει,
1169 2956 1289 3025 ἥτις
1320 2954 1473 3025 παρὰ
1501 2954 1713 3018 πολλοῖς
1742 2954 1880 3007 ἀπο-

280 3046 447 3118 δοχῆς
476 3045 703 3117 ἠξιώθη,
734 3047 810 3111 ὡς
850 3047 945 3100 καὶ
987 3046 1221 3118 δημοσίᾳ
1261 3046 1747 3115 ἀναγινώσκεσθαι.
1818 3046 1882 3100 Ἠ

2062 2586 2161 2643 Hic
2189 2588 2442 2644 Clemens
2475 2586 2565 2641 ille
2586 2592 2692 2649 est.
2732 2586 2802 2642 de
2831 2603 2942 2659 quo
2990 2586 3209 2644 divinus
3253 2587 3456 2645 Paulus
3490 2599 3557 2646 att

1984 2679 2363 2754 Philippenses
2386 2681 2462 2736 ait
2490 2700 2504 2736 :
2557 2679 2691 2737 Cum
2743 2680 3008 2736 Clemente
3032 2690 3081 2735 et
3109 2683 3313 2737 caeteris
3345 2682 3560 2751 adjuto-

1983 2774 2129 2829 ribus
2179 2777 2309 2830 meis
2354 2790 2577 2845 quorum
2624 2775 2839 2827 nomina
2893 2784 3016 2828 sunt
3071 2775 3124 2828 in
3161 2774 3296 2829 libro
3355 2776 3472 2830 vita:
3512 2776 3553 2830 ‘.

1984 2867 2220 2939 Scripsit
2283 2866 2426 2922 idem
2497 2866 2680 2938 magni
2748 2866 3053 2923 faciendam
3115 2866 3183 2922 ad
3242 2868 3556 2925 Corinthios

1986 2954 2293 3028 epistolam,
2326 2972 2447 3027 quae
2471 2972 2499 3011 a
2540 2958 2813 3028 plerisque
2856 2968 3006 3013 tanto
3036 2959 3090 3013 in
3129 2960 3303 3029 pretio
3345 2968 3431 3015 est
3453 2960 3557 3014 ιω-

1985 3050 2119 3112 hita,
2152 3055 2212 3102 ut
2232 3049 2392 3103 etiam
2420 3050 2635 3119 publice
2662 3050 2766 3121 legi
2797 3051 3016 3106 soleret.
3049 3051 3118 3104 At
3162 3068 3284 3123 quae
3314 3054 3557 3109 secunda

281 3140 340 3194 δέ
380 3141 653 3213 λεγομένη
693 3141 917 3213 δευτέρα
966 3140 1103 3213 πρὸς
1160 3142 1285 3204 τοὺς
1326 3140 1545 3203 αὐτοὺς,
1601 3140 1678 3204 ὼς
1728 3138 1880 3203 νόθος

1982 3140 2187 3196 dicitur
2214 3142 2279 3197 ad
2310 3141 2549 3205 eosdem,
2575 3151 2637 3198 ut
2674 3144 2840 3199 notha
2882 3144 3150 3215 rejicitur,
3200 3147 3560 3218 quemadmo-

279 3210 747 3306 ἀποδοκιμάξεται
770 3253 783 3266 ·
818 3210 1479 3307 ὧσπερέπιγραφόμενος
1515 3232 1602 3285 ἐπ’
1650 3231 1874 3304 ὀνόματι

1983 3236 2113 3290 dum
2151 3244 2207 3289 et
2238 3236 2398 3306 longa
2430 3235 2522 3289 illa
2553 3235 2871 3307 disputatio,
2909 3210 3082 3308 ipsius
3133 3210 3275 3293 Petri
3306 3249 3360 3295 et
3389 3239 3557 3310 Apio-

281 3329 452 3384 αύτοῦ
513 3331 718 3398 Πέτρου
766 3329 861 3383 ml
920 3328 1180 3391 Ἀπίωνος
1224 3326 1544 3397 πολύστιχος
1606 3325 1870 3394 διάλογος.

1983 3327 2069 3383 nis
2089 3342 2288 3383 nomen
2321 3328 2459 3383 falso
2480 3328 2796 3399 praeferens.
2824 3328 2980 3383 llunc
3006 3331 3305 3387 secundum
3335 3347 3364 3385 a
3392 3331 3557 3389 Petro

281 3420 487 3476 Τοῦτόν
519 3438 681 3492 φασιν
707 3423 757 3474 oi
805 3422 903 3491 μὲν
938 3419 1184 3492 δεύτερον
1229 3419 1364 3491 μετὰ
1408 3419 1612 3491 Πέτρον
1654 3420 1876 3473 ἐπισκο-

1986 3417 2171 3475 Romae
2197 3420 2575 3491 episcopatum
2599 3421 2835 3492 gessisse
2865 3422 3089 3492 quidam
3128 3431 3435 3489 autumant,
3459 3426 3555 3481 alii

280 3514 455 3586 τῆσαι
502 3513 817 3587 Ῥώμηςλοί
846 3513 904 3566 δὲ
929 3513 1184 3586 τέταρτον
1205 3529 1219 3543 ⁸
1265 3514 1420 3567 Δῖνον
1446 3511 1554 3583 γάρ
1583 3511 1677 3565 καὶ
1717 3509 1876 3566 Ἀνά-

1980 3526 2110 3566 vero
2136 3522 2435 3585 quartum:
2470 3511 2667 3567 Linum
2698 3513 2843 3568 enim
2894 3520 2949 3568 et
3004 3514 3351 3578 Auacletum,
3409 3515 3559 3571 inter

280 3605 480 3677 κλητον
512 3604 713 3677 μεταξὺ
745 3603 912 3658 αὐτοῦ
941 3606 1035 3659 ml
1066 3604 1275 3677 Πέτρου
1308 3604 1525 3676 Ῥώμης
1544 3602 1873 3669 ἐπισκόπους

1978 3602 2157 3674 ipsum
2187 3611 2242 3659 et
2268 3602 2511 3668 Petrum,
2543 3602 2729 3660 Romae
2751 3604 3040 3675 episcopos
3073 3605 3265 3673 fuisse,
3296 3620 3362 3662 ac
3389 3609 3556 3663 tertio

277 3696 673 3767 διαγεγονέναι·
692 3696 1075 3768 τελευτῆσαιδὲ
1089 3697 1252 3751 αὑτὸν
1261 3698 1429 3769 τρίτῳ
1448 3696 1557 3750 ἐτει
1574 3695 1866 3768 Τραϊανοῦ.

1978 3699 2196 3756 demum
2228 3696 2453 3770 Trajani
2480 3713 2626 3754 anno
2647 3698 2815 3754 vitam
2840 3698 3067 3756 ﬁttiisse.

1602 3829 1756 3894 Ιοειι,
1788 3828 1943 3897 ibid.,
1970 3828 2096 3886 cod.
2124 3829 2245 3884 J26.

366 3942 705 4015 ’Δνεγνώσθη
737 3942 1081 4016 βιϐλιδάριον,
1123 3942 1182 3995 ἐν
1222 3937 1268 4012 ᾧ
1296 3942 1609 4015 Κλήμεντος
1653 3943 1871 3997 ἐπιστο-

279 4037 370 4093 λαὶ
387 4038 481 4093 δύο
490 4038 631 4111 πρὸς
650 4036 969 4110 Κορινθίως
984 4036 1302 4110 ἐνεφέροντο
1318 4052 1332 4066 ’
1352 4030 1473 4107 ὧνὴ
1499 4034 1690 4107 πρώτη
1709 4036 1868 4089 διἀί-

2048 3954 2246 4011 Lectus
2264 3963 2351 4011 est
2380 3955 2619 4017 libellus,
2642 3954 2695 4009 in
2709 3968 2818 4024 quo
2839 3952 3136 4009 Clementis
3163 3954 3409 4024 epistolae
3431 3952 3553 4008 dua

1978 4044 2047 4100 ad
2067 4043 2387 4100 Corinthios
2413 4043 2881 4099 continebantur:
2913 4058 3145 4115 quarum
3188 4044 3365 4114 prima
3401 4045 3551 4114 ipsos

278 4133 400 4196 τίας
439 4131 643 4194 αὐτοὺς
687 4131 809 4198 ἄγει
831 4169 845 4192 ,
904 4128 1125 4183 στάσεσι
1181 4128 1277 4183 καὶ
1313 4131 1580 4200 ταραχαῖς
1620 4128 1715 4181 ml
1753 4128 1867 4199 σχί-

279 4240 451 4295 σμασι
499 4222 600 4295 τὴν
642 4224 958 4295 πρέπουσαν
997 4223 1179 4284 αὐτοῖς
1220 4222 1441 4294 εἰρήνην
1482 4220 1576 4275 καὶ
1618 4221 1869 4292 ὁμόνοιαν

277 4316 756 4388 ἐμπολιτεύεσθαι,
786 4316 1075 4380 λύσαντας,
1120 4316 1214 4369 ml
1255 4318 1511 4387 παραινεῖ
1554 4314 1867 4368 παύσασθαι

277 4409 591 4465 τοῦκακοῦ.
639 4408 867 4473 ’Δπλοῦς
893 4409 949 4462 δὲ
977 4407 1119 4462 κατά
1159 4408 1257 4479 τὴν
1302 4408 1502 4481 φράσιν
1568 4409 1661 4462 καὶ
1691 4409 1868 4479 σαφής

1978 4145 2222 4200 accusat,
2255 4135 2401 4207 quod
2430 4135 2821 4201 seditionibus,
2853 4135 3031 4191 turbis
3059 4150 3125 4190 ac
3152 4135 3417 4202 dissidiis,
3453 4150 3552 4206 pa-

1976 4241 2095 4284 cem
2126 4236 2181 4284 et
2207 4227 2557 4283 concordiam
2588 4242 2709 4297 qua
2741 4226 2883 4282 inter
2906 4229 3055 4297 ipsos
3084 4226 3292 4281 versari
3340 4227 3548 4282 debue-

1976 4328 2083 4385 rat,
2113 4321 2412 4387 solverint;
2477 4321 2835 4390 hortaturque
2866 4321 2935 4374 ab
2973 4320 3081 4374 hoc
3128 4320 3272 4374 malo
3304 4334 3544 4375 cessare.

1978 4410 2074 4468 Est
2109 4420 2292 4468 autem
2321 4411 2561 4468 dictione
2610 4413 2839 4483 simplex
2875 4427 2940 4465 ac
2988 4410 3335 4481 perspicuus,
3388 4424 3549 4465 acce-

278 4504 450 4565 ἐστιν,
483 4503 581 4556 ml
612 4502 780 4571 ἐγγὺς
805 4498 901 4555 τοῦ
930 4500 1384 4572 ἐκκλησιαστικοῦ
1428 4501 1521 4554 ml
1540 4500 1866 4573 ἀπεριέργου

1978 4506 2222 4575 deusque
2254 4506 2322 4561 ad
2348 4505 2777 4561 ecclesiasticam
2806 4512 2861 4558 et
2890 4503 3282 4558 inelaboratam
3328 4502 3546 4558 dicendi

278 4596 653 4669 χαρακτῆρος.
688 4594 992 4649 Αἰτιάσοιτο
1025 4594 1068 4648 δ’
1100 4595 1165 4649 ἄν
1207 4612 1291 4659 τις
1321 4594 1481 4648 αὐτὸν
1508 4594 1567 4648 ἐν
1606 4594 1861 4658 ταύταις’

279 4691 359 4743 ὅτι
398 4707 461 4742 τε
504 4688 601 4743 τοῦ
646 4687 887 4742 ὠκεανοῦ
929 4687 1032 4753 ἔξω
1070 4687 1309 4757 κόσμους
1356 4686 1507 4751 τινάς
1552 4685 1863 4741 ὑποτίθεται

278 4776 419 4834 εἶναι
440 4798 455 4810 ·
488 4782 584 4833 ml
613 4780 858 4850 δεύτερον
889 4780 1037 4845 ἴσως,
1068 4781 1149 4833 ὅτι
1175 4779 1251 4843 ὡς
1294 4778 1750 4850 παναληθεστάτῳ
1787 4780 1865 4851 τῷ

281 4874 421 4928 κατὰ
465 4874 556 4927 τὸν
602 4874 821 4927 Φοίνικα
853 4874 915 4926 τὸ
949 4873 1133 4945 ὖρνεον
1174 4871 1528 4942 ὑποδείγματι
1564 4872 1854 4944 κέχρηταιο

281 4970 372 5021 καὶ
414 4967 600 5039 τρίτον
643 4966 725 5020 ὅτι
768 4966 1025 5039 ἀρχιερέα
1059 4966 1153 5019 ml
1184 4965 1497 5037 προστάτην
1524 4965 1616 5019 τὸν
1660 4967 1860 5040 Κύριον

281 5059 437 5130 ἡμῶν
482 5058 691 5129 Ἰησοῦν
718 5059 952 5131 Χριστὸν
979 5058 1338 5129 ἐξονομάζων,
1367 5059 1486 5112 οὐδὲ
1512 5059 1612 5123 τὰς
1639 5059 1863 5133 θεοπρε-

283 5157 401 5216 πεϊς
424 5154 520 5206 ml
558 5151 895 5224 ὑψηλοτέρας
936 5152 1114 5222 ἀφῆκε
1154 5151 1281 5223 περὶ
1325 5150 1491 5205 αὑτοῦ
1538 5153 1750 5223 φωνάς·
1798 5156 1859 5208 οὐ

286 5243 391 5314 μὴν
434 5246 543 5297 οὐδ’
577 5244 1055 5316 ἀπαρακαλύπτως
1096 5244 1259 5298 αὐτὸν
1286 5243 1508 5315 ὀὐδαμῆ
1555 5245 1615 5298 ἐν
1654 5245 1865 5310 τούτοις

283 5333 613 5406 βλασφημεῖ.
672 5338 736 5390 ’Π
781 5337 837 5391 δὲ
882 5336 1106 5408 δευτέρα
1145 5337 1239 5391 ml
1284 5336 1420 5409 αὐτὴ
1449 5331 1729 5391 νουθεσίαν
1770 5338 1866 5391 ml

284 5430 607 5499 παραίνεσιν
660 5430 969 5502 κρείττονος
1021 5429 1228 5498 εἰσάγει
1284 5428 1418 5500 βίου,
1467 5430 1561 5483 ml
1606 5430 1663 5482 ἐν
1717 5428 1859 5502 ἀρχῇ

282 5519 519 5590 Χριστὸν
547 5520 641 5575 τον
678 5521 807 5575 Θεὸν
836 5522 1117 5594 κηρύσσει.
1163 5520 1308 5594 Πλὴν
1336 5523 1415 5575 ὅτι
1447 5521 1586 5594 ῥητά
1613 5538 1754 5586 τινα,
1785 5521 1861 5585 ὡς

283 5610 395 5666 ἀπὸ
422 5612 523 5683 τῆς
571 5612 723 5678 θείας
778 5614 1016 5687 Γραφῆς,
1064 5614 1335 5681 ξενίζοντα
1384 5614 1737 5687 παρεισάγει·
1783 5607 1860 5671 ὧν

287 5750 310 5783 ⁸
354 5749 554 5820 Ephes.
606 5766 682 5814 tv,
741 5750 793 5806 2.

690 5845 941 5909 PU'ROL
1008 5843 1125 5908 Gtt.
1188 5855 1234 5919 Ι,

1974 4596 2228 4653 formam.
2289 4596 2718 4668 Reprehenderit
2773 4612 2903 4652 vero
2958 4596 3014 4649 in
3067 4595 3176 4651 illis
3224 4596 3543 4666 quispiam:

1973 4691 2118 4762 quod
2169 4698 2325 4745 extra
2381 4704 2646 4746 oceanum
2704 4689 2940 4745 mundos
2989 4689 3255 4759 quosdam
3310 4690 3547 4745 existere

1973 4781 2233 4850 supponit
2259 4799 2272 4834 :
2300 4779 2497 4836 deinde
2522 4781 2659 4835 forte
2683 4781 2884 4844 etiam,
2930 4780 3077 4850 quod
3114 4780 3383 4846 phmnicis
3428 4780 3544 4836 avis

1971 4871 2223 4941 exemplo
2272 4878 2534 4940 tanquam
2583 4872 2872 4927 verissimo
2918 4873 3090 4926 utitur
3127 4888 3141 4924 :
3183 4874 3346 4928 tertio
3395 4874 3544 4945 quod

1971 4963 2291 5045 Pqntillcem
2325 4960 2730 5030 Praesidemque
2753 4960 3040 5016 Dominum
3075 4972 3323 5019 nostrum
3352 4964 3540 5025 Jesum

1971 5056 2250 5111 Christum
2279 5056 2582 5127 appellans,
2610 5055 2732 5109 illas
2774 5052 2885 5110 De0
2931 5059 3319 5113 convenientes
3353 5074 3419 5113 ac
3448 5075 3535 5117 suo

1972 5149 2250 5203 blimiores
2301 5147 2368 5203 de
2414 5161 2482 5202 eo
2516 5161 2680 5203 voces
2726 5162 2837 5203 non
2889 5151 3146 5217 protulit;
3179 5150 3393 5205 tametsi
3438 5167 3542 5206 nec

1970 5247 2156 5309 aperte
2189 5240 2365 5309 ipsum
2421 5238 2577 5293 ullibi
2620 5239 2674 5292 in
2732 5237 2820 5294 his
2878 5239 3237 5309 blasphemet.
3288 5237 3540 5297 Secunda

1965 5347 2098 5389 vero
2125 5341 2178 5387 et
2200 5332 2316 5402 ipsa
2345 5332 2746 5387 institutionem
2776 5347 2841 5386 ac
2882 5332 3311 5387 admonitionem
3341 5334 3535 5389 melio-

1964 5426 2041 5482 ris
2079 5427 2203 5480 vitae
2235 5425 2481 5492 inducit;
2514 5431 2677 5494 atque
2701 5424 2756 5477 in
2770 5424 3040 5495 principio
3063 5423 3344 5479 Christum
3364 5425 3534 5480 Deum

1964 5520 2244 5591 praedicat.
2276 5516 2479 5574 Verum
2505 5517 2651 5573 dicta
2701 5516 2945 5586 quaedam
2978 5518 3263 5589 peregrina
3318 5518 3467 5573 velut
3504 5534 3537 5573 e

1964 5626 2127 5671 Sacra
2159 5610 2445 5682 Scriptura
2473 5608 2824 5665 subinducit:
2883 5610 3083 5680 quibus
3115 5626 3183 5667 ne
3212 5611 3385 5683 prima
3418 5611 3538 5685 qui-

3216 5850 3256 5907 ξι
