4070 6340
523 231 594 285 ιδ
1426 290 1429 291 ν
1692 224 1782 279 ΑΙ)
1808 222 1868 280 S.
1909 223 2041 281 CLE
2052 224 2122 283 Ml

2178 225 2341 280 mm
2382 227 2402 281 1
2440 224 2676 283 PAPAM
2904 194 2907 195 ⁷
3722 228 3792 283 tt

514 344 628 401 οὐδ’
671 346 704 415 ἡ
750 343 940 415 πρώτη
972 343 1288 416 ἀπήλλακτο
1327 342 1621 406 παντελῶς.
1671 344 1781 396 Καὶ
1824 344 2117 415 ἑρμηνείας

2178 364 2193 410 ι
2223 346 2345 402 dem
2374 345 2604 417 epistola
2634 344 2858 400 omnino
2890 351 3066 401 vacat.
3107 342 3172 398 Et
3206 343 3687 415 interpretationes
3714 343 3797 398 lo-

519 438 575 493 δὲ
606 437 784 509 ῥητῶν
812 455 972 492 τινων
998 438 1318 502 ἀλλοκότους
1350 438 1461 509 ἔχει
1484 454 1498 467 °
1530 437 1702 501 ἄλλως
1729 454 1787 489 τε
1833 437 1889 490 δὲ
1923 438 2016 491 καὶ
2044 438 2113 492 τά

2219 454 2431 493 corum.
2473 436 2837 508 quorumdam
2892 437 3186 494 alieniores
3242 435 3469 508 profert.
3535 436 3795 510 Alioquin

518 532 576 584 ἐν
608 531 799 595 αὐταῖς
839 534 1087 605 νοήματα
1130 532 1438 605 ἐρριμμένα
1481 548 1619 596 πως,
1665 531 1758 585 καὶ
1804 532 1864 584 οὐ
1911 531 2106 602 συνεχῆ

2216 529 2332 598 ipsa
2366 544 2488 600 qum
2519 529 2575 583 in
2597 528 2685 583 bis
2715 528 2962 599 epistolis
2986 528 3175 583 insunt
3204 543 3390 592 sensa,
3415 527 3665 583 nonnihil
3694 528 3796 584 ab.

518 622 615 693 τὴν
646 622 965 678 ἀκολουθίαν
997 624 1211 696 ὑπῆρχε
1238 623 1590 693 φυλάττοντα.

2213 618 2357 687 iccta
2388 627 2537 684 sunt,
2590 612 2770 689 neque
2810 622 3178 675 continentem
3226 619 3422 675 seriem
3467 634 3531 673 ac
3590 634 3793 676 conse-

2210 711 2488 781 quentiam
2519 719 2765 766 servant.

2099 820 2215 878 XII.

1189 942 1527 995 Amsnsms
1557 938 2031 1004 Bibliothecarius,
2071 940 2214 996 Hist.
2267 943 2481 1006 eadem,
2514 938 2647 996 edit.
2674 937 2878 1004 Paris.,
2908 954 3032 1009 pag.
3066 939 3154 994 l7.

599 1032 773 1104 Hujus
804 1032 1148 1107 (Clementis)
1203 1033 1445 1106 Epistola
1474 1033 1648 1089 fertur
1702 1033 1772 1087 ad
1805 1034 2124 1091 Corinthios
2177 1037 2381 1099 missa,
2418 1050 2579 1106 quam
2611 1042 2726 1089 tota
2778 1034 2990 1104 recipit,
3048 1044 3107 1089 ut
3163 1032 3503 1106 Hegesippus
3530 1043 3785 1105 testam,

531 1125 801 1182 Ecclesia.

2087 1220 2223 1277 Xlll.

1476 1314 1649 1372 NICON
1674 1317 2001 1381 monachus,
2035 1318 2089 1371 in
2125 1315 2380 1373 Pandect.
2432 1330 2599 1373 serm.
2644 1316 2730 1371 18.

585 1424 932 1494 Κλήμεντος
971 1423 1215 1497 Ῥώμης.
1250 1428 1467 1481 Δίκαιον
1495 1424 1589 1481 οὖν
1633 1428 1728 1481 καὶ
1756 1430 1967 1482 ὅσιον...
2013 1430 2107 1482 καὶ

2285 1425 2568 1485 Clementis
2602 1425 2846 1483 Romani.
2878 1426 3093 1482 iustum
3124 1442 3253 1498 ergo
3290 1435 3345 1482 et
3372 1436 3694 1490 sanctum...
3726 1433 3785 1490 in

516 1519 731 1583 στάσεις
759 1516 853 1572 τοῦ
882 1517 1318 1591 ἀπαλλοτριῶσαι
1346 1521 1496 1591 ἡμᾶς
1522 1519 1616 1574 τοῦ
1656 1520 1836 1583 καλῶς
1868 1520 2100 1591 ἔχοντος.

2213 1520 2443 1576 dissidia
2465 1529 2520 1576 et
2550 1519 2849 1575 seditiones
2890 1519 3164 1591 (homines
3198 1520 3563 1593 collimantes)
3595 1533 3653 1579 ut
3680 1537 3787 1581 nos

513 1610 703 1665 Τοίνυν
732 1608 1180 1682 ἀκολουθήσωμεν
1208 1614 1321 1675 τοῖς
1356 1613 1472 1681 μετ’
1515 1612 1859 1677 εὐσεϐείας...
1908 1613 2104 1684 ΙΙόρρω

2209 1628 2239 1666 a
2270 1620 2424 1669 recto
2467 1620 2520 1667 et
2567 1613 2800 1667 honesto
2831 1618 3101 1668 avertant.
3154 1611 3262 1667 Eos
3307 1628 3439 1683 ergo
3461 1629 3782 1685 sequamur,

512 1703 703 1774 ἀπέχει
741 1704 835 1757 ἀπ’
886 1704 1088 1775 ἐμοῦ...
1125 1703 1490 1776 Κολληθῶμεν
1524 1700 1617 1757 οὖν
1644 1708 1758 1769 τοῖς
1785 1705 1984 1769 ἀθώοις
2011 1706 2104 1759 καὶ

2210 1704 2451 1777 quicum
2483 1705 2683 1776 pietate
2716 1746 2729 1759 .
2769 1746 2783 1759 .
2820 1746 2833 1759 .
2861 1702 3117 1759 Procula
3146 1721 3232 1761 me
3259 1705 3415 1761 abest
3447 1747 3462 1762 .
3497 1747 3513 1762 .
3548 1748 3562 1761 .
3585 1707 3786 1764 Adba-

511 1794 741 1858 δικαίοις
760 1812 774 1825 ·
806 1796 913 1848 εἰσὶ
942 1796 997 1849 δὲ
1027 1788 1171 1850 οὗτοι
1202 1797 1448 1852 ἐκλεκτοὶ
1474 1796 1571 1851 τοῦ
1600 1796 1755 1851 Θεοῦ.
1789 1798 2102 1870 Γέγραπται

2207 1810 2428 1851 reamus
2451 1810 2582 1866 ergo
2613 1796 2746 1851 viris
2799 1795 3046 1851 honestis
3074 1803 3128 1852 et
3153 1797 3348 1866 justis:
3382 1796 3437 1851 bi
3487 1814 3618 1853 vero
3651 1807 3785 1856 sunt

508 1886 652 1957 γάρ’
688 1886 1033 1941 Κολλᾶσθαι
1078 1889 1202 1955 τοῖς
1246 1890 1456 1958 ἁγίοις,
1510 1889 1599 1943 ὅτι
1641 1892 1695 1943 οἱ
1738 1889 2104 1959 κολλώμενοι

2209 1888 2367 1943 electi
2390 1886 2507 1942 Dei.
2544 1885 2821 1957 Scriptum
2852 1894 2939 1943 est
2983 1888 3172 1943 enim:
3228 1886 3417 1944 Facite
3470 1900 3530 1943 ut
3578 1893 3783 1947 sanctis

511 1978 735 2046 αὐτοῖς,
762 1980 1250 2049 ἁγιασθήσονται.
1297 1982 1407 2036 Καὶ
1446 1982 1475 2033 ὁ
1522 1981 1727 2054 Κύριος
1769 1982 1937 2051 λέγει·
1991 1984 2101 2037 Τὸν

2206 1979 2547 2045 αάΙιιενεαιίδ,
2565 1981 2692 2048 quia
2717 1981 2807 2050 qui
2833 1980 2944 2035 illis
2963 1979 3253 2044 adiacerent,
3280 1982 3778 2052 sanctiﬁcabuntttr.

512 2070 971 2140 ὀμολογήσαντά
993 2089 1135 2141 με...
1167 2073 1272 2126 τοῦ
1296 2074 1523 2141 Πατρός
1544 2091 1682 2143 μου.
1726 2074 1813 2128 Ἐν
1839 2074 1944 2127 τίνι
1974 2074 2095 2128 δὲ...

2205 2070 2271 2125 Et
2301 2070 2570 2127 Dominus
2600 2071 2731 2127 dicit
2757 2089 2770 2125 :
2805 2071 2910 2138 Qui
2938 2086 3018 2125 me
3039 2072 3306 2141 confessus
3328 2072 3488 2142 fuerit
3519 2115 3538 2134 .
3568 2112 3591 2134 .
3623 2115 3637 2130 .
3665 2074 3787 2129 Pa»

508 2162 617 2215 τῶν
645 2162 888 2216 ἐντολῶν.
925 2162 1049 2218 Hazc
1075 2179 1143 2218 ex
1167 2166 1322 2223 codd.
1349 2164 1528 2235 Regiis
1548 2164 1712 2229 2418,
1738 2165 1900 2230 2425,
1932 2165 2096 2225 2424.

2205 2166 2301 2219 tris
2373 2164 2492 2219 mei.
2542 2161 2601 2217 ln
2650 2179 2891 2234 quonam
2950 2173 3131 2218 autem
3164 2205 3179 2220 .
3214 2205 3229 2219 .
3260 2205 3276 2220 .
3316 2165 3573 2219 mandata
3631 2167 3781 2223 illius

511 2253 804 2324 descripsit
830 2254 1153 2320 Cotelerius,
1202 2255 1481 2326 ediditque
1536 2257 1597 2309 in
1647 2266 1762 2311 not.
1809 2256 1878 2310 ad
1923 2256 2086 2326 epist.
2200 2255 2332 2324 (non
2356 2254 2972 2327 spernendo).Epist.l,
3001 2256 3229 2326 cap.ﬂ,
3262 2257 3331 2312 15
3356 2266 3410 2311 et
3449 2258 3546 2324 46;
3596 2256 3777 2329 Epist.

508 2342 681 2400 Clem.
716 2361 835 2416 cap.
872 2347 959 2411 M,
994 2348 1137 2402 unde
1185 2348 1290 2402 huc
1322 2347 1589 2402 translata
1623 2357 1768 2403 sunt.
2197 2348 2254 2412 2,
2287 2362 2410 2418 cap.
2440 2348 2493 2404 5.

1293 2671 1862 2787 JUDICIA
1944 2668 2972 2786 RECENTIORUM

1862 2912 1931 2951 ετ
1966 2910 2171 2951 PRIIUK
2198 2911 2400 2960 QUIDBI

1298 3068 1835 3159 PATRICII
1912 3069 2250 3159 JUNII
2334 3064 3025 3160 ΡΒΛΕΡΑΤΙΟ.

578 3342 638 3401 Si
667 3344 881 3416 plenius
930 3343 999 3398 de
1041 3342 1321 3399 Clemente
1350 3353 1538 3399 nostro
1585 3352 1643 3397 et
1687 3342 1808 3412 ejus
1840 3341 2083 3413 scriptis,
2111 3347 2156 3405 (ι
2189 3342 2599 3398 ornatissimum
2620 3350 2675 3398 et
2702 3342 3069 3400 clarissimum
3102 3342 3280 3398 virum
3310 3342 3597 3399 dominum,
3619 3341 3769 3401 Tho-

504 3439 676 3494 amice
703 3436 919 3500 Lector,
952 3435 1094 3491 scire
1129 3432 1431 3501 desideras,
1452 3432 1772 3505 Gregorium
1804 3430 2088 3489 Turonen-
2190 3449 2331 3488 mam
2378 3432 2515 3500 Roe,
2556 3435 2792 3506 equitem
2847 3441 3118 3500 auratum,
3166 3441 3221 3489 et
3271 3432 3415 3505 apud
3460 3432 3766 3493 Turcarurn

500 3546 620 3585 sem
658 3529 733 3585 De
758 3535 1051 3599 martyrum
1074 3528 1268 3598 gloria,
1314 3523 1621 3582 Simeonem
1644 3524 2083 3595 Mctapbrastem,

501 3619 828 3677 Pontiﬁcum
858 3619 1227 3675 Romanorum
1270 3618 1616 3690 βιογράφους,
1639 3617 1956 3682 Baronium,
1987 3631 2086 3670 an-

504 3708 711 3769 nalium
757 3712 1118 3779 conditorem,
1164 3709 1376 3765 Sixtum
1431 3708 1750 3773 Senensem,
1803 3707 2085 3763 Bellarmi-

500 3822 633 3861 num
656 3812 710 3860 et
739 3805 894 3869 alios,
925 3805 1017 3874 qui
1049 3802 1454 3858 ecclesiasticos
1483 3800 1780 3870 scriptores
1805 3806 1859 3855 et
1891 3814 2081 3854 eorum

500 3896 708 3966 scripta
748 3895 907 3950 nobis
955 3891 1320 3954 tradiderunt,
1352 3905 1449 3960 per
1497 3890 1667 3945 otium
1698 3899 1853 3960 potes
1882 3903 2081 3944 consu-

499 3985 635 4039 lere.
664 3982 776 4038 Nos
806 3982 951 4037 nube
979 3981 1081 4035 hac
1114 3988 1225 4033 tam
1253 3979 1548 4035 illustrium
1573 3978 1819 4044 testium,
1854 3993 1994 4049 quos
2024 3976 2079 4030 in

494 4085 844 4130 antecessum
889 4073 1290 4144 prtemisimus,
1348 4071 1611 4137 contenti,
1661 4070 1839 4126 oculis
1883 4069 1993 4126 tuis
2027 4077 2081 4125 et

495 4168 760 4240 patientia
790 4166 996 4221 diutius
1026 4165 1176 4220 abuti
1213 4164 1538 4226 desinimus,
1568 4170 1623 4217 et
1658 4162 1728 4218 de
1760 4161 1866 4217 fide
1892 4168 1947 4217 et
1976 4176 2077 4215 au-

495 4261 752 4315 ctoritate
769 4260 930 4329 hujus
947 4260 1130 4329 operis
1149 4256 1370 4327 γνησὶου
1391 4255 1487 4309 καὶ
1513 4254 1905 4325 ἀναμφιϐόλου,
1922 4254 2078 4323 plura

493 4352 565 4405 (Ie
607 4359 799 4406 nostro
847 4348 1085 4419 adjicere
1140 4345 1579 4416 supersedemus,
1625 4360 1695 4400 ne
1744 4344 1848 4401 soli
1900 4344 2078 4400 lucem

496 4442 754 4507 fenerari,
807 4448 861 4496 et
900 4440 1134 4495 faculam
1173 4438 1464 4494 obscuram
1513 4437 1740 4495 meridie
1779 4434 2079 4492 accendere

493 4535 637 4589 velle
672 4535 977 4588 videamur.
1020 4532 1328 4602 Antequam
1360 4540 1541 4587 autem
1575 4530 1644 4586 ad
1670 4530 1962 4586 lectionem
1992 4529 2077 4584 di-

2187 3526 2356 3599 impp.
2408 3528 2741 3585 serenissimi
2776 3529 2920 3599 regis
2951 3528 3123 3584 nostri
3162 3535 3470 3595 oratorem,
3519 3544 3645 3584 cum
3694 3545 3766 3586 ex

2186 3617 2406 3676 Oriente
2444 3622 2675 3685 rediret,
2718 3619 2861 3678 dono
2896 3619 2964 3674 ad
2998 3620 3409 3676 serenissimum
3442 3635 3623 3692 regem
3661 3636 3767 3677 nor

2186 3720 2359 3768 strum
2380 3714 2706 3771 transmisit.
2724 3711 2805 3768 Ad
2828 3714 3031 3767 calcem
3052 3713 3346 3769 venerandi
3370 3712 3532 3781 hujus
3554 3713 3764 3770 codicis

2185 3811 2238 3860 et
2268 3804 2550 3876 κειμηλίου
2590 3804 3047 3875 τιμαλφεστάτου,
3076 3805 3130 3859 in
3162 3805 3496 3861 membranis
3536 3804 3757 3869 laceris,

2186 3895 2391 3963 adjecta
2418 3902 2535 3951 erat
2561 3894 2854 3951 Clementis
2882 3894 2949 3949 ad
2970 3895 3286 3951 Corinthios
3303 3895 3546 3967 Epistola
3565 3895 3757 3951 eadem

2182 4002 2346 4040 manu
2370 3986 2594 4056 scripta,
2626 4002 2789 4057 quam
2814 4002 2959 4043 nunc
2996 3987 3140 4043 bono
3164 3986 3385 4057 publico
3411 3995 3467 4043 et
3495 3995 3589 4043 tuo
3631 3986 3755 4043 usui

2182 4074 2238 4129 in
2266 4075 2441 4130 lucem
2464 4074 2680 4138 damus,
2720 4076 2855 4147 legis
2879 4074 3252 4147 Pythagoricae
3269 4090 3377 4129 non
3410 4074 3757 4131 immemores

2181 4167 2345 4240 (qua),
2377 4176 2435 4223 ut
2462 4167 2724 4240 Synesius
2776 4168 2832 4223 in
2869 4167 3029 4225 Dione
3074 4176 3270 4222 auctor
3294 4174 3399 4232 est,
3424 4168 3525 4222 οὐκ
3554 4168 3621 4239 ὲᾷ
3645 4171 3761 4232 τοῖς

2183 4261 2415 4334 βιϐλίοις
2441 4262 2733 4325 ὲπιποιεϊν,
2756 4259 2890 4314 ἀλλά
2909 4260 3155 4331 βούλεται
3172 4260 3352 4332 μένειν
3380 4259 3519 4314 αὑτά
3547 4261 3641 4313 ἐπὶ
3658 4259 3761 4331 τῆς
3852 4266 3859 4272 ’

2178 4348 2401 4420 πρώτης
2424 4346 2622 4419 χειρὸς,
2640 4347 2787 4411 ὅπως
2808 4347 2939 4401 ποτὲ
2959 4348 3082 4420 ἔσχε
3095 4348 3282 4419 τύχης,
3309 4347 3341 4420 ἢ
3362 4347 3599 4420 τέχνης),
3626 4348 3762 4403 nihil

2178 4440 2478 4509 dementes,
2508 4440 2641 4496 nihil
2679 4440 2747 4496 de
2793 4449 2983 4496 nostro
3013 4440 3297 4505 addentes,
3331 4455 3439 4495 non
3469 4440 3757 4511 syllabam,

2177 4547 2287 4587 non
2310 4533 2565 4596 litteram,
2588 4548 2696 4587 non
2723 4532 2933 4603 apicem
2961 4539 3055 4585 aut
3081 4531 3192 4587 iota
3225 4546 3417 4595 unum,
3442 4530 3760 4587 fidelissime

493 4624 608 4679 viui
639 4624 805 4694 hujus
845 4635 900 4680 et
940 4624 1101 4695 plane
1144 4623 1429 4694 apostolici
1479 4624 1671 4694 scripti
1700 4631 1755 4679 te
1793 4623 2073 4694 accingas,
2107 4697 2127 4698 ί
2175 4633 2440 4698 quantum
2467 4624 2645 4694 potuit
2687 4624 2801 4679 fieri
2829 4625 3219 4695 expressimus.
3252 4621 3426 4679 Voces
3454 4632 3633 4678 autem
3661 4624 3760 4678 de-

493 4710 702 4788 patere,
733 4732 938 4787 quaeso,
995 4726 1057 4773 ut
1102 4716 1170 4774 de
1217 4716 1543 4787 antiquitate
1574 4716 1903 4786 exemplaris
1960 4730 2070 4786 quo
2103 4697 2149 4752 D
2176 4716 2420 4787 perditas
2451 4721 2506 4770 et
2537 4715 2748 4772 litteras
2778 4723 3045 4772 vetustate
3091 4730 3307 4780 exesas,
3352 4715 3543 4786 spatiis
3574 4723 3630 4769 et
3670 4714 3761 4769 in-

489 4822 595 4864 nos
622 4808 710 4863 usi
732 4823 943 4876 sumus,
971 4815 1027 4864 et
1054 4807 1122 4862 de
1150 4807 1404 4863 versione
1432 4815 1619 4863 nostra
1644 4807 1807 4878 plana
1833 4814 1889 4863 et
1921 4806 2065 4871 rudi,
2174 4808 2425 4865 terstitiis
2454 4808 2866 4863 accuratissime
2885 4806 3143 4871 dimensi,
3168 4822 3268 4878 pro
3290 4805 3549 4878 ingenioli
3578 4807 3754 4862 nostri

487 4899 682 4973 paucis
714 4907 767 4955 te
798 4914 1138 4955 moneamus.
1172 4898 1427 4971 Cyrillus,
1462 4901 1557 4970 qui
1607 4900 1768 4955 hodie
1799 4900 2072 4956 Constan-
2171 4903 2437 4959 tenuitate
2466 4902 2838 4973 supplevimus
2885 4910 2941 4956 et
2978 4901 3146 4955 minio
3172 4901 3340 4956 rubro
3370 4901 3533 4971 (novo
3562 4899 3669 4954 hoc
3698 4908 3754 4957 ct

488 4993 715 5063 tinopoli
750 4991 1180 5063 patriarchatum
1211 4992 1443 5055 obtinet,
1473 4993 1558 5047 vir
1586 4992 1787 5062 pietate
1806 4998 1861 5047 et
1884 4990 2071 5046 erudi-
2170 4995 2435 5051 inusitato
2474 4994 2821 5065 imprimendi
2863 4992 3106 5065 genere),
3137 4993 3448 5048 notavimus
3478 5010 3492 5057 ;
3532 4991 3679 5062 quod
3718 5007 3750 5046 a

487 5090 636 5140 tione
667 5084 922 5155 insignis,
951 5099 1015 5139 ex
1050 5082 1304 5155 Egypt“.
1343 5099 1467 5137 cum
1513 5084 1698 5140 sedem
1748 5081 2072 5139 Alexandri-
2170 5088 2332 5144 nobis
2362 5088 2614 5144 consulto
2646 5086 2849 5141 factum
2873 5093 2976 5155 est,
3011 5101 3082 5142 ne
3115 5086 3425 5157 rejicientes
3465 5091 3519 5139 te
3548 5084 3751 5155 saepius
3836 5108 3845 5121 ι

486 5193 613 5232 nam
666 5179 1020 5247 relinqueret,
1059 5193 1311 5249 magnam
1361 5177 1623 5232 librorum
1674 5177 2064 5249 supellectilem

487 5285 675 5323 secum
706 5269 944 5334 advexit,
979 5270 1121 5325 inter
1162 5285 1299 5340 quos
1348 5270 1593 5325 codicem
1633 5270 1878 5325 omnium
1907 5278 2066 5325 vetu-

487 5353 793 5418 stissimum
836 5369 891 5415 et
920 5361 1079 5433 longe
1112 5361 1572 5433 pretiosissimum
1619 5361 1697 5433 (in
1718 5377 1829 5433 quo
1866 5361 2065 5418 veteris

486 5463 541 5507 et
587 5453 716 5509 novi
762 5454 985 5511 ftederis
1030 5456 1152 5511 libri
1204 5456 1400 5512 litteris
1449 5455 1854 5527 grandioribus,
1896 5472 2062 5511 manu

490 5545 707 5603 Thecla:
752 5548 952 5605 nobilis
994 5547 1207 5605 feminae
1241 5549 1529 5622 iEgyptiae,
1564 5550 1709 5605 circa
1735 5550 1898 5622 primi
1929 5566 2065 5606 con-

499 5641 599 5699 tilii
630 5639 834 5697 Niceni
882 5649 1146 5713 tempora,
1182 5642 1479 5701 bellissime
1521 5643 1726 5701 exarati
1776 5642 1925 5715 sunt)
1968 5658 2064 5713 per

2171 5182 2237 5236 ad
2270 5188 2448 5243 notas,
2491 5180 2797 5254 molestiam
2844 5179 2944 5235 tibi
2991 5180 3238 5235 inutilem
3285 5191 3620 5242 crearemus,
3663 5178 3745 5233 vel

2168 5289 2320 5329 oram
2363 5273 2487 5328 libri
2516 5274 2905 5343 supplementis
2943 5281 2999 5329 et
3036 5270 3510 5329 emendationibus
3538 5270 3747 5327 crebris

2170 5367 2395 5421 nimium
2429 5366 2783 5431 fiedaremus,
2815 5366 3051 5437 denique
3077 5382 3145 5421 ne
3170 5365 3460 5421 industriis
3495 5362 3746 5419 feliciori-

2170 5458 2273 5515 bus
2316 5468 2369 5515 et
2409 5457 2643 5530 ingeniis
2664 5458 3181 5529 στοχαστικωτὲροις
3209 5457 3578 5528 conjecturam
3609 5453 3745 5509 libe-

2169 5565 2286 5604 ram
2313 5550 2379 5604 ad
2400 5548 2669 5618 judicium
2701 5548 2928 5605 liberius
2956 5548 3388 5619 praeriperemus.
3432 5543 3493 5598 In
3531 5543 3743 5615 reliquo

2167 5644 2328 5701 etiam
2357 5658 2540 5715 opere,
2567 5649 2748 5700 errata
2774 5641 3175 5715 quamplurima
3199 5653 3585 5713 expunxtmus,
3603 5643 3659 5694 et
3682 5648 3743 5691 ut
