4070 6340
313 318 387 371 ts
720 305 724 308 '
1552 307 1894 365 PROLEMIA
1936 305 2324 369 VARIORUM.
2810 282 2813 287 λ
3010 342 3017 352 .
3499 308 3571 367 ιο

310 430 497 485 omnia
549 443 713 499 quam
752 427 1194 485 emendatissima
1241 429 1543 501 prodirent,
1576 442 1675 499 pro
1715 410 1966 485 laculJA
1990 425 2242 489 candam,
2276 432 2329 478 et
2363 423 2591 495 gratiam
2635 437 2699 478 ac
2740 423 2967 479 salutem
3000 424 3233 481 auditori
3266 440 3573 495 procurati.

311 529 428 575 tate
452 528 641 575 nostra
668 528 722 575 et
746 520 967 576 modulo
998 521 1175 577 adnisi
1204 537 1412 577 sumus.
1439 519 1642 577 Verum
1680 520 1783 577 hoc
1808 520 1888 575 sic

311 613 487 684 accipi
515 612 787 676 volumus,
816 628 924 668 non
953 620 1212 683 tanquam
1243 623 1525 669 assecutos
1554 628 1656 669 nos
1695 611 1889 668 creda-

312 719 461 765 mus,
494 701 587 757 sed
631 710 892 774 tanquam
940 702 1158 773 assequi
1200 702 1649 765 laboraverimus,
1683 710 1736 755 et
1778 700 1893 757 for-

312 803 457 849 tasse
484 808 593 846 non
629 791 867 858 frustra;
898 792 945 848 si
972 793 1134 848 modo
1168 801 1225 847 tu
1256 792 1545 848 candidum
1575 799 1628 846 te
1650 792 1891 845 testima-

311 893 484 940 torem
515 884 762 939 laborum
804 895 1137 951 nostrorum,
1164 893 1217 940 et
1239 885 1529 955 diligentia:
1566 884 1887 955 qualiscun-

308 994 414 1048 que
446 978 737 1047 benignum
772 979 1116 1048 interpretem
1144 978 1462 1049 praabuetis,
1490 978 1664 1048 stylus
1698 985 1889 1031 aucto-

305 1072 384 1125 ris
416 1080 470 1125 et
492 1070 765 1125 scribendi
803 1086 976 1140 genus
1008 1072 1319 1141 primmvam
1362 1071 1765 1141 simplicitatem
1799 1084 1889 1124 sa-

302 1164 402 1232 pit,
432 1170 487 1216 et
519 1171 704 1216 tenera
737 1160 916 1216 adhuc
945 1162 1220 1217 nascentis
1245 1160 1500 1216 Ecclesia:
1530 1159 1882 1225 incunabula,

302 1255 508 1325 quibus
555 1264 765 1310 veteres
806 1253 996 1310 Patres
1034 1262 1088 1309 et
1129 1252 1387 1308 Ecclesia:
1435 1253 1593 1323 primi
1646 1252 1880 1317 nutritii,

301 1346 441 1400 nihil
469 1332 743 1401 excelsum
778 1354 871 1400 aut
899 1347 1127 1411 elatum,
1166 1360 1268 1401 nec
1297 1346 1362 1400 ad
1395 1345 1681 1400 audientim
1710 1360 1884 1415 popu-

300 1436 439 1497 laris
465 1440 752 1494 illecebras
791 1439 940 1493 culto
967 1454 1219 1496 sermone
1254 1437 1519 1503 fucatum,
1559 1438 1615 1492 in
1642 1437 1881 1494 medium

298 1532 653 1601 proferebant
682 1551 699 1600 ;
728 1532 823 1590 sed
863 1533 951 1608 ad.
980 1534 1219 1589 divinam
1250 1534 1639 1606 indulgentiam
1682 1534 1875 1607 praedi-

1880 1680 1949 1693 —

1991 515 2114 568 dam
2149 514 2230 587 (ut
2257 512 2565 585 Cyprianus
2601 514 2667 568 ad
2702 513 2991 586 Donatum)
3026 516 3205 572 verbis
3248 531 3360 574 non
3396 518 3575 574 diser-
3603 551 3617 565 κ

1990 610 2063 664 tis
2090 609 2185 664 sed
2218 608 2476 674 fortibus,
2498 616 2553 664 et
2576 608 2696 663 rudi
2726 609 2957 664 veritate
2979 609 3321 679 simplicibus
3341 611 3572 668 uteban-

1990 710 2100 757 tur.
2134 700 2313 767 Quare
2359 701 2405 757 si
2448 702 2505 756 in
2554 700 2804 757 versione
2843 710 3030 757 nostra
3076 703 3279 773 eloquii
3314 712 3573 761 venusta-

1990 800 2097 847 tem
2130 800 2224 846 aut
2252 792 2826 848 rhetorici.sermonis
2859 793 3087 847 nitorem
3117 804 3423 864 exspectas.
3453 795 3573 851 l'ru-

1991 894 2105 940 stra
2129 884 2326 949 lueris;
2358 883 2514 950 lides,
2543 899 2655 938 non
2704 890 2932 940 ornatus
2996 892 3091 939 aut
3132 887 3423 941 verborum
3454 888 3569 943 ele-

1991 978 2197 1049 gantia,
2230 977 2387 1033 nobis
2412 992 2522 1048 prae
2554 977 2727 1033 oculis
2778 976 2831 1030 in
2865 978 2967 1033 hoc
2996 978 3215 1048 negotio
3243 987 3381 1035 erat.
3412 978 3571 1047 Quod

1990 1069 2260 1139 reliquum
2297 1076 2400 1130 est,
2434 1070 2723 1125 conatibus
2762 1068 2968 1125 nostris
3017 1068 3155 1135 fave,
3181 1080 3235 1126 et
3271 1073 3572 1141 pleniorem

1989 1179 2147 1234 opem
2179 1163 2307 1218 huic
2335 1173 2526 1218 nostro
2551 1162 2750 1221 tribue.
2784 1164 3029 1233 aliosque
3067 1171 3299 1227 veteres,
3332 1166 3423 1237 qui
3455 1181 3572 1222 me-

1944 1314 1947 1315 .
1991 1257 2219 1312 moriam
2253 1271 2410 1312 suam
2436 1256 2534 1310 tibi
2566 1257 2971 1319 commendant,
3005 1255 3074 1310 ab
3096 1256 3388 1313 oblivionis
3424 1258 3571 1327 injuo

1988 1351 2071 1406 ria
2119 1365 2342 1417 assere;
2392 1365 2625 1420 quorum
2683 1350 3077 1404 immortalitati
3121 1349 3251 1404 dum
3298 1353 3565 1418 consulis,

1987 1443 2191 1513 pariter
2226 1450 2281 1497 et
2324 1450 2428 1496 tua:
2463 1439 2782 1511 prospicies.
2819 1437 2971 1502 Vale,
3003 1450 3056 1494 et
3083 1439 3444 1496 aeternitatem
3472 1455 3568 1497 co-

1985 1538 2119 1609 gita.
2152 1536 2348 1593 Oxonii
2379 1536 2549 1607 pridie
2577 1534 2698 1592 Kal.
2724 1534 2859 1591 Nov.
2893 1534 3051 1590 1652.

1257 1791 1364 1871 EJ
1378 1793 1718 1873 USDEM
1792 1789 2640 1880 ΠΡΟΣΗΜΕΙΩΣΙΣ.

368 1948 581 2005 Veteres
611 1951 890 2019 primitiuae
938 1948 1191 2006 Ecclesia:
1236 1953 1486 2022 episcopi,
1530 1969 1633 2009 non
1680 1964 1885 2009 tantum
1915 1964 1959 2018 Β
1985 1953 2254 2021 exemplar
2280 1950 2597 2006 imitandum
2625 1959 2974 2019 proponeret:
3003 1959 3052 2004 et
3083 1948 3406 2016 Corinthios,
3438 1966 3568 2022 quos

290 2042 536 2113 gregibus
569 2043 673 2098 sibi
697 2044 1013 2107 commissis,
1044 2054 1100 2097 ut
1131 2054 1301 2098 monet
1332 2043 1561 2110 Paulus,
1587 2044 1768 2100 sedulo
1803 2057 1883 2101 at-

294 2132 591 2195 tendebant,
620 2150 748 2204 quos
781 2133 930 2188 verba
957 2145 1006 2188 et
1034 2152 1289 2199 sermone,
1323 2145 1608 2207 sanctaque
1628 2148 1677 2191 et
1704 2138 1880 2192 incul-

290 2235 431 2294 pata
462 2227 847 2281 conversatione
876 2226 1235 2292 instruebant;
1257 2245 1432 2282 verum
1451 2232 1635 2295 etiam,
1665 2240 1724 2285 ut
1752 2232 1882 2286 dile-

293 2317 520 2370 ctianem
569 2315 825 2385 Spiritus,
868 2316 1180 2371 charitatem
1225 2318 1577 2383 individuam,
1609 2336 1770 2374 unam
1806 2322 1876 2392 ﬁ-

289 2408 432 2472 dem,
461 2427 619 2463 unam
649 2408 960 2473 Ecclesium,
986 2420 1035 2466 et
1064 2412 1418 2480 episcopatum
1448 2428 1610 2466 unum
1641 2414 1878 2469 ostende-

290 2510 427 2563 rent,
450 2518 636 2554 curam
680 2518 833 2555 suam
863 2512 913 2556 et
942 2503 1352 2558 sollicitudinem
1382 2503 1451 2557 ad
1480 2505 1629 2576 longe
1658 2506 1874 2563 dissitas

288 2594 656 2658 extendebant,
688 2604 736 2649 et
777 2610 904 2663 quos
930 2597 1041 2650 viva
1098 2614 1236 2663 voce,
1286 2608 1495 2668 propter
1524 2599 1756 2654 locorum
1788 2599 1874 2654 di-

292 2690 570 2748 stantiam,
609 2690 664 2741 in
695 2687 845 2741 verba
878 2688 1091 2743 Domini
1141 2698 1191 2744 et
1233 2708 1353 2745 vera
1401 2692 1596 2762 pietate
1665 2694 1876 2749 erudire

288 2795 390 2832 non
416 2790 680 2847 poterant,
712 2796 801 2844 per
827 2781 1079 2850 epistolas
1108 2798 1334 2847 monere,
1366 2784 1655 2848 consulere,
1684 2786 1869 2857 objur-

286 2887 413 2942 gare
460 2871 747 2935 interdum,
790 2882 840 2925 et
886 2874 1183 2927 universam
1215 2874 1605 2943 fraternitatem
1647 2876 1727 2949 (ut
1762 2877 1870 2949 Cy-

285 2963 508 3030 prianus
542 2967 606 3017 de
648 2964 885 3033 epistolis
921 2967 1034 3020 suis
1065 2965 1135 3019 ad
1163 2966 1358 3020 clerum
1398 2966 1690 3023 Romanum
1732 2972 1873 3026 scri—

285 3057 391 3123 ptis
442 3056 697 3127 loquitur)
732 3057 799 3109 ad
852 3057 1237 3128 deprecandum
1279 3059 1375 3114 Dei
1428 3061 1870 3128 misericordiam,

287 3151 487 3219 alloqui
531 3160 581 3203 et
631 3149 835 3203 hortari
888 3167 991 3204 non
1038 3151 1345 3205 desinebant
1376 3167 1395 3206 :
1427 3152 1727 3225 duplicique
1774 3154 1875 3209 hac

286 3244 495 3296 ratione
545 3240 744 3297 Christi
778 3240 1121 3311 Evangelium
1149 3244 1530 3313 prtedicabant.
1569 3246 1722 3313 Quod
1752 3248 1877 3304 Cle-

285 3333 822 3388 mentiAlexandrino
838 3335 856 3365 ⁷
880 3343 956 3388 est
982 3335 1273 3407 ἐγγράφως
1290 3337 1385 3390 καὶ
1403 3338 1767 3409 ἀγράφως-τὸν
1786 3339 1870 3395 λό-
1896 3314 1942 3377 C

285 3439 383 3493 γον
412 3426 727 3495 κηρύττειν,
748 3441 867 3478 voce
893 3425 1090 3479 scilicet
1115 3435 1164 3479 et
1196 3428 1523 3495 scripto;ubi
1538 3430 1728 3496 probat
1749 3434 1872 3485 ἐπι-

288 3519 507 3588 στήμην
535 3517 633 3588 τὴν
675 3517 760 3570 διὰ
787 3518 887 3587 τῆς
926 3518 1127 3590 χειρὸς,
1173 3536 1329 3588 quam
1363 3530 1513 3575 vocat
1546 3520 1869 3594 ἀγγελικὴν,

284 3627 388 3666 ιιοη
420 3612 597 3664 minus
621 3611 883 3665 commodi
910 3621 959 3665 et
984 3611 1231 3666 utilitatis
1264 3612 1513 3667 Ecclesia!
1536 3614 1632 3667 Dei
1656 3616 1867 3684 a/ferre,

286 3721 442 3770 quam
485 3703 640 3755 illam
690 3702 940 3767 alteram,
985 3719 1100 3773 quia
1162 3706 1248 3763 διὰ
1273 3708 1373 3779 τῆς
1406 3702 1651 3776 γλώττης
1687 3717 1785 3773 est,
1818 3719 1871 3763 et

285 3794 555 3864 κηρυκικὴ
577 3796 889 3864 appellatur.
908 3793 1041 3848 Hinc
1067 3806 1167 3860 est,
1193 3796 1330 3866 quod
1358 3797 1494 3851 inter
1513 3796 1786 3869 Cypriani,
1818 3812 1869 3856 et

286 3883 515 3935 aliorum
556 3884 782 3937 Patrum
815 3888 1034 3956 scripta,
1064 3888 1357 3959 frequentes
1401 3891 1637 3956 epistola:
1667 3892 1735 3945 ad
1767 3894 1873 3949 cle-

286 3992 405 4027 rum
436 3986 485 4029 et
517 3976 714 4043 plebem
744 3977 1072 4032 diversarum
1102 3977 1484 4044 Ecclesiarum,
1516 3985 1866 4050 reperiantur.

283 4066 542 4137 bujusque
575 4070 777 4138 generis
830 4080 953 4123 sunt
997 4087 1113 4141 qua:
1157 4070 1457 4142 Encyclt'cae
1505 4076 1865 4142 nominantur,

285 4162 456 4230 qualis
473 4172 521 4215 et
544 4163 676 4228 hcce,
706 4180 823 4233 quin
850 4165 903 4216 in
932 4165 1174 4218 manibus
1201 4174 1299 4229 est,
1331 4183 1433 4220 non
1458 4168 1718 4223 immerito
1749 4187 1869 4225 cen-

284 4252 447 4307 senda
478 4264 576 4317 est,
611 4272 727 4308 cum
758 4256 963 4324 publice
990 4257 1043 4309 in
1074 4242 1313 4312 omnibus
1358 4261 1591 4314 ecclesiis
1621 4263 1865 4330 primitus

282 4346 561 4417 legeretur,
595 4348 712 4401 licet
747 4347 816 4399 ad
865 4363 1023 4400 unam
1075 4349 1292 4418 scripta,
1326 4367 1388 4404 ac
1437 4351 1535 4405 hac
1564 4355 1772 4409 nomine
1800 4355 1864 4408 ab

284 4438 584 4510 Epiphanio
615 4441 771 4493 etiam
807 4440 1143 4511 insigniatur.
1201 4441 1450 4514 Magnam
1514 4456 1689 4500 autem
1738 4446 1863 4502 olim

284 4527 419 4581 inter
451 4527 746 4581 Ecclesium
788 4527 1079 4583 Romanam
1119 4540 1167 4584 et
1207 4531 1603 4590 Corinthiacum
1640 4541 1863 4593 necessi-

287 4619 540 4682 tudinem,
572 4627 623 4671 et
668 4620 964 4672 animorum
1013 4622 1427 4687 conjunctionem
1458 4627 1641 4696 fuisse,
1671 4639 1863 4698 praeter

284 4710 417 4764 hanc
468 4713 859 4781 responsoriam
909 4712 1211 4780 Clementis,
1245 4726 1505 4774 testantur
1549 4724 1711 4777 etiam
1752 4727 1861 4793 epi-

283 4804 435 4857 stola
467 4802 709 4873 Dionysii
756 4804 1145 4859 Corinthiorum
1186 4811 1430 4879 episcopi.
1462 4829 1685 4882 quorum
1716 4832 1861 4869 men-

284 4894 479 4947 tionem
511 4896 643 4964 facit
674 4895 927 4952 Eusebius
960 4900 1214 4955 Historia:
1242 4919 1352 4955 sua:
1380 4902 1471 4956 lib.
1508 4920 1583 4968 tv,
1615 4919 1735 4975 cap.
1765 4906 1858 4973 2‘2,

280 4986 467 5056 quippe
496 5004 613 5056 qua:
638 4989 847 5042 eosdem
869 4993 1133 5057 apostolos
1162 4993 1369 5045 Petrum
1394 5002 1442 5047 et
1472 4992 1721 5058 Paulum,
1751 4999 1862 5066 pri-

283 5092 395 5131 tltos
422 5078 729 5145 laudatores
756 5080 1026 5137 haberent.
1056 5092 1106 5136 et
1128 5084 1181 5136 in
1209 5082 1390 5138 eadem
1418 5083 1523 5152 ﬁde
1551 5088 1861 5154 conspiran-

284 5176 381 5231 tes,
410 5168 666 5224 doctrinre
703 5175 1161 5242 consanguinitate
1192 5175 1271 5246 (ut
1317 5176 1481 5230 verbis
1543 5177 1859 5233 Tertulliani

282 5262 452 5331 utar),
483 5264 627 5330 pacis
670 5267 1175 5333 communicatione,
1231 5267 1579 5330 fraternitatis
1629 5271 1863 5339 appella-

284 5357 444 5418 tione,
469 5366 519 5410 et
562 5358 938 5425 hospitalitatis
988 5363 1443 5424 contesseratione,
1487 5370 1734 5434 tanquam
1764 5364 1861 5431 fir-

284 5448 521 5501 missima
551 5449 769 5518 glutino,
800 5451 940 5503 inter
976 5468 1031 5505 se
1067 5453 1283 5506 invicem
1314 5453 1706 5523 copularentur.
1746 5452 1856 5507 Ec-

282 5542 455 5594 clesia?
481 5552 656 5596 autem
682 5542 931 5600 Romana:
988 5563 1089 5600 non
1122 5561 1273 5600 suum
1294 5562 1478 5601 nomen
1528 5548 1693 5616 fronti
1717 5563 1857 5615 pra:-

282 5633 429 5701 ﬁzit;
461 5642 519 5687 ut
570 5634 834 5692 modestia:
877 5647 929 5694 et
976 5638 1289 5693 humilitatis
1334 5639 1555 5708 posteris
1609 5639 1854 5699 wtatibus

347 5835 372 5841 ,η
402 5770 524 5835 Lib.
564 5790 580 5830 ι
620 5775 818 5832 Strom.

1981 2047 2053 2100 ad
2092 2047 2385 2115 fraternam
2430 2041 2766 2097 concordiam
2820 2051 2871 2096 et
2909 2042 3262 2098 humilitatem
3310 2054 3422 2099 tota
3469 2043 3570 2098 hac

1978 2139 2202 2205 epistola
2237 2136 2503 2199 hortatur,
2534 2152 2638 2188 non
2689 2143 2895 2188 tantum
2948 2137 3166 2205 scripto,
3197 2136 3290 2190 sed
3331 2137 3569 2207 exemplo

1980 2231 2149 2285 etiam
2179 2245 2296 2293 suo,
2328 2244 2505 2283 veram
2529 2237 2579 2281 et
2636 2244 2740 2282 non
2785 2227 3021 2298 fucatam
3069 2228 3569 2303 ταπεινοφροσύνην

1978 2319 2205 2380 doceret,
2227 2334 2366 2389 quae.
2391 2316 2597 2371 Basilio
2629 2327 2776 2384 teste,
2793 2319 2900 2373 τῶν
2920 2317 3093 2374 ἄλλων
3124 2320 3333 2391 ἀρετῶν
3361 2318 3567 2390 Θησαυ-

1980 2409 2310 2483 ροφυλάκιον
2322 2417 2421 2464 est.
2436 2411 2552 2475 Quo
2562 2428 2701 2464 anno
2725 2420 2898 2465 autem
2910 2411 3243 2481 episcopatus
3259 2412 3375 2483 ejus
3404 2413 3569 2468 missa

1978 2504 2047 2558 sit
2075 2502 2185 2558 ltwc
2205 2502 2451 2572 epistola,
2483 2512 2535 2556 et
2563 2520 2631 2557 an
2664 2501 2843 2558 Romte
2864 2513 2997 2558 esset
3021 2502 3260 2559 Clemens
3285 2520 3404 2557 cum
3432 2504 3569 2559 hanc

1976 2593 2245 2657 scriberet,
2288 2593 2428 2662 apud
2473 2595 2721 2664 antiquos
2765 2594 2971 2649 nullum
3018 2596 3295 2666 vestigium
3321 2611 3341 2651 :
3370 2596 3567 2665 proba-

1977 2684 2078 2739 bile
2109 2696 2317 2739 estnon
2348 2686 2499 2756 prius
2537 2688 2787 2756 scriptam
2828 2688 2994 2757 fuisse
3034 2705 3195 2759 quam
3231 2690 3285 2742 in
3321 2689 3568 2744 exsilium

1976 2780 2315 2850 relegaretur,
2345 2778 2482 2847 quod
2514 2778 2714 2848 factum
2739 2788 2815 2833 est
2861 2778 3067 2834 biennio
3107 2790 3390 2851 antequam
3421 2798 3573 2837 mar-

1976 2872 2113 2941 tyrio
2142 2872 2304 2925 vitam
2334 2872 2549 2941 ﬁniret;
2575 2869 2713 2941 quod
2740 2885 2806 2924 ea;
2835 2871 2999 2939 ipsius
3019 2871 3185 2926 verbis
3217 2890 3319 2928 non
3352 2873 3571 2928 obscure

1973 2961 2154 3032 colligi
2180 2972 2372 3031 potest,
2409 2962 2498 3015 ubi
2536 2962 2600 3016 de
2632 2960 2795 3016 Pauli
2836 2962 3128 3028 laboribus,
3163 2963 3227 3018 de
3262 2966 3448 3021 mortis
3479 2982 3569 3036 ge-

1974 3070 2119 3118 nere,
2150 3063 2199 3108 et
2248 3056 2498 3127 martyrii
2539 3054 2655 3110 loco
2684 3054 2973 3121 disserens,
3004 3057 3101 3121 ait,
3138 3073 3255 3112 eum
3285 3058 3339 3111 in
3370 3059 3567 3129 ﬁnibus

1986 3145 2285 3203 Occidentis
2306 3164 2525 3218 passum
2549 3164 2680 3203 esse.
2708 3148 3003 3203 Verisimile
3026 3159 3125 3211 est,
3153 3151 3201 3204 si
3220 3152 3275 3204 in
3299 3148 3426 3207 urbe
3454 3164 3569 3207 tum

1980 3238 2188 3308 fuisset,
2222 3239 2280 3292 ὲν
2308 3236 2483 3312 ταύτῃ
2510 3242 2577 3310 τῇ
2611 3238 2840 3310 βασιλίδι
2870 3239 3045 3305 πόλει,
3084 3240 3163 3295 vel
3192 3240 3398 3312 aliquid
3422 3242 3569 3312 ejus-

1972 3330 2138 3396 modi,
2188 3330 2413 3386 voluisse
2448 3330 2600 3385 illum
2640 3331 2886 3388 scribere.
2925 3331 3075 3389 Adde
3118 3334 3257 3405 quod
3294 3337 3478 3391 statim
3509 3338 3569 3391 in

1971 3422 2147 3485 initio,
2162 3438 2281 3476 cum
2300 3420 2605 3476 tarditatem
2624 3438 2776 3476 suam
2796 3424 2849 3476 in
2864 3424 3195 3478 rescribendo
3213 3436 3454 3491 excusat,
3472 3443 3567 3481 ca-

1971 3516 2276 3571 lamitatum
2298 3531 2519 3571 suarum
2537 3526 2589 3569 et
2612 3515 3000 3587 περιπτώσεων
3030 3519 3343 3573 mentionem
3363 3520 3566 3589 faciat:

1976 3610 2091 3664 ἀλλ’
2123 3610 2305 3681 ἐπέχω
2336 3610 2431 3663 καὶ
2458 3608 2607 3663 οὐδὲν
2622 3608 2809 3680 ὁρίζω,
2828 3618 2952 3662 etes:
2967 3610 3051 3663 cia
3065 3610 3163 3664 hac
3180 3610 3384 3682 ἀϐάτῳ,
3403 3629 3565 3684 quam

1972 3719 2122 3769 nemo
2148 3712 2271 3757 ante
2300 3701 2545 3765 calcavit,
2570 3700 2752 3772 pedem
2783 3701 2973 3770 refero.
3001 3701 3133 3758 Post
3160 3708 3559 3770 salutationem,

1970 3808 2087 3862 qua
2122 3791 2287 3845 verbis
2339 3790 2587 3845 Paulinis
2630 3791 2943 3859 concipitur,
2996 3788 3306 3847 Corinthios
3350 3804 3564 3864 propter

1970 3882 2264 3936 constantis
2299 3880 2423 3951 ﬁdei
2460 3881 2840 3946 sinceritatem,
2866 3894 3079 3952 propter
3100 3901 3303 3939 morum
3322 3887 3563 3955 probita-

1971 3981 2095 4038 tem,
2132 3982 2176 4027 et
2199 3973 2456 4043 insignem
2487 3974 2542 4026 in
2571 3972 2816 4027 omnibus
2830 3975 3126 4046 εὐκοσμίαν
3155 3978 3249 4030 καὶ
3273 3975 3558 4043 εὐταξίαν.

1969 4063 2291 4119 vehementer
2324 4064 2532 4129 laudat,
2562 4075 2611 4119 et
2638 4065 2693 4118 in
2723 4064 2819 4120 hoc
2856 4068 3017 4120 etiam
3048 4066 3212 4123 Pauli
3238 4068 3559 4139 discipulum

1967 4173 2023 4210 se
2050 4156 2259 4225 probat,
2287 4157 2376 4228 qui
2404 4156 2672 4226 Epistolas
2697 4175 2821 4212 suas
2847 4176 2879 4213 a
2911 4159 3159 4215 laudibus
3189 4161 3358 4216 ordiri
3388 4175 3553 4220 amat.

1968 4246 2057 4303 Sic
2080 4249 2220 4302 enim
2242 4248 2312 4302 ad
2329 4248 2629 4306 Romanos:
2656 4250 2720 4303 Ἠ
2740 4251 2922 4316 πίστις
2952 4252 3102 4323 ὑμῶν
3129 4255 3556 4325 καταγγέλλεται

1966 4340 2026 4393 ὲν
2054 4340 2159 4411 ὅλῳ
2183 4340 2260 4411 τῷ
2285 4341 2495 4413 κόσμῳ,
2515 4343 2592 4396 sic
2609 4341 2678 4395 ad
2697 4340 2996 4398 Corinthios
3010 4362 3030 4400 :
3050 4345 3462 4419 Ἐπλουτίσθητε
3495 4349 3555 4402 ἐν

1966 4433 2135 4505 αὐτῷ,
2153 4434 2210 4487 ὲν
2239 4436 2406 4490 παντὶ
2420 4434 2562 4505 λόγῳ
2576 4436 2671 4488 καὶ
2689 4434 2838 4509 πάσῃ
2872 4435 3091 4505 γνώσει,
3110 4436 3250 4490 ὥστε
3294 4439 3438 4510 ὑμᾶς
3477 4438 3553 4512 μὴ

1967 4524 2312 4597 ὑστερεῖσθαι
2330 4526 2389 4580 ὲν
2421 4525 2608 4597 μηδενὶ
2624 4528 2948 4599 χαρίσματι.
2968 4526 3071 4582 Sed
3094 4546 3196 4583 non
3217 4542 3293 4589 est
3313 4532 3553 4600 proposi-

1966 4626 2076 4671 tum
2106 4629 2345 4672 nostrum
2367 4629 2673 4673 accuratam
2703 4620 2969 4691 analysin,
2999 4629 3092 4674 aut
3119 4621 3376 4693 longiores
3409 4640 3555 4678 com-

1969 4712 2253 4765 mentarios
2284 4712 2510 4766 scribere
2531 4731 2551 4767 :
2579 4729 2739 4784 neque
2780 4728 2951 4782 operae
2998 4716 3405 4786 typograplticaz,
3433 4734 3552 4791 qua:

1966 4814 2224 4858 connatas
2254 4804 2350 4859 has
2380 4814 2429 4858 et
2458 4807 2761 4876 congenitas
2802 4807 3085 4861 stricturas
3113 4810 3372 4879 pra'cipiti
3399 4810 3551 4880 festi-

1966 4896 2180 4949 natione
2214 4894 2523 4960 extrudunt,
2553 4897 2894 4950 immaturum
2934 4897 3098 4967 fetum
3136 4901 3389 4955 teneriore
3418 4918 3549 4955 cura

1969 4987 2217 5053 lambere,
2250 4998 2299 5043 et
2326 4990 2534 5059 paterni
2560 4990 2780 5059 aﬂ'ectus
2811 4992 3169 5062 γνωρίσματα
3196 4994 3358 5046 simul
3390 5009 3548 5063 expo-

1966 5098 2111 5146 nere,
2140 5084 2435 5150 patiuntur.
2462 5081 2641 5148 Quare
2676 5094 2868 5152 praeter
2896 5085 2993 5138 illa
3026 5100 3142 5154 qute
3184 5084 3352 5154 magis
3395 5084 3547 5141 obvia

1965 5184 2138 5238 erant,
2169 5183 2217 5228 et
2259 5190 2421 5244 supra
2450 5191 2483 5229 a
2510 5176 2660 5230 nobis
2690 5176 2799 5230 suis
2829 5176 2959 5230 locis
2993 5178 3048 5229 in
3099 5177 3336 5247 margine
3368 5194 3548 5233 emeno

1960 5266 2089 5321 data
2125 5276 2268 5332 sunt,
2314 5267 2557 5337 quoniam
2603 5268 3085 5337 inprtesentiarum,
3117 5283 3234 5339 qua:
3284 5267 3542 5324 medicam

1962 5376 2178 5413 manum
2211 5359 2535 5424 desiderant,
2568 5360 2645 5414 vel
2690 5369 2877 5415 natatu
2912 5361 3158 5431 digniora
3203 5360 3540 5429 uidebuntur,

1957 5451 2372 5520 observabimus,
2426 5453 2628 5524 reliqua
2689 5469 2811 5508 cum
2869 5452 3075 5509 ercia
3123 5465 3215 5508 aut
3275 5453 3539 5527 Egyptus

1956 5545 2227 5616 exemplar
2244 5546 2594 5602 emaculatius
2617 5556 2665 5602 et
2689 5548 2968 5619 perfectius
2992 5547 3140 5603 nobis
3162 5548 3557 5605 subministra—'

1956 5638 2085 5705 rint,
2114 5638 2192 5694 uel
2235 5640 2292 5694 in
2335 5636 2647 5712 Hieronymi
2697 5642 2982 5698 versionem
3010 5642 3257 5697 Latinam
3308 5639 3535 5699 incidere
