4052 6332
554 219 621 275 ιῖ
1714 226 1805 279 AD
1837 225 1892 281 S.
1916 226 2081 281 ‘CLEJ

2182 227 2353 286 llTEM
2393 230 2411 284 l
2446 231 2679 285 PAPAM
3682 232 3776 301 ’48

548 332 842 426 contigerit,
872 350 1029 404 quam
1066 334 1121 388 in
1150 333 1469 395 bibliothecis
1512 338 1705 395 aiicubi
1748 342 1931 402 latere,
1975 358 2115 411 spem
2145 352 2190 408 Α
2218 312 2411 404 calcem
2427 345 2655 416 Operam
2679 347 2979 420 Fulgentii;
3007 361 3160 420 atque
3185 352 3385 407 utinam
3418 354 3473 407 id
3503 357 3780 426 aliquando

546 423 695 479 nobis
729 424 859 493 facit
887 426 1156 496 catalogus
1194 429 1433 483 codicum
1474 430 1704 500 fratrum
1753 433 2110 497 Lobiensium,

542 530 691 582 quem
723 516 865 571 donni
914 516 1160 571 habemus
1205 519 1455 588 scriptum
1513 532 1632 578 ante
1660 523 1765 578 400
1813 541 2003 591 annos,
2041 524 2110 578 ad

2215 438 2436 500 eveniat,
2461 447 2508 490 et
2540 453 2652 507 spes
2681 451 2876 493 nostra:
2897 458 2999 495 non
3028 443 3206 498 inanes
3231 443 3712 512 deprehendantur!

929 754 1029 813 Ex
1063 755 1335 834 epistola
1368 758 1603 822 Gallica
1639 762 1714 822 V.
1742 766 1818 825 A.
1853 764 2235 846 Hieronymi
2266 766 2564 847 Bignonii
2597 767 2674 829 ad
2707 769 3049 848 Hugonem
3089 770 3409 849 Grotium,

1543 867 1681 927 data
1713 868 1980 929 Lutetiae
2035 894 2088 933 a.
2147 878 2202 935 d.
2242 873 2281 933 ’Ζ
2310 872 2580 951 Augusti
2617 873 2791 934 1633.
2826 933 2837 945 ,

612 967 780 1025 Velim
824 968 966 1024 scire
1008 965 1280 1037 quodnam
1309 967 1379 1021 sit
1410 976 1562 1021 tuum
1585 965 1854 1036 judicium
1886 967 1953 1023 de
1993 970 2111 1039 epi-
2209 971 2357 1028 ximo
2384 973 2751 1042 apostolorum
2781 972 3082 1045 discipulo;
3114 980 3363 1047 quamvis
3391 983 3483 1051 qui
3531 998 3653 1039 eum
3693 1002 3753 1042 se

536 1061 676 1117 stola
707 1060 1003 1115 Clementis
1032 1074 1205 1129 nuper
1248 1058 1301 1112 in
1330 1058 1521 1129 Anglia
1563 1058 1731 1113 edita.
1764 1056 1924 1115 Fides
1960 1061 2111 1115 codi-
2209 1066 2320 1119 cuti
2355 1074 2502 1131 sunt,
2535 1081 2600 1120 eo
2621 1075 2941 1137 argumento
2963 1069 3049 1123 usi
3085 1070 3217 1136 sint,
3248 1073 3345 1127 sed
3379 1082 3573 1129 contra
3596 1078 3747 1133 ethni

534 1159 614 1213 cis
644 1156 1022 1225 manuscripti,
1055 1154 1149 1222 qui
1180 1170 1245 1209 ex
1278 1152 1497 1209 Oriente
1534 1152 1791 1208 advectus
1824 1154 2029 1209 dicitur
2053 1164 2106 1209 et
2206 1170 2302 1211 cos
2341 1163 2395 1211 et
2438 1156 2813 1227 philosophos,
2864 1159 3030 1229 inque
3084 1163 3303 1232 scriptis
3352 1163 3492 1220 alius
3540 1170 3769 1236 generis,

535 1250 605 1304 M.
632 1249 926 1302 Britannia:
945 1248 1061 1317 regi
1086 1246 1341 1307 donatus,
1366 1244 1655 1300 sinceritas
1682 1242 1902 1299 Patricii
1930 1244 2101 1309 Junii,

531 1343 622 1413 qui
647 1356 766 1397 eam
795 1340 985 1405 edidit,
1012 1340 1319 1395 testimonia
1338 1355 1368 1393 a
1399 1337 1673 1392 veteribus
1695 1352 1759 1391 ex
1782 1353 1844 1392 ea
1873 1338 2101 1407 epistola

529 1434 869 1503 deprompta,
910 1446 1030 1503 quae
1052 1431 1106 1485 in
1135 1430 1237 1485 hac
1251 1431 1546 1485 etiamnum
1569 1428 1841 1498 leguntur,
1867 1430 2102 1498 primum

529 1538 711 1577 veram
736 1531 794 1576 ut
845 1522 1121 1577 crederem
1171 1519 1467 1575 Clementis
1496 1518 1779 1588 epistolam
1814 1536 1900 1574 me
1930 1520 2103 1574 addu-

528 1623 751 1671 xerunt.
802 1612 996 1669 Postea
1040 1612 1165 1684 styli
1221 1612 1470 1682 quaedam
1502 1612 1645 1666 ratio
1674 1619 1727 1666 et
1758 1611 2007 1680 spiritus,
2042 1621 2101 1666 ut

526 1709 603 1762 ita
630 1707 829 1771 dicam,
872 1704 1055 1760 saeculi
1123 1704 1196 1757 ita
1227 1705 1276 1759 ei
1302 1705 1481 1757 inesse
1528 1702 1874 1765 videbantur,
1906 1712 1965 1758 ut
2009 1704 2101 1758 vix

2206 1260 2367 1314 quam
2403 1253 2487 1301 est
2535 1247 2764 1316 epistola
2794 1248 2859 1302 ad
2897 1247 3194 1305 Ecclesiam
3237 1254 3589 1324 apostolicam
3623 1258 3773 1325 data,

2203 1352 2432 1406 quasque
2483 1338 2803 1407 aliquandiu
2844 1355 2945 1410 pro
2986 1344 3254 1397 canonica
3302 1344 3486 1399 habita
3514 1354 3617 1403 est.
3669 1347 3774 1405 0c-

2203 1429 2376 1481 currit
2423 1428 2589 1484 etiam
2634 1430 2809 1495 locus,
2862 1432 2917 1485 in
2960 1449 3068 1503 quo
3114 1436 3422 1492 oblationes
3465 1440 3582 1494 vult
3633 1441 3770 1509 loco,

2201 1525 2444 1589 tempore
2460 1528 2513 1573 et
2536 1520 2686 1577 horis
2708 1523 2876 1577 certis
2889 1522 3211 1597 oll‘erri,pag.
3236 1527 3303 1582 52
3313 1536 3367 1583 et
3390 1530 3478 1595 55,
3497 1531 3589 1585 ubi
3610 1534 3781 1587 etiam

2203 1612 2403 1682 legitur
2432 1614 2627 1667 vocula
2659 1615 2850 1677 laicus,
2894 1631 3015 1685 qua:
3064 1618 3198 1671 mihi
3237 1628 3489 1689 suspecta
3517 1630 3622 1677 est.
3670 1622 3775 1677 Pa-

2201 1704 2326 1773 gina
2354 1706 2519 1759 etiam
2550 1705 2619 1760 62
2640 1705 2934 1764 Ecclesiam
2976 1706 3309 1765 Corinthiam
3332 1713 3566 1784 ἀρχαίαν
3592 1726 3770 1781 vocat,

525 1796 811 1853 dubitandi
846 1803 991 1852 esset
1030 1796 1199 1850 locus.
1232 1794 1505 1857 Attamen,
1530 1793 1658 1848 dum
1689 1808 1807 1848 eam
1840 1793 1978 1863 lego,
2018 1793 2101 1846 fa-
2136 1784 2179 1838 Β
2204 1794 2349 1862 quod
2376 1794 2465 1847 vix
2493 1793 2757 1850 Clementi
2783 1799 3077 1855 convenire
3105 1811 3285 1871 queat.
3336 1802 3600 1874 Denique.
3647 1823 3773 1862 cum

523 1900 643 1946 teor
666 1889 798 1942 mihi
821 1887 1067 1959 quaedam
1096 1886 1148 1939 in
1178 1901 1240 1939 ea
1264 1900 1555 1939 occurrere
1574 1900 1603 1937 a
1633 1885 1775 1956 ston
1796 1885 2098 1954 apostolico

522 1984 720 2038 aliena.
752 1981 944 2035 Insunt
992 1979 1361 2048 frequentiora
1409 1977 1669 2048 epitheta,
1701 1976 2097 2047 ampliﬁcandi-

521 2091 627 2145 que
665 2072 928 2139 formulae,
968 2086 1090 2141 qure
1121 2083 1297 2124 arvum
1349 2070 1662 2138 posterius,
1712 2066 2096 2138 Liturgiasque

520 2175 574 2222 et
626 2164 957 2235 Euchologia
1004 2161 1316 2217 Graecorum
1367 2175 1560 2231 sapere
1603 2159 1875 2215 videntur.
1926 2160 2096 2228 Argu-

520 2272 763 2319 mentum
813 2275 844 2315 e
904 2259 1154 2328 phoenice
1212 2260 1467 2323 ductum,
1516 2258 1747 2327 ejusque
1802 2253 2099 2325 descriptio

2205 1882 2470 1953 scriptum
2530 1886 2822 1954 genuinum
2876 1904 3128 1944 censeam
3152 1931 3168 1956 ,
3217 1893 3541 1950 crediderim
3592 1907 3775 1953 tamen

2200 1976 2387 2046 plures
2412 1978 2685 2034 clausulas
2707 1988 2761 2034 et
2788 1996 2952 2037 voces
2983 1983 3037 2037 ei
3057 1983 3273 2041 additas
3297 1986 3365 2039 ab
3391 1987 3459 2042 iis
3508 2002 3539 2041 a
3572 1988 3775 2058 quibus

2202 2076 2390 2137 postea
2421 2071 2695 2143 exscripta
2722 2078 2841 2140 est;
2877 2073 3021 2143 quod
3050 2074 3214 2129 etiam
3245 2077 3374 2133 aliis
3402 2078 3646 2148 ejusdem
3684 2096 3773 2134 an.

2199 2159 2472 2229 tiquitatis
2504 2163 2750 2233 scriptis,
2787 2164 3002 2235 ipsique
3039 2166 3175 2222 adeo
3220 2165 3485 2224 Clementi
3517 2172 3768 2243 contigit.

2204 2249 2463 2309 Libenter
2492 2255 2793 2311 audiverim
2838 2258 2966 2328 quid
2997 2259 3064 2315 de
3093 2275 3153 2315 re
3198 2261 3404 2315 sentias
3435 2272 3512 2326 tu,
3545 2264 3772 2322 cuinon

518 2357 716 2420 aliena,
749 2365 872 2408 meo
900 2352 1119 2424 quidem
1146 2351 1377 2422 judicio,
1404 2356 1534 2407 sunt
1565 2363 1596 2401 a
1627 2348 1925 2412 Clemente,
1965 2360 2097 2416 pro-
2197 2344 2377 2413 facile,
2402 2346 2471 2401 ad
2503 2349 2633 2402 talia
2660 2350 2874 2421 egregie
2899 2350 3152 2420 sapienti,
3176 2352 3382 2423 imponi
3414 2361 3599 2424 queat.

517 2548 705 2623 llugo
735 2538 996 2605 Grotius
1030 2535 1284 2617 epistol.
1316 2534 1390 2596 ad
1425 2531 1655 2623 Gallos
1678 2548 1843 2623 cuv,
1874 2529 1952 2623 ad
1983 2528 2464 2623 amplissimum
2505 2529 3210 2623 virumnliieronymum
3242 2533 3658 2612 Bignonium,
3695 2530 3766 2596 in

1265 2629 1577 2692 supremo
1621 2612 1861 2675 Senatu
1891 2609 2235 2670 Parisiensi
2273 2610 2672 2673 Advocatum
2704 2609 3003 2689 Regium.

588 2742 883 2814 Epistolam
910 2754 1031 2811 quae
1061 2736 1357 2794 Clementis
1386 2735 1453 2790 ad
1483 2734 1797 2791 Corinthios
1828 2735 2081 2791 inscribi-

2185 2734 2476 2807 λοπρεπές,
2505 2733 3025 2807 ἀπροσωπολήπτως
3054 2734 3470 2807 ῥιψοκινδύνως,
3502 2737 3768 2793 advertat-

512 2847 622 2901 tur,
670 2834 755 2888 vir
790 2832 1155 2902 amplissime,
1200 2829 1269 2883 ab
1316 2827 1502 2898 Anglis
1559 2828 1885 2898 promissam
1946 2827 2081 2883 mihi

2182 2845 2352 2891 νετος,
2369 2829 2801 2902 ὲργοπαρὲκτης,
2846 2828 3238 2899 ἀξιαγάπητος,
3259 2831 3777 2901 μωμοσκοπεῖσθαι,

505 2929 618 3000 jam
651 2924 881 2997 pridem,
922 2937 1047 2977 cum
1088 2918 1385 2990 llamburgi
1421 2917 1625 2973 frustra
1650 2917 1743 2971 diu
1773 2926 2081 2988 exspectas-

2182 2922 2538 2996 ἑτεροκλινὲς,
2596 2921 3005 2993 ὲτερογνώμων,
3065 2930 3141 2987 et,
3185 2938 3295 2993 quo
3349 2923 3525 2980 Lucas
3562 2922 3765 2991 utitur,

510 3037 646 3085 sem,
679 3033 826 3074 nunc
870 3016 1109 3079 demum,
1146 3021 1433 3085 postquam
1466 3009 1884 3066 Francofurtum
1932 3010 2077 3076 veni,
2180 3015 2597 3087 ἀντοφθαλμεῖν,
2621 3016 2836 3085 aliaque
2862 3015 3083 3071 similia.
3111 3015 3178 3070 Et
3201 3018 3317 3088 ipse
3338 3033 3538 3083 sermo,
3563 3035 3677 3077 non
3703 3031 3768 3077 ut

507 3113 613 3166 viri
645 3110 888 3174 maximi,
938 3107 1239 3162 Succorum
1287 3103 1422 3175 regii
1453 3104 1766 3160 cancellarii
1802 3112 2019 3167 vocatu,
2046 3119 2077 3157 a
2104 3149 2144 3182 τ,
2181 3108 2528 3182 ιὸραῖζουσιν
2550 3108 2603 3162 in
2631 3107 2893 3164 minutias
2916 3109 3194 3173 concisus,
3219 3110 3311 3164 sed
3332 3110 3534 3181 largius
3558 3110 3764 3172 ﬂuens,

507 3204 714 3261 familia
743 3199 1031 3273 Anglicani
1060 3197 1220 3269 legati
1247 3196 1479 3269 accipio.
1513 3193 1674 3248 Nolui
1711 3209 1839 3249 vero
1866 3193 1937 3248 ad
1968 3208 2077 3248 mo-
2107 3193 2146 3207 ν
2178 3200 2313 3255 Nam
2364 3208 2417 3255 ct
2448 3201 2644 3255 lectum
2684 3200 2754 3253 ab
2802 3200 2897 3254 illo
2954 3199 3269 3269 Euripidem
3317 3210 3371 3255 et
3429 3201 3769 3272 Sophoclem

504 3313 623 3353 ram
646 3297 810 3359 hanc,
845 3296 964 3350 sine
993 3307 1110 3347 mea
1143 3290 1299 3361 culpa
1334 3299 1538 3351 natam.
1565 3286 1725 3340 aliam
1760 3286 2075 3357 adiungere.
2176 3292 2473 3349 ostendunt
2504 3293 2784 3348 sententia:
2814 3308 2881 3349 ex
2912 3292 3058 3347 illius
3088 3289 3577 3363 Phoenissismujus
3596 3295 3766 3365 Ajace

505 3387 755 3458 quamvis
776 3401 877 3441 nec
905 3386 1099 3439 littera:
1126 3390 1233 3438 tua:
1261 3382 1463 3453 quibus
1493 3394 1814 3449 responsum
1844 3385 1953 3432 tam
1984 3378 2078 3433 diu
2180 3385 2477 3440 translatae.
2501 3383 2781 3438 Accedunt
2816 3383 3018 3438 indicia
3060 3398 3169 3437 non
3201 3385 3473 3439 simulatae
3509 3392 3759 3439 vetusta-

503 3480 696 3543 debeo,
751 3487 934 3534 essent
986 3477 1054 3532 ad
1100 3491 1346 3539 manum,
1402 3486 1578 3542 neque
1616 3470 1903 3534 librorum,
1940 3484 2081 3539 quos

503 3575 781 3644 inspectos
813 3572 1029 3635 vellem,
1061 3568 1241 3639 copia.
1275 3564 1429 3633 Quod
1459 3579 1626 3618 unum
1656 3562 1829 3633 potui,
1874 3563 2079 3632 episto-

504 3666 613 3721 lam
658 3665 804 3717 illam
851 3662 957 3733 legi
1012 3660 1290 3733 relegique
1345 3656 1670 3728 aliquoties,
1720 3663 1773 3710 et
1824 3655 2079 3711 omnibus

503 3767 772 3831 quantum
816 3772 1062 3810 mearum
1105 3762 1189 3809 est
1235 3752 1431 3806 virium
1469 3749 1745 3820 expensis,
1786 3748 1943 3803 aliter
1970 3747 2081 3803 exi-

504 3852 731 3905 stimare
761 3864 867 3904 non
901 3848 1073 3918 potui,
1105 3846 1238 3917 quin
1269 3844 1386 3898 hwc
1417 3841 1489 3898 sit
1517 3842 1705 3896 eadem
1750 3855 1911 3910 quam
1949 3839 2079 3910 legit

494 3938 751 4004 Photius,
786 3939 947 4010 cujus
983 3946 1227 4007 tempore
1263 3950 1387 3989 cum
1419 3931 1711 3997 exstiterit,
1742 3947 1851 3985 non
1879 3931 2076 3984 mirum

499 4042 605 4095 est,
637 4032 683 4085 si
717 4029 785 4084 ad
820 4037 1009 4084 nostra
1031 4035 1274 4098 tempora
1300 4027 1356 4079 in
1382 4024 1755 4079 sanctioribus
1786 4022 1940 4077 libris
1968 4036 2079 4077 ser-

500 4128 625 4173 vata
657 4118 840 4173 fuerit.
874 4116 1060 4187 Neque
1100 4131 1227 4171 vero
1252 4130 1432 4169 causa:
1458 4112 1755 4185 quidquam
1779 4114 1958 4177 video,
1980 4128 2079 4168 cur

499 4221 594 4267 aut
624 4212 713 4267 illa
742 4226 905 4281 quam
944 4209 1172 4265 Photius
1204 4207 1352 4280 legit,
1385 4223 1495 4262 non
1522 4208 1710 4263 eadem
1736 4208 1806 4263 sit
1840 4222 1963 4261 cum
2012 4222 2077 4261 ea

498 4317 662 4372 quam
695 4298 1056 4370 Hieronymus
1097 4308 1152 4353 et
1193 4306 1318 4352 ante
1359 4311 1485 4352 eum
1543 4294 1803 4352 Clemens
1843 4296 2078 4351 Alexan-

497 4391 712 4457 drinus,
748 4389 1080 4461 propiusque
1108 4386 1404 4443 Clementis
1446 4385 1675 4440 Romani
1702 4395 1945 4454 tempora
1967 4384 2079 4440 Ire-

2178 3477 2250 3531 tis
2276 3495 2289 3531 :
2313 3475 2470 3542 Quod
2501 3474 2568 3531 de
2597 3472 2818 3530 Christo
2862 3490 3078 3545 semper
3109 3475 3374 3545 loquitur,
3419 3491 3529 3531 non
3569 3482 3629 3529 ut
3657 3492 3761 3547 po-

2174 3569 2435 3624 steriores
2471 3566 2966 3638 πλατωνικώτερον,
2999 3565 3092 3621 sed
3123 3566 3442 3636 simpliciter
3471 3568 3652 3639 plane,
3699 3576 3766 3626 et.

2176 3670 2238 3714 ut
2268 3658 2470 3715 Paulus
2495 3658 2777 3729 apostolus
2807 3659 2964 3715 solet.
2995 3656 3113 3710 Alia
3137 3672 3354 3727 quoque
3375 3657 3629 3728 dogmata
3652 3673 3753 3730 po-

2176 3758 2293 3806 stea
2320 3749 2576 3805 subtilius
2603 3747 2873 3818 explicata
2921 3754 3119 3802 tractat
3150 3745 3531 3819 ἀφελέστερον,
3558 3753 3614 3803 et
3652 3762 3760 3803 vo-

2176 3843 2335 3897 cibus
2393 3841 2659 3914 κλήσεως,
2732 3839 2967 3911 κλητῶν,
3034 3839 3323 3904 ἐκλεκτῶν,
3376 3855 3541 3897 sensu
3586 3840 3757 3911 plane

2176 3935 2405 3991 Paulino
2445 3935 2647 4001 utitur;
2704 3934 2849 4005 quod
2879 3937 2937 3990 in
2964 3930 3173 3990 Veteris
3219 3931 3571 3990 lnstrumenti
3611 3934 3759 3993 locis

2178 4029 2527 4099 purissimam
2576 4043 2755 4098 neque
2812 4026 2992 4081 adhuc
3050 4026 3430 4097 interpolatam
3496 4027 3755 4096 sequitur

2180 4119 2530 4192 Septuaginta
2553 4135 2744 4175 senum
2771 4118 3098 4174 versionem.
3132 4116 3238 4173 Sed
3263 4134 3361 4173 nec
3391 4117 3512 4172 illos
3535 4120 3756 4187 spernit.

2179 4212 2528 4269 Hebraeorum
2562 4212 2751 4275 libros,
2786 4211 2879 4281 qui
2910 4211 3210 4266 secundum
3226 4212 3389 4266 Vetus
3412 4210 3727 4265 lnstrumen

2180 4317 2293 4361 tum
2323 4306 2464 4376 apud
2496 4305 2935 4361 Christianorum
2981 4302 3393 4373 antiquissimos
3437 4303 3750 4357 auctorita-

2179 4408 2287 4454 tem
2326 4398 2595 4465 habuere;
2625 4398 2769 4466 quod
2812 4396 2995 4451 verbis
3025 4395 3296 4465 rebusque
3320 4394 3491 4448 utitur
3521 4394 3751 4450 desum-

498 4501 671 4547 naeus,
703 4484 1046 4539 habuerunt:
1072 4490 1165 4537 aut
1194 4496 1293 4536 cur
1313 4481 1390 4535 illi
1412 4481 1551 4534 alius
1583 4479 1796 4535 dandus
1825 4480 1896 4534 sit
1929 4480 2069 4534 scri-
2098 4493 2143 4548 1)
2172 4493 2281 4563 pus
2309 4507 2376 4546 εχ
2424 4491 2489 4544 ἥδ
2541 4505 2660 4559 qua;
2688 4488 2909 4553 paulus,
2940 4487 3135 4543 petrus
3156 4493 3209 4542 ει
3251 4487 3345 4542 alii
3376 4487 3442 4541 ad
3487 4486 3751 4544 Hebraeos

496 4585 642 4648 ptor,
684 4591 845 4645 quam
888 4576 936 4629 is
965 4574 1081 4645 ipse
1112 4573 1361 4629 Clemens
1407 4571 1709 4634 Romanus,
1741 4570 1886 4640 quod
1915 4577 2071 4625 tanto

496 4684 774 4724 consensu
806 4668 873 4721 ab
900 4667 1152 4720 omnibus
1184 4664 1459 4735 proditum
1503 4671 1602 4719 est.
1633 4661 1750 4715 Non
1802 4665 1917 4717 loca
1945 4673 2067 4718 tan-

500 4771 614 4815 tum
643 4760 848 4824 omnia,
878 4774 999 4830 qua:
1026 4758 1094 4813 ab
1123 4757 1363 4828 antiquis
1390 4756 1756 4817 adducuntur,
1785 4754 1873 4809 hic
1900 4770 2069 4826 appa-

497 4861 642 4916 rent,
676 4853 770 4908 sed
792 4861 845 4907 et
867 4868 955 4907 res
986 4851 1277 4921 ipsae,quas
1300 4851 1553 4905 observat
1579 4848 1824 4912 Photius,
1844 4857 1897 4905 et
1922 4849 2068 4919 quod

497 4944 831 5007 maximum,
872 4942 1157 4997 character
1196 4939 1525 5012 Hieronymo
1570 4940 1779 5007 dictus,
1812 4941 1880 4995 ad
1916 4941 2067 4995 illum

497 5040 593 5108 qui
633 5045 718 5093 est
764 5037 820 5093 in
867 5036 1106 5107 Epistola
1137 5035 1204 5090 ad
1260 5033 1515 5090 Hebraeos
1566 5034 1840 5089 accedere.
1894 5032 2065 5103 Cujus

497 5146 664 5187 causa
690 5148 799 5186 non
842 5131 944 5185 alia
969 5139 1068 5193 est,
1102 5144 1263 5200 quam
1296 5129 1441 5199 quod
1480 5129 1569 5183 hic
1604 5127 1878 5191 Clemens,
1908 5135 1968 5181 ut
2011 5134 2066 5182 et

397 5291 404 5299 _
498 5224 695 5291 Lucas,
720 5235 775 5283 et
800 5225 1049 5296 quisquis
1079 5225 1167 5279 ille
1195 5230 1279 5278 est
1311 5223 1545 5292 scriptor
1565 5220 1632 5276 ad
1663 5220 1917 5277 Hebraeos
1938 5218 2066 5289 Epi-

498 5321 671 5385 stolze,
731 5328 1018 5390 antequam
1065 5318 1361 5374 Christiani
1408 5316 1619 5379 ﬂerent,
1660 5315 1907 5370 Graacum
1950 5329 2063 5369 ser.-

498 5428 713 5467 moncm
738 5428 801 5467 ex
833 5414 1063 5467 eruditis
1091 5411 1406 5466 auctoribus
1432 5410 1749 5474 hauserant,
1782 5410 1941 5480 cujus
1976 5410 2063 5463 ni-

498 5513 604 5567 tor,
638 5503 727 5558 ubi
750 5517 857 5558 non
888 5505 1062 5559 aliena
1101 5504 1268 5567 dicta,
1295 5513 1387 5557 aut
1411 5517 1478 5558 ex
1521 5503 1694 5558 sacris
1736 5503 1933 5558 litteris
1960 5498 2058 5557 de;

494 5598 745 5668 prompta
770 5596 934 5651 verba
957 5598 1073 5652 suis
1115 5596 1387 5661 inserunt,
1419 5595 1519 5651 sed‘
1543 5595 1783 5650 liheriori
1818 5594 2061 5651 dictione

500 5698 744 5755 utuntur,
778 5688 933 5749 facile
962 5689 1327 5760 cognoscitur.
1363 5687 1499 5744 Hinc
1531 5687 1635 5743 illa:
1664 5703 1844 5746 voces.
1890 5703 2057 5758 μεγα-

2174 4584 2463 4653 scripsere,
2490 4597 2600 4635 non
2648 4581 2810 4634 etiam
2855 4595 2922 4635 ex
2956 4579 3063 4634 illis
3094 4578 3250 4634 libris
3281 4594 3402 4649 qua:
3450 4577 3749 4649 Evangelia

2174 4686 2276 4729 nos
2306 4687 2585 4734 vocamus,
2626 4685 2854 4741 quaeque
2902 4678 3023 4739 post
3070 4668 3341 4738 Epistolas
3380 4668 3745 4739 prodierunt;

2173 4766 2318 4838 quod
2353 4764 2500 4820 dicta
2555 4764 2804 4835 quaedam
2848 4771 3079 4831 usurpat
3125 4777 3236 4816 non
3282 4764 3507 4833 scripta,
3550 4763 3642 4819 sed
3683 4773 3748 4817 ut

2172 4860 2435 4915 memoria
2465 4867 2685 4914 recente
2713 4871 2811 4927 per
2826 4869 3023 4909 manus
3046 4854 3250 4909 tradita
3269 4872 3284 4921 ;
3303 4855 3448 4925 quod
3466 4868 3746 4923 nusquam

2174 4952 2424 5008 meminit
2469 4950 2707 5007 exsortis
2755 4948 2903 5002 illius
2954 4948 3339 5017 episcOporum
3369 4948 3744 5012 auctoritatis,

2168 5060 2287 5115 quae
2333 5042 2589 5098 Ecclesiae
2633 5039 3051 5105 consuetudine,
3100 5048 3224 5109 post
3257 5038 3426 5093 Marci
3477 5047 3742 5101 mortem,

2167 5134 2525 5197 Alexandriae,
2551 5141 2712 5202 atque
2749 5147 2814 5187 eo
2853 5132 3101 5200 exemplo
3124 5130 3275 5193 alibi,
3302 5130 3575 5185 introduci
3623 5144 3745 5185 cce-

2167 5228 2267 5298 pit,
2297 5227 2394 5282 sed
2427 5226 2585 5297 plane
2614 5233 2673 5278 ut
2693 5222 2899 5278 Paulus
2920 5222 3223 5292 apostolus,
3257 5220 3497 5275 ostendit
3550 5221 3740 5277 eccle-

2166 5323 2279 5374 sias
2316 5316 2591 5372 communi
2627 5315 3099 5385 presbyterorum,
3131 5312 3222 5383 qui
3260 5312 3420 5367 iidem
3456 5326 3646 5366 omnes
3681 5318 3746 5367 et

2166 5409 2408 5481 episcopi
2435 5407 2537 5477 ipsi
2565 5406 2736 5461 Paulo
2763 5407 3039 5470 dicuntur,
3077 5402 3308 5460 consilio
3338 5402 3509 5458 fuisse
3536 5401 3745 5473 guber-

2167 5511 2346 5557 natas.
2406 5499 2543 5554 Nam
2597 5498 2745 5569 quod
2798 5498 3081 5570 ἀρχιερέα,
3134 5494 3349 5558 λευίτας
3405 5502 3459 5550 et
3511 5492 3741 5557 λαῖκοὺς

2168 5594 2429 5657 nominat,
2461 5591 2647 5647 omnia
2675 5592 2781 5646 ista
2803 5591 3025 5646 nomina
3057 5604 3165 5645 non
3193 5586 3261 5641 ad
3290 5585 3614 5644 Ecclesiam,
3632 5582 3739 5639 sed

2165 5689 2237 5749 ad
2262 5686 2522 5756 templum
2560 5683 3094 5749 llierosolvmiticum
3134 5681 3442 5753 pertinent;
3474 5678 3618 5735 unde
3641 5676 3739 5732 in-
