2035 3170
168 218 203 246 ιθ
789 218 961 248 Ρηοαεδω
981 218 1172 247 νΑιιιοιιωι.
1761 221 1796 248 50

167 278 221 306 fert
243 277 336 304 omnia
351 280 428 305 certo
453 277 547 305 ordine
569 278 683 314 agenda,
700 279 722 306 si
743 278 854 308 Judteis,
879 281 955 304 tanto

1007 281 1109 308 mouet,
1127 276 1163 313 μὴ
1193 277 1246 311 γὰρ
1273 276 1404 310 τιςύμῶν
1431 276 1558 311 πασχέτω
1582 276 1619 308 ὡς
1646 277 1752 312 φονεὺς,
1778 279 1795 313 ἢ

167 323 255 359 magis
280 323 459 351 Christianis.
481 324 601 359 Tempus
623 326 711 360 ipsum
732 333 786 361 qtto
797 324 899 359 scripta
915 327 957 351 est

169 370 226 398 haec
241 370 369 405 epistola,
395 377 445 405 ego
461 370 493 397 ad
513 370 594 398 linem
619 371 745 402 Neronis,
773 374 820 398 aut
834 374 909 397 certe
924 369 956 396 ad

168 424 214 444 eos
227 423 315 443 annos
342 416 389 451 qui
402 415 564 452 Vespasiani
576 418 720 452 imperium
734 420 956 446 antecesserunt.

166 462 294 490 referam.
311 461 379 489 Nam
394 462 562 490 oblationum
579 463 712 495 meminit,
726 471 786 498 qua:
806 463 832 489 in
856 462 958 496 templo

165 517 198 537 ex
210 510 271 545 lege
284 509 391 541 tierent,
414 510 486 537 sicut
503 513 531 537 et
546 510 579 537 ad
595 509 723 538 llebrteos
746 510 874 544 scriptor,
895 511 956 544 post

165 556 246 589 cujus
275 555 421 591 epistolam
459 556 529 583 hanc
560 556 642 584 credo
672 557 801 591 scriptam
832 564 838 582 :
870 562 957 589 eoque

164 602 225 629 ﬁeri
242 606 274 629 ut
289 602 380 638 aliqua
395 602 456 630 inde
473 606 581 638 sumpta
599 610 655 630 sua:
671 601 817 629 intexuerit
836 600 957 635 epistolae

163 648 304 676 Clemens.
325 648 422 675 Mirum
444 649 529 676 videri
549 650 635 684 possit
655 648 768 676 dissidia
793 648 844 675 ista
859 646 957 672 Corin-

162 695 288 721 thiorum
311 694 532 722 Christianorum
549 695 583 723 ad
598 696 652 722 vim
669 702 766 728 usque.
781 699 808 720 et
823 697 852 721 ut
868 693 957 727 loqui-

163 745 222 772 tur,
234 740 347 773 bellum,
359 741 384 768 id
392 744 445 774 est,
461 741 559 773 rixam,
574 748 727 777 progressa,
741 740 795 767 nisi
810 743 836 767 ct
849 739 882 766 de
895 738 956 765 aliis

162 793 199 815 ex
212 786 325 815 Hebraea
339 791 420 823 gente
434 787 601 816 Christianis
614 788 713 816 similia
728 788 957 814 commemoraret

164 834 193 861 in
209 832 331 868 Epistola
342 834 473 862 Jacobus.
488 834 527 862 Ex
544 835 577 863 iis
591 840 691 867 autem,
713 840 830 869 quorum
851 832 885 859 ad
900 831 955 858 vim

163 886 255 914 usque
270 886 417 916 progressa
435 884 494 908 erat
509 881 593 908 animi
608 881 776 916 impotentia,
792 878 925 915 quosdam
940 885 955 904 a

162 925 374 961 magistratibus
391 927 419 954 in
435 934 572 955 carcerem
585 927 674 958 datos.
689 934 744 954 non
759 930 801 954 est
816 925 888 962 quod
904 924 956 952 mi-

161 979 268 1000 remur.
288 971 384 1008 Neque
406 973 478 1001 enim
502 974 536 1001 de
557 974 643 1001 nihilo
662 977 715 1006 est,
738 972 810 1009 quod
832 971 954 999 Ponticis

159 1016 330 1048 Christianis
358 1019 484 1048 scribens
509 1019 643 1049 Petrus"
671 1024 726 1048 tam
763 1018 880 1048 sollicite
903 1024 952 1045 eos

1009 322 1137 357 κλέπτης,
1161 322 1178 358 ἢ
1205 322 1359 354 κακοποιός.
1387 322 1432 349 lla:
1459 328 1522 350 sunt
1551 330 1652 354 causze,
1677 330 1728 351 cur
1745 331 1796 359 ego

1009 369 1079 396 hanc
1094 369 1239 403 epistolam
1256 376 1310 395 non
1325 369 1405 395 modo
1429 369 1574 404 genuinam
1600 370 1726 402 arbitrer,
1747 370 1795 397 sed

1008 419 1035 442 et
1050 415 1125 442 nulla
1143 415 1169 441 in
1193 423 1222 442 ea
1244 423 1341 442 manus
1357 415 1487 443 adultera:
1508 417 1621 451 vestigia
1637 424 1794 452 agnoscam.

1009 463 1128 489 Alteram
1144 462 1298 497 epistolam,
1313 462 1392 496 cujus
1408 462 1588 497 fragmentum
1605 463 1726 490 additum
1742 467 1795 495 est,

1007 517 1164 545 quanquam
1197 508 1344 535 Clementis
1368 512 1396 535 et
1420 509 1479 543 ipsa
1501 509 1528 535 in
1554 509 1632 535 libris
1655 509 1796 536 nonnullis

1008 565 1106 583 nomen
1133 556 1268 591 praetulit,
1295 563 1348 582 non
1371 563 1430 581 esse
1454 558 1543 582 tamen
1566 555 1590 581 ei
1612 554 1796 587 tribuendam,

1007 603 1088 630 etiam
1103 606 1209 629 veteres
1220 601 1397 635 judicarunt:
1414 608 1529 636 quorutn
1547 601 1702 627 auctoritati
1718 607 1797 627 acce—

1008 647 1048 674 dit
1075 647 1243 675 characteris
1269 647 1427 674 diversitas.
1458 646 1551 681 Neque
1574 650 1665 673 tamen
1688 646 1794 676 dubito.

1007 695 1074 729 quin
1090 694 1168 729 primi
1197 694 1289 721 saeculi
1316 694 1351 721 sit
1369 701 1447 729 opus,
1464 693 1598 729 scriptum
1614 697 1676 719 ante
1693 693 1795 720 eousti«

1008 743 1096 766 tutum
1120 738 1299 766 ecclesiarum
1315 746 1451 766 consensu
1467 746 1612 769 canonem,
1628 741 1655 764 et
1671 737 1740 765 forte
1757 738 1796 763 al-

1007 787 1094 813 terius
1109 785 1228 820 alicujus
1245 784 1405 813 Clementis.
1430 784 1492 811 llmc
1507 792 1567 819 qua:
1583 781 1647 810 mihi
1664 783 1734 814 visa,
1751 785 1797 810 ea-

1007 832 1067 860 dem
1083 832 1206 859 libertate
1219 840 1272 867 qua
1288 831 1407 866 colloqui
1421 834 1511 858 tecum
1527 823 1591 857 mihi
1606 837 1794 861 concesseras,

1007 879 1039 906 ad
1051 879 1257 906 exactissimum
1273 878 1306 905 de
1321 877 1402 906 rebus
1417 876 1548 904 omnibus
1558 875 1692 911 judicium
1707 878 1794 905 tuum.

1007 926 1049 953 vir
1064 926 1137 953 omni
1150 934 1182 953 ex
1198 929 1274 961 parte
1282 924 1516 959 incomparabilis,
1528 922 1632 955 defero,
1643 925 1696 949 etc.
1711 920 1797 949 Fran-

971 956 992 983 Β
1008 972 1106 1000 cofurti
1124 956 1322 1000 mutumst.

403 1130 450 1161 Ex
464 1129 527 1160 alia
543 1128 678 1169 epistola
696 1129 842 1170 ejusdem
865 1129 1034 1170 Bignonii,
1057 1139 1082 1158 a.
1115 1132 1142 1160 d.
1166 1128 1206 1158 28
1221 1126 1358 1166 Augusti
1379 1125 1454 1156 1635
1473 1125 1554 1155 data.

201 1188 310 1218 Gratias
322 1190 370 1218 tibi
386 1197 453 1226 ago;
468 1190 569 1218 eruditi
593 1194 620 1218 et
637 1190 716 1218 solidi
737 1191 778 1218 tui
797 1191 904 1226 judicii,
919 1191 953 1219 de

162 1235 314 1267 demente,
329 1243 426 1264 causa.
444 1237 525 1265 Solus
541 1236 621 1263 hodie
636 1236 710 1264 hora:
730 1240 867 1264 momento
878 1237 952 1271 ejus-

161 1283 236 1309 modi
255 1282 446 1310 resdirimere
473 1287 561 1317 potes,
591 1282 670 1317 idque
698 1281 787 1309 cuivis
811 1282 912 1309 saeculo
927 1285 954 1308 et

161 1329 305 1364 scriptori,
321 1329 394 1364 quod
408 1329 432 1356 ei
444 1328 568 1360 debetur,
582 1328 706 1360 reddere,
720 1332 747 1356 et
763 1328 893 1360 fructum,
905 1328 953 1363 qui

160 1383 197 1403 ex
210 1382 246 1403 eo
262 1375 324 1411 capi
350 1375 450 1411 possit,
463 1376 619 1403 ostendere.
637 1374 800 1403 Rationibus
815 1375 870 1403 tuis
886 1374 953 1402 nihil

159 1425 206 1449 at
216 1421 291 1457 quod
306 1422 464 1457 obiiciatur,
479 1421 630 1458 iudiciique
646 1423 685 1449 tui
707 1421 898 1449 auctoritatem
915 1421 954 1448 ir-

160 1466 357 1502 I'efragabilem
381 1474 444 1495 esse
466 1475 515 1503 par
529 1473 580 1496 est.
601 1467 755 1495 Genuinum
769 1467 877 1503 quidem
891 1474 951 1494 om-

160 1512 230 1540 nino
244 1517 452 1540 monumentum
467 1513 519 1541 hoc
536 1522 598 1542 esse
614 1518 783 1549 putaveram,
802 1514 849 1542 sed
862 1513 952 1549 suspi-

160 1558 250 1586 cabar
267 1559 293 1587 ei
308 1559 436 1594 periodos
451 1565 497 1588 aut
510 1568 593 1589 voces
614 1561 718 1596 aliquot
737 1569 752 1588 a
772 1561 892 1588 librariis
906 1568 952 1588 as-

1008 1191 1136 1227 ptoribus
1153 1188 1320 1216 Christianis
1336 1192 1430 1222 postea
1442 1186 1575 1217 adhibita,
1592 1185 1703 1219 scriptis
1715 1183 1794 1218 primi

1008 1238 1179 1268 successoris
1205 1234 1393 1270 apostolorum
1411 1232 1548 1267 Principis
1579 1234 1634 1258 non
1650 1234 1693 1257 sat
1713 1229 1794 1264 digna

1007 1285 1129 1316 videtur,
1151 1282 1302 1318 praesertim
1318 1284 1358 1307 tot
1371 1279 1462 1307 verbis
1477 1279 1611 1312 exposita.
1625 1275 1733 1310 Alioqui
1745 1274 1797 1301 mi-

1007 1340 1071 1361 rum
1101 1331 1189 1358 videri
1223 1337 1278 1356 non
1300 1328 1387 1363 possit
1402 1334 1463 1354 eutn
1484 1332 1544 1352 esse
1563 1331 1643 1351 usum
1666 1322 1796 1357 opinione

1007 1383 1074 1406 tunc
1097 1376 1229 1412 temporis
1250 1378 1371 1409 recepta,
1398 1377 1425 1400 ut
1449 1371 1574 1399 ethnicos
1599 1369 1632 1397 ad
1651 1369 1795 1396 veritatem

1007 1425 1138 1453 doctrina:
1148 1422 1310 1450 Christiana:
1323 1420 1430 1456 plenius
1439 1417 1634 1445 admittendam
1650 1416 1796 1445 invitaret;

1008 1470 1145 1507 quomodo
1155 1474 1181 1497 et
1191 1468 1291 1495 Paulus
1301 1474 1367 1494 usus
1380 1470 1422 1494 est
1435 1464 1614 1499 inscriptione
1627 1462 1673 1489 Dei
1683 1461 1765 1496 ignoti
1773 1460 1795 1491 ⁸.

1007 1516 1134 1551 quamvis
1159 1514 1293 1543 sententia
1309 1512 1416 1539 diversa
1429 1511 1463 1537 ab
1479 1509 1607 1545 opinione
1627 1506 1731 1542 vulgari
1754 1509 1797 1532 at-

1007 1571 1061 1598 qtte
1071 1561 1258 1596 inscriptionis
1272 1559 1331 1587 basi
1346 1565 1400 1585 arae
1415 1557 1567 1591 insculptze.
1587 1554 1718 1581 Putabam
1731 1559 1797 1587 ergo

161 1609 254 1634 ma.
270 1605 313 1633 Tu
333 1614 397 1634 vero
411 1607 582 1636 dubitatione
599 1608 644 1636 illa
660 1616 702 1636 tne
713 1608 798 1640 levas.
810 1608 864 1635 nisi
880 1607 951 1643 quod
966 1597 988 1626 (ἶ
1007 1597 1220 1643 descriptionem
1236 1604 1370 1642 phwnicis
1385 1603 1518 1638 adjectam
1531 1601 1566 1628 ab
1578 1601 1631 1627 alio
1643 1600 1728 1626 fuisse
1743 1605 1796 1624 nu-

161 1651 288 1680 narratio
297 1652 331 1680 de
344 1653 472 1686 phoenice
482 1662 525 1682 me
535 1655 684 1682 etiamnum
695 1654 818 1682 nonnihil
830 1654 953 1684 otl‘endit:

161 1699 266 1734 quippe
272 1699 475 1735 quaecopiosior
483 1705 526 1729 est
533 1706 560 1728 et
568 1701 793 1738 σοφιστικωτέρα,
806 1709 886 1736 quant
897 1706 954 1737 sty-

163 1743 210 1772 lus
222 1745 390 1779 apostolicus
401 1746 531 1781 patiatur.
549 1746 585 1774 Ea
602 1746 703 1780 fabula,
718 1747 844 1782 quamvis
854 1754 869 1774 a
883 1747 954 1774 scri-

1007 1655 1049 1682 dae
1063 1655 1122 1690 ejus
1138 1652 1280 1685 mentioni,
1293 1660 1307 1679 a
1320 1651 1459 1679 Clemente
1472 1649 1560 1677 obiter
1570 1647 1692 1682 injectzc;
1708 1645 1756 1673 sed
1768 1645 1796 1671 in

1008 1702 1120 1729 meliore
1134 1707 1181 1728 tua
1193 1699 1328 1727 sententia
1344 1697 1501 1733 acquiesco,
1524 1703 1576 1723 nec
1591 1701 1680 1722 meum
1697 1697 1740 1721 est
1755 1696 1796 1720 te-

1008 1756 1069 1775 cum
1086 1747 1263 1775 contendere.

151 1821 298 1859 (Επαρια
314 1825 369 1852 [ια
380 1832 442 1854 sunt
457 1834 472 1854 ε
486 1827 641 1854 testimoniis
652 1827 684 1855 de
698 1827 827 1863 Bignom'o
839 1847 846 1859 ,
861 1835 918 1889 qua:
929 1827 964 1854 alt

853 1871 901 1890 sun
926 1870 964 1897 pri

1024 1827 1133 1898 ed)itioni
1145 1827 1278 1855 Parisimt
1294 1826 1484 1855 Formularum
1497 1823 1622 1858 Marculﬁ
1638 1830 1701 1848 anm
1727 1820 1797 1849 1663

1006 1871 1049 1891 τα.

853 1870 914 1890 sunt
926 1870 1049 1897 pne/um.

578 1991 952 2039 HERMANNUS
987 1983 1382 2040 CONRINGIUS'

412 2090 621 2122 JOACHIMO
648 2089 793 2121 JOANNI
814 2090 1000 2128 MADERO,
1019 2089 1119 2122 VIRO
1134 2090 1381 2122 DOCTISSIMO
1397 2090 1428 2121 S.
1452 2091 1486 2121 P.
1505 2090 1539 2121 D.

200 2215 334 2243 Praeclare
345 2215 382 2242 de
392 2215 503 2250 publico
515 2222 639 2246 mereris,
656 2214 817 2242 doctissime
833 2213 952 2248 Madere,
969 2218 992 2245 Ι)
1005 2216 1094 2248 nium,
1120 2214 1208 2243 induti
1230 2215 1287 2250 jam
1316 2213 1430 2250 proinde
1456 2213 1533 2242 stolis
1545 2213 1678 2247 candidis,
1694 2219 1719 2241 et
1734 2221 1796 2242 ante

162 2261 227 2289 illas
242 2261 335 2292 horas,
350 2269 417 2296 quas
432 2261 574 2288 succidere
586 2260 635 2288 tibi
647 2260 711 2288 licet
729 2260 870 2295 ordinario
891 2268 952 2288 mu-

162 2308 235 2339 neri,
252 2307 280 2334 in
299 2306 326 2334 id
340 2306 513 2342 impendens,
534 2310 563 2334 ut
581 2306 739 2335 hominibus
757 2307 861 2335 nostris
876 2307 953 2335 exhi-

163 2354 231 2382 beas
247 2354 343 2389 primaa
358 2354 432 2382 illius
445 2361 536 2382 aureae
555 2355 725 2390 tempestatis
744 2362 805 2389 quae
823 2360 954 2390 superant

162 2402 354 2426 monumenta.
383 2398 440 2427 Etsi
465 2399 707 2435 enim'perfectus
737 2400 773 2427 sit
797 2400 953 2428 divinarum

163 2444 366 2480 Scripturarum
386 2453 483 2477 (anon.
506 2449 533 2473 et
548 2446 709 2480 jamdudum
731 2453 795 2474 cum
817 2446 847 2474 S.
863 2446 953 2482 Augu-

163 2492 270 2519 stino“
284 2491 468 2526 didicerimus,
481 2492 546 2520 solis
562 2492 616 2520 illis
637 2492 713 2520 libris
737 2493 806 2520 Itum:
829 2493 953 2521 honorem

165 2539 338 2574 timoremque
352 2538 465 2573 deferre,
478 2544 506 2566 ut
521 2539 625 2566 nullum
644 2546 736 2566 eorum
750 2539 887 2567 scribendo
898 2540 954 2567 ali-

162 2584 229 2621 quid
247 2593 362 2616 errasse,
376 2585 528 2619 ﬁrmissime
543 2585 703 2612 credamus:
727 2593 776 2621 per
796 2592 886 2614 tamen
914 2587 953 2614 si-

164 2630 222 2656 mul
236 2634 279 2658 est
291 2629 443 2665 jucundum
456 2635 538 2665 atque
550 2630 625 2661 utile.
643 2632 829 2666 apostolorum
844 2640 954 2668 quoque

163 2674 318 2711 discipulos
332 2676 697 2711 auditoresque.consulere,
713 2677 778 2712 quid
794 2677 833 2704 illi
848 2678 953 2705 scilicet

163 2729 180 2749 a
192 2723 279 2750 tantis
294 2723 433 2758 magistris
447 2722 615 2758 acceperint,
632 2727 679 2750 aut
693 2727 768 2751 certe
782 2727 885 2759 quanta
901 2723 953 2752 [ide

164 2767 320 2795 doctrinam
336 2771 476 2803 acceptam
492 2768 641 2801 servarint,
655 2769 702 2804 qui
721 2776 775 2796 non
792 2769 953 2798 dubitavere

164 2813 327 2848 sanguinem
350 2820 431 2840 suum
458 2812 626 2848 profundere
646 2814 676 2841 in
700 2812 802 2842 Christi
830 2815 954 2842 testimo-

200 2904 223 2917 "
239 2901 249 2928 1
264 2902 338 2930 Petr.
356 2911 392 2934 tv.
414 2903 457 2931 l5.
514 2903 525 2919 ³
540 2903 601 2931 Act.
618 2912 684 2936 xvtt.
700 2902 746 2932 23.

797 2905 807 2920 '
823 2905 901 2933 Vinc.
915 2905 1055 2934 Lirinens.

1007 2260 1131 2288 thronum
1151 2259 1201 2288 Dei
1215 2260 1352 2288 constituti
1367 2260 1484 2288 serviunt
1501 2260 1543 2288 illi
1563 2260 1606 2288 die
1623 2268 1654 2287 an
1677 2265 1752 2287 nocte
1767 2261 1795 2287 in

1007 2307 1104 2343 templo
1119 2307 1188 2343 ejus,
1203 2306 1250 2334 illo
1263 2308 1309 2342 qui
1327 2307 1399 2334 sedet
1419 2307 1447 2334 in
1463 2307 1555 2334 throno
1570 2306 1705 2334 habitante
1718 2315 1796 2341 super

1007 2354 1068 2382 illos
1079 2354 1112 2386 “,
1125 2361 1180 2389 quo
1194 2353 1283 2389 elogio
1298 2358 1432 2390 martyres
1456 2352 1575 2389 Spiritus
1591 2357 1704 2382 sanctus
1731 2362 1796 2389 pro-

1008 2404 1121 2428 secutus
1134 2403 1185 2428 est.
1205 2398 1308 2427 Saltem
1332 2399 1378 2427 illa
1390 2398 1468 2427 nefas
1483 2402 1526 2427 est
1536 2402 1722 2433 contemnere,
1734 2407 1796 2436 qtae

1008 2446 1118 2482 publica
1138 2445 1278 2474 auditione
1293 2445 1352 2481 ipsa
1368 2449 1448 2473 vetus
1463 2449 1490 2473 et
1504 2449 1600 2473 sancta
1614 2444 1737 2473 Ecclesia
1753 2445 1796 2472 di-

1005 2497 1088 2529 gnata
1109 2496 1152 2521 est
1164 2496 1211 2520 :ut
1225 2491 1367 2529 Polycarpi
1385 2493 1529 2529 epistolam
1553 2492 1581 2519 in
1598 2492 1670 2520 Asiw
1685 2500 1796 2519 conven-

1006 2538 1264 2572 tibus,Clememisin
1283 2539 1420 2566 nonnullis
1437 2538 1500 2566 locis
1516 2538 1627 2574 publice
1641 2538 1793 2566 lectitatam

1005 2593 1077 2616 esse.
1094 2591 1121 2614 et
1142 2585 1253 2615 Eusebii
1269 2589 1296 2613 et
1316 2584 1344 2613 S.
1360 2585 1519 2621 Hieronymi
1534 2584 1693 2613 testimonio
1715 2585 1793 2612 novi-

1005 2640 1066 2660 mus
1075 2632 1107 2660 “.
1122 2631 1202 2660 Hanc
1217 2635 1291 2660 certe
1306 2636 1449 2667 utramque
1463 2631 1613 2667 Epistolam
1634 2631 1724 2667 magni
1752 2630 1794 2658 fa-

1004 2686 1067 2706 cere
1082 2686 1132 2713 par
1144 2682 1197 2710 est,
1213 2678 1256 2706 vel
1274 2678 1336 2706 ideo
1362 2678 1491 2711 quoniam
1514 2677 1548 2704 ad
1571 2684 1726 2713 utramque,
1741 2685 1790 2706 ceu

1004 2725 1038 2752 ad
1059 2725 1251 2754 secundarium
1271 2725 1416 2761 quemdam
1437 2724 1552 2753 sincera:
1567 2724 1628 2752 ﬁdei
1644 2732 1791 2756 canonem,

1001 2770 1060 2805 jam
1074 2775 1131 2799 tum
1147 2772 1212 2799 olim
1230 2771 1362 2800 adversus
1378 2772 1495 2799 hereses
1513 2771 1555 2799 sui
1583 2771 1675 2801 sat-ili
1693 2779 1792 2806 provo-

1006 2818 1110 2846 caverit
1125 2818 1317 2847 sanctissimus
1333 2823 1436 2854 martyr
1449 2818 1567 2847 lrenaeus
1578 2818 1610 2846 ".
1626 2817 1654 2845 In
1675 2822 1792 2853 utraque

1108 2908 1129 2944 ξ’
1146 2907 1232 2944 Epist.
1265 2917 1320 2940 ur,
1350 2908 1383 2935 ad
1401 2908 1475 2937 llier.
1529 2909 1547 2924 "
1563 2907 1650 2943 Apoc.
1668 2914 1716 2940 vn,
1742 2906 1778 2933 is

170 2937 191 2954 "
204 2937 265 2966 Lib.
283 2946 314 2966 in
344 2938 469 2971 "istan;
489 2938 548 2967 Lib.
567 2940 597 2968 de
614 2940 736 2974 scriptor.
753 2940 845 2969 ποίεε.
885 2941 906 2957 ⁸³
921 2940 981 2970 Lib.
1003 2950 1045 2975 In,
1067 2950 1091 2970 c.
1107 2943 1133 2972 5.
