4070 6340
466 411 526 468 51
1612 407 1700 463 AD
1739 406 1797 464 S.
1836 408 2257 466 CLEMENTEM
2298 412 2316 466 l
2354 410 2581 467 PAPAM
3618 419 3687 476 5!

464 536 644 587 autem
673 526 765 582 illa
783 525 1110 597 publicanda
1138 527 1405 582 hactenus
1424 532 1574 580 tuam
1600 541 1818 595 operam
1849 526 2018 581 collo—
2046 527 2092 584 Α
2120 534 2328 593 perant,
2348 527 2504 595 plane
2526 527 2977 596 quemadmodum
3008 528 3302 598 Epistulam
3321 528 3465 583 illam
3499 529 3690 585 lauda-

463 618 625 682 casti,
655 618 891 688 primum
940 616 1249 689 Polycarpi,
1286 632 1434 673 nunc
1474 624 1528 673 et
1556 618 1851 673 Clementis
1896 634 2025 673 san-

464 718 582 764 ctas
608 710 731 766 illas
761 710 972 765 litteras
993 711 1185 765 edens.

535 799 721 871 Neque
758 817 887 856 vero
913 801 1213 872 quidquam
1245 801 1402 857 video
1426 816 1625 867 causae,
1656 816 1754 855 cur
1781 801 2025 871 suspice-

464 909 589 947 mur
626 893 766 947 alias
794 908 917 948 esse
965 894 1087 949 illas
1130 899 1349 947 nostras
1392 892 1458 946 ab
1498 892 1566 947 iis
1618 907 1756 962 quas
1790 899 1941 945 tanto
1969 891 2025 945 in

463 983 640 1052 pretio
690 982 870 1054 prisca
925 982 1169 1039 Ecclesia
1210 982 1418 1037 habuit.
1450 983 1506 1037 In
1557 981 1840 1053 Polycarpi
1893 996 2026 1036 sane

462 1073 694 1144 epistola
743 1074 1147 1144 deprehendere
1200 1083 1283 1129 est
1334 1073 1505 1143 ipsam
1538 1072 1685 1126 illam
1718 1072 1784 1127 de
1834 1070 1945 1126 Deo
1970 1080 2025 1126 et

464 1163 695 1219 Domino
726 1173 912 1218 nostro
944 1162 1071 1219 Jesu
1100 1163 1320 1218 Christo
1350 1177 1539 1218 sanam
1572 1163 1900 1227 doctrinam,
1926 1178 2025 1216 cu-

463 1256 557 1327 jus
580 1258 799 1314 nomine
820 1257 1129 1313 refellendis
1154 1257 1239 1313 sui
1269 1257 1455 1313 saeculi
1484 1256 1804 1321 haeresibus,
1832 1258 2027 1310 ἱκανω-

466 1348 635 1419 τάτην
674 1348 822 1402 illam
866 1350 1238 1419 pronuntiavit
1269 1350 1790 1419 commendavitque’
1813 1347 1872 1403 S.
1909 1346 2021 1403 Ire-

467 1453 657 1493 naaus:
688 1437 1094 1508 deprehendere
1162 1448 1248 1495 est
1295 1441 1476 1495 locum
1535 1441 1807 1510 integrum
1853 1456 2023 1495 unum
2068 1466 2073 1469 -

464 1530 828 1600 alterumque,
864 1546 1023 1600 quem
1068 1530 1291 1586 adducit
1338 1530 1688 1597 Eusebius“,
1723 1542 1778 1584 et
1806 1537 1931 1600 post
1958 1530 2026 1584 il-

466 1620 579 1676 lum
622 1620 963 1692 Nicephorus
989 1620 1269 1685 Callistus,
1299 1628 1355 1677 et
1383 1621 1601 1692 quidem
1634 1622 1706 1676 ita
1729 1628 1788 1675 ut
1818 1622 2026 1691 liquido

463 1721 741 1783 appareat,
774 1713 964 1770 fraude
992 1715 1140 1768 nulla
1172 1715 1407 1771 insertos
1432 1731 1555 1771 esse
1580 1733 1595 1770 :
1620 1714 2025 1785 deprehendere

462 1814 546 1862 est
571 1822 637 1862 ex
659 1806 836 1876 prima
866 1805 1009 1860 Petri
1033 1805 1273 1878 Epistola
1296 1806 1616 1877 deprompta
1643 1805 1789 1861 haud
1827 1819 2023 1875 pauca,

465 1915 588 1968 qua:
618 1898 757 1954 idem
800 1897 1071 1954 Eusebius
1095 1905 1379 1953 notaverat
1408 1918 1420 1956 :
1446 1896 1848 1968 deprehendere
1870 1896 2025 1951 deni—

464 2005 571 2059 que
600 1996 686 2044 est
732 1989 865 2043 illud
904 2003 1086 2053 omne,
1121 1988 1263 2058 quod
1299 1987 1548 2049 Photius,
1580 1989 2027 2043 accuratissimus

465 2080 731 2135 librorum
778 2094 994 2143 censor,
1038 2079 1093 2133 in
1148 2080 1287 2135 lecta
1318 2079 1601 2150 Polycarpi
1633 2080 1864 2149 epistola
1906 2079 2026 2133 ani—

465 2172 849 2237 madverterat,
894 2170 1076 2225 multis
1120 2172 1371 2225 nimirum
1417 2171 1663 2240 refertam
1711 2170 2029 2226 admonitio-

464 2261 640 2325 nibus,
700 2262 835 2333 μετὰ
888 2262 1187 2332 σαφηνείας
1241 2262 1335 2315 καὶ
1391 2262 1691 2334 ἁπλότητος
1744 2263 1885 2317 κατὰ
1937 2262 2029 2317 τὸν

464 2352 907 2423 ἐκκλησιαστικὸν
991 2354 1093 2426 τῆς
1132 2356 1425 2426 ἑρμηνείας
1452 2355 1641 2420 τύπον,
1673 2357 1926 2427 quodque
1972 2357 2029 2413 in

463 2459 531 2500 ea
568 2444 714 2498 dicat
747 2452 942 2498 auctor
971 2460 1025 2499 se
1070 2443 1268 2514 Ignatii
1322 2444 1571 2513 epistolas
1610 2445 1680 2500 ad
1722 2445 2030 2516 Philippen-

465 2552 549 2591 ses
583 2536 809 2600 misisse,
838 2546 1107 2605 petereque
1143 2534 1209 2589 ab
1244 2536 1355 2590 illis
1384 2537 1590 2590 edoceri
1639 2538 1689 2591 si
1719 2537 1844 2607 quid
1872 2538 1937 2593 de
1969 2555 2029 2593 eo

463 2627 764 2684 inaudiant.
829 2626 1056 2690 Horum,
1114 2627 1356 2696 inquam,
1407 2628 1648 2682 omnium
1692 2629 2031 2687 desideratur

466 2718 625 2773 nihil.
671 2716 753 2771 Ad
777 2716 903 2782 hoc,
935 2715 1113 2787 ipsum
1156 2715 1412 2787 Epistolae
1439 2719 1722 2774 exordium
1765 2720 2028 2786 ostendit,

454 2808 727 2878 scriptam
783 2807 951 2871 illam,
982 2822 1091 2877 quo
1136 2814 1379 2877 tempore
1431 2823 1541 2862 non
1590 2808 1753 2865 unius
1797 2810 2031 2865 exsertis

465 2898 707 2969 episcopi
737 2898 793 2954 in
824 2914 989 2953 manu
1017 2898 1271 2955 Ecclesia:
1320 2909 1437 2955 erat
1484 2900 1902 2965 administratio,
1935 2903 2030 2958 sed

462 2991 746 3046 communi
804 2990 1245 3061 presbyterorum
1306 2991 1541 3046 consilio
1590 2998 1644 3046 et
1702 2993 2031 3048 auctoritate

465 3081 653 3137 omnia
682 3089 1001 3151 regerentur
1030 3081 1213 3151 :quod
1242 3096 1350 3136 non
1378 3082 1471 3137 diu
1504 3091 1625 3154 post
1671 3081 2029 3154 Polycarpum

2123 615 2201 671 vit
2239 615 2301 673 S.
2341 614 2661 674 Irenaeus“.
2702 617 2833 684 Quae
2876 618 3128 675 Clemens
3182 620 3585 677 Alexandrinus
3630 630 3687 676 et

2124 705 2443 778 Origenes"
2471 724 2539 764 ex
2583 710 2676 763 illa
2714 709 2954 779 Epistola
2999 710 3300 781 proferunt,
3329 712 3513 768 verbis
3554 714 3689 767 toti-

2123 798 2245 854 dem
2272 800 2327 854 in
2356 810 2545 855 nostra
2568 801 2933 871 reperiuntur,
2964 813 3017 858 et
3042 803 3259 872 quidem
3282 804 3355 858 ita
3372 814 3431 857 ut
3455 804 3526 858 ibi
3554 812 3686 860 nata

2124 890 2349 957 dixeris,
2382 908 2492 947 non
2543 901 2723 948 autem
2782 894 2969 949 dolosa
3020 911 3182 950 manu
3230 896 3473 952 inducta.
3512 896 3688 952 Euse-

2124 979 2536 1051 bius‘aqnoque
2565 983 2764 1052 prodit,
2788 983 3015 1039 dissidio
3041 984 3180 1054 apud
3199 984 3512 1040 Corinthios
3539 997 3682 1052 orto,

2124 1074 2383 1145 scriptam
2413 1092 2443 1128 a
2471 1075 2746 1132 Clemente
2769 1085 2959 1131 nostro
2991 1076 3283 1147 Epistolam
3323 1078 3399 1142 ὡς
3448 1078 3558 1132 ἀπὸ
3582 1079 3685 1148 τῆς

2136 1168 2423 1238 Ῥωμαίων
2458 1168 2812 1239 Ἐκκλησίας,
2859 1176 2954 1222 aut
3012 1176 3070 1222 ut
3122 1169 3248 1224 alibi
3297 1169 3556 1239 loquitur,
3618 1173 3685 1225 ὲκ

2124 1259 2412 1331 προσώπου
2464 1261 2564 1332 τῆς
2600 1261 2879 1332 Ῥωμαίων
2920 1261 3268 1332 Ἐκκλησίας,
3329 1278 3556 1332 eamque
3600 1264 3685 1318 di-

2124 1351 2322 1406 ctionis
2360 1351 2676 1405 charactere
2714 1360 2767 1407 et
2811 1352 3099 1407 sententiis
3149 1367 3273 1407 cum
3325 1350 3567 1422 Epistola
3613 1352 3684 1406 ad

2126 1442 2384 1499 Hebraeos
2432 1443 2726 1512 plurimum
2757 1444 3049 1498 convenire
3078 1459 3092 1495 :
3124 1458 3245 1514 quae
3270 1446 3452 1497 omnia
3480 1444 3570 1497 hic
3600 1445 3687 1499 lu-

2125 1536 2498 1591 culentissime
2549 1543 2832 1606 apparent.
2864 1534 3086 1601 Qualem
3135 1551 3263 1591 vero
3294 1534 3586 1605 Epistolam
3618 1536 3686 1589 il-

2125 1627 2233 1682 lam
2266 1627 2558 1690 Eusebius,
2591 1628 2751 1681 talem
2790 1633 2844 1681 et
2880 1624 2937 1680 S.
2972 1625 3333 1696 Hieronymus
3351 1627 3392 1657 ¹⁹
3420 1640 3542 1680 eam
3577 1639 3684 1680 no-

2125 1717 2642 1789 bisdescripsit:ut
2670 1716 2896 1788 proinde
2942 1726 3133 1773 nostra
3182 1717 3298 1773 haec
3323 1718 3393 1773 ab
3442 1718 3533 1773 illa
3562 1733 3688 1788 qua:

2130 1807 2459 1878 Hieronymo
2482 1808 2549 1862 ad
2578 1824 2795 1862 manum
2830 1807 2952 1870 fuit.
2985 1808 3118 1862 nihil
3150 1809 3326 1864 abeat.
3361 1809 3463 1865 Sed
3482 1817 3537 1864 et
3564 1826 3689 1881 quae

2130 1898 2269 1954 idem
2295 1897 2351 1953 S.
2368 1898 2729 1970 Hieronymus
2749 1901 2792 1931 ”
2820 1901 2986 1955 semel
3019 1902 3321 1971 iterumque
3347 1918 3414 1956 ex
3445 1901 3687 1972 Epistola

2128 1988 2220 2042 illa
2265 1990 2320 2043 in
2373 1989 2610 2043 medium
2664 1989 2840 2053 aﬂ‘ert,
2884 1990 3029 2045 haud
3062 1992 3115 2045 in
3146 2000 3333 2046 nostra
3368 1992 3688 2048 desideran-

2127 2088 2220 2135 tur
2254 2096 2269 2132 :
2299 2081 2521 2150 perinde
2552 2089 2609 2134 ut
2640 2080 2728 2135 hic
2779 2083 3046 2151 reperitur
3093 2083 3255 2137 etiam
3296 2083 3387 2137 illa
3413 2083 3686 2152 pbmnicis

2127 2174 2594 2237 commemoratio,
2621 2188 2784 2243 quam
2815 2189 2881 2228 ex
2908 2173 3203 2230 Clementis
3229 2175 3456 2245 epistola
3480 2175 3688 2246 produ-

2128 2265 2204 2320 cit
2243 2264 2477 2336 Cyrillus
2526 2264 3129 2337 Hierosolymitanus“.
3184 2266 3345 2321 Omni
3408 2282 3471 2322 ex
3529 2276 3687 2337 parte

2128 2373 2344 2427 quoque
2369 2364 2557 2412 nostra
2581 2358 2693 2412 haec
2712 2358 3002 2427 respondet
3025 2358 3102 2412 illi
3129 2358 3477 2428 descriptioni
3522 2374 3687 2428 quam

2128 2443 2355 2500 Photius
2386 2446 2441 2499 in
2491 2447 2817 2503 Bibliotheca
2855 2446 3037 2513 habet,
3068 2455 3387 2518 argumento
3413 2448 3684 2512 videlicet,

2129 2538 2367 2593 dictione
2392 2547 2447 2593 et
2474 2538 2721 2592 doctrina
2760 2539 2826 2593 de
2858 2538 3078 2594 mundis
3108 2547 3263 2595 trans
3300 2553 3588 2599 oceanum.
3619 2540 3690 2595 de

2128 2627 2385 2683 Phoenice
2422 2635 2476 2682 et
2505 2626 2572 2682 de
2602 2627 2809 2682 Christi
2859 2642 3111 2698 persona.
3138 2628 3370 2683 Tantum
3396 2628 3547 2685 deest
3576 2629 3690 2684 for-

2128 2720 2295 2775 tassis
2349 2719 2493 2790 quod
2539 2718 2598 2775 S.
2646 2718 2897 2775 Justinus
2945 2722 3227 2791 martyr",
3262 2722 3374 2776 sive
3402 2721 3526 2791 quis
3546 2721 3691 2777 alius

2130 2818 2322 2865 auctor
2349 2810 2687 2881 Responsion.
2714 2811 2783 2865 ad
2813 2810 3091 2865 orthodox.
3123 2827 3186 2867 ex
3211 2810 3451 2881 Epistula
3479 2812 3571 2866 illa
3601 2828 3693 2868 re-

2129 2899 2171 2954 ft
2186 2907 2255 2967 rt,
2283 2901 2540 2971 quodque
2576 2915 2675 2956 ceu
2707 2900 2970 2956 Clementi
2996 2901 3203 2955 dictum
3238 2901 3423 2956 laudat
3452 2901 3688 2957 Basilius

2131 2992 2196 3046 ad
2226 2989 2682 3061 Amphilochium.
2707 2990 2908 3047 Verum
2959 3008 3070 3047 non
3116 3002 3199 3048 est
3228 2994 3372 3064 quod
3403 3003 3690 3064 propterea

2131 3086 2353 3154 sequius
2384 3084 2747 3154 suspicemur,
2777 3100 2900 3139 cum
2931 3093 3167 3155 quatuor
3192 3087 3399 3156 integra
3427 3086 3555 3141 folia
3588 3101 3689 3141 no-

453 3171 719 3227 .mutavit.
753 3168 861 3226 Sed
885 3178 941 3226 et
966 3169 1151 3226 videre
1175 3180 1261 3227 est
1289 3172 1544 3226 damnata
1567 3171 1762 3243 placita
1792 3172 2029 3227 Marcio-
2056 3195 2101 3258 ρ
2134 3177 2216 3230 bis
2245 3174 2436 3231 deesse
2482 3184 2711 3232 testetnr
2741 3176 2787 3232 is
2816 3178 2904 3232 cui
2932 3178 3223 3233 editionem
3272 3180 3497 3248 primam
3525 3178 3689 3234 debe-

468 3262 559 3333 nis
601 3260 669 3317 de
723 3276 888 3317 carne
938 3269 995 3317 et
1036 3264 1291 3332 passione
1343 3262 1571 3327 Christi.
1630 3265 2029 3322 resurrectione

470 3354 600 3409 item
651 3359 707 3408 et
748 3353 956 3423 judicio
979 3363 1342 3417 mortuorum,
1377 3355 1632 3426 illamque
1660 3357 1796 3412 adeo
1830 3357 2032 3414 solem-

469 3458 595 3499 nem
624 3451 678 3499 et
706 3445 800 3498 uni
834 3445 913 3499 illi
972 3446 1198 3517 martyri
1256 3446 1532 3516 propriam
1589 3449 2029 3515 detestationem,

467 3549 577 3605 qua
624 3534 838 3589 obviam
888 3533 995 3589 sibi
1047 3532 1233 3589 Roma:
1263 3534 1464 3589 factum
1513 3535 1840 3593 Marcionem
1872 3555 2032 3594 exce-

467 3627 616 3698 pisse
648 3626 1030 3698 Polycarpum,
1061 3626 1402 3695 πρωτοτόκου
1433 3628 1642 3683 scilicet
1673 3630 1765 3683 τοῦ
1796 3632 2028 3697 Σατανᾶ,

469 3729 735 3777 tnemorat
785 3719 1105 3774 Irenaeus“.
1137 3718 1215 3774 Ex
1267 3721 1516 3787 adverso,
1550 3725 1751 3793 quibus
1789 3724 2028 3791 Flacius,

470 3830 707 3885 eumque
731 3814 902 3870 secuti
921 3812 1035 3877 alii,
1064 3813 1284 3867 dubiam
1316 3817 1541 3872 reddere
1557 3816 1854 3888 Epistolam
1886 3818 2030 3872 illam

474 3916 777 3970 tentavere,
809 3907 940 3961 talia
979 3914 1110 3962 sunt
1160 3914 1220 3961 ut
1272 3908 1328 3961 in
1384 3908 1731 3962 commodum
1785 3909 2034 3977 συλλογι-

474 3998 612 4072 σμὸν
652 3999 858 4056 referre
909 4018 1169 4071 nequeas,
1204 4001 1454 4073 quamvis
1480 4001 1721 4058 coneris.
1757 4000 2034 4071 Simplici-

374 4162 377 4163 ν
472 4099 560 4147 tas
590 4100 737 4148 certe
783 4091 1039 4149 dictionis
1070 4102 1123 4148 et
1148 4094 1521 4148 inelaboratus
1565 4108 1766 4154 sermo,
1804 4108 1925 4164 quae
1956 4093 2037 4151 illi

472 4191 793 4248 causantur,
827 4192 1062 4255 arguunt
1084 4185 1266 4255 potius
1283 4186 1635 4255 apostolicam
1666 4192 1877 4240 aetatem
1897 4185 2038 4241 scri-

474 4275 846 4346 ptionemque,
877 4283 1071 4346 utquae
1094 4275 1185 4328 uni
1218 4274 1297 4328 illi
1320 4274 1631 4345 tempestati
1661 4282 1716 4329 et
1745 4274 1879 4329 solis
1903 4288 2027 4344 apo—

473 4367 650 4435 stolis,
684 4382 982 4437 eorumque
1004 4365 1289 4436 discipulis
1319 4365 1606 4419 familiaria
1635 4364 1855 4421 fuerint.

543 4457 651 4512 Par
692 4460 833 4513 ratio
879 4466 963 4513 est
985 4457 1339 4513 Clementinaa
1365 4456 1512 4511 illius
1543 4455 1797 4527 Epistolas
1826 4457 1893 4512 ad
1922 4454 2031 4513 Co-

2130 3284 2273 3331 mns,
2298 3266 2571 3323 Patricius
2598 3266 2796 3325 Junius
2827 3288 2840 3323 :
2875 3277 2929 3324 et
2978 3268 3211 3324 Basilius
3240 3270 3376 3340 (sive
3402 3269 3541 3325 alius
3564 3269 3689 3324 libri

2078 3409 2082 3413 .
2130 3358 2273 3412 illius
2304 3356 2557 3427 scriptor)
2594 3357 2684 3412 illa
2739 3373 2835 3414 sua
2865 3374 2931 3413 ex
2962 3358 3065 3413 hac
3092 3357 3331 3428 Epistola
3389 3357 3527 3415 forte
3575 3374 3689 3415 non

2128 3452 2473 3521 prompserit.
2504 3448 2647 3503 Nihil
2700 3465 2830 3504 sane
2871 3466 2935 3505 ex
2986 3450 3133 3504 omni
3192 3450 3514 3520 antiquitate
3562 3466 3691 3521 pro-

2130 3542 2353 3596 duxeris
2399 3540 2466 3596 de
2515 3540 2812 3595 Clementis
2846 3540 2936 3593 illa
2964 3555 3221 3610 germana
3253 3540 3514 3610 Epistola,
3541 3540 3688 3610 quod

2132 3635 2323 3688 merito
2351 3648 2511 3702 quem
2540 3631 2726 3685 fecerit
2753 3631 2819 3684 de
2846 3638 3034 3684 nostra
3068 3629 3335 3684 dubitare.

2199 3724 2315 3778 Jam
2346 3738 2473 3778 vero
2496 3738 2617 3777 cum
2650 3736 2781 3776 cura
2828 3729 3071 3777 nostram
3128 3722 3270 3774 hanc
3312 3720 3510 3792 legenti
3551 3720 3692 3775 nihil

2132 3816 2375 3870 occurrit
2417 3814 2583 3869 fucati
2615 3820 2708 3866 aut
2750 3812 2997 3879 subdoli;
3025 3821 3079 3867 et
3109 3820 3288 3867 tamen
3315 3814 3497 3866 omnia
3532 3810 3679 3867 refe-

2132 3916 2262 3963 runt
2288 3908 2446 3977 plane
2475 3905 2775 3977 apostolica
2804 3912 3073 3974 tempora,
3095 3904 3412 3958 charactere
3441 3903 3691 3957 scriben-

2131 3999 2209 4065 di,
2255 4006 2309 4055 et
2348 3998 2599 4053 doctrina
2635 3997 2774 4067 ipsa.
2824 3995 2977 4062 Quod
3021 3995 3175 4050 ﬁrmo
3225 4005 3307 4050 est
3347 4002 3689 4065 argumento,

2134 4095 2326 4154 saltem
2357 4109 2423 4149 ex
2452 4093 2545 4146 illo
2582 4104 2698 4145 aevo
2734 4088 2802 4143 ad
2846 4103 2946 4143 nos
2978 4085 3274 4157 Epistolam
3321 4086 3468 4140 illam
3501 4100 3693 4155 perve-

2134 4187 2303 4249 nisse,
2330 4185 2433 4239 etsi
2463 4184 2530 4238 de
2564 4188 2787 4236 auctore
2827 4178 2967 4232 forte
3008 4192 3116 4231 non
3166 4183 3461 4231 constaret.
3502 4173 3693 4229 Sermo

2137 4292 2268 4333 sane
2304 4276 2352 4330 is
2381 4282 2487 4338 est,
2517 4273 2731 4344 qualem
2774 4285 3021 4327 summus
3050 4268 3273 4322 criticus
3303 4265 3695 4335 Photiusjudi-

2135 4368 2313 4432 cavit,
2356 4364 2558 4429 ἁπλοῦς
2602 4362 2741 4416 κατὰ
2783 4361 2879 4432 τὴν
2926 4360 3123 4431 φράσιν
3171 4358 3264 4411 καὶ
3333 4357 3542 4429 σαφὴς,
3600 4356 3694 4409 καὶ

2135 4460 2299 4529 ἐγγὺς
2326 4456 2418 4510 τοῦ
2466 4450 2911 4524 ἐκκλησιαστικοῦ
2942 4450 3284 4521 χαρακτῆρος
3303 4466 3317 4513 ;
3336 4458 3486 4504 extra
3515 4458 3695 4502 autem

456 4551 731 4629 printhios,
764 4565 927 4622 quam
952 4566 1020 4606 ex
1048 4548 1419 4605 vetustissimo
1446 4547 1816 4604 Alexandrino
1844 4549 2034 4606 codice
2064 4541 2109 4596 ῐ)
2141 4551 2372 4623 primum
2404 4547 2535 4601 illud
2558 4545 2814 4600 Ecclesiae
2838 4558 3010 4597 :evum
3045 4540 3244 4597 frustra
3286 4541 3513 4596 formam
3546 4539 3695 4593 illam

475 4644 635 4699 nobis
656 4660 763 4698 non
799 4642 936 4699 adeo
966 4642 1173 4712 pridem
1202 4641 1474 4696 Patricius
1500 4639 1696 4697 Junius
1721 4643 1803 4696 vir
1820 4643 2034 4699 clariss.

462 4728 925 4802 communicavit,
954 4743 1009 4791 et
1039 4744 1097 4790 tu
1116 4736 1277 4790 hodie
1304 4751 1372 4791 ex
1392 4734 1724 4790 Londinensi
1748 4735 2032 4805 exprimis.

476 4824 655 4880 Etiam
680 4826 770 4880 hic
797 4826 942 4881 enim
966 4826 1209 4881 invenire
1237 4832 1340 4887 est,
1366 4840 1487 4895 qua:
1512 4840 1636 4879 cum
1672 4825 1739 4880 de
1773 4825 1887 4890 illa,
1919 4832 2035 4879 tum

473 4934 544 4976 ex
596 4918 690 4973 illa
728 4924 940 4972 veteres
1001 4932 1190 4972 omnes
1246 4916 1621 4987 prodiderunt.
1668 4915 2039 4973 Ohservamus

460 5006 609 5067 sane
634 5018 687 5065 et
712 5008 898 5063 στάσιν
927 5008 1027 5062 οὐκ
1061 5007 1245 5078 ὀλίγην
1284 5007 1532 5062 Corinthi
1563 5016 1737 5062 ortam
1762 5009 1902 5064 inter
1924 5009 2037 5064 fra-

474 5108 610 5164 tres,
639 5114 983 5173 progressam
1037 5099 1289 5152 nimirum
1325 5098 1391 5152 ad
1434 5098 1543 5153 vim
1596 5108 1649 5154 et
1676 5099 1896 5164 bellum,
1921 5100 2039 5155 sive

475 5193 657 5249 duella
686 5208 701 5246 :
725 5202 779 5249 et
800 5190 1059 5247 Romanae
1086 5189 1362 5255 Ecclesiae,
1391 5205 1499 5244 non
1525 5198 1703 5245 autem
1727 5192 1893 5246 unius
1914 5190 2037 5247 Cle-

477 5286 677 5342 mentis
704 5287 923 5343 nomine
945 5291 1199 5342 exaratas
1224 5283 1468 5350 litteras;
1502 5298 1706 5355 easque
1743 5283 1810 5338 ad
1846 5298 2035 5355 pacem

477 5386 533 5434 et
569 5378 919 5433 concordiam
963 5375 1281 5433 Corinthios
1310 5374 1610 5441 ﬂectentes,
1643 5382 2039 5431 memoranteso

479 5485 587 5540 que
605 5484 794 5525 eorum
826 5468 1006 5536 ﬁdem,
1038 5484 1201 5541 quam
1222 5476 1471 5525 recenter
1491 5466 1560 5521 ab
1590 5466 1849 5536 apostolis
1878 5481 2033 5521 acce-

758 5550 791 5585 ιν

555 5669 600 5701 υ
622 5667 745 5725 Lib.
777 5683 838 5721 ιιι
885 5668 1053 5733 Hist.,
1091 5686 1139 5724 c.
1173 5668 1262 5733 36;
1286 5668 1325 5724 l.
1358 5684 1431 5728 tv.
1486 5683 1538 5721 c.
1574 5667 1660 5722 Μ.
1741 5668 1782 5699 ¹⁵
1814 5666 1944 5724 Loc.
2001 5684 2030 5723 c

2129 5711 2151 5723 ,.
2233 5666 2275 5698 “
2309 5665 2423 5720 Lib.
2468 5679 2551 5723 tu.
2593 5677 2644 5717 c.
2705 5661 2792 5715 15.

1560 5738 1627 5792 12
1658 5745 1712 5793 et
1767 5738 1857 5793 32.
1937 5738 2077 5793 “De
2134 5738 2377 5795 scrintor.
2454 5733 2585 5789 "In
2645 5746 2768 5803 cap.
2822 5748 2893 5789 LII
2955 5729 3081 5786 lsai.
3144 5743 3199 5785 et
3242 5743 3362 5801 cap.
3392 5745 3445 5787 iv
3490 5727 3689 5802 Ephes.

495 5739 636 5808 Περὶ
658 5737 882 5808 ἀρχῶν.
912 5741 955 5772 ¹⁸
978 5739 1097 5794 Lib.
1129 5754 1189 5793 ιιι
1238 5737 1385 5793 Hist.
1448 5753 1497 5791 c.

487 5811 532 5842 "
563 5807 785 5867 Catech.
840 5811 926 5867 18.
1005 5812 1047 5843 ²²
1088 5808 1251 5879 Resp.
1310 5809 1373 5864 74
1436 5808 1627 5878 Basi|.,
1659 5824 1707 5864 c.
1741 5807 1830 5863 29.

2140 4638 2413 4696 scribendi
2470 4636 2769 4708 quaesieris.
2826 4633 2917 4688 Sic
2962 4634 3105 4703 quod
3142 4633 3373 4703 epistola
3436 4631 3698 4685 Romanae

2141 4731 2418 4795 Ecclesiae,
2443 4744 2554 4784 non
2584 4743 2713 4783 vero
2741 4724 2981 4796 episcOpi
3020 4733 3071 4778 et
3116 4725 3556 4796 presbyterorum
3602 4733 3697 4779 aut

2139 4823 2378 4895 episcopi
2433 4822 2604 4878 solius
2656 4818 2874 4873 nomine
2925 4823 3147 4870 exarata
3191 4825 3295 4879 est,
3341 4815 3499 4871 alteri
3548 4816 3696 4870 aetati

2141 4928 2303 4985 quam
2336 4913 2437 4969 soli
2479 4910 2789 4981 apostolica:
2818 4922 2925 4961 non
2953 4907 3243 4961 convenit:
3280 4908 3538 4978 paulatim
3574 4921 3697 4960 cre-

2142 5013 2327 5061 scente
2370 5004 2694 5057 auctoritate
2743 4998 2975 5069 primum
3025 4998 3234 5069 collegii
3287 4997 3692 5069 presbyteralis,

2136 5098 2266 5153 inde
2296 5097 2459 5151 unius
2486 5091 2748 5165 episcopi,
2802 5097 2855 5144 et
2904 5090 3108 5144 sensim
3137 5105 3166 5143 a
3190 5090 3473 5144 curatione
3520 5104 3699 5145 sacra-

2137 5205 2260 5246 rum
2297 5203 2481 5244 rerum
2519 5194 2727 5241 remoto
2755 5184 2975 5255 populo.
3018 5181 3267 5253 Sequens
3307 5181 3472 5235 etiam
3522 5196 3699 5235 aevum

2140 5285 2299 5353 longe
2335 5281 2492 5335 aliter
2520 5278 2587 5333 de
2624 5292 2852 5348 persona
2886 5276 3092 5331 Christi
3132 5276 3371 5328 locutum
3418 5281 3502 5329 est
3528 5291 3542 5328 :
3571 5288 3697 5328 cum

2142 5376 2231 5430 hic
2261 5390 2369 5428 non
2405 5372 2518 5426 fere
2544 5370 2646 5423 alia
2672 5370 2934 5440 reperias,
2953 5383 3115 5439 quam
3134 5367 3223 5421 illa
3253 5360 3450 5437 quibus
3479 5364 3538 5420 S.
3558 5364 3703 5421 Pau-

2145 5469 2232 5521 lus
2261 5473 2346 5521 est
2369 5479 2522 5519 usus.
2551 5460 2745 5516 Videre
2773 5461 2937 5516 etiam
2970 5459 3058 5513 hic
3080 5466 3164 5513 est
3193 5461 3246 5512 in
3275 5456 3468 5513 ordine
3488 5456 3676 5511 hierar

2894 5661 2933 5691 "
2971 5658 3086 5713 Lib.
3125 5674 3179 5713 tv
3222 5641 3444 5722 Strom.;
3511 5658 3607 5711 lib.
3653 5671 3688 5711 ιι
