4070 6340
342 424 410 481 53
472 437 477 440 ’
1601 421 1937 479 ΡΠΟαΞΜΙΛ

2021 419 2383 476 VARIORUM.
3540 420 3607 474 Si

342 546 505 600 chico
535 541 819 600 numerari
846 557 956 596 non
988 541 1126 599 alios
1156 557 1319 612 quam
1346 541 1636 611 episcopos
1666 552 1720 597 et
1748 539 1935 595 diaco-
1966 551 2011 601 Α
2042 538 2421 610 deprehendas
2451 538 2593 606 quod
2626 536 2855 593 Photius
2913 538 3146 603 notavit,
3198 554 3395 611 nempe
3427 544 3582 609 νωοε

340 653 464 696 nos.
497 635 746 707 episcopi
790 635 1012 689 nomine
1058 649 1249 690 omnes
1286 634 1637 705 presbyteros
1675 648 1926 703 compre-

344 728 621 783 hendente
658 745 673 781 :
704 741 868 782 secus
908 740 1071 796 quam
1102 724 1246 779 infra
1283 724 1587 794 apostolica
1616 731 1670 779 et
1702 730 1925 792 aposto-

341 822 465 877 licis
505 818 780 877 viciniora
829 825 1077 888 tempora
1121 817 1379 872 obtinuit.
1427 814 1567 870 Huic
1620 814 1715 870 uni
1775 815 1921 870 aetati

336 913 505 969 etiam
540 926 784 983 congrua
831 918 918 967 est
956 909 1354 966 sacrificiorum
1378 909 1676 965 celebratio
1708 909 1764 963 in
1794 907 1923 965 Hie-

334 1004 738 1075 rosolymitano
764 1003 989 1073 templo,
1016 1001 1177 1071 cujus
1216 1001 1333 1056 haec
1363 1000 1608 1071 Epistula
1650 1001 1920 1057 meminit.

334 1095 506 1149 Multa
533 1095 642 1148 alia
671 1110 780 1149 non
813 1094 1086 1150 simulata:
1133 1092 1426 1148 vetustatis
1460 1090 1664 1146 indicia
1694 1108 1925 1163 conges-

333 1188 411 1240 sit
428 1184 587 1255 Hugo
616 1183 863 1248 Grotius,
896 1184 981 1237 vir
1010 1197 1283 1248 summus,
1318 1182 1551 1253 epistola
1582 1181 1821 1253 quadam
1854 1184 1921 1237 ad

330 1276 729 1349 Hieronymum
776 1275 1122 1347 Bignonium,
1163 1291 1285 1346 quae
1328 1276 1383 1330 in
1440 1275 1583 1329 libro
1624 1275 1920 1343 Epistolar.

331 1367 405 1421 ad
438 1365 623 1421 Gallos
661 1374 747 1422 est
792 1382 916 1423 cuv
958 1387 973 1421 :
1007 1381 1129 1436 quae
1169 1382 1279 1421 non
1342 1381 1570 1438 possunt
1627 1383 1738 1422 non
1792 1384 1922 1440 pro-

328 1460 505 1516 bare:
536 1460 642 1515 nisi
672 1460 728 1513 in
771 1473 839 1514 eo
867 1461 1137 1515 erraverit
1167 1459 1259 1514 ille
1314 1460 1342 1511 ὁ
1371 1458 1535 1522 πάνυ,
1574 1460 1722 1530 quod
1762 1470 1924 1532 neget

329 1552 672 1609 Clementem
706 1551 915 1623 aliquid
943 1568 1009 1608 ex
1044 1551 1377 1623 Evangeliis,
1403 1567 1525 1623 qua:
1552 1553 1916 1623 appellamus,

329 1643 653 1707 adduxisse,
692 1657 819 1697 cum
846 1649 1035 1698 tamen
1066 1657 1133 1697 ex
1165 1639 1227 1697 S.
1259 1639 1422 1696 Lucae
1468 1655 1592 1711 cap.
1645 1656 1699 1695 Vl
1754 1641 1920 1695 verba

335 1733 559 1790 Domini
606 1736 785 1791 nostri
831 1734 944 1791 sint
984 1734 1238 1805 repetita.
1280 1732 1429 1788 Satis
1475 1748 1607 1788 vero
1640 1733 1725 1789 vel
1769 1733 1862 1788 illa
1889 1747 1917 1787 a

329 1827 493 1883 nobis
521 1827 686 1881 allata
707 1835 838 1881 sunt
869 1826 1021 1897 paria
1047 1824 1390 1881 vindicanda:
1415 1841 1529 1881 suae
1559 1825 1819 1897 dignitati
1838 1823 1917 1878 illi

329 1928 537 1974 nostra:
578 1919 828 1989 epistolae
856 1935 869 1971 :
904 1933 1081 1989 eoque
1118 1918 1255 1973 nihil
1286 1920 1483 1974 attinet
1508 1920 1667 1991 plura
1696 1919 1752 1973 in
1783 1933 1915 1973 con-
1948 1908 1991 1963 Β

330 2010 702 2065 firmationem
739 2026 887 2066 nunc
912 2010 1239 2081 producere.
1280 2010 1347 2065 Et
1378 2025 1511 2066 sane
1539 2010 1637 2065 tibi
1670 2009 1913 2080 quidem,

328 2103 407 2156 mi
432 2102 668 2167 Madere,
701 2101 942 2159 fortasse
977 2102 1111 2158 satis
1147 2109 1233 2157 est
1265 2101 1342 2167 id,
1377 2101 1526 2172 quod
1572 2102 1793 2157 nemine
1821 2099 1918 2154 ad-

328 2204 585 2249 versante
616 2209 815 2250 omnes
843 2193 1089 2258 omnino,
1121 2208 1290 2263 penes
1328 2209 1469 2265 quos
1518 2192 1683 2248 hodie
1710 2193 1918 2249 criticae

330 2300 560 2357 regnum
587 2292 689 2345 est,
726 2285 1022 2357 Epistolam
1057 2285 1203 2340 hanc
1231 2293 1293 2341 ut
1344 2302 1660 2358 germanam
1718 2286 1920 2342 admit-

329 2387 477 2434 tant.
514 2378 714 2445 Quidni
747 2380 893 2434 enim
937 2387 1059 2434 tuto
1085 2380 1339 2451 sequaris
1369 2379 1473 2434 hac
1503 2380 1557 2433 in
1588 2394 1648 2435 re
1674 2378 1914 2443 Grotios,

330 2469 654 2535 Salmasios,
698 2469 966 2535 Calixtos,
1014 2470 1308 2536 Horneios,
1356 2469 1607 2536 Vossios,
1660 2471 1910 2537 Rivetos,

325 2562 665 2628 Blondellos,
699 2562 987 2632 Seldenos,
1020 2563 1296 2629 Petavios,
1333 2564 1628 2627 Patricios,
1670 2565 1918 2636 aliosque

320 2671 588 2713 censores
619 2656 884 2712 librorum
906 2658 1330 2713 exactissimos?
1347 2656 1659 2713 Praesertim
1691 2657 1737 2714 si
1755 2672 1919 2714 nemo

324 2748 547 2805 doctior
595 2748 910 2825 dissentiat,
953 2755 1014 2805 ut
1058 2749 1149 2804 hic
1184 2748 1464 2815 dissentit,
1517 2749 1666 2821 quod
1720 2748 1915 2815 sciam,

323 2850 512 2897 ωε).

396 2928 625 3001 Loquor
658 2946 810 2997 vero,
847 2933 927 2989 uti
954 2932 1183 2999 novisti,
1212 2939 1425 2987 tantum
1455 2931 1522 3013 de
1542 2931 1792 3004 Epistola
1825 2932 1919 2987 illa

324 3024 632 3095 μοιίιίοη
664 3023 732 3079 ad
754 3024 1093 3089 Corinthios,
1126 3040 1235 3081 non
1268 3025 1337 3080 de
1371 3026 1541 3081 altera
1580 3026 1709 3089 ista,
1754 3025 1915 3095 cujus

327 3116 699 3188 fragmentum
727 3116 914 3172 itidem
946 3118 1245 3189 publicavit
1267 3116 1540 3173 Patricius
1571 3116 1661 3172 ille
1693 3114 1914 3174 Junius.

2033 628 2157 680 σίαν
2224 627 2319 680 καὶ
2403 626 2726 697 παραίνεσιν
2808 628 3117 699 κρείττονος
3183 628 3323 701 βίου,
3406 633 3502 684 καὶ
3553 634 3602 689 ἐκ

2029 719 2172 789 ἀρχῇ
2255 716 2317 770 τὸ
2381 718 2643 788 κήρυγμα
2698 715 2936 788 Χριστοῦ
3020 717 3116 771 τοῦ
3183 718 3335 773 Θεοῦ.
3403 718 3608 787 Solam,

2029 810 2312 873 nimirum,
2374 809 2525 863 illam
2602 807 2831 880 primam
2893 824 3019 864 cum
3080 812 3231 866 omni
3285 813 3609 884 antiquitate

2028 918 2345 975 germanam
2444 916 2681 972 agnosco
2743 920 2755 955 :
2809 902 3036 957 alteram
3092 920 3201 959 non
3276 906 3427 972 item,
3507 909 3609 963 etsi

2030 994 2103 1049 sit
2159 1002 2397 1056 vetusta,
2451 1001 2505 1048 et
2541 993 2700 1063 longe
2750 994 2995 1048 melioris
3050 1006 3210 1060 notae,
3257 1004 3421 1068 atque
3483 1005 3612 1053 sunt

2026 1086 2268 1156 illmquze
2296 1085 2462 1155 vulgo
2491 1085 2635 1156 apud
2667 1084 2891 1141 Latinos
2927 1084 3227 1143 Clementis
3258 1091 3481 1145 nomine
3501 1090 3611 1145 cir-

2026 1174 2435 1230 cumferuntur.
2479 1174 2545 1228 Et
2588 1191 2722 1231 vero
2772 1176 2995 1231 nonnisi
3026 1178 3245 1233 unicam
3275 1196 3304 1233 a
3333 1179 3611 1235 Clemente

2024 1269 2312 1339 epistolam
2345 1268 2649 1339 profectam
2685 1286 2829 1335 esse,
2862 1270 3071 1341 reliqua
3104 1288 3233 1326 vero
3261 1277 3465 1339 omnia,
3491 1290 3611 1345 quae

2024 1362 2141 1418 sive
2162 1360 2629 1416 Constitutionum
2662 1362 3108 1432 apostolicarum,
3124 1364 3240 1419 sive
3257 1362 3607 1437 Recognitio-

2024 1469 2179 1517 num,
2230 1455 2353 1509 sive
2388 1453 2759 1525 Epistolarum
2814 1456 3038 1511 nomine
3088 1458 3337 1522 veniunt,
3389 1461 3607 1514 mentiri

2024 1558 2329 1614 auctorem,
2361 1550 2444 1604 vel
2507 1549 2643 1604 illud
2676 1566 2848 1605 unum
2884 1566 2985 1621 pro
3012 1550 3313 1606 sufficiente
3335 1564 3417 1607 est
3445 1567 3610 1623 argu-

2024 1651 2233 1710 mento,
2263 1642 2410 1713 quod
2441 1640 2499 1697 S.
2532 1640 2772 1698 Irenzeus
2801 1644 3021 1699 nonnisi
3058 1646 3274 1698 unicam
3315 1644 3461 1698 illam
3500 1646 3610 1700 Iau-

2022 1733 2115 1790 det
2143 1736 2200 1790 in
2235 1734 2486 1792 veritatis
2532 1736 2823 1791 catholicae
2854 1734 3255 1797 testimonium,
3314 1735 3444 1790 dum
3488 1746 3606 1791 stu-

2027 1826 2182 1883 diose
2207 1836 2487 1899 oppugnat
2526 1827 2786 1893 haarcses,
2819 1830 3205 1900 episcoporqu
3232 1827 3610 1884 Romanorum

2020 1934 2315 1975 consensu.
2374 1920 2493 1975 lmo
2546 1921 2685 1974 tanti
2716 1928 2801 1975 est
2846 1919 3065 1975 roboris
3099 1919 3191 1973 illa
3222 1917 3409 1973 lrenzei
3458 1934 3612 1973 com-

2020 2011 2314 2075 mendatio,
2349 2018 2408 2065 ut
2436 2026 2536 2081 par
2570 2011 2641 2066 sit
2672 2011 3011 2081 reliquorum
3032 2011 3194 2067 etiam
3225 2011 3611 2083 episc0porum

2020 2103 2392 2158 Romanorum
2425 2102 2547 2172 ejus
2576 2104 2673 2158 aevi
2710 2103 2981 2173 epistolis,
3014 2119 3153 2173 quas
3192 2103 3437 2157 Isidorus
3469 2101 3614 2157 Mer-

2020 2203 2176 2251 cator
2202 2195 2391 2261 edidit,
2412 2195 2535 2250 falsi
2565 2196 2984 2251 convincendis.
3012 2195 3171 2262 Quod
3196 2195 3355 2250 ulcus
3389 2203 3612 2266 tangere

2022 2302 2132 2342 non
2172 2296 2257 2343 est
2292 2287 2457 2357 hujus
2484 2287 2743 2342 instituti.

2093 2379 2163 2435 Ut
2192 2382 2410 2437 redeam
2444 2380 2610 2451 igitur
2640 2381 2706 2436 ad
2737 2380 2982 2451 epistolae
3008 2378 3172 2449 hujus
3206 2393 3338 2433 meae
3363 2377 3606 2440 initium,

2020 2471 2353 2528 laudabilem
2388 2471 2636 2544 profecto
2674 2487 2895 2543 operam
2928 2480 3156 2542 praestas
3180 2471 3327 2527 bono
3356 2471 3604 2542 publico,

2023 2561 2109 2616 vir
2137 2560 2481 2628 doctissime,
2512 2576 2678 2616 aurea
2727 2561 2819 2614 illa
2875 2562 3167 2632 primitivee
3201 2557 3462 2615 Ecclesia:
3493 2573 3612 2612 mo.

2022 2662 2309 2719 numeuta,
2360 2654 2572 2707 rariora
2615 2654 2841 2708 inventu
2886 2652 3040 2709 hisce
3079 2653 3134 2706 in
3166 2652 3280 2708 oris
3322 2658 3377 2707 et
3418 2651 3610 2721 paucis

2020 2746 2182 2809 lecta,
2214 2743 2423 2799 nostris
2464 2742 2607 2814 typis
2656 2742 2965 2812 publicans.
3025 2740 3144 2797 Non
3200 2755 3427 2812 possum
3477 2754 3611 2794 sane

2020 2850 2122 2908 ego
2152 2849 2263 2890 non
2294 2834 2390 2889 tibi
2427 2842 2622 2889 auctor
2664 2848 2807 2897 esse,
2857 2835 2912 2886 in
2957 2832 3050 2886 illo
3078 2833 3331 2886 instituto
3383 2838 3610 2883 strenue

2022 2925 2306 2997 pergendi.
2346 2923 2632 2994 Ejusmodi
2681 2925 2868 2994 utique
2924 2924 3130 2995 scripta
3175 2927 3413 2982 volvere,
3449 2920 3609 2991 longe

2024 3018 2395 3090 praestabilius
2427 3017 2727 3088 utiliusque
2748 3024 2856 3081 est,
2889 3032 3054 3086 quam
3080 3019 3303 3085 rixosis,
3333 3022 3441 3078 imo
3468 3040 3606 3079 con-

2022 3108 2330 3166 tumeliosis
2382 3108 2585 3163 libellis
2639 3105 2885 3176 legendis
2929 3114 3147 3177 tempus
3185 3117 3385 3177 terere,
3417 3114 3608 3184 quales

324 3208 652 3277 Quanquam
674 3215 729 3262 et
758 3208 901 3261 hanc
931 3207 1238 3263 existimem
1267 3222 1390 3263 esse
1426 3208 1575 3262 illam
1602 3206 1797 3263 Photio
1844 3207 1920 3262 le-
1957 3270 1987 3277 _
2024 3203 2141 3257 haec
2171 3209 2362 3257 nostra
2390 3209 2524 3256 aztas
2558 3206 2761 3256 asterna
2812 3214 2937 3254 cum
2966 3199 3192 3255 infamia
3237 3201 3350 3257 edit
3397 3205 3605 3275 passim

326 3308 496 3362 ctam,
523 3300 633 3355 imo
654 3300 798 3354 illam
823 3300 981 3369 cujus
1009 3298 1298 3365 Eusebius,
1334 3299 1717 3373 Hieronymus,
1750 3310 1803 3357 et
1825 3300 1917 3355 alii
1945 3270 1988 3329 ο
2018 3294 2309 3366 plurimos.
3550 3296 3557 3303 ’

328 3391 717 3460 meminerunt,
767 3399 831 3446 ut
874 3390 1141 3448 Clementi
1168 3392 1388 3465 quidem
1422 3392 1631 3448 auctori
1672 3392 1911 3455 tributae,

325 3482 423 3538 sed
450 3498 760 3557 perperam.
794 3483 991 3558 Utique
1016 3486 1163 3542 enim
1212 3486 1267 3541 in
1297 3486 1403 3541 hoc
1436 3486 1557 3558 ipso
1603 3484 1911 3556 fragmento

1920 3650 1987 3661 ...ι-

2094 3385 2250 3452 Vale,
2275 3386 2350 3441 mi
2379 3383 2621 3443 Madere.
2655 3390 2710 3438 et
2741 3382 2892 3439 salve
2936 3384 3251 3455 plurimum.
3302 3384 3607 3449 Helmesta~

2015 3480 2089 3536 dii
2116 3481 2171 3535 in
2194 3479 2363 3535 Acad.
2393 3476 2539 3534 Julia
2573 3475 2734 3543 1654,
2774 3491 2829 3531 γι
2858 3475 2979 3532 Kal.
3017 3476 3296 3533 Decembr.

977 3811 1661 3938 JOACHIMI
1737 3818 2188 3938 JOANN
2215 3820 2341 3933 lS
2418 3819 2964 3935 MADERI

1136 4102 1287 4191 AD
1359 4098 1999 4194 LECTOBEM
2090 4100 2779 4197 PRIEFATIO.

402 4365 667 4441 Properat
681 4366 749 4421 ad
770 4375 845 4433 te,
861 4364 1057 4422 Lector
1078 4366 1359 4431 benevole,
1381 4367 1495 4421 haec
1512 4365 1813 4421 Clementis
1842 4365 1910 4420 ad

327 4456 887 4541 Corinthiosepistola
901 4456 1204 4527 ἱκανωτάτη
1219 4458 1312 4510 καὶ
1328 4456 1626 4528 θαυμασία,
1635 4458 1791 4527 juxta
1806 4457 1919 4512 Ire-

2020 4365 2220 4421 nebula
2266 4380 2442 4436 nuper
2488 4364 2757 4421 voluisset
2786 4365 3082 4430 obducere,
3110 4376 3165 4423 et
3195 4369 3361 4440 hujus
3408 4369 3599 4443 scripti

2020 4457 2352 4528 γνησιότητα
2405 4466 2613 4514 temere
2662 4458 2829 4514 nimis
2875 4468 3038 4529 atque
3076 4461 3481 4520 inconsiderate
3502 4480 3600 4519 ne-

332 4565 513 4606 naum
538 4556 596 4606 et
620 4547 938 4613 Eusebium,
971 4549 1159 4604 multis
1178 4549 1291 4619 jam
1323 4551 1542 4605 seaculis
1575 4550 1908 4606 desiderata.
1945 4573 1989 4628 ι)
2018 4564 2169 4623 gare.
2224 4548 2367 4606 Sane
2418 4551 2472 4605 in
2502 4551 2820 4607 verminoso
2848 4552 2991 4607 libro
3022 4568 3124 4607 suo
3161 4570 3323 4625 quem
3355 4556 3596 4621 interim,

331 4640 465 4697 Luci
508 4641 658 4695 illam
682 4656 792 4695 non
814 4640 890 4693 ita
914 4640 1127 4710 pridem
1170 4641 1394 4696 donavit
1442 4657 1662 4698 rursum
1696 4645 1778 4697 vir
1801 4644 1915 4698 cla-

331 4736 591 4792 rissimus
618 4734 891 4790 Patricius
937 4733 1155 4798 Junius,
1188 4735 1549 4799 serenissimi,
1598 4736 1700 4790 heu
1733 4752 1915 4807 quon-

330 4828 486 4885 dam!
555 4828 966 4883 Britanniarum
1036 4843 1183 4900 regis
1253 4827 1751 4891 bibliothecarius,
1823 4828 1915 4883 cui

331 4929 621 4992 propterea
648 4922 920 4975 maximas
946 4932 1097 4975 certe
1122 4920 1330 4991 gratias
1355 4918 1641 4975 debemus.
1686 4917 1915 4986 Quantae

330 5029 464 5070 vero
499 5012 647 5084 apud
669 5020 881 5068 veteres
904 5011 1069 5066 fuerit
1091 5012 1464 5075 auctoritatis.
1509 5018 1590 5067 tot
1638 5013 1741 5068 tibi
1791 5013 1916 5067 illo-

328 5118 477 5168 rum,
530 5119 672 5174 quos
714 5101 977 5173 deinceps
1008 5102 1352 5169 exhibemus,
1406 5113 1710 5174 suggerunt
1752 5106 1913 5159 testi-

332 5196 547 5262 monia;
578 5211 701 5266 qua:
722 5211 831 5249 una
862 5210 988 5250 cum
1039 5195 1163 5250 aliis
1204 5196 1539 5266 propheticis
1563 5196 1913 5267 apostolicis-

331 5303 440 5357 que
462 5288 685 5358 scriptis
731 5287 836 5358 legi
866 5286 995 5341 olim
1030 5286 1086 5340 in
1124 5286 1450 5357 quibusdam
1484 5285 1745 5343 Ecclesiis
1775 5286 1912 5342 soli-

335 5388 468 5443 tam,
503 5378 663 5433 fidem
696 5378 928 5441 faciunt,
959 5378 1256 5449 itidemque
1276 5378 1343 5432 de
1383 5393 1550 5433 causa
1595 5375 1910 5447 scriptionis

335 5476 387 5522 et
406 5469 534 5540 styli
559 5484 756 5538 genere
783 5479 835 5525 te
853 5469 1146 5525 certiorem
1174 5469 1434 5526 reddunt.
1467 5468 1587 5525 Non
1614 5486 1746 5541 ergo
1765 5479 1908 5533 erat,

335 5575 443 5628 quo
471 5568 526 5615 te
562 5562 796 5630 amplius
825 5575 1092 5625 morarer,
1143 5562 1587 5633 quandoquidem
1630 5578 1911 5633 nunquam

337 5650 471 5706 satis
500 5650 756 5707 laudatus
778 5651 1050 5708 Patricius
1074 5666 1176 5707 sua
1200 5654 1266 5707 ad
1286 5642 1569 5709 Lectorem
1596 5653 1913 5722 praefatione

338 5750 578 5798 veterum
609 5745 941 5800 testimoniis
977 5759 1146 5816 supra
1171 5746 1437 5810 subnexa,
1473 5747 1529 5800 in
1558 5748 1783 5819 reliquis
1813 5748 1909 5803 tibi

336 5840 549 5903 poterat
597 5835 917 5893 satisfacere
973 5837 1072 5893 :ni
1098 5834 1291 5894 fuisset
1340 5838 1433 5909 qui
1476 5846 1687 5894 tantam
1732 5840 1908 5899 lucem

2017 4643 2148 4698 dum
2172 4643 2240 4697 de
2266 4643 2369 4697 hac
2402 4644 2644 4700 editione
2674 4644 2876 4715 cogito,
2915 4644 2972 4698 in
2999 4646 3193 4718 vulgus
3223 4648 3429 4713 emisit,
3483 4656 3597 4703 tam

2017 4734 2279 4790 audacter
2323 4734 2524 4790 famam
2556 4736 2678 4805 ejus
2705 4737 2936 4799 arrodit,
2973 4746 3033 4792 ut
3065 4755 3133 4794 ne
3173 4740 3336 4795 tineis
3370 4741 3594 4810 quidem

2016 4826 2379 4898 trucibusque
2428 4828 2639 4893 blattis,
2692 4843 2815 4899 qua:
2857 4827 3121 4884 damnum
3167 4831 3270 4901 ipsi
3307 4832 3420 4900 jam
3468 4839 3596 4886 ante

2016 4935 2290 4975 summum
2322 4919 2639 4985 intulerant,
2672 4922 3032 4978 mordacitate
3060 4923 3236 4978 cedat.
3273 4921 3384 4978 Nec
3411 4932 3596 4979 tamen

2014 5012 2199 5068 virum
2232 5013 2395 5067 istum
2422 5012 2561 5070 alias
2588 5028 2868 5085 magnum,
2899 5015 2981 5068 vel
3011 5015 3152 5070 hanc
3178 5015 3488 5085 epistolam,
3512 5017 3597 5071 vel

2015 5109 2136 5163 loca
2168 5114 2455 5162 auctorum
2494 5120 2526 5159 a
2556 5106 2761 5176 quibus
2794 5107 3112 5162 testimonia
3145 5106 3337 5174 sumit,
3388 5114 3597 5163 attente

2018 5213 2259 5269 unquam
2292 5212 2419 5252 reor
2463 5197 2664 5267 legisse
2693 5204 2747 5252 et
2783 5198 2953 5267 probe
2977 5201 3341 5265 examinasse,
3374 5198 3470 5254 sed
3511 5199 3597 5252 fu-

2018 5304 2142 5344 cum
2196 5288 2382 5359 potius
2429 5287 2862 5357 simplicioribus
2907 5304 3099 5357 parum
3146 5289 3217 5343 ab
3267 5289 3595 5359 antiquitate

2014 5378 2301 5436 instructis
2345 5377 2529 5434 facere
2560 5378 2824 5433 voluisse.
2861 5377 2931 5432 Ut
2962 5380 3106 5434 enim
3150 5381 3372 5436 silentio
3416 5382 3594 5437 invol-

2012 5487 2137 5527 vam
2166 5470 2363 5526 frivola
2391 5473 2496 5527 ista
2528 5469 2596 5525 de
2628 5470 2800 5525 minio
2826 5470 3012 5538 rubro,
3038 5487 3150 5542 quo
3181 5473 3394 5528 lacuna:
3420 5474 3472 5527 in
3498 5490 3594 5530 su—

2015 5562 2232 5633 periore
2272 5562 2518 5617 editione
2562 5577 2761 5632 magna
2788 5562 3068 5632 diligentia
3103 5575 3230 5617 sunt
3279 5573 3500 5628 notatae,
3539 5573 3593 5619 ct

2014 5671 2136 5727 qum
2164 5662 2427 5725 praeterea
2454 5653 2522 5709 de
2552 5654 2679 5724 styli
2711 5653 3061 5725 simplicitate
3082 5663 3135 5711 et
3170 5656 3447 5711 incondita
3470 5656 3591 5725 ejus

2015 5750 2357 5805 connexione
2386 5746 2621 5818 profert,
2654 5753 2715 5801 ut
2759 5747 3084 5816 jamdudum
3128 5751 3231 5819 ipsi
3263 5748 3456 5803 Photio
3487 5750 3589 5804 ob-

2018 5852 2232 5898 servata
2268 5860 2278 5873 -
2324 5840 2556 5912 primum
2592 5841 2966 5912 imprudenter
2999 5852 3133 5899 satis
3179 5842 3589 5899 consarcinato-
