  <div class='ocr_page' id='page_1' title='image "/cluster/home/n/w/nwhite01/storage/ocr_20150623/1/hvd.32044073501405/033.png"; bbox 0 0 4070 6340; ppageno 0'>
   <div class='ocr_carea' id='block_1_1' title="bbox 451 388 2031 454">
    <p class='ocr_par' dir='ltr' id='par_1_1' title="bbox 451 391 2031 454">
     <span class='ocr_line' id='line_1_1' title="bbox 451 391 2031 454; baseline 0 -10"><span class='ocrx_word' id='word_1_1' title='bbox 451 399 522 454; x_wconf 78' lang='lat'><strong>55</strong></span> <span class='ocrx_word' id='word_1_2' title='bbox 1574 392 1662 444; x_wconf 76' lang='lat' dir='ltr'><strong>AD</strong></span> <span class='ocrx_word' id='word_1_3' title='bbox 1703 392 1759 449; x_wconf 90' lang='lat' dir='ltr'><strong>S.</strong></span> <span class='ocrx_word' id='word_1_4' title='bbox 1801 391 2031 447; x_wconf 74' lang='lat' dir='ltr'><strong>CLEME</strong></span> 
     </span>
    </p>
   </div>
   <div class='ocr_carea' id='block_1_2' title="bbox 2133 388 3696 454">
    <p class='ocr_par' dir='ltr' id='par_1_2' title="bbox 2133 388 3696 447">
     <span class='ocr_line' id='line_1_2' title="bbox 2133 388 3696 447; baseline 0.003 -4"><span class='ocrx_word' id='word_1_5' title='bbox 2133 389 2220 443; x_wconf 72' lang='grc' dir='ltr'><strong>ΕΜ</strong></span> <span class='ocrx_word' id='word_1_6' title='bbox 2262 389 2282 443; x_wconf 86' lang='grc' dir='ltr'><strong><em>ι</em></strong></span> <span class='ocrx_word' id='word_1_7' title='bbox 2320 388 2551 443; x_wconf 70' lang='grc' dir='ltr'><strong>ΡΑΡΑΜ</strong></span> <span class='ocrx_word' id='word_1_8' title='bbox 3628 391 3696 447; x_wconf 75' lang='lat'><strong>56</strong></span> 
     </span>
    </p>
   </div>
   <div class='ocr_carea' id='block_1_3' title="bbox 450 502 3697 583">
    <p class='ocr_par' dir='ltr' id='par_1_3' title="bbox 450 502 3697 583">
     <span class='ocr_line' id='line_1_3' title="bbox 450 502 3697 583; baseline -0.004 -11"><span class='ocrx_word' id='word_1_9' title='bbox 450 530 566 574; x_wconf 82' lang='lat' dir='ltr'><strong>rem</strong></span> <span class='ocrx_word' id='word_1_10' title='bbox 590 511 834 583; x_wconf 67' lang='lat' dir='ltr'><strong>epistolae</strong></span> <span class='ocrx_word' id='word_1_11' title='bbox 883 508 980 581; x_wconf 62' lang='lat' dir='ltr'><strong>(&quot;Ita</strong></span> <span class='ocrx_word' id='word_1_12' title='bbox 1004 523 1240 579; x_wconf 83' lang='lat' dir='ltr'><strong>namque</strong></span> <span class='ocrx_word' id='word_1_13' title='bbox 1281 509 1400 579; x_wconf 84' lang='lat' dir='ltr'><strong>ejus</strong></span> <span class='ocrx_word' id='word_1_14' title='bbox 1446 517 1645 565; x_wconf 83' lang='lat' dir='ltr'><strong>sonant</strong></span> <span class='ocrx_word' id='word_1_15' title='bbox 1678 506 2021 579; x_wconf 84' lang='lat' dir='ltr'><strong>Germanica)</strong></span> <span class='ocrx_word' id='word_1_16' title='bbox 2052 512 2093 568; x_wconf 79' lang='grc' dir='ltr'>Α</span> <span class='ocrx_word' id='word_1_17' title='bbox 2128 506 2274 560; x_wconf 71' lang='lat' dir='ltr'><strong>bonae</strong></span> <span class='ocrx_word' id='word_1_18' title='bbox 2299 504 2421 574; x_wconf 80' lang='lat' dir='ltr'><strong>ﬁdei</strong></span> <span class='ocrx_word' id='word_1_19' title='bbox 2452 503 2770 558; x_wconf 76' lang='lat' dir='ltr'><strong>conscientia</strong></span> <span class='ocrx_word' id='word_1_20' title='bbox 2796 504 2876 559; x_wconf 92' lang='lat' dir='ltr'><strong>illi</strong></span> <span class='ocrx_word' id='word_1_21' title='bbox 2908 505 3270 559; x_wconf 79' lang='lat' dir='ltr'><strong>inservierunt.</strong></span> <span class='ocrx_word' id='word_1_22' title='bbox 3301 503 3376 557; x_wconf 92' lang='lat' dir='ltr'><strong>lta</strong></span> <span class='ocrx_word' id='word_1_23' title='bbox 3408 503 3467 558; x_wconf 85' lang='lat' dir='ltr'><strong>D.</strong></span> <span class='ocrx_word' id='word_1_24' title='bbox 3495 502 3697 559; x_wconf 80' lang='lat' dir='ltr'><strong>Paulus</strong></span> 
     </span>
    </p>
   </div>
   <div class='ocr_carea' id='block_1_4' title="bbox 451 598 2016 672">
    <p class='ocr_par' dir='ltr' id='par_1_4' title="bbox 451 598 2016 672">
     <span class='ocr_line' id='line_1_4' title="bbox 451 598 2016 672; baseline -0.006 -10"><span class='ocrx_word' id='word_1_25' title='bbox 451 606 622 662; x_wconf 83' lang='lat' dir='ltr'><strong>multa</strong></span> <span class='ocrx_word' id='word_1_26' title='bbox 653 601 905 657; x_wconf 87' lang='lat' dir='ltr'><strong>omisisse</strong></span> <span class='ocrx_word' id='word_1_27' title='bbox 934 600 1031 665; x_wconf 87' lang='lat' dir='ltr'><strong>ait,</strong></span> <span class='ocrx_word' id='word_1_28' title='bbox 1063 615 1184 672; x_wconf 69' lang='lat' dir='ltr'><strong>quae</strong></span> <span class='ocrx_word' id='word_1_29' title='bbox 1206 600 1307 657; x_wconf 84' lang='lat' dir='ltr'><strong>sub</strong></span> <span class='ocrx_word' id='word_1_30' title='bbox 1335 598 1629 656; x_wconf 75' lang='lat' dir='ltr'><strong>Clementis</strong></span> <span class='ocrx_word' id='word_1_31' title='bbox 1660 598 1893 655; x_wconf 87' lang='lat' dir='ltr'><strong>Romani</strong></span> <span class='ocrx_word' id='word_1_32' title='bbox 1914 613 2016 653; x_wconf 91' lang='lat' dir='ltr'><strong>no-</strong></span> 
     </span>
    </p>
   </div>
   <div class='ocr_carea' id='block_1_5' title="bbox 452 690 2022 761">
    <p class='ocr_par' dir='ltr' id='par_1_5' title="bbox 452 690 2022 761">
     <span class='ocr_line' id='line_1_5' title="bbox 452 690 2022 761; baseline -0.006 -7"><span class='ocrx_word' id='word_1_33' title='bbox 452 698 598 755; x_wconf 89' lang='lat' dir='ltr'><strong>mine</strong></span> <span class='ocrx_word' id='word_1_34' title='bbox 649 695 718 749; x_wconf 89' lang='lat' dir='ltr'><strong>ab</strong></span> <span class='ocrx_word' id='word_1_35' title='bbox 756 694 879 748; x_wconf 90' lang='lat' dir='ltr'><strong>aliis</strong></span> <span class='ocrx_word' id='word_1_36' title='bbox 911 691 1167 749; x_wconf 86' lang='lat' dir='ltr'><strong>Patribus</strong></span> <span class='ocrx_word' id='word_1_37' title='bbox 1199 692 1462 756; x_wconf 73' lang='lat' dir='ltr'><strong>citentur,</strong></span> <span class='ocrx_word' id='word_1_38' title='bbox 1515 692 1665 747; x_wconf 85' lang='lat' dir='ltr'><strong>velut</strong></span> <span class='ocrx_word' id='word_1_39' title='bbox 1705 690 2022 761; x_wconf 83' lang='lat' dir='ltr'><strong>Hieronymi</strong></span> 
     </span>
    </p>
   </div>
   <div class='ocr_carea' id='block_1_6' title="bbox 454 781 2024 854">
    <p class='ocr_par' dir='ltr' id='par_1_6' title="bbox 454 781 2024 854">
     <span class='ocr_line' id='line_1_6' title="bbox 454 781 2024 854; baseline -0.005 -10"><span class='ocrx_word' id='word_1_40' title='bbox 454 791 633 845; x_wconf 86' lang='lat' dir='ltr'><strong>locum</strong></span> <span class='ocrx_word' id='word_1_41' title='bbox 664 788 718 842; x_wconf 93' lang='lat' dir='ltr'><strong>in</strong></span> <span class='ocrx_word' id='word_1_42' title='bbox 745 801 863 853; x_wconf 89' lang='lat' dir='ltr'><strong>cap.</strong></span> <span class='ocrx_word' id='word_1_43' title='bbox 919 800 957 841; x_wconf 82' lang='lat' dir='ltr'><strong>tt</strong></span> <span class='ocrx_word' id='word_1_44' title='bbox 1003 784 1068 840; x_wconf 84' lang='lat' dir='ltr'><strong>ad</strong></span> <span class='ocrx_word' id='word_1_45' title='bbox 1098 784 1362 854; x_wconf 85' lang='lat' dir='ltr'><strong>Ephesios</strong></span> <span class='ocrx_word' id='word_1_46' title='bbox 1396 803 1409 839; x_wconf 91' lang='lat'><strong>:</strong></span> <span class='ocrx_word' id='word_1_47' title='bbox 1443 782 1682 838; x_wconf 85' lang='lat' dir='ltr'><strong><em>Oceanus</em></strong></span> <span class='ocrx_word' id='word_1_48' title='bbox 1727 795 1777 838; x_wconf 90' lang='lat' dir='ltr'><strong>et</strong></span> <span class='ocrx_word' id='word_1_49' title='bbox 1838 781 2024 836; x_wconf 87' lang='lat' dir='ltr'><strong>mundi</strong></span> 
     </span>
    </p>
   </div>
   <div class='ocr_carea' id='block_1_7' title="bbox 452 875 2017 953">
    <p class='ocr_par' dir='ltr' id='par_1_7' title="bbox 452 875 2017 953">
     <span class='ocr_line' id='line_1_7' title="bbox 452 875 2017 953; baseline -0.004 -19"><span class='ocrx_word' id='word_1_50' title='bbox 452 883 541 953; x_wconf 85' lang='lat' dir='ltr'><strong>qui</strong></span> <span class='ocrx_word' id='word_1_51' title='bbox 595 890 744 934; x_wconf 89' lang='lat' dir='ltr'><strong>trans</strong></span> <span class='ocrx_word' id='word_1_52' title='bbox 794 880 965 947; x_wconf 85' lang='lat' dir='ltr'><strong>ipsum</strong></span> <span class='ocrx_word' id='word_1_53' title='bbox 1002 888 1156 941; x_wconf 88' lang='lat' dir='ltr'><strong>sunt;</strong></span> <span class='ocrx_word' id='word_1_54' title='bbox 1214 883 1268 932; x_wconf 87' lang='lat' dir='ltr'><strong>et</strong></span> <span class='ocrx_word' id='word_1_55' title='bbox 1318 876 1371 931; x_wconf 92' lang='lat' dir='ltr'><strong>in</strong></span> <span class='ocrx_word' id='word_1_56' title='bbox 1426 884 1682 947; x_wconf 90' lang='lat' dir='ltr'><strong>quartum</strong></span> <span class='ocrx_word' id='word_1_57' title='bbox 1731 875 2017 945; x_wconf 80' lang='lat' dir='ltr'><strong>ejusdem:</strong></span> 
     </span>
    </p>
   </div>
   <div class='ocr_carea' id='block_1_8' title="bbox 465 968 2019 1039">
    <p class='ocr_par' dir='ltr' id='par_1_8' title="bbox 465 968 2019 1039">
     <span class='ocr_line' id='line_1_8' title="bbox 465 968 2019 1039; baseline -0.006 -11"><span class='ocrx_word' id='word_1_58' title='bbox 465 972 741 1028; x_wconf 81' lang='lat' dir='ltr'><strong>Vinculum</strong></span> <span class='ocrx_word' id='word_1_59' title='bbox 771 971 1047 1024; x_wconf 87' lang='lat' dir='ltr'><strong>charitatis</strong></span> <span class='ocrx_word' id='word_1_60' title='bbox 1080 968 1177 1022; x_wconf 97' lang='lat' dir='ltr'><strong>Dei</strong></span> <span class='ocrx_word' id='word_1_61' title='bbox 1219 970 1334 1039; x_wconf 82' lang='lat' dir='ltr'><strong>quis</strong></span> <span class='ocrx_word' id='word_1_62' title='bbox 1362 978 1529 1037; x_wconf 86' lang='lat' dir='ltr'><strong>potest</strong></span> <span class='ocrx_word' id='word_1_63' title='bbox 1553 972 2019 1035; x_wconf 70' lang='lat' dir='ltr'><strong>enarrare?quasr</strong></span> 
     </span>
    </p>
   </div>
   <div class='ocr_carea' id='block_1_9' title="bbox 454 1056 2019 1133">
    <p class='ocr_par' dir='ltr' id='par_1_9' title="bbox 454 1056 2019 1133">
     <span class='ocr_line' id='line_1_9' title="bbox 454 1056 2019 1133; baseline -0.006 -11"><span class='ocrx_word' id='word_1_64' title='bbox 454 1083 564 1122; x_wconf 88' lang='lat' dir='ltr'><strong>non</strong></span> <span class='ocrx_word' id='word_1_65' title='bbox 607 1073 920 1133; x_wconf 88' lang='lat' dir='ltr'><strong>utrumque,</strong></span> <span class='ocrx_word' id='word_1_66' title='bbox 953 1063 1086 1117; x_wconf 91' lang='lat' dir='ltr'><strong>illud</strong></span> <span class='ocrx_word' id='word_1_67' title='bbox 1128 1056 1337 1118; x_wconf 72' lang='lat' dir='ltr'><strong>scilicet</strong></span> <span class='ocrx_word' id='word_1_68' title='bbox 1399 1077 1521 1131; x_wconf 91' lang='lat' dir='ltr'><strong>pag.</strong></span> <span class='ocrx_word' id='word_1_69' title='bbox 1554 1059 1625 1114; x_wconf 61' lang='lat' dir='ltr'><strong>Q9</strong></span> <span class='ocrx_word' id='word_1_70' title='bbox 1662 1059 1765 1116; x_wconf 87' lang='lat' dir='ltr'><strong>sub</strong></span> <span class='ocrx_word' id='word_1_71' title='bbox 1820 1058 1979 1114; x_wconf 84' lang='lat' dir='ltr'><strong>linem</strong></span> <span class='ocrx_word' id='word_1_72' title='bbox 2003 1099 2019 1124; x_wconf 95' lang='lat'><strong>,</strong></span> 
     </span>
    </p>
   </div>
   <div class='ocr_carea' id='block_1_10' title="bbox 456 1151 2025 1229">
    <p class='ocr_par' dir='ltr' id='par_1_10' title="bbox 456 1151 2025 1229">
     <span class='ocr_line' id='line_1_10' title="bbox 456 1151 2025 1229; baseline -0.005 -15"><span class='ocrx_word' id='word_1_73' title='bbox 456 1159 559 1214; x_wconf 90' lang='lat' dir='ltr'><strong>hoc</strong></span> <span class='ocrx_word' id='word_1_74' title='bbox 587 1174 709 1229; x_wconf 97' lang='lat' dir='ltr'><strong>pag.</strong></span> <span class='ocrx_word' id='word_1_75' title='bbox 742 1156 811 1210; x_wconf 79' lang='grc'><strong>65</strong></span> <span class='ocrx_word' id='word_1_76' title='bbox 853 1155 999 1209; x_wconf 89' lang='lat' dir='ltr'><strong>clare</strong></span> <span class='ocrx_word' id='word_1_77' title='bbox 1042 1154 1349 1209; x_wconf 79' lang='lat' dir='ltr'><strong>inveniatur</strong></span> <span class='ocrx_word' id='word_1_78' title='bbox 1372 1157 1657 1225; x_wconf 86' lang='lat' dir='ltr'><strong>scriptum.</strong></span> <span class='ocrx_word' id='word_1_79' title='bbox 1693 1151 1790 1207; x_wconf 79' lang='lat' dir='ltr'><strong>His</strong></span> <span class='ocrx_word' id='word_1_80' title='bbox 1823 1152 2025 1207; x_wconf 90' lang='lat' dir='ltr'><strong>subne-</strong></span> 
     </span>
    </p>
   </div>
   <div class='ocr_carea' id='block_1_11' title="bbox 453 1244 2021 1317">
    <p class='ocr_par' dir='ltr' id='par_1_11' title="bbox 453 1244 2021 1317">
     <span class='ocr_line' id='line_1_11' title="bbox 453 1244 2021 1317; baseline -0.005 -12"><span class='ocrx_word' id='word_1_81' title='bbox 453 1252 574 1315; x_wconf 89' lang='lat' dir='ltr'><strong>ctit,</strong></span> <span class='ocrx_word' id='word_1_82' title='bbox 610 1250 776 1305; x_wconf 89' lang='lat' dir='ltr'><strong>etiam</strong></span> <span class='ocrx_word' id='word_1_83' title='bbox 825 1248 1222 1303; x_wconf 86' lang='lat' dir='ltr'><strong>centuriatores</strong></span> <span class='ocrx_word' id='word_1_84' title='bbox 1251 1245 1522 1317; x_wconf 80' lang='lat' dir='ltr'><strong>Magdeb.,</strong></span> <span class='ocrx_word' id='word_1_85' title='bbox 1552 1252 1821 1308; x_wconf 74' lang='lat' dir='ltr'><strong>centum,</strong></span> <span class='ocrx_word' id='word_1_86' title='bbox 1843 1245 1938 1300; x_wconf 89' lang='lat' dir='ltr'><strong>lib.</strong></span> <span class='ocrx_word' id='word_1_87' title='bbox 1964 1244 2021 1308; x_wconf 69' lang='lat'><strong>2,</strong></span> 
     </span>
    </p>
   </div>
   <div class='ocr_carea' id='block_1_12' title="bbox 454 1337 2025 1412">
    <p class='ocr_par' dir='ltr' id='par_1_12' title="bbox 454 1337 2025 1412">
     <span class='ocr_line' id='line_1_12' title="bbox 454 1337 2025 1412; baseline -0.002 -14"><span class='ocrx_word' id='word_1_88' title='bbox 454 1361 509 1405; x_wconf 72' lang='grc' dir='ltr'><strong>ι,</strong></span> <span class='ocrx_word' id='word_1_89' title='bbox 545 1344 869 1397; x_wconf 82' lang='lat' dir='ltr'><strong>observasse</strong></span> <span class='ocrx_word' id='word_1_90' title='bbox 918 1339 1052 1394; x_wconf 91' lang='lat' dir='ltr'><strong>illud</strong></span> <span class='ocrx_word' id='word_1_91' title='bbox 1081 1337 1229 1410; x_wconf 88' lang='lat' dir='ltr'><strong>quod</strong></span> <span class='ocrx_word' id='word_1_92' title='bbox 1256 1338 1493 1394; x_wconf 83' lang='lat' dir='ltr'><strong>Basilius</strong></span> <span class='ocrx_word' id='word_1_93' title='bbox 1518 1337 1748 1412; x_wconf 81' lang='lat' dir='ltr'><strong>Magnus</strong></span> <span class='ocrx_word' id='word_1_94' title='bbox 1798 1352 1921 1406; x_wconf 92' lang='lat' dir='ltr'><strong>cap.</strong></span> <span class='ocrx_word' id='word_1_95' title='bbox 1954 1337 2025 1395; x_wconf 66' lang='grc' dir='ltr'><strong>ἓξ)</strong></span> 
     </span>
    </p>
   </div>
   <div class='ocr_carea' id='block_1_13' title="bbox 455 1428 2025 1501">
    <p class='ocr_par' dir='ltr' id='par_1_13' title="bbox 455 1428 2025 1501">
     <span class='ocr_line' id='line_1_13' title="bbox 455 1428 2025 1501; baseline -0.001 -14"><span class='ocrx_word' id='word_1_96' title='bbox 455 1434 582 1488; x_wconf 87' lang='lat' dir='ltr'><strong>libri</strong></span> <span class='ocrx_word' id='word_1_97' title='bbox 614 1433 691 1486; x_wconf 89' lang='lat' dir='ltr'><strong>De</strong></span> <span class='ocrx_word' id='word_1_98' title='bbox 718 1432 924 1501; x_wconf 77' lang='lat' dir='ltr'><strong>Spiritu</strong></span> <span class='ocrx_word' id='word_1_99' title='bbox 954 1431 1013 1487; x_wconf 91' lang='lat' dir='ltr'><strong>S.</strong></span> <span class='ocrx_word' id='word_1_100' title='bbox 1050 1447 1117 1485; x_wconf 75' lang='lat' dir='ltr'><strong>ex</strong></span> <span class='ocrx_word' id='word_1_101' title='bbox 1161 1430 1264 1485; x_wconf 90' lang='lat' dir='ltr'><strong>hoc</strong></span> <span class='ocrx_word' id='word_1_102' title='bbox 1308 1428 1589 1485; x_wconf 88' lang='lat' dir='ltr'><strong>Clemente</strong></span> <span class='ocrx_word' id='word_1_103' title='bbox 1638 1431 1769 1485; x_wconf 86' lang='lat' dir='ltr'><strong>citat</strong></span> <span class='ocrx_word' id='word_1_104' title='bbox 1813 1430 1868 1484; x_wconf 90' lang='lat' dir='ltr'><strong>in</strong></span> <span class='ocrx_word' id='word_1_105' title='bbox 1910 1429 2025 1485; x_wconf 74' lang='lat' dir='ltr'><strong>haec</strong></span> 
     </span>
    </p>
   </div>
   <div class='ocr_carea' id='block_1_14' title="bbox 454 1520 2029 1593">
    <p class='ocr_par' dir='ltr' id='par_1_14' title="bbox 454 1520 2029 1593">
     <span class='ocr_line' id='line_1_14' title="bbox 454 1520 2029 1593; baseline -0.001 -15"><span class='ocrx_word' id='word_1_106' title='bbox 454 1526 620 1580; x_wconf 74' lang='lat' dir='ltr'><strong>verba</strong></span> <span class='ocrx_word' id='word_1_107' title='bbox 669 1525 973 1593; x_wconf 81' lang='lat' dir='ltr'><strong>scriptum:</strong></span> <span class='ocrx_word' id='word_1_108' title='bbox 1004 1522 1107 1578; x_wconf 85' lang='lat' dir='ltr'><strong>Sed</strong></span> <span class='ocrx_word' id='word_1_109' title='bbox 1141 1532 1190 1579; x_wconf 93' lang='lat' dir='ltr'><strong>et</strong></span> <span class='ocrx_word' id='word_1_110' title='bbox 1244 1521 1481 1577; x_wconf 92' lang='lat' dir='ltr'><strong>Clemens</strong></span> <span class='ocrx_word' id='word_1_111' title='bbox 1513 1520 1782 1579; x_wconf 84' lang='lat' dir='ltr'><strong>Romanus</strong></span> <span class='ocrx_word' id='word_1_112' title='bbox 1814 1538 1833 1577; x_wconf 91' lang='lat'><strong><em>:</em></strong></span> <span class='ocrx_word' id='word_1_113' title='bbox 1869 1540 1887 1574; x_wconf 72' lang='grc' dir='ltr'>ί</span> <span class='ocrx_word' id='word_1_114' title='bbox 1926 1521 2029 1576; x_wconf 69' lang='lat' dir='ltr'><strong>Ve-‘</strong></span> 
     </span>
    </p>
   </div>
   <div class='ocr_carea' id='block_1_15' title="bbox 456 1609 2023 1682">
    <p class='ocr_par' dir='ltr' id='par_1_15' title="bbox 456 1609 2023 1682">
     <span class='ocr_line' id='line_1_15' title="bbox 456 1609 2023 1682; baseline 0.001 -17"><span class='ocrx_word' id='word_1_115' title='bbox 456 1616 554 1679; x_wconf 84' lang='lat' dir='ltr'><strong>nit,</strong></span> <span class='ocrx_word' id='word_1_116' title='bbox 579 1612 768 1682; x_wconf 81' lang='lat' dir='ltr'><strong>inquit,</strong></span> <span class='ocrx_word' id='word_1_117' title='bbox 803 1611 939 1665; x_wconf 89' lang='lat' dir='ltr'><strong>Deus</strong></span> <span class='ocrx_word' id='word_1_118' title='bbox 968 1610 1233 1665; x_wconf 81' lang='lat' dir='ltr'><strong>Dominus</strong></span> <span class='ocrx_word' id='word_1_119' title='bbox 1261 1609 1419 1666; x_wconf 82' lang='lat' dir='ltr'><strong>Jesus</strong></span> <span class='ocrx_word' id='word_1_120' title='bbox 1447 1609 1689 1667; x_wconf 89' lang='lat' dir='ltr'><strong>Christus</strong></span> <span class='ocrx_word' id='word_1_121' title='bbox 1714 1621 1762 1666; x_wconf 88' lang='lat' dir='ltr'><strong>et</strong></span> <span class='ocrx_word' id='word_1_122' title='bbox 1791 1610 2023 1670; x_wconf 68' lang='lat' dir='ltr'><strong>Spiritus</strong></span> 
     </span>
    </p>
   </div>
   <div class='ocr_carea' id='block_1_16' title="bbox 454 1702 2028 1775">
    <p class='ocr_par' dir='ltr' id='par_1_16' title="bbox 454 1702 2028 1775">
     <span class='ocr_line' id='line_1_16' title="bbox 454 1702 2028 1775; baseline 0 -17"><span class='ocrx_word' id='word_1_123' title='bbox 454 1712 693 1769; x_wconf 75' lang='lat' dir='ltr'><strong>sanctus,</strong></span> <span class='ocrx_word' id='word_1_124' title='bbox 736 1724 754 1755; x_wconf 73' lang='grc' dir='ltr'><strong><em>ι</em></strong></span> <span class='ocrx_word' id='word_1_125' title='bbox 789 1703 843 1756; x_wconf 92' lang='lat' dir='ltr'><strong>in</strong></span> <span class='ocrx_word' id='word_1_126' title='bbox 873 1718 936 1757; x_wconf 90' lang='lat' dir='ltr'><strong>ea</strong></span> <span class='ocrx_word' id='word_1_127' title='bbox 968 1718 1090 1773; x_wconf 84' lang='lat' dir='ltr'><strong>quae</strong></span> <span class='ocrx_word' id='word_1_128' title='bbox 1121 1714 1235 1758; x_wconf 91' lang='lat' dir='ltr'><strong>tum</strong></span> <span class='ocrx_word' id='word_1_129' title='bbox 1261 1703 1512 1758; x_wconf 82' lang='lat' dir='ltr'><strong>exstabat</strong></span> <span class='ocrx_word' id='word_1_130' title='bbox 1536 1702 1775 1758; x_wconf 88' lang='lat' dir='ltr'><strong>editione</strong></span> <span class='ocrx_word' id='word_1_131' title='bbox 1794 1718 1903 1758; x_wconf 91' lang='lat' dir='ltr'><strong>non</strong></span> <span class='ocrx_word' id='word_1_132' title='bbox 1929 1718 2028 1775; x_wconf 85' lang='lat' dir='ltr'><strong>po-</strong></span> 
     </span>
    </p>
   </div>
   <div class='ocr_carea' id='block_1_17' title="bbox 453 1794 2022 1865">
    <p class='ocr_par' dir='ltr' id='par_1_17' title="bbox 453 1794 2022 1865">
     <span class='ocr_line' id='line_1_17' title="bbox 453 1794 2022 1865; baseline -0.001 -17"><span class='ocrx_word' id='word_1_133' title='bbox 453 1794 629 1850; x_wconf 80' lang='lat' dir='ltr'><strong>tuisse</strong></span> <span class='ocrx_word' id='word_1_134' title='bbox 678 1794 928 1865; x_wconf 82' lang='lat' dir='ltr'><strong>reperiri.</strong></span> <span class='ocrx_word' id='word_1_135' title='bbox 971 1794 1183 1848; x_wconf 88' lang='lat' dir='ltr'><strong>Mallem</strong></span> <span class='ocrx_word' id='word_1_136' title='bbox 1239 1809 1371 1850; x_wconf 85' lang='lat' dir='ltr'><strong>vero</strong></span> <span class='ocrx_word' id='word_1_137' title='bbox 1410 1794 1723 1850; x_wconf 83' lang='lat' dir='ltr'><strong>ostenderet</strong></span> <span class='ocrx_word' id='word_1_138' title='bbox 1763 1794 2022 1865; x_wconf 85' lang='lat' dir='ltr'><strong>aliquam,</strong></span> 
     </span>
    </p>
   </div>
   <div class='ocr_carea' id='block_1_18' title="bbox 2120 593 3697 666">
    <p class='ocr_par' dir='ltr' id='par_1_18' title="bbox 2120 593 3697 666">
     <span class='ocr_line' id='line_1_18' title="bbox 2120 593 3697 666; baseline 0.002 -18"><span class='ocrx_word' id='word_1_139' title='bbox 2120 595 2229 666; x_wconf 87' lang='lat' dir='ltr'><strong>jam</strong></span> <span class='ocrx_word' id='word_1_140' title='bbox 2257 604 2381 651; x_wconf 90' lang='lat' dir='ltr'><strong>ante</strong></span> <span class='ocrx_word' id='word_1_141' title='bbox 2424 605 2558 650; x_wconf 60' lang='lat' dir='ltr'><strong>satae</strong></span> <span class='ocrx_word' id='word_1_142' title='bbox 2595 593 2766 665; x_wconf 80' lang='lat' dir='ltr'><strong>frugis</strong></span> <span class='ocrx_word' id='word_1_143' title='bbox 2794 605 3117 665; x_wconf 87' lang='lat' dir='ltr'><strong>argumento</strong></span> <span class='ocrx_word' id='word_1_144' title='bbox 3149 597 3607 651; x_wconf 85' lang='lat' dir='ltr'><strong>resurrectionem</strong></span> <span class='ocrx_word' id='word_1_145' title='bbox 3642 599 3697 651; x_wconf 90' lang='lat' dir='ltr'><strong>in</strong></span> 
     </span>
    </p>
   </div>
   <div class='ocr_carea' id='block_1_19' title="bbox 2120 682 3699 754">
    <p class='ocr_par' dir='ltr' id='par_1_19' title="bbox 2120 682 3699 754">
     <span class='ocr_line' id='line_1_19' title="bbox 2120 682 3699 754; baseline 0.002 -18"><span class='ocrx_word' id='word_1_146' title='bbox 2120 684 2302 754; x_wconf 87' lang='lat' dir='ltr'><strong>priore</strong></span> <span class='ocrx_word' id='word_1_147' title='bbox 2345 698 2443 737; x_wconf 90' lang='lat' dir='ltr'><strong>sua</strong></span> <span class='ocrx_word' id='word_1_148' title='bbox 2475 682 2542 736; x_wconf 88' lang='lat' dir='ltr'><strong>ad</strong></span> <span class='ocrx_word' id='word_1_149' title='bbox 2582 682 2897 738; x_wconf 89' lang='lat' dir='ltr'><strong>Corinthios</strong></span> <span class='ocrx_word' id='word_1_150' title='bbox 2928 682 3192 753; x_wconf 87' lang='lat' dir='ltr'><strong>Epistola,</strong></span> <span class='ocrx_word' id='word_1_151' title='bbox 3234 699 3357 754; x_wconf 90' lang='lat' dir='ltr'><strong>cap.</strong></span> <span class='ocrx_word' id='word_1_152' title='bbox 3394 700 3484 747; x_wconf 82' lang='lat' dir='ltr'><strong>xv,</strong></span> <span class='ocrx_word' id='word_1_153' title='bbox 3515 686 3699 739; x_wconf 85' lang='lat' dir='ltr'><strong>evice-</strong></span> 
     </span>
    </p>
   </div>
   <div class='ocr_carea' id='block_1_20' title="bbox 2123 773 3702 845">
    <p class='ocr_par' dir='ltr' id='par_1_20' title="bbox 2123 773 3702 845">
     <span class='ocr_line' id='line_1_20' title="bbox 2123 773 3702 845; baseline 0 -15"><span class='ocrx_word' id='word_1_154' title='bbox 2123 782 2226 843; x_wconf 76' lang='lat' dir='ltr'><strong>rat,</strong></span> <span class='ocrx_word' id='word_1_155' title='bbox 2258 783 2599 845; x_wconf 86' lang='lat' dir='ltr'><strong>utunturque</strong></span> <span class='ocrx_word' id='word_1_156' title='bbox 2643 775 2831 829; x_wconf 88' lang='lat' dir='ltr'><strong>eadem</strong></span> <span class='ocrx_word' id='word_1_157' title='bbox 2882 773 3150 845; x_wconf 87' lang='lat' dir='ltr'><strong>probandi</strong></span> <span class='ocrx_word' id='word_1_158' title='bbox 3177 777 3391 830; x_wconf 84' lang='lat' dir='ltr'><strong>ratione</strong></span> <span class='ocrx_word' id='word_1_159' title='bbox 3423 784 3502 829; x_wconf 85' lang='lat' dir='ltr'><strong>tot</strong></span> <span class='ocrx_word' id='word_1_160' title='bbox 3539 777 3702 832; x_wconf 72' lang='lat' dir='ltr'><strong>dein-</strong></span> 
     </span>
    </p>
   </div>
   <div class='ocr_carea' id='block_1_21' title="bbox 2122 864 3700 937">
    <p class='ocr_par' dir='ltr' id='par_1_21' title="bbox 2122 864 3700 937">
     <span class='ocr_line' id='line_1_21' title="bbox 2122 864 3700 937; baseline 0.001 -16"><span class='ocrx_word' id='word_1_161' title='bbox 2122 882 2251 937; x_wconf 87' lang='lat' dir='ltr'><strong>ceps</strong></span> <span class='ocrx_word' id='word_1_162' title='bbox 2277 866 2627 937; x_wconf 82' lang='lat' dir='ltr'><strong>sequentium</strong></span> <span class='ocrx_word' id='word_1_163' title='bbox 2678 866 3005 920; x_wconf 57' lang='lat' dir='ltr'><strong>saeculorum</strong></span> <span class='ocrx_word' id='word_1_164' title='bbox 3056 864 3269 920; x_wconf 84' lang='lat' dir='ltr'><strong>Patres.</strong></span> <span class='ocrx_word' id='word_1_165' title='bbox 3317 865 3454 921; x_wconf 91' lang='lat' dir='ltr'><strong>Cum</strong></span> <span class='ocrx_word' id='word_1_166' title='bbox 3505 869 3700 937; x_wconf 85' lang='lat' dir='ltr'><strong>primis</strong></span> 
     </span>
    </p>
   </div>
   <div class='ocr_carea' id='block_1_22' title="bbox 2121 959 3699 1032">
    <p class='ocr_par' dir='ltr' id='par_1_22' title="bbox 2121 959 3699 1032">
     <span class='ocr_line' id='line_1_22' title="bbox 2121 959 3699 1032; baseline 0.003 -20"><span class='ocrx_word' id='word_1_167' title='bbox 2121 960 2215 1013; x_wconf 85' lang='lat' dir='ltr'><strong>illa</strong></span> <span class='ocrx_word' id='word_1_168' title='bbox 2281 966 2497 1013; x_wconf 65' lang='lat' dir='ltr'><strong>natura:</strong></span> <span class='ocrx_word' id='word_1_169' title='bbox 2550 959 2877 1015; x_wconf 88' lang='lat' dir='ltr'><strong>dormientis</strong></span> <span class='ocrx_word' id='word_1_170' title='bbox 2930 969 3001 1029; x_wconf 86' lang='lat' dir='ltr'><strong>et</strong></span> <span class='ocrx_word' id='word_1_171' title='bbox 3062 960 3401 1032; x_wconf 79' lang='lat' dir='ltr'><strong>resurgentis</strong></span> <span class='ocrx_word' id='word_1_172' title='bbox 3448 961 3699 1032; x_wconf 83' lang='lat' dir='ltr'><strong>exempla</strong></span> 
     </span>
    </p>
   </div>
   <div class='ocr_carea' id='block_1_23' title="bbox 2133 1049 3695 1124">
    <p class='ocr_par' dir='ltr' id='par_1_23' title="bbox 2133 1049 3695 1124">
     <span class='ocr_line' id='line_1_23' title="bbox 2133 1049 3695 1124; baseline 0.002 -17"><span class='ocrx_word' id='word_1_173' title='bbox 2133 1049 2445 1122; x_wconf 74' lang='lat' dir='ltr'><strong>Septimiani</strong></span> <span class='ocrx_word' id='word_1_174' title='bbox 2478 1052 2603 1124; x_wconf 90' lang='lat' dir='ltr'><strong>styli</strong></span> <span class='ocrx_word' id='word_1_175' title='bbox 2631 1051 2913 1124; x_wconf 81' lang='lat' dir='ltr'><strong>diligentia</strong></span> <span class='ocrx_word' id='word_1_176' title='bbox 2944 1054 3223 1124; x_wconf 78' lang='lat' dir='ltr'><strong>ingeniose</strong></span> <span class='ocrx_word' id='word_1_177' title='bbox 3267 1054 3558 1110; x_wconf 88' lang='lat' dir='ltr'><strong>admodum</strong></span> <span class='ocrx_word' id='word_1_178' title='bbox 3601 1071 3695 1110; x_wconf 90' lang='lat' dir='ltr'><strong>au-</strong></span> 
     </span>
    </p>
   </div>
   <div class='ocr_carea' id='block_1_24' title="bbox 2123 1144 3700 1216">
    <p class='ocr_par' dir='ltr' id='par_1_24' title="bbox 2123 1144 3700 1216">
     <span class='ocr_line' id='line_1_24' title="bbox 2123 1144 3700 1216; baseline 0.004 -18"><span class='ocrx_word' id='word_1_179' title='bbox 2123 1153 2212 1216; x_wconf 85' lang='lat' dir='ltr'><strong>get</strong></span> <span class='ocrx_word' id='word_1_180' title='bbox 2235 1152 2289 1199; x_wconf 89' lang='lat' dir='ltr'><strong>et</strong></span> <span class='ocrx_word' id='word_1_181' title='bbox 2322 1145 2584 1208; x_wconf 88' lang='lat' dir='ltr'><strong>illustrat,</strong></span> <span class='ocrx_word' id='word_1_182' title='bbox 2621 1145 2782 1215; x_wconf 82' lang='lat' dir='ltr'><strong>plane</strong></span> <span class='ocrx_word' id='word_1_183' title='bbox 2818 1161 2882 1200; x_wconf 88' lang='lat' dir='ltr'><strong>ac</strong></span> <span class='ocrx_word' id='word_1_184' title='bbox 2914 1144 2960 1200; x_wconf 92' lang='lat' dir='ltr'><strong>si</strong></span> <span class='ocrx_word' id='word_1_185' title='bbox 2988 1145 3133 1201; x_wconf 89' lang='lat' dir='ltr'><strong>hunc</strong></span> <span class='ocrx_word' id='word_1_186' title='bbox 3176 1145 3353 1216; x_wconf 91' lang='lat' dir='ltr'><strong>ipsum</strong></span> <span class='ocrx_word' id='word_1_187' title='bbox 3402 1145 3700 1204; x_wconf 85' lang='lat' dir='ltr'><strong>Clementis</strong></span> 
     </span>
    </p>
   </div>
   <div class='ocr_carea' id='block_1_25' title="bbox 2125 1237 3694 1309">
    <p class='ocr_par' dir='ltr' id='par_1_25' title="bbox 2125 1237 3694 1309">
     <span class='ocr_line' id='line_1_25' title="bbox 2125 1237 3694 1309; baseline 0.003 -17"><span class='ocrx_word' id='word_1_188' title='bbox 2125 1238 2302 1293; x_wconf 89' lang='lat' dir='ltr'><strong>locum</strong></span> <span class='ocrx_word' id='word_1_189' title='bbox 2352 1237 2419 1292; x_wconf 92' lang='lat' dir='ltr'><strong>de</strong></span> <span class='ocrx_word' id='word_1_190' title='bbox 2453 1237 2723 1292; x_wconf 89' lang='lat' dir='ltr'><strong>industria</strong></span> <span class='ocrx_word' id='word_1_191' title='bbox 2774 1238 2877 1293; x_wconf 89' lang='lat' dir='ltr'><strong>sibi</strong></span> <span class='ocrx_word' id='word_1_192' title='bbox 2922 1238 3250 1309; x_wconf 86' lang='lat' dir='ltr'><strong>sumpsisset</strong></span> <span class='ocrx_word' id='word_1_193' title='bbox 3295 1240 3694 1298; x_wconf 79' lang='lat' dir='ltr'><strong>exornandum.</strong></span> 
     </span>
    </p>
   </div>
   <div class='ocr_carea' id='block_1_26' title="bbox 2124 1331 3700 1404">
    <p class='ocr_par' dir='ltr' id='par_1_26' title="bbox 2124 1331 3700 1404">
     <span class='ocr_line' id='line_1_26' title="bbox 2124 1331 3700 1404; baseline 0.001 -17"><span class='ocrx_word' id='word_1_194' title='bbox 2124 1334 2331 1402; x_wconf 87' lang='lat' dir='ltr'><strong>Aspice,</strong></span> <span class='ocrx_word' id='word_1_195' title='bbox 2363 1331 2659 1402; x_wconf 43' lang='lat' dir='ltr'><strong>inquit,,ad</strong></span> <span class='ocrx_word' id='word_1_196' title='bbox 2684 1332 2797 1400; x_wconf 89' lang='lat' dir='ltr'><strong>ipsa</strong></span> <span class='ocrx_word' id='word_1_197' title='bbox 2826 1349 3027 1403; x_wconf 84' lang='lat' dir='ltr'><strong>quoque</strong></span> <span class='ocrx_word' id='word_1_198' title='bbox 3078 1332 3315 1402; x_wconf 73' lang='lat' dir='ltr'><strong>exempla</strong></span> <span class='ocrx_word' id='word_1_199' title='bbox 3341 1333 3530 1388; x_wconf 80' lang='lat' dir='ltr'><strong>divina:</strong></span> <span class='ocrx_word' id='word_1_200' title='bbox 3555 1345 3700 1404; x_wconf 81' lang='lat' dir='ltr'><strong>pote-</strong></span> 
     </span>
    </p>
   </div>
   <div class='ocr_carea' id='block_1_27' title="bbox 2124 1422 3702 1497">
    <p class='ocr_par' dir='ltr' id='par_1_27' title="bbox 2124 1422 3702 1497">
     <span class='ocr_line' id='line_1_27' title="bbox 2124 1422 3702 1497; baseline 0.002 -19"><span class='ocrx_word' id='word_1_201' title='bbox 2124 1426 2301 1478; x_wconf 83' lang='lat' dir='ltr'><strong>statis.</strong></span> <span class='ocrx_word' id='word_1_202' title='bbox 2333 1422 2456 1478; x_wconf 89' lang='lat' dir='ltr'><strong>Dies</strong></span> <span class='ocrx_word' id='word_1_203' title='bbox 2490 1424 2713 1477; x_wconf 88' lang='lat' dir='ltr'><strong>moritur</strong></span> <span class='ocrx_word' id='word_1_204' title='bbox 2741 1424 2795 1479; x_wconf 92' lang='lat' dir='ltr'><strong>in</strong></span> <span class='ocrx_word' id='word_1_205' title='bbox 2823 1434 3046 1487; x_wconf 88' lang='lat' dir='ltr'><strong>noctem,</strong></span> <span class='ocrx_word' id='word_1_206' title='bbox 3078 1435 3126 1478; x_wconf 90' lang='lat' dir='ltr'><strong>et</strong></span> <span class='ocrx_word' id='word_1_207' title='bbox 3154 1424 3374 1481; x_wconf 84' lang='lat' dir='ltr'><strong>tenebris</strong></span> <span class='ocrx_word' id='word_1_208' title='bbox 3404 1442 3702 1497; x_wconf 88' lang='lat' dir='ltr'><strong>usquequa--</strong></span> 
     </span>
    </p>
   </div>
   <div class='ocr_carea' id='block_1_28' title="bbox 2123 1514 3702 1587">
    <p class='ocr_par' dir='ltr' id='par_1_28' title="bbox 2123 1514 3702 1587">
     <span class='ocr_line' id='line_1_28' title="bbox 2123 1514 3702 1587; baseline -0.003 -14"><span class='ocrx_word' id='word_1_209' title='bbox 2123 1535 2219 1587; x_wconf 85' lang='lat' dir='ltr'><strong>que</strong></span> <span class='ocrx_word' id='word_1_210' title='bbox 2234 1517 2499 1585; x_wconf 79' lang='lat' dir='ltr'><strong>sepelitur.</strong></span> <span class='ocrx_word' id='word_1_211' title='bbox 2521 1514 2846 1570; x_wconf 83' lang='lat' dir='ltr'><strong>Funestatur</strong></span> <span class='ocrx_word' id='word_1_212' title='bbox 2863 1518 3044 1571; x_wconf 89' lang='lat' dir='ltr'><strong>mundi</strong></span> <span class='ocrx_word' id='word_1_213' title='bbox 3059 1524 3247 1580; x_wconf 82' lang='lat' dir='ltr'><strong>honor,</strong></span> <span class='ocrx_word' id='word_1_214' title='bbox 3267 1518 3436 1571; x_wconf 88' lang='lat' dir='ltr'><strong>omnis</strong></span> <span class='ocrx_word' id='word_1_215' title='bbox 3452 1517 3702 1572; x_wconf 54' lang='lat' dir='ltr'><strong>substan.</strong></span> 
     </span>
    </p>
   </div>
   <div class='ocr_carea' id='block_1_29' title="bbox 2126 1606 3701 1679">
    <p class='ocr_par' dir='ltr' id='par_1_29' title="bbox 2126 1606 3701 1679">
     <span class='ocr_line' id='line_1_29' title="bbox 2126 1606 3701 1679; baseline 0.003 -16"><span class='ocrx_word' id='word_1_216' title='bbox 2126 1611 2202 1663; x_wconf 90' lang='lat' dir='ltr'><strong>tia</strong></span> <span class='ocrx_word' id='word_1_217' title='bbox 2226 1610 2555 1679; x_wconf 85' lang='lat' dir='ltr'><strong>denigratur.</strong></span> <span class='ocrx_word' id='word_1_218' title='bbox 2585 1606 2832 1674; x_wconf 87' lang='lat' dir='ltr'><strong>Sordent,</strong></span> <span class='ocrx_word' id='word_1_219' title='bbox 2860 1611 3043 1677; x_wconf 91' lang='lat' dir='ltr'><strong>silent,</strong></span> <span class='ocrx_word' id='word_1_220' title='bbox 3074 1620 3283 1679; x_wconf 82' lang='lat' dir='ltr'><strong>stupent</strong></span> <span class='ocrx_word' id='word_1_221' title='bbox 3323 1622 3516 1667; x_wconf 86' lang='lat' dir='ltr'><strong>cuncta</strong></span> <span class='ocrx_word' id='word_1_222' title='bbox 3540 1628 3559 1666; x_wconf 92' lang='lat'><strong><em>:</em></strong></span> <span class='ocrx_word' id='word_1_223' title='bbox 3581 1613 3701 1667; x_wconf 84' lang='lat' dir='ltr'><strong>ubi-</strong></span> 
     </span>
    </p>
   </div>
   <div class='ocr_carea' id='block_1_30' title="bbox 2125 1698 3701 1770">
    <p class='ocr_par' dir='ltr' id='par_1_30' title="bbox 2125 1698 3701 1770">
     <span class='ocr_line' id='line_1_30' title="bbox 2125 1698 3701 1770; baseline 0.002 -17"><span class='ocrx_word' id='word_1_224' title='bbox 2125 1715 2223 1770; x_wconf 84' lang='lat' dir='ltr'><strong>que</strong></span> <span class='ocrx_word' id='word_1_225' title='bbox 2240 1700 2513 1766; x_wconf 75' lang='lat' dir='ltr'><strong>justitiam</strong></span> <span class='ocrx_word' id='word_1_226' title='bbox 2544 1707 2642 1756; x_wconf 87' lang='lat' dir='ltr'><strong>est.</strong></span> <span class='ocrx_word' id='word_1_227' title='bbox 2676 1698 2765 1753; x_wconf 84' lang='lat' dir='ltr'><strong>Ita</strong></span> <span class='ocrx_word' id='word_1_228' title='bbox 2808 1699 2901 1752; x_wconf 72' lang='lat' dir='ltr'><strong>lux</strong></span> <span class='ocrx_word' id='word_1_229' title='bbox 2945 1700 3148 1754; x_wconf 88' lang='lat' dir='ltr'><strong>amissa</strong></span> <span class='ocrx_word' id='word_1_230' title='bbox 3178 1700 3405 1770; x_wconf 85' lang='lat' dir='ltr'><strong>lugetur,</strong></span> <span class='ocrx_word' id='word_1_231' title='bbox 3436 1712 3486 1757; x_wconf 85' lang='lat' dir='ltr'><strong>et</strong></span> <span class='ocrx_word' id='word_1_232' title='bbox 3525 1712 3701 1757; x_wconf 77' lang='lat' dir='ltr'><strong>tamen</strong></span> 
     </span>
    </p>
   </div>
   <div class='ocr_carea' id='block_1_31' title="bbox 2126 1792 3702 1859">
    <p class='ocr_par' dir='ltr' id='par_1_31' title="bbox 2126 1792 3702 1859">
     <span class='ocr_line' id='line_1_31' title="bbox 2126 1792 3702 1859; baseline 0.004 -13"><span class='ocrx_word' id='word_1_233' title='bbox 2126 1808 2311 1846; x_wconf 82' lang='lat' dir='ltr'><strong>rursus</strong></span> <span class='ocrx_word' id='word_1_234' title='bbox 2342 1808 2462 1845; x_wconf 89' lang='lat' dir='ltr'><strong>cum</strong></span> <span class='ocrx_word' id='word_1_235' title='bbox 2495 1809 2590 1845; x_wconf 90' lang='lat' dir='ltr'><strong>suo</strong></span> <span class='ocrx_word' id='word_1_236' title='bbox 2617 1793 2785 1856; x_wconf 90' lang='lat' dir='ltr'><strong>cultu,</strong></span> <span class='ocrx_word' id='word_1_237' title='bbox 2812 1809 2929 1846; x_wconf 90' lang='lat' dir='ltr'><strong>cum</strong></span> <span class='ocrx_word' id='word_1_238' title='bbox 2964 1792 3108 1857; x_wconf 88' lang='lat' dir='ltr'><strong>dote,</strong></span> <span class='ocrx_word' id='word_1_239' title='bbox 3132 1809 3252 1847; x_wconf 91' lang='lat' dir='ltr'><strong>cum</strong></span> <span class='ocrx_word' id='word_1_240' title='bbox 3288 1794 3418 1859; x_wconf 87' lang='lat' dir='ltr'><strong>sole,</strong></span> <span class='ocrx_word' id='word_1_241' title='bbox 3442 1795 3622 1850; x_wconf 88' lang='lat' dir='ltr'><strong>eadem</strong></span> <span class='ocrx_word' id='word_1_242' title='bbox 3650 1805 3702 1853; x_wconf 84' lang='lat' dir='ltr'><strong>et</strong></span> 
     </span>
    </p>
   </div>
   <div class='ocr_carea' id='block_1_32' title="bbox 457 1861 3700 1956">
    <p class='ocr_par' dir='ltr' id='par_1_32' title="bbox 457 1861 3700 1956">
     <span class='ocr_line' id='line_1_32' title="bbox 457 1861 3700 1956; baseline 0.001 -18"><span class='ocrx_word' id='word_1_243' title='bbox 457 1901 577 1956; x_wconf 66' lang='lat' dir='ltr'><strong>quae</strong></span> <span class='ocrx_word' id='word_1_244' title='bbox 608 1892 721 1938; x_wconf 88' lang='lat' dir='ltr'><strong>tum</strong></span> <span class='ocrx_word' id='word_1_245' title='bbox 742 1861 1047 1951; x_wconf 74' lang='lat' dir='ltr'><strong>exstiterit,</strong></span> <span class='ocrx_word' id='word_1_246' title='bbox 1084 1884 1249 1953; x_wconf 87' lang='lat' dir='ltr'><strong>hujus</strong></span> <span class='ocrx_word' id='word_1_247' title='bbox 1278 1886 1525 1955; x_wconf 76' lang='lat' dir='ltr'><strong>epistolae</strong></span> <span class='ocrx_word' id='word_1_248' title='bbox 1554 1861 1873 1940; x_wconf 46' lang='lat' dir='ltr'><strong>editionem:</strong></span> <span class='ocrx_word' id='word_1_249' title='bbox 1917 1885 2026 1956; x_wconf 86' lang='lat' dir='ltr'><strong>Ipsi</strong></span> <span class='ocrx_word' id='word_1_250' title='bbox 2056 1861 2099 1921; x_wconf 72' lang='grc' dir='ltr'><strong>Β</strong></span> <span class='ocrx_word' id='word_1_251' title='bbox 2127 1885 2332 1954; x_wconf 88' lang='lat' dir='ltr'><strong>integra</strong></span> <span class='ocrx_word' id='word_1_252' title='bbox 2359 1890 2409 1938; x_wconf 87' lang='lat' dir='ltr'><strong>et</strong></span> <span class='ocrx_word' id='word_1_253' title='bbox 2441 1891 2555 1937; x_wconf 89' lang='lat' dir='ltr'><strong>tota</strong></span> <span class='ocrx_word' id='word_1_254' title='bbox 2584 1884 2826 1937; x_wconf 88' lang='lat' dir='ltr'><strong>universo</strong></span> <span class='ocrx_word' id='word_1_255' title='bbox 2874 1884 2988 1941; x_wconf 89' lang='lat' dir='ltr'><strong>orbi</strong></span> <span class='ocrx_word' id='word_1_256' title='bbox 3029 1885 3326 1950; x_wconf 76' lang='lat' dir='ltr'><strong>reviviscit;</strong></span> <span class='ocrx_word' id='word_1_257' title='bbox 3378 1886 3700 1956; x_wconf 83' lang='lat' dir='ltr'><strong>interﬁciens</strong></span> 
     </span>
    </p>
   </div>
   <div class='ocr_carea' id='block_1_33' title="bbox 456 1976 2028 2048">
    <p class='ocr_par' dir='ltr' id='par_1_33' title="bbox 456 1976 2028 2048">
     <span class='ocr_line' id='line_1_33' title="bbox 456 1976 2028 2048; baseline 0.001 -17"><span class='ocrx_word' id='word_1_258' title='bbox 456 1978 856 2033; x_wconf 85' lang='lat' dir='ltr'><strong>eenturiatores</strong></span> <span class='ocrx_word' id='word_1_259' title='bbox 887 1978 1051 2048; x_wconf 88' lang='lat' dir='ltr'><strong>paulo</strong></span> <span class='ocrx_word' id='word_1_260' title='bbox 1090 1986 1216 2032; x_wconf 89' lang='lat' dir='ltr'><strong>ante</strong></span> <span class='ocrx_word' id='word_1_261' title='bbox 1245 1977 1435 2033; x_wconf 89' lang='lat' dir='ltr'><strong>eodem</strong></span> <span class='ocrx_word' id='word_1_262' title='bbox 1470 1977 1564 2033; x_wconf 92' lang='lat' dir='ltr'><strong>illo</strong></span> <span class='ocrx_word' id='word_1_263' title='bbox 1592 1978 1772 2047; x_wconf 84' lang='lat' dir='ltr'><strong>capite</strong></span> <span class='ocrx_word' id='word_1_264' title='bbox 1797 1996 1810 2032; x_wconf 88' lang='lat'><strong>:</strong></span> <span class='ocrx_word' id='word_1_265' title='bbox 1835 1976 2028 2032; x_wconf 77' lang='lat' dir='ltr'><strong>Memi-</strong></span> 
     </span>
    </p>
   </div>
   <div class='ocr_carea' id='block_1_34' title="bbox 457 2069 2032 2139">
    <p class='ocr_par' dir='ltr' id='par_1_34' title="bbox 457 2069 2032 2139">
     <span class='ocr_line' id='line_1_34' title="bbox 457 2069 2032 2139; baseline 0 -17"><span class='ocrx_word' id='word_1_266' title='bbox 457 2080 663 2130; x_wconf 80' lang='lat' dir='ltr'><strong>nerant,</strong></span> <span class='ocrx_word' id='word_1_267' title='bbox 694 2071 967 2139; x_wconf 87' lang='lat' dir='ltr'><strong>inquiunt,</strong></span> <span class='ocrx_word' id='word_1_268' title='bbox 996 2070 1233 2137; x_wconf 76' lang='lat' dir='ltr'><strong>epistola:</strong></span> <span class='ocrx_word' id='word_1_269' title='bbox 1254 2069 1531 2139; x_wconf 85' lang='lat' dir='ltr'><strong>cujusdam</strong></span> <span class='ocrx_word' id='word_1_270' title='bbox 1568 2070 1683 2131; x_wconf 85' lang='lat' dir='ltr'><strong>eius</strong></span> <span class='ocrx_word' id='word_1_271' title='bbox 1720 2070 1791 2125; x_wconf 86' lang='lat' dir='ltr'><strong>ad</strong></span> <span class='ocrx_word' id='word_1_272' title='bbox 1840 2070 2032 2125; x_wconf 78' lang='lat' dir='ltr'><strong>Corin-</strong></span> 
     </span>
    </p>
   </div>
   <div class='ocr_carea' id='block_1_35' title="bbox 459 2157 2031 2231">
    <p class='ocr_par' dir='ltr' id='par_1_35' title="bbox 459 2157 2031 2231">
     <span class='ocr_line' id='line_1_35' title="bbox 459 2157 2031 2231; baseline 0.002 -20"><span class='ocrx_word' id='word_1_273' title='bbox 459 2160 591 2213; x_wconf 86' lang='lat' dir='ltr'><strong>thios</strong></span> <span class='ocrx_word' id='word_1_274' title='bbox 624 2158 881 2225; x_wconf 79' lang='lat' dir='ltr'><strong>lrenwus,</strong></span> <span class='ocrx_word' id='word_1_275' title='bbox 933 2157 1194 2212; x_wconf 84' lang='lat' dir='ltr'><strong>Eusebius</strong></span> <span class='ocrx_word' id='word_1_276' title='bbox 1225 2170 1271 2212; x_wconf 91' lang='lat' dir='ltr'><strong>et</strong></span> <span class='ocrx_word' id='word_1_277' title='bbox 1323 2158 1703 2227; x_wconf 79' lang='lat' dir='ltr'><strong>Hieronymus,</strong></span> <span class='ocrx_word' id='word_1_278' title='bbox 1734 2176 1850 2231; x_wconf 62' lang='lat' dir='ltr'><strong>quae</strong></span> <span class='ocrx_word' id='word_1_279' title='bbox 1878 2159 2031 2214; x_wconf 83' lang='lat' dir='ltr'><strong>hodie</strong></span> 
     </span>
    </p>
   </div>
   <div class='ocr_carea' id='block_1_36' title="bbox 456 2248 2034 2322">
    <p class='ocr_par' dir='ltr' id='par_1_36' title="bbox 456 2248 2034 2322">
     <span class='ocr_line' id='line_1_36' title="bbox 456 2248 2034 2322; baseline 0.001 -18"><span class='ocrx_word' id='word_1_280' title='bbox 456 2268 711 2320; x_wconf 87' lang='lat' dir='ltr'><strong>nusquam</strong></span> <span class='ocrx_word' id='word_1_281' title='bbox 743 2259 938 2304; x_wconf 74' lang='lat' dir='ltr'><strong>exstat.</strong></span> <span class='ocrx_word' id='word_1_282' title='bbox 962 2248 1103 2303; x_wconf 89' lang='lat' dir='ltr'><strong>Num</strong></span> <span class='ocrx_word' id='word_1_283' title='bbox 1130 2265 1258 2317; x_wconf 82' lang='lat' dir='ltr'><strong>ergo</strong></span> <span class='ocrx_word' id='word_1_284' title='bbox 1290 2249 1551 2320; x_wconf 88' lang='lat' dir='ltr'><strong>deinceps</strong></span> <span class='ocrx_word' id='word_1_285' title='bbox 1581 2251 1684 2305; x_wconf 92' lang='lat' dir='ltr'><strong>sibi</strong></span> <span class='ocrx_word' id='word_1_286' title='bbox 1731 2251 1868 2322; x_wconf 88' lang='lat' dir='ltr'><strong>ipsis</strong></span> <span class='ocrx_word' id='word_1_287' title='bbox 1905 2267 2034 2306; x_wconf 92' lang='lat' dir='ltr'><strong>con-</strong></span> 
     </span>
    </p>
   </div>
   <div class='ocr_carea' id='block_1_37' title="bbox 455 2342 2028 2413">
    <p class='ocr_par' dir='ltr' id='par_1_37' title="bbox 455 2342 2028 2413">
     <span class='ocr_line' id='line_1_37' title="bbox 455 2342 2028 2413; baseline 0.001 -16"><span class='ocrx_word' id='word_1_288' title='bbox 455 2344 768 2398; x_wconf 88' lang='lat' dir='ltr'><strong>tradicunt?</strong></span> <span class='ocrx_word' id='word_1_289' title='bbox 796 2342 912 2397; x_wconf 89' lang='lat' dir='ltr'><strong>Non</strong></span> <span class='ocrx_word' id='word_1_290' title='bbox 944 2359 1114 2398; x_wconf 88' lang='lat' dir='ltr'><strong>sane:</strong></span> <span class='ocrx_word' id='word_1_291' title='bbox 1145 2344 1242 2398; x_wconf 91' lang='lat' dir='ltr'><strong>sed</strong></span> <span class='ocrx_word' id='word_1_292' title='bbox 1267 2344 1427 2413; x_wconf 88' lang='lat' dir='ltr'><strong>longe</strong></span> <span class='ocrx_word' id='word_1_293' title='bbox 1448 2345 1557 2399; x_wconf 91' lang='lat' dir='ltr'><strong>illis</strong></span> <span class='ocrx_word' id='word_1_294' title='bbox 1589 2360 1743 2400; x_wconf 90' lang='lat' dir='ltr'><strong>mens</strong></span> <span class='ocrx_word' id='word_1_295' title='bbox 1766 2346 1873 2400; x_wconf 89' lang='lat' dir='ltr'><strong>alia</strong></span> <span class='ocrx_word' id='word_1_296' title='bbox 1903 2361 2028 2401; x_wconf 86' lang='lat' dir='ltr'><strong>ver-</strong></span> 
     </span>
    </p>
   </div>
   <div class='ocr_carea' id='block_1_38' title="bbox 456 2429 2028 2500">
    <p class='ocr_par' dir='ltr' id='par_1_38' title="bbox 456 2429 2028 2500">
     <span class='ocr_line' id='line_1_38' title="bbox 456 2429 2028 2500; baseline 0.003 -17"><span class='ocrx_word' id='word_1_297' title='bbox 456 2430 539 2483; x_wconf 83' lang='lat' dir='ltr'><strong>bis</strong></span> <span class='ocrx_word' id='word_1_298' title='bbox 569 2445 597 2482; x_wconf 90' lang='lat' dir='ltr'><strong>a</strong></span> <span class='ocrx_word' id='word_1_299' title='bbox 623 2431 784 2498; x_wconf 87' lang='lat' dir='ltr'><strong>paulo</strong></span> <span class='ocrx_word' id='word_1_300' title='bbox 809 2437 935 2484; x_wconf 88' lang='lat' dir='ltr'><strong>ante</strong></span> <span class='ocrx_word' id='word_1_301' title='bbox 959 2429 1243 2500; x_wconf 86' lang='lat' dir='ltr'><strong>productis</strong></span> <span class='ocrx_word' id='word_1_302' title='bbox 1279 2450 1291 2486; x_wconf 90' lang='lat'><strong>:</strong></span> <span class='ocrx_word' id='word_1_303' title='bbox 1328 2429 1617 2497; x_wconf 86' lang='lat' dir='ltr'><strong>Incertum,</strong></span> <span class='ocrx_word' id='word_1_304' title='bbox 1649 2434 1822 2498; x_wconf 88' lang='lat' dir='ltr'><strong>aiunt,</strong></span> <span class='ocrx_word' id='word_1_305' title='bbox 1849 2445 2028 2489; x_wconf 88' lang='lat' dir='ltr'><strong>utrum</strong></span> 
     </span>
    </p>
   </div>
   <div class='ocr_carea' id='block_1_39' title="bbox 452 2519 2026 2597">
    <p class='ocr_par' dir='ltr' id='par_1_39' title="bbox 452 2519 2026 2597">
     <span class='ocr_line' id='line_1_39' title="bbox 452 2519 2026 2597; baseline 0.006 -24"><span class='ocrx_word' id='word_1_306' title='bbox 452 2534 517 2573; x_wconf 81' lang='lat' dir='ltr'><strong>ea:</strong></span> <span class='ocrx_word' id='word_1_307' title='bbox 543 2537 603 2572; x_wconf 92' lang='lat' dir='ltr'><strong>ea</strong></span> <span class='ocrx_word' id='word_1_308' title='bbox 637 2519 898 2589; x_wconf 86' lang='lat' dir='ltr'><strong>Epistola,</strong></span> <span class='ocrx_word' id='word_1_309' title='bbox 928 2539 995 2574; x_wconf 88' lang='lat' dir='ltr'><strong>an</strong></span> <span class='ocrx_word' id='word_1_310' title='bbox 1023 2538 1087 2576; x_wconf 75' lang='lat' dir='ltr'><strong>ea:</strong></span> <span class='ocrx_word' id='word_1_311' title='bbox 1118 2522 1222 2575; x_wconf 89' lang='lat' dir='ltr'><strong>alio</strong></span> <span class='ocrx_word' id='word_1_312' title='bbox 1270 2525 1447 2594; x_wconf 90' lang='lat' dir='ltr'><strong>aliquo</strong></span> <span class='ocrx_word' id='word_1_313' title='bbox 1498 2523 1780 2580; x_wconf 87' lang='lat' dir='ltr'><strong>Clementis</strong></span> <span class='ocrx_word' id='word_1_314' title='bbox 1809 2529 2026 2597; x_wconf 90' lang='lat' dir='ltr'><strong>scripto,</strong></span> 
     </span>
    </p>
   </div>
   <div class='ocr_carea' id='block_1_40' title="bbox 455 2612 2030 2687">
    <p class='ocr_par' dir='ltr' id='par_1_40' title="bbox 455 2612 2030 2687">
     <span class='ocr_line' id='line_1_40' title="bbox 455 2612 2030 2687; baseline 0.006 -20"><span class='ocrx_word' id='word_1_315' title='bbox 455 2612 691 2668; x_wconf 86' lang='lat' dir='ltr'><strong>Basilius</strong></span> <span class='ocrx_word' id='word_1_316' title='bbox 755 2615 809 2667; x_wconf 90' lang='lat' dir='ltr'><strong>in</strong></span> <span class='ocrx_word' id='word_1_317' title='bbox 852 2614 984 2668; x_wconf 91' lang='lat' dir='ltr'><strong>libro</strong></span> <span class='ocrx_word' id='word_1_318' title='bbox 1013 2614 1089 2670; x_wconf 90' lang='lat' dir='ltr'><strong>De</strong></span> <span class='ocrx_word' id='word_1_319' title='bbox 1137 2615 1342 2685; x_wconf 87' lang='lat' dir='ltr'><strong>Spiritu</strong></span> <span class='ocrx_word' id='word_1_320' title='bbox 1380 2615 1436 2672; x_wconf 87' lang='lat' dir='ltr'><strong>S.</strong></span> <span class='ocrx_word' id='word_1_321' title='bbox 1465 2634 1579 2687; x_wconf 88' lang='lat' dir='ltr'><strong>cap.</strong></span> <span class='ocrx_word' id='word_1_322' title='bbox 1624 2618 1714 2683; x_wconf 75' lang='lat'><strong>29,</strong></span> <span class='ocrx_word' id='word_1_323' title='bbox 1762 2620 1869 2675; x_wconf 65' lang='lat' dir='ltr'><strong>haec</strong></span> <span class='ocrx_word' id='word_1_324' title='bbox 1918 2638 2030 2676; x_wconf 81' lang='lat' dir='ltr'><strong>ver-</strong></span> 
     </span>
    </p>
   </div>
   <div class='ocr_carea' id='block_1_41' title="bbox 455 2703 2031 2775">
    <p class='ocr_par' dir='ltr' id='par_1_41' title="bbox 455 2703 2031 2775">
     <span class='ocr_line' id='line_1_41' title="bbox 455 2703 2031 2775; baseline 0.007 -18"><span class='ocrx_word' id='word_1_325' title='bbox 455 2703 520 2757; x_wconf 81' lang='lat' dir='ltr'><strong>ba</strong></span> <span class='ocrx_word' id='word_1_326' title='bbox 553 2705 830 2775; x_wconf 87' lang='lat' dir='ltr'><strong>protulerit</strong></span> <span class='ocrx_word' id='word_1_327' title='bbox 884 2707 938 2760; x_wconf 90' lang='lat' dir='ltr'><strong>in</strong></span> <span class='ocrx_word' id='word_1_328' title='bbox 1006 2709 1397 2764; x_wconf 87' lang='lat' dir='ltr'><strong>enumeratione</strong></span> <span class='ocrx_word' id='word_1_329' title='bbox 1441 2711 1859 2766; x_wconf 86' lang='lat' dir='ltr'><strong>testimoniorum</strong></span> <span class='ocrx_word' id='word_1_330' title='bbox 1932 2713 2031 2769; x_wconf 87' lang='lat' dir='ltr'><strong>do-</strong></span> 
     </span>
    </p>
   </div>
   <div class='ocr_carea' id='block_1_42' title="bbox 453 2796 2013 2863">
    <p class='ocr_par' dir='ltr' id='par_1_42' title="bbox 453 2796 2013 2863">
     <span class='ocr_line' id='line_1_42' title="bbox 453 2796 2013 2863; baseline 0.006 -14"><span class='ocrx_word' id='word_1_331' title='bbox 453 2804 658 2850; x_wconf 81' lang='lat' dir='ltr'><strong>ctorum</strong></span> <span class='ocrx_word' id='word_1_332' title='bbox 740 2805 965 2850; x_wconf 84' lang='lat' dir='ltr'><strong>veterum</strong></span> <span class='ocrx_word' id='word_1_333' title='bbox 1018 2796 1081 2852; x_wconf 87' lang='lat' dir='ltr'><strong>de</strong></span> <span class='ocrx_word' id='word_1_334' title='bbox 1141 2798 1439 2863; x_wconf 86' lang='lat' dir='ltr'><strong>Trinitate;</strong></span> <span class='ocrx_word' id='word_1_335' title='bbox 1503 2801 1594 2854; x_wconf 89' lang='lat' dir='ltr'><strong>sed</strong></span> <span class='ocrx_word' id='word_1_336' title='bbox 1659 2811 1709 2856; x_wconf 93' lang='lat' dir='ltr'><strong>et</strong></span> <span class='ocrx_word' id='word_1_337' title='bbox 1775 2801 2013 2859; x_wconf 82' lang='lat' dir='ltr'><strong>Clemens</strong></span> 
     </span>
    </p>
   </div>
   <div class='ocr_carea' id='block_1_43' title="bbox 453 2886 2030 2964">
    <p class='ocr_par' dir='ltr' id='par_1_43' title="bbox 453 2886 2030 2964">
     <span class='ocr_line' id='line_1_43' title="bbox 453 2886 2030 2964; baseline 0.004 -20"><span class='ocrx_word' id='word_1_338' title='bbox 453 2886 751 2955; x_wconf 84' lang='lat' dir='ltr'><strong>Rom.,etc.</strong></span> <span class='ocrx_word' id='word_1_339' title='bbox 781 2889 859 2945; x_wconf 80' lang='lat' dir='ltr'><strong>Ex</strong></span> <span class='ocrx_word' id='word_1_340' title='bbox 886 2890 1086 2960; x_wconf 89' lang='lat' dir='ltr'><strong>quibus</strong></span> <span class='ocrx_word' id='word_1_341' title='bbox 1106 2892 1317 2963; x_wconf 90' lang='lat' dir='ltr'><strong>paucis,</strong></span> <span class='ocrx_word' id='word_1_342' title='bbox 1341 2893 1514 2949; x_wconf 88' lang='lat' dir='ltr'><strong>amice</strong></span> <span class='ocrx_word' id='word_1_343' title='bbox 1538 2892 1757 2959; x_wconf 84' lang='lat' dir='ltr'><strong>Lector,</strong></span> <span class='ocrx_word' id='word_1_344' title='bbox 1777 2894 2030 2964; x_wconf 87' lang='lat' dir='ltr'><strong>judicare</strong></span> 
     </span>
    </p>
   </div>
   <div class='ocr_carea' id='block_1_44' title="bbox 457 2984 2033 3057">
    <p class='ocr_par' dir='ltr' id='par_1_44' title="bbox 457 2984 2033 3057">
     <span class='ocr_line' id='line_1_44' title="bbox 457 2984 2033 3057; baseline 0.004 -22"><span class='ocrx_word' id='word_1_345' title='bbox 457 2996 647 3050; x_wconf 90' lang='lat' dir='ltr'><strong>posses</strong></span> <span class='ocrx_word' id='word_1_346' title='bbox 678 2997 863 3052; x_wconf 89' lang='lat' dir='ltr'><strong>quam,</strong></span> <span class='ocrx_word' id='word_1_347' title='bbox 896 2984 1126 3048; x_wconf 79' lang='lat' dir='ltr'><strong>scilicet,</strong></span> <span class='ocrx_word' id='word_1_348' title='bbox 1168 2984 1223 3038; x_wconf 90' lang='lat' dir='ltr'><strong>in</strong></span> <span class='ocrx_word' id='word_1_349' title='bbox 1247 2986 1472 3056; x_wconf 85' lang='lat' dir='ltr'><strong>reliquis</strong></span> <span class='ocrx_word' id='word_1_350' title='bbox 1494 2987 1669 3041; x_wconf 88' lang='lat' dir='ltr'><strong>oratio</strong></span> <span class='ocrx_word' id='word_1_351' title='bbox 1689 2988 1810 3057; x_wconf 87' lang='lat' dir='ltr'><strong>ejus</strong></span> <span class='ocrx_word' id='word_1_352' title='bbox 1828 3003 2033 3043; x_wconf 87' lang='lat' dir='ltr'><strong>merea-</strong></span> 
     </span>
    </p>
   </div>
   <div class='ocr_carea' id='block_1_45' title="bbox 454 3075 2029 3149">
    <p class='ocr_par' dir='ltr' id='par_1_45' title="bbox 454 3075 2029 3149">
     <span class='ocr_line' id='line_1_45' title="bbox 454 3075 2029 3149; baseline 0.003 -18"><span class='ocrx_word' id='word_1_353' title='bbox 454 3087 546 3131; x_wconf 91' lang='lat' dir='ltr'><strong>tur</strong></span> <span class='ocrx_word' id='word_1_354' title='bbox 573 3075 753 3142; x_wconf 83' lang='lat' dir='ltr'><strong>ﬁdem,</strong></span> <span class='ocrx_word' id='word_1_355' title='bbox 784 3077 1029 3148; x_wconf 88' lang='lat' dir='ltr'><strong>adeoque</strong></span> <span class='ocrx_word' id='word_1_356' title='bbox 1065 3078 1210 3148; x_wconf 90' lang='lat' dir='ltr'><strong>quod</strong></span> <span class='ocrx_word' id='word_1_357' title='bbox 1255 3080 1547 3149; x_wconf 86' lang='lat' dir='ltr'><strong>proverbio</strong></span> <span class='ocrx_word' id='word_1_358' title='bbox 1594 3081 1817 3146; x_wconf 88' lang='lat' dir='ltr'><strong>dicitur,</strong></span> <span class='ocrx_word' id='word_1_359' title='bbox 1843 3081 1906 3135; x_wconf 84' lang='grc' dir='ltr'><strong>ὲκ</strong></span> <span class='ocrx_word' id='word_1_360' title='bbox 1934 3080 2029 3136; x_wconf 81' lang='grc' dir='ltr'><strong>τοῦ</strong></span> 
     </span>
    </p>
   </div>
   <div class='ocr_carea' id='block_1_46' title="bbox 455 3166 2031 3241">
    <p class='ocr_par' dir='ltr' id='par_1_46' title="bbox 455 3166 2031 3241">
     <span class='ocr_line' id='line_1_46' title="bbox 455 3166 2031 3241; baseline 0.006 -23"><span class='ocrx_word' id='word_1_361' title='bbox 455 3167 760 3239; x_wconf 73' lang='grc' dir='ltr'><strong>κρασπέδου</strong></span> <span class='ocrx_word' id='word_1_362' title='bbox 777 3167 835 3219; x_wconf 88' lang='grc' dir='ltr'>τὸ</span> <span class='ocrx_word' id='word_1_363' title='bbox 854 3166 1080 3241; x_wconf 76' lang='grc' dir='ltr'><strong>ὕφασμα</strong></span> <span class='ocrx_word' id='word_1_364' title='bbox 1105 3167 1415 3237; x_wconf 77' lang='grc' dir='ltr'><strong>γινώσκειν,</strong></span> <span class='ocrx_word' id='word_1_365' title='bbox 1433 3169 1659 3240; x_wconf 83' lang='lat' dir='ltr'><strong>nilonge</strong></span> <span class='ocrx_word' id='word_1_366' title='bbox 1680 3171 1893 3240; x_wconf 89' lang='lat' dir='ltr'><strong>turpius</strong></span> <span class='ocrx_word' id='word_1_367' title='bbox 1910 3188 2031 3228; x_wconf 90' lang='lat' dir='ltr'><strong>sese</strong></span> 
     </span>
    </p>
   </div>
   <div class='ocr_carea' id='block_1_47' title="bbox 456 3259 2028 3329">
    <p class='ocr_par' dir='ltr' id='par_1_47' title="bbox 456 3259 2028 3329">
     <span class='ocr_line' id='line_1_47' title="bbox 456 3259 2028 3329; baseline 0.005 -16"><span class='ocrx_word' id='word_1_368' title='bbox 456 3259 514 3313; x_wconf 89' lang='lat' dir='ltr'><strong>in</strong></span> <span class='ocrx_word' id='word_1_369' title='bbox 544 3260 902 3329; x_wconf 90' lang='lat' dir='ltr'><strong>sequentibus</strong></span> <span class='ocrx_word' id='word_1_370' title='bbox 947 3261 1101 3316; x_wconf 90' lang='lat' dir='ltr'><strong>daret</strong></span> <span class='ocrx_word' id='word_1_371' title='bbox 1144 3261 1235 3316; x_wconf 90' lang='lat' dir='ltr'><strong>ille</strong></span> <span class='ocrx_word' id='word_1_372' title='bbox 1284 3262 1354 3316; x_wconf 90' lang='lat' dir='ltr'><strong>ab</strong></span> <span class='ocrx_word' id='word_1_373' title='bbox 1400 3261 1684 3318; x_wconf 80' lang='lat' dir='ltr'><strong>allectibus</strong></span> <span class='ocrx_word' id='word_1_374' title='bbox 1724 3276 2028 3321; x_wconf 67' lang='lat' dir='ltr'><strong>excaecatus</strong></span> 
     </span>
    </p>
   </div>
   <div class='ocr_carea' id='block_1_48' title="bbox 454 3349 2030 3425">
    <p class='ocr_par' dir='ltr' id='par_1_48' title="bbox 454 3349 2030 3425">
     <span class='ocr_line' id='line_1_48' title="bbox 454 3349 2030 3425; baseline 0.004 -20"><span class='ocrx_word' id='word_1_375' title='bbox 454 3349 642 3420; x_wconf 77' lang='lat' dir='ltr'><strong>judex.</strong></span> <span class='ocrx_word' id='word_1_376' title='bbox 668 3350 804 3406; x_wconf 89' lang='lat' dir='ltr'><strong>Cum</strong></span> <span class='ocrx_word' id='word_1_377' title='bbox 831 3352 1047 3423; x_wconf 89' lang='lat' dir='ltr'><strong>primis,</strong></span> <span class='ocrx_word' id='word_1_378' title='bbox 1076 3353 1277 3424; x_wconf 89' lang='lat' dir='ltr'><strong>inquit,</strong></span> <span class='ocrx_word' id='word_1_379' title='bbox 1297 3354 1435 3410; x_wconf 92' lang='lat' dir='ltr'><strong>illud</strong></span> <span class='ocrx_word' id='word_1_380' title='bbox 1468 3353 1536 3409; x_wconf 89' lang='lat' dir='ltr'><strong>de</strong></span> <span class='ocrx_word' id='word_1_381' title='bbox 1584 3355 1838 3425; x_wconf 71' lang='lat' dir='ltr'><strong>phlenice</strong></span> <span class='ocrx_word' id='word_1_382' title='bbox 1877 3371 2030 3411; x_wconf 88' lang='lat' dir='ltr'><strong>com-</strong></span> 
     </span>
    </p>
   </div>
   <div class='ocr_carea' id='block_1_49' title="bbox 458 3444 2029 3516">
    <p class='ocr_par' dir='ltr' id='par_1_49' title="bbox 458 3444 2029 3516">
     <span class='ocr_line' id='line_1_49' title="bbox 458 3444 2029 3516; baseline 0.005 -21"><span class='ocrx_word' id='word_1_383' title='bbox 458 3450 700 3497; x_wconf 88' lang='lat' dir='ltr'><strong>mentum</strong></span> <span class='ocrx_word' id='word_1_384' title='bbox 734 3444 915 3514; x_wconf 91' lang='lat' dir='ltr'><strong>prodit</strong></span> <span class='ocrx_word' id='word_1_385' title='bbox 947 3453 1225 3501; x_wconf 83' lang='lat' dir='ltr'><strong>auctorem</strong></span> <span class='ocrx_word' id='word_1_386' title='bbox 1258 3446 1427 3516; x_wconf 89' lang='lat' dir='ltr'><strong>hujus</strong></span> <span class='ocrx_word' id='word_1_387' title='bbox 1454 3445 1718 3515; x_wconf 71' lang='lat' dir='ltr'><strong>epistolae,</strong></span> <span class='ocrx_word' id='word_1_388' title='bbox 1765 3463 1873 3502; x_wconf 91' lang='lat' dir='ltr'><strong>non</strong></span> <span class='ocrx_word' id='word_1_389' title='bbox 1906 3462 2029 3503; x_wconf 88' lang='lat' dir='ltr'><strong>esse</strong></span> 
     </span>
    </p>
   </div>
   <div class='ocr_carea' id='block_1_50' title="bbox 459 3535 2027 3610">
    <p class='ocr_par' dir='ltr' id='par_1_50' title="bbox 459 3535 2027 3610">
     <span class='ocr_line' id='line_1_50' title="bbox 459 3535 2027 3610; baseline 0.004 -23"><span class='ocrx_word' id='word_1_390' title='bbox 459 3548 581 3588; x_wconf 86' lang='lat' dir='ltr'><strong>eum</strong></span> <span class='ocrx_word' id='word_1_391' title='bbox 628 3535 936 3606; x_wconf 88' lang='lat' dir='ltr'><strong>adjutorem</strong></span> <span class='ocrx_word' id='word_1_392' title='bbox 972 3538 1029 3592; x_wconf 89' lang='lat' dir='ltr'><strong>S.</strong></span> <span class='ocrx_word' id='word_1_393' title='bbox 1057 3537 1330 3600; x_wconf 85' lang='lat' dir='ltr'><strong>Pauli,ad</strong></span> <span class='ocrx_word' id='word_1_394' title='bbox 1350 3538 1730 3610; x_wconf 88' lang='lat' dir='ltr'><strong>Philippenses</strong></span> <span class='ocrx_word' id='word_1_395' title='bbox 1772 3559 1845 3602; x_wconf 79' lang='lat' dir='ltr'><strong>IV,</strong></span> <span class='ocrx_word' id='word_1_396' title='bbox 1882 3540 2027 3609; x_wconf 90' lang='lat' dir='ltr'><strong>quod</strong></span> 
     </span>
    </p>
   </div>
   <div class='ocr_carea' id='block_1_51' title="bbox 460 3626 2030 3698">
    <p class='ocr_par' dir='ltr' id='par_1_51' title="bbox 460 3626 2030 3698">
     <span class='ocr_line' id='line_1_51' title="bbox 460 3626 2030 3698; baseline 0.004 -21"><span class='ocrx_word' id='word_1_397' title='bbox 460 3639 588 3696; x_wconf 89' lang='lat' dir='ltr'><strong>pag.</strong></span> <span class='ocrx_word' id='word_1_398' title='bbox 611 3626 681 3679; x_wconf 74' lang='lat'><strong>34</strong></span> <span class='ocrx_word' id='word_1_399' title='bbox 706 3634 758 3680; x_wconf 90' lang='lat' dir='ltr'><strong>et</strong></span> <span class='ocrx_word' id='word_1_400' title='bbox 781 3627 851 3681; x_wconf 79' lang='grc'><strong>’55</strong></span> <span class='ocrx_word' id='word_1_401' title='bbox 890 3639 976 3682; x_wconf 86' lang='lat' dir='ltr'><strong>est</strong></span> <span class='ocrx_word' id='word_1_402' title='bbox 1008 3628 1267 3697; x_wconf 87' lang='lat' dir='ltr'><strong>reperire.</strong></span> <span class='ocrx_word' id='word_1_403' title='bbox 1299 3626 1403 3681; x_wconf 89' lang='lat' dir='ltr'><strong>Ubi</strong></span> <span class='ocrx_word' id='word_1_404' title='bbox 1430 3627 1683 3684; x_wconf 87' lang='lat' dir='ltr'><strong>Clemens</strong></span> <span class='ocrx_word' id='word_1_405' title='bbox 1722 3629 1812 3683; x_wconf 90' lang='lat' dir='ltr'><strong>ille</strong></span> <span class='ocrx_word' id='word_1_406' title='bbox 1840 3644 2030 3698; x_wconf 83' lang='lat' dir='ltr'><strong>perso-</strong></span> 
     </span>
    </p>
   </div>
   <div class='ocr_carea' id='block_1_52' title="bbox 460 3720 2032 3796">
    <p class='ocr_par' dir='ltr' id='par_1_52' title="bbox 460 3720 2032 3796">
     <span class='ocr_line' id='line_1_52' title="bbox 460 3720 2032 3796; baseline 0.004 -24"><span class='ocrx_word' id='word_1_407' title='bbox 460 3726 625 3773; x_wconf 88' lang='lat' dir='ltr'><strong>natus</strong></span> <span class='ocrx_word' id='word_1_408' title='bbox 680 3720 722 3772; x_wconf 89' lang='lat' dir='ltr'><strong>it</strong></span> <span class='ocrx_word' id='word_1_409' title='bbox 777 3721 1069 3789; x_wconf 91' lang='lat' dir='ltr'><strong>probatum</strong></span> <span class='ocrx_word' id='word_1_410' title='bbox 1124 3721 1288 3790; x_wconf 87' lang='lat' dir='ltr'><strong>(quod</strong></span> <span class='ocrx_word' id='word_1_411' title='bbox 1334 3722 1557 3777; x_wconf 88' lang='lat' dir='ltr'><strong>minime</strong></span> <span class='ocrx_word' id='word_1_412' title='bbox 1589 3738 1776 3777; x_wconf 85' lang='lat' dir='ltr'><strong>verum</strong></span> <span class='ocrx_word' id='word_1_413' title='bbox 1807 3726 1913 3796; x_wconf 90' lang='lat' dir='ltr'><strong>est)</strong></span> <span class='ocrx_word' id='word_1_414' title='bbox 1942 3739 2032 3778; x_wconf 84' lang='lat' dir='ltr'><strong>re-</strong></span> 
     </span>
    </p>
   </div>
   <div class='ocr_carea' id='block_1_53' title="bbox 461 3810 2030 3887">
    <p class='ocr_par' dir='ltr' id='par_1_53' title="bbox 461 3810 2030 3887">
     <span class='ocr_line' id='line_1_53' title="bbox 461 3810 2030 3887; baseline 0.005 -24"><span class='ocrx_word' id='word_1_415' title='bbox 461 3810 856 3887; x_wconf 80' lang='lat' dir='ltr'><strong>surrectionem</strong></span> <span class='ocrx_word' id='word_1_416' title='bbox 891 3811 1074 3865; x_wconf 87' lang='lat' dir='ltr'><strong>carnis</strong></span> <span class='ocrx_word' id='word_1_417' title='bbox 1102 3812 1352 3881; x_wconf 88' lang='lat' dir='ltr'><strong>quotidie</strong></span> <span class='ocrx_word' id='word_1_418' title='bbox 1388 3814 1528 3876; x_wconf 81' lang='lat' dir='ltr'><strong>ﬁeri,</strong></span> <span class='ocrx_word' id='word_1_419' title='bbox 1563 3815 2030 3884; x_wconf 80' lang='lat' dir='ltr'><strong>quemadmodum</strong></span> 
     </span>
    </p>
   </div>
   <div class='ocr_carea' id='block_1_54' title="bbox 462 3902 2032 3978">
    <p class='ocr_par' dir='ltr' id='par_1_54' title="bbox 462 3902 2032 3978">
     <span class='ocr_line' id='line_1_54' title="bbox 462 3902 2032 3978; baseline 0.004 -24"><span class='ocrx_word' id='word_1_420' title='bbox 462 3916 571 3955; x_wconf 77' lang='lat' dir='ltr'><strong>nox</strong></span> <span class='ocrx_word' id='word_1_421' title='bbox 600 3903 784 3965; x_wconf 87' lang='lat' dir='ltr'><strong>cubat,</strong></span> <span class='ocrx_word' id='word_1_422' title='bbox 812 3903 1059 3971; x_wconf 75' lang='lat' dir='ltr'><strong>exsurgit</strong></span> <span class='ocrx_word' id='word_1_423' title='bbox 1095 3902 1235 3966; x_wconf 89' lang='lat' dir='ltr'><strong>dies,</strong></span> <span class='ocrx_word' id='word_1_424' title='bbox 1262 3904 1376 3956; x_wconf 91' lang='lat' dir='ltr'><strong>abit</strong></span> <span class='ocrx_word' id='word_1_425' title='bbox 1409 3904 1550 3969; x_wconf 90' lang='lat' dir='ltr'><strong>dies,</strong></span> <span class='ocrx_word' id='word_1_426' title='bbox 1592 3921 1700 3960; x_wconf 78' lang='lat' dir='ltr'><strong>nox</strong></span> <span class='ocrx_word' id='word_1_427' title='bbox 1731 3907 1934 3978; x_wconf 84' lang='lat' dir='ltr'><strong>ingruit</strong></span> <span class='ocrx_word' id='word_1_428' title='bbox 1979 3916 2032 3964; x_wconf 88' lang='lat' dir='ltr'><strong>et</strong></span> 
     </span>
    </p>
   </div>
   <div class='ocr_carea' id='block_1_55' title="bbox 464 3992 2031 4065">
    <p class='ocr_par' dir='ltr' id='par_1_55' title="bbox 464 3992 2031 4065">
     <span class='ocr_line' id='line_1_55' title="bbox 464 3992 2031 4065; baseline 0.004 -17"><span class='ocrx_word' id='word_1_429' title='bbox 464 3994 794 4063; x_wconf 88' lang='lat' dir='ltr'><strong>insequitur,</strong></span> <span class='ocrx_word' id='word_1_430' title='bbox 826 4001 931 4049; x_wconf 87' lang='lat' dir='ltr'><strong>etc.</strong></span> <span class='ocrx_word' id='word_1_431' title='bbox 964 3992 1063 4048; x_wconf 80' lang='lat' dir='ltr'><strong>llic</strong></span> <span class='ocrx_word' id='word_1_432' title='bbox 1089 3995 1359 4065; x_wconf 85' lang='lat' dir='ltr'><strong>principio</strong></span> <span class='ocrx_word' id='word_1_433' title='bbox 1379 4012 1489 4050; x_wconf 92' lang='lat' dir='ltr'><strong>non</strong></span> <span class='ocrx_word' id='word_1_434' title='bbox 1522 4005 1814 4052; x_wconf 87' lang='lat' dir='ltr'><strong>contentus</strong></span> <span class='ocrx_word' id='word_1_435' title='bbox 1844 4014 2031 4053; x_wconf 84' lang='lat' dir='ltr'><strong>vocem</strong></span> 
     </span>
    </p>
   </div>
   <div class='ocr_carea' id='block_1_56' title="bbox 463 4088 2034 4162">
    <p class='ocr_par' dir='ltr' id='par_1_56' title="bbox 463 4088 2034 4162">
     <span class='ocr_line' id='line_1_56' title="bbox 463 4088 2034 4162; baseline 0.005 -22"><span class='ocrx_word' id='word_1_436' title='bbox 463 4089 663 4149; x_wconf 85' lang='lat' dir='ltr'><strong>carnis,</strong></span> <span class='ocrx_word' id='word_1_437' title='bbox 694 4101 813 4156; x_wconf 80' lang='lat' dir='ltr'><strong>quae</strong></span> <span class='ocrx_word' id='word_1_438' title='bbox 849 4103 1120 4156; x_wconf 87' lang='lat' dir='ltr'><strong>nusquam</strong></span> <span class='ocrx_word' id='word_1_439' title='bbox 1142 4088 1197 4141; x_wconf 90' lang='lat' dir='ltr'><strong>in</strong></span> <span class='ocrx_word' id='word_1_440' title='bbox 1231 4097 1489 4144; x_wconf 79' lang='lat' dir='ltr'><strong>contextu</strong></span> <span class='ocrx_word' id='word_1_441' title='bbox 1521 4100 1822 4162; x_wconf 87' lang='lat' dir='ltr'><strong>comparet,</strong></span> <span class='ocrx_word' id='word_1_442' title='bbox 1854 4108 2034 4150; x_wconf 71' lang='lat' dir='ltr'><strong>causae</strong></span> 
     </span>
    </p>
   </div>
   <div class='ocr_carea' id='block_1_57' title="bbox 466 4176 2033 4252">
    <p class='ocr_par' dir='ltr' id='par_1_57' title="bbox 466 4176 2033 4252">
     <span class='ocr_line' id='line_1_57' title="bbox 466 4176 2033 4252; baseline 0.002 -19"><span class='ocrx_word' id='word_1_443' title='bbox 466 4193 580 4233; x_wconf 71' lang='lat' dir='ltr'><strong>suae</strong></span> <span class='ocrx_word' id='word_1_444' title='bbox 608 4176 902 4247; x_wconf 73' lang='lat' dir='ltr'><strong>probanda:</strong></span> <span class='ocrx_word' id='word_1_445' title='bbox 932 4177 1128 4247; x_wconf 90' lang='lat' dir='ltr'><strong>gratia,</strong></span> <span class='ocrx_word' id='word_1_446' title='bbox 1155 4178 1492 4245; x_wconf 89' lang='lat' dir='ltr'><strong>inseruisse;</strong></span> <span class='ocrx_word' id='word_1_447' title='bbox 1526 4189 1783 4249; x_wconf 60' lang='lat' dir='ltr'><strong>praeterea</strong></span> <span class='ocrx_word' id='word_1_448' title='bbox 1837 4197 2033 4252; x_wconf 88' lang='lat' dir='ltr'><strong>magna</strong></span> 
     </span>
    </p>
   </div>
   <div class='ocr_carea' id='block_1_58' title="bbox 466 4268 2036 4337">
    <p class='ocr_par' dir='ltr' id='par_1_58' title="bbox 466 4268 2036 4337">
     <span class='ocr_line' id='line_1_58' title="bbox 466 4268 2036 4337; baseline 0.003 -15"><span class='ocrx_word' id='word_1_449' title='bbox 466 4269 666 4322; x_wconf 88' lang='lat' dir='ltr'><strong>iterum</strong></span> <span class='ocrx_word' id='word_1_450' title='bbox 696 4284 821 4321; x_wconf 90' lang='lat' dir='ltr'><strong>cum</strong></span> <span class='ocrx_word' id='word_1_451' title='bbox 859 4268 1195 4337; x_wconf 91' lang='lat' dir='ltr'><strong>impudentia</strong></span> <span class='ocrx_word' id='word_1_452' title='bbox 1226 4269 1498 4326; x_wconf 78' lang='lat' dir='ltr'><strong>haereseos</strong></span> <span class='ocrx_word' id='word_1_453' title='bbox 1523 4287 1647 4327; x_wconf 88' lang='lat' dir='ltr'><strong>eum</strong></span> <span class='ocrx_word' id='word_1_454' title='bbox 1691 4273 1856 4328; x_wconf 89' lang='lat' dir='ltr'><strong>audet</strong></span> <span class='ocrx_word' id='word_1_455' title='bbox 1900 4274 2036 4329; x_wconf 88' lang='lat' dir='ltr'><strong>insi-</strong></span> 
     </span>
    </p>
   </div>
   <div class='ocr_carea' id='block_1_59' title="bbox 464 4359 2035 4431">
    <p class='ocr_par' dir='ltr' id='par_1_59' title="bbox 464 4359 2035 4431">
     <span class='ocr_line' id='line_1_59' title="bbox 464 4359 2035 4431; baseline 0.003 -17"><span class='ocrx_word' id='word_1_456' title='bbox 464 4361 711 4424; x_wconf 86' lang='lat' dir='ltr'><strong>mulare,</strong></span> <span class='ocrx_word' id='word_1_457' title='bbox 779 4359 937 4430; x_wconf 83' lang='lat' dir='ltr'><strong>quasi</strong></span> <span class='ocrx_word' id='word_1_458' title='bbox 995 4359 1156 4415; x_wconf 76' lang='lat' dir='ltr'><strong>aliine</strong></span> <span class='ocrx_word' id='word_1_459' title='bbox 1222 4361 1505 4431; x_wconf 88' lang='lat' dir='ltr'><strong>quippiam</strong></span> <span class='ocrx_word' id='word_1_460' title='bbox 1554 4363 1812 4431; x_wconf 80' lang='lat' dir='ltr'><strong>senserit,</strong></span> <span class='ocrx_word' id='word_1_461' title='bbox 1860 4365 2035 4419; x_wconf 87' lang='lat' dir='ltr'><strong>errori</strong></span> 
     </span>
    </p>
   </div>
   <div class='ocr_carea' id='block_1_60' title="bbox 466 4450 2030 4523">
    <p class='ocr_par' dir='ltr' id='par_1_60' title="bbox 466 4450 2030 4523">
     <span class='ocr_line' id='line_1_60' title="bbox 466 4450 2030 4523; baseline 0.001 -19"><span class='ocrx_word' id='word_1_462' title='bbox 466 4450 744 4523; x_wconf 66' lang='lat' dir='ltr'><strong>Hymenaei</strong></span> <span class='ocrx_word' id='word_1_463' title='bbox 798 4462 852 4505; x_wconf 91' lang='lat' dir='ltr'><strong>et</strong></span> <span class='ocrx_word' id='word_1_464' title='bbox 901 4450 1117 4515; x_wconf 87' lang='lat' dir='ltr'><strong>Phileti,</strong></span> <span class='ocrx_word' id='word_1_465' title='bbox 1171 4466 1406 4521; x_wconf 88' lang='lat' dir='ltr'><strong>quorum</strong></span> <span class='ocrx_word' id='word_1_466' title='bbox 1456 4453 1651 4523; x_wconf 81' lang='lat' dir='ltr'><strong>dogma</strong></span> <span class='ocrx_word' id='word_1_467' title='bbox 1692 4453 1795 4509; x_wconf 91' lang='lat' dir='ltr'><strong>hoc</strong></span> <span class='ocrx_word' id='word_1_468' title='bbox 1846 4453 2030 4520; x_wconf 81' lang='lat' dir='ltr'><strong>fuerit,</strong></span> 
     </span>
    </p>
   </div>
   <div class='ocr_carea' id='block_1_61' title="bbox 2130 1974 3699 2047">
    <p class='ocr_par' dir='ltr' id='par_1_61' title="bbox 2130 1974 3699 2047">
     <span class='ocr_line' id='line_1_61' title="bbox 2130 1974 3699 2047; baseline 0.001 -18"><span class='ocrx_word' id='word_1_469' title='bbox 2130 1984 2351 2029; x_wconf 87' lang='lat' dir='ltr'><strong>mortem</strong></span> <span class='ocrx_word' id='word_1_470' title='bbox 2379 1991 2553 2038; x_wconf 87' lang='lat' dir='ltr'><strong>suam,</strong></span> <span class='ocrx_word' id='word_1_471' title='bbox 2581 1984 2805 2037; x_wconf 89' lang='lat' dir='ltr'><strong>noctem,</strong></span> <span class='ocrx_word' id='word_1_472' title='bbox 2839 1974 3136 2033; x_wconf 83' lang='lat' dir='ltr'><strong>rescindens</strong></span> <span class='ocrx_word' id='word_1_473' title='bbox 3168 1977 3490 2045; x_wconf 79' lang='lat' dir='ltr'><strong>sepulturam</strong></span> <span class='ocrx_word' id='word_1_474' title='bbox 3524 1994 3699 2047; x_wconf 85' lang='lat' dir='ltr'><strong>suam,</strong></span> 
     </span>
    </p>
   </div>
   <div class='ocr_carea' id='block_1_62' title="bbox 2129 2064 3702 2129">
    <p class='ocr_par' dir='ltr' id='par_1_62' title="bbox 2129 2064 3702 2129">
     <span class='ocr_line' id='line_1_62' title="bbox 2129 2064 3702 2129; baseline 0.003 -12"><span class='ocrx_word' id='word_1_475' title='bbox 2129 2064 2366 2119; x_wconf 89' lang='lat' dir='ltr'><strong>tenebras</strong></span> <span class='ocrx_word' id='word_1_476' title='bbox 2389 2080 2406 2129; x_wconf 89' lang='lat'><strong>;</strong></span> <span class='ocrx_word' id='word_1_477' title='bbox 2432 2065 2593 2119; x_wconf 76' lang='lat' dir='ltr'><strong>turres</strong></span> <span class='ocrx_word' id='word_1_478' title='bbox 2621 2065 2827 2119; x_wconf 89' lang='lat' dir='ltr'><strong>sibimet</strong></span> <span class='ocrx_word' id='word_1_479' title='bbox 2854 2066 3107 2127; x_wconf 74' lang='lat' dir='ltr'><strong>existens,</strong></span> <span class='ocrx_word' id='word_1_480' title='bbox 3158 2065 3320 2119; x_wconf 84' lang='lat' dir='ltr'><strong>donec</strong></span> <span class='ocrx_word' id='word_1_481' title='bbox 3341 2077 3390 2119; x_wconf 89' lang='lat' dir='ltr'><strong>et</strong></span> <span class='ocrx_word' id='word_1_482' title='bbox 3421 2082 3526 2121; x_wconf 70' lang='lat' dir='ltr'><strong>nos:</strong></span> <span class='ocrx_word' id='word_1_483' title='bbox 3567 2068 3702 2121; x_wconf 75' lang='lat' dir='ltr'><strong>revi-</strong></span> 
     </span>
    </p>
   </div>
   <div class='ocr_carea' id='block_1_63' title="bbox 2127 2155 3703 2228">
    <p class='ocr_par' dir='ltr' id='par_1_63' title="bbox 2127 2155 3703 2228">
     <span class='ocr_line' id='line_1_63' title="bbox 2127 2155 3703 2228; baseline 0.001 -17"><span class='ocrx_word' id='word_1_484' title='bbox 2127 2159 2312 2219; x_wconf 83' lang='lat' dir='ltr'><strong>viscat,</strong></span> <span class='ocrx_word' id='word_1_485' title='bbox 2345 2174 2463 2210; x_wconf 89' lang='lat' dir='ltr'><strong>cum</strong></span> <span class='ocrx_word' id='word_1_486' title='bbox 2493 2173 2587 2213; x_wconf 84' lang='lat' dir='ltr'><strong>suo</strong></span> <span class='ocrx_word' id='word_1_487' title='bbox 2619 2157 2713 2211; x_wconf 91' lang='lat' dir='ltr'><strong>illo</strong></span> <span class='ocrx_word' id='word_1_488' title='bbox 2747 2168 3012 2228; x_wconf 82' lang='lat' dir='ltr'><strong>suggestu.</strong></span> <span class='ocrx_word' id='word_1_489' title='bbox 3054 2155 3522 2213; x_wconf 85' lang='lat' dir='ltr'><strong>Redaccenduntur</strong></span> <span class='ocrx_word' id='word_1_490' title='bbox 3561 2160 3703 2213; x_wconf 73' lang='lat' dir='ltr'><strong>enim</strong></span> 
     </span>
    </p>
   </div>
   <div class='ocr_carea' id='block_1_64' title="bbox 2128 2248 3705 2319">
    <p class='ocr_par' dir='ltr' id='par_1_64' title="bbox 2128 2248 3705 2319">
     <span class='ocr_line' id='line_1_64' title="bbox 2128 2248 3705 2319; baseline 0.001 -16"><span class='ocrx_word' id='word_1_491' title='bbox 2128 2258 2178 2304; x_wconf 90' lang='lat' dir='ltr'><strong>et</strong></span> <span class='ocrx_word' id='word_1_492' title='bbox 2200 2248 2475 2303; x_wconf 86' lang='lat' dir='ltr'><strong>stellarum</strong></span> <span class='ocrx_word' id='word_1_493' title='bbox 2503 2249 2664 2314; x_wconf 87' lang='lat' dir='ltr'><strong>radii,</strong></span> <span class='ocrx_word' id='word_1_494' title='bbox 2694 2266 2822 2319; x_wconf 88' lang='lat' dir='ltr'><strong>quos</strong></span> <span class='ocrx_word' id='word_1_495' title='bbox 2853 2249 3117 2304; x_wconf 88' lang='lat' dir='ltr'><strong>matutina</strong></span> <span class='ocrx_word' id='word_1_496' title='bbox 3147 2249 3415 2303; x_wconf 86' lang='lat' dir='ltr'><strong>succensio</strong></span> <span class='ocrx_word' id='word_1_497' title='bbox 3436 2250 3705 2305; x_wconf 70' lang='lat' dir='ltr'><strong>exstinxe-</strong></span> 
     </span>
    </p>
   </div>
   <div class='ocr_carea' id='block_1_65' title="bbox 2130 2337 3703 2408">
    <p class='ocr_par' dir='ltr' id='par_1_65' title="bbox 2130 2337 3703 2408">
     <span class='ocr_line' id='line_1_65' title="bbox 2130 2337 3703 2408; baseline 0 -15"><span class='ocrx_word' id='word_1_498' title='bbox 2130 2348 2234 2401; x_wconf 91' lang='lat' dir='ltr'><strong>rat,</strong></span> <span class='ocrx_word' id='word_1_499' title='bbox 2260 2338 2582 2393; x_wconf 84' lang='lat' dir='ltr'><strong>reducuntur</strong></span> <span class='ocrx_word' id='word_1_500' title='bbox 2615 2350 2664 2393; x_wconf 90' lang='lat' dir='ltr'><strong>et</strong></span> <span class='ocrx_word' id='word_1_501' title='bbox 2688 2340 2921 2393; x_wconf 85' lang='lat' dir='ltr'><strong>siderum</strong></span> <span class='ocrx_word' id='word_1_502' title='bbox 2946 2337 3218 2403; x_wconf 61' lang='lat' dir='ltr'><strong>absentiae,</strong></span> <span class='ocrx_word' id='word_1_503' title='bbox 3240 2354 3371 2408; x_wconf 89' lang='lat' dir='ltr'><strong>quas</strong></span> <span class='ocrx_word' id='word_1_504' title='bbox 3394 2339 3703 2408; x_wconf 84' lang='lat' dir='ltr'><strong>temporalis</strong></span> 
     </span>
    </p>
   </div>
   <div class='ocr_carea' id='block_1_66' title="bbox 2129 2428 3700 2498">
    <p class='ocr_par' dir='ltr' id='par_1_66' title="bbox 2129 2428 3700 2498">
     <span class='ocr_line' id='line_1_66' title="bbox 2129 2428 3700 2498; baseline 0.001 -15"><span class='ocrx_word' id='word_1_505' title='bbox 2129 2431 2398 2484; x_wconf 86' lang='lat' dir='ltr'><strong>distinctio</strong></span> <span class='ocrx_word' id='word_1_506' title='bbox 2440 2440 2735 2494; x_wconf 75' lang='lat' dir='ltr'><strong>exemerat;</strong></span> <span class='ocrx_word' id='word_1_507' title='bbox 2794 2428 3147 2483; x_wconf 86' lang='lat' dir='ltr'><strong>redornantur</strong></span> <span class='ocrx_word' id='word_1_508' title='bbox 3182 2439 3232 2484; x_wconf 90' lang='lat' dir='ltr'><strong>et</strong></span> <span class='ocrx_word' id='word_1_509' title='bbox 3280 2432 3490 2498; x_wconf 85' lang='lat' dir='ltr'><strong>specula</strong></span> <span class='ocrx_word' id='word_1_510' title='bbox 3537 2430 3700 2495; x_wconf 78' lang='lat' dir='ltr'><strong>lunte,</strong></span> 
     </span>
    </p>
   </div>
   <div class='ocr_carea' id='block_1_67' title="bbox 2128 2522 3705 2595">
    <p class='ocr_par' dir='ltr' id='par_1_67' title="bbox 2128 2522 3705 2595">
     <span class='ocr_line' id='line_1_67' title="bbox 2128 2522 3705 2595; baseline -0.001 -19"><span class='ocrx_word' id='word_1_511' title='bbox 2128 2540 2245 2595; x_wconf 71' lang='lat' dir='ltr'><strong>qua:</strong></span> <span class='ocrx_word' id='word_1_512' title='bbox 2306 2532 2604 2578; x_wconf 86' lang='lat' dir='ltr'><strong>menstruus</strong></span> <span class='ocrx_word' id='word_1_513' title='bbox 2664 2539 2912 2576; x_wconf 86' lang='lat' dir='ltr'><strong>numerus</strong></span> <span class='ocrx_word' id='word_1_514' title='bbox 2985 2522 3298 2586; x_wconf 85' lang='lat' dir='ltr'><strong>attriverat;</strong></span> <span class='ocrx_word' id='word_1_515' title='bbox 3371 2522 3705 2576; x_wconf 82' lang='lat' dir='ltr'><strong>revolvuntur</strong></span> 
     </span>
    </p>
   </div>
   <div class='ocr_carea' id='block_1_68' title="bbox 2129 2613 3707 2679">
    <p class='ocr_par' dir='ltr' id='par_1_68' title="bbox 2129 2613 3707 2679">
     <span class='ocr_line' id='line_1_68' title="bbox 2129 2613 3707 2679; baseline 0 -12"><span class='ocrx_word' id='word_1_516' title='bbox 2129 2616 2320 2671; x_wconf 78' lang='lat' dir='ltr'><strong>hiemes</strong></span> <span class='ocrx_word' id='word_1_517' title='bbox 2338 2626 2386 2669; x_wconf 92' lang='lat' dir='ltr'><strong>et</strong></span> <span class='ocrx_word' id='word_1_518' title='bbox 2412 2625 2644 2679; x_wconf 75' lang='lat' dir='ltr'><strong>wstates,</strong></span> <span class='ocrx_word' id='word_1_519' title='bbox 2670 2631 2827 2668; x_wconf 85' lang='lat' dir='ltr'><strong>verna</strong></span> <span class='ocrx_word' id='word_1_520' title='bbox 2853 2623 2899 2667; x_wconf 92' lang='lat' dir='ltr'><strong>et</strong></span> <span class='ocrx_word' id='word_1_521' title='bbox 2924 2622 3203 2677; x_wconf 84' lang='lat' dir='ltr'><strong>autumno,</strong></span> <span class='ocrx_word' id='word_1_522' title='bbox 3231 2613 3338 2667; x_wconf 88' lang='lat' dir='ltr'><strong>suis</strong></span> <span class='ocrx_word' id='word_1_523' title='bbox 3363 2613 3581 2676; x_wconf 83' lang='lat' dir='ltr'><strong>viribus,</strong></span> <span class='ocrx_word' id='word_1_524' title='bbox 3596 2629 3707 2667; x_wconf 80' lang='lat' dir='ltr'><strong>mo-</strong></span> 
     </span>
    </p>
   </div>
   <div class='ocr_carea' id='block_1_69' title="bbox 2130 2704 3705 2777">
    <p class='ocr_par' dir='ltr' id='par_1_69' title="bbox 2130 2704 3705 2777">
     <span class='ocr_line' id='line_1_69' title="bbox 2130 2704 3705 2777; baseline -0.001 -17"><span class='ocrx_word' id='word_1_525' title='bbox 2130 2708 2299 2771; x_wconf 88' lang='lat' dir='ltr'><strong>ribus,</strong></span> <span class='ocrx_word' id='word_1_526' title='bbox 2331 2707 2611 2777; x_wconf 79' lang='lat' dir='ltr'><strong>fructibus.</strong></span> <span class='ocrx_word' id='word_1_527' title='bbox 2646 2706 2709 2761; x_wconf 88' lang='lat' dir='ltr'><strong>Et</strong></span> <span class='ocrx_word' id='word_1_528' title='bbox 2737 2707 2899 2776; x_wconf 90' lang='lat' dir='ltr'><strong>paulo</strong></span> <span class='ocrx_word' id='word_1_529' title='bbox 2924 2712 3048 2775; x_wconf 88' lang='lat' dir='ltr'><strong>post</strong></span> <span class='ocrx_word' id='word_1_530' title='bbox 3079 2704 3145 2758; x_wconf 90' lang='lat' dir='ltr'><strong>de</strong></span> <span class='ocrx_word' id='word_1_531' title='bbox 3180 2704 3438 2774; x_wconf 84' lang='lat' dir='ltr'><strong>phcenice</strong></span> <span class='ocrx_word' id='word_1_532' title='bbox 3466 2724 3478 2759; x_wconf 90' lang='lat'><strong>:</strong></span> <span class='ocrx_word' id='word_1_533' title='bbox 3516 2704 3575 2759; x_wconf 90' lang='lat' dir='ltr'><strong>Si</strong></span> <span class='ocrx_word' id='word_1_534' title='bbox 3606 2722 3705 2773; x_wconf 86' lang='lat' dir='ltr'><strong>pa-</strong></span> 
     </span>
    </p>
   </div>
   <div class='ocr_carea' id='block_1_70' title="bbox 2128 2796 3705 2867">
    <p class='ocr_par' dir='ltr' id='par_1_70' title="bbox 2128 2796 3705 2867">
     <span class='ocr_line' id='line_1_70' title="bbox 2128 2796 3705 2867; baseline -0.002 -14"><span class='ocrx_word' id='word_1_535' title='bbox 2128 2816 2245 2853; x_wconf 85' lang='lat' dir='ltr'><strong>rum</strong></span> <span class='ocrx_word' id='word_1_536' title='bbox 2276 2800 2589 2854; x_wconf 88' lang='lat' dir='ltr'><strong>universitas</strong></span> <span class='ocrx_word' id='word_1_537' title='bbox 2622 2798 3057 2852; x_wconf 86' lang='lat' dir='ltr'><strong>resurrectionem</strong></span> <span class='ocrx_word' id='word_1_538' title='bbox 3085 2797 3280 2867; x_wconf 82' lang='lat' dir='ltr'><strong>ﬁgurat</strong></span> <span class='ocrx_word' id='word_1_539' title='bbox 3298 2812 3317 2861; x_wconf 88' lang='lat'><strong>;</strong></span> <span class='ocrx_word' id='word_1_540' title='bbox 3342 2797 3388 2850; x_wconf 89' lang='lat' dir='ltr'><strong>si</strong></span> <span class='ocrx_word' id='word_1_541' title='bbox 3417 2796 3551 2849; x_wconf 86' lang='lat' dir='ltr'><strong>nihil</strong></span> <span class='ocrx_word' id='word_1_542' title='bbox 3598 2796 3705 2851; x_wconf 89' lang='lat' dir='ltr'><strong>tale</strong></span> 
     </span>
    </p>
   </div>
   <div class='ocr_carea' id='block_1_71' title="bbox 2130 2889 3704 2962">
    <p class='ocr_par' dir='ltr' id='par_1_71' title="bbox 2130 2889 3704 2962">
     <span class='ocr_line' id='line_1_71' title="bbox 2130 2889 3704 2962; baseline -0.002 -17"><span class='ocrx_word' id='word_1_543' title='bbox 2130 2892 2362 2946; x_wconf 88' lang='lat' dir='ltr'><strong>conditio</strong></span> <span class='ocrx_word' id='word_1_544' title='bbox 2407 2893 2604 2962; x_wconf 88' lang='lat' dir='ltr'><strong>signat,</strong></span> <span class='ocrx_word' id='word_1_545' title='bbox 2655 2890 2781 2960; x_wconf 90' lang='lat' dir='ltr'><strong>quia</strong></span> <span class='ocrx_word' id='word_1_546' title='bbox 2824 2889 3038 2960; x_wconf 84' lang='lat' dir='ltr'><strong>singula</strong></span> <span class='ocrx_word' id='word_1_547' title='bbox 3080 2889 3193 2958; x_wconf 86' lang='lat' dir='ltr'><strong>ejus</strong></span> <span class='ocrx_word' id='word_1_548' title='bbox 3236 2906 3339 2945; x_wconf 85' lang='lat' dir='ltr'><strong>non</strong></span> <span class='ocrx_word' id='word_1_549' title='bbox 3387 2897 3494 2942; x_wconf 90' lang='lat' dir='ltr'><strong>tam</strong></span> <span class='ocrx_word' id='word_1_550' title='bbox 3543 2890 3704 2943; x_wconf 88' lang='lat' dir='ltr'><strong>moris</strong></span> 
     </span>
    </p>
   </div>
   <div class='ocr_carea' id='block_1_72' title="bbox 2129 2979 3704 3059">
    <p class='ocr_par' dir='ltr' id='par_1_72' title="bbox 2129 2979 3704 3059">
     <span class='ocr_line' id='line_1_72' title="bbox 2129 2979 3704 3059; baseline -0.002 -20"><span class='ocrx_word' id='word_1_551' title='bbox 2129 3002 2284 3059; x_wconf 86' lang='lat' dir='ltr'><strong>quam</strong></span> <span class='ocrx_word' id='word_1_552' title='bbox 2313 2983 2548 3037; x_wconf 83' lang='lat' dir='ltr'><strong>desinere</strong></span> <span class='ocrx_word' id='word_1_553' title='bbox 2583 2983 2870 3046; x_wconf 85' lang='lat' dir='ltr'><strong>dicantur;</strong></span> <span class='ocrx_word' id='word_1_554' title='bbox 2906 2998 2997 3037; x_wconf 84' lang='lat' dir='ltr'><strong>nec</strong></span> <span class='ocrx_word' id='word_1_555' title='bbox 3036 2980 3385 3044; x_wconf 87' lang='lat' dir='ltr'><strong>redanimari,</strong></span> <span class='ocrx_word' id='word_1_556' title='bbox 3416 2979 3504 3035; x_wconf 88' lang='lat' dir='ltr'><strong>sed</strong></span> <span class='ocrx_word' id='word_1_557' title='bbox 3535 2981 3704 3050; x_wconf 80' lang='lat' dir='ltr'><strong>refor-</strong></span> 
     </span>
    </p>
   </div>
   <div class='ocr_carea' id='block_1_73' title="bbox 2133 3074 3704 3144">
    <p class='ocr_par' dir='ltr' id='par_1_73' title="bbox 2133 3074 3704 3144">
     <span class='ocr_line' id='line_1_73' title="bbox 2133 3074 3704 3144; baseline -0.003 -13"><span class='ocrx_word' id='word_1_558' title='bbox 2133 3079 2269 3132; x_wconf 90' lang='lat' dir='ltr'><strong>mari</strong></span> <span class='ocrx_word' id='word_1_559' title='bbox 2290 3078 2676 3139; x_wconf 75' lang='lat' dir='ltr'><strong>existimatur,</strong></span> <span class='ocrx_word' id='word_1_560' title='bbox 2699 3076 2873 3143; x_wconf 87' lang='lat' dir='ltr'><strong>accipe</strong></span> <span class='ocrx_word' id='word_1_561' title='bbox 2892 3074 3257 3143; x_wconf 87' lang='lat' dir='ltr'><strong>plenissimum</strong></span> <span class='ocrx_word' id='word_1_562' title='bbox 3280 3083 3432 3144; x_wconf 88' lang='lat' dir='ltr'><strong>atque</strong></span> <span class='ocrx_word' id='word_1_563' title='bbox 3454 3075 3704 3142; x_wconf 76' lang='lat' dir='ltr'><strong>[iratissi-</strong></span> 
     </span>
    </p>
   </div>
   <div class='ocr_carea' id='block_1_74' title="bbox 2133 3164 3705 3237">
    <p class='ocr_par' dir='ltr' id='par_1_74' title="bbox 2133 3164 3705 3237">
     <span class='ocr_line' id='line_1_74' title="bbox 2133 3164 3705 3237; baseline -0.003 -16"><span class='ocrx_word' id='word_1_564' title='bbox 2133 3186 2275 3222; x_wconf 87' lang='lat' dir='ltr'><strong>mum</strong></span> <span class='ocrx_word' id='word_1_565' title='bbox 2297 3167 2452 3237; x_wconf 80' lang='lat' dir='ltr'><strong>hujus</strong></span> <span class='ocrx_word' id='word_1_566' title='bbox 2479 3168 2588 3236; x_wconf 84' lang='lat' dir='ltr'><strong>spei</strong></span> <span class='ocrx_word' id='word_1_567' title='bbox 2618 3166 2896 3234; x_wconf 84' lang='lat' dir='ltr'><strong>specimen.</strong></span> <span class='ocrx_word' id='word_1_568' title='bbox 2920 3164 3184 3235; x_wconf 84' lang='lat' dir='ltr'><strong>Siquidem</strong></span> <span class='ocrx_word' id='word_1_569' title='bbox 3210 3166 3458 3219; x_wconf 85' lang='lat' dir='ltr'><strong>animalis</strong></span> <span class='ocrx_word' id='word_1_570' title='bbox 3507 3175 3583 3219; x_wconf 86' lang='lat' dir='ltr'><strong>est</strong></span> <span class='ocrx_word' id='word_1_571' title='bbox 3624 3182 3705 3218; x_wconf 74' lang='lat' dir='ltr'><strong>res</strong></span> 
     </span>
    </p>
   </div>
   <div class='ocr_carea' id='block_1_75' title="bbox 2132 3255 3704 3320">
    <p class='ocr_par' dir='ltr' id='par_1_75' title="bbox 2132 3255 3704 3320">
     <span class='ocr_line' id='line_1_75' title="bbox 2132 3255 3704 3320; baseline -0.003 -6"><span class='ocrx_word' id='word_1_572' title='bbox 2132 3269 2180 3315; x_wconf 90' lang='lat' dir='ltr'><strong>et</strong></span> <span class='ocrx_word' id='word_1_573' title='bbox 2207 3261 2329 3313; x_wconf 79' lang='lat' dir='ltr'><strong>vita:</strong></span> <span class='ocrx_word' id='word_1_574' title='bbox 2372 3258 2598 3311; x_wconf 65' lang='lat' dir='ltr'><strong>obnoxia</strong></span> <span class='ocrx_word' id='word_1_575' title='bbox 2627 3267 2675 3311; x_wconf 90' lang='lat' dir='ltr'><strong>et</strong></span> <span class='ocrx_word' id='word_1_576' title='bbox 2704 3258 2902 3320; x_wconf 88' lang='lat' dir='ltr'><strong>morti;</strong></span> <span class='ocrx_word' id='word_1_577' title='bbox 2934 3257 3086 3309; x_wconf 91' lang='lat' dir='ltr'><strong>illum</strong></span> <span class='ocrx_word' id='word_1_578' title='bbox 3114 3257 3229 3309; x_wconf 90' lang='lat' dir='ltr'><strong>dico</strong></span> <span class='ocrx_word' id='word_1_579' title='bbox 3262 3256 3440 3310; x_wconf 90' lang='lat' dir='ltr'><strong>alitem</strong></span> <span class='ocrx_word' id='word_1_580' title='bbox 3475 3255 3704 3311; x_wconf 88' lang='lat' dir='ltr'><strong>Orientis</strong></span> 
     </span>
    </p>
   </div>
   <div class='ocr_carea' id='block_1_76' title="bbox 2131 3347 3706 3422">
    <p class='ocr_par' dir='ltr' id='par_1_76' title="bbox 2131 3347 3706 3422">
     <span class='ocr_line' id='line_1_76' title="bbox 2131 3347 3706 3422; baseline -0.004 -15"><span class='ocrx_word' id='word_1_581' title='bbox 2131 3352 2472 3422; x_wconf 87' lang='lat' dir='ltr'><strong>peculiarem,</strong></span> <span class='ocrx_word' id='word_1_582' title='bbox 2507 3349 2570 3404; x_wconf 90' lang='lat' dir='ltr'><strong>de</strong></span> <span class='ocrx_word' id='word_1_583' title='bbox 2607 3348 2980 3419; x_wconf 87' lang='lat' dir='ltr'><strong>singularitate</strong></span> <span class='ocrx_word' id='word_1_584' title='bbox 2997 3348 3282 3417; x_wconf 81' lang='lat' dir='ltr'><strong>famosum,</strong></span> <span class='ocrx_word' id='word_1_585' title='bbox 3309 3347 3372 3401; x_wconf 93' lang='lat' dir='ltr'><strong>de</strong></span> <span class='ocrx_word' id='word_1_586' title='bbox 3398 3348 3706 3417; x_wconf 85' lang='lat' dir='ltr'><strong>posteritate</strong></span> 
     </span>
    </p>
   </div>
   <div class='ocr_carea' id='block_1_77' title="bbox 2132 3438 3702 3513">
    <p class='ocr_par' dir='ltr' id='par_1_77' title="bbox 2132 3438 3702 3513">
     <span class='ocr_line' id='line_1_77' title="bbox 2132 3438 3702 3513; baseline -0.006 -15"><span class='ocrx_word' id='word_1_587' title='bbox 2132 3454 2550 3508; x_wconf 86' lang='lat' dir='ltr'><strong>monstruosum,</strong></span> <span class='ocrx_word' id='word_1_588' title='bbox 2598 3443 2687 3513; x_wconf 86' lang='lat' dir='ltr'><strong>qui</strong></span> <span class='ocrx_word' id='word_1_589' title='bbox 2718 3442 3051 3509; x_wconf 85' lang='lat' dir='ltr'><strong>semetipsum</strong></span> <span class='ocrx_word' id='word_1_590' title='bbox 3082 3439 3314 3493; x_wconf 81' lang='lat' dir='ltr'><strong>lubenter</strong></span> <span class='ocrx_word' id='word_1_591' title='bbox 3337 3438 3587 3507; x_wconf 76' lang='lat' dir='ltr'><strong>funerans</strong></span> <span class='ocrx_word' id='word_1_592' title='bbox 3618 3454 3702 3490; x_wconf 86' lang='lat' dir='ltr'><strong>re-</strong></span> 
     </span>
    </p>
   </div>
   <div class='ocr_carea' id='block_1_78' title="bbox 2132 3528 3707 3603">
    <p class='ocr_par' dir='ltr' id='par_1_78' title="bbox 2132 3528 3707 3603">
     <span class='ocr_line' id='line_1_78' title="bbox 2132 3528 3707 3603; baseline -0.006 -14"><span class='ocrx_word' id='word_1_593' title='bbox 2132 3544 2309 3599; x_wconf 77' lang='lat' dir='ltr'><strong>novat,</strong></span> <span class='ocrx_word' id='word_1_594' title='bbox 2339 3535 2512 3589; x_wconf 88' lang='lat' dir='ltr'><strong>natali</strong></span> <span class='ocrx_word' id='word_1_595' title='bbox 2541 3535 2644 3603; x_wconf 78' lang='lat' dir='ltr'><strong>ﬁne</strong></span> <span class='ocrx_word' id='word_1_596' title='bbox 2682 3531 2934 3586; x_wconf 84' lang='lat' dir='ltr'><strong>decedens</strong></span> <span class='ocrx_word' id='word_1_597' title='bbox 2968 3540 3123 3602; x_wconf 92' lang='lat' dir='ltr'><strong>atque</strong></span> <span class='ocrx_word' id='word_1_598' title='bbox 3153 3528 3475 3591; x_wconf 86' lang='lat' dir='ltr'><strong>succedens;</strong></span> <span class='ocrx_word' id='word_1_599' title='bbox 3516 3529 3707 3580; x_wconf 88' lang='lat' dir='ltr'><strong>iterum</strong></span> 
     </span>
    </p>
   </div>
   <div class='ocr_carea' id='block_1_79' title="bbox 2126 3620 3703 3695">
    <p class='ocr_par' dir='ltr' id='par_1_79' title="bbox 2126 3620 3703 3695">
     <span class='ocr_line' id='line_1_79' title="bbox 2126 3620 3703 3695; baseline -0.005 -15"><span class='ocrx_word' id='word_1_600' title='bbox 2126 3628 2356 3695; x_wconf 64' lang='lat' dir='ltr'><strong>phxnix,</strong></span> <span class='ocrx_word' id='word_1_601' title='bbox 2387 3627 2477 3681; x_wconf 87' lang='lat' dir='ltr'><strong>ubi</strong></span> <span class='ocrx_word' id='word_1_602' title='bbox 2514 3626 2635 3694; x_wconf 86' lang='lat' dir='ltr'><strong>jam</strong></span> <span class='ocrx_word' id='word_1_603' title='bbox 2665 3640 2848 3688; x_wconf 88' lang='lat' dir='ltr'><strong>nemo;</strong></span> <span class='ocrx_word' id='word_1_604' title='bbox 2889 3626 3076 3677; x_wconf 89' lang='lat' dir='ltr'><strong>iterum</strong></span> <span class='ocrx_word' id='word_1_605' title='bbox 3115 3625 3242 3691; x_wconf 89' lang='lat' dir='ltr'><strong>ipse,</strong></span> <span class='ocrx_word' id='word_1_606' title='bbox 3285 3624 3375 3693; x_wconf 90' lang='lat' dir='ltr'><strong>qui</strong></span> <span class='ocrx_word' id='word_1_607' title='bbox 3424 3637 3527 3675; x_wconf 88' lang='lat' dir='ltr'><strong>non</strong></span> <span class='ocrx_word' id='word_1_608' title='bbox 3547 3620 3703 3688; x_wconf 84' lang='lat' dir='ltr'><strong>jam;</strong></span> 
     </span>
    </p>
   </div>
   <div class='ocr_carea' id='block_1_80' title="bbox 2134 3710 3709 3785">
    <p class='ocr_par' dir='ltr' id='par_1_80' title="bbox 2134 3710 3709 3785">
     <span class='ocr_line' id='line_1_80' title="bbox 2134 3710 3709 3785; baseline -0.005 -12"><span class='ocrx_word' id='word_1_609' title='bbox 2134 3719 2274 3773; x_wconf 86' lang='lat' dir='ltr'><strong>alius</strong></span> <span class='ocrx_word' id='word_1_610' title='bbox 2305 3719 2463 3773; x_wconf 79' lang='lat' dir='ltr'><strong>idem.</strong></span> <span class='ocrx_word' id='word_1_611' title='bbox 2502 3717 2645 3783; x_wconf 85' lang='lat' dir='ltr'><strong>Quid</strong></span> <span class='ocrx_word' id='word_1_612' title='bbox 2679 3718 2979 3785; x_wconf 76' lang='lat' dir='ltr'><strong>expressius</strong></span> <span class='ocrx_word' id='word_1_613' title='bbox 3011 3724 3165 3785; x_wconf 90' lang='lat' dir='ltr'><strong>atque</strong></span> <span class='ocrx_word' id='word_1_614' title='bbox 3199 3715 3460 3784; x_wconf 88' lang='lat' dir='ltr'><strong>signatius</strong></span> <span class='ocrx_word' id='word_1_615' title='bbox 3488 3713 3543 3764; x_wconf 89' lang='lat' dir='ltr'><strong>in</strong></span> <span class='ocrx_word' id='word_1_616' title='bbox 3569 3710 3709 3765; x_wconf 85' lang='lat' dir='ltr'><strong>hanc</strong></span> 
     </span>
    </p>
   </div>
   <div class='ocr_carea' id='block_1_81' title="bbox 2133 3801 3707 3865">
    <p class='ocr_par' dir='ltr' id='par_1_81' title="bbox 2133 3801 3707 3865">
     <span class='ocr_line' id='line_1_81' title="bbox 2133 3801 3707 3865; baseline -0.004 -2"><span class='ocrx_word' id='word_1_617' title='bbox 2133 3812 2391 3865; x_wconf 82' lang='lat' dir='ltr'><strong>causam?</strong></span> <span class='ocrx_word' id='word_1_618' title='bbox 2443 3817 2535 3862; x_wconf 89' lang='lat' dir='ltr'><strong>aut</strong></span> <span class='ocrx_word' id='word_1_619' title='bbox 2578 3810 2663 3861; x_wconf 90' lang='lat' dir='ltr'><strong>cui</strong></span> <span class='ocrx_word' id='word_1_620' title='bbox 2721 3808 2815 3862; x_wconf 88' lang='lat' dir='ltr'><strong>alii</strong></span> <span class='ocrx_word' id='word_1_621' title='bbox 2858 3808 2935 3860; x_wconf 88' lang='lat' dir='ltr'><strong>rei</strong></span> <span class='ocrx_word' id='word_1_622' title='bbox 2976 3806 3082 3859; x_wconf 89' lang='lat' dir='ltr'><strong>tale</strong></span> <span class='ocrx_word' id='word_1_623' title='bbox 3124 3805 3535 3858; x_wconf 73' lang='lat' dir='ltr'><strong>documentum!</strong></span> <span class='ocrx_word' id='word_1_624' title='bbox 3562 3801 3707 3856; x_wconf 75' lang='lat' dir='ltr'><strong>Deus</strong></span> 
     </span>
    </p>
   </div>
   <div class='ocr_carea' id='block_1_82' title="bbox 2133 3895 3705 3969">
    <p class='ocr_par' dir='ltr' id='par_1_82' title="bbox 2133 3895 3705 3969">
     <span class='ocr_line' id='line_1_82' title="bbox 2133 3895 3705 3969; baseline -0.006 -13"><span class='ocrx_word' id='word_1_625' title='bbox 2133 3903 2292 3957; x_wconf 90' lang='lat' dir='ltr'><strong>etiam</strong></span> <span class='ocrx_word' id='word_1_626' title='bbox 2317 3900 2607 3969; x_wconf 85' lang='lat' dir='ltr'><strong>Scripturis</strong></span> <span class='ocrx_word' id='word_1_627' title='bbox 2630 3900 2739 3953; x_wconf 85' lang='lat' dir='ltr'><strong>suis</strong></span> <span class='ocrx_word' id='word_1_628' title='bbox 2764 3915 2782 3952; x_wconf 93' lang='lat'><em>:</em></span> <span class='ocrx_word' id='word_1_629' title='bbox 2815 3918 2833 3949; x_wconf 74' lang='grc' dir='ltr'>ι</span> <span class='ocrx_word' id='word_1_630' title='bbox 2871 3898 2939 3951; x_wconf 87' lang='lat' dir='ltr'><strong>Et</strong></span> <span class='ocrx_word' id='word_1_631' title='bbox 2962 3896 3167 3967; x_wconf 82' lang='lat' dir='ltr'><strong>ﬂorebit</strong></span> <span class='ocrx_word' id='word_1_632' title='bbox 3198 3898 3358 3957; x_wconf 87' lang='lat' dir='ltr'><strong>enim,</strong></span> <span class='ocrx_word' id='word_1_633' title='bbox 3399 3895 3589 3965; x_wconf 87' lang='lat' dir='ltr'><strong>inquit,</strong></span> <span class='ocrx_word' id='word_1_634' title='bbox 3618 3911 3705 3948; x_wconf 77' lang='lat' dir='ltr'><strong>ve-</strong></span> 
     </span>
    </p>
   </div>
   <div class='ocr_carea' id='block_1_83' title="bbox 2137 3984 3703 4064">
    <p class='ocr_par' dir='ltr' id='par_1_83' title="bbox 2137 3984 3703 4064">
     <span class='ocr_line' id='line_1_83' title="bbox 2137 3984 3703 4064; baseline -0.006 -15"><span class='ocrx_word' id='word_1_635' title='bbox 2137 3997 2214 4050; x_wconf 85' lang='lat' dir='ltr'><strong>lut</strong></span> <span class='ocrx_word' id='word_1_636' title='bbox 2254 3994 2495 4064; x_wconf 74' lang='lat' dir='ltr'><strong>plicenix;</strong></span> <span class='ocrx_word' id='word_1_637' title='bbox 2525 4012 2543 4043; x_wconf 76' lang='grc' dir='ltr'><strong>ι</strong></span> <span class='ocrx_word' id='word_1_638' title='bbox 2577 3991 2630 4045; x_wconf 88' lang='lat' dir='ltr'><strong>id</strong></span> <span class='ocrx_word' id='word_1_639' title='bbox 2655 4001 2730 4045; x_wconf 87' lang='lat' dir='ltr'><strong>est</strong></span> <span class='ocrx_word' id='word_1_640' title='bbox 2763 3993 2826 4045; x_wconf 83' lang='lat' dir='ltr'><strong>de</strong></span> <span class='ocrx_word' id='word_1_641' title='bbox 2859 3999 3045 4057; x_wconf 87' lang='lat' dir='ltr'><strong>morte,</strong></span> <span class='ocrx_word' id='word_1_642' title='bbox 3073 3989 3136 4042; x_wconf 87' lang='lat' dir='ltr'><strong>de</strong></span> <span class='ocrx_word' id='word_1_643' title='bbox 3166 3988 3378 4057; x_wconf 79' lang='lat' dir='ltr'><strong>funere;</strong></span> <span class='ocrx_word' id='word_1_644' title='bbox 3412 3987 3489 4039; x_wconf 90' lang='lat' dir='ltr'><strong>uti</strong></span> <span class='ocrx_word' id='word_1_645' title='bbox 3518 3984 3703 4039; x_wconf 86' lang='lat' dir='ltr'><strong>credas</strong></span> 
     </span>
    </p>
   </div>
   <div class='ocr_carea' id='block_1_84' title="bbox 2135 4079 3702 4157">
    <p class='ocr_par' dir='ltr' id='par_1_84' title="bbox 2135 4079 3702 4157">
     <span class='ocr_line' id='line_1_84' title="bbox 2135 4079 3702 4157; baseline -0.006 -17"><span class='ocrx_word' id='word_1_646' title='bbox 2135 4087 2200 4142; x_wconf 89' lang='lat' dir='ltr'><strong>de</strong></span> <span class='ocrx_word' id='word_1_647' title='bbox 2220 4086 2425 4157; x_wconf 85' lang='lat' dir='ltr'><strong>ignibus</strong></span> <span class='ocrx_word' id='word_1_648' title='bbox 2456 4100 2655 4156; x_wconf 83' lang='lat' dir='ltr'><strong>quoque</strong></span> <span class='ocrx_word' id='word_1_649' title='bbox 2676 4083 3028 4137; x_wconf 85' lang='lat' dir='ltr'><strong>substantiam</strong></span> <span class='ocrx_word' id='word_1_650' title='bbox 3072 4081 3306 4150; x_wconf 87' lang='lat' dir='ltr'><strong>corporis</strong></span> <span class='ocrx_word' id='word_1_651' title='bbox 3345 4079 3483 4148; x_wconf 73' lang='lat' dir='ltr'><strong>exigi</strong></span> <span class='ocrx_word' id='word_1_652' title='bbox 3533 4095 3702 4147; x_wconf 86' lang='lat' dir='ltr'><strong>posse.</strong></span> 
     </span>
    </p>
   </div>
   <div class='ocr_carea' id='block_1_85' title="bbox 2137 4171 3707 4247">
    <p class='ocr_par' dir='ltr' id='par_1_85' title="bbox 2137 4171 3707 4247">
     <span class='ocr_line' id='line_1_85' title="bbox 2137 4171 3707 4247; baseline -0.008 -13"><span class='ocrx_word' id='word_1_653' title='bbox 2137 4178 2326 4234; x_wconf 75' lang='lat' dir='ltr'><strong>Multis</strong></span> <span class='ocrx_word' id='word_1_654' title='bbox 2350 4175 2656 4247; x_wconf 82' lang='lat' dir='ltr'><strong>passeribus</strong></span> <span class='ocrx_word' id='word_1_655' title='bbox 2676 4193 2771 4229; x_wconf 91' lang='lat' dir='ltr'><strong>nos</strong></span> <span class='ocrx_word' id='word_1_656' title='bbox 2800 4175 3059 4229; x_wconf 85' lang='lat' dir='ltr'><strong>antistare</strong></span> <span class='ocrx_word' id='word_1_657' title='bbox 3110 4173 3366 4227; x_wconf 87' lang='lat' dir='ltr'><strong>Dominus</strong></span> <span class='ocrx_word' id='word_1_658' title='bbox 3392 4171 3707 4240; x_wconf 86' lang='lat' dir='ltr'><strong>pronuntia-</strong></span> 
     </span>
    </p>
   </div>
   <div class='ocr_carea' id='block_1_86' title="bbox 2138 4259 3706 4335">
    <p class='ocr_par' dir='ltr' id='par_1_86' title="bbox 2138 4259 3706 4335">
     <span class='ocr_line' id='line_1_86' title="bbox 2138 4259 3706 4335; baseline -0.007 -14"><span class='ocrx_word' id='word_1_659' title='bbox 2138 4269 2243 4330; x_wconf 84' lang='lat' dir='ltr'><strong>vit;</strong></span> <span class='ocrx_word' id='word_1_660' title='bbox 2274 4267 2321 4321; x_wconf 89' lang='lat' dir='ltr'><strong>si</strong></span> <span class='ocrx_word' id='word_1_661' title='bbox 2342 4283 2445 4320; x_wconf 93' lang='lat' dir='ltr'><strong>non</strong></span> <span class='ocrx_word' id='word_1_662' title='bbox 2463 4274 2510 4319; x_wconf 91' lang='lat' dir='ltr'><strong>et</strong></span> <span class='ocrx_word' id='word_1_663' title='bbox 2525 4262 3000 4335; x_wconf 67' lang='lat' dir='ltr'><strong>phoenicibusmihil</strong></span> <span class='ocrx_word' id='word_1_664' title='bbox 3058 4278 3324 4332; x_wconf 86' lang='lat' dir='ltr'><strong>magnum.</strong></span> <span class='ocrx_word' id='word_1_665' title='bbox 3348 4259 3451 4315; x_wconf 90' lang='lat' dir='ltr'><strong>Sed</strong></span> <span class='ocrx_word' id='word_1_666' title='bbox 3474 4259 3706 4312; x_wconf 84' lang='lat' dir='ltr'><strong>homines</strong></span> 
     </span>
    </p>
   </div>
   <div class='ocr_carea' id='block_1_87' title="bbox 2138 4353 3708 4423">
    <p class='ocr_par' dir='ltr' id='par_1_87' title="bbox 2138 4353 3708 4423">
     <span class='ocr_line' id='line_1_87' title="bbox 2138 4353 3708 4423; baseline -0.008 -8"><span class='ocrx_word' id='word_1_667' title='bbox 2138 4361 2297 4416; x_wconf 88' lang='lat' dir='ltr'><strong>semel</strong></span> <span class='ocrx_word' id='word_1_668' title='bbox 2325 4358 2631 4423; x_wconf 87' lang='lat' dir='ltr'><strong>interibunt,</strong></span> <span class='ocrx_word' id='word_1_669' title='bbox 2663 4356 2845 4411; x_wconf 87' lang='lat' dir='ltr'><strong>avibus</strong></span> <span class='ocrx_word' id='word_1_670' title='bbox 2870 4354 3084 4411; x_wconf 79' lang='lat' dir='ltr'><strong>Arabia:</strong></span> <span class='ocrx_word' id='word_1_671' title='bbox 3108 4355 3170 4407; x_wconf 88' lang='lat' dir='ltr'><strong>de</strong></span> <span class='ocrx_word' id='word_1_672' title='bbox 3212 4353 3589 4407; x_wconf 88' lang='lat' dir='ltr'><strong>resurrectione</strong></span> <span class='ocrx_word' id='word_1_673' title='bbox 3624 4364 3708 4404; x_wconf 88' lang='lat' dir='ltr'><strong>se-</strong></span> 
     </span>
    </p>
   </div>
   <div class='ocr_carea' id='block_1_88' title="bbox 2139 4441 3710 4520">
    <p class='ocr_par' dir='ltr' id='par_1_88' title="bbox 2139 4441 3710 4520">
     <span class='ocr_line' id='line_1_88' title="bbox 2139 4441 3710 4520; baseline -0.005 -15"><span class='ocrx_word' id='word_1_674' title='bbox 2139 4453 2319 4507; x_wconf 76' lang='lat' dir='ltr'><strong>curis?</strong></span> <span class='ocrx_word' id='word_1_675' title='bbox 2344 4449 2437 4506; x_wconf 88' lang='lat' dir='ltr'><strong>Sic</strong></span> <span class='ocrx_word' id='word_1_676' title='bbox 2476 4465 2640 4520; x_wconf 89' lang='lat' dir='ltr'><strong>quam</strong></span> <span class='ocrx_word' id='word_1_677' title='bbox 2668 4449 3074 4520; x_wconf 83' lang='lat' dir='ltr'><strong>elegantissime</strong></span> <span class='ocrx_word' id='word_1_678' title='bbox 3110 4441 3473 4497; x_wconf 82' lang='lat' dir='ltr'><strong>&#39;l‘ertulliauus</strong></span> <span class='ocrx_word' id='word_1_679' title='bbox 3506 4443 3710 4498; x_wconf 58' lang='lat' dir='ltr'><strong>saeculo</strong></span> 
     </span>
    </p>
   </div>
   <div class='ocr_carea' id='block_1_89' title="bbox 466 4538 3714 4615">
    <p class='ocr_par' dir='ltr' id='par_1_89' title="bbox 466 4538 3714 4615">
     <span class='ocr_line' id='line_1_89' title="bbox 466 4538 3714 4615; baseline -0.002 -20"><span class='ocrx_word' id='word_1_680' title='bbox 466 4543 611 4611; x_wconf 86' lang='lat' dir='ltr'><strong>quod</strong></span> <span class='ocrx_word' id='word_1_681' title='bbox 637 4543 1096 4598; x_wconf 87' lang='lat' dir='ltr'><strong>resurrectionem</strong></span> <span class='ocrx_word' id='word_1_682' title='bbox 1125 4543 1317 4599; x_wconf 88' lang='lat' dir='ltr'><strong>eodem</strong></span> <span class='ocrx_word' id='word_1_683' title='bbox 1350 4544 1533 4607; x_wconf 86' lang='lat' dir='ltr'><strong>modo,</strong></span> <span class='ocrx_word' id='word_1_684' title='bbox 1573 4544 2034 4615; x_wconf 88' lang='lat' dir='ltr'><strong>quemadmodum</strong></span> <span class='ocrx_word' id='word_1_685' title='bbox 2066 4555 2112 4614; x_wconf 80' lang='grc' dir='ltr'><strong>ι)</strong></span> <span class='ocrx_word' id='word_1_686' title='bbox 2139 4551 2261 4615; x_wconf 90' lang='lat' dir='ltr'><strong>post</strong></span> <span class='ocrx_word' id='word_1_687' title='bbox 2292 4552 2480 4597; x_wconf 88' lang='lat' dir='ltr'><strong>natum</strong></span> <span class='ocrx_word' id='word_1_688' title='bbox 2511 4540 2790 4597; x_wconf 90' lang='lat' dir='ltr'><strong>Christum</strong></span> <span class='ocrx_word' id='word_1_689' title='bbox 2825 4540 3007 4602; x_wconf 78' lang='lat' dir='ltr'><strong>tertio,</strong></span> <span class='ocrx_word' id='word_1_690' title='bbox 3037 4539 3160 4592; x_wconf 90' lang='lat' dir='ltr'><strong>libri</strong></span> <span class='ocrx_word' id='word_1_691' title='bbox 3186 4538 3261 4591; x_wconf 89' lang='lat' dir='ltr'><strong>De</strong></span> <span class='ocrx_word' id='word_1_692' title='bbox 3282 4545 3560 4592; x_wconf 87' lang='lat' dir='ltr'><strong>resurrect.</strong></span> <span class='ocrx_word' id='word_1_693' title='bbox 3586 4552 3714 4589; x_wconf 86' lang='lat' dir='ltr'><strong>car-</strong></span> 
     </span>
    </p>
   </div>
   <div class='ocr_carea' id='block_1_90' title="bbox 466 4635 2035 4706">
    <p class='ocr_par' dir='ltr' id='par_1_90' title="bbox 466 4635 2035 4706">
     <span class='ocr_line' id='line_1_90' title="bbox 466 4635 2035 4706; baseline 0.003 -16"><span class='ocrx_word' id='word_1_694' title='bbox 466 4636 557 4690; x_wconf 87' lang='lat' dir='ltr'><strong>lnc</strong></span> <span class='ocrx_word' id='word_1_695' title='bbox 591 4635 843 4690; x_wconf 89' lang='lat' dir='ltr'><strong>Clemens</strong></span> <span class='ocrx_word' id='word_1_696' title='bbox 886 4636 1250 4704; x_wconf 83' lang='lat' dir='ltr'><strong>explicarint;</strong></span> <span class='ocrx_word' id='word_1_697' title='bbox 1287 4651 1503 4706; x_wconf 89' lang='lat' dir='ltr'><strong>nempe,</strong></span> <span class='ocrx_word' id='word_1_698' title='bbox 1550 4654 1717 4692; x_wconf 89' lang='lat' dir='ltr'><strong>unum</strong></span> <span class='ocrx_word' id='word_1_699' title='bbox 1759 4639 2035 4695; x_wconf 86' lang='lat' dir='ltr'><strong>hominem</strong></span> 
     </span>
    </p>
   </div>
   <div class='ocr_carea' id='block_1_91' title="bbox 467 4729 2041 4801">
    <p class='ocr_par' dir='ltr' id='par_1_91' title="bbox 467 4729 2041 4801">
     <span class='ocr_line' id='line_1_91' title="bbox 467 4729 2041 4801; baseline 0.003 -19"><span class='ocrx_word' id='word_1_700' title='bbox 467 4743 667 4799; x_wconf 77' lang='lat' dir='ltr'><strong>perire,</strong></span> <span class='ocrx_word' id='word_1_701' title='bbox 704 4729 935 4784; x_wconf 87' lang='lat' dir='ltr'><strong>alterum</strong></span> <span class='ocrx_word' id='word_1_702' title='bbox 985 4729 1112 4787; x_wconf 89' lang='lat' dir='ltr'><strong>huic</strong></span> <span class='ocrx_word' id='word_1_703' title='bbox 1138 4729 1371 4784; x_wconf 87' lang='lat' dir='ltr'><strong>similem</strong></span> <span class='ocrx_word' id='word_1_704' title='bbox 1402 4731 1652 4797; x_wconf 88' lang='lat' dir='ltr'><strong>renasci;</strong></span> <span class='ocrx_word' id='word_1_705' title='bbox 1682 4730 1845 4801; x_wconf 89' lang='lat' dir='ltr'><strong>idque</strong></span> <span class='ocrx_word' id='word_1_706' title='bbox 1864 4732 1934 4786; x_wconf 90' lang='lat' dir='ltr'><strong>ad</strong></span> <span class='ocrx_word' id='word_1_707' title='bbox 1974 4731 2041 4786; x_wconf 87' lang='lat' dir='ltr'><strong>li-</strong></span> 
     </span>
    </p>
   </div>
   <div class='ocr_carea' id='block_1_92' title="bbox 468 4819 2040 4891">
    <p class='ocr_par' dir='ltr' id='par_1_92' title="bbox 468 4819 2040 4891">
     <span class='ocr_line' id='line_1_92' title="bbox 468 4819 2040 4891; baseline 0.003 -17"><span class='ocrx_word' id='word_1_708' title='bbox 468 4836 594 4874; x_wconf 90' lang='lat' dir='ltr'><strong>nem</strong></span> <span class='ocrx_word' id='word_1_709' title='bbox 626 4837 801 4891; x_wconf 87' lang='lat' dir='ltr'><strong>usque</strong></span> <span class='ocrx_word' id='word_1_710' title='bbox 831 4821 1016 4877; x_wconf 87' lang='lat' dir='ltr'><strong>mundi</strong></span> <span class='ocrx_word' id='word_1_711' title='bbox 1047 4821 1390 4875; x_wconf 87' lang='lat' dir='ltr'><strong>duraturum.</strong></span> <span class='ocrx_word' id='word_1_712' title='bbox 1432 4819 1606 4877; x_wconf 88' lang='lat' dir='ltr'><strong>Sicuti</strong></span> <span class='ocrx_word' id='word_1_713' title='bbox 1650 4821 1740 4876; x_wconf 91' lang='lat' dir='ltr'><strong>hic</strong></span> <span class='ocrx_word' id='word_1_714' title='bbox 1779 4821 2040 4879; x_wconf 89' lang='lat' dir='ltr'><strong>Clemens</strong></span> 
     </span>
    </p>
   </div>
   <div class='ocr_carea' id='block_1_93' title="bbox 468 4914 2040 4985">
    <p class='ocr_par' dir='ltr' id='par_1_93' title="bbox 468 4914 2040 4985">
     <span class='ocr_line' id='line_1_93' title="bbox 468 4914 2040 4985; baseline 0.002 -17"><span class='ocrx_word' id='word_1_715' title='bbox 468 4924 705 4978; x_wconf 82' lang='lat' dir='ltr'><strong>asserat,</strong></span> <span class='ocrx_word' id='word_1_716' title='bbox 744 4916 961 4985; x_wconf 88' lang='lat' dir='ltr'><strong>quando</strong></span> <span class='ocrx_word' id='word_1_717' title='bbox 987 4924 1245 4985; x_wconf 86' lang='lat' dir='ltr'><strong>parentes</strong></span> <span class='ocrx_word' id='word_1_718' title='bbox 1284 4914 1485 4971; x_wconf 86' lang='lat' dir='ltr'><strong>liberos</strong></span> <span class='ocrx_word' id='word_1_719' title='bbox 1511 4915 1763 4985; x_wconf 86' lang='lat' dir='ltr'><strong>gignunt,</strong></span> <span class='ocrx_word' id='word_1_720' title='bbox 1806 4916 1911 4971; x_wconf 88' lang='lat' dir='ltr'><strong>hoc</strong></span> <span class='ocrx_word' id='word_1_721' title='bbox 1943 4931 2040 4971; x_wconf 83' lang='lat' dir='ltr'><strong>vo-</strong></span> 
     </span>
    </p>
   </div>
   <div class='ocr_carea' id='block_1_94' title="bbox 470 5003 2042 5062">
    <p class='ocr_par' dir='ltr' id='par_1_94' title="bbox 470 5003 2042 5062">
     <span class='ocr_line' id='line_1_94' title="bbox 470 5003 2042 5062; baseline 0 -1"><span class='ocrx_word' id='word_1_722' title='bbox 470 5008 585 5062; x_wconf 68' lang='grc' dir='ltr'><strong>οτινί</strong></span> <span class='ocrx_word' id='word_1_723' title='bbox 647 5006 1111 5062; x_wconf 85' lang='lat' dir='ltr'><strong>resurrectionem</strong></span> <span class='ocrx_word' id='word_1_724' title='bbox 1162 5016 1527 5060; x_wconf 87' lang='lat' dir='ltr'><strong>mortuorum.</strong></span> <span class='ocrx_word' id='word_1_725' title='bbox 1579 5003 1874 5062; x_wconf 82' lang='lat' dir='ltr'><strong>Pervolvas</strong></span> <span class='ocrx_word' id='word_1_726' title='bbox 1914 5020 2042 5061; x_wconf 84' lang='lat' dir='ltr'><strong>vero</strong></span> 
     </span>
    </p>
   </div>
   <div class='ocr_carea' id='block_1_95' title="bbox 469 5096 2044 5175">
    <p class='ocr_par' dir='ltr' id='par_1_95' title="bbox 469 5096 2044 5175">
     <span class='ocr_line' id='line_1_95' title="bbox 469 5096 2044 5175; baseline -0.001 -22"><span class='ocrx_word' id='word_1_727' title='bbox 469 5107 662 5160; x_wconf 90' lang='lat' dir='ltr'><strong>totam,</strong></span> <span class='ocrx_word' id='word_1_728' title='bbox 697 5113 907 5175; x_wconf 67' lang='lat' dir='ltr'><strong>quaeso,</strong></span> <span class='ocrx_word' id='word_1_729' title='bbox 939 5098 1251 5167; x_wconf 88' lang='lat' dir='ltr'><strong>epistolam,</strong></span> <span class='ocrx_word' id='word_1_730' title='bbox 1274 5096 1574 5166; x_wconf 77' lang='lat' dir='ltr'><strong>Videasque</strong></span> <span class='ocrx_word' id='word_1_731' title='bbox 1622 5111 1753 5151; x_wconf 89' lang='lat' dir='ltr'><strong>num</strong></span> <span class='ocrx_word' id='word_1_732' title='bbox 1793 5096 1881 5151; x_wconf 80' lang='lat' dir='ltr'><strong>vel</strong></span> <span class='ocrx_word' id='word_1_733' title='bbox 1914 5112 2044 5157; x_wconf 88' lang='lat' dir='ltr'><strong>sen-</strong></span> 
     </span>
    </p>
   </div>
   <div class='ocr_carea' id='block_1_96' title="bbox 471 5188 2045 5261">
    <p class='ocr_par' dir='ltr' id='par_1_96' title="bbox 471 5188 2045 5261">
     <span class='ocr_line' id='line_1_96' title="bbox 471 5188 2045 5261; baseline -0.001 -15"><span class='ocrx_word' id='word_1_734' title='bbox 471 5205 594 5246; x_wconf 88' lang='lat' dir='ltr'><strong>sum</strong></span> <span class='ocrx_word' id='word_1_735' title='bbox 617 5192 815 5253; x_wconf 87' lang='lat' dir='ltr'><strong>solum,</strong></span> <span class='ocrx_word' id='word_1_736' title='bbox 848 5206 917 5245; x_wconf 89' lang='lat' dir='ltr'><strong>ne</strong></span> <span class='ocrx_word' id='word_1_737' title='bbox 960 5190 1136 5244; x_wconf 86' lang='lat' dir='ltr'><strong>dicam</strong></span> <span class='ocrx_word' id='word_1_738' title='bbox 1176 5189 1340 5243; x_wconf 78' lang='lat' dir='ltr'><strong>verba</strong></span> <span class='ocrx_word' id='word_1_739' title='bbox 1370 5196 1669 5258; x_wconf 84' lang='lat' dir='ltr'><strong>postrema,</strong></span> <span class='ocrx_word' id='word_1_740' title='bbox 1697 5188 1896 5245; x_wconf 80' lang='lat' dir='ltr'><strong>exinde</strong></span> <span class='ocrx_word' id='word_1_741' title='bbox 1924 5204 2045 5261; x_wconf 89' lang='lat' dir='ltr'><strong>pos-</strong></span> 
     </span>
    </p>
   </div>
   <div class='ocr_carea' id='block_1_97' title="bbox 472 5278 2039 5352">
    <p class='ocr_par' dir='ltr' id='par_1_97' title="bbox 472 5278 2039 5352">
     <span class='ocr_line' id='line_1_97' title="bbox 472 5278 2039 5352; baseline 0.001 -17"><span class='ocrx_word' id='word_1_742' title='bbox 472 5281 552 5335; x_wconf 84' lang='lat' dir='ltr'><strong>sis</strong></span> <span class='ocrx_word' id='word_1_743' title='bbox 576 5283 917 5351; x_wconf 78' lang='lat' dir='ltr'><strong>exsculpere.</strong></span> <span class='ocrx_word' id='word_1_744' title='bbox 951 5282 1377 5352; x_wconf 80' lang='lat' dir='ltr'><strong>Argumentatur</strong></span> <span class='ocrx_word' id='word_1_745' title='bbox 1405 5278 1659 5337; x_wconf 87' lang='lat' dir='ltr'><strong>Clemens</strong></span> <span class='ocrx_word' id='word_1_746' title='bbox 1689 5280 1796 5338; x_wconf 87' lang='lat' dir='ltr'><strong>hoc</strong></span> <span class='ocrx_word' id='word_1_747' title='bbox 1825 5279 1989 5339; x_wconf 88' lang='lat' dir='ltr'><strong>modo</strong></span> <span class='ocrx_word' id='word_1_748' title='bbox 2024 5298 2039 5337; x_wconf 87' lang='lat'><strong>:</strong></span> 
     </span>
    </p>
   </div>
   <div class='ocr_carea' id='block_1_98' title="bbox 475 5371 2045 5443">
    <p class='ocr_par' dir='ltr' id='par_1_98' title="bbox 475 5371 2045 5443">
     <span class='ocr_line' id='line_1_98' title="bbox 475 5371 2045 5443; baseline 0 -16"><span class='ocrx_word' id='word_1_749' title='bbox 475 5371 532 5427; x_wconf 89' lang='lat' dir='ltr'><strong>Si</strong></span> <span class='ocrx_word' id='word_1_750' title='bbox 558 5374 701 5433; x_wconf 88' lang='lat' dir='ltr'><strong>diem</strong></span> <span class='ocrx_word' id='word_1_751' title='bbox 735 5384 1064 5443; x_wconf 86' lang='lat' dir='ltr'><strong>noctemque</strong></span> <span class='ocrx_word' id='word_1_752' title='bbox 1095 5373 1319 5428; x_wconf 85' lang='lat' dir='ltr'><strong>videant</strong></span> <span class='ocrx_word' id='word_1_753' title='bbox 1358 5373 1509 5429; x_wconf 86' lang='lat' dir='ltr'><strong>abire</strong></span> <span class='ocrx_word' id='word_1_754' title='bbox 1530 5380 1585 5427; x_wconf 89' lang='lat' dir='ltr'><strong>et</strong></span> <span class='ocrx_word' id='word_1_755' title='bbox 1620 5371 1833 5438; x_wconf 90' lang='lat' dir='ltr'><strong>redire;</strong></span> <span class='ocrx_word' id='word_1_756' title='bbox 1860 5373 1907 5427; x_wconf 86' lang='lat' dir='ltr'><strong>si</strong></span> <span class='ocrx_word' id='word_1_757' title='bbox 1958 5387 2045 5427; x_wconf 80' lang='lat' dir='ltr'><strong>se-</strong></span> 
     </span>
    </p>
   </div>
   <div class='ocr_carea' id='block_1_99' title="bbox 472 5464 2046 5536">
    <p class='ocr_par' dir='ltr' id='par_1_99' title="bbox 472 5464 2046 5536">
     <span class='ocr_line' id='line_1_99' title="bbox 472 5464 2046 5536; baseline 0 -15"><span class='ocrx_word' id='word_1_758' title='bbox 472 5466 622 5521; x_wconf 88' lang='lat' dir='ltr'><strong>mina</strong></span> <span class='ocrx_word' id='word_1_759' title='bbox 654 5467 707 5520; x_wconf 91' lang='lat' dir='ltr'><strong>in</strong></span> <span class='ocrx_word' id='word_1_760' title='bbox 739 5474 941 5521; x_wconf 85' lang='lat' dir='ltr'><strong>terram</strong></span> <span class='ocrx_word' id='word_1_761' title='bbox 985 5467 1134 5536; x_wconf 89' lang='lat' dir='ltr'><strong>jacta</strong></span> <span class='ocrx_word' id='word_1_762' title='bbox 1178 5474 1646 5536; x_wconf 82' lang='lat' dir='ltr'><strong>computrescere,</strong></span> <span class='ocrx_word' id='word_1_763' title='bbox 1679 5472 1734 5521; x_wconf 87' lang='lat' dir='ltr'><strong>et</strong></span> <span class='ocrx_word' id='word_1_764' title='bbox 1768 5464 2046 5521; x_wconf 88' lang='lat' dir='ltr'><strong>nihilomi-</strong></span> 
     </span>
    </p>
   </div>
   <div class='ocr_carea' id='block_1_100' title="bbox 473 5558 2049 5628">
    <p class='ocr_par' dir='ltr' id='par_1_100' title="bbox 473 5558 2049 5628">
     <span class='ocr_line' id='line_1_100' title="bbox 473 5558 2049 5628; baseline -0.001 -12"><span class='ocrx_word' id='word_1_765' title='bbox 473 5574 579 5616; x_wconf 89' lang='lat' dir='ltr'><strong>nus</strong></span> <span class='ocrx_word' id='word_1_766' title='bbox 601 5559 796 5615; x_wconf 86' lang='lat' dir='ltr'><strong>deinde</strong></span> <span class='ocrx_word' id='word_1_767' title='bbox 822 5558 1037 5615; x_wconf 82' lang='lat' dir='ltr'><strong>fructus</strong></span> <span class='ocrx_word' id='word_1_768' title='bbox 1063 5559 1207 5616; x_wconf 79' lang='lat' dir='ltr'><strong>ferre</strong></span> <span class='ocrx_word' id='word_1_769' title='bbox 1234 5579 1248 5614; x_wconf 89' lang='lat'><strong>:</strong></span> <span class='ocrx_word' id='word_1_770' title='bbox 1274 5560 1324 5615; x_wconf 90' lang='lat' dir='ltr'><strong>si</strong></span> <span class='ocrx_word' id='word_1_771' title='bbox 1356 5559 1662 5628; x_wconf 70' lang='lat' dir='ltr'><strong>phoenicem</strong></span> <span class='ocrx_word' id='word_1_772' title='bbox 1706 5558 1934 5615; x_wconf 85' lang='lat' dir='ltr'><strong>credant</strong></span> <span class='ocrx_word' id='word_1_773' title='bbox 1968 5575 2049 5614; x_wconf 89' lang='lat' dir='ltr'><strong>se-</strong></span> 
     </span>
    </p>
   </div>
   <div class='ocr_carea' id='block_1_101' title="bbox 474 5648 2045 5725">
    <p class='ocr_par' dir='ltr' id='par_1_101' title="bbox 474 5648 2045 5725">
     <span class='ocr_line' id='line_1_101' title="bbox 474 5648 2045 5725; baseline -0.001 -20"><span class='ocrx_word' id='word_1_774' title='bbox 474 5654 666 5724; x_wconf 83' lang='lat' dir='ltr'><strong>pulcro</strong></span> <span class='ocrx_word' id='word_1_775' title='bbox 698 5652 801 5707; x_wconf 90' lang='lat' dir='ltr'><strong>sibi</strong></span> <span class='ocrx_word' id='word_1_776' title='bbox 825 5660 1109 5707; x_wconf 82' lang='lat' dir='ltr'><strong>exstructo</strong></span> <span class='ocrx_word' id='word_1_777' title='bbox 1141 5648 1277 5707; x_wconf 87' lang='lat' dir='ltr'><strong>mori</strong></span> <span class='ocrx_word' id='word_1_778' title='bbox 1301 5660 1355 5708; x_wconf 84' lang='lat' dir='ltr'><strong>et</strong></span> <span class='ocrx_word' id='word_1_779' title='bbox 1387 5666 1454 5705; x_wconf 75' lang='lat' dir='ltr'><strong>ex</strong></span> <span class='ocrx_word' id='word_1_780' title='bbox 1486 5651 1668 5725; x_wconf 78' lang='lat' dir='ltr'><strong>seipse</strong></span> <span class='ocrx_word' id='word_1_781' title='bbox 1690 5651 1943 5717; x_wconf 88' lang='lat' dir='ltr'><strong>renasci;</strong></span> <span class='ocrx_word' id='word_1_782' title='bbox 1977 5666 2045 5704; x_wconf 89' lang='lat' dir='ltr'><strong>an</strong></span> 
     </span>
    </p>
   </div>
   <div class='ocr_carea' id='block_1_102' title="bbox 475 5741 2047 5814">
    <p class='ocr_par' dir='ltr' id='par_1_102' title="bbox 475 5741 2047 5814">
     <span class='ocr_line' id='line_1_102' title="bbox 475 5741 2047 5814; baseline -0.004 -13"><span class='ocrx_word' id='word_1_783' title='bbox 475 5762 722 5814; x_wconf 81' lang='lat' dir='ltr'><strong>magnum</strong></span> <span class='ocrx_word' id='word_1_784' title='bbox 748 5755 798 5801; x_wconf 91' lang='lat' dir='ltr'><strong>et</strong></span> <span class='ocrx_word' id='word_1_785' title='bbox 829 5744 1069 5799; x_wconf 87' lang='lat' dir='ltr'><strong>mirabile</strong></span> <span class='ocrx_word' id='word_1_786' title='bbox 1083 5745 1152 5798; x_wconf 92' lang='lat' dir='ltr'><strong>sit</strong></span> <span class='ocrx_word' id='word_1_787' title='bbox 1181 5741 1516 5809; x_wconf 83' lang='lat' dir='ltr'><strong>censendum,</strong></span> <span class='ocrx_word' id='word_1_788' title='bbox 1542 5744 1588 5798; x_wconf 89' lang='lat' dir='ltr'><strong>si</strong></span> <span class='ocrx_word' id='word_1_789' title='bbox 1613 5759 1789 5799; x_wconf 79' lang='lat' dir='ltr'><strong>rerum</strong></span> <span class='ocrx_word' id='word_1_790' title='bbox 1816 5743 2047 5797; x_wconf 86' lang='lat' dir='ltr'><strong>omnium</strong></span> 
     </span>
    </p>
   </div>
   <div class='ocr_carea' id='block_1_103' title="bbox 475 5833 2042 5911">
    <p class='ocr_par' dir='ltr' id='par_1_103' title="bbox 475 5833 2042 5911">
     <span class='ocr_line' id='line_1_103' title="bbox 475 5833 2042 5911; baseline -0.004 -20"><span class='ocrx_word' id='word_1_791' title='bbox 475 5838 671 5907; x_wconf 71' lang='lat' dir='ltr'><strong>opifex,</strong></span> <span class='ocrx_word' id='word_1_792' title='bbox 710 5845 767 5893; x_wconf 90' lang='lat' dir='ltr'><strong>ut</strong></span> <span class='ocrx_word' id='word_1_793' title='bbox 801 5838 918 5911; x_wconf 87' lang='lat' dir='ltr'><strong>ipse</strong></span> <span class='ocrx_word' id='word_1_794' title='bbox 941 5836 1206 5907; x_wconf 82' lang='lat' dir='ltr'><strong>loquitur,</strong></span> <span class='ocrx_word' id='word_1_795' title='bbox 1234 5853 1502 5907; x_wconf 84' lang='lat' dir='ltr'><strong>resurgere</strong></span> <span class='ocrx_word' id='word_1_796' title='bbox 1541 5852 1626 5891; x_wconf 88' lang='lat' dir='ltr'><strong>eos</strong></span> <span class='ocrx_word' id='word_1_797' title='bbox 1652 5835 1840 5905; x_wconf 76' lang='lat' dir='ltr'><strong>faciat,</strong></span> <span class='ocrx_word' id='word_1_798' title='bbox 1872 5838 1958 5905; x_wconf 82' lang='lat' dir='ltr'><strong>qui</strong></span> <span class='ocrx_word' id='word_1_799' title='bbox 1990 5833 2042 5885; x_wconf 84' lang='lat' dir='ltr'><strong>in</strong></span> 
     </span>
    </p>
   </div>
   <div class='ocr_carea' id='block_1_104' title="bbox 2140 4628 3712 4704">
    <p class='ocr_par' dir='ltr' id='par_1_104' title="bbox 2140 4628 3712 4704">
     <span class='ocr_line' id='line_1_104' title="bbox 2140 4628 3712 4704; baseline -0.006 -15"><span class='ocrx_word' id='word_1_800' title='bbox 2140 4637 2221 4689; x_wconf 72' lang='lat' dir='ltr'><strong>nis</strong></span> <span class='ocrx_word' id='word_1_801' title='bbox 2246 4650 2369 4704; x_wconf 90' lang='lat' dir='ltr'><strong>cap.</strong></span> <span class='ocrx_word' id='word_1_802' title='bbox 2396 4633 2464 4687; x_wconf 70' lang='lat' dir='ltr'><strong>i2</strong></span> <span class='ocrx_word' id='word_1_803' title='bbox 2483 4640 2540 4687; x_wconf 88' lang='lat' dir='ltr'><strong>et</strong></span> <span class='ocrx_word' id='word_1_804' title='bbox 2559 4632 2648 4696; x_wconf 75' lang='grc'><strong>15,</strong></span> <span class='ocrx_word' id='word_1_805' title='bbox 2674 4647 2743 4686; x_wconf 89' lang='lat' dir='ltr'><strong>ne</strong></span> <span class='ocrx_word' id='word_1_806' title='bbox 2774 4632 2950 4686; x_wconf 89' lang='lat' dir='ltr'><strong>solum</strong></span> <span class='ocrx_word' id='word_1_807' title='bbox 2973 4631 3308 4685; x_wconf 89' lang='lat' dir='ltr'><strong>Clementem</strong></span> <span class='ocrx_word' id='word_1_808' title='bbox 3331 4628 3598 4698; x_wconf 85' lang='lat' dir='ltr'><strong>ejusmodi</strong></span> <span class='ocrx_word' id='word_1_809' title='bbox 3626 4643 3712 4681; x_wconf 88' lang='lat' dir='ltr'><strong>ar-</strong></span> 
     </span>
    </p>
   </div>
   <div class='ocr_carea' id='block_1_105' title="bbox 2142 4719 3708 4797">
    <p class='ocr_par' dir='ltr' id='par_1_105' title="bbox 2142 4719 3708 4797">
     <span class='ocr_line' id='line_1_105' title="bbox 2142 4719 3708 4797; baseline -0.006 -15"><span class='ocrx_word' id='word_1_810' title='bbox 2142 4725 2420 4797; x_wconf 88' lang='lat' dir='ltr'><strong>gumentis</strong></span> <span class='ocrx_word' id='word_1_811' title='bbox 2478 4740 2642 4779; x_wconf 88' lang='lat' dir='ltr'><strong>usum</strong></span> <span class='ocrx_word' id='word_1_812' title='bbox 2686 4723 2987 4778; x_wconf 77' lang='lat' dir='ltr'><strong>existimes.</strong></span> <span class='ocrx_word' id='word_1_813' title='bbox 3042 4721 3178 4775; x_wconf 80' lang='lat' dir='ltr'><strong>Nam</strong></span> <span class='ocrx_word' id='word_1_814' title='bbox 3230 4728 3286 4776; x_wconf 93' lang='lat' dir='ltr'><strong>et</strong></span> <span class='ocrx_word' id='word_1_815' title='bbox 3342 4719 3708 4790; x_wconf 81' lang='lat' dir='ltr'><strong>Epiphanius,</strong></span> 
     </span>
    </p>
   </div>
   <div class='ocr_carea' id='block_1_106' title="bbox 2141 4812 3711 4887">
    <p class='ocr_par' dir='ltr' id='par_1_106' title="bbox 2141 4812 3711 4887">
     <span class='ocr_line' id='line_1_106' title="bbox 2141 4812 3711 4887; baseline -0.004 -14"><span class='ocrx_word' id='word_1_816' title='bbox 2141 4818 2479 4874; x_wconf 68' lang='lat' dir='ltr'><strong>Constantia:</strong></span> <span class='ocrx_word' id='word_1_817' title='bbox 2504 4815 2668 4887; x_wconf 85' lang='lat' dir='ltr'><strong>Cypri</strong></span> <span class='ocrx_word' id='word_1_818' title='bbox 2696 4815 3008 4884; x_wconf 87' lang='lat' dir='ltr'><strong>episcopus,</strong></span> <span class='ocrx_word' id='word_1_819' title='bbox 3037 4819 3092 4867; x_wconf 88' lang='lat' dir='ltr'><strong>in</strong></span> <span class='ocrx_word' id='word_1_820' title='bbox 3121 4814 3391 4867; x_wconf 87' lang='lat' dir='ltr'><strong>Ancorato</strong></span> <span class='ocrx_word' id='word_1_821' title='bbox 3443 4827 3544 4867; x_wconf 91' lang='lat' dir='ltr'><strong>suo</strong></span> <span class='ocrx_word' id='word_1_822' title='bbox 3594 4812 3711 4866; x_wconf 75' lang='lat' dir='ltr'><strong>sive</strong></span> 
     </span>
    </p>
   </div>
   <div class='ocr_carea' id='block_1_107' title="bbox 2143 4902 3712 4976">
    <p class='ocr_par' dir='ltr' id='par_1_107' title="bbox 2143 4902 3712 4976">
     <span class='ocr_line' id='line_1_107' title="bbox 2143 4902 3712 4976; baseline -0.006 -11"><span class='ocrx_word' id='word_1_823' title='bbox 2143 4910 2266 4965; x_wconf 83' lang='lat' dir='ltr'><strong>ﬁdei</strong></span> <span class='ocrx_word' id='word_1_824' title='bbox 2311 4908 2637 4964; x_wconf 68' lang='lat' dir='ltr'><strong>Christiana:</strong></span> <span class='ocrx_word' id='word_1_825' title='bbox 2672 4906 3033 4976; x_wconf 77' lang='lat' dir='ltr'><strong>expositione,</strong></span> <span class='ocrx_word' id='word_1_826' title='bbox 3086 4914 3139 4959; x_wconf 89' lang='lat' dir='ltr'><strong>et</strong></span> <span class='ocrx_word' id='word_1_827' title='bbox 3181 4904 3419 4975; x_wconf 86' lang='lat' dir='ltr'><strong>Cyrillns</strong></span> <span class='ocrx_word' id='word_1_828' title='bbox 3454 4902 3712 4957; x_wconf 84' lang='lat' dir='ltr'><strong>Hieroso-</strong></span> 
     </span>
    </p>
   </div>
   <div class='ocr_carea' id='block_1_108' title="bbox 2143 4993 3712 5073">
    <p class='ocr_par' dir='ltr' id='par_1_108' title="bbox 2143 4993 3712 5073">
     <span class='ocr_line' id='line_1_108' title="bbox 2143 4993 3712 5073; baseline -0.005 -18"><span class='ocrx_word' id='word_1_829' title='bbox 2143 5002 2460 5073; x_wconf 85' lang='lat' dir='ltr'><strong>lymitanus,</strong></span> <span class='ocrx_word' id='word_1_830' title='bbox 2481 4998 2750 5055; x_wconf 85' lang='lat' dir='ltr'><strong>Catechesi</strong></span> <span class='ocrx_word' id='word_1_831' title='bbox 2768 5012 2926 5060; x_wconf 70' lang='lat' dir='ltr'><strong>thll,</strong></span> <span class='ocrx_word' id='word_1_832' title='bbox 2941 5004 3054 5050; x_wconf 88' lang='lat' dir='ltr'><strong>tum</strong></span> <span class='ocrx_word' id='word_1_833' title='bbox 3072 4994 3398 5052; x_wconf 89' lang='lat' dir='ltr'><strong>Dracontius</strong></span> <span class='ocrx_word' id='word_1_834' title='bbox 3420 4996 3474 5049; x_wconf 90' lang='lat' dir='ltr'><strong>in</strong></span> <span class='ocrx_word' id='word_1_835' title='bbox 3496 4993 3712 5049; x_wconf 75' lang='lat' dir='ltr'><strong>Hexae-</strong></span> 
     </span>
    </p>
   </div>
   <div class='ocr_carea' id='block_1_109' title="bbox 2143 5087 3711 5163">
    <p class='ocr_par' dir='ltr' id='par_1_109' title="bbox 2143 5087 3711 5163">
     <span class='ocr_line' id='line_1_109' title="bbox 2143 5087 3711 5163; baseline -0.003 -17"><span class='ocrx_word' id='word_1_836' title='bbox 2143 5110 2283 5163; x_wconf 77' lang='lat' dir='ltr'><strong>merq</strong></span> <span class='ocrx_word' id='word_1_837' title='bbox 2339 5092 2394 5146; x_wconf 90' lang='lat' dir='ltr'><strong>in</strong></span> <span class='ocrx_word' id='word_1_838' title='bbox 2429 5089 2675 5145; x_wconf 88' lang='lat' dir='ltr'><strong>eamdem</strong></span> <span class='ocrx_word' id='word_1_839' title='bbox 2725 5090 2976 5144; x_wconf 88' lang='lat' dir='ltr'><strong>scribunt</strong></span> <span class='ocrx_word' id='word_1_840' title='bbox 3038 5089 3390 5151; x_wconf 86' lang='lat' dir='ltr'><strong>sententiam,</strong></span> <span class='ocrx_word' id='word_1_841' title='bbox 3445 5096 3504 5141; x_wconf 89' lang='lat' dir='ltr'><strong>ut</strong></span> <span class='ocrx_word' id='word_1_842' title='bbox 3571 5087 3711 5141; x_wconf 87' lang='lat' dir='ltr'><strong>alios</strong></span> 
     </span>
    </p>
   </div>
   <div class='ocr_carea' id='block_1_110' title="bbox 2144 5179 3713 5254">
    <p class='ocr_par' dir='ltr' id='par_1_110' title="bbox 2144 5179 3713 5254">
     <span class='ocr_line' id='line_1_110' title="bbox 2144 5179 3713 5254; baseline -0.005 -13"><span class='ocrx_word' id='word_1_843' title='bbox 2144 5188 2390 5241; x_wconf 89' lang='lat' dir='ltr'><strong>omittam</strong></span> <span class='ocrx_word' id='word_1_844' title='bbox 2417 5184 2512 5254; x_wconf 88' lang='lat' dir='ltr'><strong>qui</strong></span> <span class='ocrx_word' id='word_1_845' title='bbox 2535 5184 2602 5238; x_wconf 91' lang='lat' dir='ltr'><strong>de</strong></span> <span class='ocrx_word' id='word_1_846' title='bbox 2625 5184 2876 5252; x_wconf 67' lang='lat' dir='ltr'><strong>phoenice</strong></span> <span class='ocrx_word' id='word_1_847' title='bbox 2900 5191 3159 5252; x_wconf 87' lang='lat' dir='ltr'><strong>tanquam</strong></span> <span class='ocrx_word' id='word_1_848' title='bbox 3187 5179 3606 5236; x_wconf 87' lang='lat' dir='ltr'><strong>resurrectionis</strong></span> <span class='ocrx_word' id='word_1_849' title='bbox 3636 5181 3713 5234; x_wconf 87' lang='lat' dir='ltr'><strong>si-</strong></span> 
     </span>
    </p>
   </div>
   <div class='ocr_carea' id='block_1_111' title="bbox 2145 5270 3714 5346">
    <p class='ocr_par' dir='ltr' id='par_1_111' title="bbox 2145 5270 3714 5346">
     <span class='ocr_line' id='line_1_111' title="bbox 2145 5270 3714 5346; baseline -0.005 -13"><span class='ocrx_word' id='word_1_850' title='bbox 2145 5291 2253 5346; x_wconf 85' lang='lat' dir='ltr'><strong>gno</strong></span> <span class='ocrx_word' id='word_1_851' title='bbox 2292 5275 2646 5345; x_wconf 85' lang='lat' dir='ltr'><strong>singulariter</strong></span> <span class='ocrx_word' id='word_1_852' title='bbox 2698 5274 3019 5343; x_wconf 87' lang='lat' dir='ltr'><strong>loquuntur.</strong></span> <span class='ocrx_word' id='word_1_853' title='bbox 3060 5270 3137 5327; x_wconf 90' lang='lat' dir='ltr'><strong>De</strong></span> <span class='ocrx_word' id='word_1_854' title='bbox 3173 5286 3237 5325; x_wconf 89' lang='lat' dir='ltr'><strong>ea</strong></span> <span class='ocrx_word' id='word_1_855' title='bbox 3277 5286 3511 5340; x_wconf 85' lang='lat' dir='ltr'><strong>namque</strong></span> <span class='ocrx_word' id='word_1_856' title='bbox 3534 5270 3586 5323; x_wconf 90' lang='lat' dir='ltr'><strong>in</strong></span> <span class='ocrx_word' id='word_1_857' title='bbox 3616 5285 3714 5325; x_wconf 85' lang='lat' dir='ltr'><strong>ore</strong></span> 
     </span>
    </p>
   </div>
   <div class='ocr_carea' id='block_1_112' title="bbox 2145 5362 3711 5439">
    <p class='ocr_par' dir='ltr' id='par_1_112' title="bbox 2145 5362 3711 5439">
     <span class='ocr_line' id='line_1_112' title="bbox 2145 5362 3711 5439; baseline -0.007 -13"><span class='ocrx_word' id='word_1_858' title='bbox 2145 5370 2273 5426; x_wconf 90' lang='lat' dir='ltr'><strong>olim</strong></span> <span class='ocrx_word' id='word_1_859' title='bbox 2301 5378 2466 5439; x_wconf 87' lang='lat' dir='ltr'><strong>atque</strong></span> <span class='ocrx_word' id='word_1_860' title='bbox 2503 5369 2556 5423; x_wconf 89' lang='lat' dir='ltr'><strong>in</strong></span> <span class='ocrx_word' id='word_1_861' title='bbox 2586 5382 2845 5423; x_wconf 88' lang='lat' dir='ltr'><strong>sermone</strong></span> <span class='ocrx_word' id='word_1_862' title='bbox 2887 5366 3132 5421; x_wconf 88' lang='lat' dir='ltr'><strong>omnium</strong></span> <span class='ocrx_word' id='word_1_863' title='bbox 3169 5373 3287 5419; x_wconf 87' lang='lat' dir='ltr'><strong>erat</strong></span> <span class='ocrx_word' id='word_1_864' title='bbox 3321 5362 3504 5417; x_wconf 80' lang='lat' dir='ltr'><strong>fabula</strong></span> <span class='ocrx_word' id='word_1_865' title='bbox 3543 5382 3556 5417; x_wconf 88' lang='lat'><strong>:</strong></span> <span class='ocrx_word' id='word_1_866' title='bbox 3584 5362 3711 5417; x_wconf 80' lang='lat' dir='ltr'><strong>lam</strong></span> 
     </span>
    </p>
   </div>
   <div class='ocr_carea' id='block_1_113' title="bbox 2148 5460 3716 5533">
    <p class='ocr_par' dir='ltr' id='par_1_113' title="bbox 2148 5460 3716 5533">
     <span class='ocr_line' id='line_1_113' title="bbox 2148 5460 3716 5533; baseline -0.007 -12"><span class='ocrx_word' id='word_1_867' title='bbox 2148 5465 2215 5521; x_wconf 85' lang='lat' dir='ltr'><strong>ad</strong></span> <span class='ocrx_word' id='word_1_868' title='bbox 2247 5481 2401 5519; x_wconf 89' lang='lat' dir='ltr'><strong>aures</strong></span> <span class='ocrx_word' id='word_1_869' title='bbox 2434 5463 2721 5517; x_wconf 91' lang='lat' dir='ltr'><strong>multorum</strong></span> <span class='ocrx_word' id='word_1_870' title='bbox 2753 5464 2984 5533; x_wconf 83' lang='lat' dir='ltr'><strong>pervenit</strong></span> <span class='ocrx_word' id='word_1_871' title='bbox 3033 5460 3351 5515; x_wconf 86' lang='lat' dir='ltr'><strong>credentium</strong></span> <span class='ocrx_word' id='word_1_872' title='bbox 3380 5470 3428 5513; x_wconf 89' lang='lat' dir='ltr'><strong>et</strong></span> <span class='ocrx_word' id='word_1_873' title='bbox 3457 5475 3560 5512; x_wconf 89' lang='lat' dir='ltr'><strong>non</strong></span> <span class='ocrx_word' id='word_1_874' title='bbox 3599 5474 3716 5511; x_wconf 88' lang='lat' dir='ltr'><strong>cre-</strong></span> 
     </span>
    </p>
   </div>
   <div class='ocr_carea' id='block_1_114' title="bbox 2147 5549 3713 5626">
    <p class='ocr_par' dir='ltr' id='par_1_114' title="bbox 2147 5549 3713 5626">
     <span class='ocr_line' id='line_1_114' title="bbox 2147 5549 3713 5626; baseline -0.006 -14"><span class='ocrx_word' id='word_1_875' title='bbox 2147 5557 2401 5621; x_wconf 86' lang='lat' dir='ltr'><strong>dentium,</strong></span> <span class='ocrx_word' id='word_1_876' title='bbox 2429 5555 2609 5626; x_wconf 84' lang='lat' dir='ltr'><strong>inquit</strong></span> <span class='ocrx_word' id='word_1_877' title='bbox 2636 5554 2975 5625; x_wconf 89' lang='lat' dir='ltr'><strong>Epiphanius</strong></span> <span class='ocrx_word' id='word_1_878' title='bbox 3003 5553 3151 5608; x_wconf 92' lang='lat' dir='ltr'><strong>dicto</strong></span> <span class='ocrx_word' id='word_1_879' title='bbox 3178 5552 3297 5605; x_wconf 91' lang='lat' dir='ltr'><strong>loco</strong></span> <span class='ocrx_word' id='word_1_880' title='bbox 3320 5569 3335 5617; x_wconf 86' lang='lat'><strong>;</strong></span> <span class='ocrx_word' id='word_1_881' title='bbox 3365 5549 3508 5603; x_wconf 90' lang='lat' dir='ltr'><strong>unde</strong></span> <span class='ocrx_word' id='word_1_882' title='bbox 3532 5557 3584 5603; x_wconf 90' lang='lat' dir='ltr'><strong>et</strong></span> <span class='ocrx_word' id='word_1_883' title='bbox 3600 5556 3713 5603; x_wconf 89' lang='lat' dir='ltr'><strong>tam</strong></span> 
     </span>
    </p>
   </div>
   <div class='ocr_carea' id='block_1_115' title="bbox 2150 5640 3710 5718">
    <p class='ocr_par' dir='ltr' id='par_1_115' title="bbox 2150 5640 3710 5718">
     <span class='ocr_line' id='line_1_115' title="bbox 2150 5640 3710 5718; baseline -0.007 -15"><span class='ocrx_word' id='word_1_884' title='bbox 2150 5647 2408 5718; x_wconf 79' lang='lat' dir='ltr'><strong>frequens</strong></span> <span class='ocrx_word' id='word_1_885' title='bbox 2447 5647 2570 5716; x_wconf 90' lang='lat' dir='ltr'><strong>ejus</strong></span> <span class='ocrx_word' id='word_1_886' title='bbox 2597 5661 2722 5701; x_wconf 88' lang='lat' dir='ltr'><strong>cum</strong></span> <span class='ocrx_word' id='word_1_887' title='bbox 2751 5646 2896 5715; x_wconf 87' lang='lat' dir='ltr'><strong>apud</strong></span> <span class='ocrx_word' id='word_1_888' title='bbox 2941 5644 3192 5712; x_wconf 76' lang='lat' dir='ltr'><strong>gentiles,</strong></span> <span class='ocrx_word' id='word_1_889' title='bbox 3220 5649 3336 5695; x_wconf 88' lang='lat' dir='ltr'><strong>tum</strong></span> <span class='ocrx_word' id='word_1_890' title='bbox 3362 5640 3710 5696; x_wconf 88' lang='lat' dir='ltr'><strong>Christianos</strong></span> 
     </span>
    </p>
   </div>
   <div class='ocr_carea' id='block_1_116' title="bbox 2150 5734 3713 5802">
    <p class='ocr_par' dir='ltr' id='par_1_116' title="bbox 2150 5734 3713 5802">
     <span class='ocr_line' id='line_1_116' title="bbox 2150 5734 3713 5802; baseline -0.008 -6"><span class='ocrx_word' id='word_1_891' title='bbox 2150 5741 2376 5802; x_wconf 88' lang='lat' dir='ltr'><strong>mentio,</strong></span> <span class='ocrx_word' id='word_1_892' title='bbox 2425 5739 2554 5794; x_wconf 89' lang='lat' dir='ltr'><strong>licet</strong></span> <span class='ocrx_word' id='word_1_893' title='bbox 2590 5739 2645 5792; x_wconf 91' lang='lat' dir='ltr'><strong>in</strong></span> <span class='ocrx_word' id='word_1_894' title='bbox 2694 5739 2913 5793; x_wconf 90' lang='lat' dir='ltr'><strong>illorum</strong></span> <span class='ocrx_word' id='word_1_895' title='bbox 2954 5734 3364 5791; x_wconf 87' lang='lat' dir='ltr'><strong>narrationibus</strong></span> <span class='ocrx_word' id='word_1_896' title='bbox 3405 5747 3513 5787; x_wconf 91' lang='lat' dir='ltr'><strong>non</strong></span> <span class='ocrx_word' id='word_1_897' title='bbox 3548 5746 3713 5800; x_wconf 77' lang='lat' dir='ltr'><strong>parva</strong></span> 
     </span>
    </p>
   </div>
   <div class='ocr_carea' id='block_1_117' title="bbox 2152 5822 3710 5904">
    <p class='ocr_par' dir='ltr' id='par_1_117' title="bbox 2152 5822 3710 5904">
     <span class='ocr_line' id='line_1_117' title="bbox 2152 5822 3710 5904; baseline -0.009 -14"><span class='ocrx_word' id='word_1_898' title='bbox 2152 5833 2462 5904; x_wconf 71' lang='lat' dir='ltr'><strong>reperiatur</strong></span> <span class='ocrx_word' id='word_1_899' title='bbox 2482 5832 2736 5887; x_wconf 73' lang='lat' dir='ltr'><strong>varietas.</strong></span> <span class='ocrx_word' id='word_1_900' title='bbox 2764 5829 3023 5886; x_wconf 78' lang='lat' dir='ltr'><strong>Videatur</strong></span> <span class='ocrx_word' id='word_1_901' title='bbox 3053 5845 3120 5884; x_wconf 78' lang='lat' dir='ltr'><strong>ex</strong></span> <span class='ocrx_word' id='word_1_902' title='bbox 3142 5824 3590 5883; x_wconf 14' lang='lat' dir='ltr'><strong>illisillerodotus</strong></span> <span class='ocrx_word' id='word_1_903' title='bbox 3614 5822 3710 5878; x_wconf 83' lang='lat' dir='ltr'><strong>lib.</strong></span> 
     </span>
    </p>
   </div>
  </div>
