  <div class='ocr_page' id='page_1' title='image "/cluster/home/n/w/nwhite01/storage/ocr_20150623/1/hvd.32044073501405/034.png"; bbox 0 0 4070 6340; ppageno 0'>
   <div class='ocr_carea' id='block_1_1' title="bbox 306 390 379 443">
    <p class='ocr_par' dir='ltr' id='par_1_1' title="bbox 306 390 379 443">
     <span class='ocr_line' id='line_1_1' title="bbox 306 390 379 443; baseline -0.041 0"><span class='ocrx_word' id='word_1_1' title='bbox 306 390 379 443; x_wconf 78' lang='grc'><strong>57</strong></span> 
     </span>
    </p>
   </div>
   <div class='ocr_carea' id='block_1_2' title="bbox 1543 395 1864 478">
    <p class='ocr_par' dir='ltr' id='par_1_2' title="bbox 1543 403 1864 458">
     <span class='ocr_line' id='line_1_2' title="bbox 1543 403 1864 458; baseline 0.003 -2"><span class='ocrx_word' id='word_1_2' title='bbox 1543 403 1864 458; x_wconf 68' lang='grc' dir='ltr'><strong>ΡΠΟΕῈΜΙΑ</strong></span> 
     </span>
    </p>
   </div>
   <div class='ocr_carea' id='block_1_3' title="bbox 1969 395 3560 478">
    <p class='ocr_par' dir='ltr' id='par_1_3' title="bbox 1972 401 3560 478">
     <span class='ocr_line' id='line_1_3' title="bbox 1972 401 3560 478; baseline 0.014 -22"><span class='ocrx_word' id='word_1_3' title='bbox 1972 401 2307 462; x_wconf 70' lang='grc' dir='ltr'><strong>ΑΒΙΟΒΠΜ.</strong></span> <span class='ocrx_word' id='word_1_4' title='bbox 3490 418 3560 478; x_wconf 75' lang='grc'><strong>38</strong></span> 
     </span>
    </p>
   </div>
   <div class='ocr_carea' id='block_1_4' title="bbox 306 509 3560 600">
    <p class='ocr_par' dir='ltr' id='par_1_4' title="bbox 306 509 3560 600">
     <span class='ocr_line' id='line_1_4' title="bbox 306 509 3560 600; baseline 0.007 -34"><span class='ocrx_word' id='word_1_5' title='bbox 306 529 369 574; x_wconf 88' lang='grc' dir='ltr'><strong>ιι,</strong></span> <span class='ocrx_word' id='word_1_6' title='bbox 401 526 523 581; x_wconf 72' lang='lat' dir='ltr'><strong>cap.</strong></span> <span class='ocrx_word' id='word_1_7' title='bbox 555 509 659 580; x_wconf 79' lang='lat'><strong>73;</strong></span> <span class='ocrx_word' id='word_1_8' title='bbox 683 509 866 577; x_wconf 88' lang='lat' dir='ltr'><strong>0vid.,</strong></span> <span class='ocrx_word' id='word_1_9' title='bbox 920 529 991 568; x_wconf 87' lang='lat' dir='ltr'><strong>xv</strong></span> <span class='ocrx_word' id='word_1_10' title='bbox 1032 512 1384 583; x_wconf 72' lang='lat' dir='ltr'><strong>Metamorph.</strong></span> <span class='ocrx_word' id='word_1_11' title='bbox 1413 532 1555 573; x_wconf 72' lang='lat' dir='ltr'><strong>vers.</strong></span> <span class='ocrx_word' id='word_1_12' title='bbox 1593 519 1730 584; x_wconf 70' lang='lat'><strong>592;</strong></span> <span class='ocrx_word' id='word_1_13' title='bbox 1777 518 1884 573; x_wconf 86' lang='lat' dir='ltr'><strong>Pli—</strong></span> <span class='ocrx_word' id='word_1_14' title='bbox 1916 522 1962 579; x_wconf 80' lang='grc' dir='ltr'><strong>Α</strong></span> <span class='ocrx_word' id='word_1_15' title='bbox 1990 533 2179 574; x_wconf 80' lang='lat' dir='ltr'><strong>ansam</strong></span> <span class='ocrx_word' id='word_1_16' title='bbox 2220 536 2251 574; x_wconf 88' lang='lat' dir='ltr'><strong>a</strong></span> <span class='ocrx_word' id='word_1_17' title='bbox 2290 520 2527 578; x_wconf 83' lang='lat' dir='ltr'><strong>Patricio</strong></span> <span class='ocrx_word' id='word_1_18' title='bbox 2557 520 2940 591; x_wconf 81' lang='lat' dir='ltr'><strong>dissentiendi,</strong></span> <span class='ocrx_word' id='word_1_19' title='bbox 2970 534 3249 600; x_wconf 92' lang='lat' dir='ltr'><strong>totamque</strong></span> <span class='ocrx_word' id='word_1_20' title='bbox 3272 529 3560 600; x_wconf 81' lang='lat' dir='ltr'><strong>epistolam</strong></span> 
     </span>
    </p>
   </div>
   <div class='ocr_carea' id='block_1_5' title="bbox 300 602 1881 679">
    <p class='ocr_par' dir='ltr' id='par_1_5' title="bbox 300 602 1881 679">
     <span class='ocr_line' id='line_1_5' title="bbox 300 602 1881 679; baseline 0.006 -24"><span class='ocrx_word' id='word_1_21' title='bbox 300 606 461 670; x_wconf 87' lang='lat' dir='ltr'><strong>nius,</strong></span> <span class='ocrx_word' id='word_1_22' title='bbox 492 602 583 658; x_wconf 85' lang='lat' dir='ltr'><strong>lib.</strong></span> <span class='ocrx_word' id='word_1_23' title='bbox 610 618 646 657; x_wconf 85' lang='lat' dir='ltr'><strong>x</strong></span> <span class='ocrx_word' id='word_1_24' title='bbox 681 602 890 661; x_wconf 72' lang='lat' dir='ltr'><strong>Hister.</strong></span> <span class='ocrx_word' id='word_1_25' title='bbox 916 608 1181 663; x_wconf 86' lang='lat' dir='ltr'><strong>naturalis</strong></span> <span class='ocrx_word' id='word_1_26' title='bbox 1206 624 1327 679; x_wconf 85' lang='lat' dir='ltr'><strong>cap.</strong></span> <span class='ocrx_word' id='word_1_27' title='bbox 1372 608 1438 677; x_wconf 75' lang='lat'><strong>2;</strong></span> <span class='ocrx_word' id='word_1_28' title='bbox 1473 609 1627 679; x_wconf 80' lang='lat' dir='ltr'><strong>Mela,</strong></span> <span class='ocrx_word' id='word_1_29' title='bbox 1653 611 1748 675; x_wconf 84' lang='lat' dir='ltr'><strong>lib.</strong></span> <span class='ocrx_word' id='word_1_30' title='bbox 1780 627 1840 664; x_wconf 89' lang='grc' dir='ltr'><strong>ιιι</strong></span> <span class='ocrx_word' id='word_1_31' title='bbox 1866 628 1881 677; x_wconf 86' lang='lat'><strong>;</strong></span> 
     </span>
    </p>
   </div>
   <div class='ocr_carea' id='block_1_6' title="bbox 304 693 1882 769">
    <p class='ocr_par' dir='ltr' id='par_1_6' title="bbox 304 693 1882 769">
     <span class='ocr_line' id='line_1_6' title="bbox 304 693 1882 769; baseline 0.006 -21"><span class='ocrx_word' id='word_1_32' title='bbox 304 693 528 751; x_wconf 76' lang='lat' dir='ltr'><strong>Solinus</strong></span> <span class='ocrx_word' id='word_1_33' title='bbox 549 693 843 767; x_wconf 76' lang='lat' dir='ltr'><strong>Polyli&#39;ist.,</strong></span> <span class='ocrx_word' id='word_1_34' title='bbox 876 713 997 769; x_wconf 85' lang='lat' dir='ltr'><strong>cap.</strong></span> <span class='ocrx_word' id='word_1_35' title='bbox 1021 716 1167 768; x_wconf 79' lang='lat' dir='ltr'><strong>XLVI;</strong></span> <span class='ocrx_word' id='word_1_36' title='bbox 1204 702 1473 757; x_wconf 80' lang='lat' dir='ltr'><strong>Aristides</strong></span> <span class='ocrx_word' id='word_1_37' title='bbox 1503 703 1558 756; x_wconf 90' lang='lat' dir='ltr'><strong>iu</strong></span> <span class='ocrx_word' id='word_1_38' title='bbox 1598 703 1882 757; x_wconf 85' lang='lat' dir='ltr'><strong>Palinodia</strong></span> 
     </span>
    </p>
   </div>
   <div class='ocr_carea' id='block_1_7' title="bbox 302 787 1881 864">
    <p class='ocr_par' dir='ltr' id='par_1_7' title="bbox 302 787 1881 864">
     <span class='ocr_line' id='line_1_7' title="bbox 302 787 1881 864; baseline 0.009 -26"><span class='ocrx_word' id='word_1_39' title='bbox 302 787 369 840; x_wconf 88' lang='lat' dir='ltr'><strong>de</strong></span> <span class='ocrx_word' id='word_1_40' title='bbox 388 787 615 857; x_wconf 79' lang='lat' dir='ltr'><strong>Smyrna</strong></span> <span class='ocrx_word' id='word_1_41' title='bbox 650 799 974 858; x_wconf 88' lang='lat' dir='ltr'><strong>restaurata,</strong></span> <span class='ocrx_word' id='word_1_42' title='bbox 997 800 1131 849; x_wconf 89' lang='lat' dir='ltr'><strong>tom.</strong></span> <span class='ocrx_word' id='word_1_43' title='bbox 1154 794 1193 857; x_wconf 89' lang='grc' dir='ltr'>Ι,</span> <span class='ocrx_word' id='word_1_44' title='bbox 1211 794 1674 864; x_wconf 68' lang='lat' dir='ltr'><strong>p.i70;A§lianus</strong></span> <span class='ocrx_word' id='word_1_45' title='bbox 1717 796 1812 852; x_wconf 88' lang='lat' dir='ltr'><strong>lib.</strong></span> <span class='ocrx_word' id='word_1_46' title='bbox 1830 812 1881 851; x_wconf 80' lang='lat' dir='ltr'><strong>Vl</strong></span> 
     </span>
    </p>
   </div>
   <div class='ocr_carea' id='block_1_8' title="bbox 307 878 1881 960">
    <p class='ocr_par' dir='ltr' id='par_1_8' title="bbox 307 878 1881 960">
     <span class='ocr_line' id='line_1_8' title="bbox 307 878 1881 960; baseline 0.007 -29"><span class='ocrx_word' id='word_1_47' title='bbox 307 878 513 934; x_wconf 75' lang='lat' dir='ltr'><strong>Hister.</strong></span> <span class='ocrx_word' id='word_1_48' title='bbox 529 881 777 944; x_wconf 84' lang='lat' dir='ltr'><strong>animal..</strong></span> <span class='ocrx_word' id='word_1_49' title='bbox 804 897 926 953; x_wconf 85' lang='lat' dir='ltr'><strong>cap.</strong></span> <span class='ocrx_word' id='word_1_50' title='bbox 948 885 1037 951; x_wconf 80' lang='lat'><strong>58;</strong></span> <span class='ocrx_word' id='word_1_51' title='bbox 1060 883 1355 951; x_wconf 87' lang='lat' dir='ltr'><strong>Lucianus,</strong></span> <span class='ocrx_word' id='word_1_52' title='bbox 1380 886 1604 959; x_wconf 78' lang='lat' dir='ltr'><strong>Dialogo</strong></span> <span class='ocrx_word' id='word_1_53' title='bbox 1633 889 1761 960; x_wconf 79' lang='grc' dir='ltr'>περὶ</span> <span class='ocrx_word' id='word_1_54' title='bbox 1786 888 1881 942; x_wconf 78' lang='grc' dir='ltr'><strong>τοῦ</strong></span> 
     </span>
    </p>
   </div>
   <div class='ocr_carea' id='block_1_9' title="bbox 300 969 1882 1051">
    <p class='ocr_par' dir='ltr' id='par_1_9' title="bbox 300 969 1882 1051">
     <span class='ocr_line' id='line_1_9' title="bbox 300 969 1882 1051; baseline 0.008 -29"><span class='ocrx_word' id='word_1_55' title='bbox 300 969 631 1042; x_wconf 68' lang='grc' dir='ltr'><strong>Περεγρίνου</strong></span> <span class='ocrx_word' id='word_1_56' title='bbox 648 972 900 1044; x_wconf 81' lang='grc' dir='ltr'><strong>τελευτῆς</strong></span> <span class='ocrx_word' id='word_1_57' title='bbox 914 992 929 1040; x_wconf 89' lang='grc'>;</span> <span class='ocrx_word' id='word_1_58' title='bbox 943 974 1273 1031; x_wconf 70' lang='lat' dir='ltr'><strong>Claudianus</strong></span> <span class='ocrx_word' id='word_1_59' title='bbox 1284 1018 1298 1043; x_wconf 94' lang='lat'><strong>,</strong></span> <span class='ocrx_word' id='word_1_60' title='bbox 1312 978 1579 1050; x_wconf 79' lang='lat' dir='ltr'><strong>Eidyllion</strong></span> <span class='ocrx_word' id='word_1_61' title='bbox 1592 980 1786 1051; x_wconf 90' lang='lat' dir='ltr'><strong>primo.</strong></span> <span class='ocrx_word' id='word_1_62' title='bbox 1802 979 1882 1035; x_wconf 70' lang='lat' dir='ltr'><strong>Ex</strong></span> 
     </span>
    </p>
   </div>
   <div class='ocr_carea' id='block_1_10' title="bbox 296 1062 1883 1141">
    <p class='ocr_par' dir='ltr' id='par_1_10' title="bbox 296 1062 1883 1141">
     <span class='ocr_line' id='line_1_10' title="bbox 296 1062 1883 1141; baseline 0.008 -25"><span class='ocrx_word' id='word_1_63' title='bbox 296 1062 635 1120; x_wconf 72' lang='lat' dir='ltr'><strong>Christianis</strong></span> <span class='ocrx_word' id='word_1_64' title='bbox 666 1080 817 1131; x_wconf 84' lang='lat' dir='ltr'><strong>vero,</strong></span> <span class='ocrx_word' id='word_1_65' title='bbox 858 1084 965 1121; x_wconf 88' lang='lat' dir='ltr'><strong>una</strong></span> <span class='ocrx_word' id='word_1_66' title='bbox 996 1084 1119 1123; x_wconf 88' lang='lat' dir='ltr'><strong>cum</strong></span> <span class='ocrx_word' id='word_1_67' title='bbox 1160 1072 1419 1141; x_wconf 84' lang='lat' dir='ltr'><strong>superius</strong></span> <span class='ocrx_word' id='word_1_68' title='bbox 1462 1075 1797 1137; x_wconf 88' lang='lat' dir='ltr'><strong>memoratis,</strong></span> <span class='ocrx_word' id='word_1_69' title='bbox 1827 1082 1883 1129; x_wconf 90' lang='lat' dir='ltr'><strong>et</strong></span> 
     </span>
    </p>
   </div>
   <div class='ocr_carea' id='block_1_11' title="bbox 294 1155 1882 1229">
    <p class='ocr_par' dir='ltr' id='par_1_11' title="bbox 294 1155 1882 1229">
     <span class='ocr_line' id='line_1_11' title="bbox 294 1155 1882 1229; baseline 0.008 -21"><span class='ocrx_word' id='word_1_70' title='bbox 294 1171 440 1225; x_wconf 88' lang='lat' dir='ltr'><strong>quos</strong></span> <span class='ocrx_word' id='word_1_71' title='bbox 491 1155 851 1213; x_wconf 84' lang='lat' dir='ltr'><strong>doctissimus</strong></span> <span class='ocrx_word' id='word_1_72' title='bbox 907 1158 1173 1217; x_wconf 84' lang='lat' dir='ltr'><strong>Weitzius</strong></span> <span class='ocrx_word' id='word_1_73' title='bbox 1229 1164 1296 1217; x_wconf 86' lang='lat' dir='ltr'><strong>ad</strong></span> <span class='ocrx_word' id='word_1_74' title='bbox 1349 1163 1727 1229; x_wconf 87' lang='lat' dir='ltr'><strong>Dracontium,</strong></span> <span class='ocrx_word' id='word_1_75' title='bbox 1784 1164 1882 1220; x_wconf 82' lang='lat' dir='ltr'><strong>Ju-</strong></span> 
     </span>
    </p>
   </div>
   <div class='ocr_carea' id='block_1_12' title="bbox 291 1247 1882 1325">
    <p class='ocr_par' dir='ltr' id='par_1_12' title="bbox 291 1247 1882 1325">
     <span class='ocr_line' id='line_1_12' title="bbox 291 1247 1882 1325; baseline 0.006 -24"><span class='ocrx_word' id='word_1_76' title='bbox 291 1247 540 1318; x_wconf 85' lang='lat' dir='ltr'><strong>niusque</strong></span> <span class='ocrx_word' id='word_1_77' title='bbox 564 1250 618 1303; x_wconf 93' lang='lat' dir='ltr'><strong>in</strong></span> <span class='ocrx_word' id='word_1_78' title='bbox 646 1251 789 1305; x_wconf 88' lang='lat' dir='ltr'><strong>notis</strong></span> <span class='ocrx_word' id='word_1_79' title='bbox 821 1252 951 1307; x_wconf 88' lang='lat' dir='ltr'><strong>huic</strong></span> <span class='ocrx_word' id='word_1_80' title='bbox 984 1254 1232 1323; x_wconf 81' lang='lat' dir='ltr'><strong>epistolae</strong></span> <span class='ocrx_word' id='word_1_81' title='bbox 1263 1256 1528 1325; x_wconf 84' lang='lat' dir='ltr'><strong>subjectis</strong></span> <span class='ocrx_word' id='word_1_82' title='bbox 1577 1258 1730 1321; x_wconf 86' lang='lat' dir='ltr'><strong>citat,</strong></span> <span class='ocrx_word' id='word_1_83' title='bbox 1770 1256 1882 1311; x_wconf 84' lang='lat' dir='ltr'><strong>Eu-</strong></span> 
     </span>
    </p>
   </div>
   <div class='ocr_carea' id='block_1_13' title="bbox 292 1340 1877 1417">
    <p class='ocr_par' dir='ltr' id='par_1_13' title="bbox 292 1340 1877 1417">
     <span class='ocr_line' id='line_1_13' title="bbox 292 1340 1877 1417; baseline 0.004 -24"><span class='ocrx_word' id='word_1_84' title='bbox 292 1340 509 1403; x_wconf 85' lang='lat' dir='ltr'><strong>sebius,</strong></span> <span class='ocrx_word' id='word_1_85' title='bbox 561 1357 612 1395; x_wconf 87' lang='lat' dir='ltr'><strong>Iv</strong></span> <span class='ocrx_word' id='word_1_86' title='bbox 645 1342 718 1396; x_wconf 86' lang='lat' dir='ltr'><strong>De</strong></span> <span class='ocrx_word' id='word_1_87' title='bbox 742 1345 851 1397; x_wconf 74' lang='lat' dir='ltr'><strong>vita</strong></span> <span class='ocrx_word' id='word_1_88' title='bbox 891 1343 1251 1412; x_wconf 79' lang='lat' dir='ltr'><strong>Constantini,</strong></span> <span class='ocrx_word' id='word_1_89' title='bbox 1293 1363 1416 1417; x_wconf 85' lang='lat' dir='ltr'><strong>cap.</strong></span> <span class='ocrx_word' id='word_1_90' title='bbox 1452 1348 1539 1412; x_wconf 75' lang='grc'><strong>72,</strong></span> <span class='ocrx_word' id='word_1_91' title='bbox 1590 1348 1789 1405; x_wconf 68' lang='grc' dir='ltr'>διιίίιειε</span> <span class='ocrx_word' id='word_1_92' title='bbox 1823 1348 1877 1404; x_wconf 92' lang='lat' dir='ltr'><strong>in</strong></span> 
     </span>
    </p>
   </div>
   <div class='ocr_carea' id='block_1_14' title="bbox 290 1432 1879 1506">
    <p class='ocr_par' dir='ltr' id='par_1_14' title="bbox 290 1432 1879 1506">
     <span class='ocr_line' id='line_1_14' title="bbox 290 1432 1879 1506; baseline 0.011 -24"><span class='ocrx_word' id='word_1_93' title='bbox 290 1432 494 1495; x_wconf 69' lang='grc' dir='ltr'><strong>Φοῖνιξ.</strong></span> <span class='ocrx_word' id='word_1_94' title='bbox 531 1432 652 1487; x_wconf 79' lang='lat' dir='ltr'><strong>Non</strong></span> <span class='ocrx_word' id='word_1_95' title='bbox 702 1450 834 1506; x_wconf 79' lang='lat' dir='ltr'><strong>ergo</strong></span> <span class='ocrx_word' id='word_1_96' title='bbox 860 1437 1061 1490; x_wconf 88' lang='lat' dir='ltr'><strong>mirum</strong></span> <span class='ocrx_word' id='word_1_97' title='bbox 1094 1446 1232 1502; x_wconf 88' lang='lat' dir='ltr'><strong>erat,</strong></span> <span class='ocrx_word' id='word_1_98' title='bbox 1269 1440 1315 1495; x_wconf 89' lang='lat' dir='ltr'><strong>si</strong></span> <span class='ocrx_word' id='word_1_99' title='bbox 1345 1440 1754 1496; x_wconf 86' lang='lat' dir='ltr'><strong>Christianismi</strong></span> <span class='ocrx_word' id='word_1_100' title='bbox 1778 1444 1879 1499; x_wconf 91' lang='lat' dir='ltr'><strong>do-</strong></span> 
     </span>
    </p>
   </div>
   <div class='ocr_carea' id='block_1_15' title="bbox 290 1525 1867 1605">
    <p class='ocr_par' dir='ltr' id='par_1_15' title="bbox 290 1525 1867 1605">
     <span class='ocr_line' id='line_1_15' title="bbox 290 1525 1867 1605; baseline 0.01 -30"><span class='ocrx_word' id='word_1_101' title='bbox 290 1531 482 1577; x_wconf 77' lang='lat' dir='ltr'><strong>ctores</strong></span> <span class='ocrx_word' id='word_1_102' title='bbox 521 1525 589 1578; x_wconf 89' lang='lat' dir='ltr'><strong>ad</strong></span> <span class='ocrx_word' id='word_1_103' title='bbox 638 1540 753 1579; x_wconf 89' lang='lat' dir='ltr'><strong>rem</strong></span> <span class='ocrx_word' id='word_1_104' title='bbox 786 1527 947 1599; x_wconf 70' lang='lat' dir='ltr'><strong>vulgo</strong></span> <span class='ocrx_word' id='word_1_105' title='bbox 978 1529 1241 1584; x_wconf 85' lang='lat' dir='ltr'><strong>creditam</strong></span> <span class='ocrx_word' id='word_1_106' title='bbox 1278 1541 1675 1601; x_wconf 86' lang='lat' dir='ltr'><strong>provocarent;</strong></span> <span class='ocrx_word' id='word_1_107' title='bbox 1702 1550 1867 1605; x_wconf 82' lang='lat' dir='ltr'><strong>quan-</strong></span> 
     </span>
    </p>
   </div>
   <div class='ocr_carea' id='block_1_16' title="bbox 290 1614 1877 1689">
    <p class='ocr_par' dir='ltr' id='par_1_16' title="bbox 290 1614 1877 1689">
     <span class='ocr_line' id='line_1_16' title="bbox 290 1614 1877 1689; baseline 0.01 -22"><span class='ocrx_word' id='word_1_108' title='bbox 290 1614 592 1683; x_wconf 85' lang='lat' dir='ltr'><strong>doquidem</strong></span> <span class='ocrx_word' id='word_1_109' title='bbox 609 1624 664 1671; x_wconf 89' lang='lat' dir='ltr'><strong>et</strong></span> <span class='ocrx_word' id='word_1_110' title='bbox 688 1616 786 1672; x_wconf 91' lang='lat' dir='ltr'><strong>Dio</strong></span> <span class='ocrx_word' id='word_1_111' title='bbox 805 1633 1057 1676; x_wconf 86' lang='lat' dir='ltr'><strong>asserere</strong></span> <span class='ocrx_word' id='word_1_112' title='bbox 1091 1622 1252 1677; x_wconf 89' lang='lat' dir='ltr'><strong>audet</strong></span> <span class='ocrx_word' id='word_1_113' title='bbox 1284 1623 1375 1680; x_wconf 89' lang='lat' dir='ltr'><strong>lib.</strong></span> <span class='ocrx_word' id='word_1_114' title='bbox 1398 1640 1554 1689; x_wconf 81' lang='lat' dir='ltr'><strong>Lvut,</strong></span> <span class='ocrx_word' id='word_1_115' title='bbox 1582 1624 1749 1681; x_wconf 82' lang='lat' dir='ltr'><strong>Sexto</strong></span> <span class='ocrx_word' id='word_1_116' title='bbox 1772 1626 1877 1683; x_wconf 87' lang='lat' dir='ltr'><strong>Pa-</strong></span> 
     </span>
    </p>
   </div>
   <div class='ocr_carea' id='block_1_17' title="bbox 289 1706 1873 1784">
    <p class='ocr_par' dir='ltr' id='par_1_17' title="bbox 289 1706 1873 1784">
     <span class='ocr_line' id='line_1_17' title="bbox 289 1706 1873 1784; baseline 0.012 -26"><span class='ocrx_word' id='word_1_117' title='bbox 289 1706 446 1774; x_wconf 87' lang='lat' dir='ltr'><strong>pinio</strong></span> <span class='ocrx_word' id='word_1_118' title='bbox 473 1716 529 1762; x_wconf 88' lang='lat' dir='ltr'><strong>et</strong></span> <span class='ocrx_word' id='word_1_119' title='bbox 557 1706 622 1774; x_wconf 74' lang='grc' dir='ltr'><strong>Ω.</strong></span> <span class='ocrx_word' id='word_1_120' title='bbox 648 1708 866 1765; x_wconf 85' lang='lat' dir='ltr'><strong>Plautio</strong></span> <span class='ocrx_word' id='word_1_121' title='bbox 900 1726 1047 1767; x_wconf 90' lang='lat' dir='ltr'><strong>coss.</strong></span> <span class='ocrx_word' id='word_1_122' title='bbox 1083 1716 1246 1784; x_wconf 86' lang='lat' dir='ltr'><strong>paulo</strong></span> <span class='ocrx_word' id='word_1_123' title='bbox 1266 1724 1392 1772; x_wconf 90' lang='lat' dir='ltr'><strong>ante</strong></span> <span class='ocrx_word' id='word_1_124' title='bbox 1414 1716 1616 1775; x_wconf 88' lang='lat' dir='ltr'><strong>Tiberii</strong></span> <span class='ocrx_word' id='word_1_125' title='bbox 1661 1720 1873 1776; x_wconf 88' lang='lat' dir='ltr'><strong>obitum</strong></span> 
     </span>
    </p>
   </div>
   <div class='ocr_carea' id='block_1_18' title="bbox 287 1796 1867 1880">
    <p class='ocr_par' dir='ltr' id='par_1_18' title="bbox 287 1796 1867 1880">
     <span class='ocr_line' id='line_1_18' title="bbox 287 1796 1867 1880; baseline 0.012 -31"><span class='ocrx_word' id='word_1_126' title='bbox 287 1796 345 1849; x_wconf 89' lang='lat' dir='ltr'><strong>in</strong></span> <span class='ocrx_word' id='word_1_127' title='bbox 398 1797 640 1870; x_wconf 58' lang='grc' dir='ltr'><strong>λεπριο</strong></span> <span class='ocrx_word' id='word_1_128' title='bbox 678 1802 989 1871; x_wconf 78' lang='lat' dir='ltr'><strong>plitenicem</strong></span> <span class='ocrx_word' id='word_1_129' title='bbox 1035 1807 1379 1875; x_wconf 85' lang='lat' dir='ltr'><strong>apparuisse,</strong></span> <span class='ocrx_word' id='word_1_130' title='bbox 1438 1808 1492 1863; x_wconf 92' lang='lat' dir='ltr'><strong>id</strong></span> <span class='ocrx_word' id='word_1_131' title='bbox 1528 1811 1672 1880; x_wconf 91' lang='lat' dir='ltr'><strong>quod</strong></span> <span class='ocrx_word' id='word_1_132' title='bbox 1703 1812 1867 1867; x_wconf 80' lang='lat' dir='ltr'><strong>etiam</strong></span> 
     </span>
    </p>
   </div>
   <div class='ocr_carea' id='block_1_19' title="bbox 288 1888 1869 1962">
    <p class='ocr_par' dir='ltr' id='par_1_19' title="bbox 288 1888 1869 1962">
     <span class='ocr_line' id='line_1_19' title="bbox 288 1888 1869 1962; baseline 0.011 -19"><span class='ocrx_word' id='word_1_133' title='bbox 288 1888 506 1945; x_wconf 88' lang='lat' dir='ltr'><strong>Plinius</strong></span> <span class='ocrx_word' id='word_1_134' title='bbox 538 1904 841 1949; x_wconf 90' lang='lat' dir='ltr'><strong>memorato</strong></span> <span class='ocrx_word' id='word_1_135' title='bbox 865 1894 986 1951; x_wconf 89' lang='lat' dir='ltr'><strong>loco</strong></span> <span class='ocrx_word' id='word_1_136' title='bbox 1005 1913 1069 1951; x_wconf 84' lang='lat' dir='ltr'><strong>ex</strong></span> <span class='ocrx_word' id='word_1_137' title='bbox 1094 1897 1348 1954; x_wconf 89' lang='lat' dir='ltr'><strong>Cornelio</strong></span> <span class='ocrx_word' id='word_1_138' title='bbox 1370 1900 1661 1957; x_wconf 80' lang='lat' dir='ltr'><strong>Valeriano</strong></span> <span class='ocrx_word' id='word_1_139' title='bbox 1682 1904 1869 1962; x_wconf 80' lang='lat' dir='ltr'><strong>refert.</strong></span> 
     </span>
    </p>
   </div>
   <div class='ocr_carea' id='block_1_20' title="bbox 287 1976 1875 2058">
    <p class='ocr_par' dir='ltr' id='par_1_20' title="bbox 287 1976 1875 2058">
     <span class='ocr_line' id='line_1_20' title="bbox 287 1976 1875 2058; baseline 0.011 -27"><span class='ocrx_word' id='word_1_140' title='bbox 287 1976 517 2035; x_wconf 85' lang='lat' dir='ltr'><strong>Tacitus</strong></span> <span class='ocrx_word' id='word_1_141' title='bbox 545 1998 694 2046; x_wconf 85' lang='lat' dir='ltr'><strong>vero,</strong></span> <span class='ocrx_word' id='word_1_142' title='bbox 726 1984 1014 2050; x_wconf 81' lang='lat' dir='ltr'><strong>v1Annal.,</strong></span> <span class='ocrx_word' id='word_1_143' title='bbox 1034 1987 1125 2052; x_wconf 73' lang='lat'><strong>28,</strong></span> <span class='ocrx_word' id='word_1_144' title='bbox 1164 1989 1305 2044; x_wconf 91' lang='lat' dir='ltr'><strong>idem</strong></span> <span class='ocrx_word' id='word_1_145' title='bbox 1344 1992 1410 2045; x_wconf 88' lang='lat' dir='ltr'><strong>ad</strong></span> <span class='ocrx_word' id='word_1_146' title='bbox 1433 1990 1589 2047; x_wconf 89' lang='lat' dir='ltr'><strong>Pauli</strong></span> <span class='ocrx_word' id='word_1_147' title='bbox 1614 1993 1790 2058; x_wconf 85' lang='lat' dir='ltr'><strong>Fabii,</strong></span> <span class='ocrx_word' id='word_1_148' title='bbox 1819 2004 1875 2051; x_wconf 90' lang='lat' dir='ltr'><strong>et</strong></span> 
     </span>
    </p>
   </div>
   <div class='ocr_carea' id='block_1_21' title="bbox 286 2068 1873 2151">
    <p class='ocr_par' dir='ltr' id='par_1_21' title="bbox 286 2068 1873 2151">
     <span class='ocr_line' id='line_1_21' title="bbox 286 2068 1873 2151; baseline 0.011 -26"><span class='ocrx_word' id='word_1_149' title='bbox 286 2068 355 2128; x_wconf 87' lang='lat' dir='ltr'><strong>L.</strong></span> <span class='ocrx_word' id='word_1_150' title='bbox 409 2070 613 2128; x_wconf 73' lang='lat' dir='ltr'><strong>Vitellii</strong></span> <span class='ocrx_word' id='word_1_151' title='bbox 670 2083 918 2148; x_wconf 87' lang='lat' dir='ltr'><strong>tempora</strong></span> <span class='ocrx_word' id='word_1_152' title='bbox 979 2078 1213 2144; x_wconf 87' lang='lat' dir='ltr'><strong>reducit,</strong></span> <span class='ocrx_word' id='word_1_153' title='bbox 1269 2098 1502 2151; x_wconf 90' lang='lat' dir='ltr'><strong>quorum</strong></span> <span class='ocrx_word' id='word_1_154' title='bbox 1551 2089 1873 2144; x_wconf 85' lang='lat' dir='ltr'><strong>consulatus</strong></span> 
     </span>
    </p>
   </div>
   <div class='ocr_carea' id='block_1_22' title="bbox 283 2163 1871 2255">
    <p class='ocr_par' dir='ltr' id='par_1_22' title="bbox 283 2163 1871 2255">
     <span class='ocr_line' id='line_1_22' title="bbox 283 2163 1871 2255; baseline 0.011 -39"><span class='ocrx_word' id='word_1_155' title='bbox 283 2164 450 2233; x_wconf 83' lang='lat' dir='ltr'><strong>juxta</strong></span> <span class='ocrx_word' id='word_1_156' title='bbox 476 2163 740 2236; x_wconf 86' lang='lat' dir='ltr'><strong>Onuphrii</strong></span> <span class='ocrx_word' id='word_1_157' title='bbox 784 2167 978 2223; x_wconf 87' lang='lat' dir='ltr'><strong>Fastos</strong></span> <span class='ocrx_word' id='word_1_158' title='bbox 1006 2172 1061 2225; x_wconf 93' lang='lat' dir='ltr'><strong>in</strong></span> <span class='ocrx_word' id='word_1_159' title='bbox 1092 2187 1295 2255; x_wconf 75' lang='lat' dir='ltr'><strong>annum</strong></span> <span class='ocrx_word' id='word_1_160' title='bbox 1334 2172 1400 2229; x_wconf 89' lang='lat' dir='ltr'><strong>U.</strong></span> <span class='ocrx_word' id='word_1_161' title='bbox 1433 2175 1493 2232; x_wconf 92' lang='lat' dir='ltr'><strong>C.</strong></span> <span class='ocrx_word' id='word_1_162' title='bbox 1527 2192 1871 2248; x_wconf 74' lang='lat' dir='ltr'><strong>Dccuxxvu,</strong></span> 
     </span>
    </p>
   </div>
   <div class='ocr_carea' id='block_1_23' title="bbox 288 2256 1871 2335">
    <p class='ocr_par' dir='ltr' id='par_1_23' title="bbox 288 2256 1871 2335">
     <span class='ocr_line' id='line_1_23' title="bbox 288 2256 1871 2335; baseline 0.013 -26"><span class='ocrx_word' id='word_1_163' title='bbox 288 2256 509 2312; x_wconf 88' lang='lat' dir='ltr'><strong>Christi</strong></span> <span class='ocrx_word' id='word_1_164' title='bbox 557 2259 623 2314; x_wconf 82' lang='grc'>55</span> <span class='ocrx_word' id='word_1_165' title='bbox 679 2261 870 2317; x_wconf 85' lang='lat' dir='ltr'><strong>incidit</strong></span> <span class='ocrx_word' id='word_1_166' title='bbox 911 2283 923 2318; x_wconf 93' lang='lat'>:</span> <span class='ocrx_word' id='word_1_167' title='bbox 974 2281 1096 2335; x_wconf 73' lang='lat' dir='ltr'><strong>qua:</strong></span> <span class='ocrx_word' id='word_1_168' title='bbox 1148 2265 1293 2321; x_wconf 80' lang='lat' dir='ltr'><strong>fama</strong></span> <span class='ocrx_word' id='word_1_169' title='bbox 1349 2270 1523 2324; x_wconf 90' lang='lat' dir='ltr'><strong>nostri</strong></span> <span class='ocrx_word' id='word_1_170' title='bbox 1574 2272 1871 2329; x_wconf 85' lang='lat' dir='ltr'><strong>Clementis</strong></span> 
     </span>
    </p>
   </div>
   <div class='ocr_carea' id='block_1_24' title="bbox 289 2351 1869 2430">
    <p class='ocr_par' dir='ltr' id='par_1_24' title="bbox 289 2351 1869 2430">
     <span class='ocr_line' id='line_1_24' title="bbox 289 2351 1869 2430; baseline 0.009 -27"><span class='ocrx_word' id='word_1_171' title='bbox 289 2356 545 2419; x_wconf 75' lang='lat' dir='ltr'><strong>tenipore</strong></span> <span class='ocrx_word' id='word_1_172' title='bbox 574 2351 753 2406; x_wconf 87' lang='lat' dir='ltr'><strong>adhuc</strong></span> <span class='ocrx_word' id='word_1_173' title='bbox 804 2364 923 2408; x_wconf 91' lang='lat' dir='ltr'><strong>erat</strong></span> <span class='ocrx_word' id='word_1_174' title='bbox 958 2371 1172 2421; x_wconf 87' lang='lat' dir='ltr'><strong>recens,</strong></span> <span class='ocrx_word' id='word_1_175' title='bbox 1200 2365 1387 2427; x_wconf 90' lang='lat' dir='ltr'><strong>utpote</strong></span> <span class='ocrx_word' id='word_1_176' title='bbox 1415 2361 1507 2430; x_wconf 87' lang='lat' dir='ltr'><strong>qui</strong></span> <span class='ocrx_word' id='word_1_177' title='bbox 1534 2361 1690 2427; x_wconf 80' lang='lat' dir='ltr'><strong>juxta</strong></span> <span class='ocrx_word' id='word_1_178' title='bbox 1721 2364 1869 2418; x_wconf 86' lang='lat' dir='ltr'><strong>Ana-</strong></span> 
     </span>
    </p>
   </div>
   <div class='ocr_carea' id='block_1_25' title="bbox 284 2442 1868 2521">
    <p class='ocr_par' dir='ltr' id='par_1_25' title="bbox 284 2442 1868 2521">
     <span class='ocr_line' id='line_1_25' title="bbox 284 2442 1868 2521; baseline 0.011 -26"><span class='ocrx_word' id='word_1_179' title='bbox 284 2442 519 2495; x_wconf 83' lang='lat' dir='ltr'><strong>stasium</strong></span> <span class='ocrx_word' id='word_1_180' title='bbox 553 2442 1033 2501; x_wconf 83' lang='lat' dir='ltr'><strong>Bibliothecarium</strong></span> <span class='ocrx_word' id='word_1_181' title='bbox 1071 2464 1217 2503; x_wconf 87' lang='lat' dir='ltr'><strong>anno</strong></span> <span class='ocrx_word' id='word_1_182' title='bbox 1270 2452 1390 2520; x_wconf 88' lang='lat' dir='ltr'><strong>ejus</strong></span> <span class='ocrx_word' id='word_1_183' title='bbox 1423 2456 1610 2509; x_wconf 63' lang='lat' dir='ltr'><strong>saeculi</strong></span> <span class='ocrx_word' id='word_1_184' title='bbox 1648 2455 1738 2521; x_wconf 78' lang='lat'><strong>93,</strong></span> <span class='ocrx_word' id='word_1_185' title='bbox 1775 2474 1868 2512; x_wconf 82' lang='lat' dir='ltr'><strong>se-</strong></span> 
     </span>
    </p>
   </div>
   <div class='ocr_carea' id='block_1_26' title="bbox 283 2530 1870 2614">
    <p class='ocr_par' dir='ltr' id='par_1_26' title="bbox 283 2530 1870 2614">
     <span class='ocr_line' id='line_1_26' title="bbox 283 2530 1870 2614; baseline 0.013 -31"><span class='ocrx_word' id='word_1_186' title='bbox 283 2530 528 2585; x_wconf 86' lang='lat' dir='ltr'><strong>cundum</strong></span> <span class='ocrx_word' id='word_1_187' title='bbox 588 2534 729 2590; x_wconf 89' lang='lat' dir='ltr'><strong>alios</strong></span> <span class='ocrx_word' id='word_1_188' title='bbox 786 2552 916 2592; x_wconf 86' lang='lat' dir='ltr'><strong>vero</strong></span> <span class='ocrx_word' id='word_1_189' title='bbox 965 2539 1152 2607; x_wconf 87' lang='lat' dir='ltr'><strong>citius,</strong></span> <span class='ocrx_word' id='word_1_190' title='bbox 1212 2543 1555 2614; x_wconf 78' lang='lat' dir='ltr'><strong>episc0patui</strong></span> <span class='ocrx_word' id='word_1_191' title='bbox 1622 2545 1870 2604; x_wconf 82' lang='lat' dir='ltr'><strong>Romano</strong></span> 
     </span>
    </p>
   </div>
   <div class='ocr_carea' id='block_1_27' title="bbox 282 2628 1871 2703">
    <p class='ocr_par' dir='ltr' id='par_1_27' title="bbox 282 2628 1871 2703">
     <span class='ocr_line' id='line_1_27' title="bbox 282 2628 1871 2703; baseline 0.013 -26"><span class='ocrx_word' id='word_1_192' title='bbox 282 2640 523 2693; x_wconf 68' lang='lat' dir='ltr'><strong>praeesse</strong></span> <span class='ocrx_word' id='word_1_193' title='bbox 569 2628 758 2697; x_wconf 55' lang='grc' dir='ltr'><strong>εει-ει.</strong></span> <span class='ocrx_word' id='word_1_194' title='bbox 797 2629 941 2696; x_wconf 83' lang='lat' dir='ltr'><strong>Quid</strong></span> <span class='ocrx_word' id='word_1_195' title='bbox 981 2632 1128 2703; x_wconf 91' lang='lat' dir='ltr'><strong>quod</strong></span> <span class='ocrx_word' id='word_1_196' title='bbox 1177 2634 1525 2695; x_wconf 86' lang='lat' dir='ltr'><strong>Christianos</strong></span> <span class='ocrx_word' id='word_1_197' title='bbox 1577 2640 1687 2695; x_wconf 88' lang='lat' dir='ltr'><strong>illis</strong></span> <span class='ocrx_word' id='word_1_198' title='bbox 1733 2650 1871 2697; x_wconf 55' lang='lat' dir='ltr'><strong>tem.</strong></span> 
     </span>
    </p>
   </div>
   <div class='ocr_carea' id='block_1_28' title="bbox 278 2717 1869 2801">
    <p class='ocr_par' dir='ltr' id='par_1_28' title="bbox 278 2717 1869 2801">
     <span class='ocr_line' id='line_1_28' title="bbox 278 2717 1869 2801; baseline 0.017 -35"><span class='ocrx_word' id='word_1_199' title='bbox 278 2717 511 2786; x_wconf 88' lang='lat' dir='ltr'><strong>poribus</strong></span> <span class='ocrx_word' id='word_1_200' title='bbox 539 2719 850 2789; x_wconf 72' lang='lat' dir='ltr'><strong>phoenicem</strong></span> <span class='ocrx_word' id='word_1_201' title='bbox 879 2727 1308 2783; x_wconf 88' lang='lat' dir='ltr'><strong>resurrectionis</strong></span> <span class='ocrx_word' id='word_1_202' title='bbox 1343 2733 1651 2801; x_wconf 85' lang='lat' dir='ltr'><strong>symbolum</strong></span> <span class='ocrx_word' id='word_1_203' title='bbox 1674 2751 1869 2793; x_wconf 71' lang='lat' dir='ltr'><strong>caeme-</strong></span> 
     </span>
    </p>
   </div>
   <div class='ocr_carea' id='block_1_29' title="bbox 281 2812 1865 2892">
    <p class='ocr_par' dir='ltr' id='par_1_29' title="bbox 281 2812 1865 2892">
     <span class='ocr_line' id='line_1_29' title="bbox 281 2812 1865 2892; baseline 0.015 -30"><span class='ocrx_word' id='word_1_204' title='bbox 281 2812 568 2866; x_wconf 76' lang='lat' dir='ltr'><strong>terialibus</strong></span> <span class='ocrx_word' id='word_1_205' title='bbox 593 2815 818 2870; x_wconf 92' lang='lat' dir='ltr'><strong>tumulis</strong></span> <span class='ocrx_word' id='word_1_206' title='bbox 848 2816 990 2872; x_wconf 90' lang='lat' dir='ltr'><strong>inter</strong></span> <span class='ocrx_word' id='word_1_207' title='bbox 1019 2818 1123 2871; x_wconf 90' lang='lat' dir='ltr'><strong>alia</strong></span> <span class='ocrx_word' id='word_1_208' title='bbox 1146 2819 1524 2892; x_wconf 88' lang='lat' dir='ltr'><strong>insculpsisse,</strong></span> <span class='ocrx_word' id='word_1_209' title='bbox 1550 2842 1617 2881; x_wconf 85' lang='lat' dir='ltr'><strong>ex</strong></span> <span class='ocrx_word' id='word_1_210' title='bbox 1647 2828 1713 2884; x_wconf 87' lang='grc' dir='ltr'><strong>Β.</strong></span> <span class='ocrx_word' id='word_1_211' title='bbox 1744 2828 1865 2883; x_wconf 76' lang='lat' dir='ltr'><strong>Cac-</strong></span> 
     </span>
    </p>
   </div>
   <div class='ocr_carea' id='block_1_30' title="bbox 280 2893 1867 2981">
    <p class='ocr_par' dir='ltr' id='par_1_30' title="bbox 280 2893 1867 2981">
     <span class='ocr_line' id='line_1_30' title="bbox 280 2893 1867 2981; baseline 0.014 -29"><span class='ocrx_word' id='word_1_212' title='bbox 280 2900 418 2955; x_wconf 77' lang='lat' dir='ltr'><strong>cilitz</strong></span> <span class='ocrx_word' id='word_1_213' title='bbox 455 2902 608 2956; x_wconf 80' lang='lat' dir='ltr'><strong>Actis</strong></span> <span class='ocrx_word' id='word_1_214' title='bbox 647 2903 829 2960; x_wconf 73' lang='lat' dir='ltr'><strong>diseas</strong></span> <span class='ocrx_word' id='word_1_215' title='bbox 864 2925 879 2961; x_wconf 90' lang='lat'>:</span> <span class='ocrx_word' id='word_1_216' title='bbox 910 2924 1031 2978; x_wconf 64' lang='lat' dir='ltr'><strong>qua:</strong></span> <span class='ocrx_word' id='word_1_217' title='bbox 1080 2893 1316 2981; x_wconf 87' lang='lat' dir='ltr'><strong>idipsum</strong></span> <span class='ocrx_word' id='word_1_218' title='bbox 1361 2913 1425 2971; x_wconf 92' lang='lat' dir='ltr'><strong>B.</strong></span> <span class='ocrx_word' id='word_1_219' title='bbox 1466 2915 1686 2973; x_wconf 80' lang='lat' dir='ltr'><strong>Maximi</strong></span> <span class='ocrx_word' id='word_1_220' title='bbox 1722 2936 1867 2974; x_wconf 86' lang='lat' dir='ltr'><strong>mar-</strong></span> 
     </span>
    </p>
   </div>
   <div class='ocr_carea' id='block_1_31' title="bbox 280 2995 1867 3076">
    <p class='ocr_par' dir='ltr' id='par_1_31' title="bbox 280 2995 1867 3076">
     <span class='ocr_line' id='line_1_31' title="bbox 280 2995 1867 3076; baseline 0.014 -30"><span class='ocrx_word' id='word_1_221' title='bbox 280 2995 417 3065; x_wconf 63' lang='grc' dir='ltr'><strong>ητις</strong></span> <span class='ocrx_word' id='word_1_222' title='bbox 439 2997 791 3069; x_wconf 79' lang='lat' dir='ltr'><strong>sarcophago</strong></span> <span class='ocrx_word' id='word_1_223' title='bbox 824 3003 1041 3057; x_wconf 82' lang='lat' dir='ltr'><strong>curavit</strong></span> <span class='ocrx_word' id='word_1_224' title='bbox 1072 3004 1518 3076; x_wconf 89' lang='lat' dir='ltr'><strong>insculpendum.</strong></span> <span class='ocrx_word' id='word_1_225' title='bbox 1550 3010 1729 3068; x_wconf 81' lang='lat' dir='ltr'><strong>Verba</strong></span> <span class='ocrx_word' id='word_1_226' title='bbox 1760 3014 1867 3069; x_wconf 79' lang='lat' dir='ltr'><strong>Ac-</strong></span> 
     </span>
    </p>
   </div>
   <div class='ocr_carea' id='block_1_32' title="bbox 279 3092 1867 3171">
    <p class='ocr_par' dir='ltr' id='par_1_32' title="bbox 279 3092 1867 3171">
     <span class='ocr_line' id='line_1_32' title="bbox 279 3092 1867 3171; baseline 0.014 -31"><span class='ocrx_word' id='word_1_227' title='bbox 279 3098 476 3153; x_wconf 77' lang='lat' dir='ltr'><strong>torum,</strong></span> <span class='ocrx_word' id='word_1_228' title='bbox 509 3099 569 3144; x_wconf 90' lang='lat' dir='ltr'><strong>ut</strong></span> <span class='ocrx_word' id='word_1_229' title='bbox 594 3107 658 3145; x_wconf 90' lang='lat' dir='ltr'><strong>ex</strong></span> <span class='ocrx_word' id='word_1_230' title='bbox 685 3092 810 3147; x_wconf 92' lang='lat' dir='ltr'><strong>cod.</strong></span> <span class='ocrx_word' id='word_1_231' title='bbox 841 3110 947 3151; x_wconf 88' lang='lat' dir='ltr'><strong>ms.</strong></span> <span class='ocrx_word' id='word_1_232' title='bbox 994 3094 1170 3153; x_wconf 77' lang='lat' dir='ltr'><strong>Vatic.</strong></span> <span class='ocrx_word' id='word_1_233' title='bbox 1205 3097 1400 3171; x_wconf 74' lang='lat' dir='ltr'><strong>Yallic.</strong></span> <span class='ocrx_word' id='word_1_234' title='bbox 1447 3103 1502 3157; x_wconf 88' lang='lat' dir='ltr'><strong>in</strong></span> <span class='ocrx_word' id='word_1_235' title='bbox 1549 3105 1722 3162; x_wconf 86' lang='lat' dir='ltr'><strong>Roma</strong></span> <span class='ocrx_word' id='word_1_236' title='bbox 1742 3110 1867 3163; x_wconf 85' lang='lat' dir='ltr'><strong>sub—</strong></span> 
     </span>
    </p>
   </div>
   <div class='ocr_carea' id='block_1_33' title="bbox 1990 611 3553 691">
    <p class='ocr_par' dir='ltr' id='par_1_33' title="bbox 1990 611 3553 691">
     <span class='ocr_line' id='line_1_33' title="bbox 1990 611 3553 691; baseline 0.01 -28"><span class='ocrx_word' id='word_1_237' title='bbox 1990 611 2268 680; x_wconf 83' lang='lat' dir='ltr'><strong>rejicicndi</strong></span> <span class='ocrx_word' id='word_1_238' title='bbox 2291 629 2307 679; x_wconf 87' lang='lat'>;</span> <span class='ocrx_word' id='word_1_239' title='bbox 2352 628 2478 667; x_wconf 90' lang='lat' dir='ltr'><strong>cum</strong></span> <span class='ocrx_word' id='word_1_240' title='bbox 2502 628 2602 668; x_wconf 89' lang='lat' dir='ltr'><strong>nec</strong></span> <span class='ocrx_word' id='word_1_241' title='bbox 2632 612 2932 681; x_wconf 83' lang='lat' dir='ltr'><strong>Scultetus,</strong></span> <span class='ocrx_word' id='word_1_242' title='bbox 2952 632 3053 674; x_wconf 87' lang='lat' dir='ltr'><strong>nec</strong></span> <span class='ocrx_word' id='word_1_243' title='bbox 3075 619 3278 684; x_wconf 82' lang='lat' dir='ltr'><strong>Cocus,</strong></span> <span class='ocrx_word' id='word_1_244' title='bbox 3309 638 3553 691; x_wconf 82' lang='lat' dir='ltr'><strong>unquam</strong></span> 
     </span>
    </p>
   </div>
   <div class='ocr_carea' id='block_1_34' title="bbox 1986 706 3558 777">
    <p class='ocr_par' dir='ltr' id='par_1_34' title="bbox 1986 706 3558 777">
     <span class='ocr_line' id='line_1_34' title="bbox 1986 706 3558 777; baseline 0.006 -19"><span class='ocrx_word' id='word_1_245' title='bbox 1986 706 2255 771; x_wconf 83' lang='lat' dir='ltr'><strong>eamdem,</strong></span> <span class='ocrx_word' id='word_1_246' title='bbox 2288 716 2349 761; x_wconf 88' lang='lat' dir='ltr'><strong>ut</strong></span> <span class='ocrx_word' id='word_1_247' title='bbox 2372 706 2616 761; x_wconf 89' lang='lat' dir='ltr'><strong>nondum</strong></span> <span class='ocrx_word' id='word_1_248' title='bbox 2656 723 2687 763; x_wconf 88' lang='lat' dir='ltr'><strong>a</strong></span> <span class='ocrx_word' id='word_1_249' title='bbox 2708 708 2944 766; x_wconf 82' lang='lat' dir='ltr'><strong>Patricio</strong></span> <span class='ocrx_word' id='word_1_250' title='bbox 2971 710 3109 768; x_wconf 81' lang='lat' dir='ltr'><strong>forte</strong></span> <span class='ocrx_word' id='word_1_251' title='bbox 3128 715 3323 777; x_wconf 87' lang='lat' dir='ltr'><strong>visam,</strong></span> <span class='ocrx_word' id='word_1_252' title='bbox 3354 717 3558 769; x_wconf 87' lang='lat' dir='ltr'><strong>nedum</strong></span> 
     </span>
    </p>
   </div>
   <div class='ocr_carea' id='block_1_35' title="bbox 1984 798 3554 875">
    <p class='ocr_par' dir='ltr' id='par_1_35' title="bbox 1984 798 3554 875">
     <span class='ocr_line' id='line_1_35' title="bbox 1984 798 3554 875; baseline 0.005 -24"><span class='ocrx_word' id='word_1_253' title='bbox 1984 798 2312 866; x_wconf 83' lang='lat' dir='ltr'><strong>evulgatam,</strong></span> <span class='ocrx_word' id='word_1_254' title='bbox 2338 798 2597 865; x_wconf 84' lang='lat' dir='ltr'><strong>viderint,</strong></span> <span class='ocrx_word' id='word_1_255' title='bbox 2618 800 2866 870; x_wconf 86' lang='lat' dir='ltr'><strong>adeoque</strong></span> <span class='ocrx_word' id='word_1_256' title='bbox 2896 802 2963 857; x_wconf 90' lang='lat' dir='ltr'><strong>de</strong></span> <span class='ocrx_word' id='word_1_257' title='bbox 2994 820 3051 859; x_wconf 88' lang='lat' dir='ltr'><strong>re</strong></span> <span class='ocrx_word' id='word_1_258' title='bbox 3075 804 3255 875; x_wconf 78' lang='lat' dir='ltr'><strong>ignota</strong></span> <span class='ocrx_word' id='word_1_259' title='bbox 3282 804 3554 874; x_wconf 89' lang='lat' dir='ltr'><strong>judicium</strong></span> 
     </span>
    </p>
   </div>
   <div class='ocr_carea' id='block_1_36' title="bbox 1986 893 3558 966">
    <p class='ocr_par' dir='ltr' id='par_1_36' title="bbox 1986 893 3558 966">
     <span class='ocr_line' id='line_1_36' title="bbox 1986 893 3558 966; baseline 0.005 -23"><span class='ocrx_word' id='word_1_260' title='bbox 1986 904 2143 943; x_wconf 91' lang='lat' dir='ltr'><strong>suum</strong></span> <span class='ocrx_word' id='word_1_261' title='bbox 2169 906 2276 944; x_wconf 89' lang='lat' dir='ltr'><strong>non</strong></span> <span class='ocrx_word' id='word_1_262' title='bbox 2302 893 2581 959; x_wconf 87' lang='lat' dir='ltr'><strong>potuerint</strong></span> <span class='ocrx_word' id='word_1_263' title='bbox 2609 894 2977 966; x_wconf 88' lang='lat' dir='ltr'><strong>interponere.</strong></span> <span class='ocrx_word' id='word_1_264' title='bbox 3010 896 3239 965; x_wconf 88' lang='lat' dir='ltr'><strong>lpsemet</strong></span> <span class='ocrx_word' id='word_1_265' title='bbox 3263 901 3364 954; x_wconf 83' lang='lat' dir='ltr'><strong>hoc</strong></span> <span class='ocrx_word' id='word_1_266' title='bbox 3388 906 3558 953; x_wconf 80' lang='lat' dir='ltr'><strong>testa-</strong></span> 
     </span>
    </p>
   </div>
   <div class='ocr_carea' id='block_1_37' title="bbox 1986 981 3557 1058">
    <p class='ocr_par' dir='ltr' id='par_1_37' title="bbox 1986 981 3557 1058">
     <span class='ocr_line' id='line_1_37' title="bbox 1986 981 3557 1058; baseline 0.008 -25"><span class='ocrx_word' id='word_1_267' title='bbox 1986 988 2073 1034; x_wconf 89' lang='lat' dir='ltr'><strong>tur</strong></span> <span class='ocrx_word' id='word_1_268' title='bbox 2095 981 2437 1038; x_wconf 81' lang='lat' dir='ltr'><strong>Abrahamus</strong></span> <span class='ocrx_word' id='word_1_269' title='bbox 2464 982 2763 1044; x_wconf 89' lang='lat' dir='ltr'><strong>Scultetus.</strong></span> <span class='ocrx_word' id='word_1_270' title='bbox 2795 988 3070 1057; x_wconf 89' lang='lat' dir='ltr'><strong>quondam</strong></span> <span class='ocrx_word' id='word_1_271' title='bbox 3119 989 3398 1058; x_wconf 78' lang='lat' dir='ltr'><strong>professor</strong></span> <span class='ocrx_word' id='word_1_272' title='bbox 3427 990 3557 1045; x_wconf 85' lang='lat' dir='ltr'><strong>Hei-</strong></span> 
     </span>
    </p>
   </div>
   <div class='ocr_carea' id='block_1_38' title="bbox 1983 1074 3556 1154">
    <p class='ocr_par' dir='ltr' id='par_1_38' title="bbox 1983 1074 3556 1154">
     <span class='ocr_line' id='line_1_38' title="bbox 1983 1074 3556 1154; baseline 0.011 -27"><span class='ocrx_word' id='word_1_273' title='bbox 1983 1074 2358 1146; x_wconf 83' lang='lat' dir='ltr'><strong>delbergensis</strong></span> <span class='ocrx_word' id='word_1_274' title='bbox 2409 1077 2663 1134; x_wconf 76' lang='lat' dir='ltr'><strong>Medulla:</strong></span> <span class='ocrx_word' id='word_1_275' title='bbox 2715 1092 2829 1136; x_wconf 80' lang='lat' dir='ltr'><strong>sua:</strong></span> <span class='ocrx_word' id='word_1_276' title='bbox 2857 1084 2902 1114; x_wconf 77' lang='lat'>”</span> <span class='ocrx_word' id='word_1_277' title='bbox 2940 1098 3061 1154; x_wconf 81' lang='lat' dir='ltr'><strong>pag.</strong></span> <span class='ocrx_word' id='word_1_278' title='bbox 3091 1086 3188 1139; x_wconf 74' lang='lat'><strong>371</strong></span> <span class='ocrx_word' id='word_1_279' title='bbox 3226 1093 3281 1139; x_wconf 82' lang='lat' dir='ltr'><strong>ct</strong></span> <span class='ocrx_word' id='word_1_280' title='bbox 3310 1086 3435 1152; x_wconf 71' lang='lat'><strong>379,</strong></span> <span class='ocrx_word' id='word_1_281' title='bbox 3484 1088 3556 1144; x_wconf 81' lang='lat' dir='ltr'><strong>do</strong></span> 
     </span>
    </p>
   </div>
   <div class='ocr_carea' id='block_1_39' title="bbox 1983 1167 3552 1252">
    <p class='ocr_par' dir='ltr' id='par_1_39' title="bbox 1983 1167 3552 1252">
     <span class='ocr_line' id='line_1_39' title="bbox 1983 1167 3552 1252; baseline 0.011 -32"><span class='ocrx_word' id='word_1_282' title='bbox 1983 1167 2147 1238; x_wconf 85' lang='lat' dir='ltr'><strong>lmjus</strong></span> <span class='ocrx_word' id='word_1_283' title='bbox 2176 1169 2469 1228; x_wconf 85' lang='lat' dir='ltr'><strong>Clementis</strong></span> <span class='ocrx_word' id='word_1_284' title='bbox 2505 1174 2724 1244; x_wconf 87' lang='lat' dir='ltr'><strong>scriptis</strong></span> <span class='ocrx_word' id='word_1_285' title='bbox 2754 1184 2898 1241; x_wconf 75' lang='lat' dir='ltr'><strong>inter:</strong></span> <span class='ocrx_word' id='word_1_286' title='bbox 2946 1179 3051 1231; x_wconf 87' lang='lat' dir='ltr'><strong>alia</strong></span> <span class='ocrx_word' id='word_1_287' title='bbox 3098 1180 3391 1249; x_wconf 88' lang='lat' dir='ltr'><strong>inquiens:</strong></span> <span class='ocrx_word' id='word_1_288' title='bbox 3420 1180 3552 1252; x_wconf 79' lang='lat' dir='ltr'><strong>Epi-</strong></span> 
     </span>
    </p>
   </div>
   <div class='ocr_carea' id='block_1_40' title="bbox 1981 1260 3551 1343">
    <p class='ocr_par' dir='ltr' id='par_1_40' title="bbox 1981 1260 3551 1343">
     <span class='ocr_line' id='line_1_40' title="bbox 1981 1260 3551 1343; baseline 0.01 -30"><span class='ocrx_word' id='word_1_289' title='bbox 1981 1260 2172 1314; x_wconf 90' lang='lat' dir='ltr'><strong>stolam</strong></span> <span class='ocrx_word' id='word_1_290' title='bbox 2220 1261 2303 1315; x_wconf 89' lang='lat' dir='ltr'><strong>hic</strong></span> <span class='ocrx_word' id='word_1_291' title='bbox 2340 1264 2604 1334; x_wconf 83' lang='lat' dir='ltr'><strong>quondam</strong></span> <span class='ocrx_word' id='word_1_292' title='bbox 2642 1264 2710 1319; x_wconf 86' lang='lat' dir='ltr'><strong>ad</strong></span> <span class='ocrx_word' id='word_1_293' title='bbox 2766 1266 3069 1323; x_wconf 77' lang='lat' dir='ltr'><strong>Corinthios</strong></span> <span class='ocrx_word' id='word_1_294' title='bbox 3121 1272 3353 1341; x_wconf 76' lang='lat' dir='ltr'><strong>scripsit,</strong></span> <span class='ocrx_word' id='word_1_295' title='bbox 3400 1274 3551 1343; x_wconf 83' lang='lat' dir='ltr'><strong>cujus</strong></span> 
     </span>
    </p>
   </div>
   <div class='ocr_carea' id='block_1_41' title="bbox 1980 1355 3546 1430">
    <p class='ocr_par' dir='ltr' id='par_1_41' title="bbox 1980 1355 3546 1430">
     <span class='ocr_line' id='line_1_41' title="bbox 1980 1355 3546 1430; baseline 0.01 -25"><span class='ocrx_word' id='word_1_296' title='bbox 1980 1355 2215 1407; x_wconf 84' lang='lat' dir='ltr'><strong>meminit</strong></span> <span class='ocrx_word' id='word_1_297' title='bbox 2251 1355 2535 1427; x_wconf 78' lang='lat' dir='ltr'><strong>Dionysius</strong></span> <span class='ocrx_word' id='word_1_298' title='bbox 2568 1358 2879 1415; x_wconf 84' lang='lat' dir='ltr'><strong>Corinthius</strong></span> <span class='ocrx_word' id='word_1_299' title='bbox 2918 1363 3059 1430; x_wconf 84' lang='lat' dir='ltr'><strong>apud</strong></span> <span class='ocrx_word' id='word_1_300' title='bbox 3103 1364 3294 1420; x_wconf 83' lang='lat' dir='ltr'><strong>Euseb.</strong></span> <span class='ocrx_word' id='word_1_301' title='bbox 3326 1362 3440 1430; x_wconf 90' lang='lat' dir='ltr'><strong>(lib.</strong></span> <span class='ocrx_word' id='word_1_302' title='bbox 3470 1383 3546 1429; x_wconf 85' lang='lat' dir='ltr'><strong>Iv,</strong></span> 
     </span>
    </p>
   </div>
   <div class='ocr_carea' id='block_1_42' title="bbox 1979 1446 3546 1526">
    <p class='ocr_par' dir='ltr' id='par_1_42' title="bbox 1979 1446 3546 1526">
     <span class='ocr_line' id='line_1_42' title="bbox 1979 1446 3546 1526; baseline 0.011 -32"><span class='ocrx_word' id='word_1_303' title='bbox 1979 1460 2098 1515; x_wconf 81' lang='lat' dir='ltr'><strong>cap.</strong></span> <span class='ocrx_word' id='word_1_304' title='bbox 2122 1446 2227 1513; x_wconf 72' lang='lat'><strong>25;</strong></span> <span class='ocrx_word' id='word_1_305' title='bbox 2262 1449 2357 1505; x_wconf 91' lang='lat' dir='ltr'><strong>lib.</strong></span> <span class='ocrx_word' id='word_1_306' title='bbox 2377 1466 2459 1515; x_wconf 89' lang='grc' dir='ltr'>ιιι,</span> <span class='ocrx_word' id='word_1_307' title='bbox 2482 1466 2605 1521; x_wconf 84' lang='lat' dir='ltr'><strong>cap.</strong></span> <span class='ocrx_word' id='word_1_308' title='bbox 2625 1452 2737 1522; x_wconf 81' lang='lat'><strong>&#39;58.)</strong></span> <span class='ocrx_word' id='word_1_309' title='bbox 2763 1454 2928 1509; x_wconf 85' lang='lat' dir='ltr'><strong>Periit</strong></span> <span class='ocrx_word' id='word_1_310' title='bbox 2943 1455 3156 1511; x_wconf 84' lang='lat' dir='ltr'><strong>celebris</strong></span> <span class='ocrx_word' id='word_1_311' title='bbox 3174 1456 3277 1509; x_wconf 88' lang='lat' dir='ltr'><strong>ista</strong></span> <span class='ocrx_word' id='word_1_312' title='bbox 3289 1457 3511 1526; x_wconf 86' lang='lat' dir='ltr'><strong>epistola</strong></span> <span class='ocrx_word' id='word_1_313' title='bbox 3531 1496 3546 1519; x_wconf 90' lang='lat'><strong>,</strong></span> 
     </span>
    </p>
   </div>
   <div class='ocr_carea' id='block_1_43' title="bbox 1979 1538 3548 1616">
    <p class='ocr_par' dir='ltr' id='par_1_43' title="bbox 1979 1538 3548 1616">
     <span class='ocr_line' id='line_1_43' title="bbox 1979 1538 3548 1616; baseline 0.006 -25"><span class='ocrx_word' id='word_1_314' title='bbox 1979 1538 2068 1591; x_wconf 81' lang='lat' dir='ltr'><strong>sed</strong></span> <span class='ocrx_word' id='word_1_315' title='bbox 2098 1540 2153 1593; x_wconf 89' lang='lat' dir='ltr'><strong>in</strong></span> <span class='ocrx_word' id='word_1_316' title='bbox 2176 1539 2349 1593; x_wconf 88' lang='lat' dir='ltr'><strong>locum</strong></span> <span class='ocrx_word' id='word_1_317' title='bbox 2379 1542 2494 1611; x_wconf 86' lang='lat' dir='ltr'><strong>ejus</strong></span> <span class='ocrx_word' id='word_1_318' title='bbox 2537 1543 2840 1598; x_wconf 71' lang='lat' dir='ltr'><strong>substititne</strong></span> <span class='ocrx_word' id='word_1_319' title='bbox 2861 1555 2985 1598; x_wconf 85' lang='lat' dir='ltr'><strong>sunt</strong></span> <span class='ocrx_word' id='word_1_320' title='bbox 3016 1546 3241 1616; x_wconf 82' lang='lat' dir='ltr'><strong>quinque</strong></span> <span class='ocrx_word' id='word_1_321' title='bbox 3297 1546 3441 1611; x_wconf 79' lang='lat' dir='ltr'><strong>alite,</strong></span> <span class='ocrx_word' id='word_1_322' title='bbox 3497 1557 3548 1601; x_wconf 86' lang='lat' dir='ltr'><strong>et</strong></span> 
     </span>
    </p>
   </div>
   <div class='ocr_carea' id='block_1_44' title="bbox 1975 1628 3544 1707">
    <p class='ocr_par' dir='ltr' id='par_1_44' title="bbox 1975 1628 3544 1707">
     <span class='ocr_line' id='line_1_44' title="bbox 1975 1628 3544 1707; baseline 0.008 -25"><span class='ocrx_word' id='word_1_323' title='bbox 1975 1628 2395 1700; x_wconf 79' lang='lat' dir='ltr'><strong>Recognitionum</strong></span> <span class='ocrx_word' id='word_1_324' title='bbox 2420 1636 2545 1691; x_wconf 82' lang='lat' dir='ltr'><strong>libri</strong></span> <span class='ocrx_word' id='word_1_325' title='bbox 2562 1635 2760 1697; x_wconf 83' lang='lat' dir='ltr'><strong>decem,</strong></span> <span class='ocrx_word' id='word_1_326' title='bbox 2787 1640 2879 1707; x_wconf 84' lang='lat' dir='ltr'><strong>qui</strong></span> <span class='ocrx_word' id='word_1_327' title='bbox 2918 1637 3073 1692; x_wconf 81' lang='lat' dir='ltr'><strong>hodie</strong></span> <span class='ocrx_word' id='word_1_328' title='bbox 3118 1636 3403 1694; x_wconf 81' lang='lat' dir='ltr'><strong>Clementis</strong></span> <span class='ocrx_word' id='word_1_329' title='bbox 3447 1658 3544 1694; x_wconf 90' lang='lat' dir='ltr'><strong>no-</strong></span> 
     </span>
    </p>
   </div>
   <div class='ocr_carea' id='block_1_45' title="bbox 1977 1725 3549 1802">
    <p class='ocr_par' dir='ltr' id='par_1_45' title="bbox 1977 1725 3549 1802">
     <span class='ocr_line' id='line_1_45' title="bbox 1977 1725 3549 1802; baseline 0.006 -25"><span class='ocrx_word' id='word_1_330' title='bbox 1977 1726 2115 1778; x_wconf 84' lang='lat' dir='ltr'><strong>mine</strong></span> <span class='ocrx_word' id='word_1_331' title='bbox 2150 1725 2618 1795; x_wconf 78' lang='lat' dir='ltr'><strong>circumferuntur.</strong></span> <span class='ocrx_word' id='word_1_332' title='bbox 2676 1727 2931 1797; x_wconf 75' lang='lat' dir='ltr'><strong>Epistolte</strong></span> <span class='ocrx_word' id='word_1_333' title='bbox 2972 1740 3182 1785; x_wconf 78' lang='lat' dir='ltr'><strong>exstant</strong></span> <span class='ocrx_word' id='word_1_334' title='bbox 3208 1741 3348 1787; x_wconf 88' lang='lat' dir='ltr'><strong>tomo</strong></span> <span class='ocrx_word' id='word_1_335' title='bbox 3375 1732 3549 1802; x_wconf 89' lang='lat' dir='ltr'><strong>primo</strong></span> 
     </span>
    </p>
   </div>
   <div class='ocr_carea' id='block_1_46' title="bbox 1971 1811 3551 1889">
    <p class='ocr_par' dir='ltr' id='par_1_46' title="bbox 1971 1811 3551 1889">
     <span class='ocr_line' id='line_1_46' title="bbox 1971 1811 3551 1889; baseline 0.006 -21"><span class='ocrx_word' id='word_1_336' title='bbox 1971 1811 2483 1888; x_wconf 75' lang='lat' dir='ltr'><strong>Concillorum,qua&#39;</strong></span> <span class='ocrx_word' id='word_1_337' title='bbox 2506 1820 2729 1889; x_wconf 76' lang='lat' dir='ltr'><strong>singulis</strong></span> <span class='ocrx_word' id='word_1_338' title='bbox 2753 1820 2860 1889; x_wconf 81' lang='lat' dir='ltr'><strong>fere</strong></span> <span class='ocrx_word' id='word_1_339' title='bbox 2885 1821 3037 1876; x_wconf 87' lang='lat' dir='ltr'><strong>lineis</strong></span> <span class='ocrx_word' id='word_1_340' title='bbox 3062 1822 3378 1877; x_wconf 82' lang='lat' dir='ltr'><strong>Clementem</strong></span> <span class='ocrx_word' id='word_1_341' title='bbox 3400 1824 3551 1878; x_wconf 82' lang='lat' dir='ltr'><strong>adul-</strong></span> 
     </span>
    </p>
   </div>
   <div class='ocr_carea' id='block_1_47' title="bbox 1978 1907 3543 1984">
    <p class='ocr_par' dir='ltr' id='par_1_47' title="bbox 1978 1907 3543 1984">
     <span class='ocr_line' id='line_1_47' title="bbox 1978 1907 3543 1984; baseline 0.006 -24"><span class='ocrx_word' id='word_1_342' title='bbox 1978 1908 2202 1963; x_wconf 88' lang='lat' dir='ltr'><strong>terinum</strong></span> <span class='ocrx_word' id='word_1_343' title='bbox 2231 1907 2533 1977; x_wconf 86' lang='lat' dir='ltr'><strong>loquuntur.</strong></span> <span class='ocrx_word' id='word_1_344' title='bbox 2599 1909 2927 1965; x_wconf 84' lang='lat' dir='ltr'><strong>Earumdem</strong></span> <span class='ocrx_word' id='word_1_345' title='bbox 2980 1914 3224 1984; x_wconf 85' lang='lat' dir='ltr'><strong>quinque</strong></span> <span class='ocrx_word' id='word_1_346' title='bbox 3256 1913 3543 1970; x_wconf 85' lang='lat' dir='ltr'><strong>Clementi-</strong></span> 
     </span>
    </p>
   </div>
   <div class='ocr_carea' id='block_1_48' title="bbox 1978 2003 3548 2078">
    <p class='ocr_par' dir='ltr' id='par_1_48' title="bbox 1978 2003 3548 2078">
     <span class='ocr_line' id='line_1_48' title="bbox 1978 2003 3548 2078; baseline 0.007 -25"><span class='ocrx_word' id='word_1_347' title='bbox 1978 2017 2187 2067; x_wconf 84' lang='lat' dir='ltr'><strong>narum,</strong></span> <span class='ocrx_word' id='word_1_348' title='bbox 2223 2017 2344 2071; x_wconf 63' lang='lat' dir='ltr'><strong>quae</strong></span> <span class='ocrx_word' id='word_1_349' title='bbox 2389 2003 2687 2058; x_wconf 87' lang='lat' dir='ltr'><strong>Decretales</strong></span> <span class='ocrx_word' id='word_1_350' title='bbox 2742 2006 2927 2076; x_wconf 80' lang='lat' dir='ltr'><strong>vulgo,</strong></span> <span class='ocrx_word' id='word_1_351' title='bbox 2962 2022 3072 2060; x_wconf 91' lang='lat' dir='ltr'><strong>non</strong></span> <span class='ocrx_word' id='word_1_352' title='bbox 3109 2023 3235 2063; x_wconf 87' lang='lat' dir='ltr'><strong>vero</strong></span> <span class='ocrx_word' id='word_1_353' title='bbox 3264 2010 3427 2078; x_wconf 88' lang='lat' dir='ltr'><strong>hujus</strong></span> <span class='ocrx_word' id='word_1_354' title='bbox 3479 2011 3548 2064; x_wconf 82' lang='lat' dir='ltr'><strong>ad</strong></span> 
     </span>
    </p>
   </div>
   <div class='ocr_carea' id='block_1_49' title="bbox 1974 2092 3550 2171">
    <p class='ocr_par' dir='ltr' id='par_1_49' title="bbox 1974 2092 3550 2171">
     <span class='ocr_line' id='line_1_49' title="bbox 1974 2092 3550 2171; baseline 0.006 -24"><span class='ocrx_word' id='word_1_355' title='bbox 1974 2092 2544 2157; x_wconf 78' lang='lat' dir='ltr'><strong>Corinthios,examen</strong></span> <span class='ocrx_word' id='word_1_356' title='bbox 2568 2097 2803 2151; x_wconf 85' lang='lat' dir='ltr'><strong>instituit</strong></span> <span class='ocrx_word' id='word_1_357' title='bbox 2825 2096 3101 2153; x_wconf 83' lang='lat' dir='ltr'><strong>Robertus</strong></span> <span class='ocrx_word' id='word_1_358' title='bbox 3130 2099 3311 2154; x_wconf 91' lang='lat' dir='ltr'><strong>Cocus</strong></span> <span class='ocrx_word' id='word_1_359' title='bbox 3341 2102 3550 2171; x_wconf 80' lang='lat' dir='ltr'><strong>Anglus</strong></span> 
     </span>
    </p>
   </div>
   <div class='ocr_carea' id='block_1_50' title="bbox 1978 2183 3547 2256">
    <p class='ocr_par' dir='ltr' id='par_1_50' title="bbox 1978 2183 3547 2256">
     <span class='ocr_line' id='line_1_50' title="bbox 1978 2183 3547 2256; baseline 0.005 -20"><span class='ocrx_word' id='word_1_360' title='bbox 1978 2183 2030 2236; x_wconf 86' lang='lat' dir='ltr'><strong>in</strong></span> <span class='ocrx_word' id='word_1_361' title='bbox 2078 2199 2177 2238; x_wconf 89' lang='lat' dir='ltr'><strong>sua</strong></span> <span class='ocrx_word' id='word_1_362' title='bbox 2203 2183 2437 2238; x_wconf 85' lang='lat' dir='ltr'><strong>Censura</strong></span> <span class='ocrx_word' id='word_1_363' title='bbox 2458 2184 2504 2217; x_wconf 71' lang='grc' dir='ltr'><strong>’δ</strong></span> <span class='ocrx_word' id='word_1_364' title='bbox 2540 2202 2660 2255; x_wconf 77' lang='lat' dir='ltr'><strong>pag.</strong></span> <span class='ocrx_word' id='word_1_365' title='bbox 2694 2187 2757 2240; x_wconf 69' lang='lat' dir='ltr'><strong>il</strong></span> <span class='ocrx_word' id='word_1_366' title='bbox 2794 2199 2845 2240; x_wconf 87' lang='lat' dir='ltr'><strong>ct</strong></span> <span class='ocrx_word' id='word_1_367' title='bbox 2883 2202 3034 2256; x_wconf 85' lang='lat' dir='ltr'><strong>seqq.</strong></span> <span class='ocrx_word' id='word_1_368' title='bbox 3070 2187 3389 2244; x_wconf 86' lang='lat' dir='ltr'><strong>Blondellus</strong></span> <span class='ocrx_word' id='word_1_369' title='bbox 3417 2192 3547 2244; x_wconf 88' lang='lat' dir='ltr'><strong>item</strong></span> 
     </span>
    </p>
   </div>
   <div class='ocr_carea' id='block_1_51' title="bbox 1974 2295 3551 2371">
    <p class='ocr_par' dir='ltr' id='par_1_51' title="bbox 1974 2295 3551 2371">
     <span class='ocr_line' id='line_1_51' title="bbox 1974 2295 3551 2371; baseline 0.005 -22"><span class='ocrx_word' id='word_1_370' title='bbox 1974 2295 2237 2364; x_wconf 81' lang='lat' dir='ltr'><strong>singulari</strong></span> <span class='ocrx_word' id='word_1_371' title='bbox 2268 2296 2411 2350; x_wconf 90' lang='lat' dir='ltr'><strong>libro</strong></span> <span class='ocrx_word' id='word_1_372' title='bbox 2445 2296 2711 2352; x_wconf 87' lang='lat' dir='ltr'><strong>adversus</strong></span> <span class='ocrx_word' id='word_1_373' title='bbox 2741 2296 2941 2351; x_wconf 86' lang='lat' dir='ltr'><strong>lsidori</strong></span> <span class='ocrx_word' id='word_1_374' title='bbox 2980 2298 3301 2355; x_wconf 86' lang='lat' dir='ltr'><strong>Mercatoris</strong></span> <span class='ocrx_word' id='word_1_375' title='bbox 3330 2300 3551 2371; x_wconf 79' lang='lat' dir='ltr'><strong>ﬁgmen-</strong></span> 
     </span>
    </p>
   </div>
   <div class='ocr_carea' id='block_1_52' title="bbox 1975 2385 3550 2458">
    <p class='ocr_par' dir='ltr' id='par_1_52' title="bbox 1975 2385 3550 2458">
     <span class='ocr_line' id='line_1_52' title="bbox 1975 2385 3550 2458; baseline 0.006 -19"><span class='ocrx_word' id='word_1_376' title='bbox 1975 2397 2049 2450; x_wconf 86' lang='lat' dir='ltr'><strong>ta,</strong></span> <span class='ocrx_word' id='word_1_377' title='bbox 2085 2385 2315 2442; x_wconf 81' lang='lat' dir='ltr'><strong>Genevae</strong></span> <span class='ocrx_word' id='word_1_378' title='bbox 2366 2402 2455 2443; x_wconf 91' lang='lat' dir='ltr'><strong>an.</strong></span> <span class='ocrx_word' id='word_1_379' title='bbox 2508 2389 2712 2443; x_wconf 79' lang='lat' dir='ltr'><strong>Christi</strong></span> <span class='ocrx_word' id='word_1_380' title='bbox 2778 2390 2917 2444; x_wconf 67' lang='lat'><strong>1628</strong></span> <span class='ocrx_word' id='word_1_381' title='bbox 2965 2406 3203 2458; x_wconf 83' lang='lat' dir='ltr'><strong>excuso,</strong></span> <span class='ocrx_word' id='word_1_382' title='bbox 3253 2393 3345 2446; x_wconf 92' lang='lat' dir='ltr'><strong>ubi</strong></span> <span class='ocrx_word' id='word_1_383' title='bbox 3383 2393 3550 2450; x_wconf 86' lang='lat' dir='ltr'><strong>simul</strong></span> 
     </span>
    </p>
   </div>
   <div class='ocr_carea' id='block_1_53' title="bbox 1971 2478 3550 2550">
    <p class='ocr_par' dir='ltr' id='par_1_53' title="bbox 1971 2478 3550 2550">
     <span class='ocr_line' id='line_1_53' title="bbox 1971 2478 3550 2550; baseline 0.008 -20"><span class='ocrx_word' id='word_1_384' title='bbox 1971 2478 2213 2532; x_wconf 87' lang='lat' dir='ltr'><strong>ostendit</strong></span> <span class='ocrx_word' id='word_1_385' title='bbox 2251 2495 2316 2533; x_wconf 85' lang='lat' dir='ltr'><strong>ex</strong></span> <span class='ocrx_word' id='word_1_386' title='bbox 2347 2479 2550 2550; x_wconf 87' lang='lat' dir='ltr'><strong>quibus</strong></span> <span class='ocrx_word' id='word_1_387' title='bbox 2605 2481 2932 2537; x_wconf 88' lang='lat' dir='ltr'><strong>centonibus</strong></span> <span class='ocrx_word' id='word_1_388' title='bbox 2954 2498 3031 2537; x_wconf 64' lang='lat' dir='ltr'><strong>ea:</strong></span> <span class='ocrx_word' id='word_1_389' title='bbox 3068 2493 3313 2539; x_wconf 71' lang='lat' dir='ltr'><strong>consutze</strong></span> <span class='ocrx_word' id='word_1_390' title='bbox 3343 2485 3550 2542; x_wconf 83' lang='lat' dir='ltr'><strong>fuerint</strong></span> 
     </span>
    </p>
   </div>
   <div class='ocr_carea' id='block_1_54' title="bbox 1970 2572 3548 2647">
    <p class='ocr_par' dir='ltr' id='par_1_54' title="bbox 1970 2572 3548 2647">
     <span class='ocr_line' id='line_1_54' title="bbox 1970 2572 3548 2647; baseline 0.005 -20"><span class='ocrx_word' id='word_1_391' title='bbox 1970 2582 2023 2627; x_wconf 90' lang='lat' dir='ltr'><strong>et</strong></span> <span class='ocrx_word' id='word_1_392' title='bbox 2049 2572 2330 2629; x_wconf 75' lang='lat' dir='ltr'><strong>confectae.</strong></span> <span class='ocrx_word' id='word_1_393' title='bbox 2377 2575 2594 2639; x_wconf 86' lang='lat' dir='ltr'><strong>Quanto</strong></span> <span class='ocrx_word' id='word_1_394' title='bbox 2624 2591 2753 2629; x_wconf 89' lang='lat' dir='ltr'><strong>vero</strong></span> <span class='ocrx_word' id='word_1_395' title='bbox 2781 2575 2834 2629; x_wconf 91' lang='lat' dir='ltr'><strong>in</strong></span> <span class='ocrx_word' id='word_1_396' title='bbox 2866 2577 3042 2645; x_wconf 89' lang='lat' dir='ltr'><strong>pretio</strong></span> <span class='ocrx_word' id='word_1_397' title='bbox 3068 2578 3211 2631; x_wconf 88' lang='lat' dir='ltr'><strong>banc</strong></span> <span class='ocrx_word' id='word_1_398' title='bbox 3237 2577 3411 2647; x_wconf 88' lang='lat' dir='ltr'><strong>ipsam</strong></span> <span class='ocrx_word' id='word_1_399' title='bbox 3443 2580 3548 2635; x_wconf 88' lang='lat' dir='ltr'><strong>ha-</strong></span> 
     </span>
    </p>
   </div>
   <div class='ocr_carea' id='block_1_55' title="bbox 1972 2662 3535 2740">
    <p class='ocr_par' dir='ltr' id='par_1_55' title="bbox 1972 2662 3535 2740">
     <span class='ocr_line' id='line_1_55' title="bbox 1972 2662 3535 2740; baseline 0.005 -23"><span class='ocrx_word' id='word_1_400' title='bbox 1972 2664 2150 2719; x_wconf 89' lang='lat' dir='ltr'><strong>buerit</strong></span> <span class='ocrx_word' id='word_1_401' title='bbox 2198 2662 2516 2734; x_wconf 86' lang='lat' dir='ltr'><strong>Epistolam,</strong></span> <span class='ocrx_word' id='word_1_402' title='bbox 2574 2666 2834 2736; x_wconf 76' lang='lat' dir='ltr'><strong>Apologia</strong></span> <span class='ocrx_word' id='word_1_403' title='bbox 2888 2667 3009 2735; x_wconf 88' lang='lat' dir='ltr'><strong>ejus</strong></span> <span class='ocrx_word' id='word_1_404' title='bbox 3065 2670 3377 2738; x_wconf 87' lang='lat' dir='ltr'><strong>pererudita</strong></span> <span class='ocrx_word' id='word_1_405' title='bbox 3438 2687 3535 2740; x_wconf 91' lang='lat' dir='ltr'><strong>pro</strong></span> 
     </span>
    </p>
   </div>
   <div class='ocr_carea' id='block_1_56' title="bbox 1974 2754 3543 2831">
    <p class='ocr_par' dir='ltr' id='par_1_56' title="bbox 1974 2754 3543 2831">
     <span class='ocr_line' id='line_1_56' title="bbox 1974 2754 3543 2831; baseline 0.005 -23"><span class='ocrx_word' id='word_1_406' title='bbox 1974 2754 2281 2827; x_wconf 80' lang='lat' dir='ltr'><strong>Hieronymi</strong></span> <span class='ocrx_word' id='word_1_407' title='bbox 2298 2757 2553 2809; x_wconf 85' lang='lat' dir='ltr'><strong>sententia</strong></span> <span class='ocrx_word' id='word_1_408' title='bbox 2570 2756 2632 2809; x_wconf 83' lang='lat' dir='ltr'><strong>de</strong></span> <span class='ocrx_word' id='word_1_409' title='bbox 2660 2758 2910 2825; x_wconf 85' lang='lat' dir='ltr'><strong>episcopis</strong></span> <span class='ocrx_word' id='word_1_410' title='bbox 2924 2759 3299 2830; x_wconf 87' lang='lat' dir='ltr'><strong>etpresbyteris</strong></span> <span class='ocrx_word' id='word_1_411' title='bbox 3328 2763 3543 2831; x_wconf 81' lang='lat' dir='ltr'><strong>probat,</strong></span> 
     </span>
    </p>
   </div>
   <div class='ocr_carea' id='block_1_57' title="bbox 1976 2848 3544 2919">
    <p class='ocr_par' dir='ltr' id='par_1_57' title="bbox 1976 2848 3544 2919">
     <span class='ocr_line' id='line_1_57' title="bbox 1976 2848 3544 2919; baseline 0.004 -16"><span class='ocrx_word' id='word_1_412' title='bbox 1976 2850 2030 2903; x_wconf 92' lang='lat' dir='ltr'><strong>in</strong></span> <span class='ocrx_word' id='word_1_413' title='bbox 2051 2865 2159 2919; x_wconf 87' lang='lat' dir='ltr'><strong>qua</strong></span> <span class='ocrx_word' id='word_1_414' title='bbox 2190 2864 2299 2903; x_wconf 91' lang='lat' dir='ltr'><strong>non</strong></span> <span class='ocrx_word' id='word_1_415' title='bbox 2325 2858 2550 2904; x_wconf 84' lang='lat' dir='ltr'><strong>veretur</strong></span> <span class='ocrx_word' id='word_1_416' title='bbox 2573 2849 2629 2901; x_wconf 85' lang='lat' dir='ltr'><strong>B.</strong></span> <span class='ocrx_word' id='word_1_417' title='bbox 2652 2848 2831 2904; x_wconf 88' lang='lat' dir='ltr'><strong>Patris</strong></span> <span class='ocrx_word' id='word_1_418' title='bbox 2855 2852 3184 2907; x_wconf 88' lang='lat' dir='ltr'><strong>sententiam</strong></span> <span class='ocrx_word' id='word_1_419' title='bbox 3212 2854 3544 2909; x_wconf 82' lang='lat' dir='ltr'><strong>testimoniis</strong></span> 
     </span>
    </p>
   </div>
   <div class='ocr_carea' id='block_1_58' title="bbox 1968 2939 3540 3009">
    <p class='ocr_par' dir='ltr' id='par_1_58' title="bbox 1968 2939 3540 3009">
     <span class='ocr_line' id='line_1_58' title="bbox 1968 2939 3540 3009; baseline 0 -15"><span class='ocrx_word' id='word_1_420' title='bbox 1968 2957 2031 2994; x_wconf 85' lang='lat' dir='ltr'><strong>ex</strong></span> <span class='ocrx_word' id='word_1_421' title='bbox 2061 2955 2124 2995; x_wconf 89' lang='lat' dir='ltr'><strong>ea</strong></span> <span class='ocrx_word' id='word_1_422' title='bbox 2162 2939 2465 3009; x_wconf 89' lang='lat' dir='ltr'><strong>desumptis</strong></span> <span class='ocrx_word' id='word_1_423' title='bbox 2508 2939 2834 2994; x_wconf 81' lang='lat' dir='ltr'><strong>confirmare</strong></span> <span class='ocrx_word' id='word_1_424' title='bbox 2879 2950 2933 2994; x_wconf 90' lang='lat' dir='ltr'><strong>et</strong></span> <span class='ocrx_word' id='word_1_425' title='bbox 2965 2956 3231 2998; x_wconf 86' lang='lat' dir='ltr'><strong>asserere.</strong></span> <span class='ocrx_word' id='word_1_426' title='bbox 3272 2941 3540 3006; x_wconf 63' lang='lat' dir='ltr'><strong>Quemadc</strong></span> 
     </span>
    </p>
   </div>
   <div class='ocr_carea' id='block_1_59' title="bbox 1968 3029 3540 3102">
    <p class='ocr_par' dir='ltr' id='par_1_59' title="bbox 1968 3029 3540 3102">
     <span class='ocr_line' id='line_1_59' title="bbox 1968 3029 3540 3102; baseline 0 -16"><span class='ocrx_word' id='word_1_427' title='bbox 1968 3031 2188 3086; x_wconf 90' lang='lat' dir='ltr'><strong>modum</strong></span> <span class='ocrx_word' id='word_1_428' title='bbox 2222 3032 2385 3085; x_wconf 89' lang='lat' dir='ltr'><strong>etiam</strong></span> <span class='ocrx_word' id='word_1_429' title='bbox 2435 3047 2501 3085; x_wconf 83' lang='lat' dir='ltr'><strong>ex</strong></span> <span class='ocrx_word' id='word_1_430' title='bbox 2530 3029 2725 3085; x_wconf 79' lang='lat' dir='ltr'><strong>Voetio</strong></span> <span class='ocrx_word' id='word_1_431' title='bbox 2772 3040 2826 3083; x_wconf 86' lang='lat' dir='ltr'><strong>et</strong></span> <span class='ocrx_word' id='word_1_432' title='bbox 2856 3030 3071 3095; x_wconf 85' lang='lat' dir='ltr'><strong>Rivcto,</strong></span> <span class='ocrx_word' id='word_1_433' title='bbox 3098 3033 3191 3102; x_wconf 90' lang='lat' dir='ltr'><strong>qui</strong></span> <span class='ocrx_word' id='word_1_434' title='bbox 3230 3047 3353 3085; x_wconf 89' lang='lat' dir='ltr'><strong>cum</strong></span> <span class='ocrx_word' id='word_1_435' title='bbox 3383 3032 3540 3086; x_wconf 83' lang='lat' dir='ltr'><strong>Blon-</strong></span> 
     </span>
    </p>
   </div>
   <div class='ocr_carea' id='block_1_60' title="bbox 1968 3120 3546 3195">
    <p class='ocr_par' dir='ltr' id='par_1_60' title="bbox 1968 3120 3546 3195">
     <span class='ocr_line' id='line_1_60' title="bbox 1968 3120 3546 3195; baseline 0.003 -21"><span class='ocrx_word' id='word_1_436' title='bbox 1968 3120 2109 3175; x_wconf 89' lang='lat' dir='ltr'><strong>dello</strong></span> <span class='ocrx_word' id='word_1_437' title='bbox 2138 3136 2255 3175; x_wconf 90' lang='lat' dir='ltr'><strong>eam</strong></span> <span class='ocrx_word' id='word_1_438' title='bbox 2286 3130 2339 3175; x_wconf 90' lang='lat' dir='ltr'><strong>et</strong></span> <span class='ocrx_word' id='word_1_439' title='bbox 2366 3121 2616 3175; x_wconf 78' lang='lat' dir='ltr'><strong>viderunt</strong></span> <span class='ocrx_word' id='word_1_440' title='bbox 2638 3130 2691 3176; x_wconf 89' lang='lat' dir='ltr'><strong>et</strong></span> <span class='ocrx_word' id='word_1_441' title='bbox 2726 3121 3001 3191; x_wconf 84' lang='lat' dir='ltr'><strong>legerunt,</strong></span> <span class='ocrx_word' id='word_1_442' title='bbox 3022 3122 3164 3175; x_wconf 86' lang='lat' dir='ltr'><strong>haud</strong></span> <span class='ocrx_word' id='word_1_443' title='bbox 3195 3121 3353 3177; x_wconf 82' lang='lat' dir='ltr'><strong>facile</strong></span> <span class='ocrx_word' id='word_1_444' title='bbox 3374 3139 3546 3195; x_wconf 80' lang='lat' dir='ltr'><strong>queas</strong></span> 
     </span>
    </p>
   </div>
   <div class='ocr_carea' id='block_1_61' title="bbox 278 3182 1864 3283">
    <p class='ocr_par' dir='ltr' id='par_1_61' title="bbox 278 3182 1860 3261">
     <span class='ocr_line' id='line_1_61' title="bbox 278 3182 1860 3261; baseline 0.018 -32"><span class='ocrx_word' id='word_1_445' title='bbox 278 3182 526 3233; x_wconf 81' lang='lat' dir='ltr'><strong>terranea</strong></span> <span class='ocrx_word' id='word_1_446' title='bbox 594 3184 879 3238; x_wconf 80' lang='lat' dir='ltr'><strong>novissima</strong></span> <span class='ocrx_word' id='word_1_447' title='bbox 928 3188 1230 3261; x_wconf 76' lang='lat' dir='ltr'><strong>Aringliius</strong></span> <span class='ocrx_word' id='word_1_448' title='bbox 1278 3194 1453 3259; x_wconf 87' lang='lat' dir='ltr'><strong>citat,</strong></span> <span class='ocrx_word' id='word_1_449' title='bbox 1502 3195 1617 3253; x_wconf 63' lang='lat' dir='ltr'><strong>haec</strong></span> <span class='ocrx_word' id='word_1_450' title='bbox 1673 3208 1801 3255; x_wconf 89' lang='lat' dir='ltr'><strong>sunt</strong></span> <span class='ocrx_word' id='word_1_451' title='bbox 1848 3221 1860 3257; x_wconf 90' lang='lat'><strong>:</strong></span> 
     </span>
    </p>
   </div>
   <div class='ocr_carea' id='block_1_62' title="bbox 1969 3182 3543 3283">
    <p class='ocr_par' dir='ltr' id='par_1_62' title="bbox 1969 3212 3543 3283">
     <span class='ocr_line' id='line_1_62' title="bbox 1969 3212 3543 3283; baseline 0.003 -18"><span class='ocrx_word' id='word_1_452' title='bbox 1969 3214 2281 3283; x_wconf 87' lang='lat' dir='ltr'><strong>perspicere</strong></span> <span class='ocrx_word' id='word_1_453' title='bbox 2310 3223 2363 3268; x_wconf 89' lang='lat' dir='ltr'><strong>et</strong></span> <span class='ocrx_word' id='word_1_454' title='bbox 2406 3212 2733 3282; x_wconf 87' lang='lat' dir='ltr'><strong>dijudicare,</strong></span> <span class='ocrx_word' id='word_1_455' title='bbox 2770 3230 2898 3267; x_wconf 90' lang='lat' dir='ltr'><strong>num</strong></span> <span class='ocrx_word' id='word_1_456' title='bbox 2923 3215 3004 3267; x_wconf 87' lang='lat' dir='ltr'><strong>vel</strong></span> <span class='ocrx_word' id='word_1_457' title='bbox 3025 3214 3431 3283; x_wconf 80' lang='lat' dir='ltr'><strong>recipientium,</strong></span> <span class='ocrx_word' id='word_1_458' title='bbox 3459 3217 3543 3271; x_wconf 83' lang='lat' dir='ltr'><strong>vel</strong></span> 
     </span>
    </p>
   </div>
   <div class='ocr_carea' id='block_1_63' title="bbox 279 3270 1863 3361">
    <p class='ocr_par' dir='ltr' id='par_1_63' title="bbox 279 3270 1863 3361">
     <span class='ocr_line' id='line_1_63' title="bbox 279 3270 1863 3361; baseline 0.016 -39"><span class='ocrx_word' id='word_1_459' title='bbox 279 3270 472 3337; x_wconf 80' lang='lat' dir='ltr'><strong>Quem,</strong></span> <span class='ocrx_word' id='word_1_460' title='bbox 507 3272 801 3329; x_wconf 77' lang='lat' dir='ltr'><strong>Maximum</strong></span> <span class='ocrx_word' id='word_1_461' title='bbox 839 3279 1072 3345; x_wconf 88' lang='lat' dir='ltr'><strong>scilicet,</strong></span> <span class='ocrx_word' id='word_1_462' title='bbox 1107 3280 1167 3337; x_wconf 90' lang='lat' dir='ltr'><strong>S.</strong></span> <span class='ocrx_word' id='word_1_463' title='bbox 1202 3280 1424 3340; x_wconf 74' lang='lat' dir='ltr'><strong>chilia</strong></span> <span class='ocrx_word' id='word_1_464' title='bbox 1454 3288 1599 3359; x_wconf 82' lang='lat' dir='ltr'><strong>virgo</strong></span> <span class='ocrx_word' id='word_1_465' title='bbox 1629 3293 1863 3361; x_wconf 86' lang='lat' dir='ltr'><strong>sepelivit</strong></span> 
     </span>
    </p>
   </div>
   <div class='ocr_carea' id='block_1_64' title="bbox 277 3363 1863 3455">
    <p class='ocr_par' dir='ltr' id='par_1_64' title="bbox 277 3363 1863 3455">
     <span class='ocr_line' id='line_1_64' title="bbox 277 3363 1863 3455; baseline 0.017 -41"><span class='ocrx_word' id='word_1_466' title='bbox 277 3363 332 3414; x_wconf 85' lang='lat' dir='ltr'><strong>in</strong></span> <span class='ocrx_word' id='word_1_467' title='bbox 363 3380 498 3417; x_wconf 84' lang='lat' dir='ltr'><strong>novo</strong></span> <span class='ocrx_word' id='word_1_468' title='bbox 528 3367 877 3438; x_wconf 78' lang='lat' dir='ltr'><strong>sarcophago,</strong></span> <span class='ocrx_word' id='word_1_469' title='bbox 912 3382 959 3424; x_wconf 89' lang='lat' dir='ltr'><strong>et</strong></span> <span class='ocrx_word' id='word_1_470' title='bbox 978 3372 1147 3441; x_wconf 83' lang='lat' dir='ltr'><strong>jussit</strong></span> <span class='ocrx_word' id='word_1_471' title='bbox 1203 3386 1261 3429; x_wconf 85' lang='lat' dir='ltr'><strong>ut</strong></span> <span class='ocrx_word' id='word_1_472' title='bbox 1296 3378 1351 3432; x_wconf 87' lang='lat' dir='ltr'><strong>in</strong></span> <span class='ocrx_word' id='word_1_473' title='bbox 1392 3381 1720 3454; x_wconf 85' lang='lat' dir='ltr'><strong>sarcophago</strong></span> <span class='ocrx_word' id='word_1_474' title='bbox 1749 3386 1863 3455; x_wconf 84' lang='lat' dir='ltr'><strong>ejus</strong></span> 
     </span>
    </p>
   </div>
   <div class='ocr_carea' id='block_1_65' title="bbox 276 3454 1864 3545">
    <p class='ocr_par' dir='ltr' id='par_1_65' title="bbox 276 3454 1864 3545">
     <span class='ocr_line' id='line_1_65' title="bbox 276 3454 1864 3545; baseline 0.016 -38"><span class='ocrx_word' id='word_1_475' title='bbox 276 3454 610 3522; x_wconf 68' lang='lat' dir='ltr'><strong>sculpentur</strong></span> <span class='ocrx_word' id='word_1_476' title='bbox 649 3458 883 3525; x_wconf 71' lang='lat' dir='ltr'><strong>phcenix,</strong></span> <span class='ocrx_word' id='word_1_477' title='bbox 918 3463 987 3515; x_wconf 93' lang='lat' dir='ltr'><strong>ad</strong></span> <span class='ocrx_word' id='word_1_478' title='bbox 1026 3464 1282 3521; x_wconf 87' lang='lat' dir='ltr'><strong>indicium</strong></span> <span class='ocrx_word' id='word_1_479' title='bbox 1313 3471 1439 3539; x_wconf 78' lang='lat' dir='ltr'><strong>ﬁdei</strong></span> <span class='ocrx_word' id='word_1_480' title='bbox 1468 3473 1603 3539; x_wconf 82' lang='lat' dir='ltr'><strong>eius,</strong></span> <span class='ocrx_word' id='word_1_481' title='bbox 1653 3478 1743 3545; x_wconf 81' lang='lat' dir='ltr'><strong>qui</strong></span> <span class='ocrx_word' id='word_1_482' title='bbox 1772 3454 1864 3532; x_wconf 12' lang='lat' dir='ltr'><strong>ire-</strong></span> 
     </span>
    </p>
   </div>
   <div class='ocr_carea' id='block_1_66' title="bbox 276 3547 1862 3632">
    <p class='ocr_par' dir='ltr' id='par_1_66' title="bbox 276 3547 1862 3632">
     <span class='ocr_line' id='line_1_66' title="bbox 276 3547 1862 3632; baseline 0.017 -36"><span class='ocrx_word' id='word_1_483' title='bbox 276 3547 657 3601; x_wconf 86' lang='lat' dir='ltr'><strong>surrectionem</strong></span> <span class='ocrx_word' id='word_1_484' title='bbox 679 3567 733 3603; x_wconf 88' lang='lat' dir='ltr'><strong>se</strong></span> <span class='ocrx_word' id='word_1_485' title='bbox 752 3552 1084 3609; x_wconf 88' lang='lat' dir='ltr'><strong>inventurum</strong></span> <span class='ocrx_word' id='word_1_486' title='bbox 1124 3562 1360 3628; x_wconf 78' lang='lat' dir='ltr'><strong>exemplo</strong></span> <span class='ocrx_word' id='word_1_487' title='bbox 1385 3562 1638 3632; x_wconf 75' lang='lat' dir='ltr'><strong>phaenicis</strong></span> <span class='ocrx_word' id='word_1_488' title='bbox 1667 3583 1732 3620; x_wconf 75' lang='lat' dir='ltr'><strong>ex</strong></span> <span class='ocrx_word' id='word_1_489' title='bbox 1754 3578 1862 3625; x_wconf 91' lang='lat' dir='ltr'><strong>toto</strong></span> 
     </span>
    </p>
   </div>
   <div class='ocr_carea' id='block_1_67' title="bbox 274 3636 1862 3724">
    <p class='ocr_par' dir='ltr' id='par_1_67' title="bbox 274 3636 1862 3724">
     <span class='ocr_line' id='line_1_67' title="bbox 274 3636 1862 3724; baseline 0.019 -37"><span class='ocrx_word' id='word_1_490' title='bbox 274 3636 433 3691; x_wconf 86' lang='lat' dir='ltr'><strong>corde</strong></span> <span class='ocrx_word' id='word_1_491' title='bbox 471 3642 725 3709; x_wconf 83' lang='lat' dir='ltr'><strong>suscepit.</strong></span> <span class='ocrx_word' id='word_1_492' title='bbox 750 3640 918 3701; x_wconf 77' lang='lat' dir='ltr'><strong>Vides</strong></span> <span class='ocrx_word' id='word_1_493' title='bbox 948 3662 1102 3719; x_wconf 73' lang='lat' dir='ltr'><strong>ergo,</strong></span> <span class='ocrx_word' id='word_1_494' title='bbox 1136 3667 1299 3720; x_wconf 90' lang='lat' dir='ltr'><strong>quam</strong></span> <span class='ocrx_word' id='word_1_495' title='bbox 1334 3654 1486 3724; x_wconf 88' lang='lat' dir='ltr'><strong>juste</strong></span> <span class='ocrx_word' id='word_1_496' title='bbox 1517 3658 1573 3712; x_wconf 90' lang='lat' dir='ltr'><strong>in</strong></span> <span class='ocrx_word' id='word_1_497' title='bbox 1602 3658 1717 3714; x_wconf 63' lang='lat' dir='ltr'><strong>haec</strong></span> <span class='ocrx_word' id='word_1_498' title='bbox 1741 3669 1862 3716; x_wconf 88' lang='lat' dir='ltr'><strong>tan-</strong></span> 
     </span>
    </p>
   </div>
   <div class='ocr_carea' id='block_1_68' title="bbox 276 3729 1861 3819">
    <p class='ocr_par' dir='ltr' id='par_1_68' title="bbox 276 3729 1861 3819">
     <span class='ocr_line' id='line_1_68' title="bbox 276 3729 1861 3819; baseline 0.02 -39"><span class='ocrx_word' id='word_1_499' title='bbox 276 3729 399 3782; x_wconf 88' lang='lat' dir='ltr'><strong>dem</strong></span> <span class='ocrx_word' id='word_1_500' title='bbox 426 3732 598 3785; x_wconf 87' lang='lat' dir='ltr'><strong>verba</strong></span> <span class='ocrx_word' id='word_1_501' title='bbox 627 3745 878 3806; x_wconf 87' lang='lat' dir='ltr'><strong>erumpat</strong></span> <span class='ocrx_word' id='word_1_502' title='bbox 905 3740 1095 3814; x_wconf 79' lang='grc' dir='ltr'><strong>κριτὴς</strong></span> <span class='ocrx_word' id='word_1_503' title='bbox 1124 3745 1213 3798; x_wconf 90' lang='lat' dir='ltr'><strong>ille</strong></span> <span class='ocrx_word' id='word_1_504' title='bbox 1240 3749 1493 3819; x_wconf 76' lang='lat' dir='ltr'><strong>egregius</strong></span> <span class='ocrx_word' id='word_1_505' title='bbox 1529 3770 1543 3805; x_wconf 88' lang='lat'><strong>:</strong></span> <span class='ocrx_word' id='word_1_506' title='bbox 1577 3750 1746 3809; x_wconf 86' lang='lat' dir='ltr'><strong>Estne</strong></span> <span class='ocrx_word' id='word_1_507' title='bbox 1772 3755 1861 3811; x_wconf 89' lang='lat' dir='ltr'><strong>hic</strong></span> 
     </span>
    </p>
   </div>
   <div class='ocr_carea' id='block_1_69' title="bbox 280 3821 1860 3913">
    <p class='ocr_par' dir='ltr' id='par_1_69' title="bbox 280 3821 1860 3913">
     <span class='ocr_line' id='line_1_69' title="bbox 280 3821 1860 3913; baseline 0.019 -40"><span class='ocrx_word' id='word_1_508' title='bbox 280 3821 580 3889; x_wconf 85' lang='lat' dir='ltr'><strong>(Clemens,</strong></span> <span class='ocrx_word' id='word_1_509' title='bbox 608 3828 842 3900; x_wconf 87' lang='lat' dir='ltr'><strong>scilicet)</strong></span> <span class='ocrx_word' id='word_1_510' title='bbox 873 3831 1071 3899; x_wconf 87' lang='lat' dir='ltr'><strong>bonus,</strong></span> <span class='ocrx_word' id='word_1_511' title='bbox 1106 3834 1319 3908; x_wconf 79' lang='lat' dir='ltr'><strong>ﬁdeque</strong></span> <span class='ocrx_word' id='word_1_512' title='bbox 1350 3840 1551 3910; x_wconf 77' lang='lat' dir='ltr'><strong>dignus</strong></span> <span class='ocrx_word' id='word_1_513' title='bbox 1580 3847 1860 3913; x_wconf 86' lang='lat' dir='ltr'><strong>apostolus</strong></span> 
     </span>
    </p>
   </div>
   <div class='ocr_carea' id='block_1_70' title="bbox 277 3914 1859 3993">
    <p class='ocr_par' dir='ltr' id='par_1_70' title="bbox 277 3914 1859 3993">
     <span class='ocr_line' id='line_1_70' title="bbox 277 3914 1859 3993; baseline 0.02 -31"><span class='ocrx_word' id='word_1_514' title='bbox 277 3921 330 3964; x_wconf 85' lang='lat' dir='ltr'><strong>et</strong></span> <span class='ocrx_word' id='word_1_515' title='bbox 354 3914 577 3981; x_wconf 86' lang='lat' dir='ltr'><strong>adjulor</strong></span> <span class='ocrx_word' id='word_1_516' title='bbox 604 3915 659 3972; x_wconf 92' lang='lat' dir='ltr'><strong>S.</strong></span> <span class='ocrx_word' id='word_1_517' title='bbox 684 3917 863 3985; x_wconf 87' lang='lat' dir='ltr'><strong>Pauli,</strong></span> <span class='ocrx_word' id='word_1_518' title='bbox 882 3924 976 3993; x_wconf 91' lang='lat' dir='ltr'><strong>qui</strong></span> <span class='ocrx_word' id='word_1_519' title='bbox 1008 3932 1465 3988; x_wconf 90' lang='lat' dir='ltr'><strong>resurrectionem</strong></span> <span class='ocrx_word' id='word_1_520' title='bbox 1493 3938 1675 3992; x_wconf 89' lang='lat' dir='ltr'><strong>carnis</strong></span> <span class='ocrx_word' id='word_1_521' title='bbox 1700 3936 1859 3993; x_wconf 85' lang='lat' dir='ltr'><strong>fabu-</strong></span> 
     </span>
    </p>
   </div>
   <div class='ocr_carea' id='block_1_71' title="bbox 276 4004 1861 4084">
    <p class='ocr_par' dir='ltr' id='par_1_71' title="bbox 276 4004 1861 4084">
     <span class='ocr_line' id='line_1_71' title="bbox 276 4004 1861 4084; baseline 0.018 -28"><span class='ocrx_word' id='word_1_522' title='bbox 276 4004 345 4057; x_wconf 93' lang='lat' dir='ltr'><strong>lis</strong></span> <span class='ocrx_word' id='word_1_523' title='bbox 376 4012 493 4058; x_wconf 84' lang='lat' dir='ltr'><strong>tam</strong></span> <span class='ocrx_word' id='word_1_524' title='bbox 539 4006 701 4064; x_wconf 80' lang='lat' dir='ltr'><strong>bellis</strong></span> <span class='ocrx_word' id='word_1_525' title='bbox 729 4020 909 4078; x_wconf 88' lang='lat' dir='ltr'><strong>potest</strong></span> <span class='ocrx_word' id='word_1_526' title='bbox 937 4020 1223 4074; x_wconf 88' lang='lat' dir='ltr'><strong>astruere?</strong></span> <span class='ocrx_word' id='word_1_527' title='bbox 1267 4029 1320 4075; x_wconf 88' lang='lat' dir='ltr'><strong>et</strong></span> <span class='ocrx_word' id='word_1_528' title='bbox 1344 4038 1526 4079; x_wconf 87' lang='lat' dir='ltr'><strong>annon</strong></span> <span class='ocrx_word' id='word_1_529' title='bbox 1556 4028 1729 4082; x_wconf 89' lang='lat' dir='ltr'><strong>multo</strong></span> <span class='ocrx_word' id='word_1_530' title='bbox 1776 4045 1861 4084; x_wconf 84' lang='lat' dir='ltr'><strong>re-</strong></span> 
     </span>
    </p>
   </div>
   <div class='ocr_carea' id='block_1_72' title="bbox 275 4097 1856 4188">
    <p class='ocr_par' dir='ltr' id='par_1_72' title="bbox 275 4097 1856 4188">
     <span class='ocr_line' id='line_1_72' title="bbox 275 4097 1856 4188; baseline 0.018 -39"><span class='ocrx_word' id='word_1_531' title='bbox 275 4097 419 4188; x_wconf 84' lang='lat' dir='ltr'><strong>ctius</strong></span> <span class='ocrx_word' id='word_1_532' title='bbox 440 4098 711 4167; x_wconf 89' lang='lat' dir='ltr'><strong>judicarit</strong></span> <span class='ocrx_word' id='word_1_533' title='bbox 758 4103 894 4159; x_wconf 93' lang='lat' dir='ltr'><strong>illud</strong></span> <span class='ocrx_word' id='word_1_534' title='bbox 943 4107 1110 4179; x_wconf 80' lang='lat' dir='ltr'><strong>Belgii</strong></span> <span class='ocrx_word' id='word_1_535' title='bbox 1171 4112 1346 4177; x_wconf 87' lang='lat' dir='ltr'><strong>sidus,</strong></span> <span class='ocrx_word' id='word_1_536' title='bbox 1406 4115 1561 4188; x_wconf 77' lang='lat' dir='ltr'><strong>[iugo</strong></span> <span class='ocrx_word' id='word_1_537' title='bbox 1612 4118 1856 4188; x_wconf 88' lang='lat' dir='ltr'><strong>Grotius,</strong></span> 
     </span>
    </p>
   </div>
   <div class='ocr_carea' id='block_1_73' title="bbox 277 4187 1859 4273">
    <p class='ocr_par' dir='ltr' id='par_1_73' title="bbox 277 4187 1859 4273">
     <span class='ocr_line' id='line_1_73' title="bbox 277 4187 1859 4273; baseline 0.018 -31"><span class='ocrx_word' id='word_1_538' title='bbox 277 4187 415 4245; x_wconf 75' lang='lat' dir='ltr'><strong>(also</strong></span> <span class='ocrx_word' id='word_1_539' title='bbox 445 4193 640 4251; x_wconf 86' lang='lat' dir='ltr'><strong>itidem</strong></span> <span class='ocrx_word' id='word_1_540' title='bbox 679 4197 773 4251; x_wconf 88' lang='lat' dir='ltr'><strong>illo</strong></span> <span class='ocrx_word' id='word_1_541' title='bbox 802 4199 923 4270; x_wconf 90' lang='lat' dir='ltr'><strong>ipso</strong></span> <span class='ocrx_word' id='word_1_542' title='bbox 974 4203 1182 4273; x_wconf 89' lang='lat' dir='ltr'><strong>scripto</strong></span> <span class='ocrx_word' id='word_1_543' title='bbox 1241 4208 1423 4262; x_wconf 85' lang='lat' dir='ltr'><strong>verbis</strong></span> <span class='ocrx_word' id='word_1_544' title='bbox 1482 4187 1607 4267; x_wconf 87' lang='lat' dir='ltr'><strong>mox</strong></span> <span class='ocrx_word' id='word_1_545' title='bbox 1662 4187 1859 4270; x_wconf 80' lang='lat' dir='ltr'><strong>subse-</strong></span> 
     </span>
    </p>
   </div>
   <div class='ocr_carea' id='block_1_74' title="bbox 273 4288 1857 4380">
    <p class='ocr_par' dir='ltr' id='par_1_74' title="bbox 273 4288 1857 4380">
     <span class='ocr_line' id='line_1_74' title="bbox 273 4288 1857 4380; baseline 0.018 -44"><span class='ocrx_word' id='word_1_546' title='bbox 273 4288 594 4355; x_wconf 87' lang='lat' dir='ltr'><strong>quentibus,</strong></span> <span class='ocrx_word' id='word_1_547' title='bbox 626 4297 686 4343; x_wconf 92' lang='lat' dir='ltr'><strong>ut</strong></span> <span class='ocrx_word' id='word_1_548' title='bbox 716 4292 791 4346; x_wconf 90' lang='lat' dir='ltr'><strong>rei</strong></span> <span class='ocrx_word' id='word_1_549' title='bbox 824 4292 1077 4350; x_wconf 69' lang='lat' dir='ltr'><strong>absurda:</strong></span> <span class='ocrx_word' id='word_1_550' title='bbox 1122 4306 1337 4365; x_wconf 90' lang='lat' dir='ltr'><strong>auctor,</strong></span> <span class='ocrx_word' id='word_1_551' title='bbox 1385 4305 1699 4374; x_wconf 81' lang='lat' dir='ltr'><strong>sugillatus,</strong></span> <span class='ocrx_word' id='word_1_552' title='bbox 1739 4310 1857 4380; x_wconf 88' lang='lat' dir='ltr'><strong>epi-</strong></span> 
     </span>
    </p>
   </div>
   <div class='ocr_carea' id='block_1_75' title="bbox 275 4379 1859 4469">
    <p class='ocr_par' dir='ltr' id='par_1_75' title="bbox 275 4379 1859 4469">
     <span class='ocr_line' id='line_1_75' title="bbox 275 4379 1859 4469; baseline 0.017 -39"><span class='ocrx_word' id='word_1_553' title='bbox 275 4379 415 4432; x_wconf 65' lang='lat' dir='ltr'><strong>stola</strong></span> <span class='ocrx_word' id='word_1_554' title='bbox 443 4381 685 4449; x_wconf 79' lang='lat' dir='ltr'><strong>quadam</strong></span> <span class='ocrx_word' id='word_1_555' title='bbox 726 4384 791 4437; x_wconf 88' lang='lat' dir='ltr'><strong>ad</strong></span> <span class='ocrx_word' id='word_1_556' title='bbox 824 4384 1151 4469; x_wconf 74' lang='lat' dir='ltr'><strong>Bignonium</strong></span> <span class='ocrx_word' id='word_1_557' title='bbox 1182 4392 1449 4450; x_wconf 79' lang='lat' dir='ltr'><strong>hactenus</strong></span> <span class='ocrx_word' id='word_1_558' title='bbox 1492 4397 1697 4455; x_wconf 89' lang='lat' dir='ltr'><strong>inedita</strong></span> <span class='ocrx_word' id='word_1_559' title='bbox 1733 4420 1746 4456; x_wconf 93' lang='lat'><strong>:</strong></span> <span class='ocrx_word' id='word_1_560' title='bbox 1776 4379 1859 4456; x_wconf 83' lang='lat' dir='ltr'><strong>De</strong></span> 
     </span>
    </p>
   </div>
   <div class='ocr_carea' id='block_1_76' title="bbox 272 4472 1857 4558">
    <p class='ocr_par' dir='ltr' id='par_1_76' title="bbox 272 4472 1857 4558">
     <span class='ocr_line' id='line_1_76' title="bbox 272 4472 1857 4558; baseline 0.014 -34"><span class='ocrx_word' id='word_1_561' title='bbox 272 4472 506 4538; x_wconf 67' lang='lat' dir='ltr'><strong>phanice</strong></span> <span class='ocrx_word' id='word_1_562' title='bbox 534 4490 642 4528; x_wconf 84' lang='lat' dir='ltr'><strong>rem</strong></span> <span class='ocrx_word' id='word_1_563' title='bbox 680 4476 844 4544; x_wconf 78' lang='lat' dir='ltr'><strong>fuisse</strong></span> <span class='ocrx_word' id='word_1_564' title='bbox 866 4496 926 4533; x_wconf 89' lang='lat' dir='ltr'><strong>eo</strong></span> <span class='ocrx_word' id='word_1_565' title='bbox 955 4490 1182 4551; x_wconf 85' lang='lat' dir='ltr'><strong>tempore</strong></span> <span class='ocrx_word' id='word_1_566' title='bbox 1210 4490 1434 4543; x_wconf 85' lang='lat' dir='ltr'><strong>eruditis</strong></span> <span class='ocrx_word' id='word_1_567' title='bbox 1459 4494 1737 4558; x_wconf 86' lang='lat' dir='ltr'><strong>creditam,</strong></span> <span class='ocrx_word' id='word_1_568' title='bbox 1764 4512 1857 4549; x_wconf 88' lang='lat' dir='ltr'><strong>nec</strong></span> 
     </span>
    </p>
   </div>
   <div class='ocr_carea' id='block_1_77' title="bbox 1970 3306 3540 3377">
    <p class='ocr_par' dir='ltr' id='par_1_77' title="bbox 1970 3306 3540 3377">
     <span class='ocr_line' id='line_1_77' title="bbox 1970 3306 3540 3377; baseline 0.003 -18"><span class='ocrx_word' id='word_1_569' title='bbox 1970 3306 2345 3376; x_wconf 89' lang='lat' dir='ltr'><strong>respnentium</strong></span> <span class='ocrx_word' id='word_1_570' title='bbox 2397 3317 2704 3375; x_wconf 85' lang='lat' dir='ltr'><strong>sequantur</strong></span> <span class='ocrx_word' id='word_1_571' title='bbox 2740 3315 2924 3375; x_wconf 86' lang='lat' dir='ltr'><strong>partes</strong></span> <span class='ocrx_word' id='word_1_572' title='bbox 2954 3307 3156 3374; x_wconf 87' lang='lat' dir='ltr'><strong>:hujus</strong></span> <span class='ocrx_word' id='word_1_573' title='bbox 3188 3324 3423 3377; x_wconf 87' lang='lat' dir='ltr'><strong>namque</strong></span> <span class='ocrx_word' id='word_1_574' title='bbox 3474 3325 3540 3363; x_wconf 83' lang='lat' dir='ltr'><strong>ex</strong></span> 
     </span>
    </p>
   </div>
   <div class='ocr_carea' id='block_1_78' title="bbox 1971 3398 3543 3460">
    <p class='ocr_par' dir='ltr' id='par_1_78' title="bbox 1971 3398 3543 3460">
     <span class='ocr_line' id='line_1_78' title="bbox 1971 3398 3543 3460; baseline -0.001 -4"><span class='ocrx_word' id='word_1_575' title='bbox 1971 3401 2212 3456; x_wconf 85' lang='lat' dir='ltr'><strong>editione</strong></span> <span class='ocrx_word' id='word_1_576' title='bbox 2237 3400 2431 3454; x_wconf 84' lang='lat' dir='ltr'><strong>ultima</strong></span> <span class='ocrx_word' id='word_1_577' title='bbox 2456 3398 2761 3454; x_wconf 88' lang='lat' dir='ltr'><strong>Geneveusi</strong></span> <span class='ocrx_word' id='word_1_578' title='bbox 2786 3399 2914 3452; x_wconf 91' lang='lat' dir='ltr'><strong>anni</strong></span> <span class='ocrx_word' id='word_1_579' title='bbox 2943 3399 3098 3460; x_wconf 74' lang='lat'><strong>1652,</strong></span> <span class='ocrx_word' id='word_1_580' title='bbox 3125 3399 3240 3453; x_wconf 67' lang='lat' dir='ltr'><strong>haec</strong></span> <span class='ocrx_word' id='word_1_581' title='bbox 3272 3408 3399 3454; x_wconf 89' lang='lat' dir='ltr'><strong>sunt</strong></span> <span class='ocrx_word' id='word_1_582' title='bbox 3422 3417 3543 3455; x_wconf 85' lang='lat' dir='ltr'><strong>ver-</strong></span> 
     </span>
    </p>
   </div>
   <div class='ocr_carea' id='block_1_79' title="bbox 1973 3488 3534 3561">
    <p class='ocr_par' dir='ltr' id='par_1_79' title="bbox 1973 3488 3534 3561">
     <span class='ocr_line' id='line_1_79' title="bbox 1973 3488 3534 3561; baseline -0.003 -14"><span class='ocrx_word' id='word_1_583' title='bbox 1973 3494 2039 3548; x_wconf 84' lang='lat' dir='ltr'><strong>ba</strong></span> <span class='ocrx_word' id='word_1_584' title='bbox 2068 3511 2081 3547; x_wconf 90' lang='lat'><strong>:</strong></span> <span class='ocrx_word' id='word_1_585' title='bbox 2111 3492 2335 3560; x_wconf 88' lang='lat' dir='ltr'><strong>Scripsit</strong></span> <span class='ocrx_word' id='word_1_586' title='bbox 2359 3488 2618 3549; x_wconf 87' lang='lat' dir='ltr'><strong>Clemens.</strong></span> <span class='ocrx_word' id='word_1_587' title='bbox 2655 3500 2781 3544; x_wconf 88' lang='lat' dir='ltr'><strong>teste</strong></span> <span class='ocrx_word' id='word_1_588' title='bbox 2809 3489 3132 3561; x_wconf 81' lang='lat' dir='ltr'><strong>Hieronymo</strong></span> <span class='ocrx_word' id='word_1_589' title='bbox 3176 3491 3229 3544; x_wconf 89' lang='lat' dir='ltr'><strong>in</strong></span> <span class='ocrx_word' id='word_1_590' title='bbox 3254 3491 3534 3561; x_wconf 85' lang='lat' dir='ltr'><strong>Catalogo,</strong></span> 
     </span>
    </p>
   </div>
   <div class='ocr_carea' id='block_1_80' title="bbox 1964 3580 3540 3653">
    <p class='ocr_par' dir='ltr' id='par_1_80' title="bbox 1964 3580 3540 3653">
     <span class='ocr_line' id='line_1_80' title="bbox 1964 3580 3540 3653; baseline -0.002 -16"><span class='ocrx_word' id='word_1_591' title='bbox 1964 3599 2029 3637; x_wconf 80' lang='lat' dir='ltr'><strong>ea:</strong></span> <span class='ocrx_word' id='word_1_592' title='bbox 2066 3599 2288 3653; x_wconf 88' lang='lat' dir='ltr'><strong>persona</strong></span> <span class='ocrx_word' id='word_1_593' title='bbox 2314 3582 2564 3638; x_wconf 74' lang='lat' dir='ltr'><strong>Ecclesia:</strong></span> <span class='ocrx_word' id='word_1_594' title='bbox 2589 3583 2843 3638; x_wconf 72' lang='lat' dir='ltr'><strong>Romana:</strong></span> <span class='ocrx_word' id='word_1_595' title='bbox 2870 3583 2938 3637; x_wconf 88' lang='lat' dir='ltr'><strong>ad</strong></span> <span class='ocrx_word' id='word_1_596' title='bbox 2979 3583 3266 3636; x_wconf 80' lang='lat' dir='ltr'><strong>Ecclesium</strong></span> <span class='ocrx_word' id='word_1_597' title='bbox 3296 3580 3540 3636; x_wconf 84' lang='lat' dir='ltr'><strong>Corinthi</strong></span> 
     </span>
    </p>
   </div>
   <div class='ocr_carea' id='block_1_81' title="bbox 1964 3673 3535 3744">
    <p class='ocr_par' dir='ltr' id='par_1_81' title="bbox 1964 3673 3535 3744">
     <span class='ocr_line' id='line_1_81' title="bbox 1964 3673 3535 3744; baseline -0.001 -17"><span class='ocrx_word' id='word_1_598' title='bbox 1964 3674 2113 3728; x_wconf 77' lang='lat' dir='ltr'><strong>valde</strong></span> <span class='ocrx_word' id='word_1_599' title='bbox 2147 3674 2328 3727; x_wconf 87' lang='lat' dir='ltr'><strong>utilem</strong></span> <span class='ocrx_word' id='word_1_600' title='bbox 2374 3673 2693 3742; x_wconf 86' lang='lat' dir='ltr'><strong>Epistolam,</strong></span> <span class='ocrx_word' id='word_1_601' title='bbox 2725 3691 2843 3744; x_wconf 78' lang='lat' dir='ltr'><strong>qua:</strong></span> <span class='ocrx_word' id='word_1_602' title='bbox 2865 3674 3133 3727; x_wconf 87' lang='lat' dir='ltr'><strong>nonnullis</strong></span> <span class='ocrx_word' id='word_1_603' title='bbox 3185 3675 3239 3727; x_wconf 91' lang='lat' dir='ltr'><strong>in</strong></span> <span class='ocrx_word' id='word_1_604' title='bbox 3284 3673 3410 3726; x_wconf 89' lang='lat' dir='ltr'><strong>locis</strong></span> <span class='ocrx_word' id='word_1_605' title='bbox 3432 3689 3535 3741; x_wconf 79' lang='lat' dir='ltr'><strong>pu-</strong></span> 
     </span>
    </p>
   </div>
   <div class='ocr_carea' id='block_1_82' title="bbox 1963 3765 3535 3838">
    <p class='ocr_par' dir='ltr' id='par_1_82' title="bbox 1963 3765 3535 3838">
     <span class='ocr_line' id='line_1_82' title="bbox 1963 3765 3535 3838; baseline -0.001 -19"><span class='ocrx_word' id='word_1_606' title='bbox 1963 3767 2093 3821; x_wconf 90' lang='lat' dir='ltr'><strong>blice</strong></span> <span class='ocrx_word' id='word_1_607' title='bbox 2144 3777 2254 3820; x_wconf 90' lang='lat' dir='ltr'><strong>tum</strong></span> <span class='ocrx_word' id='word_1_608' title='bbox 2322 3768 2608 3838; x_wconf 85' lang='lat' dir='ltr'><strong>legebatur.</strong></span> <span class='ocrx_word' id='word_1_609' title='bbox 2658 3766 2910 3820; x_wconf 84' lang='lat' dir='ltr'><strong>-—Hanc</strong></span> <span class='ocrx_word' id='word_1_610' title='bbox 2947 3776 3122 3820; x_wconf 90' lang='lat' dir='ltr'><strong>autem</strong></span> <span class='ocrx_word' id='word_1_611' title='bbox 3173 3765 3535 3819; x_wconf 83' lang='lat' dir='ltr'><strong>desideratam</strong></span> 
     </span>
    </p>
   </div>
   <div class='ocr_carea' id='block_1_83' title="bbox 1968 3858 3542 3929">
    <p class='ocr_par' dir='ltr' id='par_1_83' title="bbox 1968 3858 3542 3929">
     <span class='ocr_line' id='line_1_83' title="bbox 1968 3858 3542 3929; baseline -0.001 -17"><span class='ocrx_word' id='word_1_612' title='bbox 1968 3859 2233 3914; x_wconf 84' lang='lat' dir='ltr'><strong>Patricius</strong></span> <span class='ocrx_word' id='word_1_613' title='bbox 2274 3859 2469 3915; x_wconf 79' lang='lat' dir='ltr'><strong>Junius</strong></span> <span class='ocrx_word' id='word_1_614' title='bbox 2501 3863 2579 3914; x_wconf 81' lang='lat' dir='ltr'><strong>vir</strong></span> <span class='ocrx_word' id='word_1_615' title='bbox 2620 3860 2973 3922; x_wconf 85' lang='lat' dir='ltr'><strong>clarissimus,</strong></span> <span class='ocrx_word' id='word_1_616' title='bbox 3013 3859 3147 3929; x_wconf 87' lang='lat' dir='ltr'><strong>regis</strong></span> <span class='ocrx_word' id='word_1_617' title='bbox 3182 3875 3385 3929; x_wconf 73' lang='lat' dir='ltr'><strong>magna:</strong></span> <span class='ocrx_word' id='word_1_618' title='bbox 3414 3858 3542 3912; x_wconf 83' lang='lat' dir='ltr'><strong>Bri-</strong></span> 
     </span>
    </p>
   </div>
   <div class='ocr_carea' id='block_1_84' title="bbox 1964 3949 3539 4021">
    <p class='ocr_par' dir='ltr' id='par_1_84' title="bbox 1964 3949 3539 4021">
     <span class='ocr_line' id='line_1_84' title="bbox 1964 3949 3539 4021; baseline -0.001 -16"><span class='ocrx_word' id='word_1_619' title='bbox 1964 3952 2159 4007; x_wconf 69' lang='lat' dir='ltr'><strong>tanniae</strong></span> <span class='ocrx_word' id='word_1_620' title='bbox 2192 3952 2635 4014; x_wconf 88' lang='lat' dir='ltr'><strong>bibliothecarius,</strong></span> <span class='ocrx_word' id='word_1_621' title='bbox 2670 3968 2734 4005; x_wconf 71' lang='lat' dir='ltr'><strong>ea;</strong></span> <span class='ocrx_word' id='word_1_622' title='bbox 2765 3952 2954 4005; x_wconf 89' lang='lat' dir='ltr'><strong>laceris</strong></span> <span class='ocrx_word' id='word_1_623' title='bbox 2985 3952 3225 4021; x_wconf 88' lang='lat' dir='ltr'><strong>reliquiis</strong></span> <span class='ocrx_word' id='word_1_624' title='bbox 3250 3949 3539 4003; x_wconf 80' lang='lat' dir='ltr'><strong>vetustissi-</strong></span> 
     </span>
    </p>
   </div>
   <div class='ocr_carea' id='block_1_85' title="bbox 1964 4040 3540 4115">
    <p class='ocr_par' dir='ltr' id='par_1_85' title="bbox 1964 4040 3540 4115">
     <span class='ocr_line' id='line_1_85' title="bbox 1964 4040 3540 4115; baseline -0.003 -16"><span class='ocrx_word' id='word_1_625' title='bbox 1964 4062 2035 4099; x_wconf 77' lang='grc' dir='ltr'><strong>πη</strong></span> <span class='ocrx_word' id='word_1_626' title='bbox 2066 4046 2381 4115; x_wconf 76' lang='lat' dir='ltr'><strong>exemplaris</strong></span> <span class='ocrx_word' id='word_1_627' title='bbox 2426 4046 2557 4114; x_wconf 89' lang='lat' dir='ltr'><strong>regii</strong></span> <span class='ocrx_word' id='word_1_628' title='bbox 2583 4047 2741 4107; x_wconf 85' lang='lat' dir='ltr'><strong>eruit,</strong></span> <span class='ocrx_word' id='word_1_629' title='bbox 2801 4045 3023 4098; x_wconf 85' lang='lat' dir='ltr'><strong>lacunas</strong></span> <span class='ocrx_word' id='word_1_630' title='bbox 3072 4044 3320 4113; x_wconf 60' lang='lat' dir='ltr'><strong>explevit,</strong></span> <span class='ocrx_word' id='word_1_631' title='bbox 3351 4040 3540 4095; x_wconf 85' lang='lat' dir='ltr'><strong>Latine</strong></span> 
     </span>
    </p>
   </div>
   <div class='ocr_carea' id='block_1_86' title="bbox 1962 4133 3532 4205">
    <p class='ocr_par' dir='ltr' id='par_1_86' title="bbox 1962 4133 3532 4205">
     <span class='ocr_line' id='line_1_86' title="bbox 1962 4133 3532 4205; baseline -0.004 -15"><span class='ocrx_word' id='word_1_632' title='bbox 1962 4137 2133 4199; x_wconf 81' lang='lat' dir='ltr'><strong>vertit,</strong></span> <span class='ocrx_word' id='word_1_633' title='bbox 2164 4146 2216 4190; x_wconf 87' lang='lat' dir='ltr'><strong>et</strong></span> <span class='ocrx_word' id='word_1_634' title='bbox 2267 4135 2504 4188; x_wconf 84' lang='lat' dir='ltr'><strong>brevibus</strong></span> <span class='ocrx_word' id='word_1_635' title='bbox 2538 4137 2676 4188; x_wconf 89' lang='lat' dir='ltr'><strong>notis</strong></span> <span class='ocrx_word' id='word_1_636' title='bbox 2733 4136 3044 4198; x_wconf 86' lang='lat' dir='ltr'><strong>illustravit,</strong></span> <span class='ocrx_word' id='word_1_637' title='bbox 3100 4150 3316 4205; x_wconf 87' lang='lat' dir='ltr'><strong>eamque</strong></span> <span class='ocrx_word' id='word_1_638' title='bbox 3343 4133 3532 4193; x_wconf 82' lang='lat' dir='ltr'><strong>edidit,</strong></span> 
     </span>
    </p>
   </div>
   <div class='ocr_carea' id='block_1_87' title="bbox 1962 4225 3533 4298">
    <p class='ocr_par' dir='ltr' id='par_1_87' title="bbox 1962 4225 3533 4298">
     <span class='ocr_line' id='line_1_87' title="bbox 1962 4225 3533 4298; baseline -0.004 -16"><span class='ocrx_word' id='word_1_639' title='bbox 1962 4246 2077 4282; x_wconf 91' lang='lat' dir='ltr'><strong>cum</strong></span> <span class='ocrx_word' id='word_1_640' title='bbox 2103 4229 2397 4298; x_wconf 84' lang='lat' dir='ltr'><strong>fragmento</strong></span> <span class='ocrx_word' id='word_1_641' title='bbox 2430 4226 2670 4281; x_wconf 77' lang='lat' dir='ltr'><strong>secunda:</strong></span> <span class='ocrx_word' id='word_1_642' title='bbox 2693 4226 2930 4295; x_wconf 79' lang='lat' dir='ltr'><strong>epistula:</strong></span> <span class='ocrx_word' id='word_1_643' title='bbox 2960 4226 3028 4279; x_wconf 88' lang='lat' dir='ltr'><strong>ad</strong></span> <span class='ocrx_word' id='word_1_644' title='bbox 3048 4227 3278 4288; x_wconf 88' lang='lat' dir='ltr'><strong>eosdem,</strong></span> <span class='ocrx_word' id='word_1_645' title='bbox 3306 4225 3533 4280; x_wconf 74' lang='lat' dir='ltr'><strong>Oxonia:</strong></span> 
     </span>
    </p>
   </div>
   <div class='ocr_carea' id='block_1_88' title="bbox 1960 4316 3536 4388">
    <p class='ocr_par' dir='ltr' id='par_1_88' title="bbox 1960 4316 3536 4388">
     <span class='ocr_line' id='line_1_88' title="bbox 1960 4316 3536 4388; baseline -0.001 -16"><span class='ocrx_word' id='word_1_646' title='bbox 1960 4336 2099 4373; x_wconf 88' lang='lat' dir='ltr'><strong>anno</strong></span> <span class='ocrx_word' id='word_1_647' title='bbox 2140 4319 2297 4373; x_wconf 76' lang='grc'><strong>1655.</strong></span> <span class='ocrx_word' id='word_1_648' title='bbox 2342 4316 2407 4371; x_wconf 90' lang='lat' dir='ltr'><strong>In</strong></span> <span class='ocrx_word' id='word_1_649' title='bbox 2437 4335 2499 4371; x_wconf 87' lang='lat' dir='ltr'><strong>ea</strong></span> <span class='ocrx_word' id='word_1_650' title='bbox 2529 4319 2861 4386; x_wconf 86' lang='lat' dir='ltr'><strong>reperiuntur</strong></span> <span class='ocrx_word' id='word_1_651' title='bbox 2882 4335 2997 4388; x_wconf 73' lang='lat' dir='ltr'><strong>qua:</strong></span> <span class='ocrx_word' id='word_1_652' title='bbox 3022 4336 3053 4371; x_wconf 94' lang='lat' dir='ltr'><strong>a</strong></span> <span class='ocrx_word' id='word_1_653' title='bbox 3107 4317 3374 4371; x_wconf 88' lang='lat' dir='ltr'><strong>nonnullis</strong></span> <span class='ocrx_word' id='word_1_654' title='bbox 3399 4328 3536 4370; x_wconf 84' lang='lat' dir='ltr'><strong>vete-</strong></span> 
     </span>
    </p>
   </div>
   <div class='ocr_carea' id='block_1_89' title="bbox 1969 4408 3537 4472">
    <p class='ocr_par' dir='ltr' id='par_1_89' title="bbox 1969 4408 3537 4472">
     <span class='ocr_line' id='line_1_89' title="bbox 1969 4408 3537 4472; baseline -0.001 -11"><span class='ocrx_word' id='word_1_655' title='bbox 1969 4409 2115 4462; x_wconf 90' lang='lat' dir='ltr'><strong>ribus</strong></span> <span class='ocrx_word' id='word_1_656' title='bbox 2151 4411 2407 4471; x_wconf 89' lang='lat' dir='ltr'><strong>citantur,</strong></span> <span class='ocrx_word' id='word_1_657' title='bbox 2440 4417 2496 4460; x_wconf 92' lang='lat' dir='ltr'><strong>ut</strong></span> <span class='ocrx_word' id='word_1_658' title='bbox 2524 4409 2577 4461; x_wconf 88' lang='lat' dir='ltr'><strong>in</strong></span> <span class='ocrx_word' id='word_1_659' title='bbox 2603 4408 2738 4461; x_wconf 87' lang='lat' dir='ltr'><strong>notis</strong></span> <span class='ocrx_word' id='word_1_660' title='bbox 2785 4409 2915 4472; x_wconf 89' lang='lat' dir='ltr'><strong>suis,</strong></span> <span class='ocrx_word' id='word_1_661' title='bbox 2947 4424 3011 4461; x_wconf 80' lang='lat' dir='ltr'><strong>ea:</strong></span> <span class='ocrx_word' id='word_1_662' title='bbox 3033 4408 3332 4471; x_wconf 86' lang='lat' dir='ltr'><strong>collatione,</strong></span> <span class='ocrx_word' id='word_1_663' title='bbox 3359 4418 3537 4460; x_wconf 11' lang='lat' dir='ltr'><strong>ostens-</strong></span> 
     </span>
    </p>
   </div>
   <div class='ocr_carea' id='block_1_90' title="bbox 1973 4485 3533 4570">
    <p class='ocr_par' dir='ltr' id='par_1_90' title="bbox 1973 4485 3533 4570">
     <span class='ocr_line' id='line_1_90' title="bbox 1973 4485 3533 4570; baseline 0.001 -17"><span class='ocrx_word' id='word_1_664' title='bbox 1973 4501 2051 4554; x_wconf 89' lang='lat' dir='ltr'><strong>dit</strong></span> <span class='ocrx_word' id='word_1_665' title='bbox 2081 4485 2473 4555; x_wconf 84' lang='lat' dir='ltr'><strong>eruditissimus</strong></span> <span class='ocrx_word' id='word_1_666' title='bbox 2515 4500 2705 4564; x_wconf 88' lang='lat' dir='ltr'><strong>editor,</strong></span> <span class='ocrx_word' id='word_1_667' title='bbox 2733 4502 2821 4570; x_wconf 85' lang='lat' dir='ltr'><strong>qui</strong></span> <span class='ocrx_word' id='word_1_668' title='bbox 2850 4517 3024 4553; x_wconf 75' lang='lat' dir='ltr'><strong>ceram</strong></span> <span class='ocrx_word' id='word_1_669' title='bbox 3047 4510 3094 4553; x_wconf 89' lang='lat' dir='ltr'><strong>et</strong></span> <span class='ocrx_word' id='word_1_670' title='bbox 3122 4502 3401 4568; x_wconf 84' lang='lat' dir='ltr'><strong>genuinam</strong></span> <span class='ocrx_word' id='word_1_671' title='bbox 3421 4517 3533 4554; x_wconf 87' lang='lat' dir='ltr'><strong>esse</strong></span> 
     </span>
    </p>
   </div>
   <div class='ocr_carea' id='block_1_91' title="bbox 273 4570 3533 4660">
    <p class='ocr_par' dir='ltr' id='par_1_91' title="bbox 273 4570 3533 4660">
     <span class='ocr_line' id='line_1_91' title="bbox 273 4570 3533 4660; baseline 0.007 -40"><span class='ocrx_word' id='word_1_672' title='bbox 273 4582 330 4620; x_wconf 85' lang='lat' dir='ltr'><strong>eo</strong></span> <span class='ocrx_word' id='word_1_673' title='bbox 362 4579 672 4637; x_wconf 86' lang='lat' dir='ltr'><strong>argumento</strong></span> <span class='ocrx_word' id='word_1_674' title='bbox 704 4572 780 4623; x_wconf 87' lang='lat' dir='ltr'><strong>uti</strong></span> <span class='ocrx_word' id='word_1_675' title='bbox 811 4570 1125 4630; x_wconf 89' lang='lat' dir='ltr'><strong>Clementem</strong></span> <span class='ocrx_word' id='word_1_676' title='bbox 1158 4588 1216 4631; x_wconf 90' lang='lat' dir='ltr'><strong>ut</strong></span> <span class='ocrx_word' id='word_1_677' title='bbox 1268 4580 1446 4648; x_wconf 90' lang='lat' dir='ltr'><strong>probet</strong></span> <span class='ocrx_word' id='word_1_678' title='bbox 1475 4583 1582 4637; x_wconf 85' lang='grc' dir='ltr'><strong>τῶν</strong></span> <span class='ocrx_word' id='word_1_679' title='bbox 1637 4587 1847 4659; x_wconf 81' lang='grc' dir='ltr'><strong>νεκρῶν</strong></span> <span class='ocrx_word' id='word_1_680' title='bbox 1888 4574 1932 4629; x_wconf 82' lang='grc' dir='ltr'><strong>Ῑ)</strong></span> <span class='ocrx_word' id='word_1_681' title='bbox 1963 4592 2239 4646; x_wconf 88' lang='lat' dir='ltr'><strong>Clementis</strong></span> <span class='ocrx_word' id='word_1_682' title='bbox 2273 4590 2567 4659; x_wconf 86' lang='lat' dir='ltr'><strong>Epistolam</strong></span> <span class='ocrx_word' id='word_1_683' title='bbox 2608 4592 2901 4652; x_wconf 66' lang='lat' dir='ltr'><strong>existimat,</strong></span> <span class='ocrx_word' id='word_1_684' title='bbox 2930 4607 3033 4644; x_wconf 88' lang='lat' dir='ltr'><strong>non</strong></span> <span class='ocrx_word' id='word_1_685' title='bbox 3086 4589 3326 4644; x_wconf 87' lang='lat' dir='ltr'><strong>obstante</strong></span> <span class='ocrx_word' id='word_1_686' title='bbox 3347 4590 3533 4660; x_wconf 77' lang='lat' dir='ltr'><strong>fabula</strong></span> 
     </span>
    </p>
   </div>
   <div class='ocr_carea' id='block_1_92' title="bbox 274 4657 1857 4737">
    <p class='ocr_par' dir='ltr' id='par_1_92' title="bbox 274 4657 1857 4737">
     <span class='ocr_line' id='line_1_92' title="bbox 274 4657 1857 4737; baseline 0.017 -29"><span class='ocrx_word' id='word_1_687' title='bbox 274 4657 591 4737; x_wconf 49' lang='lat' dir='ltr'><strong>binaeue</strong></span> <span class='ocrx_word' id='word_1_688' title='bbox 606 4661 697 4715; x_wconf 88' lang='lat' dir='ltr'><strong>sed</strong></span> <span class='ocrx_word' id='word_1_689' title='bbox 728 4673 783 4716; x_wconf 90' lang='lat' dir='ltr'><strong>ut</strong></span> <span class='ocrx_word' id='word_1_690' title='bbox 810 4665 1050 4719; x_wconf 89' lang='lat' dir='ltr'><strong>ostendat</strong></span> <span class='ocrx_word' id='word_1_691' title='bbox 1078 4684 1142 4721; x_wconf 75' lang='lat' dir='ltr'><strong>ex</strong></span> <span class='ocrx_word' id='word_1_692' title='bbox 1170 4686 1225 4723; x_wconf 91' lang='lat' dir='ltr'><strong>re</strong></span> <span class='ocrx_word' id='word_1_693' title='bbox 1249 4671 1447 4727; x_wconf 88' lang='lat' dir='ltr'><strong>credita</strong></span> <span class='ocrx_word' id='word_1_694' title='bbox 1477 4692 1581 4729; x_wconf 88' lang='lat' dir='ltr'><strong>non</strong></span> <span class='ocrx_word' id='word_1_695' title='bbox 1603 4693 1715 4733; x_wconf 89' lang='lat' dir='ltr'><strong>esse</strong></span> <span class='ocrx_word' id='word_1_696' title='bbox 1740 4657 1857 4733; x_wconf 83' lang='lat' dir='ltr'><strong>eam</strong></span> 
     </span>
    </p>
   </div>
   <div class='ocr_carea' id='block_1_93' title="bbox 274 4751 1858 4843">
    <p class='ocr_par' dir='ltr' id='par_1_93' title="bbox 274 4751 1858 4843">
     <span class='ocr_line' id='line_1_93' title="bbox 274 4751 1858 4843; baseline 0.017 -42"><span class='ocrx_word' id='word_1_697' title='bbox 274 4752 378 4802; x_wconf 75' lang='grc' dir='ltr'><strong>τῶν</strong></span> <span class='ocrx_word' id='word_1_698' title='bbox 400 4751 697 4807; x_wconf 75' lang='grc' dir='ltr'><strong>ἀδυνάτων.</strong></span> <span class='ocrx_word' id='word_1_699' title='bbox 730 4752 947 4811; x_wconf 89' lang='lat' dir='ltr'><strong>Inscitia</strong></span> <span class='ocrx_word' id='word_1_700' title='bbox 973 4760 1216 4828; x_wconf 84' lang='lat' dir='ltr'><strong>profecto</strong></span> <span class='ocrx_word' id='word_1_701' title='bbox 1239 4779 1451 4820; x_wconf 89' lang='lat' dir='ltr'><strong>summa</strong></span> <span class='ocrx_word' id='word_1_702' title='bbox 1492 4778 1596 4834; x_wconf 93' lang='lat' dir='ltr'><strong>est,</strong></span> <span class='ocrx_word' id='word_1_703' title='bbox 1623 4770 1699 4825; x_wconf 90' lang='lat' dir='ltr'><strong>illi</strong></span> <span class='ocrx_word' id='word_1_704' title='bbox 1730 4790 1858 4843; x_wconf 80' lang='lat' dir='ltr'><strong>pro-</strong></span> 
     </span>
    </p>
   </div>
   <div class='ocr_carea' id='block_1_94' title="bbox 276 4845 1855 4936">
    <p class='ocr_par' dir='ltr' id='par_1_94' title="bbox 276 4845 1855 4936">
     <span class='ocr_line' id='line_1_94' title="bbox 276 4845 1855 4936; baseline 0.017 -40"><span class='ocrx_word' id='word_1_705' title='bbox 276 4854 467 4913; x_wconf 87' lang='lat' dir='ltr'><strong>pterea</strong></span> <span class='ocrx_word' id='word_1_706' title='bbox 546 4845 693 4901; x_wconf 91' lang='lat' dir='ltr'><strong>hanc</strong></span> <span class='ocrx_word' id='word_1_707' title='bbox 762 4851 1054 4917; x_wconf 89' lang='lat' dir='ltr'><strong>epistolam</strong></span> <span class='ocrx_word' id='word_1_708' title='bbox 1122 4855 1498 4925; x_wconf 86' lang='lat' dir='ltr'><strong>ahjudicare,</strong></span> <span class='ocrx_word' id='word_1_709' title='bbox 1578 4866 1855 4936; x_wconf 70' lang='lat' dir='ltr'><strong>praecipue</strong></span> 
     </span>
    </p>
   </div>
   <div class='ocr_carea' id='block_1_95' title="bbox 276 4936 1851 5029">
    <p class='ocr_par' dir='ltr' id='par_1_95' title="bbox 276 4936 1851 5029">
     <span class='ocr_line' id='line_1_95' title="bbox 276 4936 1851 5029; baseline 0.017 -42"><span class='ocrx_word' id='word_1_710' title='bbox 276 4951 396 4988; x_wconf 84' lang='lat' dir='ltr'><strong>cum</strong></span> <span class='ocrx_word' id='word_1_711' title='bbox 468 4936 584 5003; x_wconf 87' lang='lat' dir='ltr'><strong>jam</strong></span> <span class='ocrx_word' id='word_1_712' title='bbox 638 4940 758 5029; x_wconf 72' lang='lat' dir='ltr'><strong>suis</strong></span> <span class='ocrx_word' id='word_1_713' title='bbox 816 4944 1152 5012; x_wconf 85' lang='lat' dir='ltr'><strong>temporibus</strong></span> <span class='ocrx_word' id='word_1_714' title='bbox 1230 4947 1467 5019; x_wconf 84' lang='lat' dir='ltr'><strong>Cyrillus</strong></span> <span class='ocrx_word' id='word_1_715' title='bbox 1531 4952 1851 5029; x_wconf 83' lang='lat' dir='ltr'><strong>Hierosoly-</strong></span> 
     </span>
    </p>
   </div>
   <div class='ocr_carea' id='block_1_96' title="bbox 277 5027 1851 5113">
    <p class='ocr_par' dir='ltr' id='par_1_96' title="bbox 277 5027 1851 5113">
     <span class='ocr_line' id='line_1_96' title="bbox 277 5027 1851 5113; baseline 0.018 -36"><span class='ocrx_word' id='word_1_716' title='bbox 277 5027 563 5093; x_wconf 82' lang='lat' dir='ltr'><strong>mitanns,</strong></span> <span class='ocrx_word' id='word_1_717' title='bbox 635 5028 976 5102; x_wconf 78' lang='lat' dir='ltr'><strong>Pliotiusque</strong></span> <span class='ocrx_word' id='word_1_718' title='bbox 1039 5035 1712 5113; x_wconf 87' lang='lat' dir='ltr'><strong>Constantinopolitanus,</strong></span> <span class='ocrx_word' id='word_1_719' title='bbox 1763 5027 1851 5105; x_wconf 81' lang='lat' dir='ltr'><strong>hic</strong></span> 
     </span>
    </p>
   </div>
   <div class='ocr_carea' id='block_1_97' title="bbox 276 5119 1849 5196">
    <p class='ocr_par' dir='ltr' id='par_1_97' title="bbox 276 5119 1849 5196">
     <span class='ocr_line' id='line_1_97' title="bbox 276 5119 1849 5196; baseline 0.016 -25"><span class='ocrx_word' id='word_1_720' title='bbox 276 5119 479 5172; x_wconf 68' lang='lat' dir='ltr'><strong>mulo</strong></span> <span class='ocrx_word' id='word_1_721' title='bbox 548 5135 736 5187; x_wconf 88' lang='lat' dir='ltr'><strong>nono,</strong></span> <span class='ocrx_word' id='word_1_722' title='bbox 806 5123 896 5177; x_wconf 90' lang='lat' dir='ltr'><strong>ille</strong></span> <span class='ocrx_word' id='word_1_723' title='bbox 978 5136 1207 5195; x_wconf 88' lang='lat' dir='ltr'><strong>quarto,</strong></span> <span class='ocrx_word' id='word_1_724' title='bbox 1284 5144 1651 5192; x_wconf 88' lang='lat' dir='ltr'><strong>commentum</strong></span> <span class='ocrx_word' id='word_1_725' title='bbox 1715 5141 1849 5196; x_wconf 91' lang='lat' dir='ltr'><strong>illud</strong></span> 
     </span>
    </p>
   </div>
   <div class='ocr_carea' id='block_1_98' title="bbox 278 5212 1836 5296">
    <p class='ocr_par' dir='ltr' id='par_1_98' title="bbox 278 5212 1836 5296">
     <span class='ocr_line' id='line_1_98' title="bbox 278 5212 1836 5296; baseline 0.014 -31"><span class='ocrx_word' id='word_1_726' title='bbox 278 5213 331 5266; x_wconf 86' lang='lat' dir='ltr'><strong>in</strong></span> <span class='ocrx_word' id='word_1_727' title='bbox 354 5212 544 5267; x_wconf 86' lang='lat' dir='ltr'><strong>eadem</strong></span> <span class='ocrx_word' id='word_1_728' title='bbox 580 5214 832 5285; x_wconf 73' lang='lat' dir='ltr'><strong>legerint,</strong></span> <span class='ocrx_word' id='word_1_729' title='bbox 872 5225 926 5271; x_wconf 90' lang='lat' dir='ltr'><strong>et</strong></span> <span class='ocrx_word' id='word_1_730' title='bbox 963 5220 1157 5276; x_wconf 73' lang='lat' dir='ltr'><strong>exinde</strong></span> <span class='ocrx_word' id='word_1_731' title='bbox 1184 5221 1239 5275; x_wconf 89' lang='lat' dir='ltr'><strong>in</strong></span> <span class='ocrx_word' id='word_1_732' title='bbox 1305 5227 1524 5296; x_wconf 89' lang='lat' dir='ltr'><strong>scriptis</strong></span> <span class='ocrx_word' id='word_1_733' title='bbox 1554 5229 1672 5284; x_wconf 87' lang='lat' dir='ltr'><strong>suis</strong></span> <span class='ocrx_word' id='word_1_734' title='bbox 1696 5231 1836 5286; x_wconf 89' lang='lat' dir='ltr'><strong>cita-</strong></span> 
     </span>
    </p>
   </div>
   <div class='ocr_carea' id='block_1_99' title="bbox 279 5303 1847 5385">
    <p class='ocr_par' dir='ltr' id='par_1_99' title="bbox 279 5303 1847 5385">
     <span class='ocr_line' id='line_1_99' title="bbox 279 5303 1847 5385; baseline 0.015 -30"><span class='ocrx_word' id='word_1_735' title='bbox 279 5303 414 5368; x_wconf 85' lang='lat' dir='ltr'><strong>rint,</strong></span> <span class='ocrx_word' id='word_1_736' title='bbox 446 5312 506 5359; x_wconf 90' lang='lat' dir='ltr'><strong>ut</strong></span> <span class='ocrx_word' id='word_1_737' title='bbox 530 5320 593 5360; x_wconf 83' lang='lat' dir='ltr'><strong>es</strong></span> <span class='ocrx_word' id='word_1_738' title='bbox 616 5307 833 5361; x_wconf 83' lang='lat' dir='ltr'><strong>illorum</strong></span> <span class='ocrx_word' id='word_1_739' title='bbox 858 5311 1185 5368; x_wconf 89' lang='lat' dir='ltr'><strong>testimoniis</strong></span> <span class='ocrx_word' id='word_1_740' title='bbox 1214 5316 1467 5385; x_wconf 89' lang='lat' dir='ltr'><strong>superius</strong></span> <span class='ocrx_word' id='word_1_741' title='bbox 1495 5321 1847 5378; x_wconf 89' lang='lat' dir='ltr'><strong>manilestum</strong></span> 
     </span>
    </p>
   </div>
   <div class='ocr_carea' id='block_1_100' title="bbox 282 5391 1848 5475">
    <p class='ocr_par' dir='ltr' id='par_1_100' title="bbox 282 5391 1848 5475">
     <span class='ocr_line' id='line_1_100' title="bbox 282 5391 1848 5475; baseline 0.016 -30"><span class='ocrx_word' id='word_1_742' title='bbox 282 5391 403 5449; x_wconf 79' lang='lat' dir='ltr'><strong>fuit.</strong></span> <span class='ocrx_word' id='word_1_743' title='bbox 457 5392 570 5449; x_wconf 81' lang='lat' dir='ltr'><strong>Nec</strong></span> <span class='ocrx_word' id='word_1_744' title='bbox 636 5399 867 5454; x_wconf 91' lang='lat' dir='ltr'><strong>minoris</strong></span> <span class='ocrx_word' id='word_1_745' title='bbox 892 5408 978 5455; x_wconf 89' lang='lat' dir='ltr'><strong>est</strong></span> <span class='ocrx_word' id='word_1_746' title='bbox 1007 5402 1270 5467; x_wconf 65' lang='lat' dir='ltr'><strong>audaciai,</strong></span> <span class='ocrx_word' id='word_1_747' title='bbox 1331 5411 1662 5475; x_wconf 90' lang='lat' dir='ltr'><strong>persuadere</strong></span> <span class='ocrx_word' id='word_1_748' title='bbox 1710 5415 1848 5471; x_wconf 89' lang='lat' dir='ltr'><strong>velle</strong></span> 
     </span>
    </p>
   </div>
   <div class='ocr_carea' id='block_1_101' title="bbox 276 5485 1845 5571">
    <p class='ocr_par' dir='ltr' id='par_1_101' title="bbox 276 5485 1845 5571">
     <span class='ocr_line' id='line_1_101' title="bbox 276 5485 1845 5571; baseline 0.015 -31"><span class='ocrx_word' id='word_1_749' title='bbox 276 5486 530 5552; x_wconf 85' lang='lat' dir='ltr'><strong>eruditis,</strong></span> <span class='ocrx_word' id='word_1_750' title='bbox 561 5485 890 5555; x_wconf 85' lang='lat' dir='ltr'><strong>Scultetum,</strong></span> <span class='ocrx_word' id='word_1_751' title='bbox 921 5492 1148 5559; x_wconf 88' lang='lat' dir='ltr'><strong>Cocum,</strong></span> <span class='ocrx_word' id='word_1_752' title='bbox 1168 5495 1531 5565; x_wconf 91' lang='lat' dir='ltr'><strong>Blondellum,</strong></span> <span class='ocrx_word' id='word_1_753' title='bbox 1570 5502 1845 5571; x_wconf 82' lang='lat' dir='ltr'><strong>Rivetum,</strong></span> 
     </span>
    </p>
   </div>
   <div class='ocr_carea' id='block_1_102' title="bbox 278 5574 1849 5667">
    <p class='ocr_par' dir='ltr' id='par_1_102' title="bbox 278 5574 1849 5667">
     <span class='ocr_line' id='line_1_102' title="bbox 278 5574 1849 5667; baseline 0.015 -34"><span class='ocrx_word' id='word_1_754' title='bbox 278 5574 529 5635; x_wconf 75' lang='lat' dir='ltr'><strong>Voetiun.</strong></span> <span class='ocrx_word' id='word_1_755' title='bbox 570 5584 816 5655; x_wconf 87' lang='lat' dir='ltr'><strong>partibus</strong></span> <span class='ocrx_word' id='word_1_756' title='bbox 838 5584 1278 5654; x_wconf 80' lang='lat' dir='ltr'><strong>reformatorum,</strong></span> <span class='ocrx_word' id='word_1_757' title='bbox 1302 5598 1361 5644; x_wconf 92' lang='lat' dir='ltr'><strong>ut</strong></span> <span class='ocrx_word' id='word_1_758' title='bbox 1411 5592 1524 5661; x_wconf 84' lang='lat' dir='ltr'><strong>jam</strong></span> <span class='ocrx_word' id='word_1_759' title='bbox 1548 5597 1711 5667; x_wconf 86' lang='lat' dir='ltr'><strong>vulgo</strong></span> <span class='ocrx_word' id='word_1_760' title='bbox 1739 5600 1849 5655; x_wconf 89' lang='lat' dir='ltr'><strong>diei</strong></span> 
     </span>
    </p>
   </div>
   <div class='ocr_carea' id='block_1_103' title="bbox 279 5676 1851 5761">
    <p class='ocr_par' dir='ltr' id='par_1_103' title="bbox 279 5676 1851 5761">
     <span class='ocr_line' id='line_1_103' title="bbox 279 5676 1851 5761; baseline 0.016 -35"><span class='ocrx_word' id='word_1_761' title='bbox 279 5682 599 5739; x_wconf 53' lang='lat' dir='ltr'><strong>manuum</strong></span> <span class='ocrx_word' id='word_1_762' title='bbox 614 5676 1142 5745; x_wconf 82' lang='lat' dir='ltr'><strong>addictosdoctores,</strong></span> <span class='ocrx_word' id='word_1_763' title='bbox 1154 5698 1221 5736; x_wconf 77' lang='lat' dir='ltr'><strong>ex</strong></span> <span class='ocrx_word' id='word_1_764' title='bbox 1233 5681 1335 5738; x_wconf 88' lang='lat' dir='ltr'><strong>hac</strong></span> <span class='ocrx_word' id='word_1_765' title='bbox 1352 5682 1535 5739; x_wconf 85' lang='lat' dir='ltr'><strong>fabula</strong></span> <span class='ocrx_word' id='word_1_766' title='bbox 1550 5690 1851 5761; x_wconf 88' lang='lat' dir='ltr'><strong>arripuisse</strong></span> 
     </span>
    </p>
   </div>
   <div class='ocr_carea' id='block_1_104' title="bbox 1963 4681 3533 4752">
    <p class='ocr_par' dir='ltr' id='par_1_104' title="bbox 1963 4681 3533 4752">
     <span class='ocr_line' id='line_1_104' title="bbox 1963 4681 3533 4752; baseline 0.001 -18"><span class='ocrx_word' id='word_1_767' title='bbox 1963 4682 2027 4735; x_wconf 90' lang='lat' dir='ltr'><strong>de</strong></span> <span class='ocrx_word' id='word_1_768' title='bbox 2060 4682 2310 4749; x_wconf 76' lang='lat' dir='ltr'><strong>phoenice,</strong></span> <span class='ocrx_word' id='word_1_769' title='bbox 2351 4698 2506 4752; x_wconf 89' lang='lat' dir='ltr'><strong>quam</strong></span> <span class='ocrx_word' id='word_1_770' title='bbox 2538 4681 2606 4734; x_wconf 88' lang='lat' dir='ltr'><strong>ad</strong></span> <span class='ocrx_word' id='word_1_771' title='bbox 2638 4682 3051 4736; x_wconf 85' lang='lat' dir='ltr'><strong>illustrationem</strong></span> <span class='ocrx_word' id='word_1_772' title='bbox 3076 4682 3334 4737; x_wconf 67' lang='lat' dir='ltr'><strong>doctrina:</strong></span> <span class='ocrx_word' id='word_1_773' title='bbox 3350 4682 3414 4735; x_wconf 88' lang='lat' dir='ltr'><strong>de</strong></span> <span class='ocrx_word' id='word_1_774' title='bbox 3449 4699 3533 4736; x_wconf 84' lang='lat' dir='ltr'><strong>re-</strong></span> 
     </span>
    </p>
   </div>
   <div class='ocr_carea' id='block_1_105' title="bbox 1960 4773 3529 4844">
    <p class='ocr_par' dir='ltr' id='par_1_105' title="bbox 1960 4773 3529 4844">
     <span class='ocr_line' id='line_1_105' title="bbox 1960 4773 3529 4844; baseline 0.002 -19"><span class='ocrx_word' id='word_1_775' title='bbox 1960 4774 2279 4826; x_wconf 85' lang='lat' dir='ltr'><strong>surrectione</strong></span> <span class='ocrx_word' id='word_1_776' title='bbox 2305 4773 2538 4827; x_wconf 85' lang='lat' dir='ltr'><strong>adducit.</strong></span> <span class='ocrx_word' id='word_1_777' title='bbox 2598 4774 2753 4839; x_wconf 84' lang='lat' dir='ltr'><strong>Quod</strong></span> <span class='ocrx_word' id='word_1_778' title='bbox 2773 4784 2954 4843; x_wconf 88' lang='lat' dir='ltr'><strong>postea</strong></span> <span class='ocrx_word' id='word_1_779' title='bbox 2986 4774 3216 4844; x_wconf 79' lang='lat' dir='ltr'><strong>fecerunt</strong></span> <span class='ocrx_word' id='word_1_780' title='bbox 3239 4776 3335 4828; x_wconf 89' lang='lat' dir='ltr'><strong>alii</strong></span> <span class='ocrx_word' id='word_1_781' title='bbox 3355 4775 3529 4843; x_wconf 87' lang='lat' dir='ltr'><strong>plures</strong></span> 
     </span>
    </p>
   </div>
   <div class='ocr_carea' id='block_1_106' title="bbox 1956 4865 3531 4936">
    <p class='ocr_par' dir='ltr' id='par_1_106' title="bbox 1956 4865 3531 4936">
     <span class='ocr_line' id='line_1_106' title="bbox 1956 4865 3531 4936; baseline 0 -16"><span class='ocrx_word' id='word_1_782' title='bbox 1956 4880 2021 4920; x_wconf 76' lang='lat' dir='ltr'><strong>ex</strong></span> <span class='ocrx_word' id='word_1_783' title='bbox 2041 4865 2651 4936; x_wconf 85' lang='lat' dir='ltr'><strong>veteribus.Argumenta</strong></span> <span class='ocrx_word' id='word_1_784' title='bbox 2682 4867 2779 4920; x_wconf 87' lang='lat' dir='ltr'><strong>viri</strong></span> <span class='ocrx_word' id='word_1_785' title='bbox 2809 4866 3103 4921; x_wconf 89' lang='lat' dir='ltr'><strong>doctissimi</strong></span> <span class='ocrx_word' id='word_1_786' title='bbox 3130 4866 3413 4935; x_wconf 64' lang='lat' dir='ltr'><strong>empendere</strong></span> <span class='ocrx_word' id='word_1_787' title='bbox 3435 4882 3531 4934; x_wconf 90' lang='lat' dir='ltr'><strong>po-</strong></span> 
     </span>
    </p>
   </div>
   <div class='ocr_carea' id='block_1_107' title="bbox 1961 4953 3527 5026">
    <p class='ocr_par' dir='ltr' id='par_1_107' title="bbox 1961 4953 3527 5026">
     <span class='ocr_line' id='line_1_107' title="bbox 1961 4953 3527 5026; baseline 0.001 -19"><span class='ocrx_word' id='word_1_788' title='bbox 1961 4956 2080 5008; x_wconf 89' lang='lat' dir='ltr'><strong>terit</strong></span> <span class='ocrx_word' id='word_1_789' title='bbox 2109 4956 2270 5008; x_wconf 90' lang='lat' dir='ltr'><strong>lector</strong></span> <span class='ocrx_word' id='word_1_790' title='bbox 2296 4956 2554 5009; x_wconf 88' lang='lat' dir='ltr'><strong>eruditus.</strong></span> <span class='ocrx_word' id='word_1_791' title='bbox 2578 4953 2823 5024; x_wconf 85' lang='lat' dir='ltr'><strong>Epistola</strong></span> <span class='ocrx_word' id='word_1_792' title='bbox 2849 4966 2958 5009; x_wconf 87' lang='lat' dir='ltr'><strong>tota</strong></span> <span class='ocrx_word' id='word_1_793' title='bbox 2985 4956 3185 5026; x_wconf 86' lang='lat' dir='ltr'><strong>alioqui</strong></span> <span class='ocrx_word' id='word_1_794' title='bbox 3210 4958 3342 5010; x_wconf 90' lang='lat' dir='ltr'><strong>satis</strong></span> <span class='ocrx_word' id='word_1_795' title='bbox 3369 4955 3527 5023; x_wconf 76' lang='lat' dir='ltr'><strong>refert</strong></span> 
     </span>
    </p>
   </div>
   <div class='ocr_carea' id='block_1_108' title="bbox 1956 5048 3529 5120">
    <p class='ocr_par' dir='ltr' id='par_1_108' title="bbox 1956 5048 3529 5120">
     <span class='ocr_line' id='line_1_108' title="bbox 1956 5048 3529 5120; baseline -0.001 -18"><span class='ocrx_word' id='word_1_796' title='bbox 1956 5048 2346 5115; x_wconf 87' lang='lat' dir='ltr'><strong>simplicitatem</strong></span> <span class='ocrx_word' id='word_1_797' title='bbox 2386 5050 2712 5117; x_wconf 76' lang='lat' dir='ltr'><strong>primwcam,</strong></span> <span class='ocrx_word' id='word_1_798' title='bbox 2751 5060 2799 5103; x_wconf 90' lang='lat' dir='ltr'><strong>et</strong></span> <span class='ocrx_word' id='word_1_799' title='bbox 2825 5066 2941 5119; x_wconf 72' lang='lat' dir='ltr'><strong>qua:</strong></span> <span class='ocrx_word' id='word_1_800' title='bbox 2985 5050 3039 5102; x_wconf 89' lang='lat' dir='ltr'><strong>in</strong></span> <span class='ocrx_word' id='word_1_801' title='bbox 3077 5067 3140 5103; x_wconf 86' lang='lat' dir='ltr'><strong>ea</strong></span> <span class='ocrx_word' id='word_1_802' title='bbox 3168 5051 3415 5120; x_wconf 83' lang='lat' dir='ltr'><strong>leguntur</strong></span> <span class='ocrx_word' id='word_1_803' title='bbox 3456 5048 3529 5101; x_wconf 88' lang='lat' dir='ltr'><strong>ad</strong></span> 
     </span>
    </p>
   </div>
   <div class='ocr_carea' id='block_1_109' title="bbox 1957 5142 3530 5210">
    <p class='ocr_par' dir='ltr' id='par_1_109' title="bbox 1957 5142 3530 5210">
     <span class='ocr_line' id='line_1_109' title="bbox 1957 5142 3530 5210; baseline 0.001 -17"><span class='ocrx_word' id='word_1_804' title='bbox 1957 5150 2324 5210; x_wconf 80' lang='lat' dir='ltr'><strong>argumentum</strong></span> <span class='ocrx_word' id='word_1_805' title='bbox 2354 5142 2492 5199; x_wconf 82' lang='lat' dir='ltr'><strong>quod</strong></span> <span class='ocrx_word' id='word_1_806' title='bbox 2514 5142 2567 5195; x_wconf 88' lang='lat' dir='ltr'><strong>in</strong></span> <span class='ocrx_word' id='word_1_807' title='bbox 2605 5160 2667 5196; x_wconf 92' lang='lat' dir='ltr'><strong>ea</strong></span> <span class='ocrx_word' id='word_1_808' title='bbox 2692 5151 2974 5204; x_wconf 86' lang='lat' dir='ltr'><strong>tractatur,</strong></span> <span class='ocrx_word' id='word_1_809' title='bbox 3003 5142 3136 5196; x_wconf 83' lang='lat' dir='ltr'><strong>satis</strong></span> <span class='ocrx_word' id='word_1_810' title='bbox 3165 5150 3289 5196; x_wconf 88' lang='lat' dir='ltr'><strong>sunt</strong></span> <span class='ocrx_word' id='word_1_811' title='bbox 3321 5158 3530 5195; x_wconf 88' lang='lat' dir='ltr'><strong>accom-</strong></span> 
     </span>
    </p>
   </div>
   <div class='ocr_carea' id='block_1_110' title="bbox 1955 5226 3527 5302">
    <p class='ocr_par' dir='ltr' id='par_1_110' title="bbox 1955 5226 3527 5302">
     <span class='ocr_line' id='line_1_110' title="bbox 1955 5226 3527 5302; baseline 0.001 -18"><span class='ocrx_word' id='word_1_812' title='bbox 1955 5226 2195 5287; x_wconf 80' lang='lat' dir='ltr'><strong>modata.</strong></span> <span class='ocrx_word' id='word_1_813' title='bbox 2234 5231 2307 5285; x_wconf 86' lang='lat' dir='ltr'><strong>Id</strong></span> <span class='ocrx_word' id='word_1_814' title='bbox 2349 5249 2476 5286; x_wconf 79' lang='lat' dir='ltr'><strong>sane</strong></span> <span class='ocrx_word' id='word_1_815' title='bbox 2506 5232 2794 5286; x_wconf 87' lang='lat' dir='ltr'><strong>notandum</strong></span> <span class='ocrx_word' id='word_1_816' title='bbox 2826 5233 2964 5301; x_wconf 85' lang='lat' dir='ltr'><strong>quod</strong></span> <span class='ocrx_word' id='word_1_817' title='bbox 2998 5249 3117 5302; x_wconf 90' lang='lat' dir='ltr'><strong>pag.</strong></span> <span class='ocrx_word' id='word_1_818' title='bbox 3156 5233 3220 5286; x_wconf 70' lang='grc'><strong>41</strong></span> <span class='ocrx_word' id='word_1_819' title='bbox 3274 5234 3338 5286; x_wconf 89' lang='lat' dir='ltr'><strong>de</strong></span> <span class='ocrx_word' id='word_1_820' title='bbox 3355 5233 3527 5302; x_wconf 87' lang='lat' dir='ltr'><strong>justi-</strong></span> 
     </span>
    </p>
   </div>
   <div class='ocr_carea' id='block_1_111' title="bbox 1956 5322 3526 5393">
    <p class='ocr_par' dir='ltr' id='par_1_111' title="bbox 1956 5322 3526 5393">
     <span class='ocr_line' id='line_1_111' title="bbox 1956 5322 3526 5393; baseline 0.002 -18"><span class='ocrx_word' id='word_1_821' title='bbox 1956 5324 2201 5393; x_wconf 82' lang='lat' dir='ltr'><strong>ﬁcatione</strong></span> <span class='ocrx_word' id='word_1_822' title='bbox 2228 5322 2480 5377; x_wconf 74' lang='lat' dir='ltr'><strong>scribitur</strong></span> <span class='ocrx_word' id='word_1_823' title='bbox 2516 5341 2534 5377; x_wconf 93' lang='lat'><strong><em>:</em></strong></span> <span class='ocrx_word' id='word_1_824' title='bbox 2576 5322 2690 5378; x_wconf 88' lang='lat' dir='ltr'><strong>Nos</strong></span> <span class='ocrx_word' id='word_1_825' title='bbox 2718 5339 2781 5378; x_wconf 73' lang='lat' dir='ltr'><strong>ea:</strong></span> <span class='ocrx_word' id='word_1_826' title='bbox 2814 5324 3079 5377; x_wconf 84' lang='lat' dir='ltr'><strong>voluntate</strong></span> <span class='ocrx_word' id='word_1_827' title='bbox 3108 5324 3205 5378; x_wconf 83' lang='lat' dir='ltr'><strong>Dei</strong></span> <span class='ocrx_word' id='word_1_828' title='bbox 3234 5326 3286 5377; x_wconf 87' lang='lat' dir='ltr'><strong>in</strong></span> <span class='ocrx_word' id='word_1_829' title='bbox 3316 5324 3526 5378; x_wconf 85' lang='lat' dir='ltr'><strong>Christo</strong></span> 
     </span>
    </p>
   </div>
   <div class='ocr_carea' id='block_1_112' title="bbox 1944 5414 3521 5487">
    <p class='ocr_par' dir='ltr' id='par_1_112' title="bbox 1944 5414 3521 5487">
     <span class='ocr_line' id='line_1_112' title="bbox 1944 5414 3521 5487; baseline 0.006 -20"><span class='ocrx_word' id='word_1_830' title='bbox 1944 5414 2073 5469; x_wconf 86' lang='lat' dir='ltr'><strong>Jesu</strong></span> <span class='ocrx_word' id='word_1_831' title='bbox 2099 5426 2329 5479; x_wconf 84' lang='lat' dir='ltr'><strong>vocatos,</strong></span> <span class='ocrx_word' id='word_1_832' title='bbox 2360 5426 2465 5473; x_wconf 90' lang='lat' dir='ltr'><strong>etc.</strong></span> <span class='ocrx_word' id='word_1_833' title='bbox 2503 5416 2788 5471; x_wconf 84' lang='lat' dir='ltr'><strong>Gisbertus</strong></span> <span class='ocrx_word' id='word_1_834' title='bbox 2820 5415 3047 5471; x_wconf 84' lang='lat' dir='ltr'><strong>Voetius</strong></span> <span class='ocrx_word' id='word_1_835' title='bbox 3070 5432 3201 5471; x_wconf 88' lang='lat' dir='ltr'><strong>vero</strong></span> <span class='ocrx_word' id='word_1_836' title='bbox 3233 5418 3521 5487; x_wconf 70' lang='lat' dir='ltr'><strong>theologia:</strong></span> 
     </span>
    </p>
   </div>
   <div class='ocr_carea' id='block_1_113' title="bbox 1946 5508 3521 5578">
    <p class='ocr_par' dir='ltr' id='par_1_113' title="bbox 1946 5508 3521 5578">
     <span class='ocr_line' id='line_1_113' title="bbox 1946 5508 3521 5578; baseline 0.001 -17"><span class='ocrx_word' id='word_1_837' title='bbox 1946 5508 1999 5562; x_wconf 91' lang='lat' dir='ltr'><strong>in</strong></span> <span class='ocrx_word' id='word_1_838' title='bbox 2057 5508 2334 5564; x_wconf 87' lang='lat' dir='ltr'><strong>academia</strong></span> <span class='ocrx_word' id='word_1_839' title='bbox 2370 5508 2725 5577; x_wconf 87' lang='lat' dir='ltr'><strong>Ultrajectina</strong></span> <span class='ocrx_word' id='word_1_840' title='bbox 2773 5510 2931 5577; x_wconf 58' lang='lat' dir='ltr'><strong>proh,</strong></span> <span class='ocrx_word' id='word_1_841' title='bbox 2962 5509 3016 5563; x_wconf 92' lang='lat' dir='ltr'><strong>in</strong></span> <span class='ocrx_word' id='word_1_842' title='bbox 3051 5510 3283 5578; x_wconf 87' lang='lat' dir='ltr'><strong>Disputt.</strong></span> <span class='ocrx_word' id='word_1_843' title='bbox 3316 5510 3521 5563; x_wconf 87' lang='lat' dir='ltr'><strong>selectis</strong></span> 
     </span>
    </p>
   </div>
   <div class='ocr_carea' id='block_1_114' title="bbox 1948 5598 3521 5672">
    <p class='ocr_par' dir='ltr' id='par_1_114' title="bbox 1948 5598 3521 5672">
     <span class='ocr_line' id='line_1_114' title="bbox 1948 5598 3521 5672; baseline -0.001 -19"><span class='ocrx_word' id='word_1_844' title='bbox 1948 5600 2269 5671; x_wconf 85' lang='lat' dir='ltr'><strong>theologicis,</strong></span> <span class='ocrx_word' id='word_1_845' title='bbox 2300 5616 2421 5672; x_wconf 77' lang='lat' dir='ltr'><strong>pag.</strong></span> <span class='ocrx_word' id='word_1_846' title='bbox 2454 5602 2559 5655; x_wconf 79' lang='grc'><strong>105</strong></span> <span class='ocrx_word' id='word_1_847' title='bbox 2605 5598 2773 5670; x_wconf 90' lang='lat' dir='ltr'><strong>partis</strong></span> <span class='ocrx_word' id='word_1_848' title='bbox 2806 5598 3020 5667; x_wconf 68' lang='lat' dir='ltr'><strong>primae,</strong></span> <span class='ocrx_word' id='word_1_849' title='bbox 3077 5615 3202 5655; x_wconf 90' lang='lat' dir='ltr'><strong>cum</strong></span> <span class='ocrx_word' id='word_1_850' title='bbox 3256 5600 3521 5671; x_wconf 59' lang='lat' dir='ltr'><strong>quaestio-</strong></span> 
     </span>
    </p>
   </div>
   <div class='ocr_carea' id='block_1_115' title="bbox 1948 5691 3516 5761">
    <p class='ocr_par' dir='ltr' id='par_1_115' title="bbox 1948 5691 3516 5761">
     <span class='ocr_line' id='line_1_115' title="bbox 1948 5691 3516 5761; baseline -0.003 -13"><span class='ocrx_word' id='word_1_851' title='bbox 1948 5710 2069 5749; x_wconf 87' lang='lat' dir='ltr'><strong>nem</strong></span> <span class='ocrx_word' id='word_1_852' title='bbox 2100 5695 2370 5749; x_wconf 87' lang='lat' dir='ltr'><strong>attulisset</strong></span> <span class='ocrx_word' id='word_1_853' title='bbox 2394 5695 2533 5750; x_wconf 87' lang='lat' dir='ltr'><strong>hanc</strong></span> <span class='ocrx_word' id='word_1_854' title='bbox 2566 5712 2578 5748; x_wconf 91' lang='lat'>:</span> <span class='ocrx_word' id='word_1_855' title='bbox 2623 5692 2762 5761; x_wconf 81' lang='lat' dir='ltr'><strong>Quid</strong></span> <span class='ocrx_word' id='word_1_856' title='bbox 2808 5691 2871 5747; x_wconf 88' lang='lat' dir='ltr'><strong>de</strong></span> <span class='ocrx_word' id='word_1_857' title='bbox 2890 5694 3116 5761; x_wconf 88' lang='lat' dir='ltr'><strong>epistola</strong></span> <span class='ocrx_word' id='word_1_858' title='bbox 3141 5694 3425 5749; x_wconf 82' lang='lat' dir='ltr'><strong>Clementis</strong></span> <span class='ocrx_word' id='word_1_859' title='bbox 3445 5692 3516 5745; x_wconf 74' lang='lat' dir='ltr'><strong>ad</strong></span> 
     </span>
    </p>
   </div>
   <div class='ocr_carea' id='block_1_116' title="bbox 350 5837 2211 5941">
    <p class='ocr_par' dir='ltr' id='par_1_116' title="bbox 350 5837 2211 5941">
     <span class='ocr_line' id='line_1_116' title="bbox 350 5837 2211 5941; baseline 0.011 -32"><span class='ocrx_word' id='word_1_860' title='bbox 350 5855 397 5886; x_wconf 80' lang='lat'><strong>&quot;</strong></span> <span class='ocrx_word' id='word_1_861' title='bbox 438 5852 579 5913; x_wconf 83' lang='lat' dir='ltr'><strong>Edit.</strong></span> <span class='ocrx_word' id='word_1_862' title='bbox 642 5856 986 5917; x_wconf 83' lang='lat' dir='ltr'><strong>Francolurt.</strong></span> <span class='ocrx_word' id='word_1_863' title='bbox 1040 5861 1196 5919; x_wconf 73' lang='grc'><strong>1654.</strong></span> <span class='ocrx_word' id='word_1_864' title='bbox 1277 5863 1321 5896; x_wconf 68' lang='grc'>³⁸</span> <span class='ocrx_word' id='word_1_865' title='bbox 1343 5862 1487 5929; x_wconf 85' lang='lat' dir='ltr'><strong>Edit.</strong></span> <span class='ocrx_word' id='word_1_866' title='bbox 1528 5867 1853 5941; x_wconf 83' lang='lat' dir='ltr'><strong>llelmstad.,</strong></span> <span class='ocrx_word' id='word_1_867' title='bbox 1888 5891 2030 5932; x_wconf 89' lang='lat' dir='ltr'><strong>anno</strong></span> <span class='ocrx_word' id='word_1_868' title='bbox 2050 5837 2211 5933; x_wconf 74' lang='lat' dir='ltr'><strong>ltili.</strong></span> 
     </span>
    </p>
   </div>
  </div>
