4070 6340
493 401 567 465 .59
1628 410 1719 465 AD
1761 410 1817 467 S.
1860 412 2285 470 CLEMENTEM
2326 413 2345 467 I
2387 414 2617 469 PAPAM
3666 427 3734 481 ac

496 520 798 579 Corinthios
833 536 996 590 nuper
1015 522 1278 594 evulgato,
1304 524 1393 578 sed
1425 541 1526 580 non
1556 528 1667 582 sine
1696 530 1877 584 multis
1902 533 2071 584 maxi-
2096 538 2143 592 Α
2170 531 2272 585 bus
2294 545 2460 600 supra
2483 530 2688 584 mentio
2716 530 2919 599 injecta
2962 540 3067 595 est,
3104 531 3474 589 decretalibus
3500 534 3736 590 confun—

497 614 697 683 misque
727 614 929 669 lacunis
960 618 986 671 ?
1024 615 1189 671 dubie
1217 618 1424 687 pariter
1444 620 1738 689 respondet
1770 641 1783 676 :
1816 622 2065 676 Admira-

495 722 617 761 mur
657 706 978 777 singularem
1001 708 1233 763 divinum
1254 706 1670 776 Providentiam,
1695 729 1813 783 quae
1839 715 2043 768 curavit

494 806 552 850 ut
579 796 645 851 ab
684 798 1044 867 apostolorum
1101 798 1381 868 discipulis
1412 802 1637 873 virisque
1680 804 1981 873 apostolicis
2016 812 2067 858 et

495 890 861 959 apostolorum
887 891 1084 945 saeculo
1116 894 1394 961 proximis,
1428 904 1522 948 aut
1570 896 1701 949 nihil
1730 896 2065 961 scriberetur,

492 990 587 1034 aut
628 982 761 1035 nihil
791 993 1191 1036 conservaretur
1229 993 1278 1036 et
1299 983 1368 1036 ad
1391 996 1627 1053 posteros
1661 997 1942 1051 manaret;
1974 995 2068 1041 aut

493 1072 685 1127 saltem
708 1072 840 1127 nihil
878 1072 943 1126 ab
983 1074 1132 1127 initio
1172 1072 1425 1129 Ecclesia:
1462 1091 1627 1146 usque
1665 1078 1719 1130 in
1746 1077 1882 1132 hunc
1925 1078 2067 1131 diem

493 1173 805 1234 superesset,
837 1164 901 1219 de
948 1182 1050 1235 quo
1104 1166 1611 1233 non'dubitaretur,
1662 1178 1755 1222 aut
1793 1170 1929 1240 quod
1975 1186 2069 1239 per

495 1257 663 1309 tineas
716 1254 1033 1325 blattasque,
1068 1266 1160 1309 aut
1191 1256 1357 1310 alium
1378 1258 1606 1327 quemvis
1654 1257 1753 1313 Dei
1783 1262 2069 1314 exercitum

494 1346 801 1400 mutilatum
829 1363 932 1400 non
966 1356 1096 1400 esset
1126 1361 1145 1400 :
1199 1356 1258 1400 ut
1298 1347 1400 1400 soli
1428 1347 1720 1416 Scriptura:
1760 1358 1907 1401 tanto
1954 1351 2066 1402 evi~

493 1437 704 1491 dentius
734 1453 834 1491 sua
872 1445 1134 1490 constaret
1190 1438 1504 1498 auctoritas,
1544 1437 1725 1507 illique
1772 1438 1873 1491 soli
1932 1448 2070 1493 esset

492 1528 707 1595 propria
738 1525 1211 1594 incorruptibilitas
1236 1536 1287 1581 et
1309 1529 1599 1583 aeternitas.
1644 1527 1800 1594 Quod
1832 1529 1879 1584 si
1904 1529 2070 1600 igitur

493 1620 585 1674 ille
604 1620 933 1691 ἐπικρίσεως
956 1628 1146 1674 auctor
1176 1619 1366 1675 saltem
1388 1635 1486 1690 per
1514 1627 1888 1686 transennam,
1921 1620 2068 1692 quod

496 1713 672 1775 aiunt,
708 1726 802 1766 eos
825 1727 963 1781 quos
992 1710 1215 1765 adducit
1244 1712 1544 1781 scriptores
1572 1713 1923 1782 inspexisset,
1956 1729 2070 1768 non

496 1806 765 1875 potuisset
796 1805 1047 1873 ignorare
1077 1803 1260 1858 omnia
1285 1803 1375 1856 illa
1408 1804 1744 1869 testimonia,
1777 1820 1900 1874 quae
1928 1818 2067 1859 con-

492 1905 575 1951 tra
606 1896 747 1950 hanc
771 1894 1072 1966 Epistolam
1104 1893 1380 1965 producit,
1409 1896 1591 1963 potius
1624 1895 1905 1951 adversari
1935 1895 2064 1961 sibi,
2099 1891 2139 1945 Β

490 2004 654 2057 quam
691 1987 971 2057 prodesse.
1011 1985 1121 2042 Nec
1146 1986 1290 2041 enim
1334 1988 1563 2043 ulterius
1586 2002 1709 2041 eum
1757 1987 2064 2057 quidquam

486 2080 644 2151 juvat
687 2079 978 2143 Eusebius,
1010 2095 1171 2150 quem
1203 2078 1357 2150 ﬁngit
1380 2079 1475 2134 lib.
1506 2096 1582 2144 vr,
1613 2095 1665 2135 c.
1704 2079 1772 2134 15
1800 2080 2063 2145 scribere,

485 2172 601 2243 jam
633 2187 732 2227 suo
761 2181 1024 2242 tempore,
1064 2172 1211 2225 circa
1258 2186 1463 2225 annum
1500 2170 1757 2227 videlicet
1787 2173 1916 2236 524,
1942 2171 2067 2228 Cleo

491 2264 692 2320 mentis
722 2263 1021 2335 Epistolam
1048 2278 1156 2319 non
1195 2278 1294 2334 pro
1336 2265 1573 2333 genuina
1615 2264 1853 2335 amplius
1902 2264 2062 2319 habi-

492 2365 642 2421 tam,
679 2358 890 2413 etiamsi
920 2357 1014 2411 lib.
1062 2371 1146 2422 ιη,
1195 2372 1247 2411 c.
1306 2355 1374 2411 l6
1423 2357 1538 2427 ipse
1578 2354 1755 2411 fuerat
1803 2363 2065 2423 testatus,

496 2448 804 2519 adjutorem
839 2447 991 2502 Pauli
1030 2446 1364 2503 Clementem
1408 2445 1704 2516 Epistolam
1744 2445 1809 2501 ad
1866 2445 2066 2501 Corin-

493 2541 638 2596 thios
664 2541 978 2611 scripsisse,
999 2554 1119 2610 quae
1149 2539 1312 2593 etiam
1355 2538 1410 2592 in
1440 2537 1773 2609 quibusdam
1816 2538 2065 2593 ecclesiis

490 2635 563 2686 sit
612 2632 772 2686 lecta.
843 2629 978 2685 Nam
1014 2631 1116 2686 ista
1158 2644 1377 2700 quoque
1428 2630 1591 2685 verba
1639 2646 1705 2685 eo
1738 2630 1899 2685 modo
1924 2630 2068 2701 apud

491 2720 786 2776 Eusebium
806 2737 915 2775 non
938 2720 1217 2791 leguntur,
1236 2721 1330 2775 sed
1351 2736 1474 2775 cum
1499 2728 1614 2777 toto
1633 2722 1699 2776 12
1722 2728 1776 2777 ct
1801 2721 1867 2775 l3
1888 2723 2068 2792 capite

493 2814 645 2869 illius
676 2813 802 2868 libri
828 2813 894 2868 de
916 2812 1197 2869 Clemente
1227 2813 1600 2868 Alexandrino
1622 2822 1675 2869 et
1702 2813 1821 2881 ejus
1846 2814 2068 2884 scriptis

492 2916 660 2977 agat:
695 2905 849 2959 Hunc
879 2907 979 2972 uti,
1018 2906 1115 2971 ait,
1165 2907 1219 2960 in
1265 2905 1373 2959 illis
1403 2907 1565 2959 etiam
1604 2922 1787 2960 earum
1822 2905 2067 2976 Scriptu-

491 3014 677 3054 rarum
705 2997 1021 3053 testimoniis
1052 2996 1240 3067 quibus
1283 2995 1695 3061 contradicitur,
1727 3004 1775 3051 et
1805 2997 1920 3068 ejus
1949 3014 2067 3069 qua:

488 3102 567 3148 est
595 3090 726 3146 Iesu
787 3090 1000 3154 Sirach,
1030 3100 1080 3144 et
1121 3088 1376 3159 Epistola:
1404 3089 1472 3143 ad
1526 3089 1798 3154 Ilebrwos,
1848 3090 2069 3163 denique

490 3195 541 3240 et
577 3183 838 3239 Barnabre
860 3194 907 3238 et
931 3182 1214 3237 Clementis
1240 3192 1289 3237 et
1318 3181 1350 3235 J
1361 3181 1477 3236 uda:
1502 3198 1521 3246 ;
1575 3184 1652 3237 uti
1680 3183 1843 3238 verba
1868 3192 2068 3239 sonant

486 3287 641 3348 juxta
669 3276 801 3333 edit.
831 3275 1081 3331 Latinam
1100 3273 1333 3347 Grynzei.
1365 3274 1431 3330 Ut
1463 3290 1592 3330 vero
1632 3273 1863 3332 Ruﬁnus
1880 3276 2062 3340 vertit,
2094 3260 2136 3317 Ο

492 3369 636 3440 apud
672 3384 834 3438 quem
860 3374 945 3424 est
967 3368 1072 3422 alia
1102 3368 1339 3438 capitum
1370 3367 1607 3422 divisio:
1641 3365 1840 3430 Utitur,
1890 3362 2069 3435 inquit

490 3477 613 3532 cap.
652 3461 709 3527 ἓ,
738 3461 988 3531 exemplis
1010 3463 1169 3516 etiam
1190 3477 1256 3515 ea:
1281 3460 1364 3515 his
1401 3460 1575 3524 libris,
1609 3464 1758 3531 quia
1798 3460 2065 3513 nonnullis

490 3555 704 3609 minime
730 3554 1010 3623 recipiendi
1048 3554 1311 3617 videntur,
1348 3553 1401 3607 id
1432 3564 1534 3617 est,
1556 3568 1623 3607 ea:
1645 3552 1923 3622 Sapientia
1948 3568 2066 3622 qua:

488 3645 685 3701 dicitur
710 3645 1039 3714 Salomonis,
1066 3656 1113 3699 et
1161 3662 1227 3699 ex
1253 3644 1527 3714 Sapientia
1566 3643 1779 3707 Sirach,
1806 3660 1923 3715 quae
1969 3661 2065 3714 ap—

488 3740 719 3809 pellatur
748 3738 1157 3793 Ecclesiastieus
1198 3739 1336 3807 apud
1370 3737 1612 3793 Latinos.
1636 3736 1740 3792 Sed
1755 3747 1804 3791 et
1831 3736 1895 3792 de
1926 3737 2066 3791 Bar-

491 3832 644 3887 naba:
672 3844 719 3886 et
744 3830 1026 3887 Clementis
1069 3830 1310 3901 Epistula
1329 3832 1473 3898 ponit
1498 3829 1759 3885 Romanis
1801 3831 2061 3901 exempla,

488 3934 543 3981 et
585 3925 650 3980 de
687 3924 927 3994 Epistola
961 3922 1139 3978 .Iudw.
1190 3921 1322 3989 Quae
1356 3923 1543 3986 verba,
1592 3923 1639 3977 si
1672 3922 1733 3975 τὸ
1748 3922 2062 3985 contradici,

490 4017 580 4075 vel
627 4034 730 4072 non
779 4016 961 4085 recipi,
990 4018 1153 4070 etiam
1191 4015 1259 4068 ad
1290 4014 1588 4069 Clementis
1618 4012 1916 4083 Epistulam
1973 4034 2065 4072 re-

492 4109 815 4180 stringenda
852 4116 1032 4178 putes,
1057 4122 1165 4161 non
1194 4106 1263 4162 de
1303 4107 1451 4161 omni
1481 4107 1917 4162 contradictione
1948 4110 2066 4165 sive

491 4216 603 4257 non
643 4200 960 4271 receptione
985 4199 1334 4269 simpliciter,
1373 4198 1467 4254 sed
1496 4206 1704 4252 tantum
1748 4198 1815 4252 de
1840 4215 1947 4253 non
1977 4216 2066 4255 re-

490 4294 742 4365 ceptione
772 4293 827 4347 in
860 4307 1129 4348 canonem
1163 4291 1573 4363 Scripturarum
1592 4291 1930 4360 loquuntur:
1968 4308 2064 4346 ea-

490 4386 725 4456 demque
750 4387 963 4441 ratione
993 4385 1182 4440 multis
1216 4384 1339 4437 aliis
1360 4398 1469 4453 qua
1503 4381 1741 4445 Veteris,
1770 4400 1877 4454 qua
1902 4383 1967 4438 N.
1995 4384 2059 4438 T.

490 4478 647 4532 libris
696 4477 1100 4533 contradictum
1122 4488 1224 4540 est,
1254 4475 1378 4529 aliis
1409 4475 1547 4530 alios
1578 4490 1726 4530 nunc
1774 4478 2062 4546 probanti-

2167 619 2297 675 dere
2317 620 2490 690 :quod
2514 620 2691 690 ipsum
2718 634 2842 674 cum
2859 635 2968 676 non
2990 637 3099 676 uno
3118 621 3238 676 loco
3262 621 3317 675 in
3342 621 3445 678 ista
3466 624 3738 696 ἐπικρίσει

2166 727 2266 768 sua
2326 711 2473 775 facit,
2518 722 2632 766 tum
2677 713 2957 769 evidenter
2998 714 3053 769 in
3099 715 3455 785 sequentibus
3503 718 3689 773 verbis
3718 758 3736 783 ,

2166 803 2365 873 quibus
2417 802 2575 872 quasi
2628 803 2893 861 hactenus
2935 805 3005 860 de
3047 803 3327 861 Clemente
3375 807 3534 863 dictis
3583 810 3738 863 colo-

2167 895 2400 965 phonem
2424 895 2616 953 addit:
2656 894 2723 949 Et
2757 897 2903 967 quod
2939 899 3111 968 magis
3150 906 3257 964 est,
3301 898 3573 969 inquiens,
3605 917 3737 956 cum

2166 1004 2411 1060 nuperus
2472 990 2766 1061 episcopus
2812 989 3077 1061 Yprensis
3118 992 3412 1051 Cornelius
3439 994 3737 1053 Jansenius

2166 1080 2452 1150 Augustini
2473 1083 2557 1138 sui
2582 1089 2715 1138 tom.
2740 1082 2830 1148 ω,
2849 1084 2941 1139 lib.
2972 1101 3046 1149 vr,
3073 1101 3193 1158 cap.
3218 1088 3308 1151 {2.
3332 1104 3397 1144 ex
3438 1089 3737 1147 Clementis

2165 1176 2393 1247 epistola
2436 1177 2808 1233 testimonium
2840 1178 3086 1244 citasset,
3112 1181 3320 1241 deridet
3362 1200 3486 1240 eum
3524 1184 3735 1242 Jesuita

2164 1265 2575 1323 Aurelianensis
2596 1266 2888 1340 Dionysius
2918 1268 3322 1329 Petaviustom.
3340 1274 3412 1329 Ill
3429 1274 3504 1329 De
3531 1274 3731 1331 Eccles.

2165 1360 2339 1431 dogm.
2367 1360 2462 1416 lib.
2490 1375 2577 1425 tu,
2607 1360 2680 1416 De
2710 1361 2900 1433 Opiﬁc.
2926 1378 3047 1434 cap.
3077 1364 3131 1427 8,
3157 1381 3309 1421 num.
3334 1365 3387 1430 5,
3429 1367 3571 1437 quod
3622 1384 3734 1422 non

2166 1451 2470 1521 distinguat
2519 1451 2664 1506 inter
2719 1452 2967 1509 sinceros
3010 1463 3064 1509 et
3090 1456 3470 1527 supposititios
3502 1461 3737 1530 scripto-

2168 1558 2277 1599 res.
2318 1542 2548 1613 Dignum
2573 1558 2705 1599 sane
2735 1545 2932 1616 patella
2952 1547 3295 1617 operculum,
3328 1547 3396 1603 de
3417 1565 3526 1618 quo
3550 1558 3740 1607 tamen

2167 1651 2310 1707 aegre

2348 1726 2651 1798 Spectatum
2678 1728 2914 1799 admissi,
2929 1730 3092 1785 risum
3124 1731 3553 1797 teneatis,amici.

2170 1820 2372 1892 Ecquis
2394 1823 2539 1877 enim
2572 1825 2788 1880 nescire
2830 1833 3030 1895 potest,
3056 1826 3287 1897 ipsemet
3309 1842 3435 1882 cum
3455 1825 3729 1898 Jansenii,

2169 1922 2281 1970 tum
2312 1914 2514 1970 Petavii
2539 1917 2697 1971 verba
2721 1918 3040 1987 inspiciens,
3066 1919 3132 1973 de
3175 1919 3335 1991 longe
3376 1922 3483 1974 alia
3508 1923 3724 1991 episto-

2168 2005 2240 2070 la,
2261 2015 2317 2061 et
2349 2007 2567 2076 quidem
2591 2006 2705 2076 ipsa
2735 2007 2890 2061 tertia
2913 2006 3195 2070 decretali,
3229 2023 3350 2079 qua:
3392 2008 3580 2063 tomol
3605 2010 3746 2065 Con-

2167 2099 2411 2153 ciliorum
2449 2095 2592 2153 Surii
2634 2114 2755 2170 pag.
2781 2098 2904 2164 148,
2929 2100 2984 2154 in
3027 2098 3293 2155 Blondelli
3336 2115 3463 2156 vero
3503 2100 3744 2155 Censura

2168 2204 2291 2260 pag.
2322 2189 2388 2243 72
2416 2196 2615 2254 exstat,
2640 2200 2689 2244 et
2720 2189 2789 2243 ad
2818 2206 2995 2257 omnes
3018 2192 3368 2260 coepiscopos,
3386 2192 3739 2262 presbyteros,

2170 2282 2443 2348 diaconos,
2499 2298 2560 2336 ac
2582 2282 2811 2354 reliquos
2841 2283 3080 2349 clericos,
3124 2293 3174 2338 et
3218 2294 3433 2338 cunctos
3480 2286 3739 2353 principes

2169 2374 2397 2444 majores
2437 2373 2744 2437 minoresve,
2767 2373 2987 2426 titulum
3021 2374 3307 2437 mentitur,
3338 2382 3630 2443 utrumque
3659 2374 3741 2426 lo.

2168 2479 2377 2525 culum.
2434 2468 2565 2523 Post
2599 2468 2660 2524 S.
2686 2468 3021 2539 Dionysium,
3048 2469 3229 2540 inquit
3266 2468 3578 2533 Jansenius,
3614 2470 3741 2525 Cle-

2170 2578 2314 2615 mens
2337 2575 2495 2631 papa,
2529 2560 2582 2614 in
2602 2559 2825 2629 epistola
2858 2560 3015 2613 tertia
3039 2574 3059 2625 ;
3095 2560 3183 2612 ubi
3215 2560 3385 2628 primo
3418 2558 3567 2623 dicit,
3598 2560 3743 2630 quod

2170 2654 2494 2725 Augustinus
2519 2654 2670 2707 toties
2693 2652 2936 2718 tradidit,
2955 2670 3050 2707 nos
3067 2669 3180 2707 esse
3202 2651 3353 2706 liberi
3378 2652 3743 2720 arbitrii,quia

2172 2745 2299 2800 uelle
2323 2754 2373 2799 et
2421 2744 2561 2798 nolle
2597 2742 2847 2797 habemus
2900 2744 2955 2796 in
3008 2751 3284 2813 potestate.
3337 2742 3417 2796 Ad
3466 2743 3581 2797 haec
3614 2743 3745 2798 Dio-

2173 2839 2361 2909 nysius
2386 2835 2641 2892 Petavius
2675 2857 2688 2891 :
2722 2837 2839 2892 Hoc
2869 2854 3045 2899 sensu,
3073 2837 3169 2901 ait,
3198 2838 3303 2891 vim
3325 2837 3524 2906 accepit
3553 2846 3747 2892 auctor

2170 2931 2283 2996 ille,
2342 2931 2430 3001 qui
2459 2930 2555 2985 sub
2606 2930 2892 2985 Clementis
2941 2931 3147 2985 nomine
3189 2930 3468 2999 epistolam
3527 2930 3743 2983 tertiam

2168 3024 2497 3078 concinnavit
2525 3038 2591 3077 ea:
2613 3023 2760 3076 libris
2790 3020 3257 3090 Recognitionum.
3284 3020 3405 3087 Qua
3428 3035 3492 3074 ex
3513 3020 3745 3089 epistola

2170 3131 2313 3170 novae
2344 3125 2500 3169 secta:
2529 3124 2786 3184 patronus
2827 3114 3183 3167 testimonium
3224 3110 3511 3167 secundum
3538 3112 3738 3175 posuit,

2172 3206 2302 3261 adeo
2330 3206 2385 3260 in
2418 3207 2627 3259 testium
2652 3204 2853 3258 delectu
2878 3203 3195 3265 incuriosus,
3222 3214 3277 3256 ut
3307 3204 3602 3271 promiscue
3626 3203 3743 3257 sin-

2168 3314 2314 3353 ceros
2338 3314 2399 3352 ac
2433 3298 2794 3367 supposititios
2824 3296 3031 3351 habeat.
3064 3295 3215 3352 Unde
3255 3312 3377 3352 cum
3410 3296 3559 3350 nullo
3581 3304 3743 3366 pacto

2168 3390 2410 3445 adducar
2471 3396 2532 3445 ut
2579 3389 2798 3444 credam
2831 3403 3089 3458 magnum
3138 3389 3375 3459 aliquem
3422 3388 3739 3455 theologum

2170 3482 2225 3536 in
2259 3481 2532 3552 ejusmodi
2590 3480 2839 3536 minutiis
2890 3488 3102 3534 tantum
3138 3496 3203 3536 ex
3229 3481 3534 3551 ignorantia
3556 3494 3744 3535 errare

2167 3590 2407 3631 errorem
2435 3592 2448 3640 ;
2472 3574 2668 3628 viderit
2692 3574 2800 3636 ille,
2826 3586 2936 3644 quo
2966 3572 3172 3637 animo,
3195 3587 3301 3643 qua
3327 3572 3663 3627 conscientia
3688 3571 3744 3627 id

2170 3666 2379 3723 fecerit.
2432 3665 2545 3737 Ego
2600 3667 2724 3731 hoc,
2759 3665 2869 3721 Deo
2905 3673 3065 3728 teste,
3106 3680 3207 3735 pro
3253 3673 3407 3720 certo
3465 3665 3740 3720 allirmare

2170 3775 2332 3831 queo,
2366 3775 2450 3815 me
2476 3759 2683 3814 nullius
2712 3760 2887 3830 partis
2917 3758 3120 3824 studio,
3155 3759 3251 3814 sed
3291 3759 3464 3814 solius
3492 3759 3741 3816 veritatis

2170 3869 2354 3909 amore
2372 3852 2593 3907 ductum
2606 3852 2712 3908 hoc
2732 3853 3110 3923 qualecunque
3132 3852 3251 3921 ejus
3264 3852 3591 3924 ἐπικρίσεως
3608 3867 3743 3908 exa-

2169 3963 2293 4002 men
2323 3946 2656 4011 instituisse,
2683 3962 2751 4001 ne
2783 3940 2997 4001 scilicet
3025 3945 3427 4001 incautioribus
3473 3946 3577 4001 sub
3620 3946 3737 4000 veri

2169 4038 2388 4093 nomine
2409 4044 2597 4108 posset
2626 4037 2924 4108 imponere,
2950 4052 3155 4106 eosque
3178 4036 3247 4091 ab
3265 4036 3555 4091 utilissima
3572 4036 3737 4105 hujus

2166 4128 2423 4198 Epistolas
2445 4128 2676 4183 lectione
2700 4127 3027 4183 absterrere.
3082 4126 3221 4181 Tum
3248 4136 3307 4182 ut
3339 4127 3399 4183 Β.
3433 4136 3739 4199 praecepto-

2166 4234 2280 4273 rem
2304 4233 2482 4274 meum
2502 4217 2571 4272 ab
2615 4217 2817 4287 injuria
2849 4216 3184 4271 vindicarem
3219 4234 3232 4270 :
3263 4234 3424 4288 quem
3456 4218 3599 4273 idem
3623 4219 3734 4285 ille,

2166 4309 2237 4364 ob
2280 4308 2614 4365 Clementem
2670 4308 2817 4361 hunc
2860 4305 3105 4377 Apostoli
3147 4316 3559 4378 cooperatorem
3605 4325 3735 4380 pro-

2167 4408 2500 4463 nuntiatum,
2520 4398 2905 4470 imprudentia:
2926 4398 3126 4469 arguit,
3153 4398 3270 4468 ipse
3299 4400 3482 4468 potius
3514 4400 3585 4454 ita
3619 4399 3737 4455 for-

2167 4496 2331 4552 tassis
2367 4493 2771 4565 coarguendus.
2829 4490 2970 4562 Opto
2996 4508 3147 4556 vero,
3206 4500 3265 4545 ut
3305 4492 3741 4563 uniuscujusque

491 4570 621 4633 busv
658 4586 807 4665 "life
858 4568 1311 4665 Γθρτομθῇιίιλυεχ
1373 4567 1594 4665 ιιιξξπίηξ
1634 4569 1921 4665 “ﬁeri”?
1962 4570 2064 4625 hoc
2101 4611 2141 4665 ι)
2167 4587 2465 4646 Christiani
2512 4586 2680 4641 menti
2713 4585 2942 4640 ﬁrmiter
2972 4585 3233 4640 inhaereat
3267 4585 3400 4640 illud
3437 4584 3741 4639 Clementis

489 4675 600 4714 non
645 4660 785 4714 tollit
809 4662 979 4731 prius,
1010 4659 1111 4730 legi
1153 4675 1268 4713 eam
1294 4660 1347 4713 in
1364 4659 1681 4730 quibusdam
1719 4660 1952 4716 ecclesiis
1976 4679 2064 4717 so-

490 4754 677 4818 litam;
706 4769 832 4808 cum
872 4755 925 4809 in
959 4754 1243 4825 primitiva
1292 4753 1541 4809 Ecdesia
1570 4754 1901 4813 Christianis
1952 4774 2062 4813 non

489 4854 700 4901 tantum
724 4847 977 4903 canonici
1005 4847 1199 4901 stricte
1220 4850 1293 4901 ita
1334 4848 1614 4918 appellati,
1642 4848 1737 4903 sed
1775 4849 1941 4904 etiam
1966 4850 2063 4904 alii

489 4939 615 4993 libri
646 4938 715 4992 ab
760 4939 1089 5010 antiquitate.
1120 4955 1217 4994 sua
1249 4946 1303 4993 et
1331 4940 1564 4995 utilitate
1594 4942 2062 5004 commendati,ad

489 5031 894 5101 aediﬁcationem
940 5029 1126 5099 plebis,
1184 5047 1289 5084 non
1321 5048 1439 5085 vero
1470 5030 1540 5085 ad
1570 5034 1945 5088 auctoritatem
1978 5052 2065 5089 ec-

487 5130 909 5185 clesiasticarum
962 5128 1271 5199 dogmatum
1319 5128 1764 5197 conﬁrmandam,
1808 5132 2068 5201 praelege-

493 5230 689 5276 rentur
724 5241 737 5277 :
764 5238 871 5292 qua
907 5222 962 5275 in
984 5236 1043 5275 re
1063 5221 1186 5277 licet
1203 5221 1458 5276 similiter
1491 5222 1809 5292 discrepare
1842 5230 2066 5291 possent

486 5315 630 5370 inter
662 5330 721 5370 se
754 5316 1021 5377 ecclesias,
1053 5321 1107 5370 et
1150 5314 1270 5369 alia:
1306 5314 1539 5368 aliorum
1586 5315 1875 5370 lectionem
1925 5329 2068 5384 pra:-

486 5410 652 5475 ferre,
684 5417 868 5464 tamen
896 5410 988 5463 illa
1040 5409 1394 5480 particularis
1433 5410 1745 5478 reprobatio
1774 5410 1841 5463 ab
1874 5410 2063 5464 Eccle-

487 5500 570 5559 sia
616 5502 856 5574 quadam
903 5509 999 5556 aut
1039 5500 1162 5571 ejus
1205 5502 1434 5556 doctore
1493 5502 1671 5567 facta,
1719 5516 1827 5555 non
1875 5502 2063 5556 statim

487 5602 705 5667 poterat
733 5595 839 5666 ipsi
895 5595 1106 5665 scripto
1148 5596 1298 5651 omni
1353 5610 1421 5650 ex
1453 5602 1607 5665 parte
1656 5595 1943 5665 derogare,
1969 5602 2066 5648 aut

485 5688 607 5758 ejus
640 5686 796 5744 [idem
831 5688 1156 5759 infringere.
1198 5687 1423 5745 Domum
1453 5704 1640 5743 crassa
1679 5696 1763 5743 est
1804 5689 2067 5759 ignoran—

488 5781 589 5845 tia,
640 5781 803 5852 inque
843 5782 1131 5853 theologia:
1163 5783 1410 5847 doctore,
1434 5782 1726 5854 etquidem
1752 5790 1927 5847 tanto,
1953 5796 2064 5836 non

489 5870 734 5929 ferenda.
768 5874 908 5929 hanc
932 5874 1137 5930 scilicet
1170 5873 1487 5946 Epistolam,
1528 5890 1650 5929 cum
1678 5872 1819 5938 istis,
1852 5873 1919 5929 de
1942 5873 2064 5944 qui-

2169 4680 2365 4746 nostri,
2395 4693 2528 4732 auro
2551 4677 2746 4747 quovis
2784 4677 3104 4748 pretiosius,
3131 4676 3395 4729 monitum
3425 4690 3438 4725 :
3464 4672 3574 4729 Cur
3601 4675 3741 4728 inter

2166 4791 2258 4828 nos
2278 4774 2384 4827 sint
2413 4772 2791 4833 contentiones,
2826 4770 2945 4832 irae,
2980 4768 3299 4829 simultates,
3348 4767 3644 4821 schismata
3681 4775 3733 4818 et

2166 4865 2358 4921 bellum
2389 4867 2414 4920 ?
2462 4861 2654 4917 Nonne
2674 4876 2838 4914 unum
2882 4860 3045 4913 Deum
3070 4868 3119 4913 et
3147 4875 3306 4912 unum
3342 4856 3615 4913 Christum
3639 4855 3739 4907 ha-

2166 4956 2386 5011 bemus?
2415 4971 2583 5008 nonne
2611 4969 2744 5006 unus
2769 4960 2847 5005 est
2890 4949 3123 5019 Spiritus
3172 4949 3382 5020 gratiae,
3427 4947 3517 5019 qui
3574 4960 3740 5016 super

2165 5065 2259 5102 nos
2303 5047 2501 5115 effusus
2556 5052 2655 5108 est,
2703 5051 2752 5097 et
2799 5058 2906 5095 una
2957 5042 3164 5095 vacatio
3224 5041 3278 5094 in
3332 5034 3742 5094 Christo.’Cur

2166 5136 2369 5192 Christi
2400 5135 2636 5189 membra
2674 5132 2975 5188 divellimus
2998 5140 3048 5185 et
3071 5131 3442 5200 discerpimus,
3468 5138 3517 5182 et
3550 5138 3738 5182 contra

2164 5230 2434 5298 proprium
2463 5243 2651 5297 corpus
2690 5226 2997 5281 seditionem
3028 5240 3311 5283 movemus,
3331 5237 3489 5290 eoque
3510 5219 3737 5273 vesanitz

2165 5320 2482 5385 devenimus,
2513 5328 2568 5372 ut
2588 5318 2819 5371 aliorum
2848 5334 2941 5371 nos
2975 5316 3206 5370 membra
3221 5331 3334 5368 esse
3350 5312 3600 5366 oblivioni
3624 5322 3742 5363 tra—

2165 5411 2377 5466 damus.
2417 5408 2573 5476 Quod
2604 5416 2875 5480 superest,
2910 5407 3108 5463 Lector
3127 5405 3410 5468 benevole,
3446 5403 3587 5457 hanc
3610 5401 3743 5472 Epi—

2165 5504 2383 5565 stolam,
2401 5517 2465 5557 ea
2489 5517 2597 5572 qua
2621 5502 2897 5571 potuimus
2921 5500 3023 5555 [ide
3043 5506 3097 5554 et
3120 5496 3401 5567 diligentia
3420 5494 3740 5549 curavimus

2166 5593 2598 5665 exprimendam,
2633 5601 2691 5648 ut
2720 5594 2857 5648 nihil
2886 5593 3119 5663 amplius
3147 5589 3260 5645 fere
3296 5589 3384 5644 hic
3420 5586 3741 5643 desiderare

2165 5687 2367 5760 possis,
2396 5700 2559 5758 quam
2590 5688 2735 5757 quod
2767 5688 2976 5741 lacuna:
3011 5700 3121 5739 non
3150 5682 3324 5738 minio
3346 5681 3534 5748 rubro,
3558 5687 3621 5734 ut
3667 5679 3727 5735 in

2166 5781 2407 5836 editione
2435 5778 2733 5850 Anglicana
2775 5778 2999 5841 factum,
3058 5775 3153 5831 sed
3203 5775 3509 5830 minoribus
3540 5772 3739 5827 litteris

2168 5874 2277 5931 sint
2304 5880 2524 5930 notate.
2559 5869 2743 5942 Neque
2773 5871 2940 5935 cnim,
2990 5869 3207 5926 etiamsi
3248 5867 3382 5924 illud
3412 5867 3574 5924 nobis
3626 5880 3737 5921 non
