4070 6340
314 409 376 464 εί
1551 424 1886 482 ΡηουεΜιΑ
1926 427 2306 487 νΑιιιοκωι.
3463 440 3532 495 62

312 531 523 624 liceret,
566 531 837 624 voluimus
867 544 1148 607 propterea
1178 546 1352 594 totum
1369 541 1750 608 intermittere,
1781 543 1876 598 sed
1909 551 1954 606 Α
1981 546 2199 600 drinum
2228 557 2474 618 repertae,
2520 552 2636 606 suis
2664 567 2894 623 quiaque
2923 553 3170 624 pagellis,
3205 567 3271 609 ex
3302 553 3544 610 editione

312 623 398 676 vel
425 638 490 677 eo
518 623 678 678 modo
722 632 930 679 textum
962 629 1256 697 genuinum
1293 645 1322 684 a
1354 632 1733 702 supplemento
1761 632 1876 686 dis-
1979 634 2273 691 Parisiensi
2299 650 2350 690 a.
2377 638 2508 694 Chr.
2535 641 2665 694 1641
2714 644 3012 698 novissima
3038 643 3310 699 iudicatae.
3336 644 3394 698 In
3417 661 3540 699 om-

309 715 578 784 tinguere,
602 731 713 785 quo
768 724 822 771 et
859 726 983 783 tuae,
1036 721 1082 773 si
1128 721 1204 774 ita
1237 721 1532 788 videretur,
1592 723 1874 778 industriae

310 807 711 876 relinquentur
733 811 982 879 palaestra
1007 815 1090 868 vel
1123 816 1190 869 ad
1231 815 1671 884 conjectandum,
1698 816 1781 869 vel
1806 815 1873 869 ad

302 898 681 967 iudicandum.
730 905 884 961 Alias
905 907 1214 962 testimonia
1243 909 1445 978 passim
1470 923 1500 961 a
1531 909 1690 962 nobis
1711 917 1871 962 aucta

304 996 456 1054 sunt,
505 991 692 1047 addita
719 995 886 1049 etiam
943 995 1147 1053 Graecis
1199 999 1448 1054 versione
1487 998 1717 1065 Latina;
1753 1007 1868 1054 tum

304 1080 420 1137 loca
436 1092 493 1140 et
525 1087 802 1144 variantes
818 1088 1083 1146 lectiones
1115 1091 1256 1162 apud
1274 1089 1609 1147 Clementem
1634 1090 1871 1146 Alexanv

1981 727 2144 783 nibus
2175 729 2221 782 si
2253 745 2361 784 non
2394 733 2575 786 omnia
2609 732 2747 789 forte
2801 735 2980 804 palato
3035 743 3130 790 tuo
3153 737 3538 806 respondeant,

1974 819 2029 874 id
2064 823 2263 890 partim
2294 823 2644 880 scholasticis
2668 828 3125 896 occupationibus
3167 829 3323 890 meis,
3342 829 3542 897 partim

1979 911 2242 966 absentia:
2285 928 2418 968 mea:
2453 914 2522 969 ab
2543 917 2802 985 Operibus
2853 919 3260 989 typographicis
3307 921 3537 983 tribues,

1975 1008 2030 1055 et
2055 1002 2200 1071 quod
2226 1003 2279 1056 in
2310 1004 2474 1058 simili
2521 1021 2719 1075 genere
2753 1011 2992 1078 Optares,
3029 1009 3430 1080 aequibonique
3459 1009 3540 1065 fa-

1981 1093 2117 1147 cies.
2154 1092 2334 1157 Salve,
2363 1108 2426 1148 ac
2455 1093 2593 1149 bene
2635 1095 2772 1150 vale.
3257 1118 3266 1126 ·

1230 1371 1911 1464 GODEFREDI
1992 1377 2658 1469 VENDELINI

828 1580 916 1636 DE
953 1580 1344 1639 CLEMENTIS
1381 1583 1474 1638 ET
1511 1583 1678 1640 Ε]υὸ
1714 1584 2214 1641 EPISTOLARUM
2258 1585 2587 1643 TEMPORE
2625 1585 2998 1669 DIVINATIQ.

359 1825 616 1882 Clemens
637 1822 1200 1888 Romanus,Faustini
1232 1829 1373 1886 ﬁlius
1405 1830 1586 1902 (quem
1647 1841 1866 1902 aposlo-
1897 1842 1938 1895 Β
1967 1837 2238 1888 certiorem
2268 1836 2331 1889 de
2375 1838 2528 1889 annis
2574 1836 2828 1889 invenerit
2878 1835 3370 1906 chronographiam,
3427 1854 3532 1909 qua

289 1917 376 1971 lus
406 1916 636 1982 Paulus,
670 1919 737 1972 ad
769 1917 1144 1988 Philippenses
1197 1923 1465 1988 scribens,
1504 1940 1663 1978 suum
1699 1936 1860 1979 vocat

284 2017 700 2078 cooperatorem
747 2010 889 2063 inter
913 2019 1162 2072 caeteros,
1198 2027 1431 2080 quorum
1463 2014 1684 2067 nomina
1718 2015 1858 2068 scri-

281 2109 380 2169 pta
413 2108 540 2152 sunt
574 2101 631 2153 in
683 2099 828 2154 libro
847 2101 989 2172 vitae)
1052 2100 1197 2156 Petri
1253 2104 1487 2174 apostoli
1544 2119 1854 2166 successor,

283 2193 572 2261 apostolus
615 2191 757 2247 idem
803 2193 919 2262 ipse
957 2201 1183 2248 vocatur
1233 2210 1263 2248 a
1305 2195 1585 2250 Clemente
1620 2196 1859 2250 Alexan-

284 2287 459 2340 drino
495 2287 582 2340 lib.
635 2301 686 2339 tv
746 2284 1076 2340 Stromatum
1105 2303 1124 2340 :
1169 2289 1444 2359 quomodo
1475 2296 1528 2343 et
1577 2287 1855 2342 Barnabas

287 2379 500 2446 aliique
530 2392 849 2448 magnorum
880 2379 1248 2447 apostolorum
1279 2380 1507 2434 comites
1527 2390 1579 2435 et
1599 2379 1854 2448 discipuli

278 2474 401 2541 pari
428 2472 648 2526 nomine
669 2471 900 2542 apostoli
925 2472 1187 2542 (minores
1205 2472 1406 2543 tamen)
1432 2472 1599 2527 habiti
1633 2473 1853 2526 fuerunt

275 2569 331 2615 et
377 2563 659 2631 appellati.
694 2561 947 2617 Clemens
988 2563 1074 2616 hic
1105 2570 1230 2633 post
1279 2562 1496 2617 Petrum
1547 2561 1851 2617 Romanam

276 2655 414 2707 rexit
437 2653 765 2718 Ecclesiam,
799 2655 1042 2724 vixitque
1069 2654 1134 2708 ad
1171 2663 1414 2724 tempora
1447 2653 1716 2723 Trajani;
1749 2670 1850 2708 cu-

269 2744 363 2814 jus
386 2761 535 2799 anno
556 2747 742 2810 tertio,
758 2747 852 2816 qui
883 2746 983 2800 fuit
1008 2747 1230 2816 epochze
1261 2755 1462 2802 nostra
1485 2746 1846 2810 centesimus,

271 2835 506 2890 Joannis
529 2853 747 2907 quoque
777 2839 1121 2908 evangelista;
1151 2845 1324 2892 morte
1348 2838 1566 2900 nobilis,
1606 2836 1849 2892 Cherso-

272 2945 357 2983 naa
391 2931 447 2984 in
475 2929 674 2991 Ponto,
705 2937 829 2999 post
877 2929 1054 2985 exsilii
1108 2930 1190 2984 sui
1221 2929 1680 2998 quinquennium,
1708 2931 1852 2984 occi-

271 3023 441 3078 ditur.
472 3022 524 3078 ls
551 3032 671 3077 erat
698 3039 875 3076 annus
891 3033 1013 3092 post
1043 3022 1248 3078 Christi
1277 3023 1670 3078 Ascensionem
1691 3039 1850 3078 sexa-

269 3116 516 3186 gesimus
539 3124 593 3171 et
633 3125 889 3184 octavus,
916 3125 1076 3185 prout
1101 3116 1364 3171 habemus
1385 3114 1666 3170 traditum.
1701 3115 1850 3182 Quot

1962 1939 2133 1982 tamen
2163 1945 2264 1981 non
2295 1928 2567 1996 rejiciatur
2595 1945 2621 1980 e
2651 1945 2866 1982 numero
2920 1930 3224 1998 pontiﬁcum
3269 1929 3531 1984 Romano-

1959 2037 2074 2072 rum
2101 2018 2300 2082 Cletus,
2339 2036 2430 2072 nec
2483 2030 2776 2090 martyrum
2809 2021 3234 2090 Lugdunensium
3267 2025 3528 2077 sincerum

1959 2112 2313 2164 testimonium
2343 2111 2735 2174 condemnetur,
2767 2111 2908 2166 haud
2954 2117 3104 2168 inriti
3155 2118 3522 2169 assentiamur.

1958 2201 2070 2272 Ego
2093 2204 2273 2273 itaque
2323 2203 2494 2256 multa
2559 2203 2885 2273 curiosaque
2917 2207 3194 2275 indagine,
3229 2220 3526 2277 postquam

1957 2297 2198 2349 rationes
2257 2310 2448 2348 omnes
2494 2295 2771 2348 variorum
2832 2297 3161 2366 scriptorum
3218 2299 3510 2369 diligenter

1955 2388 2196 2449 excussi,
2227 2386 2420 2440 videor
2458 2387 2589 2441 mihi
2620 2388 2732 2442 veri
2756 2388 2914 2443 ﬁdem
2939 2391 3364 2462 deprehendisse
3385 2392 3525 2445 hanc

1955 2480 2344 2535 certissimam.

2027 2574 2180 2629 Anno
2222 2577 2442 2645 epocha:
2481 2585 2684 2633 nostra:
2711 2578 2802 2639 41,
2837 2577 2924 2631 die
2944 2577 3015 2630 23
3041 2574 3311 2638 Januarii,
3339 2575 3524 2627 occiso

1953 2664 2106 2729 Caio,
2136 2669 2405 2723 successit
2429 2670 2482 2723 in
2515 2670 2804 2739 imperium
2829 2668 3113 2731 Claudius,
3143 2670 3234 2737 qui
3255 2666 3518 2720 Herodem

1953 2756 2248 2827 Agrippam
2281 2761 2467 2814 statim
2523 2761 2733 2815 dimisit
2789 2762 2846 2814 in
2888 2777 3046 2813 suum
3083 2775 3330 2829 regnum,
3365 2760 3522 2827 isque

1953 2865 2147 2920 magna
2173 2851 2452 2906 celeritate
2476 2868 2726 2906 reversus
2756 2860 2838 2906 est
2869 2853 2922 2904 in
2953 2850 3195 2904 Judaeum
3227 2865 3323 2918 per
3367 2864 3522 2903 men-

1952 2955 2065 2994 sem
2091 2940 2222 3010 (l’ae)
2252 2939 2607 2994 Februarium
2643 2949 2838 3004 totum,
2871 2942 2955 2996 vel
2981 2942 3134 2995 initia
3170 2939 3368 2993 Martii.
3409 2937 3520 2992 Er-

1953 3039 2144 3100 ceptus
2177 3047 2206 3085 a
2254 3033 2369 3086 suis
2411 3034 2769 3102 popularibus
2810 3033 3141 3097 honoriﬁce;
3174 3031 3377 3101 quibus
3410 3031 3510 3086 de-

1952 3125 2226 3181 merendis
2260 3136 2341 3196 (ut
2372 3142 2430 3181 se
2452 3129 2751 3196 gratiosum
2784 3143 2846 3181 ac
2878 3128 3193 3198 popularem
3226 3126 3512 3196 praeberet)

273 3224 402 3262 vero
436 3218 569 3262 tunc
604 3202 782 3263 annos
815 3209 1074 3263 habuerit
1099 3209 1374 3273 Clemens,
1417 3208 1519 3262 etsi
1556 3223 1664 3262 non
1711 3209 1840 3277 lcgi-
1874 3195 1914 3251 ε
1949 3213 2194 3267 odiosam
2243 3195 2352 3269 illis
2404 3195 3078 3278 Christianoruminimis
3134 3195 3512 3278 invalentium,

269 3315 392 3353 mus
427 3301 705 3370 proditum
732 3341 747 3363 ,
772 3308 987 3354 constat
1021 3307 1204 3355 tamen
1231 3316 1339 3354 non
1381 3302 1550 3354 multo
1572 3301 1839 3354 minorem

272 3392 443 3447 fuisse
475 3392 814 3454 centenario,
854 3391 1011 3448 valde
1038 3408 1222 3447 senem
1254 3393 1443 3462 utique
1480 3392 1650 3448 fuisse
1677 3409 1842 3466 opor-

269 3494 379 3551 tet,
435 3486 484 3540 si
525 3485 692 3555 (quod
723 3484 921 3539 habent
959 3484 1386 3554 Recognitionum
1434 3486 1577 3549 libri,
1633 3503 1738 3540 non
1785 3487 1839 3540 in

267 3584 443 3629 totum
474 3575 784 3646 dramatici)
834 3576 900 3630 ad
932 3577 1164 3645 primam
1203 3575 1403 3629 famam
1454 3575 1658 3631 Christi
1720 3575 1836 3644 jam

267 3668 320 3722 in
353 3669 560 3722 cmlum
597 3669 822 3737 recepti,
856 3669 1066 3722 vivente
1110 3668 1287 3722 adhuc
1332 3667 1574 3732 'l'iberio,
1620 3667 1839 3736 juvenis

266 3762 369 3815 fuit
403 3761 652 3816 ﬂorentis
683 3760 1092 3830 aetatis,judicii
1123 3760 1317 3822 limati,
1353 3759 1840 3831 doctrinarumque

264 3857 652 3910 :ublimiorum
686 3853 868 3919 avidi;
903 3855 1063 3923 plane
1099 3861 1156 3907 ut
1201 3869 1378 3908 annos
1425 3853 1582 3906 facile
1643 3853 1836 3923 viginti

264 3950 514 4021 quinque
539 3948 860 4010 excesserit,
897 3948 980 4001 vel
1015 3947 1084 4001 ad
1107 3947 1448 4012 trigesimum
1483 3947 1710 4016 propius
1742 3962 1834 4000 ac-

264 4039 516 4100 cesserit,
544 4047 814 4106 natusque
835 4038 1082 4091 videatur
1133 4054 1228 4106 per
1277 4038 1431 4091 initia
1463 4038 1686 4091 circiter
1732 4053 1834 4091 no-

267 4143 393 4188 stra!
406 4129 652 4200 epochm.
679 4129 876 4183 Joanni
899 4129 1243 4200 evangelista;
1263 4130 1419 4199 quasi
1444 4137 1753 4185 coaetaneus
1771 4145 1835 4185 ac

265 4226 426 4295 plane
450 4239 691 4279 coaevus.

338 4316 481 4371 Intra
513 4316 619 4369 hoc
661 4315 896 4385 primum
937 4313 1193 4369 saeculum
1216 4311 1591 4382 pontiﬁcatum
1623 4310 1830 4366 Roma-

265 4423 394 4460 num
431 4407 602 4477 gessit
624 4407 917 4475 episcopus
946 4404 1216 4468 Clemens,
1251 4405 1408 4458 annis
1430 4403 1512 4472 (ut
1544 4405 1683 4459 inter
1717 4421 1834 4458 om-

1944 3304 2344 3359 multitudinem
2373 3308 2701 3375 opprimere,
2751 3307 3110 3376 hominesque
3157 3307 3278 3360 illos
3315 3321 3509 3368 novos,

1944 3394 2258 3456 seditiosos,
2305 3396 2530 3450 nefariae
2583 3396 2880 3465 impietatis
2931 3398 2985 3450 in
3033 3396 3225 3459 Deum,
3253 3397 3513 3466 legesque

1942 3483 2210 3539 Mosaicas
2244 3485 2587 3540 insimulatus
2605 3487 2669 3540 ad
2694 3487 2960 3555 supplicia
2986 3501 3176 3554 rapere
3203 3501 3500 3556 aggressus

1940 3583 2044 3638 est,
2070 3590 2102 3628 a
2126 3576 2416 3646 praecipuis
2435 3591 2624 3630 eorum
2648 3577 2921 3646 capitibus
2938 3577 3202 3646 apostolis
3225 3575 3510 3645 grassandi

1941 3669 2083 3723 facto
2113 3668 2288 3724 initio.
2308 3669 2493 3740 Itaque
2515 3669 2700 3723 occidit
2717 3669 2999 3733 Iacobum,
3019 3668 3238 3737 [ratrem
3253 3667 3504 3731 Joannis,

1937 3758 2119 3829 gladio
2141 3759 2206 3814 “.

2010 3849 2161 3905 Hanc
2195 3859 2426 3906 mortem
2453 3851 2717 3908 habemus
2742 3852 3056 3906 adnotatam
3080 3848 3337 3905 Kalendis
3356 3848 3510 3917 Apri-

1944 3943 2035 4006 lis,
2083 3957 2206 4012 quaa
2243 3943 2345 3997 hoc
2395 3958 2538 3998 anno
2565 3945 2627 3998 41
2660 3944 2970 3999 inciderunt
2995 3945 3046 3997 in
3084 3943 3407 4004 Sabbatum;
3447 3948 3507 3994 ut

1937 4029 2184 4083 videatur
2203 4029 2460 4092 Jacobus,
2487 4030 2553 4084 de
2581 4032 2870 4086 occasione
2887 4031 3059 4100 ipsius
3081 4029 3328 4091 Sabbati,
3346 4031 3507 4097 quasi

1935 4125 2112 4190 Iacto,
2141 4127 2356 4182 dictove
2385 4128 2568 4197 aliquo
2613 4127 2799 4180 violati
2851 4127 3188 4180 tunmltuose
3217 4131 3506 4192 correptus

1936 4234 1966 4271 a
1999 4218 2332 4282 furentibus,
2365 4221 2663 4289 statimque
2688 4222 2772 4290 (ut
2801 4219 2858 4272 ﬁt
2881 4219 2935 4272 in
2981 4217 3192 4272 delictis
3226 4217 3506 4286 ﬂagranti-

1934 4308 2059 4379 bus)
2090 4309 2281 4378 plexus
2318 4310 2514 4378 capite,
2548 4311 2742 4364 saltem
2777 4317 2898 4380 post
2927 4323 3182 4362 occasum
3212 4309 3372 4374 solis;
3396 4322 3514 4376 quo.

1935 4409 2212 4452 momento
2263 4398 2550 4454 Judaicum
2618 4399 2956 4463 Sabbatum,
3001 4401 3228 4467 diesque
3274 4398 3499 4451 Kalend.

265 4515 382 4563 nes,
415 4501 669 4569 quamvis
699 4497 1072 4552 diversissima
1101 4495 1398 4560 tradentes,
1461 4496 1826 4565 consentitur)
1864 4532 1905 4586 Ι)
1934 4490 2135 4559 Aprilis
2177 4489 2491 4554 desinebat,
2523 4492 2800 4560 inibatque
2825 4491 2996 4560 prima
3023 4489 3286 4553 Sabbati;
3313 4487 3501 4586 eadem

265 4605 461 4644 novem
493 4605 618 4643 cum
651 4589 931 4642 mensibus
951 4595 1005 4643 et
1033 4587 1227 4642 diebus
1255 4588 1481 4656 aliquot.
1507 4586 1653 4640 Intra
1686 4589 1828 4643 idem
1864 4580 1895 4586 ⁷
1932 4583 2134 4652 Aprilis
2174 4587 2376 4638 mensis
2424 4584 2530 4638 illis
2561 4584 2960 4637 numerabitur
3001 4581 3264 4636 secunda.
3322 4580 3500 4648 Atque

263 4684 523 4738 saeculum
553 4679 795 4749 episcopi
829 4678 1054 4732 Romani
1080 4685 1434 4732 recensentur
1470 4678 1640 4734 Linus
1666 4719 1679 4740 ,
1706 4679 1831 4733 Cle-

261 4781 350 4826 tus
376 4779 431 4824 et
465 4771 766 4823 Anacletus
790 4787 804 4836 ;
843 4783 1155 4839 quanquam
1183 4768 1353 4824 Graeci
1372 4769 1539 4824 ferme
1570 4787 1633 4824 ex
1662 4770 1816 4825 Cleto

263 4873 314 4916 et
332 4862 597 4915 Anacleto
625 4876 792 4913 unum
817 4861 1175 4929 eumdemque
1193 4861 1478 4915 videantur
1502 4861 1821 4931 intelligere,

263 4953 427 5006 nimis
457 4952 781 5015 oscitanter,
811 4959 1032 5021 propter
1055 4950 1369 5006 allinitatem
1400 4952 1711 5018 nominum,
1733 4969 1824 5009 so-

261 5041 477 5096 Cnrdes.
1021 5108 1035 5119 δ

331 5134 470 5199 Quis
522 5148 654 5188 vero
680 5132 766 5187 vel
792 5141 916 5186 ante
952 5132 1073 5196 hos,
1111 5132 1193 5186 vel
1224 5131 1366 5186 inter
1402 5132 1546 5196 illos,
1586 5133 1669 5187 vel
1704 5139 1826 5202 post

262 5227 384 5285 bos,
412 5223 676 5280 Clementi
697 5226 872 5286 locus,
893 5224 1034 5292 quod
1059 5232 1275 5293 tempus
1293 5225 1575 5288 debeatur,
1597 5226 1828 5294 scripto-

261 5332 349 5370 res
367 5317 727 5384 certant,jam
750 5317 819 5370 ab
842 5316 1065 5384 antiquo
1094 5316 1447 5385 proximoque
1465 5317 1571 5370 illis
1602 5317 1821 5371 saeculo.

261 5408 448 5479 Itaque
477 5417 532 5463 et
563 5409 615 5463 in
639 5409 928 5465 Breviariis
983 5409 1187 5463 nostris
1229 5409 1469 5478 priorum
1523 5409 1821 5464 editionum

261 5517 291 5553 a
343 5503 737 5571 posterioribus
759 5501 1033 5556 discordia
1073 5508 1177 5563 est,
1204 5509 1258 5556 et
1289 5500 1522 5572 ἀπορίαν
1562 5515 1715 5555 suam
1766 5501 1820 5555 in

262 5595 539 5658 omnibus,
558 5610 729 5663 usque
749 5594 817 5648 ad
842 5610 1042 5648 annum
1070 5592 1194 5657 179,
1228 5593 1511 5663 proﬁtetur
1552 5592 1821 5647 Baronius

250 5683 591 5788 iidentidem,
617 5685 788 5740 donec
827 5685 902 5739 ita
933 5685 1088 5741 Iidem
1125 5699 1279 5740 suam
1312 5684 1508 5739 liberat
1541 5703 1552 5739 :
1602 5683 1660 5739 Si
1695 5685 1813 5754 quis

336 5860 377 5888 “
403 5858 523 5912 Act.
560 5876 658 5920 xu.
690 5862 741 5914 2-

1935 4675 2038 4727 hoc
2066 4685 2150 4728 est
2177 4677 2322 4745 quod
2377 4675 2744 4745 Hieronymus
2776 4677 2828 4728 in
2856 4674 3047 4728 Ezech.
3077 4689 3361 4743 caput",
3387 4682 3501 4725 tra—

1930 4766 2102 4819 ditum
2132 4781 2162 4818 a
2184 4767 2484 4834 majoribus
2511 4783 2618 4819 non
2644 4769 2777 4820 satis
2806 4766 3069 4819 intellexit
3095 4783 3108 4828 ;
3143 4766 3272 4818 dum
3304 4766 3497 4818 scribit

1931 4854 2266 4907 immolatum
2285 4853 2571 4917 Jacobum,
2599 4856 2687 4908 die
2703 4856 2942 4908 secunda
2975 4854 3262 4909 Paschatis
3287 4872 3299 4919 ;
3340 4856 3488 4923 quod

1927 4951 2182 4998 constare
2207 4945 2350 4997 haud
2386 4961 2545 5012 posse
2567 4945 2834 5000 Baronius
2863 4962 3079 5015 quoque
3128 4946 3380 5014 pervidit.
3424 4945 3487 4998 Et

1931 5043 2078 5091 certe
2109 5036 2318 5091 Pascha
2365 5035 2651 5092 Judaicum
2692 5039 2798 5093 isto
2845 5055 2989 5093 anno
3043 5040 3233 5092 incidit
3267 5041 3320 5091 in
3348 5039 3492 5092 diem

1931 5138 2179 5198 quartam
2209 5130 2429 5199 Aprilis,
2460 5131 2527 5184 ad
2554 5147 2858 5200 vesperam.
2882 5131 2999 5185 Non
3027 5147 3155 5201 ergo
3188 5131 3276 5184 die
3297 5146 3493 5185 secun-

1925 5223 1993 5278 da
2017 5222 2301 5278 Paschalis
2325 5224 2544 5278 occisus
2569 5232 2653 5279 est
2672 5222 2933 5284 Jacobus,
2954 5224 3047 5278 sed
3073 5224 3313 5278 secunda
3337 5240 3488 5278 men-

1928 5309 2025 5371 sis,
2060 5311 2114 5364 in
2145 5326 2306 5382 quam
2329 5309 2537 5366 Pascha
2569 5312 2661 5367 illo
2687 5328 2831 5366 anno
2855 5313 3064 5367 incidit.

1997 5405 2128 5459 Post
2174 5407 2414 5460 occisum
2463 5424 2613 5478 ergo,
2659 5425 2753 5463 seu
2802 5409 2936 5478 ipsis
2991 5409 3170 5460 adhuc
3229 5406 3488 5460 Kalendis

1927 5497 2226 5568 Aprilibus,
2275 5515 2370 5554 seu
2420 5501 2682 5570 postridie
2730 5516 2910 5564 mane,
2956 5499 3242 5560 Jacobum,
3295 5497 3487 5553 videns

1927 5590 2170 5646 Herodes
2203 5592 2307 5647 hoc
2335 5594 2606 5663 placuisse
2634 5592 2858 5659 Judaais,
2885 5592 3141 5663 apposuit
3184 5589 3486 5660 apprchen-

1928 5685 2057 5741 dere
2089 5692 2143 5742 et
2176 5683 2436 5754 Petrum;
2475 5702 2583 5742 non
2627 5685 2843 5756 quidem
2897 5685 3112 5751 eodem,
3143 5681 3328 5749 credo,
3372 5680 3482 5744 die,
