4070 6340
499 415 569 470 ω
1628 410 1701 471 Μ
1756 406 1812 464 S.
1855 404 2275 465 ELEMENTEM
2309 404 2335 463 l
2374 403 2608 460 PAPAM

3669 401 3741 459 61

501 528 598 586 ειοᾶ
623 541 735 584 uno
766 528 957 583 saltem
1014 527 1257 582 alterovs
1284 522 1629 596 interposito,
1655 524 1857 595 quibus
1881 524 2063 594 p0puli
2091 528 2139 584 Α
2166 520 2334 587 niens,
2367 518 2682 576 Clementem
2726 520 2838 575 loco
2886 519 3036 575 illius
3065 517 3330 573 ordinavit
3372 520 3614 584 invitum,
3657 525 3747 578 di—

501 621 824 693 applausum
853 618 1139 688 explorare
1163 633 1229 673 ac
1257 619 1653 687 persentiscere
1670 612 1866 686 patuit,
1889 622 1943 670 et
1963 614 2069 670 Pe-

505 725 623 770 trus
653 711 918 774 inveniri;
952 710 1044 782 qui
1071 711 1231 781 proin
1262 718 1451 779 raptus
1484 710 1647 765 fuerit
1679 711 1737 765 in
1765 724 2068 772 carcerem,

500 806 620 873 ipso
648 803 738 857 die
776 804 1131 873 Asymorum,
1164 800 1516 857 sanctissimo
1546 801 1857 856 securitatis
1891 800 2067 871 asylo,

499 903 551 945 et
598 902 819 964 propter
848 893 1126 963 publicam
1162 893 1405 947 lmtitiam
1438 892 1506 945 ad
1538 900 1645 945 tam
1679 892 1865 947 tristia
1887 892 2068 962 inopi-

499 983 667 1037 nabili
722 982 826 1040 Sed
866 981 1133 1038 Herodem
1200 997 1304 1038 nec
1338 982 1575 1038 Sabbata
1612 983 1667 1037 in
1698 981 1923 1048 lacobo,
1968 999 2071 1038 nec

496 1072 700 1144 Azyma
744 1074 799 1127 in
833 1072 994 1128 Petro
1030 1083 1301 1129 remorata
1357 1081 1508 1140 sunt,
1546 1075 1842 1144 quominus
1875 1074 2068 1129 saltem

498 1166 1111 1234 comprehenderentur,
1136 1165 1306 1221 dilato
1330 1167 1549 1221 interim
1579 1167 1853 1237 supplicio
1876 1207 1891 1231 ,
1924 1166 2068 1238 quod

496 1253 661 1309 Petro
694 1256 1060 1311 meditabatur
1112 1266 1235 1328 post
1286 1257 1516 1321 Pascha,
1555 1260 1783 1329 diesque
1833 1258 2068 1331 Azymo-

496 1362 617 1400 rum
657 1359 848 1401 omnes
897 1355 1231 1403 transactos.
1284 1348 1335 1404 Is
1371 1364 1501 1419 ergo
1556 1350 1974 1406 custodiebatur
2009 1349 2069 1405 in

493 1453 742 1502 carcere,
788 1454 852 1493 ex
892 1454 1001 1508 quo
1032 1455 1131 1509 per
1160 1441 1416 1510 angelum
1448 1442 1712 1496 liberatus
1754 1449 1859 1507 est,
1893 1442 2069 1513 pridie

495 1526 755 1581 destinati
810 1528 1091 1598 supplicii,
1136 1538 1299 1585 nocte
1338 1530 1575 1596 scilicet,
1617 1531 1762 1586 inter
1809 1531 2068 1587 duodeci-

496 1632 639 1671 mam
679 1626 731 1672 et
762 1618 1031 1673 decimam
1070 1621 1287 1675 tertiam
1318 1620 1544 1691 Aprilis.

565 1704 853 1761 Liberatus
883 1714 1038 1763 tanto
1078 1710 1345 1765 miraculo
1390 1711 1609 1778 Petrus,
1638 1713 1829 1768 relicta
1857 1711 2064 1777 Judaaa,

496 1798 729 1852 contulit
758 1814 817 1853 se
856 1798 910 1853 in
944 1801 1048 1855 alia
1093 1802 1233 1859 loca.
1288 1805 1702 1876 peragratisque
1753 1804 2067 1876 regionibus

2170 614 2521 683 gnitatemque
2542 614 2701 666 istam
2739 623 3089 667 recusantem.
3132 611 3297 679 Quen:
3328 611 3536 668 idoneis
3574 617 3745 671 ratio-

2170 705 2321 760 nibus
2350 722 2661 775 persuasum
2690 707 2757 769 ",
2792 722 2853 759 ac
2894 704 3158 774 conﬁdere
3185 706 3519 762 admonitum
3564 710 3622 761 in
3652 726 3745 763 ca-

2173 796 2413 851 thedram
2446 796 2747 853 divinorum
2796 797 3122 867 eloquion
3170 797 3351 869 (quam
3378 800 3469 853 ille
3502 800 3747 855 obtinue-

2170 888 2277 961 rat)
2310 888 2639 945 sublimauit.
2672 888 3075 945 Prol'ectionem
3116 890 3257 944 hanc
3301 892 3358 945 in
3404 889 3746 946 Britanniam

2170 981 2389 1037 aliunde
2440 981 2577 1036 vidit
2625 983 2790 1037 etiam
2859 981 3151 1044 Baronius,
3191 988 3246 1035 et
3293 988 3377 1036 est
3439 980 3747 1037 luculenter

2170 1069 2475 1138 adstructa,
2516 1087 2629 1126 non
2668 1073 2740 1126 ita
2773 1071 3005 1142 pridem.
3044 1069 3150 1126 Sed
3173 1071 3370 1142 pergit,
3397 1079 3521 1142 post
3546 1086 3743 1140 pauca,

2169 1179 2472 1235 anonymus
2507 1184 2520 1219 :
2576 1164 2747 1235 Igitur
2793 1164 3068 1233 confestim
3110 1165 3322 1231 milites,
3359 1166 3745 1234 comprehensis

2169 1255 2409 1308 omnibus
2460 1257 2548 1326 qui
2581 1254 2793 1310 Christo
2826 1270 3013 1308 nomen
3034 1253 3309 1317 dederant,
3340 1255 3393 1308 in
3423 1253 3744 1308 condemna-

2165 1354 2342 1398 torum
2369 1362 2456 1400 eos
2483 1345 2813 1399 deduxerunt
2861 1344 3059 1399 locum.
3093 1344 3160 1398 Et
3208 1344 3463 1399 Clementi
3511 1345 3740 1413 quidem,

2168 1446 2365 1506 utpote
2395 1436 2459 1491 de
2491 1439 2798 1508 cognatione
2856 1435 3113 1500 Cwsaris,
3159 1447 3517 1506 pepercerunt,
3571 1435 3743 1491 Hero-

2166 1531 2374 1587 dionem
2402 1549 2519 1586 vero
2550 1541 2599 1586 et
2632 1530 2914 1601 Olympum
2936 1530 2983 1561 ’⁸
3006 1547 3126 1583 cum
3148 1529 3355 1600 reliqua
3382 1529 3742 1595 multitudine,

2165 1622 2345 1697 gladio
2410 1632 2797 1694 percusserunt.
2864 1621 3081 1677 Petrum
3145 1631 3339 1685 autem,
3386 1637 3632 1691 magnum
3675 1621 3745 1673 il-

2169 1715 2278 1768 lum
2308 1714 2521 1766 Domini
2555 1712 2852 1782 apostolum
2884 1712 2993 1767 situ
3039 1712 3083 1743 "
3126 1713 3331 1765 inverso
3364 1709 3746 1779 suspenderunt

2168 1808 2225 1860 in
2251 1821 2442 1869 cruce;
2475 1806 2530 1860 in
2559 1821 2663 1875 qua
2693 1804 2975 1858 vulnerum
3010 1802 3220 1858 dolores
3248 1804 3420 1858 instar
3441 1802 3642 1858 Chriiti
3681 1821 3747 1860 ac

501 1890 688 1953 variis,
722 1892 1085 1963 ecclesiisqae
1115 1894 1483 1955 conﬁrmatis.
1544 1899 1795 1968 pervenit
1847 1897 2065 1953 tandem
2097 1871 2139 1925 Β
2173 1895 2264 1950 Dei
2293 1895 2460 1949 nostri
2480 1908 2776 1963 perpessus,
2800 1907 2992 1961 puram
3039 1907 3194 1945 suam
3237 1899 3393 1961 atque
3420 1891 3749 1945 incontami-

496 1978 746 2047 Romam,
776 1993 1054 2055 cmptante
1085 2000 1231 2042 anno
1268 1987 1483 2044 Claudii
1511 1988 1776 2058 secundo,
1806 1990 1927 2060 ipso
1981 2004 2068 2045 se-

494 2076 737 2131 cundum
776 2088 830 2133 et
859 2079 1038 2151 Largo
1086 2083 1434 2147 consulibus,
1467 2085 1560 2154 qui
1590 2084 1687 2138 fuit
1721 2100 1898 2140 annus
1946 2100 2067 2140 atrae

496 2176 701 2223 nostrae
730 2170 818 2233 42,
852 2172 1076 2241 ﬁxitque
1116 2173 1229 2230 illic
1262 2174 1447 2230 sedem
1502 2177 1835 2246 pontitieiam
1860 2217 1875 2243 ,
1907 2178 2068 2247 cujus

494 2261 769 2317 cathedris
798 2265 997 2331 natalis
1027 2267 1358 2334 celebratur,
1393 2267 1606 2323 decima
1645 2277 1837 2325 octava
1863 2269 2068 2325 Janua—

494 2355 584 2411 rii.
616 2354 660 2408 A
689 2371 795 2425 qua
826 2356 913 2412 die
939 2356 1004 2411 ad
1033 2359 1155 2428 ejus
1184 2367 1412 2415 mortem
1438 2373 1797 2417 numerantur
1827 2378 1953 2419 anni
1973 2364 2065 2428 25,

496 2463 715 2502 menses
744 2447 798 2510 5,
829 2448 948 2505 dies
980 2449 1066 2511 12,
1102 2451 1149 2505 si
1179 2467 1436 2506 numeres
1468 2467 1497 2505 a
1537 2452 1623 2508 die
1654 2471 1721 2508 xv
1761 2454 1881 2513 Kal.
1905 2455 2066 2514 Febr.

494 2537 567 2594 ad
604 2554 663 2591 ιιι
712 2539 831 2595 Kal.
881 2540 1056 2595 Julias
1093 2543 1224 2597 anni
1255 2543 1431 2598 nostri
1462 2543 1553 2610 (i7,
1611 2561 1721 2616 quo
1773 2546 2069 2603 cruciﬁxus

492 2629 729 2684 animam
764 2628 873 2685 Deo
905 2631 1160 2686 reddidit.

566 2716 759 2785 Medio,
799 2722 907 2775 isto
965 2731 1238 2794 tempore,
1290 2738 1415 2779 cum
1466 2723 1728 2779 Claudius
1775 2726 2074 2796 imperator

493 2808 678 2863 edicto
706 2807 925 2865 Iudaeos
956 2808 1129 2864 Roma
1158 2813 1482 2883 expulisset,
1538 2815 1658 2884 ipse
1701 2831 1920 2885 quoque
1969 2816 2073 2871 Pe-

497 2904 617 2950 trus
657 2898 855 2952 cedere
891 2909 1117 2955 coactus
1162 2911 1281 2968 est;
1316 2918 1684 2975 reversusque
1732 2906 1787 2960 in
1828 2905 2071 2962 Judaeam

496 2990 793 3044 concilium
830 2992 1018 3045 habuit
1046 2991 1179 3047 illud
1213 2995 1448 3064 primum
1479 2997 1880 3067 apostolorum,
1928 3014 2074 3054 anno

497 3092 692 3136 nostro
720 3081 809 3150 50,
847 3082 1076 3139 Claudio
1114 3084 1242 3140 dein
1275 3087 1514 3152 sublato,
1543 3103 1595 3142 a.
1622 3087 1679 3145 d.
1713 3105 1773 3143 Ill
1816 3091 1944 3145 ldus
1966 3090 2072 3147 Oc-

498 3174 694 3238 tobris,
730 3191 874 3229 anno
915 3185 1112 3231 nostro
1142 3178 1231 3241 5i,
1265 3181 1539 3235 successit
1570 3179 1736 3245 Nero,
1768 3184 1946 3252 primo
1969 3185 2072 3238 im-

498 3265 640 3336 perii
698 3267 787 3320 sui
839 3268 1219 3339 quinquennio
1280 3272 1746 3330 clementissimus
1795 3277 2072 3348 princeps.

502 3354 617 3411 Sub
647 3373 755 3429 quo
789 3357 985 3414 Petrus
1013 3376 1272 3416 reversus
1302 3360 1557 3429 Romam,
1588 3381 1700 3420 non
1734 3367 1846 3422 illic
1876 3370 2079 3425 seden-

501 3450 697 3504 tariam
727 3452 891 3506 vitam
924 3455 1227 3525 transegit,
1259 3456 1356 3510 sed
1380 3459 1628 3527 gnaviter
1657 3467 1822 3531 atque
1848 3462 2078 3534 impigre

498 3540 639 3595 alias
670 3558 889 3613 quoque
918 3544 1072 3600 orbis
1097 3544 1329 3601 Romani
1355 3549 1667 3618 provincias
1690 3552 1989 3618 circumiit,
2014 3570 2079 3609 ac

500 3630 736 3710 denique
782 3634 836 3689 in
866 3634 1180 3695 Britannias
1209 3642 1539 3706 penetravit.
1570 3640 1705 3696 Dum
1740 3659 1870 3718 verp
1899 3645 2076 3710 abest,

502 3739 572 3778 ne
599 3722 770 3778 Roma
803 3726 925 3780 sine
953 3729 1128 3796 capite
1180 3730 1402 3784 interim
1454 3739 1660 3803 ageret,
1695 3732 1889 3793 Linum
1921 3737 1967 3768 ‘°
2001 3738 2077 3793 illi

500 3816 790 3871 constituit
818 3819 1163 3889 episcOpum,
1194 3822 1481 3879 consulatu
1565 3822 1801 3880 Neronis
1834 3840 1887 3881 et
1917 3826 2053 3885 Vete

504 3906 609 3972 ris,
643 3922 787 3963 anno
818 3918 1009 3965 nostro
1029 3912 1116 3966 55.
1144 3911 1194 3966 ls
1221 3928 1350 3968 vero
1382 3914 1522 3969 sedit
1548 3930 1723 3971 annos
1746 3916 1813 3971 12
1834 3918 2082 3988 (inchoa-

504 4005 591 4051 tos
614 3997 969 4072 interpretor)
1000 4004 1103 4057 hoc
1125 4010 1232 4068 est,
1259 4004 1512 4059 undecim
1531 4014 1758 4061 exactos
1780 4022 1908 4062 cum
1928 4024 2081 4065 men-

505 4086 658 4141 sibus
687 4097 943 4159 quatuor,
979 4092 1175 4146 diebus
1203 4093 1517 4159 duodecim,
1548 4096 1827 4165 quolidem
1863 4114 2083 4155 menses

503 4192 565 4233 ar
627 4180 744 4235 dies
800 4183 1025 4253 habent,
1064 4185 1401 4240 membrana:
1464 4186 1845 4247 Bucberiante.
1909 4190 2082 4247 Desiit

502 4288 638 4343 ergo
666 4274 849 4330 vivere
876 4290 1021 4350 anno
1046 4286 1237 4331 nostro
1266 4277 1356 4345 66,
1381 4282 1629 4344 omnino,
1662 4282 1879 4339 vivente
1902 4282 2082 4339 adhuc

507 4361 703 4433 Petro;
728 4366 875 4437 quod
899 4367 1175 4423 luculente
1198 4372 1489 4426 conﬁrmat
1510 4373 1747 4444 scriptor
1776 4391 2082 4447 anonymus

510 4457 585 4511 De
619 4459 1014 4523 certaminibus,
1070 4464 1601 4533 peregrinationibus,
1654 4466 1763 4521 vita
1816 4478 1868 4522 et
1919 4477 2082 4523 morte

2169 1996 2351 2042 natam
2372 1987 2608 2040 animam
2635 1986 2690 2038 in
2733 1984 2831 2039 Dei
2864 2000 3054 2039 manus
3100 1984 3308 2039 obtulit.
3359 1982 3597 2038 Clemens
3625 1998 3746 2037 vero

2164 2078 2452 2147 discipulus
2504 2077 2620 2146 ejus
2670 2085 2720 2131 et
2773 2078 3047 2146 episcopus
3078 2079 3369 2145 pretiosum
3394 2075 3508 2145 ejus
3552 2090 3745 2146 corpus

2171 2169 2451 2240 magniﬁce
2477 2168 2532 2223 in
2555 2170 2668 2222 loco
2698 2168 2899 2221 illustri
2929 2167 3225 2223 tumulavit.

2242 2261 2379 2315 Ecce
2402 2268 2482 2325 ut,
2520 2260 2736 2314 vivente
2773 2259 2953 2314 adhuc
2982 2258 3165 2322 Petro,
3201 2257 3371 2313 Linus
3402 2257 3601 2313 sederit
3629 2258 3751 2331 epi-

2170 2366 2370 2421 scopus
2417 2366 2578 2421 quem
2615 2357 2903 2420 propterea
2953 2349 3406 2419 chorepiscopum
3449 2348 3725 2405 Marianus

2170 2445 2373 2515 aliique
2412 2445 2778 2513 scripserunt,
2830 2443 2973 2497 inter
3018 2458 3158 2512 quos
3200 2442 3309 2498 Leo
3355 2440 3420 2506 ll,
3453 2457 3745 2497 successor

2170 2534 2513 2605 Agathonis:
2563 2532 2778 2597 Petrus,
2840 2534 3039 2604 inquit,
3097 2533 3367 2603 adjutores
3418 2533 3516 2587 sibi
3558 2535 3751 2588 accivit

2174 2631 2365 2685 Linum
2413 2638 2463 2684 et
2509 2629 2753 2691 Cletunt;
2783 2647 2888 2683 non
2933 2640 3112 2685 tamen
3154 2632 3412 2699 pontiﬁcii
3441 2640 3751 2700 potestatem

2162 2725 2243 2779 eis
2270 2723 2515 2785 tradidit,
2558 2723 2647 2778 sed
2681 2722 2961 2779 Clementi.
3000 2721 3135 2777 Tam
3167 2731 3377 2777 certum
3411 2739 3624 2793 semper
3646 2724 3753 2782 luit

2174 2830 2279 2870 una
2308 2830 2431 2871 cum
2462 2815 2624 2872 Petro
2649 2815 2843 2868 Linum
2877 2815 3161 2884 praefuisse
3187 2814 3436 2870 ﬁdelibus
3463 2813 3748 2881 Romanis,

2171 2918 2225 2964 et.
2255 2910 2323 2964 ab
2353 2909 2543 2964 eodem
2568 2907 2729 2963 Petro
2751 2906 3015 2961 traditum
3047 2907 3424 2977 pontiﬁcatum
3455 2907 3750 2965 Clementi.

2176 2998 2267 3055 Sic
2296 3015 2428 3070 ergo
2458 2998 2719 3070 liquidior
2755 2997 2950 3067 incipit
2995 2996 3165 3053 ﬂuere
3214 2997 3330 3052 haec
3361 2996 3747 3068 Cbronologia,

2173 3094 2228 3149 iu
2252 3092 2400 3147 hunc
2422 3091 2644 3146 modum
2680 3109 2693 3144 :

2099 3217 2141 3274 ο
2243 3184 2401 3237 Anno
2432 3191 2621 3238 nostro
2675 3182 2745 3237 66
2792 3181 2961 3236 Linus
3008 3189 3344 3251 postremum
3390 3181 3548 3246 vixit,
3602 3195 3755 3234 mor-

2178 3284 2309 3332 tuus
2339 3276 2597 3347 vigesima
2650 3276 2808 3329 tertia
2859 3273 3217 3343 Septembris,
3272 3288 3418 3327 anno
3458 3272 3526 3326 12
3578 3271 3753 3326 Nero-

2177 3368 2286 3434 nis,
2315 3384 2425 3438 quo
2453 3364 2650 3422 Petrus
2680 3382 2745 3421 ex
2776 3365 3060 3418 Britannia
3090 3380 3348 3420 reversus
3396 3363 3620 3419 Romam
3658 3361 3754 3417 Li-

2178 3475 2308 3515 num
2335 3458 2542 3514 invenit
2564 3457 2678 3528 jam
2731 3465 3030 3512 mortuum.
3084 3454 3203 3525 Ipse
3233 3471 3378 3522 mox,
3406 3472 3527 3509 cum
3552 3454 3748 3521 Paulo,

2179 3552 2461 3621 conjectus
2484 3559 2570 3607 est
2600 3550 2655 3605 in
2686 3564 2965 3605 carcerem
2991 3547 3396 3610 Mamertinum,
3430 3548 3489 3603 in
3517 3563 3626 3618 quo
3649 3547 3738 3602 de.

2181 3644 2311 3700 tenti
2345 3643 2567 3699 luerunt
2612 3656 2831 3698 menses
2879 3648 3027 3707 octo,
3073 3655 3248 3712 usque
3279 3640 3348 3695 ad
3391 3641 3552 3695 ﬁnem
3597 3636 3752 3694 Junii

2179 3735 2483 3806 sequentis.

2250 3827 2409 3882 Anno
2436 3834 2627 3882 nostro
2672 3825 2762 3891 67,
2809 3825 3006 3882 Petrus
3043 3826 3098 3881 in
3147 3840 3370 3881 carcere
3417 3829 3752 3881 constitutus

2178 3918 2453 3990 persuasit
2478 3916 2769 3982 Clementi,
2797 3925 2856 3972 ut
2876 3918 3257 3988 episcOpatum
3289 3917 3451 3972 vellet
3472 3916 3754 3986 suscipere

2179 4020 2237 4068 et
2262 4010 2400 4066 Lino
2438 4008 2753 4065 succedere.
2788 4007 2839 4063 ls
2888 4018 3020 4077 ergo
3065 4025 3133 4064 ex
3164 4007 3328 4077 hujus
3358 4009 3485 4062 anni
3530 4008 3753 4064 circiter

2180 4101 2446 4158 Pascbate
2476 4101 2618 4158 sedit
2642 4115 2816 4155 annos
2846 4100 2901 4165 9,
2935 4115 3155 4155 menses
3184 4100 3272 4163 ll,
3302 4100 3424 4154 dies
3448 4097 3535 4163 12,
3571 4107 3627 4154 ut
3654 4101 3755 4154 ha-

2181 4196 2271 4250 bet
2309 4191 2620 4255 lndiculus,
2649 4191 2804 4261 juxta
2844 4206 3004 4261 quem
3041 4191 3206 4246 occisi
3254 4189 3398 4245 Petri
3452 4191 3751 4261 pretiosum

2181 4301 2384 4356 corpus
2414 4285 2697 4357 magniﬁce
2729 4283 3002 4355 sepelivit,
3030 4283 3233 4355 insigni
3267 4282 3322 4337 in
3354 4284 3495 4348 loco,
3524 4293 3584 4337 ut
3610 4282 3753 4338 vidi-

2182 4393 2326 4433 mus.

2251 4466 2411 4520 Anno
2478 4478 2610 4533 ergo
2641 4462 2729 4526 77,
2771 4477 2896 4517 cum
2954 4459 3140 4516 Romae
3190 4461 3334 4517 inter
3388 4461 3577 4517 ﬁdeles
3631 4469 3751 4517 orta

508 4547 655 4604 Petri
683 4560 732 4604 et
764 4550 960 4615 Pauli;
991 4568 1149 4622 quem
1176 4554 1488 4611 Arundellze
1511 4558 1726 4614 comitis
1759 4557 2078 4616 Sacellanus
2112 4578 2156 4636 ι)
2182 4565 2331 4614 esset
2368 4556 2569 4627 (qualis
2600 4562 2789 4626 postea
2819 4552 3092 4624 Corinthi)
3130 4568 3325 4622 magna
3356 4554 3627 4609 dissensio
3657 4570 3753 4609 su-

509 4641 792 4712 (Pertwus)
820 4659 851 4699 e
893 4642 1099 4700 Graecia
1138 4663 1327 4703 secum
1360 4649 1582 4705 advexit
1611 4650 1665 4703 in
1699 4649 1971 4719 Angliam,
2011 4668 2079 4707 ex

507 4748 618 4800 quo
668 4731 938 4791 Patricius
978 4735 1175 4792 Junius
1217 4740 1485 4797 illustrem
1534 4741 1681 4796 hunc
1713 4742 1891 4798 locum
1924 4743 2079 4810 citat,

507 4824 696 4881 Graece
718 4828 957 4897 quidem.
977 4830 1070 4885 sed
1090 4847 1249 4900 quem
1272 4848 1374 4903 ego
1402 4842 1482 4888 sic
1503 4833 1693 4889 Latine
1714 4844 2079 4904 repraesento:

508 4916 753 4973 Moratus
788 4919 975 4975 Petrus
1006 4923 1061 4975 in
1084 4922 1367 4978 Britannia
1400 4925 1511 4980 dies
1540 4927 1766 4993 aliquot,
1793 4943 1913 4980 cum
1944 4926 2082 4980 ntul-

509 5020 587 5066 tos
612 5011 966 5067 illuminasset
996 5012 1147 5066 verbo
1176 5015 1382 5083 gratiae,
1406 5016 1752 5089 ecclesiasque
1777 5018 2083 5072 constituis-

508 5108 606 5164 set,
671 5111 947 5172 postquam
984 5104 1251 5172 episcopos
1300 5122 1500 5175 quoque
1540 5117 1590 5162 et
1641 5109 1971 5179 presbyteros
2020 5125 2085 5162 ac

509 5189 759 5247 diaconos
808 5195 1126 5260 ordinasset,
1174 5197 1432 5264 impositis
1482 5201 1723 5256 manibus
1771 5201 2084 5256 duodecimo

515 5283 743 5341 Neronis
774 5305 912 5344 anno
944 5291 1014 5361 (is
1047 5291 1149 5347 fuit
1176 5302 1364 5349 noster
1393 5294 1483 5357 66,
1510 5277 1634 5365 jam.
1662 5293 1962 5357 indicatus)
1985 5295 2083 5348 ite-

512 5390 631 5430 rum
660 5376 881 5432 Romam
914 5380 1110 5445 rediit;
1142 5384 1231 5438 ubi
1275 5382 1462 5439 Linum
1485 5385 1605 5454 jam
1644 5392 1909 5437 mortuum
1949 5383 2090 5437 inec-

2182 4666 2278 4721 per
2301 4650 2508 4705 honore
2558 4647 2953 4718 pontiﬁcatus,
3004 4661 3073 4700 ne
3103 4645 3259 4715 quasi
3311 4661 3377 4708 ex
3425 4652 3753 4701 testamento

2182 4740 2330 4797 Petri
2369 4741 2708 4798 successisse
2739 4739 3016 4794 videretur
3037 4738 3310 4801 Clemens,
3338 4752 3403 4792 ac
3426 4753 3495 4792 ne
3516 4739 3752 4807 posteris

2183 4836 2299 4890 haec
2326 4834 2667 4905 principatus
2692 4830 2919 4885 ambitio
2950 4829 3238 4899 perniciosi
3263 4830 3493 4898 exempli
3522 4829 3754 4885 habere-

2182 4935 2294 4991 tur,
2326 4926 2474 4979 ultro
2499 4939 2560 4979 se
2603 4920 2923 4992 pontiﬁcatu
2954 4917 3248 4983 abdicavit,
3293 4934 3427 4973 usus
3475 4918 3598 4975 istis
3636 4935 3754 4974 ver-

2184 5020 2290 5080 bis.
2339 5031 2462 5088 qua:
2519 5015 2575 5068 in
2629 5015 2799 5068 altera
2849 5011 3079 5081 epistola
3123 5010 3423 5065 Corinthiis
3465 5014 3752 5082 proposuit

2178 5108 2440 5164 imitanda
2475 5127 2487 5161 :
2524 5104 2584 5161 Si
2615 5114 2824 5173 propter
2857 5119 2935 5157 me
2966 5101 3176 5165 seditio,
3232 5104 3496 5157 contentio
3523 5114 3575 5156 et
3606 5106 3751 5159 schi-

2179 5212 2357 5256 smata
2379 5210 2497 5255 orta
2522 5207 2668 5259 sunt,
2687 5180 2976 5265 emigrabo,
3011 5194 3165 5247 abibo
3189 5211 3491 5265 quocunque
3522 5196 3752 5249 volneri-

2180 5296 2270 5348 tis.
2300 5291 2659 5363 Epiphanius,
2692 5288 2747 5342 in
2775 5287 2969 5341 haeresi
2999 5286 3579 5355 Carpocratianorum,
3608 5288 3750 5342 hanc

2180 5383 2480 5440 Clementis
2504 5380 2907 5438 abdicationem
2949 5378 3053 5433 hoc
3095 5377 3514 5448 epiphonemate
3567 5378 3749 5434 innuit

587 5622 633 5653 “
657 5618 863 5701 Cletnm
890 5624 1410 5701 additpamasusin
1438 5626 1610 5701 Gestjs
1633 5632 1942 5701 pontiﬁcum
1970 5629 2230 5687 mssﬂoc
2250 5630 2396 5687 enim
2427 5630 2481 5687 in
2508 5632 2671 5688 editis
2689 5646 2797 5687 non
2828 5634 3122 5701 comparet.
3161 5625 3251 5683 Sic
3277 5629 3439 5701 etiam
3468 5628 3747 5686 Marianus

520 5688 745 5770 Scottis.»
820 5696 861 5770 ξ’
883 5693 1014 5770 Quae
1036 5697 1302 5770 Clementi
1327 5697 1525 5770 dixerit
1550 5688 1911 5763 Petrus,l:um
1942 5717 2064 5757 eum
2083 5703 2446 5763 consecravit.
2483 5718 2548 5758 ex
2577 5701 2871 5758 Anastasio
2899 5688 3001 5754 ms.
3036 5698 3181 5768 leges
3217 5700 3357 5770 apud
3391 5698 3749 5761 Salmasiun';
3775 5716 3806 5751 ·.

523 5762 575 5815 in
607 5762 994 5819 Eucharistico.
1025 5764 1141 5819 Jac.
1178 5764 1491 5821 Sirmondo.

525 5832 612 5900 ll,
650 5834 734 5890 15.
816 5835 859 5867 ¹⁹
883 5834 1270 5893 Thcodorctuui
1324 5838 1440 5893 vide
1458 5832 1593 5907 Πέρὶ
1621 5836 1869 5907 ἀγάπης,

1530 5785 1580 5838 p.
1618 5770 1742 5840 664,
1776 5772 1900 5828 litec
1921 5773 2064 5829 enim
2090 5773 2158 5829 ab
2188 5773 2462 5829 Anastasii
2492 5773 2795 5831 editoribus
2824 5776 3095 5840 expuncta
3126 5778 3271 5824 sunt.

3366 5770 3413 5802 "
3445 5770 3602 5828 Rom.
3627 5784 3740 5834 xvr,
