4070 6340
334 271 400 331 65
702 304 706 307 η
1548 273 1889 331 ΡΒΟαΞΜΙΑ
1933 273 2289 331 γλιὶιοηωι
2301 320 2314 333 .
3485 284 3555 339 66

329 386 684 443 conclusam:
718 383 931 452 Secede,
963 389 1113 453 abeo,
1160 386 1284 443 bene
1325 386 1634 442 stabiliatur
1661 388 1884 455 populus
1913 390 1959 445 A
1988 397 2160 441 strum
2203 388 2306 443 119
2332 428 2346 449 ,
2379 357 2636 445 -Ᾰὰι-ἰθηο
2687 404 2745 442 lll
2823 397 2875 445 et
2931 388 3157 449 Rustico
3214 392 3557 458 consulibus.

326 479 453 543 Dei;
474 478 705 542 addens,
729 494 792 535 se
823 480 875 534 id
907 480 961 533 in
989 478 1404 534 commentariis
1433 479 1764 548 quibusdam
1806 479 1886 533 sic

331 572 629 628 invenisse.
655 571 1011 626 Abdicaverit
1038 587 1169 642 ergo
1197 572 1286 627 die
1336 572 1403 625 η
1432 570 1735 634 Februarii,
1763 585 1885 640 quae

327 670 459 717 tunc
497 660 601 715 fuit
650 660 786 715 feria
818 672 1009 731 quarta
1050 662 1328 718 Cinerum.
1362 660 1436 717 Ita
1484 669 1607 732 post
1656 671 1889 731 quatuor

328 754 445 810 dies
466 752 679 817 Cletus,
710 762 764 809 et
790 770 848 810 re
876 764 930 809 et
960 754 1179 809 nomine
1204 755 1432 823 electus,
1482 754 1675 811 sedere
1723 756 1889 826 coepit

326 862 391 901 ex
422 846 509 901 die
537 846 603 900 16
634 834 935 908 ιδ’(ξὺτιιπίἱ,
969 844 1245 899 Dominica
1280 846 1393 911 ipsa
1416 846 1885 916 Quadragesimm,

325 939 607 1009 tenuitque
632 938 1026 1008 pontillcatum,
1062 936 1187 990 vivo
1213 936 1514 1000 Clemente,
1558 938 1716 991 annis
1765 952 1883 1001 sex,

324 1032 609 1086 mensibus
658 1029 893 1091 duobus,
929 1027 1120 1083 diebus
1172 1027 1385 1092 decem,
1427 1043 1567 1099 quos
1604 1027 1885 1084 lndiculus

321 1130 682 1193 repraesentat
740 1128 954 1177 exserte
984 1138 998 1177 :
1026 1118 1066 1172 Α
1107 1124 1407 1185 consulatu,
1436 1119 1632 1189 inquit,
1688 1119 1885 1190 Vespa-

319 1213 464 1268 siani
536 1227 629 1265 vni
666 1221 715 1266 et
736 1212 1027 1265 Domitiani
1072 1227 1132 1273 v,
1166 1211 1260 1280 qui
1285 1216 1369 1266 est
1410 1224 1587 1266 annus
1615 1211 1747 1264 mihi
1770 1211 1885 1281 jam

320 1310 599 1365 indicatus
632 1308 720 1371 77,
753 1306 1093 1378 planissime.

392 1398 554 1453 Anno
608 1398 772 1469 igitur
806 1404 995 1451 nostro
1035 1396 1126 1459 85,
1182 1392 1489 1448 Domitiano
1532 1409 1587 1447 Ix
1644 1400 1699 1447 et
1741 1389 1886 1446 Rufo

317 1491 664 1553 consulibus,
693 1489 886 1543 obierit
914 1486 1122 1550 Cletns,
1151 1487 1239 1540 die
1284 1484 1354 1538 26
1376 1484 1597 1554 Aprilis,
1624 1491 1680 1538 ut
1700 1491 1782 1539 est
1830 1485 1882 1538 in

317 1579 726 1650 Hemerologio,
779 1578 1122 1632 intervallum
1167 1576 1299 1630 illud
1337 1592 1366 1629 a
1400 1575 1678 1629 creatione
1715 1574 1882 1636 illius,

1989 481 2210 549 quando
2241 480 2309 535 ad
2336 481 2477 535 diem
2516 483 2728 535 tertiam
2760 481 2884 536 Maii
2916 483 3137 539 occisus
3160 492 3267 552 est,
3300 492 3355 539 et
3402 502 3559 541 vaca-

1985 571 2063 624 vit
2110 571 2268 626 sedes
2308 572 2501 626 diebus
2552 572 2645 637 ΞΒ,
2679 589 2852 643 usque
2878 575 2943 628 ad
2988 576 3300 630 vicesimam
3356 591 3556 631 nonam

1993 660 2121 715 Maii
2152 661 2512 725 Dominicam,
2544 678 2651 733 qua
2680 666 2947 718 successit
2978 664 3204 735 Xystus.
3234 664 3363 721 Post
3393 683 3554 738 quem

1987 767 2130 807 anno
2163 753 2265 809 128
2299 752 2688 825 Telesphorus,
2723 753 2825 809 158
2858 754 3117 827 llyginns,
3146 757 3247 811 M2
3280 758 3429 821 Pius,
3455 758 3558 816 sub

1985 859 2094 913 quo
2125 844 2363 899 Marcion
2395 846 2683 901 haereticus
2714 858 2938 902 exortus
2962 858 3066 911 est,
3097 851 3255 905 annis
3301 851 3405 906 115
3435 858 3559 922 post

1986 934 2124 989 duos
2148 936 2400 1005 geminos
2445 938 2723 1002 consules,
2758 937 2861 992 hoc
2890 946 2995 1004 est,
3036 954 3180 995 anno
3210 949 3399 997 nostro
3429 925 3554 1008 113,

1986 1028 2215 1083 docente
2244 1028 2349 1084 hoc
2375 1027 2730 1085 Tertulliano.

2058 1116 2149 1174 Sic
2181 1135 2309 1189 ergo
2340 1122 2639 1190 specimine
2669 1122 2864 1175 saltem
2897 1123 3124 1192 przehito
3179 1124 3553 1188 restituendas,

1986 1208 2130 1278 quod
2154 1210 2471 1278 pollicebar,
2517 1210 2884 1281 chronologiae
2910 1213 3222 1282 pontiﬁcize,
3256 1214 3557 1270 intellecto-

1985 1313 2093 1367 que
2144 1308 2408 1369 tempore,
2472 1316 2582 1370 quo
2640 1302 3012 1371 episcopatum
3062 1304 3233 1375 gessit
3276 1303 3553 1372 Clemens,

1984 1407 2201 1461 quoque
2229 1400 2351 1462 post
2390 1392 2697 1446 abdicatum
2732 1393 3107 1463 pontiﬁcatum
3150 1394 3368 1449 tandem
3407 1397 3526 1451 oeci

1986 1499 2083 1539 sus
2112 1491 2219 1546 est,
2268 1484 2553 1539 videamus
2584 1500 2729 1538 nunc
2762 1492 2815 1539 et
2845 1484 2913 1539 de
2944 1500 3072 1539 vero
3104 1486 3459 1556 epistolarum
3490 1489 3531 1542 il

1987 1578 2094 1632 lius
2119 1587 2380 1647 tempore,
2415 1576 2575 1632 istius
2610 1578 2846 1632 maxime
2872 1577 2918 1610 ³ο
2948 1593 3109 1648 quam
3156 1576 3302 1635 nunc
3334 1581 3549 1637 damus.

315 1672 390 1725 ad
441 1684 678 1739 unguem
731 1667 1112 1723 conﬁrmante.
1166 1665 1404 1720 Vacasse
1450 1664 1686 1719 traditur
1726 1662 1884 1718 sedes
1918 1735 1949 1740 _
1985 1667 2119 1721 Nam
2163 1667 2252 1719 illa
2287 1668 2550 1737 praeclara
2595 1667 2959 1738 omnibusque
3008 1671 3248 1740 antiquis
3301 1670 3553 1726 Patribus

314 1735 630 1813 diebus-{5.
680 1755 821 1820 Ergo
846 1772 913 1812 ex
945 1756 1032 1810 die
1085 1755 1377 1810 undecima
1411 1754 1558 1818 Maii,
1603 1768 1724 1824 qua:
1752 1761 1882 1806 tunc
1916 1735 1957 1789 Β
1987 1758 2223 1825 laudata,
2256 1735 2310 1812 et
2346 1757 2398 1811 in
2436 1756 2719 1820 Ecclesiis,
2771 1735 2945 1812 instar
2985 1735 3431 1829 apostolicarum,
3473 1778 3554 1818 re-

316 1853 419 1907 l'uit
478 1851 822 1917 Pentecoste,
868 1866 1084 1905 rursum
1143 1851 1350 1905 electus
1404 1849 1697 1904 Anacletus
1745 1846 1885 1901 sedit

314 1960 491 1999 annos
522 1944 612 2006 12,
635 1958 852 1998 menses
875 1942 910 1995 2
941 1941 1073 2012 (non
1120 1941 1207 2010 l0)
1232 1941 1352 1996 dies
1375 1942 1429 2005 5,
1457 1956 1631 2010 usque
1672 1939 1740 1993 ad
1789 1955 1885 1993 an-

312 2052 445 2091 num
474 2044 723 2089 nostrum
772 2033 863 2097 95,
914 2032 1168 2101 diemque
1215 2030 1594 2101 llemerologio
1640 2030 1881 2100 agnitum

312 2128 586 2182 decimum
639 2125 861 2178 tertium
890 2121 1039 2184 Julii,
1075 2121 1384 2176 Domitiano
1440 2136 1549 2176 xvn
1600 2126 1655 2175 et
1700 2118 1883 2173 Flavio

314 2217 594 2272 Clemente
622 2215 959 2277 consulibus,
985 2228 1125 2283 quos
1149 2214 1314 2268 etiam
1368 2211 1621 2282 agnoscit
1664 2209 1883 2266 lndicu-

316 2310 429 2370 lus,
462 2310 593 2362 mira
622 2308 677 2361 in
700 2307 788 2361 his
810 2306 1117 2360 constantia
1155 2311 1209 2359 et
1229 2304 1341 2358 veri
1368 2302 1490 2360 ﬁde.

390 2400 519 2454 Erat
547 2399 633 2453 hic
665 2413 845 2452 annus
879 2395 1174 2450 Domitiani
1223 2395 1445 2467 tyranni
1496 2395 1584 2459 14,
1623 2408 1733 2465 quo
1760 2409 1882 2464 per-

310 2494 651 2549 secutionem
681 2488 967 2545 suscitavit
996 2488 1052 2541 in
1081 2487 1443 2551 Christianos,
1467 2487 1627 2555 cujus
1656 2502 1880 2543 causam

307 2584 590 2647 Clemens,
619 2583 673 2636 in
715 2580 952 2651 Epistula
978 2580 1067 2632 illa
1102 2578 1374 2633 luculenta
1423 2577 1607 2649 (quam
1654 2594 1720 2632 ex
1759 2593 1882 2647 per-

306 2691 445 2734 soua
486 2691 598 2729 non
650 2689 769 2740 sua,
824 2671 920 2728 sed
952 2670 1211 2726 Ecclesia:
1264 2670 1521 2725 Romanae
1562 2669 1780 2740 scripsit
1812 2669 1879 2723 ad

308 2768 628 2825 Corinthios
650 2765 908 2819 adversus
935 2763 1247 2833 episcopum
1267 2777 1425 2816 suum
1449 2761 1759 2831 seditiosos)
1796 2774 1881 2815 re-

309 2859 419 2915 fert
446 2858 515 2912 ad
546 2856 780 2912 dissidia
814 2854 905 2909 illa
934 2854 1399 2916 Christianorum,
1426 2852 1686 2907 adversus
1716 2867 1774 2907 se
1803 2852 1882 2906 in-

308 2952 485 3005 vicem
508 2948 985 3019 consurgentium;
1017 2948 1178 3017 quale
1202 2946 1333 3017 quid
1357 2946 1519 3001 etiam
1576 2945 1763 3000 Romae
1794 2944 1876 2999 l'a-

308 3052 459 3098 ctum
492 3041 669 3095 innuit
694 3058 709 3106 ;
736 3055 893 3094 suum
923 3040 1095 3108 ipsius
1125 3047 1399 3094 certamen
1431 3044 1556 3092 ante
1584 3053 1759 3119 annos
1781 3052 1874 3093 oc-
1906 3065 1948 3123 ο

309 3134 548 3189 todecim
582 3132 743 3186 tacite
767 3132 1025 3184 innuens.

381 3218 609 3273 Interim
648 3226 850 3282 autem,
901 3218 1015 3271 sive
1044 3218 1231 3272 occiso
1278 3217 1390 3287 jam
1431 3217 1715 3280 Anacleto,
1764 3220 1879 3275 sive

309 3317 564 3388 conjecto
596 3316 649 3370 in
680 3314 924 3377 vincula,
961 3314 1241 3369 Evaristus
1302 3329 1591 3369 successor
1635 3314 1883 3386 designa-

309 3420 403 3465 tus
432 3416 542 3471 est,
572 3406 659 3462 cui
690 3406 1018 3461 membrana:
1052 3406 1296 3459 tribuunt
1328 3419 1502 3459 annos
1527 3404 1615 3470 15,
1660 3420 1879 3461 menses

315 3501 367 3567 7,
398 3500 521 3554 dies
544 3498 602 3565 2,
646 3512 820 3567 usque
845 3497 910 3551 ad
942 3494 1153 3551 Gallum
1202 3502 1257 3550 et
1305 3496 1595 3554 Braduam,
1627 3496 1880 3551 consules

311 3595 443 3649 anni
470 3593 647 3647 nostri
678 3591 800 3654 108,
827 3597 885 3643 ut
910 3589 1132 3643 omnino
1158 3588 1464 3657 cmperitex
1492 3601 1636 3640 anno
1659 3586 1877 3654 illojam

308 3684 461 3738 dicto
488 3683 579 3738 95.
612 3680 748 3747 Quia
778 3694 908 3735 vero
938 3678 1189 3735 Clemens
1228 3676 1342 3747 jam
1374 3675 1688 3745 decrepitus
1730 3675 1877 3730 obie-

312 3785 399 3830 rat
445 3788 617 3837 anno,
672 3774 817 3828 sicut
839 3771 1099 3835 diximus,
1150 3778 1341 3825 nostro
1373 3767 1494 3830 100.
1528 3768 1616 3823 die
1653 3767 1731 3822 25
1772 3765 1879 3823 No-

310 3866 585 3931 vembris;
619 3880 795 3936 neque
828 3878 977 3918 mors
1008 3862 1130 3931 ejus
1183 3876 1251 3917 ex
1276 3858 1451 3915 Ponto
1480 3858 1707 3915 Romam
1756 3875 1879 3929 per-

313 3958 451 4014 ferri
482 3958 675 4028 potuit,
700 3955 808 4010 nisi
831 3961 954 4025 post
975 3954 1093 4009 dies
1123 3955 1313 4009 saltem
1344 3952 1593 4023 triginta,
1648 3952 1775 4007 hinc
1800 3951 1877 4006 fac

312 4058 467 4104 ctum
498 4055 581 4103 est
628 4054 688 4101 ut
712 4046 932 4107 abinde,
990 4052 1275 4099 numerato
1300 4043 1470 4098 altero
1507 4044 1652 4098 velut
1698 4042 1874 4108 initio,

312 4138 601 4194 Evaristus
647 4137 860 4192 sedisse
908 4135 1181 4190 scribatur
1204 4150 1377 4190 annos
1427 4134 1476 4200 7,
1525 4149 1740 4189 menses
1786 4135 1874 4201 l0,

314 4235 432 4291 dies
457 4234 517 4296 2,
563 4247 736 4302 usque
760 4230 826 4284 ad
856 4230 996 4285 diem
1031 4228 1344 4284 vicesimam
1378 4234 1587 4282 sextam
1626 4225 1876 4282 Octobris

316 4325 444 4379 anni
470 4323 595 4385 108,
613 4331 782 4391 utque
806 4322 860 4374 in
884 4318 1087 4375 Graecis
1115 4319 1379 4389 legamus,
1405 4325 1529 4390 post
1556 4318 1874 4373 electionem

1984 1848 2142 1902 citari
2183 1848 2365 1909 solita,
2400 1863 2521 1917 qua:
2546 1846 2671 1900 data
2694 1855 2779 1902 est
2816 1849 2920 1902 sub
2967 1864 3200 1919 persona
3244 1868 3353 1907 non
3404 1854 3554 1908 abdi-

1983 1941 2089 1994 cati
2113 1939 2427 2003 Clementis,
2458 1938 2552 1993 sed
2585 1940 2765 2009 potius
2807 1938 3067 1995 Romanae
3108 1941 3366 1998 Ecclesia:
3405 1947 3552 2015 (post

1982 2031 2306 2085 Anacletum
2335 2031 2454 2085 sine
2480 2030 2741 2101 episcopo
2778 2032 3030 2103 degentis
3062 2034 3295 2106 scilicet)
3340 2037 3406 2090 ad
3449 2038 3553 2092 Ec-

1984 2123 2207 2179 clesiam
2255 2121 2621 2186 Corinthiam,
2672 2124 2806 2177 satis
2857 2124 2968 2192 jam
3016 2140 3170 2179 suam
3209 2128 3549 2184 occasionem

1983 2228 2295 2291 annumque
2324 2212 2606 2279 indicavit,
2642 2220 2893 2269 nostrum
2928 2214 3016 2275 95,
3068 2215 3311 2271 fervente
3362 2234 3550 2287 perse-

1981 2304 2199 2357 cutione
2232 2302 2523 2356 Domitiani
2570 2318 2732 2371 quam
2766 2304 3020 2365 maxime,
3072 2307 3374 2376 perscripta
3402 2326 3416 2374 ;
3451 2323 3550 2363 eo-

1981 2390 2104 2445 dem
2137 2390 2430 2445 admodum
2463 2392 2629 2461 stylo,
2659 2407 2767 2462 quo
2794 2392 2934 2447 idem
2972 2391 3249 2449 Romanus
3274 2397 3453 2451 clerus
3484 2400 3551 2453 ad

1980 2480 2312 2554 Cyprianum
2344 2485 2536 2539 utitur.
2568 2484 2639 2539 At
2685 2484 2973 2541 character
3002 2497 3205 2543 nostra;
3246 2490 3410 2557 hujus
3452 2492 3553 2546 ho-

1982 2575 2144 2628 milia:
2167 2575 2420 2640 similior,
2446 2590 2607 2645 quam
2640 2576 2901 2645 epistola}.
2930 2584 2981 2631 et
2999 2577 3066 2631 ab
3089 2579 3261 2632 altero
3289 2580 3549 2635 diversis-

1981 2668 2174 2733 simus,
2198 2668 2465 2737 privatum
2494 2668 2813 2737 scriptorem
2846 2669 3044 2738 arguit.
3077 2667 3312 2739 Tempus
3335 2687 3552 2743 quoque

1982 2759 2221 2813 insinuat
2251 2760 2684 2828 pacatissimum,
2714 2760 2879 2813 nullis
2910 2760 2967 2813 in
2999 2757 3303 2815 Ecclesiam
3336 2765 3551 2832 procel-

1980 2850 2049 2905 lis
2092 2851 2400 2917 turbidum;
2438 2859 2702 2923 tantoque
2755 2852 2929 2922 magis
2969 2852 3035 2906 ad
3068 2852 3391 2909 eharitatem
3430 2871 3552 2911 mu-

1980 2950 2129 2997 tuam
2182 2944 2578 3013 fovendamque
2617 2960 2802 3014 pacem
2842 2945 3197 2998 hortatoriam
3268 2946 3350 3001 Ad
3387 2964 3551 3018 quam

1982 3034 2332 3088 obtinendam
2362 3048 2471 3087 non
2499 3043 2748 3104 oporteat
2780 3036 3009 3091 inveniri
3038 3037 3312 3092 hominem
3358 3039 3403 3072 "
3457 3042 3549 3111 qui

1981 3142 2101 3181 eam
2142 3126 2423 3196 largiatur,
2461 3128 2556 3182 sed
2603 3126 2771 3183 Deum
2828 3129 3058 3185 scilicet.
3105 3129 3315 3197 Quibus
3368 3114 3567 3189 verbis

1980 3219 2064 3273 vel
2088 3234 2188 3289 ego
2216 3218 2391 3283 fallor,
2435 3221 2519 3274 vel
2550 3220 2796 3274 innuitur
2825 3219 3195 3291 Vespasianus
3227 3224 3547 3293 imperator,

1980 3310 2071 3378 qui
2098 3324 2241 3363 anno
2267 3318 2456 3364 nostro
2486 3309 2573 3369 75,
2616 3317 2774 3362 sexto
2804 3324 2904 3364 suo
2938 3311 3249 3374 consulatu,
3282 3313 3548 3381 templum

1979 3400 2137 3455 Pacis
2169 3399 2409 3455 [Eternm
2432 3399 2673 3453 omnium
2708 3406 2823 3453 toto
2852 3399 2984 3454 orbe
3008 3399 3437 3469 pulcherrimum
3455 3404 3551 3456 de-

1980 3492 2215 3558 dicavit;
2252 3498 2422 3547 semet
2451 3491 2773 3544 existimans
2826 3488 2983 3543 illum
3030 3490 3333 3559 principem
3372 3491 3547 3560 pacis,

1981 3590 2187 3654 patrem
2220 3581 2385 3636 futuri
2416 3580 2601 3635 saeculi
2630 3579 2977 3649 praenuntiati
3008 3578 3153 3647 apud
3201 3577 3424 3642 lsaiam,
3459 3595 3552 3634 cu-

1976 3675 2067 3744 jus
2091 3673 2302 3743 imperii
2333 3686 2441 3726 non
2475 3669 2615 3724 foret
2641 3669 2785 3725 linis.
2810 3667 2929 3723 Non
2950 3668 3096 3723 hunc
3111 3683 3244 3740 ergo
3266 3670 3551 3725 mortalem

1980 3765 2277 3829 hominem,
2318 3761 2413 3818 sed
2464 3761 2634 3817 Deum
2686 3761 2920 3815 inveniri
2954 3761 3153 3815 debere
3196 3768 3379 3815 monet
3425 3761 3552 3818 Cle-

1979 3871 2155 3917 mens,
2210 3853 2302 3926 qui
2366 3861 2626 3908 aeternam
2682 3866 2871 3922 pacem
2930 3853 3048 3906 suis
3095 3852 3394 3923 largiturus
3454 3854 3547 3908 sit.

1978 3948 2156 4002 Tanto
2183 3962 2313 4018 ergo
2342 3945 2582 4016 Epistula
2611 3945 2725 3999 haec
2755 3944 2907 4014 prior
2928 3944 3043 4007 illa,
3068 3958 3188 4013 qua:
3210 3952 3335 4013 post
3357 3943 3428 3998 20
3454 3945 3551 3999 de-

1979 4055 2127 4095 mum
2154 4053 2327 4093 annos
2351 4038 2519 4093 missa
2560 4036 2662 4091 fuit
2700 4036 3047 4092 Corinthum.
3084 4033 3251 4104 ldque
3303 4036 3552 4091 subindi-

1978 4137 2069 4184 cat
2098 4128 2239 4200 apud
2264 4128 2580 4193 Eusebium,
2606 4128 2701 4183 lib.
2734 4144 2809 4191 Iv,
2840 4142 2961 4198 cap.
2985 4126 3077 4191 25,
3118 4127 3409 4197 Dionysius
3444 4126 3548 4182 Co~

1979 4222 2302 4277 rinthiorum
2333 4221 2640 4291 episcOpus,
2665 4221 2718 4274 in
2736 4220 2969 4290 epistola
2992 4218 3169 4275 dicata
3197 4220 3371 4275 Soteri
3398 4234 3551 4289 papa:

1983 4316 2129 4369 circa
2161 4329 2365 4368 annum
2396 4320 2646 4368 nostrum
2677 4312 2802 4375 l6'l,
2842 4312 2896 4366 in
2940 4327 3048 4382 qua
3099 4309 3376 4367 Romanos
3413 4310 3549 4364 allo-

314 4414 551 4468 Evaristi
585 4411 879 4482 pontiﬁcis.
930 4413 1268 4466 successisse
1316 4409 1684 4464 Alexandrum
1734 4423 1877 4462 anno
1909 4397 1961 4451 Ι)-
1984 4408 2193 4477 quitur,
2229 4406 2316 4460 his
2344 4405 2527 4462 verbis
2566 4424 2580 4460 :
2617 4404 2789 4458 Hodie
2816 4403 3145 4459 Dominicam
3172 4420 3380 4457 sacram
3407 4401 3546 4456 diem

312 4504 381 4559 12
400 4502 643 4572 Trajani.

383 4596 697 4651 Alexander
743 4608 874 4665 ergo
897 4590 1088 4649 sedere
1130 4591 1297 4661 carpit
1341 4606 1405 4645 ex
1447 4605 1591 4645 anno
1638 4588 1743 4645 108
1765 4591 1878 4660 jam

317 4687 489 4750 dicto,
526 4687 778 4756 seditque
806 4700 981 4739 annos
1007 4682 1097 4745 10,
1130 4697 1349 4736 menses
1381 4682 1435 4745 5,
1475 4680 1594 4737 dies
1614 4682 1707 4738 21.
1730 4680 1877 4737 Con-

314 4780 491 4848 jectus
548 4781 601 4832 in
656 4791 928 4831 carcerem
975 4788 1119 4828 anno
1161 4781 1352 4827 nostro
1398 4773 1522 4839 116,
1560 4782 1750 4828 octavo
1792 4774 1876 4829 sui

318 4869 689 4940 pontiﬁcatus.
725 4865 943 4922 Eliano
972 4874 1027 4919 et
1052 4863 1247 4919 Vetere
1276 4864 1619 4928 consulibus,
1660 4865 1874 4920 vivente

319 4961 497 5016 adhuc
526 4960 788 5029 Trajano,
837 4966 897 5012 ut
940 4957 1142 5011 habent
1186 4955 1360 5022 Acta;
1405 4956 1459 5009 in
1508 4971 1621 5026 quo
1658 4971 1875 5011 carcere

319 5055 456 5108 duos
502 5068 680 5107 annos
702 5052 832 5122 egit,
878 5064 1051 5119 usque
1099 5047 1167 5102 ad
1205 5048 1423 5102 tertium
1478 5048 1725 5115 Adriani,
1774 5063 1875 5103 no—

390 5294 436 5328 ⁸⁶
458 5294 696 5364 lntellige
725 5294 1038 5350 secundam.

321 5362 362 5442 ἡ
402 5366 540 5439 πρὸς
566 5360 881 5438 Κοᾎινθιους
932 5363 1212 5439 Ῥωμαίων
1250 5360 1520 5434 ὲπιστὸλή.
1560 5428 1565 5441 ³

1983 4498 2293 4569 peregimus,
2323 4498 2379 4550 in
2402 4512 2507 4568 qua
2538 4497 2753 4566 legimus
2777 4505 3001 4549 vestram
3016 4494 3060 4525 ”
3075 4492 3371 4562 epistolam,
3388 4509 3547 4561 quam

1984 4606 2184 4660 semper
2222 4588 2291 4642 ad
2336 4598 2571 4643 nostram
2598 4588 2996 4665 instructionem
3025 4585 3250 4655 legemus
3270 4622 3287 4649 ,
3316 4585 3453 4638 sicut
3494 4593 3545 4638 et

1981 4686 2209 4751 priorem
2229 4680 2377 4736 nobis
2404 4698 2436 4733 α
2460 4678 2723 4735 Clemente
2746 4679 3017 4747 scriptam.
3038 4676 3112 4731 De
3138 4676 3334 4747 quibus
3365 4675 3549 4731 verbis

1983 4774 2129 4845 quod
2179 4773 2324 4828 volui
2362 4771 2617 4835 conﬁcio,
2657 4771 2957 4827 Clementis
3001 4770 3179 4840 ipsius
3228 4782 3352 4823 esse
3402 4767 3544 4822 hanc

1976 4865 2480 4936 epistolam;illam
2501 4879 2633 4919 vero
2657 4864 2908 4927 alteram,
2954 4878 3064 4917 non
3130 4872 3240 4916 tam
3282 4859 3546 4929 decrepiti

1975 4955 2297 5023 Clementis,
2329 4970 2495 5027 quam
2540 4956 2709 5012 etiam
2752 4953 2983 5010 Romani
3017 4954 3169 5009 cieri.

1118 5295 1160 5327 ³¹
1188 5293 1313 5349 Haec
1343 5293 1490 5362 legas
1549 5297 1686 5347 sect.
1716 5305 1793 5345 xi.
1866 5289 1910 5322 ”
1936 5287 2065 5356 Qum
2090 5287 2355 5345 Clementi
2412 5288 2803 5361 Alexandrino,
2834 5290 3033 5345 Strom.
3092 5287 3191 5346 lib.
3244 5303 3299 5357 v,
3332 5303 3389 5362 p.
3417 5286 3543 5353 786,
