4070 6340
541 249 607 301 67
1679 266 1769 320 AD
1809 265 1866 320 S.
1911 266 2332 326 CLEMENTEM
2377 273 2394 327 l
2437 273 2668 330 PAPAM
3728 297 3797 350 68

1977 514 2351 578 LECTORI.

616 681 891 735 Hactenus
929 675 1284 742 Vendelinus,
1327 678 1486 749 cujus
1533 680 1699 735 verba
1747 695 1811 734 ex
1885 681 2122 739 editione
2149 691 2197 747 Α
2227 687 2411 742 buisse
2441 687 2685 758 episcopi
2720 704 2940 746 nomine
2967 691 3158 756 scribi,
3192 693 3443 762 quamvis
3475 697 3795 770 episcopum

543 773 696 829 Pauli
721 771 1011 828 Colomesii
1037 770 1454 841 descripsimus.
1489 769 1756 826 Creten-um
1791 774 1884 842 qui
1918 787 2113 837 annos,

541 865 740 933 quibus
771 861 913 917 sedit
939 861 1214 924 Clemens,
1244 861 1415 916 multo
1445 863 1650 916 certius
1683 863 1886 917 rescire
1911 864 2112 930 avehit,

541 956 588 1009 is
620 954 776 1008 adeat
805 961 1021 1023 oportet
1050 951 1454 1008 eruditissimas
1491 953 1900 1009 Dissertationes
1946 955 2112 1010 Joan-

539 1048 626 1101 nis
653 1045 935 1101 Pearsonii
987 1054 1041 1099 et
1094 1045 1313 1101 Henrici
1347 1045 1629 1110 Dodwelli,
1676 1046 1740 1101 de
1787 1050 2111 1102 successione

536 1140 826 1208 primorum
852 1137 1104 1192 Romana’
1146 1139 1295 1192 urbis
1321 1139 1714 1206 episcoporum;
1756 1140 1848 1209 qui
1888 1140 1987 1193 viri
2035 1150 2112 1194 to-

515 1241 647 1291 tam
677 1231 1087 1301 chronologiam
1118 1231 1452 1300 pontiﬁciam
1482 1232 1716 1286 feliciter
1738 1231 2107 1298 illustrarunt,

535 1321 787 1392 quamvis
817 1337 914 1391 per
935 1321 1118 1376 omnia
1144 1337 1254 1376 non
1291 1323 1660 1377 consentiant.

605 1409 932 1466 Pcarsonius
957 1413 1074 1467 vult
1103 1411 1436 1468 Clementem
1469 1414 1683 1468 sedisse
1725 1413 1797 1470 ab
1844 1429 1989 1469 anno
2040 1413 2108 1469 69

533 1510 600 1564 ad
631 1512 720 1568 85.
767 1509 1066 1566 Dodwellus
1088 1527 1219 1567 vero
1251 1513 1320 1566 ab
1364 1528 1509 1567 anno
1557 1511 1646 1578 64,
1689 1514 1774 1568 vel
1821 1513 1890 1568 65
1920 1514 1984 1567 ad
2015 1513 2104 1567 81.

530 1603 630 1659 Hic
651 1605 813 1660 etiam
844 1621 966 1676 cap.
1017 1605 1073 1658 Η
1112 1605 1249 1660 Diss.
1281 1603 1346 1659 de
1367 1621 1593 1658 success.
1624 1606 1928 1674 pontiﬁcum
1954 1604 2105 1661 Rom.

528 1699 809 1753 contendit
832 1698 1097 1754 incertum
1119 1712 1262 1762 esse,
1289 1713 1356 1750 an
1381 1695 1612 1765 epistola
1634 1695 1932 1753 Clementis
1957 1699 2110 1768 prior

528 1789 599 1844 ab
637 1804 704 1844 eo
738 1789 851 1860 jam
900 1790 1160 1862 episcopo
1190 1789 1396 1858 scripta
1435 1788 1548 1853 sit;
1587 1796 1642 1842 at
1672 1798 1820 1845 certe
1846 1805 1956 1846 non
2008 1789 2096 1847 de-

2218 777 2332 848 jam
2364 778 2697 834 Clementem
2732 780 2899 837 fuisse
2925 783 3117 838 testari
3141 783 3430 840 videantur
3452 785 3795 862 Hegesippus

2221 877 2385 937 atque
2415 868 2672 928 lrenaeus.
2705 872 2877 944 Digna
2908 881 3035 927 sunt
3065 875 3208 928 lectu
3241 892 3362 946 quae
3395 878 3534 933 hanc
3575 881 3630 936 in
3675 899 3795 940 rem

2219 961 2402 1025 habet,
2456 964 2549 1018 sed
2574 965 2890 1033 prolixiora,
2936 982 3250 1036 quamquae
3299 969 3405 1024 huc
3455 973 3791 1031 transferan-

2219 1059 2326 1108 tur.
2374 1053 2517 1110 Idem
2588 1057 2642 1110 in
2693 1056 3133 1113 Dissertationum
3177 1061 3544 1117 Irenuicarum
3589 1067 3790 1135 prima,

2222 1145 2248 1217 §
2278 1146 2369 1213 28,
2402 1148 2718 1217 suspicatur
2751 1166 2857 1204 non
2898 1153 3190 1215 immerito,
3225 1156 3471 1221 alteram,
3499 1174 3620 1228 quae
3651 1159 3794 1216 dici-

2214 1246 2324 1302 tur,
2340 1239 2639 1294 Clementis
2656 1242 2961 1312 epistolam,
2983 1259 3104 1299 esse
3120 1245 3302 1314 potius
3318 1245 3535 1318 διδαχὴν
3551 1249 3670 1317 ejus
3690 1266 3789 1306 seu

2212 1325 2332 1394 ejus
2353 1326 2681 1391 doctrinam,
2707 1332 2776 1384 ab
2797 1330 2904 1384 alio
2932 1333 3152 1401 scriptis
3180 1335 3513 1399 mandatam,
3543 1347 3702 1407 atque
3721 1355 3789 1394 ex

2211 1419 2332 1487 ejus
2355 1419 2737 1476 conciouantis
2773 1436 2868 1476 ore
2905 1432 3206 1492 exceptam,
3233 1425 3316 1479 vel
3364 1443 3430 1481 ex
3473 1428 3786 1484 auditorum

2215 1513 2284 1566 ab
2310 1527 2375 1567 eo
2407 1513 2668 1567 memoria
2703 1522 3003 1570 exaratam.
3031 1515 3188 1578 Eum,
3220 1516 3433 1584 Lector,
3474 1521 3642 1585 adito,
3674 1538 3787 1591 quo

2214 1605 2378 1658 rebus
2412 1605 2800 1660 ecclesiasticis
2834 1606 3206 1676 antiquissimi
3248 1609 3348 1665 aevi
3394 1625 3556 1665 nemo
3606 1610 3782 1667 facem

2214 1698 2698 1770 hactenus‘intulit
2720 1698 3124 1772 fulgentiorem.

1627 2206 1722 2292 J.
1821 2207 1923 2292 Β.
2024 2198 2682 2294 COTELERII

1193 2422 1571 2487 JUDICIUM
1602 2422 1710 2483 DE
1742 2421 2046 2484 PRIOBE
2078 2420 2479 2486 EPISTOLA
2517 2420 2580 2482 S.
2619 2421 3095 2484 CLEMENTIS.

594 2700 728 2757 Cum
759 2711 1102 2770 quacunque
1129 2693 1198 2750 de
1220 2692 1467 2765 Epistola
1504 2708 1535 2747 a
1565 2691 1626 2747 Β.
1645 2690 1945 2758 Clemente,
1977 2692 2089 2748 Ro-
2129 2677 2171 2731 Β
2198 2690 2341 2762 piam
2374 2669 2676 2761 suspiceris
2715 2690 3090 2762 apostolorum
3122 2686 3359 2746 Canonis
3399 2691 3768 2756 Clementmas

516 2810 691 2849 manaa
719 2791 977 2848 Ecclesia:
1003 2789 1224 2844 nomine
1249 2787 1315 2840 ad
1343 2785 1756 2841 Corinthiorum
1786 2783 2089 2839 Ecclesiam

511 2885 740 2954 scripta,
774 2882 1006 2953 proferri
1039 2881 1370 2952 potuissent,
1405 2878 1520 2934 fere
1558 2877 1743 2933 omnia
1785 2877 1985 2948 partim
2021 2875 2089 2929 ab

511 2976 753 3046 antiquis
793 2975 1015 3038 tradita,
1055 2973 1254 3044 partim
1301 2987 1330 3025 a
1364 2971 1763 3027 recentioribus
1820 2977 2088 3042 occupata

511 3068 747 3133 fuerint,
781 3067 900 3122 vice
942 3065 1302 3137 praefationis,
1349 3079 1519 3135 pauca
1548 3063 1818 3117 duntaxat
1857 3062 2088 3118 adnota-

507 3162 691 3217 bimus
734 3161 802 3216 ad
852 3176 915 3216 ea
964 3168 1210 3215 veterum
1265 3157 1619 3220 testimonia,
1664 3171 1787 3227 qum
1835 3156 2085 3211 nonnihil

505 3252 753 3322 scrupuli
785 3237 1093 3321 legentibus
1136 3249 1274 3303 forte
1323 3246 1634 3316 injicerent,
1682 3244 1791 3301 nisi
1838 3259 2083 3315 expone-

505 3353 732 3410 rentur;
765 3357 830 3397 ac
855 3341 1052 3396 deinde
1086 3354 1395 3410 quaeremus
1425 3337 1647 3409 quando
1690 3338 1891 3409 stylum
1919 3351 2084 3391 acue-

502 3440 576 3492 rit
593 3437 843 3508 Κλήμης,
857 3435 916 3488 τὸ
933 3433 1025 3487 τοῦ
1048 3431 1284 3506 Χριστοῦ
1305 3431 1507 3501 κλῆμα.
1524 3429 1785 3500 Equidem
1817 3430 1884 3484 ab
1912 3428 2082 3483 Euse-

501 3529 594 3583 bio
624 3529 718 3584 lib.
745 3544 827 3589 ιιι,
858 3543 980 3597 cap.
1010 3527 1074 3580 l6
1121 3537 1174 3580 et
1197 3526 1286 3588 58,
1340 3525 1571 3594 epistola
1614 3531 1841 3578 vocatur
1891 3522 2080 3594 ὁμολο-

499 3638 597 3690 you
607 3621 763 3693 μένη,
785 3620 1104 3690 ἀνωμοληγη
1114 3619 1248 3689 μένη
1266 3617 1421 3689 παρὰ
1433 3618 1618 3679 πᾶσιν,
1635 3616 1698 3668 ab
1717 3615 1956 3669 omnibus
1974 3631 2076 3668 uno

499 3729 754 3766 consensu
784 3722 1009 3780 recepta.
1046 3710 1137 3764 Ille
1169 3719 1350 3764 tamen
1377 3709 1676 3764 historicus
1707 3708 1804 3763 lib.
1830 3724 1906 3770 γι,
1948 3722 2072 3775 cap.

499 3808 588 3868 15,
615 3804 778 3860 refert
807 3803 1136 3859 Clementem
1171 3801 1602 3855 Alexandrinum
1631 3802 1685 3854 in
1709 3800 1863 3856 libris
1890 3799 2078 3864 Στρω-

490 3894 726 3964 ματέων
747 3896 825 3952 uti
867 3893 1197 3950 testimoniis
1226 3892 1635 3964 Scripturarum
1681 3907 1711 3946 a
1743 3891 2073 3961 quibusdam

497 3990 932 4061 repudiatarum,
952 4003 1146 4057 nempe
1175 3986 1469 4057 Sapientiae
1490 3985 1821 4048 Salomonis,
1844 3982 2073 4054 Sapien-

495 4082 585 4140 tiae
612 4080 896 4143 Siracidis,
926 4079 1182 4150 Epistolaa
1209 4078 1274 4133 ad
1299 4078 1575 4139 Hebraeos,
1593 4076 2071 4148 Epistolarumque

496 4173 779 4236 Barnabae,
827 4173 1122 4228 Clementis
1175 4185 1229 4228 et
1257 4171 1430 4227 Judze.
1485 4172 1604 4238 Quo
1630 4171 1792 4226 modo
1817 4171 2070 4224 volumen

496 4267 564 4320 ab
606 4265 863 4322 omnibus
923 4265 1262 4332 admissum,
1318 4280 1349 4318 a
1399 4265 1727 4334 quibusdam
1785 4262 2069 4333 rejicitur?

493 4357 625 4410 Eam
665 4358 1081 4427 repugnantiam
1134 4357 1313 4420 tolles,
1347 4356 1395 4411 si
1434 4356 1638 4411 dixeris
1670 4362 1901 4409 cunctos
1945 4353 2069 4424 qui-

492 4451 614 4506 dem
650 4466 789 4519 opus
837 4450 1128 4520 agnovisse
1179 4465 1278 4519 pro
1303 4449 1543 4520 genuino
1593 4447 1876 4503 Pontificis
1907 4447 2062 4512 laetu,

490 4541 586 4596 sed
615 4556 724 4595 non
759 4556 951 4596 omnes
986 4541 1244 4595 habuisse
1273 4555 1373 4609 pro
1401 4541 1608 4610 scripto
1648 4541 1918 4594 canonico
1947 4559 1961 4592 :
1999 4539 2065 4593 de

491 4635 694 4706 primo,
743 4635 948 4688 nullam
1002 4642 1205 4687 motam
1252 4632 1555 4702 antiquitus
1595 4633 2060 4698 controversiam;

489 4729 558 4783 de
590 4727 854 4792 secundo,
902 4737 1125 4789 motam,
1161 4729 1284 4783 aliis
1315 4735 1469 4783 extra
1515 4741 1778 4780 canonem
1809 4726 2063 4796 ponenti-

487 4821 613 4882 bus,
647 4837 766 4891 qua:
793 4821 1062 4875 sententia
1101 4819 1357 4882 obtinuit,
1398 4820 1518 4874 aliis
1563 4820 1726 4880 intra,
1758 4825 1816 4870 ut
1869 4826 2062 4870 auctor

484 4911 757 4967 Canonum
787 4908 1192 4978 apostolicorum
1215 4947 1229 4971 ,
1302 4923 1512 4963 canone
1554 4907 1767 4971 ultimo,
1803 4904 2059 4973 proinde-

484 5020 590 5074 que
621 5004 806 5058 forsan
835 5009 889 5056 et
920 5001 1013 5071 qui
1044 5016 1140 5056 eos
1169 5015 1408 5055 canones
1434 5000 1488 5053 in
1514 5013 1743 5053 numero
1773 5011 2056 5052 sacrarum

485 5096 894 5168 Scripturarum
920 5095 1150 5151 collocat
1178 5092 1416 5147 Joannes
1435 5092 1829 5153 Damascenus,
1854 5089 2056 5158 quique

481 5191 703 5246 eosdem
733 5191 1028 5245 admittunt
1076 5186 1322 5241 Trullani
1375 5186 1637 5256 episcopi.
1672 5185 1850 5252 Atque
1892 5182 2053 5249 hujus

479 5295 768 5357 postrema:
803 5284 1077 5355 opinionis
1127 5282 1515 5336 documentum
1553 5280 1755 5350 praebet
1786 5278 2055 5347 antiquis-

2193 2784 2488 2854 epistolas;
2540 2798 2661 2854 qua:
2714 2783 2859 2854 apud
2903 2782 3122 2839 Graecos
3170 2791 3263 2838 aut
3312 2786 3475 2841 nulla:
3522 2787 3766 2858 fuerunt,

2191 2882 2284 2928 aut
2333 2891 2440 2929 non
2473 2871 2719 2931 seorsum
2752 2877 2924 2941 lectae,
2959 2877 3054 2931 sed
3098 2876 3257 2930 initio
3306 2880 3759 2951 Recognilionum,

2189 2961 2415 3016 Actuum
2440 2963 2608 3037 Petri,
2696 2964 3174 3036 Clementinorum,
3221 2971 3526 3042 similisque
3574 2970 3766 3028 farina

2189 3057 2646 3128 apocryphorum.

2255 3153 2340 3208 Ad
2388 3152 2633 3222 ejusdem
2680 3152 2900 3210 Eusebii
2960 3152 3432 3218 observationem,
3485 3152 3758 3209 imitatum

2185 3259 2308 3300 esse
2336 3243 2671 3301 Clementem
2693 3245 2991 3315 Epistolam
3023 3246 3090 3300 ad
3115 3244 3395 3312 llebmos,
3424 3246 3548 3301 addi
3580 3254 3760 3319 potest

2184 3340 2512 3405 consimilis,
2542 3341 2610 3394 de
2641 3339 2946 3395 imitatione
2985 3340 3217 3394 aliorum
3257 3338 3390 3395 Novi
3420 3339 3756 3396 Testamenti

2183 3432 2470 3500 librorum,
2504 3435 2917 3506 praesertimque
2947 3431 3312 3501 Epistolarum
3347 3433 3412 3488 ad
3436 3434 3756 3491 Corinthios

2179 3536 2234 3583 et
2254 3527 2620 3598 Epistolarum
2645 3526 2792 3581 Petri
2821 3545 2835 3582 :
2870 3526 3156 3596 utriusque
3193 3525 3340 3580 enim
3376 3527 3606 3604 apostoli
3635 3538 3755 3582 erat

2179 3621 2507 3691 discipulus.
2557 3618 2671 3675 Nec
2713 3619 2938 3682 mirum,
2993 3619 3137 3689 quod
3170 3617 3466 3674 Dominicae
3507 3635 3570 3674 ac
3619 3634 3753 3690 apo-

2177 3712 2389 3766 stolicae
2439 3712 2720 3767 sententiae
2766 3718 2821 3766 et
2862 3711 3133 3765 dictiones
3179 3710 3234 3764 in
3279 3725 3374 3764 ore
3406 3711 3607 3766 fuerint
3644 3713 3748 3768 ho-

2175 3804 2386 3856 minum
2450 3803 2910 3872 apostolicorum,
2959 3809 3124 3872 atque
3175 3802 3232 3855 in
3288 3818 3392 3858 usu
3444 3805 3748 3875 primorum

2173 3894 2634 3950 Christianorum.

2245 3984 2473 4040 Photius
2496 3983 3018 4041 Bibliotltecazcodice
3027 3997 3175 4039 cxxn
3191 3984 3403 4041 videtur
3419 3989 3738 4060 scripsisse:

2175 4082 2550 4135 Αἰτιάσοιτοδ’
2587 4082 2652 4135 ἄν
2681 4100 2765 4146 τις
2791 4082 2951 4137 αὐτὸν
2979 4086 3039 4138 ὲν
3065 4085 3293 4151 τούτοις,
3324 4104 3434 4143 non
3469 4099 3644 4145 autem
3683 4094 3742 4145 ἐν

2177 4167 2426 4231 ταύταις.
2455 4171 2852 4241 Reprehenderit
2885 4191 3001 4228 vero
3035 4193 3152 4230 eum
3184 4179 3445 4248 quispiam
3478 4182 3531 4233 in
3555 4181 3656 4236 Itis.

2238 4261 2298 4316 in
2328 4263 2482 4318 Libro
2498 4265 2811 4336 pontiﬁcali,
2832 4266 2922 4320 ubi
2953 4265 3020 4322 de
3049 4265 3346 4326 Clementis
3373 4273 3505 4335 vita,
3525 4287 3738 4330 necnon

2169 4356 2226 4410 in
2254 4356 2374 4425 ejus
2397 4356 2590 4427 Operis
2604 4358 3054 4428 exscriptoribus,
3079 4371 3449 4417 memorantur
3472 4364 3592 4420 duae
3613 4365 3735 4422 Cle-

2167 4447 2368 4503 mentis
2411 4447 2694 4517 epistolae,
2745 4463 2931 4518 eaeque
2995 4450 3275 4506 canonieae
3325 4463 3378 4506 et
3426 4455 3730 4513 catholicae.

2167 4537 2320 4602 Quod
2353 4538 2426 4591 ita
2457 4546 2738 4608 acceptum
2766 4541 2833 4594 ab
2879 4549 3103 4597 auctore
3151 4542 3276 4597 libri
3342 4541 3420 4596 De
3445 4545 3602 4613 gestis
3629 4543 3731 4597 Ro-

2168 4641 2440 4682 manorum
2495 4631 2834 4700 pontiﬁcum,
2912 4634 3119 4689 credito
3154 4633 3523 4706 Luitprando,
3571 4639 3730 4707 quasi

2162 4731 2416 4793 ageretur
2460 4724 2528 4779 de
2556 4724 2770 4780 duabus
2795 4725 2987 4794 primis
3028 4725 3327 4782 Clementis
3355 4726 3728 4784 Decretalibus

2162 4815 2228 4868 ad
2252 4813 2536 4871 Jacobum.
2560 4814 2746 4880 Gravi,
2781 4825 2838 4869 ut
2858 4817 3107 4886 equidem
3135 4819 3333 4884 sentio,
3355 4835 3564 4878 errore.
3591 4820 3725 4874 Nam

2161 4904 2207 4957 si
2249 4901 2543 4964 Deci-etuias
2573 4906 2626 4960 in
2663 4910 2845 4961 animo
2874 4907 3156 4964 habuisset
3180 4911 3416 4981 scriptor
3437 4913 3726 4983 Pontiﬁca-

2156 4998 2223 5052 lis
2246 4996 2390 5064 libri,
2433 5016 2541 5054 non
2574 5001 2748 5056 solum
2773 5001 2911 5056 duas
2940 5003 3188 5066 dixisset,
3242 5021 3428 5060 verum
3460 5005 3722 5074 quinque.

2158 5087 2620 5153 Quemadmodum
2652 5091 2944 5165 βιογράφος
2972 5094 3081 5159 ille,
3108 5095 3200 5166 qui
3232 5095 3368 5148 mira
3407 5096 3720 5163 supinitate,

2156 5189 2441 5252 postquam
2470 5183 2534 5238 de
2561 5184 2773 5239 duabus
2799 5186 3046 5254 epistolis
3076 5187 3361 5240 catholicis
3390 5201 3419 5238 a
3444 5183 3723 5241 Clemente

2155 5275 2222 5328 ad
2243 5274 2505 5331 Iacobum
2533 5279 2674 5334 datis
2710 5280 2914 5346 retulit,
2945 5262 3225 5351 s‘ubjungit
3265 5297 3514 5351 quamam
3543 5283 3720 5336 conti-

479 5383 654 5436 simus
701 5379 870 5433 codex
901 5377 1192 5431 bibliorum
1226 5391 1386 5428 manu
1434 5372 1651 5426 Thecla:
1678 5378 1955 5432 exaratus,
1982 5384 2044 5423 ex
2082 5370 2125 5425 D
2154 5377 2386 5423 neantur
2414 5371 2467 5424 in
2498 5370 2606 5425 illis
2630 5371 2864 5436 duabus,
2918 5379 2971 5426 et
3002 5373 3057 5428 in
3084 5373 3312 5442 reliquis
3335 5373 3536 5428 tribus.
3568 5372 3720 5428 Adde

478 5488 587 5544 quo
632 5473 751 5525 duae
780 5471 896 5524 ista:
946 5469 1190 5538 epistola:
1229 5467 1579 5538 prodierunt;
1606 5460 2049 5534 quandoquidem
2150 5460 2296 5529 quod
2330 5461 2383 5514 in
2434 5460 2737 5516 Pontiﬁeali
2767 5478 2930 5532 opere
2977 5464 3191 5534 sejungi
3230 5463 3448 5516 videtur
3482 5464 3716 5532 epistola

476 5581 571 5620 eas
597 5579 717 5618 cum
747 5562 901 5618 libris
932 5560 1066 5614 Novi
1097 5559 1431 5615 Testamenti
1460 5559 1783 5626 conjunctas
1807 5552 2045 5608 exhibet.

478 5655 662 5726 Neque
705 5668 833 5709 vero
873 5653 1172 5724 quidquam
1218 5668 1395 5707 causa:
1425 5657 1529 5718 est,
1571 5665 1670 5706 cur
1705 5649 1838 5704 alias
1880 5659 2045 5716 quas-

2148 5549 2217 5602 ad
2244 5549 2506 5606 Jacohum
2557 5567 2586 5604 a
2612 5553 2824 5608 duabus
2866 5554 3145 5608 canonicis
3174 5553 3438 5624 epistolis.
3469 5552 3571 5606 Hic
3594 5555 3717 5621 fecit

2148 5641 2282 5698 duas
2306 5646 2577 5716 epistolas,
2610 5662 2725 5716 qum
2757 5648 3020 5702 canonica!
3048 5647 3410 5703 nominantur.
3435 5645 3500 5701 Et
3528 5645 3710 5702 infra:
