4070 6340
356 292 425 347 69

1598 290 1940 348 ΡιιοοΕΜιΑ
1982 291 2367 349 VARIORUM.

3508 303 3605 359 Δ70

352 407 551 461 Tamen
591 404 651 460 in
702 403 964 473 Epistula,
994 422 1109 475 quia
1166 406 1236 461 ad
1263 403 1519 461 Iacobum
1584 412 1783 478 scripta
1827 421 1924 466 est.
1956 418 2003 474 Α
2031 410 2097 465 Ει
2121 426 2250 466 vero
2286 426 2410 467 eum
2433 410 2526 481 qui
2565 411 2786 469 nomine
2818 411 3079 471 Ecclesiae
3112 414 3372 474 Romana:
3393 420 3604 480 scribe.

414 495 577 552 Circa
606 502 823 567 tempus
850 512 962 567 quo
989 496 1220 552 Romani
1254 499 1465 554 litteras
1507 499 1573 553 ad
1605 499 1921 557 Corinthios

344 588 640 649 dederunt.
686 602 799 642 non
828 603 938 642 una
966 596 1051 643 est
1095 588 1414 644 criticorum
1460 590 1669 659 opinio.
1698 580 1923 649 Aliias-

345 681 565 750 signant
601 677 769 734 ﬁnem
807 677 1076 743 Neronis,
1128 688 1224 734 aut
1266 688 1415 736 certe
1462 694 1560 736 eos
1607 695 1783 737 annos
1824 682 1919 752 qui

344 769 668 843 Vespasiani
709 772 1005 842 imperium
1052 773 1437 844 excidiumque
1468 771 1920 845 Hierosolymita-

339 880 471 918 num
500 872 943 920 antecesserunt.
979 864 1093 922 Hos
1132 866 1332 922 relellit
1364 865 1619 935 epistola,
1650 875 1764 921 tmn
1793 882 1913 937 cap.

334 957 427 1020 Π,
476 973 606 1012 cum
657 960 805 1015 velut
863 960 1104 1030 antiquae
1186 962 1434 1021 meminit
1505 962 1915 1017 Corinthiorum

331 1050 530 1118 prima:
562 1051 951 1119 dissensionis,
984 1054 1087 1108 sub
1114 1053 1310 1124 Apollo
1344 1055 1617 1120 excitatae,
1655 1055 1750 1125 qui
1780 1062 1916 1109 teste

330 1137 674 1213 Hieronymo
721 1143 871 1197 circa
923 1143 1083 1199 ﬁnem
1117 1142 1649 1201 Commentariorum
1691 1147 1747 1200 in
1787 1145 1916 1215 Epi-

327 1234 537 1289 stulam
585 1235 654 1289 ad
694 1233 906 1300 Titum,
955 1235 1210 1291 Corinthi
1262 1238 1367 1293 fuit
1411 1240 1742 1309 episcopus;
1796 1246 1912 1293 tum

324 1326 746 1383 Corinthiacam
778 1327 1105 1394 Ecclesiam,
1150 1338 1389 1387 veterem
1440 1332 1676 1403 appellat
1707 1346 1721 1383 :
1754 1331 1915 1385 dum-

324 1435 439 1490 que
461 1435 584 1491 cap.
613 1422 667 1485 1,
706 1422 740 1475 5
766 1429 821 1475 et
846 1420 878 1475 6
911 1423 1221 1477 subindicat
1264 1425 1701 1494 persecutionem
1748 1424 1909 1478 aliam

274 1580 279 1583 _
323 1513 400 1567 ab
432 1513 521 1566 illa
552 1513 728 1584 prima
750 1513 1009 1570 Neronis.
1055 1514 1189 1571 Post
1214 1516 1484 1573 Neronem
1515 1526 1697 1572 autem
1723 1515 1912 1571 Domi-

323 1606 517 1659 tianus
566 1606 779 1674 primus
828 1604 1174 1663 Christianos
1245 1618 1567 1678 persecutus
1614 1618 1737 1675 est,
1794 1609 1909 1680 jam

320 1709 521 1749 eversa
572 1694 972 1767 Hierosolyma.
1036 1696 1143 1752 Sed
1171 1696 1447 1760 Clemens,
1504 1699 1761 1770 inquiunt
1802 1698 1905 1753 viri

2024 505 2138 567 bat,
2169 504 2260 557 illa
2295 502 2478 573 eloqui
2500 501 2684 558 decuit
2720 520 2842 573 qua:
2872 503 3027 571 Urbi,
3052 523 3163 563 non
3192 525 3315 580 quae
3339 511 3442 566 sibi
3467 528 3605 570 con-

2021 595 2305 659 venirent,
2344 603 2402 648 ut
2427 602 2574 650 certe
2600 593 2733 650 Urbi
2759 601 3110 655 conveniunt.
3152 599 3307 659 Unde
3324 606 3605 662 evanescit

2020 686 2288 757 quidquid
2333 685 2615 755 objicitur.
2656 686 2764 741 Alii
2805 689 3093 758 epistolam
3138 696 3367 749 missam
3410 696 3605 752 volunt

2021 795 2167 834 anno
2200 778 2415 834 Domini
2448 778 2540 843 95,
2577 777 2820 835 fervente
2861 782 3243 851 persecutione
3285 784 3600 845 Domitiani.

2018 866 2242 923 Rectius
2289 875 2474 924 tamen
2507 884 2669 938 quam
2708 868 2957 936 fervens,
3004 872 3267 931 desinens
3316 885 3604 932 notaretur

2018 960 2361 1030 persecutio,
2394 977 2559 1031 quam
2604 962 2861 1016 nimirum
2896 964 3074 1017 innuit
3105 967 3349 1035 epistola:
3389 970 3591 1039 princi-

2018 1050 2190 1123 pium,
2225 1068 2457 1123 quaaque
2498 1054 2678 1125 aptior
2718 1054 2824 1110 fuit
2853 1054 2922 1108 ad
2952 1056 3313 1114 destinandos
3344 1075 3472 1114 cum
3511 1061 3603 1116 lit-

2015 1143 2149 1197 teris
2191 1143 2435 1215 quinque
2486 1144 2717 1216 legatos,
2753 1148 3067 1204 nominatos
3109 1149 3162 1203 in
3199 1151 3302 1206 ﬁne
3328 1153 3594 1222 epistolae.

2083 1230 2353 1288 Caztcrum
2402 1249 2530 1305 spes
2578 1233 2805 1289 Patricii
2833 1234 2985 1291 Junii
3049 1236 3117 1291 de
3167 1236 3596 1310 Hieronymiana

2013 1322 2365 1381 Clementinee
2392 1327 2635 1396 epistola:
2654 1328 3124 1398 interpretatione,
3150 1329 3284 1384 mihi
3316 1332 3597 1400 pertenuis

2012 1424 2106 1471 aut
2132 1418 2279 1472 nulla
2322 1426 2427 1483 est,
2490 1418 2843 1475 librariorum
2894 1421 3051 1477 dolos
3087 1422 3486 1488 consideranti,
3539 1430 3596 1479 et

2010 1523 2120 1579 quo
2138 1516 2323 1578 pacto,
2342 1517 2402 1563 ut
2424 1526 2523 1565 ven
2534 1510 2840 1567 dibiliorem
2872 1527 3108 1567 mercem
3138 1513 3593 1581 haberent,odio-

2010 1612 2131 1651 sum
2162 1596 2345 1652 Ruﬁni
2375 1614 2575 1655 nomen
2600 1616 2631 1656 e
2659 1602 2933 1673 principio
2959 1617 3023 1656 ac
3057 1601 3164 1657 ﬁne
3187 1602 3597 1675 interpretatio-

2009 1688 2099 1743 nis
2146 1687 2605 1759 Explanationum
2650 1690 2901 1763 Origenis
2924 1693 2981 1748 in
3020 1692 3317 1763 Epistolam
3367 1696 3435 1750 ad
3480 1694 3593 1752 Ro-

321 1787 658 1854 doctissimi,
699 1765 969 1852 meminit,
1003 1802 1125 1859 cap.
1154 1789 1246 1855 ll,
1283 1765 1623 1845 ohlationum
1681 1792 1736 1846 in
1769 1802 1905 1847 lem-
1938 1765 1980 1818 Β
2010 1795 2202 1837 manos
2227 1784 2553 1839 sustulerint
2581 1784 2751 1855 {quod
2785 1794 2967 1841 tamen
3001 1786 3203 1842 retinet
3236 1786 3409 1842 codex
3440 1786 3593 1843 Thu-

321 1877 434 1946 plo.
469 1874 669 1942 Quidni
698 1877 1071 1934 meminisset?
1099 1894 1225 1934 cum
1249 1896 1396 1936 nunc
1416 1896 1656 1951 quoque,
1687 1890 1768 1937 tot
1791 1883 1906 1939 ela-

321 1968 441 2038 psis
488 1969 738 2034 saxulis,
788 1984 890 2039 par
932 1971 1138 2026 mentio
1192 1971 1444 2040 idemque
1487 1988 1667 2028 sermo
1715 1974 1903 2029 haberi

318 2066 523 2130 queat;
571 2061 1031 2129 quemadmodum
1074 2063 1272 2133 legenti
1308 2064 1534 2134 patebit.
1584 2064 1689 2119 Alii
1721 2067 1903 2136 suspi-

318 2163 526 2207 cantur
548 2168 580 2207 a
604 2151 883 2209 Clemente
909 2156 1098 2210 exsule
1136 2156 1307 2211 factas
1338 2156 1579 2222 litteras,
1605 2158 1710 2213 sub
1738 2157 1897 2213 linem

321 2245 491 2300 vitae:
518 2248 641 2316 quia
667 2262 793 2317 cap.
834 2248 870 2303 5
891 2247 1024 2303 dicit
1052 2247 1284 2304 Paulum
1306 2250 1360 2304 in
1391 2251 1594 2309 ﬁnibus
1630 2249 1899 2306 Occiden-

322 2336 399 2389 tis
420 2351 638 2406 passum
666 2352 813 2402 esse,
842 2353 946 2393 nec
986 2338 1139 2393 urbis
1170 2336 1356 2395 Romae
1389 2339 1519 2394 facit
1571 2354 1901 2395 commemo-

316 2426 618 2493 rationem;
636 2433 693 2483 et
721 2428 850 2497 quia
878 2427 932 2482 in
951 2427 1108 2482 initio
1131 2429 1470 2485 calamitates
1513 2428 1900 2485 adversitates—

314 2527 425 2581 que
472 2528 604 2569 suas
656 2516 933 2587 proponit.
991 2513 1193 2570 Verum
1239 2516 1366 2587 quis
1410 2517 1597 2572 credat
1636 2515 1901 2573 Romanis

310 2602 521 2660 aditam
565 2604 997 2676 Chersonesum,
1026 2616 1087 2663 ut
1114 2609 1181 2665 ad
1202 2608 1517 2667 Corinthios
1550 2610 1900 2666 scriberent?

2007 1888 2125 1927 ante
2155 1874 2519 1948 bibliothecae)
2553 1892 2618 1933 ac
2647 1878 2945 1934 favorabile
2977 1877 3292 1951 Hieronymi
3343 1880 3589 1936 intruse-

2003 1964 2135 2019 rint.
2161 1963 2432 2031 Quocirca
2463 1969 2706 2040 suspicio
2737 1976 2885 2024 tenet
2930 1985 3038 2034 me,
3073 1969 3217 2025 idem
3268 1971 3450 2026 scelus
3498 1970 3589 2024 hic

2006 2064 2400 2128 perpetratum,
2430 2074 2494 2114 ac
2524 2061 2832 2117 versionem
2853 2060 3209 2117 Clementinte
3244 2064 3491 2134 epistolae.
3515 2064 3587 2119 ad

1998 2146 2267 2206 Jacobum
2290 2166 2323 2205 a
2354 2150 2555 2208 Ruﬁno
2590 2152 2816 2219 factam,
2851 2153 3167 2226 Hieronymi
3215 2156 3375 2210 titulo
3415 2156 3589 2212 fuisse

2002 2240 2373 2300 honestatam.

2073 2330 2318 2403 Denique
2357 2333 2666 2391 monendus
2712 2351 2793 2401 es,
2821 2332 3039 2400 Lector,
3082 2335 3242 2391 uncis
3294 2351 3392 2407 per
3411 2343 3583 2393 totum

1998 2435 2139 2493 Opus
2161 2422 2426 2494 inspersis
2448 2424 2654 2481 includi
2675 2441 2740 2481 ea
2766 2442 2887 2496 qua:
2910 2427 2965 2481 in
2994 2426 3280 2483 ms.deleta
3302 2436 3397 2482 aut
3423 2431 3588 2484 amis-

1999 2526 2082 2577 sa,
2114 2528 2212 2582 per
2233 2514 2607 2585 conjecturam
2626 2519 2900 2588 suppleta,
2928 2519 2984 2573 in
3011 2518 3255 2575 editione
3277 2518 3582 2591 Anglicana

2000 2603 2244 2662 miniatis
2267 2604 2466 2664 litteris
2489 2608 2756 2681 impressi
2790 2618 2941 2666 sunt.

1440 3010 1537 3097 J.
1614 3009 1722 3095 B'.
1804 3004 2457 3102 COTELERII

866 3200 1245 3289 JUDICIUM
1281 3202 1389 3264 DE
1429 3203 1942 3265 POSTERIORE
1989 3204 2382 3267 EPISTOLA
2423 3206 2485 3268 S.
2538 3205 3015 3271 CLEMENTiS.

376 3451 571 3507 Exstat
592 3450 660 3507 de
685 3449 791 3508 hac
809 3450 1052 3525 Epistola
1076 3452 1342 3522 judicium
1371 3454 1551 3525 magni
1580 3455 1759 3510 critici
1782 3454 1885 3510 Eu-

2002 3454 2218 3528 τραψεν,
2255 3455 2378 3510 οὔτε
2406 3455 2501 3510 τοῦ
2526 3458 2793 3529 Ῥωμαίου
2815 3461 3152 3533 Κλήμεντος,
3184 3465 3325 3539 πλὴν
3354 3466 3448 3522 δύο
3476 3471 3573 3525 καὶ

306 3542 470 3605 Iehii,
506 3540 763 3597 Historia
794 3543 1164 3597 ecclesiasticae
1204 3543 1298 3599 lib.
1356 3558 1440 3608 ιιι,
1473 3559 1595 3613 cap.
1624 3544 1715 3608 '58,
1742 3545 1893 3599 hisce

2002 3548 2174 3619 μόνων
2189 3548 2503 3603 ἐπιστολῶν.
2535 3548 2596 3603 Et
2615 3566 2743 3606 vero
2760 3554 3218 3622 quemadmodum
3243 3556 3571 3619 Ctesariensi

303 3634 494 3689 verbis
540 3649 858 3703 expressum
892 3651 908 3689 :
950 3634 1163 3699 ’ἰστέον
1186 3633 1230 3687 δ’
1262 3634 1339 3697 ὼς
1397 3636 1493 3688 καὶ
1538 3634 1762 3707 δευτέρα
1806 3653 1892 3699 τις

2002 3636 2249 3707 cpismpo
2295 3635 2570 3693 credimus
2596 3678 2612 3704 ,
2651 3638 2958 3696 dubitatum
3008 3642 3176 3700 fuisse
3229 3647 3299 3703 de
3344 3659 3572 3708 auctore

302 3719 443 3777 εἶναι
494 3724 710 3793 λέγεται
758 3724 854 3777 τοῦ
901 3725 1215 3797 Κλήμεντος
1262 3725 1541 3797 ἐπιστολή·
1571 3727 1632 3780 οὐ
1667 3727 1764 3797 μὲν
1809 3724 1889 3779 ἔθ’

2002 3734 2195 3781 nostra:
2264 3727 2539 3797 epistolae;
2608 3730 3064 3799 quemadmodum
3118 3750 3226 3790 non
3273 3753 3569 3808 possumus

306 3818 513 3886 ὁμοίως
542 3821 609 3888 τῇ
641 3818 881 3889 προτέρᾳ
919 3820 1013 3871 καὶ
1041 3818 1245 3889 ταύτην
1278 3818 1553 3892 γνώριμον
1590 3820 1890 3892 ἐπιστάμε-

2002 3834 2156 3881 nunc,
2187 3828 2309 3889 post
2336 3818 2647 3889 deperditos
2676 3829 2755 3875 tot
2783 3823 3084 3891 primorum
3119 3825 3339 3884 Patrum
3373 3832 3564 3899 libros,

301 3908 396 3969 θα,
427 3909 509 3961 ὅτι
542 3910 676 3979 μηδὲ
701 3912 825 3973 τοὺς
854 3910 1112 3981 ἀρχαίους
1142 3913 1280 3984 αὐτῇ
1310 3914 1680 3985 κεχρημένους
1706 3917 1883 3986 ἴσμεν.

2002 3911 2305 3966 memoriam
2348 3912 2496 3966 illius
2532 3926 2811 3978 accusare,
2848 3932 2969 3985 qua:
2997 3924 3179 3974 tamen
3216 3936 3324 3976 non
3353 3939 3569 3996 semper

301 3999 440 4067 Quae
471 4016 499 4053 a
547 4001 765 4063 Ruﬁno,
795 4002 875 4056 uti
906 4002 1044 4057 solet
1071 4001 1417 4074 indiligenter
1440 4006 1743 4061 redduntur
1766 4009 1879 4064 sic:
1987 4005 2094 4059 ﬁda
2118 4004 2364 4072 exstitit;
2398 4005 2468 4058 ita
2502 4020 2764 4075 negamus
2796 4007 2923 4062 inde
2948 4013 3233 4082 consequi,
3254 4027 3350 4081 pro
3370 4014 3565 4085 pseud-

301 4089 515 4144 Dicitur
539 4100 713 4144 tamen
741 4106 853 4144 esse
891 4099 940 4144 et
989 4092 1098 4145 alia
1130 4091 1409 4149 Clementis
1445 4096 1691 4164 epistola,
1730 4099 1881 4168 cujus
1984 4097 2281 4170 epigrapha
2360 4099 2673 4153 necessario
2720 4099 3021 4155 habendam
3063 4103 3349 4172 epistolam
3387 4124 3402 4162 :
3436 4121 3561 4162 cum

300 4196 397 4236 nos
442 4182 692 4235 notitiam
738 4198 843 4235 non
886 4184 1198 4251 accepimus.
1248 4184 1360 4240 Nec
1408 4187 1580 4259 magis
1625 4198 1882 4247 accurate
1984 4188 2099 4241 ﬁeri
2142 4188 2396 4256 quiverit,
2427 4197 2483 4241 ut
2529 4204 2668 4258 opus
2715 4192 3010 4261 genuinum
3045 4193 3100 4247 in
3132 4198 3561 4254 controversiam

301 4272 693 4345 Hieronymus,
728 4274 870 4327 libro
912 4273 989 4327 De
1038 4274 1163 4328 uiris
1205 4274 1502 4329 illustribus
1534 4292 1553 4329 :
1583 4274 1781 4331 Fertur
1828 4288 1881 4333 et
1981 4279 2209 4340 venerit,
2248 4285 2303 4333 et
2331 4292 2361 4331 a
2390 4280 2582 4349 primis
2616 4281 2875 4337 Ecclesiae
2905 4285 3269 4355 scriptoribus
3296 4305 3405 4343 non
3443 4289 3563 4345 fue-

299 4368 537 4426 ucuuda
564 4384 677 4422 esse
696 4383 761 4422 ex
792 4368 905 4436 ejus
930 4369 1135 4421 nomine
1162 4369 1404 4437 epistola,
1435 4386 1598 4439 quam
1621 4371 1877 4428 veteribus
1978 4370 2052 4423 rit
2093 4368 2447 4425 celebratum.
2479 4370 2638 4427 Certe
2664 4388 2723 4427 ea
2751 4374 3039 4441 dubitatio,
3069 4392 3134 4431 ea
3161 4380 3418 4446 omissio,
3446 4396 3558 4435 non

296 4461 634 4529 reprabatur.
679 4460 747 4516 Et
768 4459 990 4516 Photius
1010 4462 1405 4530 Μυριοϐίϐλου
1437 4462 1559 4517 cod.
1595 4462 1715 4524 “2,
1749 4464 1874 4531 115,
1978 4460 2359 4517 deterruerunt
2381 4471 2658 4518 auctorem
2678 4458 2952 4519 Canonum
2972 4469 3401 4539 apostolicorum,
3429 4488 3554 4530 can.

295 4552 330 4621 ἡ
360 4552 419 4603 δὲ
458 4548 724 4619 λεγομένη
753 4548 976 4620 δευτέρα
1007 4548 1143 4619 πρὸς
1184 4550 1311 4611 τοὺς
1340 4552 1558 4613 αὐτοὺς,
1602 4551 1678 4614 ὡς
1724 4553 1877 4618 νόθος

2002 4555 2107 4619 tlt.,
2134 4553 2495 4625 Epiphanium
2528 4557 2717 4612 haeresi
2747 4559 2836 4619 37,
2867 4574 2918 4614 c.
2949 4558 3004 4624 6,
3036 4560 3227 4615 haeresi
3257 4562 3348 4627 30,
3378 4579 3430 4618 c.
3466 4565 3555 4631 15,

290 4642 781 4714 ἀποδοκιμάζεται.
830 4642 1015 4712 Neque
1051 4642 1195 4697 enim
1224 4642 1355 4696 dicit
1385 4641 1653 4699 Eusebius
1678 4660 1877 4700 secun-
1976 4654 2031 4701 et
2062 4661 2186 4701 eum
2216 4647 2309 4716 qui
2331 4642 2553 4702 Librum
2575 4650 2933 4720 pontiﬁcalem
2961 4653 3290 4721 composuit,
3323 4670 3432 4725 quo
3455 4658 3561 4710 mi-

286 4735 425 4789 ‘dam
469 4735 768 4791 Clementis
809 4735 1089 4805 epistolam
1120 4735 1343 4789 notham
1372 4752 1515 4801 esse,
1548 4744 1604 4791 et
1633 4738 1701 4793 ab
1730 4741 1876 4793 anti-
1904 4801 1945 4812 ᾳ
1975 4755 2080 4795 nus
2122 4739 2191 4794 de
2231 4738 2589 4795 Clementinis
2619 4741 2883 4810 epistolis,
2917 4744 3143 4812 perinde
3182 4760 3245 4800 ac
3288 4747 3421 4803 nihil
3474 4750 3560 4804 in-

300 4828 425 4897 quis
460 4801 1000 4896 reprobatam;vdicit
1032 4826 1375 4881 solummodo
1406 4827 1707 4897 ignoratam
1738 4830 1875 4887 l'uis-
1904 4801 1951 4859 Β
1978 4832 2276 4887 tercedcret
2306 4835 2449 4886 inter
2476 4832 2597 4888 illas
2624 4801 2980 4897 discriminis,
3014 4836 3384 4907 loquerentur.
3404 4842 3557 4898 Mitto

288 4926 378 4983 se,
414 4920 471 4973 in
514 4919 869 4974 citationibus
915 4933 945 4972 a
991 4918 1264 4973 veteribus
1313 4920 1765 4988 praetermissam,
1815 4924 1872 4980 in
1978 4924 2122 4978 enim
2153 4923 2433 4987 Niconem,
2463 4924 2533 4979 de
2576 4939 2684 4993 quo
2729 4925 2795 4979 ad
2846 4928 3147 4997 superioris
3182 4930 3437 5001 Epistolas
3463 4950 3556 4989 ca—

300 5015 525 5071 dubium
556 5020 841 5078 vocatam;
874 5010 1017 5064 unde
1047 5010 1235 5064 eodem
1266 5010 1368 5064 loci
1396 5020 1451 5067 et
1477 5013 1603 5069 alibi
1636 5015 1872 5085 priorem
1979 5022 2076 5083 put
2111 5014 2198 5068 M.
2228 5010 2342 5069 lmo
2374 5015 2518 5081 (ιιιοά
2544 5014 2837 5070 “animum
2869 5021 3158 5086 ῖηίτθτθνίά
3184 5026 3251 5080 ³Ῑ)
3274 5028 3408 5096 ἱρείε
3430 5027 3557 5085 Ηίθ-

296 5115 579 5177 nuncupat
604 5104 1559 5177 ὁμολογουμένην,ἀνωμολογημένην
1590 5108 1740 5179 παρὰ
1768 5110 1876 5161 πᾶ-

2002 5122 2208 5176 'onymo
2253 5120 2318 5161 ac
2365 5104 2560 5161 Photio
2609 5108 2974 5179 designatum,
3002 5117 3221 5184 quando
3249 5134 3404 5174 suam
3442 5137 3553 5179 non

294 5190 605 5269 omnaque
626 5196 900 5252 rectiusin
925 5194 1591 5265 Nicephorolib.m,c.l8
1618 5198 1869 5263 habetur;
1978 5195 2199 5252 Eusebii
2242 5209 2554 5267 proponunt
2588 5200 2932 5271 Opinionem;
2984 5205 3072 5261 ille
3116 5207 3170 5260 in
3218 5210 3493 5268 volumine
3525 5215 3544 5267 1

296 5288 409 5345 Καὶ
439 5291 572 5360 ἄλλη
614 5290 672 5343 δὲ
722 5286 889 5341 αὐτοῦ
920 5287 1141 5358 φέρεται
1169 5288 1446 5360 ἐπιστολὴ,
1476 5290 1575 5360 τῆς
1600 5292 1875 5362 προτέρας

302 5381 438 5437 κατὰ
485 5380 619 5433 πολὺ
668 5378 987 5431 ἀποδέουσα*
1039 5379 1167 5449 περὶ
1211 5372 1279 5448 ἦς
1305 5378 1334 5430 ὁ
1364 5379 1525 5442 αὑτός
1576 5396 1739 5451 φησιν
1770 5383 1875 5435 Εὐα-

301 5472 497 5535 σέὸιος,
542 5471 615 5543 μὴ
644 5472 701 5524 ὲν
728 5470 1007 5543 ἐπιστήμῃ
1032 5469 1233 5540 ταύτης
1270 5472 1397 5535 τοὺς
1423 5472 1683 5543 ἀρχαίους
1710 5468 1867 5529 εἶναι.

304 5562 568 5618 Iaximus
622 5564 679 5617 in
736 5561 967 5632 Prologo
994 5562 1062 5616 ad
1088 5562 1331 5636 Dionysii
1368 5580 1555 5635 opera,
1590 5579 1758 5636 agens
1804 5567 1871 5622 de

304 5652 558 5722 Eusebio,
583 5654 678 5708 καὶ
718 5652 826 5727 μὴν
853 5651 977 5708 οὔτε
1004 5654 1302 5710 Παπαίνου
1350 5655 1479 5721 τοὺς
1532 5656 1727 5723 πόνους
1756 5657 1873 5714 ἀνέ-

1973 5290 2238 5346 adversus
2282 5289 2631 5345 Iovinianum
2682 5308 2805 5364 cap.
2886 5295 2937 5359 7,
2983 5296 3071 5353 hic
3114 5299 3167 5351 in
3246 5295 3551 5365 Myriobibli

1958 5398 2093 5453 cap.
2122 5381 2245 5438 126.
2298 5383 2607 5450 Quinetiam
2656 5392 2946 5457 utramque
2992 5388 3136 5443 inter
3182 5406 3355 5447 sacra:
3400 5392 3553 5448 Scri-

1972 5484 2147 5547 pturze
2174 5476 2343 5531 libros
2371 5477 2675 5533 collocasse
2701 5478 2954 5535 videntur
2971 5484 3226 5541 Ecclesiae
3270 5486 3394 5552 illae,
3429 5505 3551 5558 quae

1970 5567 2275 5623 canonibus
2303 5567 2621 5637 apostolicis
2651 5570 3001 5639 regebantur,
3032 5576 3235 5645 quique
3264 5592 3361 5633 eos
3387 5592 3551 5631 cano-

1970 5673 2070 5717 nes
2101 5659 2155 5716 in
2186 5659 2320 5717 Novi
2348 5659 2677 5720 Testamenti
2702 5664 3069 5728 voluminibus
3094 5678 3341 5726 recenset
3374 5668 3545 5728 Joan-
