4070 6340
474 286 567 348 771
1634 289 1723 342 Αἰ)
1765 288 1823 347 S.
1862 285 2077 344 CLEM"!

2177 288 2286 343 ῈΜ
2326 290 2347 344 ι
2385 288 2614 344 ΡΔΡΛΜ
3682 289 3759 346 72.

505 420 605 461 nes
636 405 1003 458 Damascenus
1032 400 1123 456 lib.
1163 417 1213 455 ιν
1292 405 1613 462 Orthodoxa:
1643 405 1770 476 fidei
1818 413 1939 471 cap.
1985 398 2075 468 18,
2106 415 2152 472 Α
2178 409 2421 469 ceperant
2452 403 2471 477 (
2503 415 2570 457 ex
2605 398 2857 461 Eusebio.
2884 399 3104 467 Rufino,
3135 398 3468 472 Nicephoro,
3498 408 3667 472 atque
3693 416 3764 457 es

502 507 559 554 et
594 502 861 569 quotquot
910 493 1205 549 Bibliorum
1238 493 1522 549 codicibus
1553 494 1844 550 utebantur
1884 493 2077 549 simili-

504 591 610 646 bus
634 590 709 644 illi
741 585 975 649 Theclae,
999 601 1030 641 e
1053 600 1161 655 quo
1188 586 1310 640 duae
1337 586 1456 641 istae
1476 586 1717 655 epistolae
1738 585 2077 655 prodierunt.

505 679 733 735 Accedit
779 679 885 733 huc
912 678 1057 747 quod
1087 677 1287 732 easdem
1321 678 1609 748 utrobique
1643 685 1905 749 apparent
1947 678 2085 731 anti-

505 771 731 841 quitatis
778 776 940 834 nota,
981 769 1168 824 eadem
1202 769 1473 823 interdum
1506 769 1670 823 verba
1702 778 2078 840 usurpantur;

504 880 606 918 nec
658 869 865 916 tantam
911 860 1281 916 diversitatem
1312 862 1469 916 habet
1500 863 1693 933 stylus,
1722 861 1853 931 quin
1893 862 1962 917 ab
1990 877 2085 917 eo~

504 954 624 1009 dem
680 954 948 1023 scriptore
995 952 1164 1008 variis
1207 952 1545 1022 temporibus
1593 953 1933 1024 diversisque
1983 968 2083 1024 pro

503 1046 687 1102 causis
731 1045 864 1099 oriri
911 1045 1168 1114 potuerit.
1218 1042 1506 1114 Dionysius
1535 1051 1714 1098 autem
1762 1043 2082 1100 Corinthius

503 1136 751 1191 scribens
781 1135 846 1189 ad
875 1132 1151 1190 Romanos
1183 1135 1323 1204 apud
1353 1135 1645 1189 Eusebium
1677 1137 1772 1190 lib.
1806 1152 1880 1199 tv,
1910 1152 1960 1193 c.
1984 1137 2077 1198 2'5.

502 1228 626 1283 ideo
666 1228 829 1281 unius
872 1233 1083 1281 tantum
1129 1226 1371 1295 epistolae
1408 1227 1703 1283 Clementis
1750 1229 2080 1284 mentionem

507 1318 655 1383 facit,
687 1318 811 1388 quia
848 1318 1087 1387 loquitur
1121 1317 1188 1371 de
1231 1320 1425 1375 litteris
1455 1318 1823 1376 Romanorum
1866 1322 2085 1378 nomine

504 1412 647 1467 datis
693 1411 759 1465 ad
809 1412 1160 1475 Corinthios;
1215 1423 1266 1466 at
1312 1413 1582 1481 posterior
1605 1411 1923 1477 Clementis,
1955 1414 2080 1477 etsi,

504 1510 643 1558 teste
686 1502 903 1567 Photio,
935 1503 1001 1557 ad
1044 1502 1358 1558 Corinthios
1400 1518 1617 1573 quoque
1663 1509 1810 1558 esset
1856 1504 2081 1573 scripta,

503 1609 613 1647 non
661 1604 840 1648 tamen
887 1597 1027 1648 sicut
1076 1596 1243 1664 prior,
1278 1593 1530 1649 Ecclesim
1569 1594 1828 1649 Romana
1858 1611 2080 1661 nomen,

504 1689 598 1744 sed
633 1686 863 1741 Romani
910 1686 1190 1742 Pontiﬁcis
1228 1688 1567 1757 praeferebat.
1598 1686 1874 1743 Iudicatur
1902 1690 1955 1743 id
1985 1705 2081 1760 ap-

2183 508 2348 548 seusu
2378 492 2727 548 scribendum
2757 494 3041 566 receperat)
3060 494 3421 559 traditionem,
3442 496 3769 550 annuntian-

2183 594 2287 639 ten:
2314 602 2477 638 unum
2506 584 2677 640 Deum
2700 586 3126 655 omnipotentem,
3152 587 3406 656 factorem
3434 586 3553 639 caeli
3580 596 3631 642 et
3662 597 3765 641 ter-

2182 691 2277 741 rae,
2296 676 2672 746 plasmatorem
2689 677 2938 741 hominis;
2955 677 3045 748 qui
3061 677 3332 731 induxerit
3353 682 3762 748 cataclysmum,

2181 774 2233 819 et
2286 766 2616 822 advocaverit
2662 766 2955 831 Abraham,
2986 770 3074 838 qui
3118 768 3360 823 eduxerit
3398 772 3651 840 populum
3703 770 3767 823 de

2184 863 2326 910 terra
2366 855 2612 927 dfgypti,
2655 859 2745 929 qui
2782 858 3075 914 collocutus
3111 861 3179 914 sit
3220 858 3429 931 Moysi,
3466 864 3555 932 qui
3596 864 3761 933 legem

2182 948 2523 1018 disposuerit,
2549 960 2599 1005 et
2623 950 2904 1021 prophetas
2937 953 3159 1018 miserit,
3182 954 3273 1023 qui
3296 955 3466 1024 ignem
3485 970 3763 1023 prwpara-

2184 1043 2313 1095 verit
2332 1040 2545 1097 diabolo
2564 1051 2613 1096 et
2644 1044 2845 1114 angelis
2871 1043 3007 1112 ejus.
3036 1043 3260 1101 Brevem
3288 1047 3760 1101 enumerationem

2185 1134 2449 1204 capitum,
2482 1136 2537 1190 in
2566 1136 2669 1192 hac
2700 1136 2960 1193 Ecclesia
2988 1136 3249 1193 Romanae
3277 1138 3506 1209 epistola
3532 1147 3761 1195 conten-

2182 1230 2393 1289 torum,
2431 1234 2657 1281 sanctus
2688 1235 2895 1299 martyr
2926 1227 3185 1282 instituit.
3230 1226 3306 1281 Ea
3351 1236 3533 1282 autem
3576 1232 3759 1284 omnia

2184 1314 2363 1369 adhuc
2389 1316 2569 1386 legere
2597 1323 2712 1380 est,
2754 1326 2984 1387 excepto
3019 1318 3232 1382 ultimo,
3264 1316 3410 1387 quod
3436 1318 3604 1374 dubio
3630 1334 3748 1389 pro-

2184 1404 2272 1459 cul
2320 1405 2513 1460 lacuna
2543 1406 2633 1461 illa
2659 1408 2805 1463 circa
2837 1406 2998 1462 linem
3030 1407 3315 1478 interjecta
3355 1410 3757 1479 complecteba-

2184 1502 2295 1551 tur.
2318 1494 2451 1561 Quis
2468 1511 2647 1566 .porro
2674 1512 2783 1551 non
2812 1497 2992 1562 videt,
3024 1497 3115 1552 ubi
3154 1498 3294 1568 ignis
3320 1498 3538 1554 diabolo
3564 1511 3617 1554 et
3655 1515 3759 1554 an-

2183 1586 2318 1654 gelis
2343 1586 2462 1655 ejus
2502 1595 2835 1656 praeparatus
2886 1588 3311 1653 memorabatur,
3355 1589 3431 1643 ibi
3471 1592 3758 1647 commode

2185 1677 2430 1747 potuisse
2477 1678 2563 1748 agi
2610 1679 2677 1735 de
2722 1678 2908 1733 mundi
2949 1679 3074 1742 line,
3121 1694 3186 1735 ac
3231 1680 3299 1736 de
3336 1680 3627 1751 impiorum
3660 1698 3757 1753 per

505 1781 815 1849 pellatione,
861 1779 1075 1848 ἀδελφοί
1110 1795 1231 1849 μου,
1264 1794 1426 1849 quam
1472 1778 1526 1833 in
1570 1779 1808 1834 secunda
1854 1793 1963 1834 non
1993 1795 2078 1836 se-
2109 1772 2152 1829 Β
2178 1770 2358 1840 ignem
2375 1771 2586 1839 judicio
2615 1779 2747 1826 tunc
2775 1770 2988 1839 ΐυιυΐοὶ
3014 1772 3246 1843 ideoque
3265 1780 3319 1827 οι
3355 1770 3575 1844 Sibyllae
3601 1789 3755 1830 mell-

503 1872 609 1925 utel
641 1873 870 1942 positam
903 1870 1166 1933 invenies,
1207 1885 1477 1940 nusquam
1511 1870 1565 1925 in
1595 1871 1799 1941 priore.

575 1962 776 2029 Ohjieit
824 1960 1064 2016 Iacobus
1113 1960 1390 2025 Usserius,
1421 1961 1808 2017 dissertatione
1850 1960 1919 2017 de
1945 1963 2082 2019 scri-

501 2052 611 2123 ptis
640 2052 852 2122 lgnatii,
880 2062 1009 2115 etc.,
1045 2067 1164 2122 cap.
1198 2054 1267 2107 lli
1297 2054 1364 2107 ad
1395 2055 1540 2108 hunc
1573 2052 1827 2107 modum:
1862 2051 2081 2124 Episto-

502 2144 555 2197 la
591 2143 750 2197 titqu
788 2143 1082 2199 Clementis
1129 2141 1197 2197 ad
1243 2142 1560 2198 Corinthios
1590 2152 1806 2208 ornata,
1840 2145 2083 2214 profere-

504 2236 597 2289 bat
615 2234 1094 2305 (quemadmodum
1156 2248 1221 2287 επ
1240 2228 1629 2300 ριιωδιὶοηὶὁιιδ
1650 2230 1721 2283 ad
1740 2228 2077 2302 orthodoaos,

500 2325 716 2384 Iustino
760 2328 979 2399 Martyri
1022 2326 1264 2391 tributis,
1297 2326 1463 2397 Resp.
1495 2328 1563 2382 ad
1589 2336 1783 2398 quaest.
1825 2327 1891 2383 74
1919 2327 2083 2382 intel-

502 2420 725 2490 ligimus
747 2436 765 2492 )
797 2420 1041 2474 carmina
1076 2418 1361 2490 Sibyllina,
1396 2434 1515 2488 qua:
1545 2419 1838 2474 Clementis
1870 2426 2071 2491 tempo-

500 2514 656 2568 ribus
704 2513 1004 2582 posteriora
1052 2509 1300 2574 l'uerunt;
1333 2510 1474 2565 unde
1501 2510 1775 2581 colligitur
1804 2527 1923 2567 eam
1946 2514 2083 2567 cita—

502 2607 710 2660 tionem
742 2619 868 2658 cum
901 2603 957 2656 in
986 2603 1167 2673 priore
1192 2602 1487 2657 Clementis
1527 2603 1757 2672 epistola
1802 2618 2078 2673 nusquam

502 2702 834 2767 compareat,
868 2694 936 2748 ad
965 2695 1191 2749 alteram
1219 2693 1410 2749 referri
1435 2694 1652 2757 debere,
1686 2710 1807 2765 quae
1835 2695 2081 2763 ejusdem

502 2789 723 2842 nomine
759 2787 896 2841 falso
927 2786 1279 2841 inscribatur.
1300 2783 1576 2839 lnlirmum
1607 2789 1765 2855 plane
1795 2802 2081 2857 argumen-

504 2885 638 2930 tum.
672 2876 811 2930 Audi
836 2876 997 2930 verba
1036 2873 1469 2947 pseudo-Justini
1505 2894 1517 2930 :
1550 2876 1613 2928 El
1660 2875 1760 2947 τῆς
1800 2877 2083 2949 παρούσης

502 2970 886 3032 καταστάσεως
932 2970 993 3022 τὸ
1039 2968 1189 3028 τέλος
1233 2969 1379 3021 ἐστὶν
1427 2970 1460 3039 ἡ
1510 2969 1598 3023 διὰ
1623 2970 1717 3023 τοῦ
1749 2970 1917 3042 πυρὸς
1961 2971 2085 3044 κρί-

505 3077 591 3125 σις
657 3061 764 3114 τῶν
820 3060 1026 3115 ἀσεϐῶν
1060 3099 1074 3123 ,
1148 3060 1293 3114 καθά
1355 3078 1517 3131 φασιν
1582 3063 1639 3115 αἱ
1684 3063 1893 3132 γραφαὶ
1948 3077 2083 3133 προ-

503 3114 689 3223 φητῶν
749 3170 808 3205 τε
865 3153 958 3205 καὶ
1000 3114 1331 3216 ἀποστόλων,
1369 3114 1481 3207 ,ἔτι
1513 3154 1569 3207 δὲ
1590 3114 1597 3115 7
1622 3114 1735 3207 καίΙ
1762 3114 1859 3224 της
1884 3114 2077 3207 νΣιϐῦλ-
2107 3114 2150 3174 C

502 3242 621 3313 λης,
655 3241 836 3306 καθώς
887 3259 1049 3313 φησιν
1095 3242 1123 3293 ὁ
1179 3244 1443 3314 μακάριος
1490 3244 1721 3316 Κλήμης
1764 3246 1821 3297 ὲν
1847 3247 1913 3316 τῇ
1944 3244 2081 3316 πρὸς

502 3332 825 3405 Κορινθίους
869 3332 1148 3405 ἐπιστολῇ,
1185 3342 1289 3388 etc.
1347 3333 1407 3389 Si
1452 3337 1724 3403 pra-sentis
1760 3349 1932 3388 rerum
1966 3344 2080 3389 sta-

503 3436 590 3481 tus
622 3426 743 3496 ﬁnis
772 3435 851 3480 est
916 3426 1196 3494 impiorum
1240 3440 1332 3497 per
1380 3428 1548 3497 ignem
1586 3426 1888 3496 judicium,
1922 3434 2077 3495 prout

500 3526 768 3572 testantur
810 3517 1181 3586 prophetarum
1227 3526 1277 3571 et
1312 3518 1669 3588 apostolorum
1717 3519 1938 3588 scripta,
1993 3529 2078 3573 at-

501 3626 600 3679 que
645 3610 857 3679 insuper
890 3607 1112 3680 Sibylla
1135 3611 1321 3678 ipsius,
1365 3610 1800 3681 quemadmodum
1831 3613 1906 3664 ait
1955 3610 2078 3666 bea-

502 3712 588 3754 tus
638 3698 876 3755 Clemens
923 3702 978 3753 in
1010 3699 1251 3769 Epistola
1302 3700 1371 3755 ad
1415 3699 1739 3765 Corinthios,
1790 3709 1896 3757 etc.
1946 3699 2077 3767 Quae

502 3792 563 3848 in
626 3790 888 3846 Gallicam
942 3792 1180 3863 linguam
1226 3793 1302 3847 ita
1345 3796 1510 3849 vertit
1540 3792 1709 3849 David
1760 3792 2076 3851 Blondellus

503 3883 646 3939 libro
675 3884 852 3954 primo
898 3882 972 3940 De
1016 3884 1259 3957 Sibyllis,
1299 3901 1420 3957 cap.
1456 3886 1561 3951 ΞΟ,
1614 3901 1679 3942 ac
1730 3886 1780 3942 si
1830 3886 2072 3958 legisset,

499 3973 561 4028 ιν
586 3976 654 4046 τῇ
683 3973 874 4048 πρώτῃ
903 3975 1042 4047 πρὸς
1069 3976 1386 4049 Κορινθίους
1413 3976 1805 4051 ἐπιστολῇ.8ιεά
1834 3990 2073 4037 erratum

500 4072 588 4120 est
633 4067 979 4135 pmperantis
1025 4067 1284 4134 hominis,
1317 4070 1653 4140 nimiumque
1696 4073 1960 4128 memoria
2010 4071 2075 4127 ll-

499 4160 701 4215 dentis.
738 4159 924 4231 Itaque
953 4176 1079 4216 cum
1136 4163 1614 4234 pseudo-Justinus
1662 4168 1961 4237 generatim
2007 4170 2076 4226 de

496 4253 746 4324 epistolis
771 4254 1043 4324 loquatur,
1078 4263 1265 4309 neutra
1291 4264 1469 4313 autem
1498 4258 1567 4313 ad
1588 4274 1690 4315 nos
1715 4261 1923 4331 integra
1949 4275 2074 4331 per-

497 4346 729 4413 venerit,
762 4353 965 4401 temere
1008 4347 1077 4402 ab
1130 4346 1351 4403 Usserio
1390 4359 1735 4405 asseveratur
1760 4366 1869 4416 res,
1908 4367 2071 4423 quam

2182 1863 2259 1917 tio
2283 1862 2433 1917 ﬁeri?

2248 1976 2340 2030 Ait
2369 1982 2554 2031 tamen
2576 1974 2661 2031 vir
2687 1975 2979 2046 perdoctus
2999 1990 3110 2031 non
3136 1977 3360 2033 licuisse
3383 1991 3482 2048 per
3499 1984 3755 2048 tempora

2182 2065 2449 2121 Clementi
2495 2081 2562 2120 ex
2611 2064 2892 2137 Sibyllinis
2938 2067 3307 2132 carminibus,
3384 2076 3572 2139 utpote
3634 2068 3760 2139 ipso

2184 2158 2600 2229 posterioribus,
2627 2158 3000 2213 testimonium
3030 2166 3238 2230 petere.
3269 2160 3382 2216 lloc
3406 2162 3753 2232 probandum

2182 2256 2325 2311 erat.
2365 2266 2473 2305 non
2510 2250 2672 2306 modo
2701 2250 3035 2308 dicendum:
3065 2251 3211 2323 quod
3248 2253 3295 2307 si
3325 2263 3628 2320 constaret,
3664 2268 3757 2309 re-

2183 2343 2459 2413 quirerem
2504 2342 2883 2412 prae-dietarum
2926 2343 3300 2410 Quaestionum
3352 2346 3570 2401 codices
3612 2360 3753 2406 mss.

2183 2452 2312 2491 num
2326 2449 2426 2505 pro
2443 2434 2625 2499 καθώς
2639 2435 3004 2491 haberentxal
3021 2437 3095 2501 ὡς
3115 2438 3311 2491 autxai
3325 2437 3526 2499 καθώς.
3548 2436 3752 2491 Verum

2184 2541 2350 2596 super
2380 2523 2659 2596 Sibyllinis
2692 2527 2943 2581 versibus
2972 2528 3312 2598 exploratum
3353 2542 3464 2583 non
3496 2527 3752 2593 habetur,

2183 2616 2401 2688 quando
2445 2617 2712 2687 coeperint
2752 2617 2894 2688 apud
2941 2615 3283 2674 Christianos
3327 2620 3589 2688 evulgari.
3635 2617 3755 2675 Sub

2183 2711 2447 2781 apostolis
2468 2726 2582 2767 rem
2610 2711 2905 2780 contigisse
2927 2710 3309 2780 persuaderet,
3332 2711 3477 2782 quod
3504 2728 3534 2765 a
3562 2712 3755 2767 multis

2182 2799 2442 2865 refertur,
2475 2802 2809 2856 Clementem
2840 2801 3266 2857 Alexandrinum
3297 2803 3349 2857 in
3368 2815 3421 2857 vn
3440 2801 3753 2857 Stromateo

2185 2889 2275 2960 (ρ.
2299 2890 2434 2959 636)
2464 2892 2701 2946 recitare
2733 2890 2899 2947 verba
2926 2889 3081 2946 Pauli
3104 2893 3359 2963 apostoli,
3400 2890 3618 2948 Graecos
3648 2909 3751 2948 seu

2184 2973 2410 3045 gentiles
2459 2981 2527 3036 ad
2566 2978 2784 3050 Sibyllae
2826 2984 3049 3039 oracula
3091 2984 3472 3051 amandantis;
3515 2986 3622 3040 nisi
3654 2995 3752 3040 aut

2182 3071 2434 3127 Clemens
2478 3071 2714 3127 fabulam
2746 3088 2777 3127 a
2817 3074 3052 3145 quodam
3090 3077 3406 3148 apocrypho
3444 3078 3751 3148 sumpsisse

2181 3161 2288 3217 dici
2311 3170 2526 3234 posset;
2552 3169 2646 3217 aut
2673 3162 2857 3234 potius
2885 3164 3034 3219 illius
3063 3180 3282 3220 sensum
3305 3165 3617 3221 viderentur
3636 3184 3748 3224 non

2180 3255 2428 3325 attigisse
2450 3255 2698 3310 homines
2728 3256 2909 3323 docti;
2948 3271 3069 3326 quae
3095 3257 3314 3326 quidem
3359 3274 3479 3313 mea
3514 3269 3599 3314 est
3626 3260 3748 3332 opi-

2180 3345 2290 3399 nio.
2310 3344 2387 3399 Eo
2413 3346 2612 3415 quippe
2636 3346 2739 3400 loci
2769 3355 3057 3417 postquam
3087 3366 3152 3405 ex
3172 3349 3315 3404 Petri
3343 3352 3743 3419 praedicatione,

2180 3437 2322 3491 libro
2338 3446 2490 3492 extra
2501 3454 2764 3493 canonem
2794 3440 2993 3509 posito,
3017 3438 3343 3493 aliirmavitb
3358 3438 3743 3511 Στρωματεὺς,

2176 3526 2404 3597 Graecis,
2438 3538 2495 3583 ut
2525 3529 2692 3586 Deum
2717 3531 2963 3585 colerent
2991 3539 3045 3585 et
3068 3530 3241 3602 gloria
3270 3531 3577 3595 adicerent,
3610 3547 3745 3587 con-

2176 3634 2391 3675 cassam
2434 3620 2607 3675 fuisse
2647 3621 3074 3691 philosophiam,
3106 3622 3561 3692 quemadmodum
3601 3638 3720 3678 eam

2177 3712 2301 3767 dem
2335 3713 2406 3768 ob
2433 3727 2657 3767 causam
2689 3720 2981 3783 utrumque
3017 3711 3427 3768 Testamentum
3456 3711 3658 3769 Iudaeis
3688 3722 3744 3769 et

2175 3797 2537 3865 Christianis;
2588 3798 2694 3854 ista
2724 3799 2886 3869 paulo
2912 3798 3231 3854 obscuriora
3285 3798 3505 3869 subjicit
3542 3817 3557 3855 :
3596 3800 3743 3854 Ἐπεὶ

2174 3894 2255 3947 δτι
2323 3894 2572 3966 καθάπερ
2674 3895 2955 3958 Ἰουδαίους
3043 3893 3307 3960 σώζεσθαι
3390 3892 3637 3947 ἐϐούλετο
3711 3892 3743 3947 6

2174 3983 2326 4047 Θεδς,
2372 3985 2498 4048 τοὺς
2530 3985 2814 4057 προφήτας
2857 3984 3063 4048 διδοὺς,
3104 3983 3276 4047 οῦτως
3323 3982 3420 4037 καὶ
3477 3983 3743 4054 Ἑλλήνιον

2173 4077 2298 4139 τοὺς
2327 4075 2749 4147 δοκιμωτάτους,
2779 4074 3009 4137 οἰκείους
3036 4073 3214 4128 αὐτῶν
3239 4076 3306 4145 τῇ
3326 4072 3586 4143 διαλέκτῳ
3606 4088 3741 4143 προ-

2174 4169 2350 4239 φήτας
2370 4168 2698 4238 ἀναστήσας,
2715 4167 2791 4230 ὡς
2817 4162 2918 4221 οἷοί
2945 4183 3003 4219 τε
3030 4162 3169 4238 ἦσαν
3194 4164 3443 4236 δέχεσθαι
3468 4164 3564 4235 τὴν
3585 4163 3741 4235 παρὰ

2162 4258 2298 4315 Θεοῦ
2327 4259 2664 4331 εὐεργεσίαν,
2711 4260 2817 4313 τῶν
2849 4258 3079 4330 χυδαίων
3124 4256 3423 4329 ἀνθρώπιον
3449 4257 3734 4327 διέκρινεν,

2171 4349 2397 4420 δηλώσει
2426 4350 2562 4421 πρὸς
2612 4344 2691 4418 τῷ
2718 4342 3334 4419 Πέτρουοκηρύγματι,
3375 4348 3403 4399 6
3440 4347 3736 4411 ἀπόστολος

498 4438 649 4491 nullo
674 4437 838 4491 modo
874 4440 1049 4509 potuit
1096 4441 1323 4497 rescire.
1356 4440 1611 4507 Quinimo
1636 4443 1683 4498 si
1718 4444 2069 4499 divinationi-

2177 4441 2342 4509 λέγων
2385 4440 2614 4504 Παῦλος.
2636 4436 2840 4493 Λάϐετε
2887 4442 2982 4494 καὶ
3023 4439 3121 4503 τὰς
3160 4438 3471 4509 Ἑλληνικὰς
3501 4437 3732 4508 βίϐλους,

496 4528 603 4583 bus
630 4527 910 4599 indulgere
958 4530 1137 4591 liceat,
1169 4531 1495 4586 crediderim
1527 4531 1581 4586 in
1612 4534 1800 4604 prima:
1827 4535 2072 4605 epistolae

497 4619 694 4675 lacuna
725 4621 789 4674 ad
833 4635 884 4676 c.
912 4621 981 4675 57
1011 4621 1207 4675 iactam
1251 4621 1473 4694 Sibylla:
1515 4625 1863 4682 mentionem.
1894 4626 2071 4697 Atque

497 4708 832 4777 conjecturae
884 4709 1111 4763 fundum
1166 4718 1221 4765 et
1275 4721 1555 4768 auctorem
1595 4713 1667 4768 do
1714 4712 1776 4771 S.
1808 4713 2069 4771 Irenaeum

498 4797 597 4853 lib.
631 4812 691 4851 ιιι
727 4796 987 4852 Adversus
1003 4798 1242 4867 hereses,
1302 4818 1423 4873 cap.
1449 4804 1504 4867 3,
1535 4804 1626 4859 ubi
1652 4804 1755 4859 hoc
1774 4815 1935 4875 pacto
1957 4807 2070 4863 dis-

496 4889 632 4945 serit
664 4908 677 4943 :
712 4887 819 4945 Sub
850 4891 946 4944 hoc
975 4892 1136 4962 igitur
1157 4891 1441 4959 Clemente,
1470 4894 1797 4952 dissensione
1824 4914 1927 4953 non
1958 4914 2069 4951 mo.

493 4981 619 5038 dico
644 4984 781 5037 inter
805 5000 892 5038 eos
924 4985 1013 5054 qui
1042 4983 1281 5041 Corinthi
1310 4998 1479 5043 essent
1511 4989 1706 5058 fratres
1736 4990 1910 5060 facta,
1937 4992 2070 5046 scri-

492 5074 603 5143 psit
650 5090 767 5144 qum
808 5085 884 5129 est
917 5074 1097 5131 Roma
1132 5075 1370 5132 Ecclesia
1419 5080 1811 5148 potentissimas
1865 5080 2069 5136 litteras

497 5161 809 5230 Corinthiis,
848 5166 917 5220 ad
944 5183 1124 5237 pacem
1153 5184 1240 5223 eos
1267 5184 1608 5241 congregans,
1638 5180 1687 5226 et
1716 5186 1970 5241 reparans
2002 5173 2069 5241 ﬁ-

496 5252 615 5308 dem
638 5272 840 5319 eorum,
869 5267 919 5311 et
951 5259 1273 5339 annuntians
1304 5262 1666 5329 (annuntians
1712 5263 1985 5317 omittitur
2011 5263 2067 5319 in

496 5344 687 5401 Graeco
733 5348 875 5417 apud
922 5348 1217 5405 Eusebium
1247 5352 1342 5407 lib.
1376 5369 1428 5415 ν,
1460 5368 1580 5423 cap.
1608 5353 1673 5421 6;
1718 5362 1773 5409 ct
1796 5354 2067 5429 Nicepho-

496 5452 620 5492 rum
664 5439 758 5495 lib.
792 5456 868 5505 tv,
895 5456 1017 5512 cap.
1053 5443 1138 5507 15,
1170 5444 1311 5501 forte
1353 5445 1425 5500 ob
1460 5445 1867 5503 similitudinem
1897 5451 2069 5521 parti-

496 5529 764 5599 cipiorum
792 5533 1089 5588 άνανεοῦσα
1116 5545 1171 5591 et
1198 5537 1619 5606 άναγγέλλουσα.
1659 5537 1796 5603 Nam
1835 5540 2064 5600 Ruﬁnus

498 5621 714 5677 videtur
740 5624 845 5679 hoc
871 5641 1086 5696 quoque
1125 5628 1178 5683 in
1220 5628 1455 5685 Eusebio
1489 5631 1711 5701 legisse,
1734 5634 1861 5688 dum
1895 5636 2063 5691 inter-

499 5716 742 5777 pretatur
768 5712 1084 5784 exprimens)
1109 5731 1266 5785 quam
1295 5717 1349 5772 in
1380 5719 1571 5774 recenti
1603 5718 1667 5773 ab
1692 5722 1942 5788 apostolis
1974 5738 2057 5777 re-

2174 4532 2438 4601 ὲπίγνωτε
2481 4531 2739 4586 Σίϐυλλαν
2758 4572 2773 4596 ,
2804 4533 2879 4596 ὡς
2906 4532 3056 4603 δηλοῖ
3081 4532 3176 4584 ἕνα
3196 4531 3326 4588 Θεὸν
3356 4532 3450 4584 καὶ
3488 4528 3557 4583 τὰ
3608 4528 3736 4600 μέλ-

2172 4623 2331 4677 λοντα
2358 4621 2596 4676 ἔσεσθαι·
2628 4624 2721 4677 καί
2749 4622 2840 4677 τὸν
2875 4622 3185 4692 Ὑστάσπην
3211 4621 3463 4685 λαϐόντες
3489 4620 3735 4687 ἀνάγνω-

2170 4733 2250 4780 τε,
2280 4717 2373 4770 καὶ⁸
2401 4716 2659 4788 εὑρήσετε
2689 4713 2868 4783 πολλῷ
2896 4714 3322 4785 τηλαυγέστερον
3350 4714 3443 4767 καὶ
3472 4712 3735 4781 σαφέστε-

2173 4826 2264 4881 ρον
2294 4808 2674 4880 γεγραμμένον
2703 4806 2794 4860 τὸν
2812 4805 2934 4859 Υἱὸν
2972 4804 3067 4859 τοῦ
3104 4804 3262 4867 Θεοῦ,
3300 4806 3393 4858 καὶ
3425 4803 3606 4868 καθὼς
3636 4821 3733 4856 πα-

2172 4898 2393 4970 ράταξιν
2422 4900 2708 4969 ποιήσουσι
2735 4895 2813 4967 τῷ
2840 4895 3062 4968 Χριστῷ
3117 4895 3300 4949 πολλοὶ
3355 4893 3590 4965 βασιλεῖς
3650 4912 3732 4964 μι-

2172 4993 2390 5058 σοῦντες
2417 4992 2601 5057 αὐτὸν,
2632 4992 2728 5046 καὶ
2755 4992 2878 5054 τοὺς
2908 4990 3208 5061 φοροῦντας
3251 4990 3310 5042 τὸ
3337 4990 3506 5061 ὄνομα
3535 4988 3727 5051 αὐτοῦ,

2170 5085 2263 5137 καὶ
2295 5084 2421 5147 τοὺς
2453 5083 2678 5145 πιστοὺς
2705 5079 2894 5144 αὑτοῦ,
2925 5081 3019 5133 καὶ
3045 5079 3142 5151 τὴν
3184 5078 3479 5151 ὑπομονὴν,
3510 5079 3603 5133 καὶ
3631 5079 3729 5151 τὴν

2169 5174 2468 5245 παρουσίαν
2498 5171 2683 5225 αὑτοῦ.
2716 5165 2849 5225 Εἶτα
2896 5171 2976 5224 ἑνὶ
3018 5169 3158 5240 λόγῳ
3200 5170 3518 5223 πυνθάνεται
3548 5171 3725 5240 ἡμῶν·

2168 5266 2326 5332 Ὅλος
2339 5266 2396 5321 δὲ
2409 5268 2437 5320 ό
2453 5265 2657 5337 κόσμος
2669 5262 2768 5316 καὶ
2782 5261 2849 5315 τὰ
2873 5262 2932 5315 ὲν
2950 5261 3027 5334 τῷ
3047 5263 3253 5334 κόσμῳ,
3270 5262 3412 5324 τίνος
3432 5278 3446 5326 ;
3476 5262 3595 5331 οὐχὶ
3632 5262 3727 5316 τοῦ

2166 5355 2300 5411 Θεοῦ
2316 5373 2330 5421 ;
2348 5354 2477 5420 Quae
2494 5356 2655 5409 verba
2672 5355 2751 5409 sic
2767 5354 3064 5426 accipiunt,
3080 5355 3235 5425 quasi
3264 5353 3475 5417 λάϐετε,
3490 5363 3623 5416 etc.,
3657 5354 3728 5409 sit

2173 5448 2417 5521 Apostoli
2443 5446 2769 5502 exhortatio.
2800 5448 2871 5500 At
2897 5462 2998 5516 ego
3024 5446 3143 5510 illa,
3182 5447 3210 5498 6
3237 5444 3529 5508 ἀπόστολος
3555 5444 3727 5513 λέγων

2163 5536 2515 5601 Παῦλος,ηοιι
2542 5536 2721 5593 refero
2742 5536 2810 5593 ad
2829 5537 3216 5607 consequentia
3240 5535 3452 5600 λάϐετε,
3473 5544 3605 5600 etc.,
3627 5535 3725 5591 sed

2164 5631 2229 5683 ad
2242 5630 2623 5700 precedentia,
2639 5631 2869 5694 οἰκείους
2886 5630 3063 5684 αὐτῶν
3076 5631 3140 5700 τῇ
3162 5629 3423 5701 διαλέκτῳ
3441 5630 3738 5701 προφήτας,

2164 5736 2260 5776 seu
2274 5722 2340 5777 ad
2355 5722 2682 5779 versiculum
2701 5721 2768 5779 l2
2800 5721 2994 5793 capitis
3013 5740 3030 5780 ι
3050 5721 3300 5792 Epistolm
3312 5720 3589 5788 ad’l'itum,
3603 5715 3723 5773 εἶπέ
