  <div class='ocr_page' id='page_1' title='image "/cluster/home/n/w/nwhite01/storage/ocr_20150623/1/hvd.32044073501405/042.png"; bbox 0 0 4070 6340; ppageno 0'>
   <div class='ocr_carea' id='block_1_1' title="bbox 358 292 3552 362">
    <p class='ocr_par' dir='ltr' id='par_1_1' title="bbox 358 292 3552 362">
     <span class='ocr_line' id='line_1_1' title="bbox 358 292 3552 362; baseline 0.004 -16"><span class='ocrx_word' id='word_1_1' title='bbox 358 292 425 347; x_wconf 74' lang='grc'><strong>75</strong></span> <span class='ocrx_word' id='word_1_2' title='bbox 765 303 769 307; x_wconf 86' lang='grc'><strong>’</strong></span> <span class='ocrx_word' id='word_1_3' title='bbox 1568 293 1907 350; x_wconf 73' lang='lat' dir='ltr'><strong>PROCEMlA</strong></span> <span class='ocrx_word' id='word_1_4' title='bbox 1946 292 2328 353; x_wconf 72' lang='lat' dir='ltr'><strong>VARIORUM.</strong></span> <span class='ocrx_word' id='word_1_5' title='bbox 3483 307 3552 362; x_wconf 61' lang='grc' dir='ltr'><strong>τι</strong></span> 
     </span>
    </p>
   </div>
   <div class='ocr_carea' id='block_1_2' title="bbox 350 404 1878 483">
    <p class='ocr_par' dir='ltr' id='par_1_2' title="bbox 350 404 1868 482">
     <span class='ocr_line' id='line_1_2' title="bbox 350 404 1868 482; baseline 0.003 -22"><span class='ocrx_word' id='word_1_6' title='bbox 350 423 430 470; x_wconf 78' lang='grc' dir='ltr'>τις</span> <span class='ocrx_word' id='word_1_7' title='bbox 454 404 515 471; x_wconf 76' lang='grc' dir='ltr'><strong>ἐξ</strong></span> <span class='ocrx_word' id='word_1_8' title='bbox 540 406 719 460; x_wconf 81' lang='grc' dir='ltr'>αὐτῶν</span> <span class='ocrx_word' id='word_1_9' title='bbox 752 407 879 471; x_wconf 72' lang='grc' dir='ltr'>ἴδιος</span> <span class='ocrx_word' id='word_1_10' title='bbox 907 408 1085 463; x_wconf 76' lang='grc' dir='ltr'>αὐτῶν</span> <span class='ocrx_word' id='word_1_11' title='bbox 1115 410 1428 482; x_wconf 74' lang='grc' dir='ltr'><strong>προφήτηςς</strong></span> <span class='ocrx_word' id='word_1_12' title='bbox 1460 417 1513 463; x_wconf 90' lang='lat' dir='ltr'><strong>et</strong></span> <span class='ocrx_word' id='word_1_13' title='bbox 1532 408 1741 473; x_wconf 79' lang='grc' dir='ltr'>λάϐετε,</span> <span class='ocrx_word' id='word_1_14' title='bbox 1764 418 1868 463; x_wconf 87' lang='lat' dir='ltr'><strong>etc.</strong></span> 
     </span>
    </p>
   </div>
   <div class='ocr_carea' id='block_1_3' title="bbox 1977 404 3546 483">
    <p class='ocr_par' dir='ltr' id='par_1_3' title="bbox 1998 409 3546 483">
     <span class='ocr_line' id='line_1_3' title="bbox 1998 409 3546 483; baseline 0.006 -21"><span class='ocrx_word' id='word_1_15' title='bbox 1998 424 2103 478; x_wconf 90' lang='lat' dir='ltr'><strong>que</strong></span> <span class='ocrx_word' id='word_1_16' title='bbox 2135 409 2455 471; x_wconf 87' lang='lat' dir='ltr'><strong>multorum,</strong></span> <span class='ocrx_word' id='word_1_17' title='bbox 2491 423 2684 466; x_wconf 84' lang='lat' dir='ltr'><strong>versus</strong></span> <span class='ocrx_word' id='word_1_18' title='bbox 2713 410 3348 483; x_wconf 72' lang='lat' dir='ltr'><strong>SibyllinteCollectionis</strong></span> <span class='ocrx_word' id='word_1_19' title='bbox 3370 415 3462 471; x_wconf 86' lang='lat' dir='ltr'><strong>lib.</strong></span> <span class='ocrx_word' id='word_1_20' title='bbox 3496 435 3546 481; x_wconf 78' lang='grc' dir='ltr'>ι,</span> 
     </span>
    </p>
   </div>
   <div class='ocr_carea' id='block_1_4' title="bbox 345 498 1899 570">
    <p class='ocr_par' dir='ltr' id='par_1_4' title="bbox 345 498 1899 570">
     <span class='ocr_line' id='line_1_4' title="bbox 345 498 1899 570; baseline 0.001 -16"><span class='ocrx_word' id='word_1_21' title='bbox 345 498 643 555; x_wconf 75' lang='lat' dir='ltr'><strong>Clementis</strong></span> <span class='ocrx_word' id='word_1_22' title='bbox 679 513 805 554; x_wconf 87' lang='lat' dir='ltr'><strong>esse</strong></span> <span class='ocrx_word' id='word_1_23' title='bbox 839 501 1095 564; x_wconf 84' lang='lat' dir='ltr'><strong>arbitror,</strong></span> <span class='ocrx_word' id='word_1_24' title='bbox 1144 517 1252 556; x_wconf 90' lang='lat' dir='ltr'><strong>non</strong></span> <span class='ocrx_word' id='word_1_25' title='bbox 1294 502 1444 555; x_wconf 84' lang='lat' dir='ltr'><strong>Pauli</strong></span> <span class='ocrx_word' id='word_1_26' title='bbox 1473 520 1486 555; x_wconf 90' lang='lat'><strong>:</strong></span> <span class='ocrx_word' id='word_1_27' title='bbox 1518 508 1630 554; x_wconf 93' lang='lat' dir='ltr'><strong>tum</strong></span> <span class='ocrx_word' id='word_1_28' title='bbox 1660 501 1805 570; x_wconf 81' lang='lat' dir='ltr'><strong>quod</strong></span> <span class='ocrx_word' id='word_1_29' title='bbox 1844 501 1899 555; x_wconf 90' lang='lat' dir='ltr'><strong>in</strong></span> 
     </span>
    </p>
   </div>
   <div class='ocr_carea' id='block_1_5' title="bbox 345 585 1900 663">
    <p class='ocr_par' dir='ltr' id='par_1_5' title="bbox 345 585 1900 663">
     <span class='ocr_line' id='line_1_5' title="bbox 345 585 1900 663; baseline 0 -17"><span class='ocrx_word' id='word_1_30' title='bbox 345 592 452 646; x_wconf 74' lang='lat' dir='ltr'><strong>ﬁne</strong></span> <span class='ocrx_word' id='word_1_31' title='bbox 473 590 697 655; x_wconf 87' lang='lat' dir='ltr'><strong>dicitur,</strong></span> <span class='ocrx_word' id='word_1_32' title='bbox 711 585 828 643; x_wconf 81' lang='grc' dir='ltr'>εἶτα</span> <span class='ocrx_word' id='word_1_33' title='bbox 846 592 925 645; x_wconf 75' lang='grc' dir='ltr'>ἐνὶ</span> <span class='ocrx_word' id='word_1_34' title='bbox 941 591 1100 663; x_wconf 79' lang='grc' dir='ltr'><strong>λόγῳ,</strong></span> <span class='ocrx_word' id='word_1_35' title='bbox 1120 604 1223 661; x_wconf 83' lang='lat' dir='ltr'><strong>etc.</strong></span> <span class='ocrx_word' id='word_1_36' title='bbox 1249 591 1623 648; x_wconf 73' lang='lat' dir='ltr'><strong>Prazdicationi</strong></span> <span class='ocrx_word' id='word_1_37' title='bbox 1641 590 1786 647; x_wconf 85' lang='lat' dir='ltr'><strong>Petri</strong></span> <span class='ocrx_word' id='word_1_38' title='bbox 1802 593 1900 646; x_wconf 87' lang='lat' dir='ltr'><strong>tri-</strong></span> 
     </span>
    </p>
   </div>
   <div class='ocr_carea' id='block_1_6' title="bbox 348 681 1899 755">
    <p class='ocr_par' dir='ltr' id='par_1_6' title="bbox 348 681 1899 755">
     <span class='ocr_line' id='line_1_6' title="bbox 348 681 1899 755; baseline 0.001 -19"><span class='ocrx_word' id='word_1_39' title='bbox 348 685 474 744; x_wconf 89' lang='lat' dir='ltr'><strong>huo,</strong></span> <span class='ocrx_word' id='word_1_40' title='bbox 497 697 621 735; x_wconf 90' lang='lat' dir='ltr'><strong>cum</strong></span> <span class='ocrx_word' id='word_1_41' title='bbox 646 681 806 751; x_wconf 80' lang='lat' dir='ltr'><strong>cujus</strong></span> <span class='ocrx_word' id='word_1_42' title='bbox 836 683 1023 738; x_wconf 90' lang='lat' dir='ltr'><strong>ultimo</strong></span> <span class='ocrx_word' id='word_1_43' title='bbox 1046 699 1298 739; x_wconf 85' lang='lat' dir='ltr'><strong>sermone</strong></span> <span class='ocrx_word' id='word_1_44' title='bbox 1325 686 1485 755; x_wconf 91' lang='lat' dir='ltr'><strong>paulo</strong></span> <span class='ocrx_word' id='word_1_45' title='bbox 1510 692 1637 738; x_wconf 91' lang='lat' dir='ltr'><strong>ante</strong></span> <span class='ocrx_word' id='word_1_46' title='bbox 1660 700 1755 754; x_wconf 90' lang='lat' dir='ltr'><strong>per</strong></span> <span class='ocrx_word' id='word_1_47' title='bbox 1778 683 1899 739; x_wconf 90' lang='lat' dir='ltr'><strong>Cle-</strong></span> 
     </span>
    </p>
   </div>
   <div class='ocr_carea' id='block_1_7' title="bbox 350 773 1893 846">
    <p class='ocr_par' dir='ltr' id='par_1_7' title="bbox 350 773 1893 846">
     <span class='ocr_line' id='line_1_7' title="bbox 350 773 1893 846; baseline 0.005 -20"><span class='ocrx_word' id='word_1_48' title='bbox 350 782 583 827; x_wconf 91' lang='lat' dir='ltr'><strong>mentem</strong></span> <span class='ocrx_word' id='word_1_49' title='bbox 618 773 840 829; x_wconf 82' lang='lat' dir='ltr'><strong>laudato</strong></span> <span class='ocrx_word' id='word_1_50' title='bbox 874 776 1129 830; x_wconf 80' lang='lat' dir='ltr'><strong>convenit</strong></span> <span class='ocrx_word' id='word_1_51' title='bbox 1158 777 1379 846; x_wconf 86' lang='lat' dir='ltr'><strong>optime.</strong></span> <span class='ocrx_word' id='word_1_52' title='bbox 1412 775 1680 841; x_wconf 81' lang='lat' dir='ltr'><strong>Quocirca</strong></span> <span class='ocrx_word' id='word_1_53' title='bbox 1710 783 1893 834; x_wconf 81' lang='lat' dir='ltr'><strong>verto:</strong></span> 
     </span>
    </p>
   </div>
   <div class='ocr_carea' id='block_1_8' title="bbox 346 865 1899 937">
    <p class='ocr_par' dir='ltr' id='par_1_8' title="bbox 346 865 1899 937">
     <span class='ocr_line' id='line_1_8' title="bbox 346 865 1899 937; baseline 0.004 -20"><span class='ocrx_word' id='word_1_54' title='bbox 346 865 779 937; x_wconf 77' lang='lat' dir='ltr'><strong>Quandoquidem</strong></span> <span class='ocrx_word' id='word_1_55' title='bbox 819 867 955 936; x_wconf 88' lang='lat' dir='ltr'><strong>quod</strong></span> <span class='ocrx_word' id='word_1_56' title='bbox 989 869 1122 922; x_wconf 91' lang='lat' dir='ltr'><strong>sicut</strong></span> <span class='ocrx_word' id='word_1_57' title='bbox 1149 867 1362 931; x_wconf 78' lang='lat' dir='ltr'><strong>Judteos</strong></span> <span class='ocrx_word' id='word_1_58' title='bbox 1400 867 1539 921; x_wconf 85' lang='lat' dir='ltr'><strong>Deus</strong></span> <span class='ocrx_word' id='word_1_59' title='bbox 1581 868 1750 922; x_wconf 87' lang='lat' dir='ltr'><strong>salvos</strong></span> <span class='ocrx_word' id='word_1_60' title='bbox 1789 885 1899 923; x_wconf 85' lang='lat' dir='ltr'><strong>esse</strong></span> 
     </span>
    </p>
   </div>
   <div class='ocr_carea' id='block_1_9' title="bbox 342 957 1895 1028">
    <p class='ocr_par' dir='ltr' id='par_1_9' title="bbox 342 957 1895 1028">
     <span class='ocr_line' id='line_1_9' title="bbox 342 957 1895 1028; baseline 0 -17"><span class='ocrx_word' id='word_1_61' title='bbox 342 958 525 1021; x_wconf 69' lang='lat' dir='ltr'><strong>voluit,</strong></span> <span class='ocrx_word' id='word_1_62' title='bbox 558 958 691 1013; x_wconf 87' lang='lat' dir='ltr'><strong>dans</strong></span> <span class='ocrx_word' id='word_1_63' title='bbox 720 959 794 1014; x_wconf 86' lang='lat' dir='ltr'><strong>eis</strong></span> <span class='ocrx_word' id='word_1_64' title='bbox 822 958 1116 1028; x_wconf 78' lang='lat' dir='ltr'><strong>prophetas,</strong></span> <span class='ocrx_word' id='word_1_65' title='bbox 1149 960 1223 1012; x_wconf 88' lang='lat' dir='ltr'><strong>ita</strong></span> <span class='ocrx_word' id='word_1_66' title='bbox 1246 959 1404 1012; x_wconf 84' lang='lat' dir='ltr'><strong>etiam</strong></span> <span class='ocrx_word' id='word_1_67' title='bbox 1441 957 1739 1012; x_wconf 65' lang='lat' dir='ltr'><strong>Grarcorum</strong></span> <span class='ocrx_word' id='word_1_68' title='bbox 1771 976 1895 1027; x_wconf 78' lang='lat' dir='ltr'><strong>pro-</strong></span> 
     </span>
    </p>
   </div>
   <div class='ocr_carea' id='block_1_10' title="bbox 338 1049 1892 1122">
    <p class='ocr_par' dir='ltr' id='par_1_10' title="bbox 338 1049 1892 1122">
     <span class='ocr_line' id='line_1_10' title="bbox 338 1049 1892 1122; baseline 0.004 -21"><span class='ocrx_word' id='word_1_69' title='bbox 338 1049 674 1113; x_wconf 81' lang='lat' dir='ltr'><strong>batissimos,</strong></span> <span class='ocrx_word' id='word_1_70' title='bbox 699 1054 936 1120; x_wconf 86' lang='lat' dir='ltr'><strong>proprios</strong></span> <span class='ocrx_word' id='word_1_71' title='bbox 966 1069 1074 1106; x_wconf 73' lang='lat' dir='ltr'><strong>sua:</strong></span> <span class='ocrx_word' id='word_1_72' title='bbox 1108 1053 1296 1122; x_wconf 70' lang='lat' dir='ltr'><strong>lingua:</strong></span> <span class='ocrx_word' id='word_1_73' title='bbox 1321 1054 1595 1122; x_wconf 86' lang='lat' dir='ltr'><strong>prop/tetas</strong></span> <span class='ocrx_word' id='word_1_74' title='bbox 1629 1055 1892 1117; x_wconf 75' lang='lat' dir='ltr'><strong>excitam,</strong></span> 
     </span>
    </p>
   </div>
   <div class='ocr_carea' id='block_1_11' title="bbox 334 1142 1897 1212">
    <p class='ocr_par' dir='ltr' id='par_1_11' title="bbox 334 1142 1897 1212">
     <span class='ocr_line' id='line_1_11' title="bbox 334 1142 1897 1212; baseline 0.004 -21"><span class='ocrx_word' id='word_1_75' title='bbox 334 1151 492 1206; x_wconf 86' lang='lat' dir='ltr'><strong>prout</strong></span> <span class='ocrx_word' id='word_1_76' title='bbox 513 1151 754 1209; x_wconf 81' lang='lat' dir='ltr'><strong>poterant</strong></span> <span class='ocrx_word' id='word_1_77' title='bbox 779 1159 957 1210; x_wconf 86' lang='lat' dir='ltr'><strong>capere</strong></span> <span class='ocrx_word' id='word_1_78' title='bbox 982 1142 1075 1196; x_wconf 89' lang='lat' dir='ltr'><strong>Dei</strong></span> <span class='ocrx_word' id='word_1_79' title='bbox 1101 1142 1508 1212; x_wconf 84' lang='lat' dir='ltr'><strong>beneﬁcentiam,</strong></span> <span class='ocrx_word' id='word_1_80' title='bbox 1529 1162 1559 1198; x_wconf 90' lang='lat' dir='ltr'><strong>a</strong></span> <span class='ocrx_word' id='word_1_81' title='bbox 1583 1144 1767 1199; x_wconf 85' lang='lat' dir='ltr'><strong>vilibus</strong></span> <span class='ocrx_word' id='word_1_82' title='bbox 1788 1145 1897 1199; x_wconf 84' lang='lat' dir='ltr'><strong>vul-</strong></span> 
     </span>
    </p>
   </div>
   <div class='ocr_carea' id='block_1_12' title="bbox 329 1232 1896 1305">
    <p class='ocr_par' dir='ltr' id='par_1_12' title="bbox 329 1232 1896 1305">
     <span class='ocr_line' id='line_1_12' title="bbox 329 1232 1896 1305; baseline 0.006 -24"><span class='ocrx_word' id='word_1_83' title='bbox 329 1232 650 1301; x_wconf 81' lang='lat' dir='ltr'><strong>garibusque</strong></span> <span class='ocrx_word' id='word_1_84' title='bbox 692 1233 986 1287; x_wconf 83' lang='lat' dir='ltr'><strong>hominibus</strong></span> <span class='ocrx_word' id='word_1_85' title='bbox 1027 1236 1322 1297; x_wconf 71' lang='lat' dir='ltr'><strong>secreverit,</strong></span> <span class='ocrx_word' id='word_1_86' title='bbox 1365 1236 1672 1299; x_wconf 73' lang='lat' dir='ltr'><strong>declarabit,</strong></span> <span class='ocrx_word' id='word_1_87' title='bbox 1707 1247 1896 1305; x_wconf 82' lang='lat' dir='ltr'><strong>prtrter</strong></span> 
     </span>
    </p>
   </div>
   <div class='ocr_carea' id='block_1_13' title="bbox 332 1321 1889 1395">
    <p class='ocr_par' dir='ltr' id='par_1_13' title="bbox 332 1321 1889 1395">
     <span class='ocr_line' id='line_1_13' title="bbox 332 1321 1889 1395; baseline 0.004 -18"><span class='ocrx_word' id='word_1_88' title='bbox 332 1322 481 1377; x_wconf 72' lang='lat' dir='ltr'><strong>Petri</strong></span> <span class='ocrx_word' id='word_1_89' title='bbox 506 1321 958 1390; x_wconf 73' lang='lat' dir='ltr'><strong>pnedicationem,</strong></span> <span class='ocrx_word' id='word_1_90' title='bbox 985 1325 1072 1395; x_wconf 87' lang='lat' dir='ltr'><strong>qui</strong></span> <span class='ocrx_word' id='word_1_91' title='bbox 1106 1325 1198 1378; x_wconf 84' lang='lat' dir='ltr'><strong>hoc</strong></span> <span class='ocrx_word' id='word_1_92' title='bbox 1227 1326 1350 1378; x_wconf 81' lang='lat' dir='ltr'><strong>dicit</strong></span> <span class='ocrx_word' id='word_1_93' title='bbox 1375 1328 1637 1394; x_wconf 82' lang='lat' dir='ltr'><strong>apostolus</strong></span> <span class='ocrx_word' id='word_1_94' title='bbox 1670 1328 1889 1383; x_wconf 80' lang='lat' dir='ltr'><strong>Paulus.</strong></span> 
     </span>
    </p>
   </div>
   <div class='ocr_carea' id='block_1_14' title="bbox 336 1411 1888 1489">
    <p class='ocr_par' dir='ltr' id='par_1_14' title="bbox 336 1411 1888 1489">
     <span class='ocr_line' id='line_1_14' title="bbox 336 1411 1888 1489; baseline 0.005 -26"><span class='ocrx_word' id='word_1_95' title='bbox 336 1411 529 1468; x_wconf 82' lang='lat' dir='ltr'><strong>Libros</strong></span> <span class='ocrx_word' id='word_1_96' title='bbox 567 1431 765 1485; x_wconf 84' lang='lat' dir='ltr'><strong>quoque</strong></span> <span class='ocrx_word' id='word_1_97' title='bbox 796 1413 1000 1469; x_wconf 64' lang='lat' dir='ltr'><strong>Cra’cos</strong></span> <span class='ocrx_word' id='word_1_98' title='bbox 1044 1417 1259 1481; x_wconf 80' lang='lat' dir='ltr'><strong>sumite;</strong></span> <span class='ocrx_word' id='word_1_99' title='bbox 1299 1420 1559 1488; x_wconf 83' lang='lat' dir='ltr'><strong>agnoscite</strong></span> <span class='ocrx_word' id='word_1_100' title='bbox 1600 1419 1888 1489; x_wconf 81' lang='lat' dir='ltr'><strong>Sibyllam,</strong></span> 
     </span>
    </p>
   </div>
   <div class='ocr_carea' id='block_1_15' title="bbox 328 1504 1891 1580">
    <p class='ocr_par' dir='ltr' id='par_1_15' title="bbox 328 1504 1891 1580">
     <span class='ocr_line' id='line_1_15' title="bbox 328 1504 1891 1580; baseline 0.007 -27"><span class='ocrx_word' id='word_1_101' title='bbox 328 1518 437 1570; x_wconf 83' lang='lat' dir='ltr'><strong>quo</strong></span> <span class='ocrx_word' id='word_1_102' title='bbox 471 1504 625 1558; x_wconf 87' lang='lat' dir='ltr'><strong>modo</strong></span> <span class='ocrx_word' id='word_1_103' title='bbox 650 1522 808 1558; x_wconf 88' lang='lat' dir='ltr'><strong>unum</strong></span> <span class='ocrx_word' id='word_1_104' title='bbox 849 1506 1013 1560; x_wconf 86' lang='lat' dir='ltr'><strong>Deum</strong></span> <span class='ocrx_word' id='word_1_105' title='bbox 1049 1509 1362 1576; x_wconf 76' lang='lat' dir='ltr'><strong>manifestet,</strong></span> <span class='ocrx_word' id='word_1_106' title='bbox 1396 1520 1444 1562; x_wconf 90' lang='lat' dir='ltr'><strong>et</strong></span> <span class='ocrx_word' id='word_1_107' title='bbox 1482 1526 1541 1562; x_wconf 88' lang='lat' dir='ltr'><strong>ea</strong></span> <span class='ocrx_word' id='word_1_108' title='bbox 1572 1528 1683 1580; x_wconf 71' lang='lat' dir='ltr'><strong>qum</strong></span> <span class='ocrx_word' id='word_1_109' title='bbox 1710 1511 1891 1580; x_wconf 81' lang='lat' dir='ltr'><strong>futura</strong></span> 
     </span>
    </p>
   </div>
   <div class='ocr_carea' id='block_1_16' title="bbox 330 1598 1889 1669">
    <p class='ocr_par' dir='ltr' id='par_1_16' title="bbox 330 1598 1889 1669">
     <span class='ocr_line' id='line_1_16' title="bbox 330 1598 1889 1669; baseline 0.008 -25"><span class='ocrx_word' id='word_1_110' title='bbox 330 1604 500 1645; x_wconf 85' lang='lat' dir='ltr'><strong>sunt:</strong></span> <span class='ocrx_word' id='word_1_111' title='bbox 523 1605 782 1664; x_wconf 85' lang='lat' dir='ltr'><strong>sumptum</strong></span> <span class='ocrx_word' id='word_1_112' title='bbox 813 1599 970 1651; x_wconf 89' lang='lat' dir='ltr'><strong>etiam</strong></span> <span class='ocrx_word' id='word_1_113' title='bbox 1000 1598 1309 1668; x_wconf 79' lang='lat' dir='ltr'><strong>llystaspem</strong></span> <span class='ocrx_word' id='word_1_114' title='bbox 1335 1600 1505 1669; x_wconf 82' lang='lat' dir='ltr'><strong>legite,</strong></span> <span class='ocrx_word' id='word_1_115' title='bbox 1541 1611 1588 1655; x_wconf 90' lang='lat' dir='ltr'><strong>et</strong></span> <span class='ocrx_word' id='word_1_116' title='bbox 1627 1604 1889 1657; x_wconf 77' lang='lat' dir='ltr'><strong>inreuictis</strong></span> 
     </span>
    </p>
   </div>
   <div class='ocr_carea' id='block_1_17' title="bbox 330 1679 1886 1762">
    <p class='ocr_par' dir='ltr' id='par_1_17' title="bbox 330 1679 1886 1762">
     <span class='ocr_line' id='line_1_17' title="bbox 330 1679 1886 1762; baseline 0.009 -30"><span class='ocrx_word' id='word_1_117' title='bbox 330 1679 437 1734; x_wconf 83' lang='lat' dir='ltr'><strong>Dei</strong></span> <span class='ocrx_word' id='word_1_118' title='bbox 464 1682 511 1733; x_wconf 81' lang='lat' dir='ltr'><strong><em>F</em></strong></span> <span class='ocrx_word' id='word_1_119' title='bbox 514 1684 661 1736; x_wconf 84' lang='lat' dir='ltr'><strong>ilium</strong></span> <span class='ocrx_word' id='word_1_120' title='bbox 693 1686 855 1739; x_wconf 88' lang='lat' dir='ltr'><strong>multo</strong></span> <span class='ocrx_word' id='word_1_121' title='bbox 884 1687 1077 1741; x_wconf 85' lang='lat' dir='ltr'><strong>clarius</strong></span> <span class='ocrx_word' id='word_1_122' title='bbox 1106 1690 1435 1758; x_wconf 84' lang='lat' dir='ltr'><strong>apertiusque</strong></span> <span class='ocrx_word' id='word_1_123' title='bbox 1470 1708 1579 1745; x_wconf 86' lang='lat' dir='ltr'><strong>esse</strong></span> <span class='ocrx_word' id='word_1_124' title='bbox 1608 1694 1886 1762; x_wconf 86' lang='lat' dir='ltr'><strong>scriptum,</strong></span> 
     </span>
    </p>
   </div>
   <div class='ocr_carea' id='block_1_18' title="bbox 328 1776 1885 1849">
    <p class='ocr_par' dir='ltr' id='par_1_18' title="bbox 328 1776 1885 1849">
     <span class='ocr_line' id='line_1_18' title="bbox 328 1776 1885 1849; baseline 0.01 -26"><span class='ocrx_word' id='word_1_125' title='bbox 328 1783 488 1839; x_wconf 80' lang='lat' dir='ltr'><strong>utque</strong></span> <span class='ocrx_word' id='word_1_126' title='bbox 515 1776 665 1828; x_wconf 85' lang='lat' dir='ltr'><strong>multi</strong></span> <span class='ocrx_word' id='word_1_127' title='bbox 688 1793 826 1845; x_wconf 85' lang='lat' dir='ltr'><strong>reges</strong></span> <span class='ocrx_word' id='word_1_128' title='bbox 857 1778 1099 1832; x_wconf 83' lang='lat' dir='ltr'><strong>adversus</strong></span> <span class='ocrx_word' id='word_1_129' title='bbox 1131 1778 1395 1834; x_wconf 81' lang='lat' dir='ltr'><strong>Christum</strong></span> <span class='ocrx_word' id='word_1_130' title='bbox 1426 1784 1586 1837; x_wconf 88' lang='lat' dir='ltr'><strong>aciem</strong></span> <span class='ocrx_word' id='word_1_131' title='bbox 1611 1784 1885 1849; x_wconf 76' lang='lat' dir='ltr'><strong>instruant,</strong></span> 
     </span>
    </p>
   </div>
   <div class='ocr_carea' id='block_1_19' title="bbox 327 1863 1889 1946">
    <p class='ocr_par' dir='ltr' id='par_1_19' title="bbox 327 1863 1889 1946">
     <span class='ocr_line' id='line_1_19' title="bbox 327 1863 1889 1946; baseline 0.01 -32"><span class='ocrx_word' id='word_1_132' title='bbox 327 1863 449 1916; x_wconf 86' lang='lat' dir='ltr'><strong>odio</strong></span> <span class='ocrx_word' id='word_1_133' title='bbox 471 1864 715 1920; x_wconf 78' lang='lat' dir='ltr'><strong>habentes</strong></span> <span class='ocrx_word' id='word_1_134' title='bbox 740 1878 846 1921; x_wconf 90' lang='lat' dir='ltr'><strong>tum</strong></span> <span class='ocrx_word' id='word_1_135' title='bbox 875 1871 1043 1933; x_wconf 85' lang='lat' dir='ltr'><strong>illum,</strong></span> <span class='ocrx_word' id='word_1_136' title='bbox 1075 1882 1183 1924; x_wconf 88' lang='lat' dir='ltr'><strong>tum</strong></span> <span class='ocrx_word' id='word_1_137' title='bbox 1211 1890 1296 1927; x_wconf 87' lang='lat' dir='ltr'><strong>eos</strong></span> <span class='ocrx_word' id='word_1_138' title='bbox 1322 1875 1410 1945; x_wconf 88' lang='lat' dir='ltr'><strong>qui</strong></span> <span class='ocrx_word' id='word_1_139' title='bbox 1436 1891 1618 1929; x_wconf 86' lang='lat' dir='ltr'><strong>nomen</strong></span> <span class='ocrx_word' id='word_1_140' title='bbox 1659 1877 1769 1945; x_wconf 87' lang='lat' dir='ltr'><strong>ejus</strong></span> <span class='ocrx_word' id='word_1_141' title='bbox 1803 1893 1889 1946; x_wconf 85' lang='lat' dir='ltr'><strong>ge-</strong></span> 
     </span>
    </p>
   </div>
   <div class='ocr_carea' id='block_1_20' title="bbox 326 1960 1890 2041">
    <p class='ocr_par' dir='ltr' id='par_1_20' title="bbox 326 1960 1890 2041">
     <span class='ocr_line' id='line_1_20' title="bbox 326 1960 1890 2041; baseline 0.009 -32"><span class='ocrx_word' id='word_1_142' title='bbox 326 1967 497 2020; x_wconf 80' lang='lat' dir='ltr'><strong>stant,</strong></span> <span class='ocrx_word' id='word_1_143' title='bbox 527 1968 576 2011; x_wconf 83' lang='lat' dir='ltr'><strong>et</strong></span> <span class='ocrx_word' id='word_1_144' title='bbox 603 1960 715 2028; x_wconf 83' lang='lat' dir='ltr'><strong>ejus</strong></span> <span class='ocrx_word' id='word_1_145' title='bbox 737 1960 916 2028; x_wconf 85' lang='lat' dir='ltr'><strong>ﬁdeles</strong></span> <span class='ocrx_word' id='word_1_146' title='bbox 936 2002 951 2026; x_wconf 92' lang='lat'><strong>,</strong></span> <span class='ocrx_word' id='word_1_147' title='bbox 980 1964 1222 2035; x_wconf 87' lang='lat' dir='ltr'><strong>illiusque</strong></span> <span class='ocrx_word' id='word_1_148' title='bbox 1246 1966 1576 2020; x_wconf 86' lang='lat' dir='ltr'><strong>tolerantiam</strong></span> <span class='ocrx_word' id='word_1_149' title='bbox 1614 1977 1763 2036; x_wconf 87' lang='lat' dir='ltr'><strong>atque</strong></span> <span class='ocrx_word' id='word_1_150' title='bbox 1792 1969 1890 2041; x_wconf 78' lang='lat' dir='ltr'><strong>ad-</strong></span> 
     </span>
    </p>
   </div>
   <div class='ocr_carea' id='block_1_21' title="bbox 326 2049 1889 2127">
    <p class='ocr_par' dir='ltr' id='par_1_21' title="bbox 326 2049 1889 2127">
     <span class='ocr_line' id='line_1_21' title="bbox 326 2049 1889 2127; baseline 0.008 -28"><span class='ocrx_word' id='word_1_151' title='bbox 326 2059 556 2103; x_wconf 82' lang='lat' dir='ltr'><strong>rentum.</strong></span> <span class='ocrx_word' id='word_1_152' title='bbox 591 2049 786 2104; x_wconf 86' lang='lat' dir='ltr'><strong>Deinde</strong></span> <span class='ocrx_word' id='word_1_153' title='bbox 819 2069 920 2105; x_wconf 89' lang='lat' dir='ltr'><strong>uno</strong></span> <span class='ocrx_word' id='word_1_154' title='bbox 949 2054 1096 2107; x_wconf 84' lang='lat' dir='ltr'><strong>verbo</strong></span> <span class='ocrx_word' id='word_1_155' title='bbox 1119 2054 1245 2125; x_wconf 89' lang='lat' dir='ltr'><strong>(seu</strong></span> <span class='ocrx_word' id='word_1_156' title='bbox 1282 2073 1388 2110; x_wconf 88' lang='lat' dir='ltr'><strong>una</strong></span> <span class='ocrx_word' id='word_1_157' title='bbox 1425 2059 1656 2127; x_wconf 86' lang='lat' dir='ltr'><strong>ratione)</strong></span> <span class='ocrx_word' id='word_1_158' title='bbox 1682 2075 1773 2112; x_wconf 88' lang='lat' dir='ltr'><strong>nos</strong></span> <span class='ocrx_word' id='word_1_159' title='bbox 1808 2061 1889 2112; x_wconf 87' lang='lat' dir='ltr'><strong>in-</strong></span> 
     </span>
    </p>
   </div>
   <div class='ocr_carea' id='block_1_22' title="bbox 332 2139 1883 2216">
    <p class='ocr_par' dir='ltr' id='par_1_22' title="bbox 332 2139 1883 2216">
     <span class='ocr_line' id='line_1_22' title="bbox 332 2139 1883 2216; baseline 0.008 -27"><span class='ocrx_word' id='word_1_160' title='bbox 332 2147 591 2208; x_wconf 84' lang='lat' dir='ltr'><strong>terrogat:</strong></span> <span class='ocrx_word' id='word_1_161' title='bbox 610 2139 770 2194; x_wconf 86' lang='lat' dir='ltr'><strong>Totus</strong></span> <span class='ocrx_word' id='word_1_162' title='bbox 792 2152 963 2196; x_wconf 87' lang='lat' dir='ltr'><strong>autem</strong></span> <span class='ocrx_word' id='word_1_163' title='bbox 987 2144 1230 2209; x_wconf 85' lang='lat' dir='ltr'><strong>mundus,</strong></span> <span class='ocrx_word' id='word_1_164' title='bbox 1254 2154 1302 2199; x_wconf 91' lang='lat' dir='ltr'><strong>et</strong></span> <span class='ocrx_word' id='word_1_165' title='bbox 1322 2164 1436 2216; x_wconf 70' lang='lat' dir='ltr'><strong>quae</strong></span> <span class='ocrx_word' id='word_1_166' title='bbox 1455 2158 1574 2202; x_wconf 84' lang='lat' dir='ltr'><strong>sunt</strong></span> <span class='ocrx_word' id='word_1_167' title='bbox 1602 2149 1651 2201; x_wconf 88' lang='lat' dir='ltr'><strong>in</strong></span> <span class='ocrx_word' id='word_1_168' title='bbox 1672 2150 1883 2216; x_wconf 87' lang='lat' dir='ltr'><strong>mundo,</strong></span> 
     </span>
    </p>
   </div>
   <div class='ocr_carea' id='block_1_23' title="bbox 330 2228 1889 2303">
    <p class='ocr_par' dir='ltr' id='par_1_23' title="bbox 330 2228 1889 2303">
     <span class='ocr_line' id='line_1_23' title="bbox 330 2228 1889 2303; baseline 0.006 -22"><span class='ocrx_word' id='word_1_169' title='bbox 330 2228 486 2295; x_wconf 79' lang='lat' dir='ltr'><strong>cujus</strong></span> <span class='ocrx_word' id='word_1_170' title='bbox 508 2232 657 2285; x_wconf 78' lang='lat' dir='ltr'><strong>sunt?</strong></span> <span class='ocrx_word' id='word_1_171' title='bbox 681 2228 871 2285; x_wconf 84' lang='lat' dir='ltr'><strong>Nonne</strong></span> <span class='ocrx_word' id='word_1_172' title='bbox 892 2231 1026 2288; x_wconf 86' lang='lat' dir='ltr'><strong>Dei?</strong></span> <span class='ocrx_word' id='word_1_173' title='bbox 1053 2232 1142 2287; x_wconf 90' lang='lat' dir='ltr'><strong>Sic</strong></span> <span class='ocrx_word' id='word_1_174' title='bbox 1172 2235 1397 2303; x_wconf 85' lang='lat' dir='ltr'><strong>pulchre</strong></span> <span class='ocrx_word' id='word_1_175' title='bbox 1424 2236 1602 2291; x_wconf 84' lang='lat' dir='ltr'><strong>omnia</strong></span> <span class='ocrx_word' id='word_1_176' title='bbox 1631 2237 1733 2292; x_wconf 88' lang='lat' dir='ltr'><strong>sibi</strong></span> <span class='ocrx_word' id='word_1_177' title='bbox 1758 2253 1889 2291; x_wconf 81' lang='lat' dir='ltr'><strong>con-</strong></span> 
     </span>
    </p>
   </div>
   <div class='ocr_carea' id='block_1_24' title="bbox 332 2317 1878 2395">
    <p class='ocr_par' dir='ltr' id='par_1_24' title="bbox 332 2317 1878 2395">
     <span class='ocr_line' id='line_1_24' title="bbox 332 2317 1878 2395; baseline 0.006 -22"><span class='ocrx_word' id='word_1_178' title='bbox 332 2326 506 2383; x_wconf 83' lang='lat' dir='ltr'><strong>stant,</strong></span> <span class='ocrx_word' id='word_1_179' title='bbox 525 2320 673 2374; x_wconf 78' lang='lat' dir='ltr'><strong>aliter</strong></span> <span class='ocrx_word' id='word_1_180' title='bbox 696 2317 1058 2391; x_wconf 88' lang='lat' dir='ltr'><strong>impeditiora.</strong></span> <span class='ocrx_word' id='word_1_181' title='bbox 1083 2323 1233 2380; x_wconf 87' lang='lat' dir='ltr'><strong>Adde</strong></span> <span class='ocrx_word' id='word_1_182' title='bbox 1254 2325 1396 2395; x_wconf 91' lang='lat' dir='ltr'><strong>quod</strong></span> <span class='ocrx_word' id='word_1_183' title='bbox 1418 2326 1505 2381; x_wconf 79' lang='lat' dir='ltr'><strong>vix</strong></span> <span class='ocrx_word' id='word_1_184' title='bbox 1535 2328 1589 2381; x_wconf 91' lang='lat' dir='ltr'><strong>in</strong></span> <span class='ocrx_word' id='word_1_185' title='bbox 1616 2333 1729 2381; x_wconf 90' lang='lat' dir='ltr'><strong>toto</strong></span> <span class='ocrx_word' id='word_1_186' title='bbox 1754 2326 1878 2383; x_wconf 86' lang='lat' dir='ltr'><strong>Cle—</strong></span> 
     </span>
    </p>
   </div>
   <div class='ocr_carea' id='block_1_25' title="bbox 330 2410 1884 2485">
    <p class='ocr_par' dir='ltr' id='par_1_25' title="bbox 330 2410 1884 2485">
     <span class='ocr_line' id='line_1_25' title="bbox 330 2410 1884 2485; baseline 0.006 -23"><span class='ocrx_word' id='word_1_187' title='bbox 330 2417 519 2463; x_wconf 85' lang='lat' dir='ltr'><strong>mente</strong></span> <span class='ocrx_word' id='word_1_188' title='bbox 548 2410 789 2465; x_wconf 84' lang='lat' dir='ltr'><strong>invenias</strong></span> <span class='ocrx_word' id='word_1_189' title='bbox 812 2412 1013 2482; x_wconf 87' lang='lat' dir='ltr'><strong>aliquid</strong></span> <span class='ocrx_word' id='word_1_190' title='bbox 1047 2415 1335 2485; x_wconf 86' lang='lat' dir='ltr'><strong>apocryphi</strong></span> <span class='ocrx_word' id='word_1_191' title='bbox 1360 2417 1648 2485; x_wconf 90' lang='lat' dir='ltr'><strong>prolatum,</strong></span> <span class='ocrx_word' id='word_1_192' title='bbox 1667 2418 1884 2472; x_wconf 87' lang='lat' dir='ltr'><strong>nomine</strong></span> 
     </span>
    </p>
   </div>
   <div class='ocr_carea' id='block_1_26' title="bbox 326 2496 1883 2575">
    <p class='ocr_par' dir='ltr' id='par_1_26' title="bbox 326 2496 1883 2575">
     <span class='ocr_line' id='line_1_26' title="bbox 326 2496 1883 2575; baseline 0.008 -25"><span class='ocrx_word' id='word_1_193' title='bbox 326 2496 612 2563; x_wconf 79' lang='lat' dir='ltr'><strong>duntaxat,</strong></span> <span class='ocrx_word' id='word_1_194' title='bbox 640 2502 901 2564; x_wconf 82' lang='lat' dir='ltr'><strong>auctoris,</strong></span> <span class='ocrx_word' id='word_1_195' title='bbox 925 2517 1032 2555; x_wconf 90' lang='lat' dir='ltr'><strong>non</strong></span> <span class='ocrx_word' id='word_1_196' title='bbox 1062 2503 1344 2572; x_wconf 70' lang='lat' dir='ltr'><strong>praemisso</strong></span> <span class='ocrx_word' id='word_1_197' title='bbox 1369 2506 1549 2575; x_wconf 90' lang='lat' dir='ltr'><strong>operis</strong></span> <span class='ocrx_word' id='word_1_198' title='bbox 1578 2506 1752 2575; x_wconf 87' lang='lat' dir='ltr'><strong>titulo,</strong></span> <span class='ocrx_word' id='word_1_199' title='bbox 1775 2522 1883 2562; x_wconf 87' lang='lat' dir='ltr'><strong>non</strong></span> 
     </span>
    </p>
   </div>
   <div class='ocr_carea' id='block_1_27' title="bbox 325 2590 1879 2667">
    <p class='ocr_par' dir='ltr' id='par_1_27' title="bbox 325 2590 1879 2667">
     <span class='ocr_line' id='line_1_27' title="bbox 325 2590 1879 2667; baseline 0.007 -25"><span class='ocrx_word' id='word_1_200' title='bbox 325 2590 542 2658; x_wconf 88' lang='lat' dir='ltr'><strong>adjecta</strong></span> <span class='ocrx_word' id='word_1_201' title='bbox 571 2591 839 2656; x_wconf 85' lang='lat' dir='ltr'><strong>dictione,</strong></span> <span class='ocrx_word' id='word_1_202' title='bbox 873 2608 991 2663; x_wconf 64' lang='lat' dir='ltr'><strong>quae</strong></span> <span class='ocrx_word' id='word_1_203' title='bbox 1019 2595 1177 2665; x_wconf 84' lang='lat' dir='ltr'><strong>quale</strong></span> <span class='ocrx_word' id='word_1_204' title='bbox 1215 2596 1284 2651; x_wconf 91' lang='lat' dir='ltr'><strong>sit</strong></span> <span class='ocrx_word' id='word_1_205' title='bbox 1319 2596 1579 2667; x_wconf 90' lang='lat' dir='ltr'><strong>scriptum</strong></span> <span class='ocrx_word' id='word_1_206' title='bbox 1624 2596 1879 2654; x_wconf 90' lang='lat' dir='ltr'><strong>declaret.</strong></span> 
     </span>
    </p>
   </div>
   <div class='ocr_carea' id='block_1_28' title="bbox 322 2680 1881 2757">
    <p class='ocr_par' dir='ltr' id='par_1_28' title="bbox 322 2680 1881 2757">
     <span class='ocr_line' id='line_1_28' title="bbox 322 2680 1881 2757; baseline 0.008 -25"><span class='ocrx_word' id='word_1_207' title='bbox 322 2680 566 2751; x_wconf 87' lang='lat' dir='ltr'><strong>Legatur</strong></span> <span class='ocrx_word' id='word_1_208' title='bbox 620 2688 732 2736; x_wconf 82' lang='lat' dir='ltr'><strong>tota</strong></span> <span class='ocrx_word' id='word_1_209' title='bbox 789 2684 1140 2741; x_wconf 79' lang='lat' dir='ltr'><strong>Alexandrini</strong></span> <span class='ocrx_word' id='word_1_210' title='bbox 1192 2687 1519 2757; x_wconf 87' lang='lat' dir='ltr'><strong>disputatio;</strong></span> <span class='ocrx_word' id='word_1_211' title='bbox 1571 2690 1881 2745; x_wconf 86' lang='lat' dir='ltr'><strong>conferatur</strong></span> 
     </span>
    </p>
   </div>
   <div class='ocr_carea' id='block_1_29' title="bbox 325 2774 1879 2843">
    <p class='ocr_par' dir='ltr' id='par_1_29' title="bbox 325 2774 1879 2843">
     <span class='ocr_line' id='line_1_29' title="bbox 325 2774 1879 2843; baseline 0.006 -16"><span class='ocrx_word' id='word_1_212' title='bbox 325 2790 452 2828; x_wconf 88' lang='lat' dir='ltr'><strong>cum</strong></span> <span class='ocrx_word' id='word_1_213' title='bbox 486 2775 552 2828; x_wconf 92' lang='lat' dir='ltr'><strong>iis</strong></span> <span class='ocrx_word' id='word_1_214' title='bbox 578 2789 697 2843; x_wconf 73' lang='lat' dir='ltr'><strong>quae</strong></span> <span class='ocrx_word' id='word_1_215' title='bbox 724 2775 775 2828; x_wconf 90' lang='lat' dir='ltr'><strong>in</strong></span> <span class='ocrx_word' id='word_1_216' title='bbox 800 2774 1102 2833; x_wconf 87' lang='lat' dir='ltr'><strong>Stromateo</strong></span> <span class='ocrx_word' id='word_1_217' title='bbox 1142 2796 1163 2833; x_wconf 78' lang='grc' dir='ltr'><strong>ι</strong></span> <span class='ocrx_word' id='word_1_218' title='bbox 1192 2780 1443 2835; x_wconf 84' lang='lat' dir='ltr'><strong>edisserit</strong></span> <span class='ocrx_word' id='word_1_219' title='bbox 1478 2781 1544 2836; x_wconf 89' lang='lat' dir='ltr'><strong>de</strong></span> <span class='ocrx_word' id='word_1_220' title='bbox 1572 2780 1879 2837; x_wconf 57' lang='lat' dir='ltr'><strong>Graecorum</strong></span> 
     </span>
    </p>
   </div>
   <div class='ocr_carea' id='block_1_30' title="bbox 321 2868 1879 2947">
    <p class='ocr_par' dir='ltr' id='par_1_30' title="bbox 321 2868 1879 2947">
     <span class='ocr_line' id='line_1_30' title="bbox 321 2868 1879 2947; baseline 0.005 -25"><span class='ocrx_word' id='word_1_221' title='bbox 321 2868 694 2936; x_wconf 81' lang='lat' dir='ltr'><strong>sapientibus,</strong></span> <span class='ocrx_word' id='word_1_222' title='bbox 740 2872 1038 2939; x_wconf 82' lang='lat' dir='ltr'><strong>praesertim</strong></span> <span class='ocrx_word' id='word_1_223' title='bbox 1080 2888 1202 2944; x_wconf 83' lang='lat' dir='ltr'><strong>pag.</strong></span> <span class='ocrx_word' id='word_1_224' title='bbox 1235 2873 1369 2937; x_wconf 77' lang='lat'><strong>299,</strong></span> <span class='ocrx_word' id='word_1_225' title='bbox 1422 2874 1512 2930; x_wconf 93' lang='lat' dir='ltr'><strong>ubi</strong></span> <span class='ocrx_word' id='word_1_226' title='bbox 1548 2876 1723 2931; x_wconf 90' lang='lat' dir='ltr'><strong>locum</strong></span> <span class='ocrx_word' id='word_1_227' title='bbox 1753 2875 1879 2947; x_wconf 79' lang='lat' dir='ltr'><strong>Epi-</strong></span> 
     </span>
    </p>
   </div>
   <div class='ocr_carea' id='block_1_31' title="bbox 320 2958 1876 3022">
    <p class='ocr_par' dir='ltr' id='par_1_31' title="bbox 320 2958 1876 3022">
     <span class='ocr_line' id='line_1_31' title="bbox 320 2958 1876 3022; baseline 0.003 -5"><span class='ocrx_word' id='word_1_228' title='bbox 320 2960 480 3017; x_wconf 67' lang='grc' dir='ltr'>διοικ</span> <span class='ocrx_word' id='word_1_229' title='bbox 507 2960 575 3015; x_wconf 90' lang='lat' dir='ltr'><strong>ad</strong></span> <span class='ocrx_word' id='word_1_230' title='bbox 596 2958 775 3015; x_wconf 83' lang='lat' dir='ltr'><strong>Titum</strong></span> <span class='ocrx_word' id='word_1_231' title='bbox 805 2962 1061 3019; x_wconf 84' lang='lat' dir='ltr'><strong>adducit:</strong></span> <span class='ocrx_word' id='word_1_232' title='bbox 1093 2964 1315 3021; x_wconf 83' lang='lat' dir='ltr'><strong>Conﬁdo</strong></span> <span class='ocrx_word' id='word_1_233' title='bbox 1351 2965 1466 3022; x_wconf 84' lang='lat' dir='ltr'><strong>fore</strong></span> <span class='ocrx_word' id='word_1_234' title='bbox 1520 2975 1580 3021; x_wconf 89' lang='lat' dir='ltr'><strong>ut</strong></span> <span class='ocrx_word' id='word_1_235' title='bbox 1623 2983 1741 3022; x_wconf 85' lang='lat' dir='ltr'><strong>mea</strong></span> <span class='ocrx_word' id='word_1_236' title='bbox 1770 2983 1876 3022; x_wconf 92' lang='lat' dir='ltr'><strong>non</strong></span> 
     </span>
    </p>
   </div>
   <div class='ocr_carea' id='block_1_32' title="bbox 2004 498 3548 579">
    <p class='ocr_par' dir='ltr' id='par_1_32' title="bbox 2004 498 3548 579">
     <span class='ocr_line' id='line_1_32' title="bbox 2004 498 3548 579; baseline 0.007 -25"><span class='ocrx_word' id='word_1_237' title='bbox 2004 511 2055 554; x_wconf 87' lang='lat' dir='ltr'><strong>et</strong></span> <span class='ocrx_word' id='word_1_238' title='bbox 2085 502 2179 555; x_wconf 86' lang='lat' dir='ltr'><strong>lib.</strong></span> <span class='ocrx_word' id='word_1_239' title='bbox 2208 516 2268 554; x_wconf 82' lang='grc' dir='ltr'><strong>ιιι</strong></span> <span class='ocrx_word' id='word_1_240' title='bbox 2302 501 2368 554; x_wconf 88' lang='lat' dir='ltr'><strong>de</strong></span> <span class='ocrx_word' id='word_1_241' title='bbox 2404 498 2603 571; x_wconf 85' lang='lat' dir='ltr'><strong>Sibylla</strong></span> <span class='ocrx_word' id='word_1_242' title='bbox 2628 501 2739 558; x_wconf 78' lang='lat' dir='ltr'><strong>Noe</strong></span> <span class='ocrx_word' id='word_1_243' title='bbox 2759 515 3029 561; x_wconf 59' lang='lat' dir='ltr'><strong>coaetanea</strong></span> <span class='ocrx_word' id='word_1_244' title='bbox 3054 526 3065 572; x_wconf 92' lang='lat'><strong>;</strong></span> <span class='ocrx_word' id='word_1_245' title='bbox 3111 509 3548 579; x_wconf 80' lang='lat' dir='ltr'><strong>quandoquidem</strong></span> 
     </span>
    </p>
   </div>
   <div class='ocr_carea' id='block_1_33' title="bbox 2001 588 3551 674">
    <p class='ocr_par' dir='ltr' id='par_1_33' title="bbox 2001 588 3551 674">
     <span class='ocr_line' id='line_1_33' title="bbox 2001 588 3551 674; baseline 0.008 -29"><span class='ocrx_word' id='word_1_246' title='bbox 2001 607 2065 645; x_wconf 84' lang='lat' dir='ltr'><strong>ex</strong></span> <span class='ocrx_word' id='word_1_247' title='bbox 2116 591 2329 645; x_wconf 89' lang='lat' dir='ltr'><strong>illorum</strong></span> <span class='ocrx_word' id='word_1_248' title='bbox 2369 588 2589 645; x_wconf 88' lang='lat' dir='ltr'><strong>Patrum</strong></span> <span class='ocrx_word' id='word_1_249' title='bbox 2635 594 3002 663; x_wconf 80' lang='lat' dir='ltr'><strong>professione,</strong></span> <span class='ocrx_word' id='word_1_250' title='bbox 3056 600 3202 653; x_wconf 89' lang='lat' dir='ltr'><strong>nulla</strong></span> <span class='ocrx_word' id='word_1_251' title='bbox 3247 616 3278 655; x_wconf 91' lang='lat' dir='ltr'><strong>e</strong></span> <span class='ocrx_word' id='word_1_252' title='bbox 3328 599 3551 674; x_wconf 87' lang='lat' dir='ltr'><strong>Sibyllis</strong></span> 
     </span>
    </p>
   </div>
   <div class='ocr_carea' id='block_1_34' title="bbox 2001 683 3551 765">
    <p class='ocr_par' dir='ltr' id='par_1_34' title="bbox 2001 683 3551 765">
     <span class='ocr_line' id='line_1_34' title="bbox 2001 683 3551 765; baseline 0.008 -29"><span class='ocrx_word' id='word_1_253' title='bbox 2001 683 2199 740; x_wconf 73' lang='lat' dir='ltr'><strong>Mosen)</strong></span> <span class='ocrx_word' id='word_1_254' title='bbox 2224 688 2547 758; x_wconf 85' lang='lat' dir='ltr'><strong>antiquitate</strong></span> <span class='ocrx_word' id='word_1_255' title='bbox 2569 691 2865 759; x_wconf 76' lang='lat' dir='ltr'><strong>superavit.</strong></span> <span class='ocrx_word' id='word_1_256' title='bbox 2898 690 2975 744; x_wconf 77' lang='lat' dir='ltr'><strong>Ex</strong></span> <span class='ocrx_word' id='word_1_257' title='bbox 3005 693 3200 760; x_wconf 86' lang='lat' dir='ltr'><strong>quibus</strong></span> <span class='ocrx_word' id='word_1_258' title='bbox 3232 694 3551 765; x_wconf 84' lang='lat' dir='ltr'><strong>intelligitur</strong></span> 
     </span>
    </p>
   </div>
   <div class='ocr_carea' id='block_1_35' title="bbox 2000 778 3547 850">
    <p class='ocr_par' dir='ltr' id='par_1_35' title="bbox 2000 778 3547 850">
     <span class='ocr_line' id='line_1_35' title="bbox 2000 778 3547 850; baseline 0.01 -24"><span class='ocrx_word' id='word_1_259' title='bbox 2000 788 2105 828; x_wconf 90' lang='lat' dir='ltr'><strong>non</strong></span> <span class='ocrx_word' id='word_1_260' title='bbox 2140 792 2303 829; x_wconf 91' lang='lat' dir='ltr'><strong>unum</strong></span> <span class='ocrx_word' id='word_1_261' title='bbox 2336 786 2547 848; x_wconf 89' lang='lat' dir='ltr'><strong>poetam</strong></span> <span class='ocrx_word' id='word_1_262' title='bbox 2593 778 2850 850; x_wconf 82' lang='lat' dir='ltr'><strong>Sibyllam</strong></span> <span class='ocrx_word' id='word_1_263' title='bbox 2895 795 2952 834; x_wconf 90' lang='lat' dir='ltr'><strong>se</strong></span> <span class='ocrx_word' id='word_1_264' title='bbox 2988 796 3111 836; x_wconf 80' lang='lat' dir='ltr'><strong>esse</strong></span> <span class='ocrx_word' id='word_1_265' title='bbox 3156 782 3405 849; x_wconf 82' lang='lat' dir='ltr'><strong>ﬁnxisse,</strong></span> <span class='ocrx_word' id='word_1_266' title='bbox 3453 788 3547 842; x_wconf 85' lang='lat' dir='ltr'><strong>sed</strong></span> 
     </span>
    </p>
   </div>
   <div class='ocr_carea' id='block_1_36' title="bbox 1999 867 3545 946">
    <p class='ocr_par' dir='ltr' id='par_1_36' title="bbox 1999 867 3545 946">
     <span class='ocr_line' id='line_1_36' title="bbox 1999 867 3545 946; baseline 0.01 -28"><span class='ocrx_word' id='word_1_267' title='bbox 1999 867 2201 936; x_wconf 88' lang='lat' dir='ltr'><strong>plures,</strong></span> <span class='ocrx_word' id='word_1_268' title='bbox 2232 869 2449 924; x_wconf 81' lang='lat' dir='ltr'><strong>diverso</strong></span> <span class='ocrx_word' id='word_1_269' title='bbox 2480 878 2739 940; x_wconf 88' lang='lat' dir='ltr'><strong>tempore,</strong></span> <span class='ocrx_word' id='word_1_270' title='bbox 2777 887 3005 941; x_wconf 91' lang='lat' dir='ltr'><strong>quorum</strong></span> <span class='ocrx_word' id='word_1_271' title='bbox 3037 889 3225 929; x_wconf 83' lang='lat' dir='ltr'><strong>versus</strong></span> <span class='ocrx_word' id='word_1_272' title='bbox 3254 874 3545 946; x_wconf 72' lang='lat' dir='ltr'><strong>disiectos,</strong></span> 
     </span>
    </p>
   </div>
   <div class='ocr_carea' id='block_1_37' title="bbox 1999 957 3648 1042">
    <p class='ocr_par' dir='ltr' id='par_1_37' title="bbox 1999 957 3648 1042">
     <span class='ocr_line' id='line_1_37' title="bbox 1999 957 3648 1042; baseline 0.011 -33"><span class='ocrx_word' id='word_1_273' title='bbox 1999 972 2164 1011; x_wconf 91' lang='lat' dir='ltr'><strong>unum</strong></span> <span class='ocrx_word' id='word_1_274' title='bbox 2194 959 2247 1013; x_wconf 92' lang='lat' dir='ltr'><strong>in</strong></span> <span class='ocrx_word' id='word_1_275' title='bbox 2285 975 2483 1030; x_wconf 91' lang='lat' dir='ltr'><strong>corpus</strong></span> <span class='ocrx_word' id='word_1_276' title='bbox 2513 964 2925 1019; x_wconf 87' lang='lat' dir='ltr'><strong>consarcinator</strong></span> <span class='ocrx_word' id='word_1_277' title='bbox 2949 976 3187 1023; x_wconf 85' lang='lat' dir='ltr'><strong>incertus</strong></span> <span class='ocrx_word' id='word_1_278' title='bbox 3223 970 3395 1025; x_wconf 87' lang='lat' dir='ltr'><strong>multo</strong></span> <span class='ocrx_word' id='word_1_279' title='bbox 3424 979 3547 1042; x_wconf 81' lang='lat' dir='ltr'><strong>post</strong></span> <span class='ocrx_word' id='word_1_280' title='bbox 3633 957 3648 971; x_wconf 79' lang='grc'><em>’</em></span> 
     </span>
    </p>
   </div>
   <div class='ocr_carea' id='block_1_38' title="bbox 1996 1048 2897 1125">
    <p class='ocr_par' dir='ltr' id='par_1_38' title="bbox 1996 1048 2897 1125">
     <span class='ocr_line' id='line_1_38' title="bbox 1996 1048 2897 1125; baseline 0.01 -24"><span class='ocrx_word' id='word_1_281' title='bbox 1996 1048 2224 1103; x_wconf 83' lang='lat' dir='ltr'><strong>denatos</strong></span> <span class='ocrx_word' id='word_1_282' title='bbox 2246 1053 2520 1121; x_wconf 91' lang='lat' dir='ltr'><strong>apostolos</strong></span> <span class='ocrx_word' id='word_1_283' title='bbox 2550 1057 2897 1125; x_wconf 88' lang='lat' dir='ltr'><strong>compegerit.</strong></span> 
     </span>
    </p>
   </div>
   <div class='ocr_carea' id='block_1_39' title="bbox 2065 1137 3546 1218">
    <p class='ocr_par' dir='ltr' id='par_1_39' title="bbox 2065 1137 3546 1218">
     <span class='ocr_line' id='line_1_39' title="bbox 2065 1137 3546 1218; baseline 0.014 -27"><span class='ocrx_word' id='word_1_284' title='bbox 2065 1137 2217 1203; x_wconf 87' lang='lat' dir='ltr'><strong>Quod</strong></span> <span class='ocrx_word' id='word_1_285' title='bbox 2240 1152 2416 1195; x_wconf 88' lang='lat' dir='ltr'><strong>autem</strong></span> <span class='ocrx_word' id='word_1_286' title='bbox 2436 1158 2465 1196; x_wconf 88' lang='lat' dir='ltr'><strong>a</strong></span> <span class='ocrx_word' id='word_1_287' title='bbox 2489 1144 2732 1213; x_wconf 89' lang='lat' dir='ltr'><strong>pluribus</strong></span> <span class='ocrx_word' id='word_1_288' title='bbox 2757 1148 3115 1213; x_wconf 81' lang='lat' dir='ltr'><strong>existimatur,</strong></span> <span class='ocrx_word' id='word_1_289' title='bbox 3147 1150 3322 1218; x_wconf 89' lang='lat' dir='ltr'><strong>primo</strong></span> <span class='ocrx_word' id='word_1_290' title='bbox 3346 1156 3546 1211; x_wconf 65' lang='lat' dir='ltr'><strong>sasculo</strong></span> 
     </span>
    </p>
   </div>
   <div class='ocr_carea' id='block_1_40' title="bbox 1995 1229 3541 1307">
    <p class='ocr_par' dir='ltr' id='par_1_40' title="bbox 1995 1229 3541 1307">
     <span class='ocr_line' id='line_1_40' title="bbox 1995 1229 3541 1307; baseline 0.014 -28"><span class='ocrx_word' id='word_1_291' title='bbox 1995 1241 2057 1280; x_wconf 88' lang='lat' dir='ltr'><strong>ac</strong></span> <span class='ocrx_word' id='word_1_292' title='bbox 2090 1229 2351 1299; x_wconf 89' lang='lat' dir='ltr'><strong>principio</strong></span> <span class='ocrx_word' id='word_1_293' title='bbox 2390 1235 2615 1288; x_wconf 88' lang='lat' dir='ltr'><strong>secundi</strong></span> <span class='ocrx_word' id='word_1_294' title='bbox 2663 1233 2918 1307; x_wconf 87' lang='lat' dir='ltr'><strong>Sibyllam</strong></span> <span class='ocrx_word' id='word_1_295' title='bbox 2974 1252 3003 1291; x_wconf 89' lang='lat' dir='ltr'><strong>a</strong></span> <span class='ocrx_word' id='word_1_296' title='bbox 3046 1239 3371 1297; x_wconf 80' lang='lat' dir='ltr'><strong>Christianis</strong></span> <span class='ocrx_word' id='word_1_297' title='bbox 3404 1248 3541 1301; x_wconf 84' lang='lat' dir='ltr'><strong>scri-</strong></span> 
     </span>
    </p>
   </div>
   <div class='ocr_carea' id='block_1_41' title="bbox 1995 1320 3548 1400">
    <p class='ocr_par' dir='ltr' id='par_1_41' title="bbox 1995 1320 3548 1400">
     <span class='ocr_line' id='line_1_41' title="bbox 1995 1320 3548 1400; baseline 0.013 -29"><span class='ocrx_word' id='word_1_298' title='bbox 1995 1320 2240 1388; x_wconf 90' lang='lat' dir='ltr'><strong>ptoribus</strong></span> <span class='ocrx_word' id='word_1_299' title='bbox 2256 1322 2411 1377; x_wconf 88' lang='lat' dir='ltr'><strong>citari</strong></span> <span class='ocrx_word' id='word_1_300' title='bbox 2429 1326 2757 1395; x_wconf 86' lang='lat' dir='ltr'><strong>nequivisse,</strong></span> <span class='ocrx_word' id='word_1_301' title='bbox 2787 1328 2840 1382; x_wconf 89' lang='lat' dir='ltr'><strong>id</strong></span> <span class='ocrx_word' id='word_1_302' title='bbox 2864 1345 2991 1384; x_wconf 86' lang='lat' dir='ltr'><strong>vero</strong></span> <span class='ocrx_word' id='word_1_303' title='bbox 3013 1346 3110 1400; x_wconf 83' lang='lat' dir='ltr'><strong>ego</strong></span> <span class='ocrx_word' id='word_1_304' title='bbox 3133 1332 3364 1399; x_wconf 85' lang='lat' dir='ltr'><strong>iuﬁcior,</strong></span> <span class='ocrx_word' id='word_1_305' title='bbox 3384 1338 3548 1391; x_wconf 55' lang='lat' dir='ltr'><strong>ratio.</strong></span> 
     </span>
    </p>
   </div>
   <div class='ocr_carea' id='block_1_42' title="bbox 1994 1411 3543 1498">
    <p class='ocr_par' dir='ltr' id='par_1_42' title="bbox 1994 1411 3543 1498">
     <span class='ocr_line' id='line_1_42' title="bbox 1994 1411 3543 1498; baseline 0.014 -37"><span class='ocrx_word' id='word_1_306' title='bbox 1994 1411 2153 1468; x_wconf 91' lang='lat' dir='ltr'><strong>nibus</strong></span> <span class='ocrx_word' id='word_1_307' title='bbox 2182 1412 2444 1470; x_wconf 88' lang='lat' dir='ltr'><strong>adductus</strong></span> <span class='ocrx_word' id='word_1_308' title='bbox 2475 1432 2580 1471; x_wconf 89' lang='lat' dir='ltr'><strong>non</strong></span> <span class='ocrx_word' id='word_1_309' title='bbox 2609 1421 2812 1487; x_wconf 88' lang='lat' dir='ltr'><strong>paucis.</strong></span> <span class='ocrx_word' id='word_1_310' title='bbox 2844 1421 3126 1487; x_wconf 84' lang='lat' dir='ltr'><strong>Quoniam,</strong></span> <span class='ocrx_word' id='word_1_311' title='bbox 3159 1427 3397 1495; x_wconf 88' lang='lat' dir='ltr'><strong>scilicet,</strong></span> <span class='ocrx_word' id='word_1_312' title='bbox 3423 1446 3543 1498; x_wconf 68' lang='grc' dir='ltr'>ενοι</span> 
     </span>
    </p>
   </div>
   <div class='ocr_carea' id='block_1_43' title="bbox 1992 1497 3543 1586">
    <p class='ocr_par' dir='ltr' id='par_1_43' title="bbox 1992 1497 3543 1586">
     <span class='ocr_line' id='line_1_43' title="bbox 1992 1497 3543 1586; baseline 0.014 -37"><span class='ocrx_word' id='word_1_313' title='bbox 1992 1497 2064 1550; x_wconf 87' lang='lat' dir='ltr'><strong>tis</strong></span> <span class='ocrx_word' id='word_1_314' title='bbox 2098 1513 2160 1551; x_wconf 86' lang='lat' dir='ltr'><strong>ac</strong></span> <span class='ocrx_word' id='word_1_315' title='bbox 2188 1499 2306 1555; x_wconf 88' lang='lat' dir='ltr'><strong>sine</strong></span> <span class='ocrx_word' id='word_1_316' title='bbox 2333 1501 2679 1558; x_wconf 79' lang='lat' dir='ltr'><strong>fundamento</strong></span> <span class='ocrx_word' id='word_1_317' title='bbox 2712 1506 2841 1559; x_wconf 87' lang='lat' dir='ltr'><strong>illud</strong></span> <span class='ocrx_word' id='word_1_318' title='bbox 2870 1511 3153 1565; x_wconf 89' lang='lat' dir='ltr'><strong>asseritur.</strong></span> <span class='ocrx_word' id='word_1_319' title='bbox 3182 1511 3385 1569; x_wconf 87' lang='lat' dir='ltr'><strong>Deinde</strong></span> <span class='ocrx_word' id='word_1_320' title='bbox 3415 1497 3543 1586; x_wconf 83' lang='lat' dir='ltr'><strong>quia</strong></span> 
     </span>
    </p>
   </div>
   <div class='ocr_carea' id='block_1_44' title="bbox 1995 1591 3540 1678">
    <p class='ocr_par' dir='ltr' id='par_1_44' title="bbox 1995 1591 3540 1678">
     <span class='ocr_line' id='line_1_44' title="bbox 1995 1591 3540 1678; baseline 0.013 -36"><span class='ocrx_word' id='word_1_321' title='bbox 1995 1591 2294 1648; x_wconf 83' lang='lat' dir='ltr'><strong>viventibus</strong></span> <span class='ocrx_word' id='word_1_322' title='bbox 2316 1597 2595 1665; x_wconf 82' lang='lat' dir='ltr'><strong>apostolis.</strong></span> <span class='ocrx_word' id='word_1_323' title='bbox 2615 1612 2678 1651; x_wconf 87' lang='lat' dir='ltr'><strong>ac</strong></span> <span class='ocrx_word' id='word_1_324' title='bbox 2702 1597 2845 1653; x_wconf 87' lang='lat' dir='ltr'><strong>Luca</strong></span> <span class='ocrx_word' id='word_1_325' title='bbox 2875 1602 3143 1657; x_wconf 81' lang='lat' dir='ltr'><strong>scribente</strong></span> <span class='ocrx_word' id='word_1_326' title='bbox 3170 1605 3540 1678; x_wconf 68' lang='lat' dir='ltr'><strong>llvangelium,</strong></span> 
     </span>
    </p>
   </div>
   <div class='ocr_carea' id='block_1_45' title="bbox 1992 1683 3547 1762">
    <p class='ocr_par' dir='ltr' id='par_1_45' title="bbox 1992 1683 3547 1762">
     <span class='ocr_line' id='line_1_45' title="bbox 1992 1683 3547 1762; baseline 0.012 -27"><span class='ocrx_word' id='word_1_327' title='bbox 1992 1683 2160 1735; x_wconf 87' lang='lat' dir='ltr'><strong>multa</strong></span> <span class='ocrx_word' id='word_1_328' title='bbox 2196 1687 2502 1756; x_wconf 84' lang='lat' dir='ltr'><strong>apocrypha</strong></span> <span class='ocrx_word' id='word_1_329' title='bbox 2542 1696 2594 1743; x_wconf 89' lang='lat' dir='ltr'><strong>et</strong></span> <span class='ocrx_word' id='word_1_330' title='bbox 2623 1691 3080 1762; x_wconf 83' lang='lat' dir='ltr'><strong>pseudepigrapha</strong></span> <span class='ocrx_word' id='word_1_331' title='bbox 3113 1695 3273 1751; x_wconf 86' lang='lat' dir='ltr'><strong>otiosi</strong></span> <span class='ocrx_word' id='word_1_332' title='bbox 3311 1706 3547 1755; x_wconf 84' lang='lat' dir='ltr'><strong>temera-</strong></span> 
     </span>
    </p>
   </div>
   <div class='ocr_carea' id='block_1_46' title="bbox 1996 1773 3534 1856">
    <p class='ocr_par' dir='ltr' id='par_1_46' title="bbox 1996 1773 3534 1856">
     <span class='ocr_line' id='line_1_46' title="bbox 1996 1773 3534 1856; baseline 0.014 -31"><span class='ocrx_word' id='word_1_333' title='bbox 1996 1773 2168 1843; x_wconf 89' lang='lat' dir='ltr'><strong>riique</strong></span> <span class='ocrx_word' id='word_1_334' title='bbox 2192 1775 2438 1833; x_wconf 90' lang='lat' dir='ltr'><strong>homines</strong></span> <span class='ocrx_word' id='word_1_335' title='bbox 2470 1779 2724 1845; x_wconf 88' lang='lat' dir='ltr'><strong>edebant,</strong></span> <span class='ocrx_word' id='word_1_336' title='bbox 2757 1782 2931 1853; x_wconf 89' lang='lat' dir='ltr'><strong>inquit</strong></span> <span class='ocrx_word' id='word_1_337' title='bbox 2958 1783 3239 1856; x_wconf 78' lang='lat' dir='ltr'><strong>Origenes,</strong></span> <span class='ocrx_word' id='word_1_338' title='bbox 3282 1790 3468 1846; x_wconf 89' lang='lat' dir='ltr'><strong>homil.</strong></span> <span class='ocrx_word' id='word_1_339' title='bbox 3511 1795 3534 1847; x_wconf 82' lang='lat' dir='ltr'><strong>l</strong></span> 
     </span>
    </p>
   </div>
   <div class='ocr_carea' id='block_1_47' title="bbox 1992 1862 3536 1954">
    <p class='ocr_par' dir='ltr' id='par_1_47' title="bbox 1992 1862 3536 1954">
     <span class='ocr_line' id='line_1_47' title="bbox 1992 1862 3536 1954; baseline 0.014 -37"><span class='ocrx_word' id='word_1_340' title='bbox 1992 1864 2045 1918; x_wconf 89' lang='lat' dir='ltr'><strong>in</strong></span> <span class='ocrx_word' id='word_1_341' title='bbox 2074 1862 2289 1928; x_wconf 87' lang='lat' dir='ltr'><strong>Lucam,</strong></span> <span class='ocrx_word' id='word_1_342' title='bbox 2314 1884 2544 1941; x_wconf 90' lang='lat' dir='ltr'><strong>eumque</strong></span> <span class='ocrx_word' id='word_1_343' title='bbox 2568 1874 2865 1943; x_wconf 67' lang='lat' dir='ltr'><strong>smpissime</strong></span> <span class='ocrx_word' id='word_1_344' title='bbox 2888 1890 3124 1946; x_wconf 86' lang='lat' dir='ltr'><strong>sequens</strong></span> <span class='ocrx_word' id='word_1_345' title='bbox 3155 1878 3536 1954; x_wconf 75' lang='lat' dir='ltr'><strong>Hieronymus,</strong></span> 
     </span>
    </p>
   </div>
   <div class='ocr_carea' id='block_1_48' title="bbox 1982 1957 3537 2037">
    <p class='ocr_par' dir='ltr' id='par_1_48' title="bbox 1982 1957 3537 2037">
     <span class='ocr_line' id='line_1_48' title="bbox 1982 1957 3537 2037; baseline 0.012 -24"><span class='ocrx_word' id='word_1_346' title='bbox 1982 1957 2242 2015; x_wconf 78' lang='lat' dir='ltr'><strong>Procemio</strong></span> <span class='ocrx_word' id='word_1_347' title='bbox 2256 1958 2771 2019; x_wconf 85' lang='lat' dir='ltr'><strong>Commentariorum</strong></span> <span class='ocrx_word' id='word_1_348' title='bbox 2788 1982 2950 2037; x_wconf 87' lang='lat' dir='ltr'><strong>super</strong></span> <span class='ocrx_word' id='word_1_349' title='bbox 2962 1970 3262 2026; x_wconf 64' lang='lat' dir='ltr'><strong>Matthatum</strong></span> <span class='ocrx_word' id='word_1_350' title='bbox 3276 2014 3289 2033; x_wconf 89' lang='lat'><strong>.</strong></span> <span class='ocrx_word' id='word_1_351' title='bbox 3308 1990 3405 2029; x_wconf 87' lang='lat' dir='ltr'><strong>nec</strong></span> <span class='ocrx_word' id='word_1_352' title='bbox 3429 1994 3537 2032; x_wconf 87' lang='lat' dir='ltr'><strong>non</strong></span> 
     </span>
    </p>
   </div>
   <div class='ocr_carea' id='block_1_49' title="bbox 1990 2046 3539 2140">
    <p class='ocr_par' dir='ltr' id='par_1_49' title="bbox 1990 2046 3539 2140">
     <span class='ocr_line' id='line_1_49' title="bbox 1990 2046 3539 2140; baseline 0.015 -41"><span class='ocrx_word' id='word_1_353' title='bbox 1990 2046 2164 2113; x_wconf 88' lang='lat' dir='ltr'><strong>Titus,</strong></span> <span class='ocrx_word' id='word_1_354' title='bbox 2196 2052 2542 2121; x_wconf 87' lang='lat' dir='ltr'><strong>Ambrosius,</strong></span> <span class='ocrx_word' id='word_1_355' title='bbox 2575 2054 2745 2123; x_wconf 87' lang='lat' dir='ltr'><strong>Beda,</strong></span> <span class='ocrx_word' id='word_1_356' title='bbox 2808 2057 3146 2131; x_wconf 86' lang='lat' dir='ltr'><strong>Euthymius,</strong></span> <span class='ocrx_word' id='word_1_357' title='bbox 3194 2064 3539 2140; x_wconf 70' lang='lat' dir='ltr'><strong>Thettphyla-</strong></span> 
     </span>
    </p>
   </div>
   <div class='ocr_carea' id='block_1_50' title="bbox 1987 2141 3537 2230">
    <p class='ocr_par' dir='ltr' id='par_1_50' title="bbox 1987 2141 3537 2230">
     <span class='ocr_line' id='line_1_50' title="bbox 1987 2141 3537 2230; baseline 0.017 -38"><span class='ocrx_word' id='word_1_358' title='bbox 1987 2147 2128 2209; x_wconf 87' lang='lat' dir='ltr'><strong>ctus,</strong></span> <span class='ocrx_word' id='word_1_359' title='bbox 2148 2141 2211 2195; x_wconf 85' lang='lat' dir='ltr'><strong>ad</strong></span> <span class='ocrx_word' id='word_1_360' title='bbox 2231 2145 2461 2211; x_wconf 90' lang='lat' dir='ltr'><strong>primum</strong></span> <span class='ocrx_word' id='word_1_361' title='bbox 2492 2162 2705 2202; x_wconf 80' lang='lat' dir='ltr'><strong>versum</strong></span> <span class='ocrx_word' id='word_1_362' title='bbox 2753 2149 3028 2222; x_wconf 81' lang='lat' dir='ltr'><strong>Evangelii</strong></span> <span class='ocrx_word' id='word_1_363' title='bbox 3059 2156 3454 2230; x_wconf 63' lang='lat' dir='ltr'><strong>Lucamquidni</strong></span> <span class='ocrx_word' id='word_1_364' title='bbox 3484 2174 3537 2218; x_wconf 88' lang='lat' dir='ltr'><strong>et</strong></span> 
     </span>
    </p>
   </div>
   <div class='ocr_carea' id='block_1_51' title="bbox 1987 2230 3534 2308">
    <p class='ocr_par' dir='ltr' id='par_1_51' title="bbox 1987 2230 3534 2308">
     <span class='ocr_line' id='line_1_51' title="bbox 1987 2230 3534 2308; baseline 0.017 -26"><span class='ocrx_word' id='word_1_365' title='bbox 1987 2230 2041 2283; x_wconf 92' lang='lat' dir='ltr'><strong>in</strong></span> <span class='ocrx_word' id='word_1_366' title='bbox 2070 2230 2175 2285; x_wconf 90' lang='lat' dir='ltr'><strong>illis</strong></span> <span class='ocrx_word' id='word_1_367' title='bbox 2213 2233 2455 2301; x_wconf 66' lang='lat' dir='ltr'><strong>quaedam</strong></span> <span class='ocrx_word' id='word_1_368' title='bbox 2497 2235 2761 2307; x_wconf 90' lang='lat' dir='ltr'><strong>Sibyllino</strong></span> <span class='ocrx_word' id='word_1_369' title='bbox 2793 2243 3046 2299; x_wconf 87' lang='lat' dir='ltr'><strong>nomine?</strong></span> <span class='ocrx_word' id='word_1_370' title='bbox 3068 2247 3146 2300; x_wconf 85' lang='lat' dir='ltr'><strong>Ad</strong></span> <span class='ocrx_word' id='word_1_371' title='bbox 3184 2249 3297 2304; x_wconf 77' lang='lat' dir='ltr'><strong>[nec</strong></span> <span class='ocrx_word' id='word_1_372' title='bbox 3328 2262 3534 2308; x_wconf 88' lang='lat' dir='ltr'><strong>certum</strong></span> 
     </span>
    </p>
   </div>
   <div class='ocr_carea' id='block_1_52' title="bbox 1985 2321 3535 2406">
    <p class='ocr_par' dir='ltr' id='par_1_52' title="bbox 1985 2321 3535 2406">
     <span class='ocr_line' id='line_1_52' title="bbox 1985 2321 3535 2406; baseline 0.017 -34"><span class='ocrx_word' id='word_1_373' title='bbox 1985 2328 2069 2373; x_wconf 86' lang='lat' dir='ltr'><strong>est</strong></span> <span class='ocrx_word' id='word_1_374' title='bbox 2101 2337 2167 2375; x_wconf 72' lang='lat' dir='ltr'><strong>ex</strong></span> <span class='ocrx_word' id='word_1_375' title='bbox 2195 2321 2471 2391; x_wconf 79' lang='lat' dir='ltr'><strong>Varrone,</strong></span> <span class='ocrx_word' id='word_1_376' title='bbox 2511 2326 2799 2394; x_wconf 87' lang='lat' dir='ltr'><strong>Cicerone,</strong></span> <span class='ocrx_word' id='word_1_377' title='bbox 2835 2332 3047 2400; x_wconf 86' lang='lat' dir='ltr'><strong>Tacito,</strong></span> <span class='ocrx_word' id='word_1_378' title='bbox 3084 2336 3375 2406; x_wconf 72' lang='lat' dir='ltr'><strong>Suetonio,</strong></span> <span class='ocrx_word' id='word_1_379' title='bbox 3409 2344 3535 2399; x_wconf 84' lang='lat' dir='ltr'><strong>Plu-</strong></span> 
     </span>
    </p>
   </div>
   <div class='ocr_carea' id='block_1_53' title="bbox 1984 2415 3533 2506">
    <p class='ocr_par' dir='ltr' id='par_1_53' title="bbox 1984 2415 3533 2506">
     <span class='ocr_line' id='line_1_53' title="bbox 1984 2415 3533 2506; baseline 0.018 -41"><span class='ocrx_word' id='word_1_380' title='bbox 1984 2415 2201 2477; x_wconf 81' lang='lat' dir='ltr'><strong>tarcho,</strong></span> <span class='ocrx_word' id='word_1_381' title='bbox 2248 2420 2413 2471; x_wconf 86' lang='lat' dir='ltr'><strong>multa</strong></span> <span class='ocrx_word' id='word_1_382' title='bbox 2454 2436 2589 2474; x_wconf 83' lang='lat' dir='ltr'><strong>vana</strong></span> <span class='ocrx_word' id='word_1_383' title='bbox 2635 2430 2690 2478; x_wconf 86' lang='lat' dir='ltr'><strong>et</strong></span> <span class='ocrx_word' id='word_1_384' title='bbox 2733 2428 3075 2495; x_wconf 89' lang='lat' dir='ltr'><strong>supposititia</strong></span> <span class='ocrx_word' id='word_1_385' title='bbox 3118 2431 3258 2488; x_wconf 82' lang='lat' dir='ltr'><strong>inter</strong></span> <span class='ocrx_word' id='word_1_386' title='bbox 3296 2451 3533 2506; x_wconf 80' lang='lat' dir='ltr'><strong>paganos</strong></span> 
     </span>
    </p>
   </div>
   <div class='ocr_carea' id='block_1_54' title="bbox 1984 2506 3531 2582">
    <p class='ocr_par' dir='ltr' id='par_1_54' title="bbox 1984 2506 3531 2582">
     <span class='ocr_line' id='line_1_54' title="bbox 1984 2506 3531 2582; baseline 0.016 -26"><span class='ocrx_word' id='word_1_387' title='bbox 1984 2506 2140 2574; x_wconf 89' lang='lat' dir='ltr'><strong>quasi</strong></span> <span class='ocrx_word' id='word_1_388' title='bbox 2182 2506 2438 2579; x_wconf 83' lang='lat' dir='ltr'><strong>Sibyllina</strong></span> <span class='ocrx_word' id='word_1_389' title='bbox 2479 2512 2648 2568; x_wconf 84' lang='lat' dir='ltr'><strong>fuisse</strong></span> <span class='ocrx_word' id='word_1_390' title='bbox 2703 2516 3048 2582; x_wconf 85' lang='lat' dir='ltr'><strong>circumlata,</strong></span> <span class='ocrx_word' id='word_1_391' title='bbox 3091 2532 3215 2579; x_wconf 86' lang='lat' dir='ltr'><strong>ante</strong></span> <span class='ocrx_word' id='word_1_392' title='bbox 3256 2532 3309 2580; x_wconf 89' lang='lat' dir='ltr'><strong>et</strong></span> <span class='ocrx_word' id='word_1_393' title='bbox 3350 2529 3531 2581; x_wconf 86' lang='lat' dir='ltr'><strong>statim</strong></span> 
     </span>
    </p>
   </div>
   <div class='ocr_carea' id='block_1_55' title="bbox 1981 2601 3532 2691">
    <p class='ocr_par' dir='ltr' id='par_1_55' title="bbox 1981 2601 3532 2691">
     <span class='ocr_line' id='line_1_55' title="bbox 1981 2601 3532 2691; baseline 0.018 -41"><span class='ocrx_word' id='word_1_394' title='bbox 1981 2606 2102 2668; x_wconf 88' lang='lat' dir='ltr'><strong>post</strong></span> <span class='ocrx_word' id='word_1_395' title='bbox 2132 2601 2428 2677; x_wconf 87' lang='lat' dir='ltr'><strong>primordia</strong></span> <span class='ocrx_word' id='word_1_396' title='bbox 2461 2616 2661 2662; x_wconf 67' lang='lat' dir='ltr'><strong>nostra:</strong></span> <span class='ocrx_word' id='word_1_397' title='bbox 2687 2611 2964 2681; x_wconf 82' lang='lat' dir='ltr'><strong>religionis</strong></span> <span class='ocrx_word' id='word_1_398' title='bbox 2991 2634 3002 2668; x_wconf 89' lang='lat'><strong>:</strong></span> <span class='ocrx_word' id='word_1_399' title='bbox 3038 2615 3137 2669; x_wconf 88' lang='lat' dir='ltr'><strong>hoc</strong></span> <span class='ocrx_word' id='word_1_400' title='bbox 3160 2622 3405 2691; x_wconf 79' lang='lat' dir='ltr'><strong>exemplo</strong></span> <span class='ocrx_word' id='word_1_401' title='bbox 3435 2635 3532 2678; x_wconf 77' lang='lat' dir='ltr'><strong>cut</strong></span> 
     </span>
    </p>
   </div>
   <div class='ocr_carea' id='block_1_56' title="bbox 1982 2693 3533 2777">
    <p class='ocr_par' dir='ltr' id='par_1_56' title="bbox 1982 2693 3533 2777">
     <span class='ocr_line' id='line_1_56' title="bbox 1982 2693 3533 2777; baseline 0.017 -34"><span class='ocrx_word' id='word_1_402' title='bbox 1982 2705 2091 2744; x_wconf 81' lang='lat' dir='ltr'><strong>nun</strong></span> <span class='ocrx_word' id='word_1_403' title='bbox 2121 2693 2261 2748; x_wconf 89' lang='lat' dir='ltr'><strong>idem</strong></span> <span class='ocrx_word' id='word_1_404' title='bbox 2305 2699 2545 2753; x_wconf 88' lang='lat' dir='ltr'><strong>evenerit</strong></span> <span class='ocrx_word' id='word_1_405' title='bbox 2575 2703 2716 2770; x_wconf 87' lang='lat' dir='ltr'><strong>apud</strong></span> <span class='ocrx_word' id='word_1_406' title='bbox 2760 2706 2899 2759; x_wconf 86' lang='lat' dir='ltr'><strong>nos?</strong></span> <span class='ocrx_word' id='word_1_407' title='bbox 2926 2706 3115 2777; x_wconf 84' lang='lat' dir='ltr'><strong>Adjice</strong></span> <span class='ocrx_word' id='word_1_408' title='bbox 3156 2710 3243 2766; x_wconf 89' lang='lat' dir='ltr'><strong>bis</strong></span> <span class='ocrx_word' id='word_1_409' title='bbox 3287 2715 3533 2770; x_wconf 85' lang='lat' dir='ltr'><strong>testimo-</strong></span> 
     </span>
    </p>
   </div>
   <div class='ocr_carea' id='block_1_57' title="bbox 1983 2780 3529 2870">
    <p class='ocr_par' dir='ltr' id='par_1_57' title="bbox 1983 2780 3529 2870">
     <span class='ocr_line' id='line_1_57' title="bbox 1983 2780 3529 2870; baseline 0.019 -38"><span class='ocrx_word' id='word_1_410' title='bbox 1983 2780 2133 2834; x_wconf 90' lang='lat' dir='ltr'><strong>nium</strong></span> <span class='ocrx_word' id='word_1_411' title='bbox 2164 2781 2375 2841; x_wconf 75' lang='lat' dir='ltr'><strong>llerma:</strong></span> <span class='ocrx_word' id='word_1_412' title='bbox 2396 2788 2469 2843; x_wconf 90' lang='lat' dir='ltr'><strong>lib</strong></span> <span class='ocrx_word' id='word_1_413' title='bbox 2496 2790 2660 2867; x_wconf 85' lang='lat' dir='ltr'><strong>t,vis.</strong></span> <span class='ocrx_word' id='word_1_414' title='bbox 2690 2794 2744 2855; x_wconf 75' lang='lat'><strong>2,</strong></span> <span class='ocrx_word' id='word_1_415' title='bbox 2764 2808 2881 2864; x_wconf 88' lang='lat' dir='ltr'><strong>cap.</strong></span> <span class='ocrx_word' id='word_1_416' title='bbox 2905 2796 2967 2858; x_wconf 76' lang='lat'><strong>4,</strong></span> <span class='ocrx_word' id='word_1_417' title='bbox 2997 2814 3222 2870; x_wconf 70' lang='lat' dir='ltr'><strong>quazque</strong></span> <span class='ocrx_word' id='word_1_418' title='bbox 3248 2803 3318 2857; x_wconf 89' lang='lat' dir='ltr'><strong>ibi</strong></span> <span class='ocrx_word' id='word_1_419' title='bbox 3358 2806 3529 2861; x_wconf 87' lang='lat' dir='ltr'><strong>adno-</strong></span> 
     </span>
    </p>
   </div>
   <div class='ocr_carea' id='block_1_58' title="bbox 1978 2866 3526 2962">
    <p class='ocr_par' dir='ltr' id='par_1_58' title="bbox 1978 2866 3526 2962">
     <span class='ocr_line' id='line_1_58' title="bbox 1978 2866 3526 2962; baseline 0.018 -39"><span class='ocrx_word' id='word_1_420' title='bbox 1978 2873 2160 2926; x_wconf 84' lang='lat' dir='ltr'><strong>tabam</strong></span> <span class='ocrx_word' id='word_1_421' title='bbox 2182 2876 2247 2929; x_wconf 87' lang='lat' dir='ltr'><strong>de</strong></span> <span class='ocrx_word' id='word_1_422' title='bbox 2271 2876 2465 2948; x_wconf 83' lang='lat' dir='ltr'><strong>insigni</strong></span> <span class='ocrx_word' id='word_1_423' title='bbox 2493 2866 2599 2935; x_wconf 82' lang='lat' dir='ltr'><strong>isto</strong></span> <span class='ocrx_word' id='word_1_424' title='bbox 2625 2882 2742 2936; x_wconf 91' lang='lat' dir='ltr'><strong>loco</strong></span> <span class='ocrx_word' id='word_1_425' title='bbox 2772 2882 2990 2956; x_wconf 83' lang='lat' dir='ltr'><strong>Josephi</strong></span> <span class='ocrx_word' id='word_1_426' title='bbox 3020 2866 3526 2962; x_wconf 81' lang='lat' dir='ltr'><strong>Antiquit.ludaic.,</strong></span> 
     </span>
    </p>
   </div>
   <div class='ocr_carea' id='block_1_59' title="bbox 1976 2963 3532 3057">
    <p class='ocr_par' dir='ltr' id='par_1_59' title="bbox 1976 2963 3532 3057">
     <span class='ocr_line' id='line_1_59' title="bbox 1976 2963 3532 3057; baseline 0.016 -40"><span class='ocrx_word' id='word_1_427' title='bbox 1976 2963 2069 3019; x_wconf 82' lang='lat' dir='ltr'><strong>lib.</strong></span> <span class='ocrx_word' id='word_1_428' title='bbox 2105 2976 2151 3034; x_wconf 78' lang='grc' dir='ltr'>ι,</span> <span class='ocrx_word' id='word_1_429' title='bbox 2169 2980 2289 3038; x_wconf 86' lang='lat' dir='ltr'><strong>cap.</strong></span> <span class='ocrx_word' id='word_1_430' title='bbox 2315 2970 2381 3024; x_wconf 84' lang='lat'><strong>5:</strong></span> <span class='ocrx_word' id='word_1_431' title='bbox 2414 2972 2545 3042; x_wconf 73' lang='grc' dir='ltr'><strong>Περὶ</strong></span> <span class='ocrx_word' id='word_1_432' title='bbox 2581 2972 2634 3025; x_wconf 82' lang='grc' dir='ltr'><strong>δὲ</strong></span> <span class='ocrx_word' id='word_1_433' title='bbox 2678 2972 2770 3026; x_wconf 82' lang='grc' dir='ltr'>τοῦ</span> <span class='ocrx_word' id='word_1_434' title='bbox 2824 2976 3029 3048; x_wconf 75' lang='grc' dir='ltr'>πύργον</span> <span class='ocrx_word' id='word_1_435' title='bbox 3080 2983 3266 3037; x_wconf 74' lang='grc' dir='ltr'>τούτου</span> <span class='ocrx_word' id='word_1_436' title='bbox 3312 2988 3404 3039; x_wconf 68' lang='grc' dir='ltr'><strong>καὶ</strong></span> <span class='ocrx_word' id='word_1_437' title='bbox 3432 2988 3532 3057; x_wconf 77' lang='grc' dir='ltr'><strong>τῆς</strong></span> 
     </span>
    </p>
   </div>
   <div class='ocr_carea' id='block_1_60' title="bbox 321 3046 1878 3144">
    <p class='ocr_par' dir='ltr' id='par_1_60' title="bbox 321 3046 1874 3127">
     <span class='ocr_line' id='line_1_60' title="bbox 321 3046 1874 3127; baseline 0.005 -21"><span class='ocrx_word' id='word_1_438' title='bbox 321 3052 662 3123; x_wconf 88' lang='lat' dir='ltr'><strong>improbetur</strong></span> <span class='ocrx_word' id='word_1_439' title='bbox 689 3052 1082 3123; x_wconf 88' lang='lat' dir='ltr'><strong>interpretatio.</strong></span> <span class='ocrx_word' id='word_1_440' title='bbox 1106 3046 1249 3110; x_wconf 85' lang='lat' dir='ltr'><strong>Nihil</strong></span> <span class='ocrx_word' id='word_1_441' title='bbox 1279 3072 1405 3127; x_wconf 89' lang='lat' dir='ltr'><strong>ergo</strong></span> <span class='ocrx_word' id='word_1_442' title='bbox 1433 3057 1752 3127; x_wconf 88' lang='lat' dir='ltr'><strong>adjuvamur</strong></span> <span class='ocrx_word' id='word_1_443' title='bbox 1774 3058 1874 3113; x_wconf 89' lang='lat' dir='ltr'><strong>hoc</strong></span> 
     </span>
    </p>
   </div>
   <div class='ocr_carea' id='block_1_61' title="bbox 1977 3046 3529 3144">
    <p class='ocr_par' dir='ltr' id='par_1_61' title="bbox 1977 3046 3529 3144">
     <span class='ocr_line' id='line_1_61' title="bbox 1977 3046 3529 3144; baseline 0.014 -32"><span class='ocrx_word' id='word_1_444' title='bbox 1977 3057 2309 3132; x_wconf 78' lang='grc' dir='ltr'><strong>ἀλλοφωνίας</strong></span> <span class='ocrx_word' id='word_1_445' title='bbox 2334 3062 2440 3113; x_wconf 85' lang='grc' dir='ltr'><strong>τῶν</strong></span> <span class='ocrx_word' id='word_1_446' title='bbox 2487 3062 2803 3135; x_wconf 83' lang='grc' dir='ltr'>ἀνθρώπων,</span> <span class='ocrx_word' id='word_1_447' title='bbox 2838 3046 3101 3141; x_wconf 80' lang='grc' dir='ltr'>μέμνηται</span> <span class='ocrx_word' id='word_1_448' title='bbox 3143 3076 3234 3128; x_wconf 73' lang='grc' dir='ltr'><strong>καὶ</strong></span> <span class='ocrx_word' id='word_1_449' title='bbox 3265 3046 3529 3144; x_wconf 42' lang='grc' dir='ltr'>Σίϐυλλα-ξ</span> 
     </span>
    </p>
   </div>
   <div class='ocr_carea' id='block_1_62' title="bbox 323 3148 1872 3221">
    <p class='ocr_par' dir='ltr' id='par_1_62' title="bbox 323 3148 1872 3221">
     <span class='ocr_line' id='line_1_62' title="bbox 323 3148 1872 3221; baseline 0 -17"><span class='ocrx_word' id='word_1_450' title='bbox 323 3148 662 3213; x_wconf 78' lang='lat' dir='ltr'><strong>testimonio,</strong></span> <span class='ocrx_word' id='word_1_451' title='bbox 688 3148 757 3203; x_wconf 88' lang='lat' dir='ltr'><strong>ad</strong></span> <span class='ocrx_word' id='word_1_452' title='bbox 787 3148 1219 3221; x_wconf 78' lang='lat' dir='ltr'><strong>investigandum</strong></span> <span class='ocrx_word' id='word_1_453' title='bbox 1249 3149 1393 3221; x_wconf 89' lang='lat' dir='ltr'><strong>quod</strong></span> <span class='ocrx_word' id='word_1_454' title='bbox 1414 3150 1707 3220; x_wconf 64' lang='lat' dir='ltr'><strong>quaerimus</strong></span> <span class='ocrx_word' id='word_1_455' title='bbox 1736 3157 1872 3205; x_wconf 84' lang='lat' dir='ltr'><strong>tem-</strong></span> 
     </span>
    </p>
   </div>
   <div class='ocr_carea' id='block_1_63' title="bbox 318 3254 445 3308">
    <p class='ocr_par' dir='ltr' id='par_1_63' title="bbox 318 3254 445 3308">
     <span class='ocr_line' id='line_1_63' title="bbox 318 3254 445 3308; baseline 0.024 -16"><span class='ocrx_word' id='word_1_456' title='bbox 318 3254 445 3308; x_wconf 89' lang='lat' dir='ltr'><strong>pus.</strong></span> 
     </span>
    </p>
   </div>
   <div class='ocr_carea' id='block_1_64' title="bbox 386 3328 1870 3411">
    <p class='ocr_par' dir='ltr' id='par_1_64' title="bbox 386 3328 1870 3411">
     <span class='ocr_line' id='line_1_64' title="bbox 386 3328 1870 3411; baseline 0.002 -27"><span class='ocrx_word' id='word_1_457' title='bbox 386 3328 510 3384; x_wconf 71' lang='grc' dir='ltr'><strong>ιω</strong></span> <span class='ocrx_word' id='word_1_458' title='bbox 551 3344 683 3385; x_wconf 79' lang='lat' dir='ltr'><strong>vero</strong></span> <span class='ocrx_word' id='word_1_459' title='bbox 716 3330 764 3385; x_wconf 91' lang='lat' dir='ltr'><strong>si</strong></span> <span class='ocrx_word' id='word_1_460' title='bbox 805 3338 996 3403; x_wconf 88' lang='lat' dir='ltr'><strong>agatur</strong></span> <span class='ocrx_word' id='word_1_461' title='bbox 1033 3330 1099 3387; x_wconf 90' lang='lat' dir='ltr'><strong>de</strong></span> <span class='ocrx_word' id='word_1_462' title='bbox 1144 3329 1529 3403; x_wconf 81' lang='lat' dir='ltr'><strong>Sibyllinorum</strong></span> <span class='ocrx_word' id='word_1_463' title='bbox 1569 3332 1870 3411; x_wconf 90' lang='lat' dir='ltr'><strong>carminum</strong></span> 
     </span>
    </p>
   </div>
   <div class='ocr_carea' id='block_1_65' title="bbox 317 3420 1867 3491">
    <p class='ocr_par' dir='ltr' id='par_1_65' title="bbox 317 3420 1867 3491">
     <span class='ocr_line' id='line_1_65' title="bbox 317 3420 1867 3491; baseline 0.003 -18"><span class='ocrx_word' id='word_1_464' title='bbox 317 3420 531 3490; x_wconf 83' lang='lat' dir='ltr'><strong>sylloge</strong></span> <span class='ocrx_word' id='word_1_465' title='bbox 556 3436 664 3491; x_wconf 89' lang='lat' dir='ltr'><strong>qua</strong></span> <span class='ocrx_word' id='word_1_466' title='bbox 696 3420 856 3476; x_wconf 88' lang='lat' dir='ltr'><strong>hodie</strong></span> <span class='ocrx_word' id='word_1_467' title='bbox 887 3421 1109 3485; x_wconf 88' lang='lat' dir='ltr'><strong>utimur,</strong></span> <span class='ocrx_word' id='word_1_468' title='bbox 1146 3435 1244 3490; x_wconf 91' lang='lat' dir='ltr'><strong>pro</strong></span> <span class='ocrx_word' id='word_1_469' title='bbox 1280 3429 1428 3476; x_wconf 89' lang='lat' dir='ltr'><strong>certo</strong></span> <span class='ocrx_word' id='word_1_470' title='bbox 1458 3421 1641 3477; x_wconf 88' lang='lat' dir='ltr'><strong>haberi</strong></span> <span class='ocrx_word' id='word_1_471' title='bbox 1679 3423 1867 3486; x_wconf 88' lang='lat' dir='ltr'><strong>debet,</strong></span> 
     </span>
    </p>
   </div>
   <div class='ocr_carea' id='block_1_66' title="bbox 314 3512 1872 3584">
    <p class='ocr_par' dir='ltr' id='par_1_66' title="bbox 314 3512 1872 3584">
     <span class='ocr_line' id='line_1_66' title="bbox 314 3512 1872 3584; baseline 0.003 -19"><span class='ocrx_word' id='word_1_472' title='bbox 314 3512 466 3581; x_wconf 90' lang='lat' dir='ltr'><strong>quod</strong></span> <span class='ocrx_word' id='word_1_473' title='bbox 496 3527 527 3565; x_wconf 87' lang='lat' dir='ltr'><strong>a</strong></span> <span class='ocrx_word' id='word_1_474' title='bbox 555 3513 741 3569; x_wconf 88' lang='lat' dir='ltr'><strong>multis</strong></span> <span class='ocrx_word' id='word_1_475' title='bbox 782 3512 1059 3569; x_wconf 85' lang='lat' dir='ltr'><strong>evidenter</strong></span> <span class='ocrx_word' id='word_1_476' title='bbox 1093 3512 1193 3567; x_wconf 80' lang='lat' dir='ltr'><strong>fuit</strong></span> <span class='ocrx_word' id='word_1_477' title='bbox 1218 3513 1524 3584; x_wconf 91' lang='lat' dir='ltr'><strong>probatum,</strong></span> <span class='ocrx_word' id='word_1_478' title='bbox 1556 3530 1673 3569; x_wconf 87' lang='lat' dir='ltr'><strong>eam</strong></span> <span class='ocrx_word' id='word_1_479' title='bbox 1704 3516 1872 3569; x_wconf 88' lang='lat' dir='ltr'><strong>multo</strong></span> 
     </span>
    </p>
   </div>
   <div class='ocr_carea' id='block_1_67' title="bbox 320 3604 1867 3675">
    <p class='ocr_par' dir='ltr' id='par_1_67' title="bbox 320 3604 1867 3675">
     <span class='ocr_line' id='line_1_67' title="bbox 320 3604 1867 3675; baseline 0.001 -18"><span class='ocrx_word' id='word_1_480' title='bbox 320 3611 447 3665; x_wconf 78' lang='lat' dir='ltr'><strong>post</strong></span> <span class='ocrx_word' id='word_1_481' title='bbox 494 3604 792 3674; x_wconf 89' lang='lat' dir='ltr'><strong>apostolica</strong></span> <span class='ocrx_word' id='word_1_482' title='bbox 838 3612 1083 3675; x_wconf 87' lang='lat' dir='ltr'><strong>tempora</strong></span> <span class='ocrx_word' id='word_1_483' title='bbox 1133 3606 1304 3659; x_wconf 90' lang='lat' dir='ltr'><strong>lucem</strong></span> <span class='ocrx_word' id='word_1_484' title='bbox 1347 3604 1567 3660; x_wconf 86' lang='lat' dir='ltr'><strong>vidisse.</strong></span> <span class='ocrx_word' id='word_1_485' title='bbox 1618 3604 1867 3659; x_wconf 87' lang='lat' dir='ltr'><strong>Nonnulli</strong></span> 
     </span>
    </p>
   </div>
   <div class='ocr_carea' id='block_1_68' title="bbox 314 3695 1872 3768">
    <p class='ocr_par' dir='ltr' id='par_1_68' title="bbox 314 3695 1872 3768">
     <span class='ocr_line' id='line_1_68' title="bbox 314 3695 1872 3768; baseline 0.002 -20"><span class='ocrx_word' id='word_1_486' title='bbox 314 3709 449 3748; x_wconf 86' lang='lat' dir='ltr'><strong>sane</strong></span> <span class='ocrx_word' id='word_1_487' title='bbox 481 3695 536 3748; x_wconf 91' lang='lat' dir='ltr'><strong>in</strong></span> <span class='ocrx_word' id='word_1_488' title='bbox 560 3709 622 3749; x_wconf 86' lang='lat' dir='ltr'><strong>ea</strong></span> <span class='ocrx_word' id='word_1_489' title='bbox 647 3710 836 3750; x_wconf 88' lang='lat' dir='ltr'><strong>versus</strong></span> <span class='ocrx_word' id='word_1_490' title='bbox 864 3695 1133 3766; x_wconf 89' lang='lat' dir='ltr'><strong>leguntur,</strong></span> <span class='ocrx_word' id='word_1_491' title='bbox 1162 3705 1320 3751; x_wconf 54' lang='lat' dir='ltr'><strong>aetate</strong></span> <span class='ocrx_word' id='word_1_492' title='bbox 1352 3697 1680 3768; x_wconf 89' lang='lat' dir='ltr'><strong>posteriores</strong></span> <span class='ocrx_word' id='word_1_493' title='bbox 1739 3698 1872 3752; x_wconf 90' lang='lat' dir='ltr'><strong>scri-</strong></span> 
     </span>
    </p>
   </div>
   <div class='ocr_carea' id='block_1_69' title="bbox 318 3784 1867 3860">
    <p class='ocr_par' dir='ltr' id='par_1_69' title="bbox 318 3784 1867 3860">
     <span class='ocr_line' id='line_1_69' title="bbox 318 3784 1867 3860; baseline 0.003 -23"><span class='ocrx_word' id='word_1_494' title='bbox 318 3786 427 3855; x_wconf 86' lang='lat' dir='ltr'><strong>ptis</strong></span> <span class='ocrx_word' id='word_1_495' title='bbox 446 3785 668 3840; x_wconf 88' lang='lat' dir='ltr'><strong>Patrum</strong></span> <span class='ocrx_word' id='word_1_496' title='bbox 697 3784 958 3860; x_wconf 83' lang='lat' dir='ltr'><strong>Sibyllina</strong></span> <span class='ocrx_word' id='word_1_497' title='bbox 988 3788 1205 3843; x_wconf 83' lang='lat' dir='ltr'><strong>oracula</strong></span> <span class='ocrx_word' id='word_1_498' title='bbox 1240 3788 1533 3843; x_wconf 88' lang='lat' dir='ltr'><strong>citantibus</strong></span> <span class='ocrx_word' id='word_1_499' title='bbox 1562 3789 1783 3859; x_wconf 85' lang='lat' dir='ltr'><strong>:quales</strong></span> <span class='ocrx_word' id='word_1_500' title='bbox 1813 3787 1867 3842; x_wconf 91' lang='lat' dir='ltr'><strong>hi</strong></span> 
     </span>
    </p>
   </div>
   <div class='ocr_carea' id='block_1_70' title="bbox 314 3879 460 3930">
    <p class='ocr_par' dir='ltr' id='par_1_70' title="bbox 314 3879 460 3930">
     <span class='ocr_line' id='line_1_70' title="bbox 314 3879 460 3930; baseline -0.007 0"><span class='ocrx_word' id='word_1_501' title='bbox 314 3879 460 3930; x_wconf 86' lang='lat' dir='ltr'><strong>duo:</strong></span> 
     </span>
    </p>
   </div>
   <div class='ocr_carea' id='block_1_71' title="bbox 314 3984 1787 4066">
    <p class='ocr_par' dir='ltr' id='par_1_71' title="bbox 314 3984 1787 4066">
     <span class='ocr_line' id='line_1_71' title="bbox 314 3984 1787 4066; baseline 0.007 -30"><span class='ocrx_word' id='word_1_502' title='bbox 314 3984 513 4066; x_wconf 62' lang='grc' dir='ltr'>ρύκέτι</span> <span class='ocrx_word' id='word_1_503' title='bbox 539 3985 647 4066; x_wconf 68' lang='grc' dir='ltr'><strong>γὰρ</strong></span> <span class='ocrx_word' id='word_1_504' title='bbox 674 3986 824 4066; x_wconf 69' lang='grc' dir='ltr'>παρὰ</span> <span class='ocrx_word' id='word_1_505' title='bbox 855 3991 963 4066; x_wconf 69' lang='grc' dir='ltr'>σεῖο</span> <span class='ocrx_word' id='word_1_506' title='bbox 988 3989 1056 4066; x_wconf 52' lang='grc' dir='ltr'><strong>το</strong></span> <span class='ocrx_word' id='word_1_507' title='bbox 1074 3988 1170 4066; x_wconf 71' lang='grc' dir='ltr'>τῇς</span> <span class='ocrx_word' id='word_1_508' title='bbox 1201 3990 1623 4066; x_wconf 15' lang='grc' dir='ltr'>φιλοθᾲρέμμονος</span> <span class='ocrx_word' id='word_1_509' title='bbox 1659 3992 1787 4063; x_wconf 78' lang='grc' dir='ltr'><strong>ὕλης</strong></span> 
     </span>
    </p>
   </div>
   <div class='ocr_carea' id='block_1_72' title="bbox 312 4054 1577 4133">
    <p class='ocr_par' dir='ltr' id='par_1_72' title="bbox 312 4054 1577 4133">
     <span class='ocr_line' id='line_1_72' title="bbox 312 4054 1577 4133; baseline 0.005 -24"><span class='ocrx_word' id='word_1_510' title='bbox 312 4054 648 4127; x_wconf 71' lang='grc' dir='ltr'>Παρθενικαὶ</span> <span class='ocrx_word' id='word_1_511' title='bbox 674 4054 867 4127; x_wconf 73' lang='grc' dir='ltr'>κοῦραι</span> <span class='ocrx_word' id='word_1_512' title='bbox 894 4057 1004 4129; x_wconf 81' lang='grc' dir='ltr'><strong>πῦρ</strong></span> <span class='ocrx_word' id='word_1_513' title='bbox 1035 4054 1577 4133; x_wconf 58' lang='grc' dir='ltr'>ἕνθὲονέὐρῆσόιίσιν,</span> 
     </span>
    </p>
   </div>
   <div class='ocr_carea' id='block_1_73' title="bbox 316 4160 1865 4241">
    <p class='ocr_par' dir='ltr' id='par_1_73' title="bbox 316 4160 1865 4241">
     <span class='ocr_line' id='line_1_73' title="bbox 316 4160 1865 4241; baseline 0.009 -24"><span class='ocrx_word' id='word_1_514' title='bbox 316 4163 372 4217; x_wconf 89' lang='lat' dir='ltr'><strong>in</strong></span> <span class='ocrx_word' id='word_1_515' title='bbox 391 4160 669 4235; x_wconf 66' lang='grc' dir='ltr'><strong>Ῥαψῳδιᾳ</strong></span> <span class='ocrx_word' id='word_1_516' title='bbox 683 4175 858 4223; x_wconf 87' lang='lat' dir='ltr'><strong>nostra</strong></span> <span class='ocrx_word' id='word_1_517' title='bbox 873 4168 1003 4224; x_wconf 89' lang='lat' dir='ltr'><strong>lib.v</strong></span> <span class='ocrx_word' id='word_1_518' title='bbox 1023 4179 1146 4241; x_wconf 89' lang='lat' dir='ltr'><strong>post</strong></span> <span class='ocrx_word' id='word_1_519' title='bbox 1176 4173 1439 4240; x_wconf 89' lang='lat' dir='ltr'><strong>medium;</strong></span> <span class='ocrx_word' id='word_1_520' title='bbox 1472 4182 1599 4229; x_wconf 90' lang='lat' dir='ltr'><strong>sunt</strong></span> <span class='ocrx_word' id='word_1_521' title='bbox 1628 4175 1770 4229; x_wconf 89' lang='lat' dir='ltr'><strong>enim</strong></span> <span class='ocrx_word' id='word_1_522' title='bbox 1800 4173 1865 4231; x_wconf 90' lang='lat' dir='ltr'><strong>de</strong></span> 
     </span>
    </p>
   </div>
   <div class='ocr_carea' id='block_1_74' title="bbox 318 4255 1861 4335">
    <p class='ocr_par' dir='ltr' id='par_1_74' title="bbox 318 4255 1861 4335">
     <span class='ocr_line' id='line_1_74' title="bbox 318 4255 1861 4335; baseline 0.008 -28"><span class='ocrx_word' id='word_1_523' title='bbox 318 4255 541 4311; x_wconf 86' lang='lat' dir='ltr'><strong>incenso</strong></span> <span class='ocrx_word' id='word_1_524' title='bbox 580 4256 755 4313; x_wconf 62' lang='lat' dir='ltr'><strong>Vestae</strong></span> <span class='ocrx_word' id='word_1_525' title='bbox 776 4261 977 4330; x_wconf 89' lang='lat' dir='ltr'><strong>templo</strong></span> <span class='ocrx_word' id='word_1_526' title='bbox 1001 4262 1101 4317; x_wconf 92' lang='lat' dir='ltr'><strong>sub</strong></span> <span class='ocrx_word' id='word_1_527' title='bbox 1130 4262 1290 4318; x_wconf 90' lang='lat' dir='ltr'><strong>ﬁnem</strong></span> <span class='ocrx_word' id='word_1_528' title='bbox 1322 4264 1531 4335; x_wconf 78' lang='lat' dir='ltr'><strong>imperii</strong></span> <span class='ocrx_word' id='word_1_529' title='bbox 1560 4265 1861 4333; x_wconf 87' lang='lat' dir='ltr'><strong>Commodi,</strong></span> 
     </span>
    </p>
   </div>
   <div class='ocr_carea' id='block_1_75' title="bbox 312 4348 1864 4428">
    <p class='ocr_par' dir='ltr' id='par_1_75' title="bbox 312 4348 1864 4428">
     <span class='ocr_line' id='line_1_75' title="bbox 312 4348 1864 4428; baseline 0.008 -27"><span class='ocrx_word' id='word_1_530' title='bbox 312 4348 651 4419; x_wconf 89' lang='lat' dir='ltr'><strong>proindeque</strong></span> <span class='ocrx_word' id='word_1_531' title='bbox 702 4365 825 4405; x_wconf 87' lang='lat' dir='ltr'><strong>cum</strong></span> <span class='ocrx_word' id='word_1_532' title='bbox 874 4351 983 4422; x_wconf 80' lang='lat' dir='ltr'><strong>jam</strong></span> <span class='ocrx_word' id='word_1_533' title='bbox 1029 4352 1309 4420; x_wconf 83' lang='lat' dir='ltr'><strong>Justinus,</strong></span> <span class='ocrx_word' id='word_1_534' title='bbox 1362 4356 1765 4428; x_wconf 83' lang='lat' dir='ltr'><strong>Athenagoras,</strong></span> <span class='ocrx_word' id='word_1_535' title='bbox 1811 4369 1864 4417; x_wconf 91' lang='lat' dir='ltr'><strong>et</strong></span> 
     </span>
    </p>
   </div>
   <div class='ocr_carea' id='block_1_76' title="bbox 1972 3148 3531 3230">
    <p class='ocr_par' dir='ltr' id='par_1_76' title="bbox 1972 3148 3531 3230">
     <span class='ocr_line' id='line_1_76' title="bbox 1972 3148 3531 3230; baseline 0.015 -29"><span class='ocrx_word' id='word_1_536' title='bbox 1972 3148 2200 3220; x_wconf 71' lang='grc' dir='ltr'>λέγουσα</span> <span class='ocrx_word' id='word_1_537' title='bbox 2241 3152 2427 3218; x_wconf 72' lang='grc' dir='ltr'>οὕτως·</span> <span class='ocrx_word' id='word_1_538' title='bbox 2476 3155 2697 3211; x_wconf 77' lang='grc' dir='ltr'>Πάντων</span> <span class='ocrx_word' id='word_1_539' title='bbox 2737 3160 3027 3230; x_wconf 73' lang='grc' dir='ltr'><strong>ὁμοφώνων</strong></span> <span class='ocrx_word' id='word_1_540' title='bbox 3068 3163 3233 3219; x_wconf 75' lang='grc' dir='ltr'>ὄντων</span> <span class='ocrx_word' id='word_1_541' title='bbox 3280 3168 3384 3221; x_wconf 81' lang='grc' dir='ltr'><strong>τῶν</strong></span> <span class='ocrx_word' id='word_1_542' title='bbox 3436 3171 3531 3224; x_wconf 62' lang='grc' dir='ltr'><strong>ἀνι</strong></span> 
     </span>
    </p>
   </div>
   <div class='ocr_carea' id='block_1_77' title="bbox 1974 3238 3525 3329">
    <p class='ocr_par' dir='ltr' id='par_1_77' title="bbox 1974 3238 3525 3329">
     <span class='ocr_line' id='line_1_77' title="bbox 1974 3238 3525 3329; baseline 0.014 -35"><span class='ocrx_word' id='word_1_543' title='bbox 1974 3238 2205 3314; x_wconf 82' lang='grc' dir='ltr'>θρὼπων</span> <span class='ocrx_word' id='word_1_544' title='bbox 2240 3282 2253 3309; x_wconf 90' lang='grc'><em>,</em></span> <span class='ocrx_word' id='word_1_545' title='bbox 2320 3245 2526 3318; x_wconf 80' lang='grc' dir='ltr'>πύργον</span> <span class='ocrx_word' id='word_1_546' title='bbox 2587 3248 2936 3321; x_wconf 81' lang='grc' dir='ltr'><strong>ᾠκοδόμησάν</strong></span> <span class='ocrx_word' id='word_1_547' title='bbox 2987 3271 3129 3319; x_wconf 84' lang='grc' dir='ltr'>τινες</span> <span class='ocrx_word' id='word_1_548' title='bbox 3181 3256 3525 3329; x_wconf 67' lang='grc' dir='ltr'>ὑψηλότατον,</span> 
     </span>
    </p>
   </div>
   <div class='ocr_carea' id='block_1_78' title="bbox 1969 3332 3527 3414">
    <p class='ocr_par' dir='ltr' id='par_1_78' title="bbox 1969 3332 3527 3414">
     <span class='ocr_line' id='line_1_78' title="bbox 1969 3332 3527 3414; baseline 0.015 -28"><span class='ocrx_word' id='word_1_549' title='bbox 1969 3332 2045 3398; x_wconf 83' lang='grc' dir='ltr'><strong>ὡς</strong></span> <span class='ocrx_word' id='word_1_550' title='bbox 2088 3335 2180 3388; x_wconf 72' lang='grc' dir='ltr'>ἐπὶ</span> <span class='ocrx_word' id='word_1_551' title='bbox 2221 3336 2311 3390; x_wconf 81' lang='grc' dir='ltr'><strong>τὸν</strong></span> <span class='ocrx_word' id='word_1_552' title='bbox 2354 3339 2576 3410; x_wconf 83' lang='grc' dir='ltr'>οὐρανὸν</span> <span class='ocrx_word' id='word_1_553' title='bbox 2618 3341 3008 3414; x_wconf 77' lang='grc' dir='ltr'>ἀναϐησόμενοι</span> <span class='ocrx_word' id='word_1_554' title='bbox 3050 3346 3115 3401; x_wconf 82' lang='grc' dir='ltr'><strong>δι’</strong></span> <span class='ocrx_word' id='word_1_555' title='bbox 3146 3350 3331 3404; x_wconf 62' lang='grc' dir='ltr'>αὐτοῦ,</span> <span class='ocrx_word' id='word_1_556' title='bbox 3377 3354 3439 3407; x_wconf 85' lang='grc' dir='ltr'><strong>Οἱ</strong></span> <span class='ocrx_word' id='word_1_557' title='bbox 3472 3355 3527 3409; x_wconf 59' lang='grc' dir='ltr'><strong>δὲ</strong></span> 
     </span>
    </p>
   </div>
   <div class='ocr_carea' id='block_1_79' title="bbox 1973 3425 3522 3518">
    <p class='ocr_par' dir='ltr' id='par_1_79' title="bbox 1973 3425 3522 3518">
     <span class='ocr_line' id='line_1_79' title="bbox 1973 3425 3522 3518; baseline 0.014 -40"><span class='ocrx_word' id='word_1_558' title='bbox 1973 3425 2101 3490; x_wconf 74' lang='grc' dir='ltr'>θεοὶ,</span> <span class='ocrx_word' id='word_1_559' title='bbox 2150 3428 2381 3500; x_wconf 83' lang='grc' dir='ltr'>ἀνέμους</span> <span class='ocrx_word' id='word_1_560' title='bbox 2428 3432 2868 3503; x_wconf 72' lang='grc' dir='ltr'><strong>ἐπιπέμψαντες,</strong></span> <span class='ocrx_word' id='word_1_561' title='bbox 2906 3437 3205 3509; x_wconf 73' lang='grc' dir='ltr'>ἀνέτρεψαν</span> <span class='ocrx_word' id='word_1_562' title='bbox 3248 3442 3339 3498; x_wconf 80' lang='grc' dir='ltr'>τὸν</span> <span class='ocrx_word' id='word_1_563' title='bbox 3382 3446 3522 3518; x_wconf 75' lang='grc' dir='ltr'><strong>πύρ-</strong></span> 
     </span>
    </p>
   </div>
   <div class='ocr_carea' id='block_1_80' title="bbox 1970 3521 3523 3598">
    <p class='ocr_par' dir='ltr' id='par_1_80' title="bbox 1970 3521 3523 3598">
     <span class='ocr_line' id='line_1_80' title="bbox 1970 3521 3523 3598; baseline 0.014 -28"><span class='ocrx_word' id='word_1_564' title='bbox 1970 3535 2097 3586; x_wconf 84' lang='grc' dir='ltr'>γον,</span> <span class='ocrx_word' id='word_1_565' title='bbox 2153 3521 2246 3573; x_wconf 78' lang='grc' dir='ltr'><strong>καὶ</strong></span> <span class='ocrx_word' id='word_1_566' title='bbox 2293 3521 2425 3573; x_wconf 75' lang='grc' dir='ltr'>ἰδίαν</span> <span class='ocrx_word' id='word_1_567' title='bbox 2479 3523 2689 3595; x_wconf 76' lang='grc' dir='ltr'>ἑκάστῳ</span> <span class='ocrx_word' id='word_1_568' title='bbox 2744 3526 2923 3598; x_wconf 83' lang='grc' dir='ltr'>φωνὴν</span> <span class='ocrx_word' id='word_1_569' title='bbox 2979 3529 3201 3584; x_wconf 77' lang='grc' dir='ltr'>ἔδωκαν-</span> <span class='ocrx_word' id='word_1_570' title='bbox 3259 3535 3355 3588; x_wconf 78' lang='grc' dir='ltr'><strong>καὶ</strong></span> <span class='ocrx_word' id='word_1_571' title='bbox 3431 3537 3523 3591; x_wconf 77' lang='grc' dir='ltr'><strong>διὰ</strong></span> 
     </span>
    </p>
   </div>
   <div class='ocr_carea' id='block_1_81' title="bbox 1970 3609 3520 3698">
    <p class='ocr_par' dir='ltr' id='par_1_81' title="bbox 1970 3609 3520 3698">
     <span class='ocr_line' id='line_1_81' title="bbox 1970 3609 3520 3698; baseline 0.014 -38"><span class='ocrx_word' id='word_1_572' title='bbox 1970 3609 2128 3662; x_wconf 80' lang='grc' dir='ltr'>τοῦτο</span> <span class='ocrx_word' id='word_1_573' title='bbox 2173 3610 2459 3665; x_wconf 78' lang='grc' dir='ltr'>Βαϐυλῶνα</span> <span class='ocrx_word' id='word_1_574' title='bbox 2503 3615 2696 3687; x_wconf 77' lang='grc' dir='ltr'><strong>συνέϐη</strong></span> <span class='ocrx_word' id='word_1_575' title='bbox 2744 3616 3005 3689; x_wconf 80' lang='grc' dir='ltr'>κληθῆναι</span> <span class='ocrx_word' id='word_1_576' title='bbox 3082 3622 3178 3694; x_wconf 77' lang='grc' dir='ltr'><strong>τὴν</strong></span> <span class='ocrx_word' id='word_1_577' title='bbox 3225 3624 3397 3679; x_wconf 61' lang='grc' dir='ltr'>πόλιν</span> <span class='ocrx_word' id='word_1_578' title='bbox 3428 3630 3520 3698; x_wconf 89' lang='lat' dir='ltr'><strong>qui</strong></span> 
     </span>
    </p>
   </div>
   <div class='ocr_carea' id='block_1_82' title="bbox 1969 3699 3523 3779">
    <p class='ocr_par' dir='ltr' id='par_1_82' title="bbox 1969 3699 3523 3779">
     <span class='ocr_line' id='line_1_82' title="bbox 1969 3699 3523 3779; baseline 0.015 -27"><span class='ocrx_word' id='word_1_579' title='bbox 1969 3699 2122 3755; x_wconf 88' lang='lat' dir='ltr'><strong>locus</strong></span> <span class='ocrx_word' id='word_1_580' title='bbox 2183 3703 2476 3771; x_wconf 80' lang='lat' dir='ltr'><strong>respondet</strong></span> <span class='ocrx_word' id='word_1_581' title='bbox 2531 3705 2613 3760; x_wconf 90' lang='lat' dir='ltr'><strong>his</strong></span> <span class='ocrx_word' id='word_1_582' title='bbox 2663 3704 2942 3779; x_wconf 84' lang='lat' dir='ltr'><strong>Sibyllinis</strong></span> <span class='ocrx_word' id='word_1_583' title='bbox 2987 3711 3081 3768; x_wconf 90' lang='lat' dir='ltr'><strong>lib.</strong></span> <span class='ocrx_word' id='word_1_584' title='bbox 3125 3716 3523 3779; x_wconf 82' lang='lat' dir='ltr'><strong>tit,circaiui-</strong></span> 
     </span>
    </p>
   </div>
   <div class='ocr_carea' id='block_1_83' title="bbox 1972 3792 3149 3845">
    <p class='ocr_par' dir='ltr' id='par_1_83' title="bbox 1972 3792 3149 3845">
     <span class='ocr_line' id='line_1_83' title="bbox 1972 3792 3149 3845; baseline 0.009 -3"><span class='ocrx_word' id='word_1_585' title='bbox 1972 3792 2102 3843; x_wconf 91' lang='lat' dir='ltr'><strong>tium</strong></span> <span class='ocrx_word' id='word_1_586' title='bbox 2131 3810 2144 3845; x_wconf 90' lang='lat'><strong>:</strong></span> <span class='ocrx_word' id='word_1_587' title='bbox 3144 3818 3149 3823; x_wconf 88' lang='grc'><strong>·</strong></span> 
     </span>
    </p>
   </div>
   <div class='ocr_carea' id='block_1_84' title="bbox 1983 3923 3521 4009">
    <p class='ocr_par' dir='ltr' id='par_1_84' title="bbox 1983 3923 3521 4009">
     <span class='ocr_line' id='line_1_84' title="bbox 1983 3923 3521 4009; baseline 0.015 -34"><span class='ocrx_word' id='word_1_588' title='bbox 1983 3923 2115 3976; x_wconf 79' lang='grc' dir='ltr'>Ἀλλ’</span> <span class='ocrx_word' id='word_1_589' title='bbox 2144 3925 2341 3979; x_wconf 81' lang='grc' dir='ltr'>ὁπόταν</span> <span class='ocrx_word' id='word_1_590' title='bbox 2374 3927 2624 3998; x_wconf 80' lang='grc' dir='ltr'><strong>μεγάλοιο</strong></span> <span class='ocrx_word' id='word_1_591' title='bbox 2642 3930 2774 3984; x_wconf 80' lang='grc' dir='ltr'>Θεοῦ</span> <span class='ocrx_word' id='word_1_592' title='bbox 2806 3933 3108 3991; x_wconf 77' lang='grc' dir='ltr'><strong>πελάσωσιν</strong></span> <span class='ocrx_word' id='word_1_593' title='bbox 3142 3938 3380 4009; x_wconf 80' lang='grc' dir='ltr'>ἀπειλαί,</span> <span class='ocrx_word' id='word_1_594' title='bbox 3412 3954 3521 3999; x_wconf 76' lang='lat' dir='ltr'><strong>etc;</strong></span> 
     </span>
    </p>
   </div>
   <div class='ocr_carea' id='block_1_85' title="bbox 1967 4047 3520 4124">
    <p class='ocr_par' dir='ltr' id='par_1_85' title="bbox 1967 4047 3520 4124">
     <span class='ocr_line' id='line_1_85' title="bbox 1967 4047 3520 4124; baseline 0.011 -21"><span class='ocrx_word' id='word_1_595' title='bbox 1967 4047 2245 4104; x_wconf 91' lang='lat' dir='ltr'><strong>Concludo</strong></span> <span class='ocrx_word' id='word_1_596' title='bbox 2290 4050 2425 4105; x_wconf 90' lang='lat' dir='ltr'><strong>nihil</strong></span> <span class='ocrx_word' id='word_1_597' title='bbox 2454 4058 2634 4107; x_wconf 85' lang='lat' dir='ltr'><strong>vetare</strong></span> <span class='ocrx_word' id='word_1_598' title='bbox 2674 4055 2802 4124; x_wconf 90' lang='lat' dir='ltr'><strong>quin</strong></span> <span class='ocrx_word' id='word_1_599' title='bbox 2836 4070 2963 4110; x_wconf 88' lang='lat' dir='ltr'><strong>vero</strong></span> <span class='ocrx_word' id='word_1_600' title='bbox 3007 4057 3271 4115; x_wconf 89' lang='lat' dir='ltr'><strong>Clementi</strong></span> <span class='ocrx_word' id='word_1_601' title='bbox 3304 4063 3520 4120; x_wconf 86' lang='lat' dir='ltr'><strong>laudata</strong></span> 
     </span>
    </p>
   </div>
   <div class='ocr_carea' id='block_1_86' title="bbox 1967 4136 3513 4225">
    <p class='ocr_par' dir='ltr' id='par_1_86' title="bbox 1967 4136 3513 4225">
     <span class='ocr_line' id='line_1_86' title="bbox 1967 4136 3513 4225; baseline 0.011 -34"><span class='ocrx_word' id='word_1_602' title='bbox 1967 4136 2128 4192; x_wconf 80' lang='lat' dir='ltr'><strong>fuerit</strong></span> <span class='ocrx_word' id='word_1_603' title='bbox 2153 4137 2376 4210; x_wconf 90' lang='lat' dir='ltr'><strong>Sibylla,</strong></span> <span class='ocrx_word' id='word_1_604' title='bbox 2404 4141 2457 4194; x_wconf 90' lang='lat' dir='ltr'><strong>in</strong></span> <span class='ocrx_word' id='word_1_605' title='bbox 2489 4157 2547 4195; x_wconf 88' lang='lat' dir='ltr'><strong>re</strong></span> <span class='ocrx_word' id='word_1_606' title='bbox 2573 4148 2873 4211; x_wconf 68' lang='lat' dir='ltr'><strong>praesertim</strong></span> <span class='ocrx_word' id='word_1_607' title='bbox 2904 4146 3138 4204; x_wconf 89' lang='lat' dir='ltr'><strong>ethnicis</strong></span> <span class='ocrx_word' id='word_1_608' title='bbox 3164 4167 3271 4206; x_wconf 90' lang='lat' dir='ltr'><strong>non</strong></span> <span class='ocrx_word' id='word_1_609' title='bbox 3304 4153 3481 4225; x_wconf 85' lang='lat' dir='ltr'><strong>ignota</strong></span> <span class='ocrx_word' id='word_1_610' title='bbox 3500 4196 3513 4219; x_wconf 90' lang='lat'><strong>,</strong></span> 
     </span>
    </p>
   </div>
   <div class='ocr_carea' id='block_1_87' title="bbox 1967 4230 3517 4313">
    <p class='ocr_par' dir='ltr' id='par_1_87' title="bbox 1967 4230 3517 4313">
     <span class='ocr_line' id='line_1_87' title="bbox 1967 4230 3517 4313; baseline 0.012 -31"><span class='ocrx_word' id='word_1_611' title='bbox 1967 4230 2153 4284; x_wconf 90' lang='lat' dir='ltr'><strong>mundi</strong></span> <span class='ocrx_word' id='word_1_612' title='bbox 2189 4231 2439 4286; x_wconf 89' lang='lat' dir='ltr'><strong>videlicet</strong></span> <span class='ocrx_word' id='word_1_613' title='bbox 2468 4232 2593 4299; x_wconf 86' lang='lat' dir='ltr'><strong>line,</strong></span> <span class='ocrx_word' id='word_1_614' title='bbox 2625 4249 2687 4288; x_wconf 90' lang='lat' dir='ltr'><strong>ac</strong></span> <span class='ocrx_word' id='word_1_615' title='bbox 2717 4236 3003 4306; x_wconf 88' lang='lat' dir='ltr'><strong>impiorum</strong></span> <span class='ocrx_word' id='word_1_616' title='bbox 3044 4254 3141 4309; x_wconf 91' lang='lat' dir='ltr'><strong>per</strong></span> <span class='ocrx_word' id='word_1_617' title='bbox 3164 4240 3341 4313; x_wconf 82' lang='lat' dir='ltr'><strong>ignem</strong></span> <span class='ocrx_word' id='word_1_618' title='bbox 3370 4245 3517 4313; x_wconf 85' lang='lat' dir='ltr'><strong>judi-</strong></span> 
     </span>
    </p>
   </div>
   <div class='ocr_carea' id='block_1_88' title="bbox 1968 4323 3513 4406">
    <p class='ocr_par' dir='ltr' id='par_1_88' title="bbox 1968 4323 3513 4406">
     <span class='ocr_line' id='line_1_88' title="bbox 1968 4323 3513 4406; baseline 0.01 -31"><span class='ocrx_word' id='word_1_619' title='bbox 1968 4323 2090 4377; x_wconf 88' lang='lat' dir='ltr'><strong>cio:</strong></span> <span class='ocrx_word' id='word_1_620' title='bbox 2132 4323 2197 4378; x_wconf 89' lang='lat' dir='ltr'><strong>de</strong></span> <span class='ocrx_word' id='word_1_621' title='bbox 2227 4339 2331 4394; x_wconf 86' lang='lat' dir='ltr'><strong>qua</strong></span> <span class='ocrx_word' id='word_1_622' title='bbox 2359 4326 2584 4381; x_wconf 89' lang='lat' dir='ltr'><strong>consule</strong></span> <span class='ocrx_word' id='word_1_623' title='bbox 2623 4328 2890 4398; x_wconf 67' lang='lat' dir='ltr'><strong>praecipue</strong></span> <span class='ocrx_word' id='word_1_624' title='bbox 2922 4329 3194 4387; x_wconf 81' lang='lat' dir='ltr'><strong>Justinum</strong></span> <span class='ocrx_word' id='word_1_625' title='bbox 3231 4332 3513 4406; x_wconf 83' lang='lat' dir='ltr'><strong>Martyrcm</strong></span> 
     </span>
    </p>
   </div>
   <div class='ocr_carea' id='block_1_89' title="bbox 311 4412 1878 4517">
    <p class='ocr_par' dir='ltr' id='par_1_89' title="bbox 311 4412 1861 4517">
     <span class='ocr_line' id='line_1_89' title="bbox 311 4412 1861 4517; baseline 0.012 -28"><span class='ocrx_word' id='word_1_626' title='bbox 311 4412 649 4508; x_wconf 47' lang='lat' dir='ltr'><strong>ineophilus</strong></span> <span class='ocrx_word' id='word_1_627' title='bbox 686 4412 1057 4499; x_wconf 47' lang='lat' dir='ltr'><strong>Antioc&#39;hentts</strong></span> <span class='ocrx_word' id='word_1_628' title='bbox 1095 4412 1354 4517; x_wconf 80' lang='lat' dir='ltr'><strong>Sibyllina</strong></span> <span class='ocrx_word' id='word_1_629' title='bbox 1399 4451 1452 4503; x_wconf 92' lang='lat' dir='ltr'><strong>in</strong></span> <span class='ocrx_word' id='word_1_630' title='bbox 1495 4412 1861 4507; x_wconf 48' lang='lat' dir='ltr'><strong>testimonium</strong></span> 
     </span>
    </p>
   </div>
   <div class='ocr_carea' id='block_1_90' title="bbox 1977 4412 3508 4517">
    <p class='ocr_par' dir='ltr' id='par_1_90' title="bbox 1977 4412 3508 4484">
     <span class='ocr_line' id='line_1_90' title="bbox 1977 4412 3508 4484; baseline 0.01 -20"><span class='ocrx_word' id='word_1_631' title='bbox 1977 4412 2295 4483; x_wconf 67' lang='lat' dir='ltr'><strong>Apologetico</strong></span> <span class='ocrx_word' id='word_1_632' title='bbox 2322 4428 2381 4475; x_wconf 83' lang='grc' dir='ltr'><strong>ιι,</strong></span> <span class='ocrx_word' id='word_1_633' title='bbox 2406 4430 2459 4483; x_wconf 90' lang='lat' dir='ltr'><strong>p.</strong></span> <span class='ocrx_word' id='word_1_634' title='bbox 2485 4414 2573 4476; x_wconf 88' lang='lat'><strong>66,</strong></span> <span class='ocrx_word' id='word_1_635' title='bbox 2598 4423 2650 4470; x_wconf 89' lang='lat' dir='ltr'><strong>et</strong></span> <span class='ocrx_word' id='word_1_636' title='bbox 2672 4414 2930 4484; x_wconf 84' lang='lat' dir='ltr'><strong>Sibyllina</strong></span> <span class='ocrx_word' id='word_1_637' title='bbox 2958 4428 3145 4473; x_wconf 89' lang='lat' dir='ltr'><strong>nostra</strong></span> <span class='ocrx_word' id='word_1_638' title='bbox 3168 4421 3398 4476; x_wconf 88' lang='lat' dir='ltr'><strong>Oracula</strong></span> <span class='ocrx_word' id='word_1_639' title='bbox 3416 4425 3508 4481; x_wconf 88' lang='lat' dir='ltr'><strong>lib.</strong></span> 
     </span>
    </p>
   </div>
   <div class='ocr_carea' id='block_1_91' title="bbox 310 4530 1864 4609">
    <p class='ocr_par' dir='ltr' id='par_1_91' title="bbox 310 4530 1864 4609">
     <span class='ocr_line' id='line_1_91' title="bbox 310 4530 1864 4609; baseline 0.006 -25"><span class='ocrx_word' id='word_1_640' title='bbox 310 4546 407 4599; x_wconf 90' lang='lat' dir='ltr'><strong>pro</strong></span> <span class='ocrx_word' id='word_1_641' title='bbox 438 4530 545 4586; x_wconf 86' lang='lat' dir='ltr'><strong>ﬁde</strong></span> <span class='ocrx_word' id='word_1_642' title='bbox 578 4530 881 4586; x_wconf 87' lang='lat' dir='ltr'><strong>Christiana</strong></span> <span class='ocrx_word' id='word_1_643' title='bbox 911 4534 1285 4591; x_wconf 88' lang='lat' dir='ltr'><strong>advocassent.</strong></span> <span class='ocrx_word' id='word_1_644' title='bbox 1324 4537 1399 4593; x_wconf 78' lang='lat' dir='ltr'><strong>Ac</strong></span> <span class='ocrx_word' id='word_1_645' title='bbox 1428 4538 1735 4609; x_wconf 84' lang='lat' dir='ltr'><strong>Origeniani</strong></span> <span class='ocrx_word' id='word_1_646' title='bbox 1767 4555 1864 4594; x_wconf 82' lang='lat' dir='ltr'><strong>cu-</strong></span> 
     </span>
    </p>
   </div>
   <div class='ocr_carea' id='block_1_92' title="bbox 308 4620 1862 4700">
    <p class='ocr_par' dir='ltr' id='par_1_92' title="bbox 308 4620 1862 4700">
     <span class='ocr_line' id='line_1_92' title="bbox 308 4620 1862 4700; baseline 0.008 -26"><span class='ocrx_word' id='word_1_647' title='bbox 308 4620 526 4689; x_wconf 87' lang='lat' dir='ltr'><strong>jnsdam</strong></span> <span class='ocrx_word' id='word_1_648' title='bbox 558 4637 775 4676; x_wconf 88' lang='lat' dir='ltr'><strong>manum</strong></span> <span class='ocrx_word' id='word_1_649' title='bbox 806 4623 1012 4678; x_wconf 86' lang='lat' dir='ltr'><strong>redolet</strong></span> <span class='ocrx_word' id='word_1_650' title='bbox 1033 4625 1156 4678; x_wconf 85' lang='lat' dir='ltr'><strong>libri</strong></span> <span class='ocrx_word' id='word_1_651' title='bbox 1188 4642 1226 4679; x_wconf 87' lang='grc' dir='ltr'><strong>ιι</strong></span> <span class='ocrx_word' id='word_1_652' title='bbox 1252 4627 1394 4693; x_wconf 83' lang='lat' dir='ltr'><strong>ﬁnis,</strong></span> <span class='ocrx_word' id='word_1_653' title='bbox 1421 4631 1484 4684; x_wconf 88' lang='lat' dir='ltr'><strong>ad</strong></span> <span class='ocrx_word' id='word_1_654' title='bbox 1511 4648 1665 4700; x_wconf 85' lang='lat' dir='ltr'><strong>quem</strong></span> <span class='ocrx_word' id='word_1_655' title='bbox 1704 4631 1862 4687; x_wconf 83' lang='lat' dir='ltr'><strong>scho-</strong></span> 
     </span>
    </p>
   </div>
   <div class='ocr_carea' id='block_1_93' title="bbox 310 4712 1207 4772">
    <p class='ocr_par' dir='ltr' id='par_1_93' title="bbox 310 4712 1207 4772">
     <span class='ocr_line' id='line_1_93' title="bbox 310 4712 1207 4772; baseline 0.007 -6"><span class='ocrx_word' id='word_1_656' title='bbox 310 4712 498 4770; x_wconf 81' lang='lat' dir='ltr'><strong>liastes</strong></span> <span class='ocrx_word' id='word_1_657' title='bbox 529 4712 749 4770; x_wconf 62' lang='lat' dir='ltr'><strong>Gnaeus</strong></span> <span class='ocrx_word' id='word_1_658' title='bbox 778 4716 858 4770; x_wconf 87' lang='lat' dir='ltr'><strong>sic</strong></span> <span class='ocrx_word' id='word_1_659' title='bbox 885 4716 1207 4772; x_wconf 79' lang='lat' dir='ltr'><strong>adnotabat:</strong></span> 
     </span>
    </p>
   </div>
   <div class='ocr_carea' id='block_1_94' title="bbox 410 4852 1547 4930">
    <p class='ocr_par' dir='ltr' id='par_1_94' title="bbox 410 4852 1547 4930">
     <span class='ocr_line' id='line_1_94' title="bbox 410 4852 1547 4930; baseline 0.008 -26"><span class='ocrx_word' id='word_1_660' title='bbox 410 4852 594 4930; x_wconf 56' lang='grc' dir='ltr'>Ξεύδῃ</span> <span class='ocrx_word' id='word_1_661' title='bbox 626 4855 931 4930; x_wconf 65' lang='grc' dir='ltr'>προφανῶς</span> <span class='ocrx_word' id='word_1_662' title='bbox 963 4856 1081 4930; x_wconf 75' lang='grc' dir='ltr'>οὐδὲ</span> <span class='ocrx_word' id='word_1_663' title='bbox 1108 4857 1214 4928; x_wconf 83' lang='grc' dir='ltr'><strong>γὰρ</strong></span> <span class='ocrx_word' id='word_1_664' title='bbox 1242 4858 1387 4930; x_wconf 78' lang='grc' dir='ltr'>λήξει</span> <span class='ocrx_word' id='word_1_665' title='bbox 1420 4862 1547 4913; x_wconf 79' lang='grc' dir='ltr'>ποτέ</span> 
     </span>
    </p>
   </div>
   <div class='ocr_carea' id='block_1_95' title="bbox 411 4909 1561 5013">
    <p class='ocr_par' dir='ltr' id='par_1_95' title="bbox 411 4909 1561 5013">
     <span class='ocr_line' id='line_1_95' title="bbox 411 4909 1561 5013; baseline 0.007 -38"><span class='ocrx_word' id='word_1_666' title='bbox 411 4923 494 5013; x_wconf 42' lang='grc' dir='ltr'><strong>εἴ</strong></span> <span class='ocrx_word' id='word_1_667' title='bbox 514 4909 624 5009; x_wconf 47' lang='lat' dir='ltr'><strong>stpr</strong></span> <span class='ocrx_word' id='word_1_668' title='bbox 652 4909 1021 5013; x_wconf 38' lang='lat' dir='ltr'><strong>golzc‘iﬁovpfobg</strong></span> <span class='ocrx_word' id='word_1_669' title='bbox 1052 4909 1561 5013; x_wconf 42' lang='lat' dir='ltr'><strong>xasalnsnftpévpug.</strong></span> 
     </span>
    </p>
   </div>
   <div class='ocr_carea' id='block_1_96' title="bbox 409 4993 1618 5071">
    <p class='ocr_par' dir='ltr' id='par_1_96' title="bbox 409 4993 1618 5071">
     <span class='ocr_line' id='line_1_96' title="bbox 409 4993 1618 5071; baseline 0.008 -27"><span class='ocrx_word' id='word_1_670' title='bbox 409 4993 714 5071; x_wconf 51' lang='grc' dir='ltr'><strong>ξαγέογὰρ</strong></span> <span class='ocrx_word' id='word_1_671' title='bbox 742 4995 805 5071; x_wconf 74' lang='grc' dir='ltr'>ᾂν</span> <span class='ocrx_word' id='word_1_672' title='bbox 837 4995 1223 5071; x_wconf 43' lang='lat' dir='ltr'><strong>eligamus-0138‘</strong></span> <span class='ocrx_word' id='word_1_673' title='bbox 1249 4993 1419 5063; x_wconf 73' lang='grc' dir='ltr'>οὕτως</span> <span class='ocrx_word' id='word_1_674' title='bbox 1446 4993 1585 5071; x_wconf 70' lang='grc' dir='ltr'>ἓχέιν</span> <span class='ocrx_word' id='word_1_675' title='bbox 1604 5041 1618 5062; x_wconf 86' lang='grc'>,</span> 
     </span>
    </p>
   </div>
   <div class='ocr_carea' id='block_1_97' title="bbox 407 5062 1628 5140">
    <p class='ocr_par' dir='ltr' id='par_1_97' title="bbox 407 5062 1628 5140">
     <span class='ocr_line' id='line_1_97' title="bbox 407 5062 1628 5140; baseline 0.01 -27"><span class='ocrx_word' id='word_1_676' title='bbox 407 5062 915 5140; x_wconf 38' lang='grc' dir='ltr'>ῼρλαίςμμὲγίστα-ις</span> <span class='ocrx_word' id='word_1_677' title='bbox 943 5062 1269 5140; x_wconf 52' lang='grc' dir='ltr'>σφαλμάτων</span> <span class='ocrx_word' id='word_1_678' title='bbox 1296 5062 1628 5140; x_wconf 74' lang='grc' dir='ltr'>ἐστιγμὲνος,</span> 
     </span>
    </p>
   </div>
   <div class='ocr_carea' id='block_1_98' title="bbox 412 5132 1482 5255">
    <p class='ocr_par' dir='ltr' id='par_1_98' title="bbox 412 5132 1482 5255">
     <span class='ocr_line' id='line_1_98' title="bbox 412 5132 1482 5255; baseline 0.008 -71"><span class='ocrx_word' id='word_1_679' title='bbox 412 5132 476 5185; x_wconf 79' lang='grc' dir='ltr'>Δί</span> <span class='ocrx_word' id='word_1_680' title='bbox 506 5132 747 5201; x_wconf 78' lang='grc' dir='ltr'>μείζονος</span> <span class='ocrx_word' id='word_1_681' title='bbox 771 5132 1026 5255; x_wconf 50' lang='grc' dir='ltr'><strong>χρὲζουάι</strong></span> <span class='ocrx_word' id='word_1_682' title='bbox 1061 5132 1482 5209; x_wconf 67' lang='grc' dir='ltr'>(ῥιλανθρωπίαξ.</span> 
     </span>
     <span class='ocr_line' id='line_1_99' title="bbox 429 5202 1482 5255; baseline 0.003 -3"><span class='ocrx_word' id='word_1_683' title='bbox 429 5202 561 5253; x_wconf 83' lang='grc' dir='ltr'>Ἀλλ’</span> <span class='ocrx_word' id='word_1_684' title='bbox 586 5205 840 5255; x_wconf 69' lang='grc' dir='ltr'><strong>αξσγυνέσ</strong></span> <span class='ocrx_word' id='word_1_685' title='bbox 873 5222 919 5255; x_wconf 88' lang='grc' dir='ltr'><strong>ω</strong></span> <span class='ocrx_word' id='word_1_686' title='bbox 947 5206 1235 5255; x_wconf 74' lang='grc' dir='ltr'>ωληναιοῶν</span> <span class='ocrx_word' id='word_1_687' title='bbox 1275 5209 1482 5255; x_wconf 76' lang='grc' dir='ltr'>Ὠοιγέν</span> 
     </span>
    </p>
   </div>
   <div class='ocr_carea' id='block_1_99' title="bbox 429 5202 1582 5280">
    <p class='ocr_par' dir='ltr' id='par_1_99' title="bbox 429 5202 1582 5280">
     <span class='ocr_line' id='line_1_100' title="bbox 429 5202 1582 5280; baseline 0.011 -28"><span class='ocrx_word' id='word_1_688' title='bbox 429 5202 561 5280; x_wconf 52' lang='grc' dir='ltr'>Ἀλλ’</span> <span class='ocrx_word' id='word_1_689' title='bbox 586 5202 919 5280; x_wconf 58' lang='grc' dir='ltr'>αξσχονξτθω</span> <span class='ocrx_word' id='word_1_690' title='bbox 928 5202 1235 5280; x_wconf 36' lang='grc' dir='ltr'>ῌφληναφῶν</span> <span class='ocrx_word' id='word_1_691' title='bbox 1255 5202 1549 5280; x_wconf 75' lang='grc' dir='ltr'><strong>’Ὡριγένης</strong></span> <span class='ocrx_word' id='word_1_692' title='bbox 1568 5251 1582 5273; x_wconf 86' lang='lat'><strong>,</strong></span> 
     </span>
    </p>
   </div>
   <div class='ocr_carea' id='block_1_100' title="bbox 412 5269 1505 5347">
    <p class='ocr_par' dir='ltr' id='par_1_100' title="bbox 412 5269 1505 5347">
     <span class='ocr_line' id='line_1_101' title="bbox 412 5269 1505 5347; baseline 0.008 -23"><span class='ocrx_word' id='word_1_693' title='bbox 412 5269 587 5341; x_wconf 81' lang='grc' dir='ltr'><strong>Πέρας</strong></span> <span class='ocrx_word' id='word_1_694' title='bbox 612 5269 858 5340; x_wconf 68' lang='grc' dir='ltr'>γενέσθαι</span> <span class='ocrx_word' id='word_1_695' title='bbox 888 5269 992 5328; x_wconf 77' lang='grc' dir='ltr'><strong>τῶν</strong></span> <span class='ocrx_word' id='word_1_696' title='bbox 1022 5269 1288 5331; x_wconf 59' lang='grc' dir='ltr'>έολᾶσεων</span> <span class='ocrx_word' id='word_1_697' title='bbox 1317 5269 1505 5347; x_wconf 51' lang='grc' dir='ltr'>λέῇων.</span> 
     </span>
    </p>
   </div>
   <div class='ocr_carea' id='block_1_101' title="bbox 304 5404 1851 5485">
    <p class='ocr_par' dir='ltr' id='par_1_101' title="bbox 304 5404 1851 5485">
     <span class='ocr_line' id='line_1_102' title="bbox 304 5404 1851 5485; baseline 0.008 -28"><span class='ocrx_word' id='word_1_698' title='bbox 304 5404 578 5477; x_wconf 77' lang='lat' dir='ltr'><strong>Recteque</strong></span> <span class='ocrx_word' id='word_1_699' title='bbox 613 5408 861 5465; x_wconf 87' lang='lat' dir='ltr'><strong>observat</strong></span> <span class='ocrx_word' id='word_1_700' title='bbox 888 5412 979 5481; x_wconf 91' lang='lat' dir='ltr'><strong>qui</strong></span> <span class='ocrx_word' id='word_1_701' title='bbox 1004 5422 1191 5467; x_wconf 84' lang='lat' dir='ltr'><strong>nostra</strong></span> <span class='ocrx_word' id='word_1_702' title='bbox 1226 5420 1384 5469; x_wconf 64' lang='lat' dir='ltr'><strong>aetate</strong></span> <span class='ocrx_word' id='word_1_703' title='bbox 1424 5415 1683 5485; x_wconf 90' lang='lat' dir='ltr'><strong>plurimos</strong></span> <span class='ocrx_word' id='word_1_704' title='bbox 1705 5416 1851 5485; x_wconf 86' lang='lat' dir='ltr'><strong>judi-</strong></span> 
     </span>
    </p>
   </div>
   <div class='ocr_carea' id='block_1_102' title="bbox 304 5499 1848 5572">
    <p class='ocr_par' dir='ltr' id='par_1_102' title="bbox 304 5499 1848 5572">
     <span class='ocr_line' id='line_1_103' title="bbox 304 5499 1848 5572; baseline 0.006 -21"><span class='ocrx_word' id='word_1_705' title='bbox 304 5499 389 5553; x_wconf 89' lang='lat' dir='ltr'><strong>cio</strong></span> <span class='ocrx_word' id='word_1_706' title='bbox 432 5501 711 5569; x_wconf 77' lang='lat' dir='ltr'><strong>superavit</strong></span> <span class='ocrx_word' id='word_1_707' title='bbox 761 5500 1033 5559; x_wconf 87' lang='lat' dir='ltr'><strong>Gerardus</strong></span> <span class='ocrx_word' id='word_1_708' title='bbox 1074 5503 1302 5560; x_wconf 80' lang='lat' dir='ltr'><strong>Vossius</strong></span> <span class='ocrx_word' id='word_1_709' title='bbox 1345 5505 1421 5560; x_wconf 82' lang='lat' dir='ltr'><strong>De</strong></span> <span class='ocrx_word' id='word_1_710' title='bbox 1462 5508 1623 5572; x_wconf 83' lang='lat' dir='ltr'><strong>poetis</strong></span> <span class='ocrx_word' id='word_1_711' title='bbox 1652 5504 1848 5561; x_wconf 73' lang='lat' dir='ltr'><strong>ercis</strong></span> 
     </span>
    </p>
   </div>
   <div class='ocr_carea' id='block_1_103' title="bbox 302 5594 1844 5670">
    <p class='ocr_par' dir='ltr' id='par_1_103' title="bbox 302 5594 1844 5670">
     <span class='ocr_line' id='line_1_104' title="bbox 302 5594 1844 5670; baseline 0.007 -26"><span class='ocrx_word' id='word_1_712' title='bbox 302 5607 422 5662; x_wconf 81' lang='lat' dir='ltr'><strong>cap.</strong></span> <span class='ocrx_word' id='word_1_713' title='bbox 458 5594 510 5655; x_wconf 79' lang='lat' dir='ltr'><strong>l,</strong></span> <span class='ocrx_word' id='word_1_714' title='bbox 544 5607 650 5646; x_wconf 89' lang='lat' dir='ltr'><strong>non</strong></span> <span class='ocrx_word' id='word_1_715' title='bbox 680 5596 954 5650; x_wconf 80' lang='lat' dir='ltr'><strong>exstitisse</strong></span> <span class='ocrx_word' id='word_1_716' title='bbox 980 5597 1312 5666; x_wconf 87' lang='lat' dir='ltr'><strong>temporibus</strong></span> <span class='ocrx_word' id='word_1_717' title='bbox 1338 5597 1533 5653; x_wconf 83' lang='lat' dir='ltr'><strong>Justini</strong></span> <span class='ocrx_word' id='word_1_718' title='bbox 1564 5603 1844 5670; x_wconf 79' lang='lat' dir='ltr'><strong>martyris,</strong></span> 
     </span>
    </p>
   </div>
   <div class='ocr_carea' id='block_1_104' title="bbox 299 5682 1839 5755">
    <p class='ocr_par' dir='ltr' id='par_1_104' title="bbox 299 5682 1839 5755">
     <span class='ocr_line' id='line_1_105' title="bbox 299 5682 1839 5755; baseline 0.005 -17"><span class='ocrx_word' id='word_1_719' title='bbox 299 5682 537 5747; x_wconf 80' lang='lat' dir='ltr'><strong>Tatiani,</strong></span> <span class='ocrx_word' id='word_1_720' title='bbox 570 5685 863 5741; x_wconf 81' lang='lat' dir='ltr'><strong>Clementis</strong></span> <span class='ocrx_word' id='word_1_721' title='bbox 892 5686 1271 5747; x_wconf 80' lang='lat' dir='ltr'><strong>Alexandrini.</strong></span> <span class='ocrx_word' id='word_1_722' title='bbox 1308 5689 1553 5755; x_wconf 83' lang='lat' dir='ltr'><strong>Eusebii,</strong></span> <span class='ocrx_word' id='word_1_723' title='bbox 1590 5692 1839 5745; x_wconf 81' lang='lat' dir='ltr'><strong>aliorum-</strong></span> 
     </span>
    </p>
   </div>
   <div class='ocr_carea' id='block_1_105' title="bbox 576 5780 1096 5845">
    <p class='ocr_par' dir='ltr' id='par_1_105' title="bbox 576 5780 1096 5845">
     <span class='ocr_line' id='line_1_106' title="bbox 576 5780 1096 5845; baseline 0.006 -6"><span class='ocrx_word' id='word_1_724' title='bbox 576 5780 837 5840; x_wconf 64' lang='lat' dir='ltr'><strong>Panos.</strong></span> <span class='ocrx_word' id='word_1_725' title='bbox 886 5783 1000 5843; x_wconf 84' lang='lat' dir='ltr'><strong>Gn.</strong></span> <span class='ocrx_word' id='word_1_726' title='bbox 1050 5786 1096 5845; x_wconf 90' lang='lat' dir='ltr'><strong>l.</strong></span> 
     </span>
    </p>
   </div>
   <div class='ocr_carea' id='block_1_106' title="bbox 1967 4505 3515 4579">
    <p class='ocr_par' dir='ltr' id='par_1_106' title="bbox 1967 4505 3515 4579">
     <span class='ocr_line' id='line_1_107' title="bbox 1967 4505 3515 4579; baseline 0.008 -23"><span class='ocrx_word' id='word_1_727' title='bbox 1967 4518 2005 4556; x_wconf 90' lang='lat' dir='ltr'><strong>lt</strong></span> <span class='ocrx_word' id='word_1_728' title='bbox 2032 4512 2082 4558; x_wconf 90' lang='lat' dir='ltr'><strong>et</strong></span> <span class='ocrx_word' id='word_1_729' title='bbox 2108 4519 2189 4557; x_wconf 79' lang='grc' dir='ltr'><strong>ιη.</strong></span> <span class='ocrx_word' id='word_1_730' title='bbox 2216 4505 2294 4559; x_wconf 84' lang='lat' dir='ltr'><strong>Ac</strong></span> <span class='ocrx_word' id='word_1_731' title='bbox 2326 4505 2506 4560; x_wconf 82' lang='lat' dir='ltr'><strong>forsan</strong></span> <span class='ocrx_word' id='word_1_732' title='bbox 2536 4505 2786 4562; x_wconf 89' lang='lat' dir='ltr'><strong>Clemens</strong></span> <span class='ocrx_word' id='word_1_733' title='bbox 2822 4510 3149 4579; x_wconf 87' lang='lat' dir='ltr'><strong>exemplaria</strong></span> <span class='ocrx_word' id='word_1_734' title='bbox 3180 4511 3386 4566; x_wconf 87' lang='lat' dir='ltr'><strong>viderat</strong></span> <span class='ocrx_word' id='word_1_735' title='bbox 3415 4530 3515 4568; x_wconf 83' lang='lat' dir='ltr'><strong>an—</strong></span> 
     </span>
    </p>
   </div>
   <div class='ocr_carea' id='block_1_107' title="bbox 1963 4595 3511 4673">
    <p class='ocr_par' dir='ltr' id='par_1_107' title="bbox 1963 4595 3511 4673">
     <span class='ocr_line' id='line_1_108' title="bbox 1963 4595 3511 4673; baseline 0.009 -28"><span class='ocrx_word' id='word_1_736' title='bbox 1963 4600 2176 4663; x_wconf 88' lang='lat' dir='ltr'><strong>tequam</strong></span> <span class='ocrx_word' id='word_1_737' title='bbox 2207 4610 2235 4646; x_wconf 90' lang='lat' dir='ltr'><strong>a</strong></span> <span class='ocrx_word' id='word_1_738' title='bbox 2265 4595 2592 4650; x_wconf 83' lang='lat' dir='ltr'><strong>Christianis</strong></span> <span class='ocrx_word' id='word_1_739' title='bbox 2623 4596 2716 4666; x_wconf 90' lang='lat' dir='ltr'><strong>(ut</strong></span> <span class='ocrx_word' id='word_1_740' title='bbox 2748 4599 3101 4669; x_wconf 88' lang='lat' dir='ltr'><strong>conqueritur</strong></span> <span class='ocrx_word' id='word_1_741' title='bbox 3142 4600 3332 4657; x_wconf 89' lang='lat' dir='ltr'><strong>Celsus</strong></span> <span class='ocrx_word' id='word_1_742' title='bbox 3369 4605 3511 4673; x_wconf 90' lang='lat' dir='ltr'><strong>apud</strong></span> 
     </span>
    </p>
   </div>
   <div class='ocr_carea' id='block_1_108' title="bbox 1960 4684 3511 4761">
    <p class='ocr_par' dir='ltr' id='par_1_108' title="bbox 1960 4684 3511 4761">
     <span class='ocr_line' id='line_1_109' title="bbox 1960 4684 3511 4761; baseline 0.007 -22"><span class='ocrx_word' id='word_1_743' title='bbox 1960 4684 2247 4754; x_wconf 79' lang='lat' dir='ltr'><strong>Origenem</strong></span> <span class='ocrx_word' id='word_1_744' title='bbox 2272 4685 2366 4741; x_wconf 91' lang='lat' dir='ltr'><strong>lib.</strong></span> <span class='ocrx_word' id='word_1_745' title='bbox 2404 4702 2497 4749; x_wconf 80' lang='lat' dir='ltr'><strong>vti,</strong></span> <span class='ocrx_word' id='word_1_746' title='bbox 2526 4694 2715 4741; x_wconf 79' lang='lat' dir='ltr'><strong>contra</strong></span> <span class='ocrx_word' id='word_1_747' title='bbox 2744 4688 2901 4757; x_wconf 90' lang='lat' dir='ltr'><strong>eum)</strong></span> <span class='ocrx_word' id='word_1_748' title='bbox 2945 4688 3174 4744; x_wconf 78' lang='lat' dir='ltr'><strong>fuissent</strong></span> <span class='ocrx_word' id='word_1_749' title='bbox 3210 4691 3511 4761; x_wconf 63' lang='lat' dir='ltr'><strong>interiectis</strong></span> 
     </span>
    </p>
   </div>
   <div class='ocr_carea' id='block_1_109' title="bbox 1960 4777 2582 4847">
    <p class='ocr_par' dir='ltr' id='par_1_109' title="bbox 1960 4777 2582 4847">
     <span class='ocr_line' id='line_1_110' title="bbox 1960 4777 2582 4847; baseline 0.01 -18"><span class='ocrx_word' id='word_1_750' title='bbox 1960 4777 2205 4847; x_wconf 85' lang='lat' dir='ltr'><strong>pluribus</strong></span> <span class='ocrx_word' id='word_1_751' title='bbox 2235 4778 2555 4847; x_wconf 89' lang='lat' dir='ltr'><strong>interpolata</strong></span> <span class='ocrx_word' id='word_1_752' title='bbox 2569 4822 2582 4835; x_wconf 84' lang='lat'><strong>.</strong></span> 
     </span>
    </p>
   </div>
   <div class='ocr_carea' id='block_1_110' title="bbox 2027 4867 3513 4944">
    <p class='ocr_par' dir='ltr' id='par_1_110' title="bbox 2027 4867 3513 4944">
     <span class='ocr_line' id='line_1_111' title="bbox 2027 4867 3513 4944; baseline 0.003 -21"><span class='ocrx_word' id='word_1_753' title='bbox 2027 4867 2291 4923; x_wconf 70' lang='lat' dir='ltr'><strong>Caeterum</strong></span> <span class='ocrx_word' id='word_1_754' title='bbox 2334 4868 2546 4923; x_wconf 86' lang='lat' dir='ltr'><strong>videtur</strong></span> <span class='ocrx_word' id='word_1_755' title='bbox 2582 4868 2695 4922; x_wconf 75' lang='lat' dir='ltr'><strong>haec</strong></span> <span class='ocrx_word' id='word_1_756' title='bbox 2720 4870 2956 4923; x_wconf 91' lang='lat' dir='ltr'><strong>secunda</strong></span> <span class='ocrx_word' id='word_1_757' title='bbox 2985 4871 3211 4940; x_wconf 89' lang='lat' dir='ltr'><strong>epistola</strong></span> <span class='ocrx_word' id='word_1_758' title='bbox 3244 4883 3368 4929; x_wconf 87' lang='lat' dir='ltr'><strong>ante</strong></span> <span class='ocrx_word' id='word_1_759' title='bbox 3401 4877 3513 4944; x_wconf 53' lang='lat' dir='ltr'><strong>pri-</strong></span> 
     </span>
    </p>
   </div>
   <div class='ocr_carea' id='block_1_111' title="bbox 1958 4958 3504 5034">
    <p class='ocr_par' dir='ltr' id='par_1_111' title="bbox 1958 4958 3504 5034">
     <span class='ocr_line' id='line_1_112' title="bbox 1958 4958 3504 5034; baseline 0.002 -19"><span class='ocrx_word' id='word_1_760' title='bbox 1958 4976 2098 5015; x_wconf 88' lang='lat' dir='ltr'><strong>mam</strong></span> <span class='ocrx_word' id='word_1_761' title='bbox 2132 4974 2254 5015; x_wconf 85' lang='lat' dir='ltr'><strong>esse</strong></span> <span class='ocrx_word' id='word_1_762' title='bbox 2292 4961 2516 5030; x_wconf 87' lang='lat' dir='ltr'><strong>scripta.</strong></span> <span class='ocrx_word' id='word_1_763' title='bbox 2549 4958 2995 5031; x_wconf 87' lang='lat' dir='ltr'><strong>Quandoquidem</strong></span> <span class='ocrx_word' id='word_1_764' title='bbox 3029 4962 3206 5016; x_wconf 91' lang='lat' dir='ltr'><strong>innuit</strong></span> <span class='ocrx_word' id='word_1_765' title='bbox 3236 4964 3504 5034; x_wconf 50' lang='lat' dir='ltr'><strong>fragmen.</strong></span> 
     </span>
    </p>
   </div>
   <div class='ocr_carea' id='block_1_112' title="bbox 1957 5052 3507 5122">
    <p class='ocr_par' dir='ltr' id='par_1_112' title="bbox 1957 5052 3507 5122">
     <span class='ocr_line' id='line_1_113' title="bbox 1957 5052 3507 5122; baseline 0.003 -17"><span class='ocrx_word' id='word_1_766' title='bbox 1957 5061 2067 5105; x_wconf 93' lang='lat' dir='ltr'><strong>tum</strong></span> <span class='ocrx_word' id='word_1_767' title='bbox 2097 5052 2241 5107; x_wconf 91' lang='lat' dir='ltr'><strong>illius</strong></span> <span class='ocrx_word' id='word_1_768' title='bbox 2270 5052 2492 5121; x_wconf 83' lang='lat' dir='ltr'><strong>paciﬁca</strong></span> <span class='ocrx_word' id='word_1_769' title='bbox 2519 5061 2793 5122; x_wconf 85' lang='lat' dir='ltr'><strong>tempora;</strong></span> <span class='ocrx_word' id='word_1_770' title='bbox 2820 5061 2874 5106; x_wconf 86' lang='lat' dir='ltr'><strong>et</strong></span> <span class='ocrx_word' id='word_1_771' title='bbox 2895 5069 2958 5107; x_wconf 82' lang='lat' dir='ltr'><strong>ex</strong></span> <span class='ocrx_word' id='word_1_772' title='bbox 2987 5054 3163 5108; x_wconf 90' lang='lat' dir='ltr'><strong>Photii</strong></span> <span class='ocrx_word' id='word_1_773' title='bbox 3190 5056 3377 5111; x_wconf 88' lang='lat' dir='ltr'><strong>codice</strong></span> <span class='ocrx_word' id='word_1_774' title='bbox 3409 5056 3507 5110; x_wconf 74' lang='lat'><strong>1‘26</strong></span> 
     </span>
    </p>
   </div>
   <div class='ocr_carea' id='block_1_113' title="bbox 1954 5147 3509 5219">
    <p class='ocr_par' dir='ltr' id='par_1_113' title="bbox 1954 5147 3509 5219">
     <span class='ocr_line' id='line_1_114' title="bbox 1954 5147 3509 5219; baseline 0 -16"><span class='ocrx_word' id='word_1_775' title='bbox 1954 5149 2255 5219; x_wconf 82' lang='lat' dir='ltr'><strong>colligimus</strong></span> <span class='ocrx_word' id='word_1_776' title='bbox 2300 5147 2510 5202; x_wconf 84' lang='lat' dir='ltr'><strong>dissidii</strong></span> <span class='ocrx_word' id='word_1_777' title='bbox 2572 5147 2905 5202; x_wconf 89' lang='lat' dir='ltr'><strong>Corinthiaci</strong></span> <span class='ocrx_word' id='word_1_778' title='bbox 2948 5148 3002 5201; x_wconf 91' lang='lat' dir='ltr'><strong>in</strong></span> <span class='ocrx_word' id='word_1_779' title='bbox 3047 5162 3111 5202; x_wconf 87' lang='lat' dir='ltr'><strong>ea</strong></span> <span class='ocrx_word' id='word_1_780' title='bbox 3157 5148 3351 5202; x_wconf 81' lang='lat' dir='ltr'><strong>factam</strong></span> <span class='ocrx_word' id='word_1_781' title='bbox 3399 5165 3509 5203; x_wconf 88' lang='lat' dir='ltr'><strong>non</strong></span> 
     </span>
    </p>
   </div>
   <div class='ocr_carea' id='block_1_114' title="bbox 1959 5238 3505 5307">
    <p class='ocr_par' dir='ltr' id='par_1_114' title="bbox 1959 5238 3505 5307">
     <span class='ocr_line' id='line_1_115' title="bbox 1959 5238 3505 5307; baseline 0 -16"><span class='ocrx_word' id='word_1_782' title='bbox 1959 5238 2127 5294; x_wconf 81' lang='lat' dir='ltr'><strong>fuisse</strong></span> <span class='ocrx_word' id='word_1_783' title='bbox 2160 5240 2485 5292; x_wconf 88' lang='lat' dir='ltr'><strong>mentionem</strong></span> <span class='ocrx_word' id='word_1_784' title='bbox 2513 5257 2525 5292; x_wconf 90' lang='lat'>:</span> <span class='ocrx_word' id='word_1_785' title='bbox 2570 5250 2621 5289; x_wconf 85' lang='lat' dir='ltr'><strong>at</strong></span> <span class='ocrx_word' id='word_1_786' title='bbox 2651 5238 2695 5292; x_wconf 90' lang='lat' dir='ltr'><strong>si</strong></span> <span class='ocrx_word' id='word_1_787' title='bbox 2731 5238 2855 5291; x_wconf 88' lang='lat' dir='ltr'><strong>data</strong></span> <span class='ocrx_word' id='word_1_788' title='bbox 2889 5245 3032 5292; x_wconf 88' lang='lat' dir='ltr'><strong>esset</strong></span> <span class='ocrx_word' id='word_1_789' title='bbox 3074 5244 3197 5307; x_wconf 88' lang='lat' dir='ltr'><strong>post</strong></span> <span class='ocrx_word' id='word_1_790' title='bbox 3233 5239 3505 5307; x_wconf 87' lang='lat' dir='ltr'><strong>priorem,</strong></span> 
     </span>
    </p>
   </div>
   <div class='ocr_carea' id='block_1_115' title="bbox 1954 5325 3508 5397">
    <p class='ocr_par' dir='ltr' id='par_1_115' title="bbox 1954 5325 3508 5397">
     <span class='ocr_line' id='line_1_116' title="bbox 1954 5325 3508 5397; baseline 0 -16"><span class='ocrx_word' id='word_1_791' title='bbox 1954 5329 2056 5381; x_wconf 88' lang='lat' dir='ltr'><strong>hoc</strong></span> <span class='ocrx_word' id='word_1_792' title='bbox 2107 5334 2190 5382; x_wconf 86' lang='lat' dir='ltr'><strong>est</strong></span> <span class='ocrx_word' id='word_1_793' title='bbox 2225 5336 2346 5397; x_wconf 91' lang='lat' dir='ltr'><strong>post</strong></span> <span class='ocrx_word' id='word_1_794' title='bbox 2388 5326 2545 5380; x_wconf 88' lang='lat' dir='ltr'><strong>ﬁnem</strong></span> <span class='ocrx_word' id='word_1_795' title='bbox 2577 5326 2972 5395; x_wconf 85' lang='lat' dir='ltr'><strong>persecutionis</strong></span> <span class='ocrx_word' id='word_1_796' title='bbox 3013 5325 3324 5390; x_wconf 88' lang='lat' dir='ltr'><strong>Domitiani,</strong></span> <span class='ocrx_word' id='word_1_797' title='bbox 3369 5335 3508 5383; x_wconf 84' lang='lat' dir='ltr'><strong>ten:-</strong></span> 
     </span>
    </p>
   </div>
   <div class='ocr_carea' id='block_1_116' title="bbox 1952 5416 3508 5488">
    <p class='ocr_par' dir='ltr' id='par_1_116' title="bbox 1952 5416 3508 5488">
     <span class='ocr_line' id='line_1_117' title="bbox 1952 5416 3508 5488; baseline -0.001 -15"><span class='ocrx_word' id='word_1_798' title='bbox 1952 5435 2081 5488; x_wconf 90' lang='lat' dir='ltr'><strong>pore</strong></span> <span class='ocrx_word' id='word_1_799' title='bbox 2110 5418 2281 5487; x_wconf 89' lang='lat' dir='ltr'><strong>pacis,</strong></span> <span class='ocrx_word' id='word_1_800' title='bbox 2320 5425 2481 5486; x_wconf 87' lang='lat' dir='ltr'><strong>atque</strong></span> <span class='ocrx_word' id='word_1_801' title='bbox 2514 5426 2638 5470; x_wconf 85' lang='lat' dir='ltr'><strong>ante</strong></span> <span class='ocrx_word' id='word_1_802' title='bbox 2670 5416 3098 5485; x_wconf 83' lang='lat' dir='ltr'><strong>persecutionem</strong></span> <span class='ocrx_word' id='word_1_803' title='bbox 3130 5418 3233 5472; x_wconf 89' lang='lat' dir='ltr'><strong>sub</strong></span> <span class='ocrx_word' id='word_1_804' title='bbox 3268 5416 3508 5487; x_wconf 76' lang='lat' dir='ltr'><strong>Trojano</strong></span> 
     </span>
    </p>
   </div>
   <div class='ocr_carea' id='block_1_117' title="bbox 1950 5506 3504 5576">
    <p class='ocr_par' dir='ltr' id='par_1_117' title="bbox 1950 5506 3504 5576">
     <span class='ocr_line' id='line_1_118' title="bbox 1950 5506 3504 5576; baseline 0.001 -15"><span class='ocrx_word' id='word_1_805' title='bbox 1950 5507 2399 5576; x_wconf 84' lang='lat' dir='ltr'><strong>redintegratam,</strong></span> <span class='ocrx_word' id='word_1_806' title='bbox 2428 5522 2536 5560; x_wconf 91' lang='lat' dir='ltr'><strong>non</strong></span> <span class='ocrx_word' id='word_1_807' title='bbox 2575 5506 3010 5575; x_wconf 57' lang='lat' dir='ltr'><strong>praetermisisset</strong></span> <span class='ocrx_word' id='word_1_808' title='bbox 3049 5507 3376 5563; x_wconf 90' lang='lat' dir='ltr'><strong>discordiam</strong></span> <span class='ocrx_word' id='word_1_809' title='bbox 3410 5516 3504 5563; x_wconf 91' lang='lat' dir='ltr'><strong>aut</strong></span> 
     </span>
    </p>
   </div>
   <div class='ocr_carea' id='block_1_118' title="bbox 1951 5599 3504 5672">
    <p class='ocr_par' dir='ltr' id='par_1_118' title="bbox 1951 5599 3504 5672">
     <span class='ocr_line' id='line_1_119' title="bbox 1951 5599 3504 5672; baseline 0.001 -19"><span class='ocrx_word' id='word_1_810' title='bbox 1951 5600 2448 5655; x_wconf 87' lang='lat' dir='ltr'><strong>reconciliationem</strong></span> <span class='ocrx_word' id='word_1_811' title='bbox 2466 5599 2892 5661; x_wconf 85' lang='lat' dir='ltr'><strong>Corinthiorum.</strong></span> <span class='ocrx_word' id='word_1_812' title='bbox 2911 5614 3035 5654; x_wconf 90' lang='lat' dir='ltr'><strong>cum</strong></span> <span class='ocrx_word' id='word_1_813' title='bbox 3060 5602 3350 5672; x_wconf 88' lang='lat' dir='ltr'><strong>utrumque</strong></span> <span class='ocrx_word' id='word_1_814' title='bbox 3376 5611 3504 5656; x_wconf 84' lang='lat' dir='ltr'><strong>tem-</strong></span> 
     </span>
    </p>
   </div>
   <div class='ocr_carea' id='block_1_119' title="bbox 1949 5689 3499 5763">
    <p class='ocr_par' dir='ltr' id='par_1_119' title="bbox 1949 5689 3499 5763">
     <span class='ocr_line' id='line_1_120' title="bbox 1949 5689 3499 5763; baseline 0.005 -20"><span class='ocrx_word' id='word_1_815' title='bbox 1949 5709 2048 5763; x_wconf 70' lang='lat' dir='ltr'><strong>pus</strong></span> <span class='ocrx_word' id='word_1_816' title='bbox 2076 5690 2415 5747; x_wconf 90' lang='lat' dir='ltr'><strong>solummodo</strong></span> <span class='ocrx_word' id='word_1_817' title='bbox 2443 5704 2618 5744; x_wconf 85' lang='lat' dir='ltr'><strong>annus</strong></span> <span class='ocrx_word' id='word_1_818' title='bbox 2648 5689 2913 5761; x_wconf 77' lang='lat' dir='ltr'><strong>sejungat.</strong></span> <span class='ocrx_word' id='word_1_819' title='bbox 2948 5690 3125 5758; x_wconf 87' lang='lat' dir='ltr'><strong>Quare</strong></span> <span class='ocrx_word' id='word_1_820' title='bbox 3159 5694 3379 5750; x_wconf 70' lang='lat' dir='ltr'><strong>missam</strong></span> <span class='ocrx_word' id='word_1_821' title='bbox 3409 5710 3499 5749; x_wconf 84' lang='lat' dir='ltr'><strong>ar-</strong></span> 
     </span>
    </p>
   </div>
   <div class='ocr_carea' id='block_1_120' title="bbox 3142 5791 3178 5849">
    <p class='ocr_par' dir='ltr' id='par_1_120' title="bbox 3142 5791 3178 5849">
     <span class='ocr_line' id='line_1_121' title="bbox 3142 5791 3178 5849; baseline 0 0"><span class='ocrx_word' id='word_1_822' title='bbox 3142 5791 3178 5849; x_wconf 88' lang='lat'><strong><em>3</em></strong></span> 
     </span>
    </p>
   </div>
  </div>
