4070 6340
504 262 570 316 τε
1623 266 1713 321 AD
1751 266 1809 324 S.
1848 267 2266 325 CLEMENTEM
2305 274 2327 327 l
2363 272 2591 329 PAPAM

3642 284 3707 340 76

505 377 678 433 bitt-or
710 374 852 433 inter
881 376 1017 433 duas
1051 377 1253 447 primas
1282 379 1707 450 persecutiones,
1728 379 1960 437 Neronis
1985 398 2036 438 at

2151 384 2257 439 Τοῦ
2292 387 2444 455 ἁγίου
2481 387 2791 461 Κλήμεντος
2831 392 2895 445 ὲκ
2967 388 3022 447 S.
3078 394 3359 463 Clementis
3405 416 3471 455 ea:
3508 402 3711 474 Episto-

504 465 825 532 Domitiani,
863 476 916 521 et
943 472 1065 522 ante
1100 467 1421 523 seditionem
1464 467 1709 525 Corinthi
1738 472 2049 529 excitatam.

570 554 895 613 Omittebam
947 557 1063 622 hic,
1094 565 1153 611 ut
1182 558 1238 612 in
1268 565 1509 615 veterum
1547 562 1903 629 testimoniis,
1941 564 2049 618 duo

502 660 622 713 quas
644 654 830 716 postea
856 656 1210 703 occurrerunt
1239 649 1371 703 loca.
1395 649 1608 707 Primus
1632 653 1782 709 locus
1811 663 1893 709 est
1915 670 2052 726 pra:-

504 736 721 793 fationis
772 739 987 793 concilii
1037 738 1274 806 Nicaani,
1324 740 1526 798 Latinae
1570 760 1633 799 ex
1678 743 1909 801 Arabico
1956 762 2052 816 per

505 828 863 882 Abrahamum
881 828 1286 886 Ecchellensem
1310 831 1494 899 factae;
1519 833 1572 887 in
1595 849 1701 904 quo
1720 834 1919 890 dicitur
1937 835 2053 893 Cle-

416 927 427 939 '
503 925 735 972 mentem
764 918 991 988 epistola
1026 919 1062 973 2
1089 921 1416 977 mentionem
1444 923 1639 980 fecisse
1667 934 1934 982 sectarum
1961 927 2046 982 70.

503 1007 699 1062 Verum
730 1008 821 1062 illa
845 1009 1152 1081 epistola,si
1179 1013 1365 1069 eadem
1391 1026 1475 1068 est
1511 1029 1575 1069 ac
1596 1024 1812 1082 nostra,
1842 1033 1943 1073 nec
1966 1027 2051 1075 est

500 1103 660 1170 plane
690 1103 994 1173 apocrypha
1023 1146 1037 1170 ,
1069 1120 1410 1175 nequaquam
1451 1108 1635 1163 retulit
1678 1108 1743 1163 70
1782 1109 2046 1175 haereses,

500 1195 681 1250 retulit
713 1193 895 1249 forsan
923 1196 971 1249 7.
998 1196 1238 1253 Alterum
1264 1200 1441 1254 locum
1484 1200 1793 1273 deprompsi
1826 1219 1891 1259 ex
1914 1206 2053 1276 opti-

498 1286 603 1340 mis
632 1286 960 1341 membranis
1005 1287 1209 1342 codicis
1248 1288 1535 1345 admodum
1600 1292 1804 1362 antiqui
1868 1293 1922 1348 in
1966 1295 2051 1350 hi-

499 1374 770 1429 bliotheca
815 1375 918 1430 PP.
952 1375 1075 1431 Soc.
1105 1377 1264 1444 Jesu,
1293 1382 1502 1450 copiam
1533 1380 1762 1438 faciente
1802 1381 2051 1442 Gabriele

500 1465 799 1531 Cossartio,
836 1468 952 1523 viro
974 1484 1095 1523 cum
1125 1471 1353 1541 insignis
1382 1471 1659 1539 doctrinae,
1690 1486 1801 1529 tum
1829 1476 2050 1546 prolixe

499 1556 874 1614 humanitatis.
921 1559 1016 1614 Est
1060 1569 1238 1616 autem
1281 1561 1337 1617 S.
1376 1564 1691 1621 Damasceni
1733 1565 2048 1638 Eclogarum

500 1664 774 1702 sacrarum
826 1664 946 1720 cap.
976 1652 1109 1721 Περὶ
1150 1653 1256 1706 τῶν
1286 1656 1630 1727 προσκαίρων
1659 1658 1751 1710 καὶ
1793 1657 1899 1710 τῶν
1926 1660 2049 1712 alw-

497 1738 624 1791 νίων
652 1739 891 1807 ἀγαθῶν,
949 1743 1043 1794 καὶ
1096 1743 1175 1795 ὅτι
1221 1742 1325 1814 χρὴ
1353 1744 1459 1797 τῶν
1488 1726 1765 1817 παρόντων
1816 1744 1884 1800 τὰ
1926 1746 2051 1817 μέλ-
2080 1726 2123 1781 Β
2152 1732 2405 1804 περιϐολὴ
2424 1733 2647 1802 γίνεται-

497 1828 654 1881 λοντα
686 1833 981 1902 προτιμᾷν,
1022 1834 1165 1902 quod
1210 1835 1497 1904 respondet
1538 1836 1701 1906 capiti
1739 1836 1808 1891 20
1850 1837 1973 1907 libri
2012 1853 2051 1892 ιι

499 1918 887 1976 Parallelorum
915 1925 1202 1981 editorum.

2185 481 2285 552 τῆς
2300 481 2432 554 πρὸς
2454 484 2770 555 Κορινθίους
2786 485 2848 556 β’.

2213 594 2270 649 '0
2297 595 2403 650 τῶν
2424 596 2698 669 παρόντων
2714 597 2902 670 αἰσθη-

2149 690 2297 754 me;
2339 691 2576 762 συνίησιν
2605 694 2680 758 ὡς
2707 692 2826 747 οὔτε
2865 694 2902 750 ἃ

2154 779 2454 849 λογίζονταί
2470 800 2611 846 τινες
2626 779 2763 839 εἶναι
2777 802 2900 853 τερ-

2151 875 2285 939 πνὰ,
2357 876 2478 942 ξένα
2532 880 2625 933 καὶ
2683 881 2897 952 μακράν

2148 966 2262 1019 ἐστι
2299 968 2405 1023 τῶν
2433 969 2698 1041 ἀπεχθῶν.
2743 971 2898 1026 Ἀλλὰ

2149 1058 2241 1111 καὶ
2321 1057 2549 1124 πλοῦτος
2639 1060 2897 1127 πολλάκις

2151 1150 2347 1222 μᾶλλον
2375 1154 2562 1218 πενίας
2590 1155 2791 1227 εθλιψε,
2804 1161 2898 1214 καὶ

2148 1248 2300 1315 ὑγεία
2319 1249 2476 1305 πλέον
2502 1252 2688 1321 ἠνίασε
2717 1254 2890 1312 νόσου.

2146 1346 2255 1399 Καὶ
2273 1347 2496 1402 καθόλου
2508 1350 2613 1404 τῶν
2641 1351 2894 1424 λυπηρῶν

2147 1444 2239 1497 καὶ
2262 1446 2502 1514 φευκτῶν
2531 1446 2745 1503 πάντων
2772 1450 2895 1505 ὁπό-

2147 1538 2293 1605 θεὰις
2318 1543 2413 1596 καὶ
2437 1542 2567 1615 ὕλη,
2596 1548 2629 1617 ἠ
2666 1546 2772 1601 τῶν
2805 1548 2895 1602 ἀσ-

3020 488 3072 543 la
3104 488 3167 544 II
3230 492 3299 545 ad
3332 492 3649 553 Corinthios.

3045 601 3149 667 Qui
3184 621 3263 659 res
3294 609 3567 673 praesentis
3596 610 3712 664 vitm

2972 696 3234 760 agnoscit,
3268 697 3510 769 intelligit
3553 717 3714 771 neque

2967 801 3028 838 ea
3057 804 3174 857 qua:
3204 791 3440 846 nonnulli
3473 793 3715 863 jucunda

2968 889 3208 950 reputant
3226 921 3243 947 ,
3269 884 3443 937 aliena
3474 901 3586 940 esse
3617 895 3713 941 aut

2964 976 3144 1042 procul
3171 975 3358 1031 dissita
3394 977 3457 1032 ab
3485 980 3554 1034 iis
3595 995 3714 1049 qua

2969 1069 3088 1124 odio
3114 1069 3389 1128 habentur.
3412 1072 3711 1140 Quinetiam

2967 1158 3163 1236 divitia:
3198 1178 3548 1230 saepenumero
3590 1183 3707 1220 ma-

2966 1257 3045 1326 gis
3087 1274 3243 1329 quam
3281 1270 3561 1329 paupertas
3623 1262 3709 1317 la:-

2964 1364 3174 1418 serunt,
3229 1364 3278 1409 et
3330 1357 3533 1412 sanitas
3588 1358 3707 1427 plus

2965 1449 3143 1503 morbo
3166 1451 3369 1521 aﬂlixit.
3388 1451 3455 1506 In
3479 1470 3704 1519 summa,

2964 1551 3233 1613 gratarum
3256 1561 3429 1599 rerum
3463 1564 3524 1601 ac
3558 1558 3710 1617 opta-

2964 1643 3138 1688 tarum
3166 1637 3424 1707 aﬂiuentia
3455 1640 3625 1693 evadit
3654 1642 3709 1695 in

2964 1746 3176 1786 causam
3197 1743 3245 1787 et
3275 1736 3549 1790 materiam
3593 1753 3708 1791 om-

2966 1823 3109 1876 nium
3146 1827 3375 1879 tristium
3415 1836 3567 1898 atque
3608 1827 3705 1883 de-

2967 1926 3294 1973 testatorum.

2146 1636 2366 1690 παστῶν
2422 1639 2516 1692 καὶ
2576 1643 2689 1710 μετ’
2729 1641 2889 1713 εὐχὴν

766 2534 977 2659 ΕΧ
1073 2533 1798 2663 EDITIONE
1879 2541 2343 2668 PETRI
2438 2543 3416 2687 COUSTANTII.

1469 2783 1616 2856 (Epp.
1642 2789 1780 2840 Rom.
1801 2790 1944 2843 Pent.
1971 2796 2010 2842 t.
2039 2792 2078 2855 ι,
2103 2790 2257 2844 Paris.
2285 2795 2423 2860 mi,
2460 2795 2647 2868 its-fol.)

1039 3110 1657 3206 EPISTOLIE
1742 3117 1835 3206 S.
1912 3116 2036 3209 CL

2135 3120 2580 3218 MENTIS
2658 3130 2694 3219 Ι
2767 3128 3127 3225 PAPIE.

1575 3328 1846 3430 Quando
1880 3336 1943 3394 et
1973 3349 2163 3411 quam
2194 3335 2308 3398 diu
2340 3339 2596 3403 sederit.

553 3637 608 3692 1.
631 3635 881 3692 Clemens
919 3642 1158 3691 veterum
1177 3636 1484 3692 testimonio
1506 3646 1564 3692 ut
1589 3640 1952 3709 apostolorum
1980 3657 2046 3696 ω-
2072 3645 2115 3705 C
2147 3642 2203 3696 in
2230 3644 2546 3702 Corbeiensi
2578 3654 2758 3703 autem
2786 3652 2945 3708 annis
2974 3672 3025 3710 ix
3049 3698 3063 3725 ,
3109 3659 3391 3718 mensibus
3434 3679 3464 3718 ι
3485 3706 3500 3731 ,
3547 3667 3635 3726 die
3668 3684 3688 3725 ι

481 3727 661 3798 qualis
704 3727 1027 3782 celebratur.
1055 3727 1414 3793 Quamobrem
1457 3745 1564 3783 non
1613 3733 1751 3786 alius
1791 3734 2031 3788 creditur

482 3824 552 3878 ab
572 3837 656 3886 eo,
683 3825 841 3892 cujus
871 3821 1072 3877 Paulus
1100 3820 1298 3893 Philip.
1349 3840 1402 3878 Iv
1421 3865 1436 3889 ,
1469 3827 1503 3881 '5
1523 3866 1536 3889 ,
1581 3830 1847 3883 meminit.
1880 3828 2033 3884 Licet

481 3915 647 3979 hunc,
680 3915 753 3969 uti
780 3914 891 3984 jam
918 3914 1357 3984 praemonuimus,
1383 3930 1412 3968 a
1435 3915 1595 3971 Petro
1615 3919 1924 3989 episc0pum
1949 3935 2034 3974 or-

481 4005 723 4059 dinatum
747 4005 1112 4059 'l’crtullianus
1140 4004 1253 4059 Lib.
1284 4005 1347 4060 de
1378 4008 1693 4076 prwsrript.,
1720 4024 1770 4063 c.
1802 4009 1891 4074 52,
1919 4017 2031 4063 tra-

480 4096 593 4160 dat,
619 4104 782 4166 atque
804 4112 918 4151 tevo
950 4096 1298 4167 Hieronymi,
1341 4098 1459 4168 ipso
1497 4098 1825 4171 Hieronymo
1858 4109 1993 4157 teste
2013 4143 2027 4168 ,

477 4186 704 4254 plerique
730 4187 1035 4240 Latinorum
1057 4187 1333 4241 secundum
1358 4199 1476 4257 post
1497 4189 1711 4245 Petrum
1739 4195 2028 4261 apostolum

477 4286 721 4345 putarent
753 4276 946 4346 fuisse;
983 4276 1122 4333 idem
1167 4284 1345 4332 tamen
1376 4278 1772 4350 Hieronymus,
1819 4298 2027 4337 necnon

477 4367 835 4438 Epiphanius,
864 4366 1198 4438 Augustinus
1218 4408 1233 4433 ,
1257 4366 1484 4438 Optatus
1506 4411 1519 4433 ,
1557 4371 1820 4427 Eusebius
1841 4413 1856 4437 ,
1892 4375 2030 4429 scri-

476 4468 601 4529 ptor
657 4459 919 4530 poematis
972 4458 1233 4514 adversus
1298 4460 1645 4527 Marcionem,
1694 4463 2029 4520 Tertulliano

477 4551 604 4604 olim
659 4547 1213 4616 tributi,etlrenzeus,
1251 4551 1393 4605 sicut
1437 4562 1490 4608 et
1528 4562 1734 4610 veteres
1760 4555 2029 4612 Romano-

476 4657 595 4707 rum
624 4640 934 4711 pontilicum
964 4642 1216 4713 catalogi,
1237 4645 1541 4712 proximum
1568 4645 1714 4700 Petri
1742 4663 2029 4705 successo-

475 4748 588 4788 rem
611 4748 717 4786 non
751 4732 1078 4788 Clementem
1100 4774 1114 4797 ,
1150 4736 1244 4789 sed
1273 4734 1465 4790 Linum
1495 4738 1801 4808 designant.
1835 4740 1909 4795 Ita
1940 4743 2029 4798 ille

475 4826 699 4897 intelligi
732 4836 907 4896 potest
934 4844 963 4880 a
992 4827 1154 4881 Petro
1177 4828 1463 4885 ordinatus
1491 4831 1776 4902 episcopus
1818 4833 1885 4888 ad
1910 4838 2029 4906 epi-

474 4916 746 4987 scopalia,
780 4933 874 4972 seu
913 4918 1213 4988 apostolica
1241 4921 1427 4975 munia
1469 4922 1718 4977 obeunda
1740 4964 1754 4989 ,
1790 4936 1847 4980 ut
1891 4929 2025 4983 nulli

2136 3734 2442 3793 obtinuisse
2465 3747 2817 3798 memoratur.
2856 3744 3008 3813 Eum,
3035 3764 3178 3805 anno
3207 3750 3425 3823 Trajani
3457 3756 3691 3828 impera-

2134 3829 2272 3883 toris
2305 3829 2489 3895 tertio,
2520 3831 2625 3887 hoc
2665 3842 2749 3890 est
2784 3834 2986 3893 Christi
3030 3844 3325 3899 centesimo
3352 3886 3366 3910 ,
3397 3865 3513 3901 cum
3555 3861 3689 3905 totos

2134 3937 2313 3975 novem
2350 3939 2512 3978 annos
2534 3925 2962 3993 prwdicationem
2982 3933 3122 3987 verbi
3147 3934 3308 3990 divini
3333 3953 3686 4009 procurasset,

2133 4028 2164 4066 e
2193 4012 2302 4068 vita
2342 4014 2544 4070 abiisse
2573 4015 2839 4075 Eusebius
2881 4022 2974 4077 lib.
3024 4039 3085 4077 ιιι
3126 4024 3290 4091 Ηίει..
3322 4046 3371 4085 c.
3424 4032 3690 4095 54,5cri-

2136 4103 2234 4161 bit.
2272 4103 2410 4160 Hinc
2434 4106 2589 4162 valde
2620 4110 2878 4167 sublesta:
2907 4124 2989 4169 est
3024 4114 3167 4185 ﬁdei,
3198 4120 3338 4188 quod
3364 4122 3511 4178 solus
3538 4121 3688 4180 Prae—

2132 4194 2437 4252 destinatus
2481 4212 2512 4250 a
2555 4198 2842 4257 Sirmondo
2879 4201 3128 4278 vulgatus
3180 4225 3300 4281 cap.
3335 4212 3432 4277 l2,
3463 4225 3687 4286 narrat,

2130 4287 2414 4355 quemdam
2451 4288 2703 4345 videlicet
2735 4291 2992 4361 Marcum,
3024 4299 3113 4367 qui
3144 4302 3325 4357 carnis
3344 4305 3571 4374 negabat
3597 4323 3688 4363 re—

2132 4382 2551 4447 surrectionem,
2583 4382 2811 4454 ideoque
2845 4388 3119 4444 Christum
3148 4407 3255 4448 non
3287 4410 3411 4452 vere
3439 4412 3683 4466 passum,

2132 4470 2226 4525 sed
2256 4473 2516 4541 putative,
2550 4477 2849 4531 conabatur
2886 4489 3130 4537 astruere
3154 4524 3169 4549 ,
3202 4498 3230 4536 a
3270 4484 3547 4544 Clemente
3577 4489 3687 4544 Ro-

2130 4581 2293 4621 mano
2321 4569 2578 4639 episcopo
2608 4578 2666 4624 ut
2697 4570 3020 4641 dignissimo
3057 4574 3263 4631 Christi
3296 4588 3532 4651 martyre
3562 4583 3686 4639 lixis

2129 4664 2183 4711 et
2204 4658 2430 4729 integris
2452 4663 2848 4720 assertionibus
2874 4664 3231 4735 confutatum,
3261 4677 3315 4723 et
3331 4685 3509 4725 coram
3530 4674 3684 4743 plebe

2130 4747 2185 4801 in
2209 4750 2443 4805 ecclesia
2470 4751 2740 4807 detectum
2761 4795 2775 4818 ,
2823 4764 3025 4810 acterna
3053 4758 3397 4816 damnatione
3434 4764 3680 4832 punitum

2131 4839 2323 4897 fuisse.
2356 4842 2487 4898 Nam
2509 4854 2561 4900 et
2578 4844 2810 4902 lrenaaus
2834 4847 2927 4903 lib.
2952 4864 2988 4914 ι,
3013 4864 3064 4903 c.
3085 4849 3138 4914 9,
3157 4850 3302 4905 circa
3332 4868 3530 4908 annum
3555 4856 3678 4920 180,

2131 4941 2224 4987 aut
2252 4934 2415 4988 etiam
2454 4936 2576 5001 190,
2621 4936 2783 4991 Marci
2822 4950 3121 4995 commenta
3161 4942 3485 5010 confutans,
3514 4947 3580 5003 de
3613 4964 3681 5003 eo

472 5015 586 5061 tum
614 5008 857 5063 ecclesia:
884 5016 1029 5063 esset
1058 5009 1329 5079 alligatus,
1364 5011 1459 5067 sed
1498 5022 1621 5083 post
1648 5024 1875 5071 mortem
1902 5017 2022 5072 Lini
2057 4994 2102 5049 D
2131 5033 2190 5078 ut
2222 5026 2403 5082 adhuc
2446 5032 2739 5099 superstite
2777 5030 3044 5100 loquitur:
3074 5040 3127 5088 et
3160 5033 3426 5093 Eusebius
3456 5039 3550 5094 lib.
3582 5055 3635 5095 iv
3658 5082 3677 5109 ,

470 5104 524 5150 et
547 5095 682 5152 Cleti
713 5113 744 5151 a
774 5096 1034 5153 Romanis
1062 5100 1116 5153 in
1146 5101 1459 5170 episcopum
1490 5105 1771 5174 proprium
1802 5120 2024 5180 coopta-

471 5199 558 5244 tus
588 5189 767 5246 l'uerit.
797 5190 1082 5261 Epiphanii
1101 5208 1163 5248 ea
1188 5193 1255 5249 de
1273 5209 1332 5249 re
1360 5196 1728 5265 conjecturam
1750 5201 2021 5269 superius,

470 5279 562 5334 ubi
590 5280 656 5334 de
679 5279 816 5335 Lino
844 5281 1219 5353 disseruimus,
1237 5285 1422 5340 relatis
1444 5286 1620 5357 ipsius
1647 5289 1828 5346 verbis
1856 5306 2024 5361 expo-

468 5371 701 5427 suimus.

538 5462 593 5517 2.
622 5462 780 5518 Anno
799 5463 1001 5521 Christi
1030 5466 1118 5531 91,
1150 5468 1397 5525 Clemens
1426 5469 1483 5524 in
1510 5470 1654 5525 Cleti
1686 5472 1863 5527 locum
1900 5473 2020 5527 sul-

469 5551 643 5607 fectns
684 5555 945 5610 creditur.
996 5555 1295 5614 Romanam
1344 5561 1528 5619 sedem
1575 5562 1631 5617 in
1680 5562 2020 5619 Bucheriano

466 5643 685 5707 quidem
715 5646 960 5718 catalogo
982 5650 1139 5708 annis
1163 5666 1236 5715 ix,
1277 5654 1558 5711 mensibus
1582 5669 1657 5723 ιι,
1688 5654 1882 5711 diebus
1913 5669 2014 5725 xu,

2128 5132 2179 5172 c.
2234 5119 2331 5182 11,
2375 5128 2661 5190 postquam
2704 5119 3053 5179 Valentinum
3105 5127 3352 5197 aliosque
3388 5128 3679 5188 haereticos

2128 5208 2337 5280 Hygino
2376 5213 2625 5279 pontiﬁce
2656 5212 2881 5268 Romam
2910 5216 3126 5271 venisse
3147 5257 3161 5280 ,
3194 5225 3355 5287 atque
3385 5220 3451 5274 ad
3482 5220 3681 5278 Anice-

2130 5308 2242 5354 tnm
2302 5317 2473 5372 usque
2523 5304 2896 5373 permansisse
2948 5309 3263 5373 enarravit,
3322 5311 3570 5383 adjungit
3626 5325 3681 5369 et

2130 5390 2273 5455 hunc
2305 5392 2543 5449 Marcum
2573 5394 2751 5451 eodem
2799 5405 3023 5468 tempore
3070 5400 3365 5459 exstitisse.
3407 5403 3562 5469 Quod
3595 5406 3679 5458 in-

2126 5481 2271 5536 dicio
2317 5492 2403 5538 est
2447 5485 2594 5541 hunc
2649 5487 2965 5549 haereticutn
3033 5501 3161 5552 ante
3199 5492 3391 5566 Hygini
3430 5503 3674 5569 tempora

2124 5571 2293 5632 fuisse
2323 5575 2582 5648 ignotum.
