4070 6340
317 310 389 371 τι
728 295 733 298 ’
836 382 841 385 _
998 359 1007 373 ,
1540 305 1864 363 nummus

1964 304 2297 361 AlllORUM.
3467 312 3532 370 78

1181 486 1643 549 ADMONITIO
1699 486 1780 548 IN
1835 482 2291 559 EPISTOLAM
2357 482 2697 546 PRIMAM.

383 628 426 687 1.
444 629 642 700 Elapso
672 626 875 684 saeculo
900 625 1133 698 Cyrillus
1152 624 1380 682 Lucaris
1397 625 1632 697 primum
1649 623 1883 679 Alexan-
1907 628 1951 687 Α
1981 622 2181 681 tentias
2220 624 2365 696 apud
2412 623 2745 681 Clementem
2788 625 2944 684 Alex.
2978 630 3074 687 lib.
3120 646 3202 697 tv,
3236 648 3357 704 pag.
3391 634 3495 689 5l6
3516 678 3531 700 ,

308 722 523 786 drinus,
553 736 620 776 ac
659 718 854 775 deinde
897 718 1529 789 Constantinopolitanus
1569 715 1877 789 patriarcha

308 809 505 864 Carolo
541 808 589 872 Ι,
621 808 921 880 Anglorum
944 806 1078 879 regi,
1130 807 1401 879 insignem
1426 809 1571 863 dono
1602 807 1751 862 misit
1778 821 1875 861 co-

304 900 491 957 diem
536 898 991 963 Alexandrinum,
1038 899 1429 969 grandioribus
1465 898 1662 953 litteris
1708 911 1875 951 manu

304 992 531 1048 Thecla
572 992 783 1048 uchi-lis
823 990 1035 1048 feminis
1075 990 1345 1063 Egyptize
1372 1031 1388 1056 ,
1454 992 1602 1047 circa
1670 991 1874 1052 Nicaeni

307 1082 327 1135 l
365 1084 618 1147 concilii,
644 1091 705 1138 ut
733 1082 927 1147 fertur,
957 1094 1201 1153 tempora
1219 1092 1522 1147 exaratum,
1559 1083 1613 1138 in
1637 1099 1746 1153 quo
1774 1083 1878 1141 Ve-

300 1176 443 1232 teris
474 1184 532 1232 et
560 1174 695 1230 Novi
733 1174 1068 1231 Testamenti
1098 1175 1253 1230 libris
1282 1176 1409 1231 dua
1438 1174 1736 1234 Clementis
1762 1177 1877 1248 epi-

300 1265 462 1321 stolae
476 1265 863 1334 subjiciuntur.
883 1263 1084 1319 Harum
1109 1265 1282 1335 prima
1304 1265 1458 1321 valde
1486 1266 1717 1321 celebris
1731 1266 1881 1337 apud

301 1364 523 1411 veteres
560 1355 679 1411 fuit.
709 1354 861 1409 Hanc
890 1355 1087 1425 quippe
1128 1355 1351 1411 laudant
1390 1356 1625 1413 Irenaeus
1658 1357 1750 1414 lib.
1786 1373 1871 1425 ιιι,

302 1462 357 1502 c.
386 1447 456 1513 ὃς
486 1453 542 1502 et
583 1446 724 1516 apud
759 1445 1051 1502 Eusebium
1098 1446 1192 1502 lib.
1216 1463 1339 1512 v,c.
1368 1448 1423 1513 6,
1462 1447 1714 1504 Clemens
1749 1449 1874 1505 Ale-

303 1537 617 1593 xandriuus
646 1535 971 1592 Stromatum
1008 1537 1103 1594 lib.
1140 1553 1178 1606 ι,
1212 1555 1288 1603 Iv,
1331 1557 1363 1593 v
1389 1549 1441 1595 et
1490 1555 1578 1608 vt;
1609 1540 1870 1611 Origenes

305 1628 406 1683 lib.
448 1644 489 1682 ιι
531 1627 611 1682 De
628 1628 921 1697 principiis,
949 1643 1069 1698 cap.
1102 1629 1158 1693 5,
1189 1637 1243 1685 et
1278 1630 1332 1683 in
1362 1628 1523 1685 Joan.
1556 1646 1594 1693 ι,
1634 1630 1739 1697 29;
1772 1630 1873 1686 lle-

304 1720 565 1791 gesippus
598 1721 738 1790 apud
771 1719 1059 1775 Eusebium
1100 1720 1196 1775 lib.
1242 1736 1331 1783 1v,
1371 1736 1421 1776 c.
1462 1721 1534 1775 22
1559 1740 1575 1789 ;
1602 1722 1869 1779 Eusebius

304 1812 423 1881 ipse
444 1812 541 1866 lib.
572 1827 635 1865 ιιι
677 1811 822 1866 Hist.
864 1809 1084 1876 eccl.,c.
1115 1809 1214 1878 16;
1243 1810 1481 1880 scriptor
1501 1813 1867 1882 qumstionum

284 1892 505 1962 'Justini
537 1907 761 1961 nomine
781 1906 1143 1975 vulgatarum,
1165 1919 1216 1961 c.
1247 1905 1342 1971 74;
1370 1904 1705 1976 Epiphanius
1734 1907 1864 1965 hzer.

1977 716 2325 784 paucioribus
2353 716 2692 787 perstrictas,
2717 727 2771 773 et
2796 727 2985 775 contra
3006 737 3131 794 pag.
3159 724 3263 779 517
3288 726 3535 794 pluribus

1974 805 2269 874 explicatas
2288 805 2561 862 oﬂ‘endant
2578 847 2594 872 ,
2627 808 2908 878 epistolam
2936 811 3074 868 hanc
3098 829 3206 869 non
3235 816 3532 875 sinceram.

1976 895 2070 949 sed
2100 895 2221 953 aliis
2251 897 2387 953 locis
2430 906 2735 953 truncatam
2782 908 2837 956 et
2879 902 3002 957 aliis
3044 904 3423 976 interpolatam
3464 908 3536 965 ad

1976 1000 2076 1041 nos
2104 989 2415 1057 pervenisse
2445 992 2812 1060 suspicentur.
2847 990 2950 1047 Sed
2979 993 3273 1053 Clementis
3302 998 3536 1057 Romani

1974 1075 2395 1132 Alexandrinum
2444 1078 2884 1149 interpolatorem
2932 1098 3056 1138 esse
3106 1100 3215 1139 non
3264 1088 3532 1160 ambiget,

1974 1160 2069 1231 qui
2109 1163 2272 1218 verba
2305 1164 2490 1219 addita
2520 1167 2586 1220 ad
2616 1168 2923 1223 institutum
2956 1171 3130 1241 ipsius
3158 1174 3531 1246 Alexandrini,

1974 1271 2082 1325 quo
2105 1256 2171 1313 de
2198 1257 2367 1316 Gnosi
2396 1270 2637 1319 tractare
2668 1266 2771 1320 sibi
2808 1279 3185 1336 proposuerat,
3227 1287 3538 1332 accommo-

1974 1348 2103 1402 data
2126 1360 2249 1407 esse
2279 1355 2621 1423 compererit.
2662 1355 2765 1422 Qui
2806 1367 2985 1414 autem
3019 1360 3314 1421 Clementis
3360 1370 3533 1424 nostri

1974 1441 2273 1497 sententias
2313 1446 2594 1504 nonnullis
2622 1448 2676 1503 in
2708 1450 2842 1506 locis
2885 1452 3213 1523 interpolare
3240 1459 3343 1514 sibi
3375 1461 3537 1519 licere

1972 1530 2322 1599 existimavit,
2356 1535 2411 1590 in
2441 1538 2564 1594 aliis
2593 1540 2785 1595 eadem
2828 1543 3048 1599 licentia
3079 1547 3144 1601 ad
3179 1564 3273 1604 eas
3315 1560 3536 1608 contra-

1974 1621 2179 1678 hendas
2207 1625 2286 1679 uti
2318 1630 2563 1696 potuisse
2604 1647 2711 1686 non
2741 1632 3039 1692 dubitatur.
3077 1637 3342 1697 Prmterea
3373 1644 3532 1704 Joan.

1970 1713 2215 1772 Clericus
2249 1717 2394 1774 Artis
2418 1722 2614 1779 critica:
2656 1734 2796 1794 part.
2824 1742 2906 1793 ιιι,
2940 1738 3077 1787 sect.
3118 1732 3174 1797 2,
3202 1750 3251 1789 c.
3277 1736 3330 1801 5,
3361 1754 3415 1791 ιι.
3446 1740 3533 1800 l2.

1969 1804 2251 1871 observat,
2282 1824 2346 1864 ex
2390 1810 2623 1867 duorum
2670 1815 2915 1872 locorum
2958 1822 3154 1891 capitis
3194 1824 3262 1878 46
3294 1827 3536 1897 epistolae

1972 1904 2173 1952 nostra:
2215 1913 2341 1952 cum
2381 1903 2564 1959 verbis
2604 1904 2900 1963 Clementis
2941 1910 3295 1970 Alexandrini
3327 1934 3534 1989 cogna-

299 1999 395 2063 τι,
427 2016 487 2054 η,
536 1998 591 2060 δ’
620 2007 673 2053 ει
705 1998 836 2053 bar.
894 1996 984 2060 30,
1013 2012 1071 2052 η⁹
1115 1996 1221 2063 15;
1249 1975 1636 2068 Hierohymus,
1669 1995 1788 2049 Lib.
1814 1996 1877 2050 de
1904 1975 1945 2030 Β
1974 1987 2123 2042 tione
2167 1992 2461 2047 nonnullos
2495 1998 2734 2061 moveri,
2769 2007 2828 2053 ut
2871 2001 2985 2057 haec
3022 2003 3131 2060 duo
3174 2007 3290 2062 loca
3318 2026 3383 2065 ex
3398 1975 3536 2069 Kle-

304 2093 407 2147 tir.
457 2091 657 2147 illustr.
714 2105 763 2144 c.
811 2089 914 2155 25,
962 2088 1057 2144 lib.
1115 2104 1227 2153 XIV,
1260 2089 1316 2143 in
1364 2088 1527 2144 Isaia:
1570 2104 1667 2152 LII,
1706 2091 1791 2157 l3,
1820 2099 1875 2146 et

302 2178 611 2235 Comment.
633 2182 686 2236 in
715 2180 910 2251 Ephes.
935 2193 1011 2245 tv,
1035 2194 1052 2232 ι
1083 2197 1099 2245 ;
1135 2177 1365 2235 Pliotius
1394 2178 1515 2234 cod.
1550 2180 1653 2234 113
1674 2187 1728 2235 et
1750 2179 1872 2248 126,

309 2278 378 2325 ut
430 2271 565 2325 alios
612 2278 841 2325 taceam.
895 2269 1120 2324 Etiamsi
1158 2277 1338 2325 autem
1386 2284 1416 2324 a
1451 2271 1724 2341 plerisque
1751 2270 1873 2327 Cle-

311 2363 533 2425 mentis,
572 2377 601 2415 a
624 2362 898 2417 nonnullis
934 2368 1116 2417 tamen
1149 2362 1540 2425 Romanorum,
1566 2364 1694 2433 quia
1723 2363 1875 2419 vide-

310 2453 439 2508 licet
465 2468 650 2508 eorum
690 2454 912 2510 nomine
936 2469 964 2507 a
988 2452 1263 2509 Clemente
1292 2453 1604 2523 conscripta
1627 2462 1732 2519 est,
1758 2455 1874 2525 epi-

304 2545 444 2598 stola
494 2552 861 2615 nuncupatur.
913 2543 1241 2599 Nominatim
1294 2560 1423 2599 vero
1459 2544 1712 2601 Clemens
1754 2545 1874 2602 Alea

303 2636 632 2701 xandrinus,
665 2637 760 2692 lib.
785 2654 819 2690 γ
838 2637 1035 2692 Strom.
1063 2651 1185 2706 pag.
1220 2636 1345 2699 584,
1376 2636 1536 2691 verba
1564 2638 1773 2693 numeri
1800 2636 1871 2694 20

302 2726 383 2781 sic
405 2728 595 2781 laudat
618 2748 632 2779 :
668 2727 825 2780 Ἀλλὰ
848 2728 948 2781 κάν
976 2730 1043 2799 τῇ
1073 2726 1207 2799 πρὸς
1233 2726 1550 2799 Κορινθίους
1588 2729 1870 2801 Ῥωμαίων

301 2816 559 2886 imarum
587 2816 825 2880 ὠκεανὸς
864 2817 1166 2888 ἀπέραντος
1207 2816 1513 2889 ἀνθρώποις
1540 2818 1867 2890 γέγραπται,

246 2892 249 2893 ν
303 2906 396 2958 καὶ
427 2906 479 2957 οἱ
516 2907 631 2976 μετ’
663 2905 822 2958 αὐτὸν
851 2906 1063 2977 κόσμοι.
1097 2906 1410 2972 Quinetiam
1433 2908 1486 2961 in
1515 2910 1740 2978 epistola
1763 2910 1871 2967 Ro-

303 3013 582 3049 manorum
610 2996 677 3049 ad
707 2996 1003 3052 Corinthios
1033 2998 1287 3066 scriptum
1308 3008 1385 3052 est
1416 3013 1433 3051 :
1466 2997 1729 3067 Oceanus,
1755 3011 1863 3059 etc.

372 3086 439 3141 ll.
466 3087 761 3157 Epistolam
807 3089 951 3142 illam
984 3088 1199 3158 publice
1228 3090 1354 3142 olim
1385 3091 1633 3160 plurimis
1671 3094 1727 3147 in
1777 3108 1865 3149 ec-

301 3180 487 3235 clesiis
529 3182 721 3233 lectam
770 3180 938 3234 fuisse
981 3178 1247 3235 Eusebius
1287 3180 1431 3237 Hist.
1480 3184 1608 3238 eccl.
1652 3184 1744 3240 lib.
1776 3199 1861 3250 ιιι,

1974 2078 2240 2135 xandrino
2261 2083 2432 2137 ascita
2461 2086 2770 2156 opinentur.
2803 2090 2979 2161 Ipsius
3001 2096 3351 2155 Alexandrini
3374 2106 3535 2160 verba

1973 2169 2040 2223 ad
2071 2173 2390 2240 praedictum
2418 2186 2581 2247 caput
2609 2179 2677 2233 46
2705 2181 3003 2241 referemus
3030 2194 3083 2240 ct
3109 2192 3495 2259 expendemus.

2045 2261 2131 2318 ιν.
2166 2263 2488 2321 Praeclaram
2527 2269 2667 2325 hanc
2696 2274 2979 2343 epistolam
3014 2279 3222 2346 primus
3263 2281 3534 2344 Patricius

1970 2351 2369 2408 JuniusLatine
2384 2371 2701 2415 conversam
2751 2377 2815 2417 ac
2860 2366 3003 2421 notis
3035 2368 3360 2426 illustratam
3392 2374 3537 2430 Oxo-

1974 2443 2048 2497 nii
2081 2458 2225 2499 anno
2255 2445 2393 2501 1655
2420 2446 2611 2506 edidit.
2649 2450 2905 2508 Eamdem
2948 2471 3071 2511 cum
3112 2459 3312 2529 insigni
3342 2465 3537 2531 praefa-

1972 2533 2121 2589 tione
2140 2549 2283 2589 anno
2311 2537 2448 2592 1654
2500 2537 2850 2598 Helmestadii
2882 2547 3065 2602 recudi
3095 2553 3307 2605 curavit
3326 2552 3539 2612 Joachi-

1970 2638 2094 2680 mus
2129 2624 2367 2684 Joannes
2411 2629 2683 2688 Maderus.
2737 2634 2888 2691 Mitto
2930 2646 2983 2692 et
3027 2656 3188 2710 quam
3241 2643 3535 2704 Bartonius

1970 2731 2115 2771 anno
2155 2718 2323 2784 1647,
2355 2737 2419 2775 ac
2464 2724 2697 2779 subinde
2739 2726 3069 2787 Godel‘ridus
3108 2732 3443 2793 Vendelinus
3481 2752 3536 2798 et

1967 2807 2203 2867 Joannes
2231 2812 2707 2873 Fell.0xoniensis
2736 2822 2964 2877 antistes
2987 2824 3187 2896 aliique
3217 2830 3447 2887 subinde
3479 2833 3533 2886 in

1969 2915 2087 2955 eam
2110 2913 2381 2959 navarunt
2408 2921 2649 2976 operam.
2688 2908 3040 2968 Postmodum
3072 2923 3125 2970 et
3161 2916 3533 2976 JoannessBa-

1968 2993 2133 3062 ptista
2161 2993 2465 3053 Cotelerius
2502 3012 2647 3051 anno
2676 2998 2816 3052 1672
2848 3001 2995 3055 illam
3039 3019 3176 3058 nova
3209 3005 3536 3078 interpreta-

1954 3085 2118 3142 tione
2148 3089 2414 3160 novisque
2454 3092 2599 3147 notis
2644 3092 2958 3148 adornatam
3002 3094 3229 3153 Parisiis
3263 3098 3318 3152 in
3357 3100 3535 3158 lucem

1968 3177 2168 3233 emisit.
2200 3178 2330 3233 Eam
2353 3180 2570 3235 demum
2603 3184 2880 3238 recensuit
2921 3200 2985 3240 ac
3025 3196 3275 3241 notarum
3311 3191 3535 3261 spicileo

301 3287 351 3327 c.
376 3272 443 3326 16
465 3311 482 3335 ,
513 3273 700 3337 tradit,
732 3280 785 3327 et
822 3272 1156 3343 Epiphanius
1192 3273 1321 3330 haer.
1360 3276 1449 3342 30,
1482 3294 1535 3333 ιι.
1562 3279 1649 3344 15,
1702 3286 1864 3350 atque

1967 3266 2113 3336 gium
2142 3270 2359 3341 collegit
2404 3270 2607 3328 Paulus
2635 3274 2974 3331 Colomesius
2994 3316 3008 3341 ,
3042 3277 3201 3347 cujus
3235 3282 3533 3337 novissima

301 3362 666 3435 Hieronymus
714 3366 808 3419 lib.
847 3363 921 3418 De
966 3365 1093 3418 viris
1142 3364 1341 3420 illustr.
1380 3368 1719 3426 confirmant.
1750 3371 1864 3428 Hoc
1898 3358 1934 3365 v
1967 3358 2131 3415 θδίιίο
2178 3359 2410 3416 Ῑιοηάίηί
2441 3378 2585 3417 anno
2612 3364 2751 3419 1694
2793 3366 3013 3435 Ιποάίῖῑ-
3064 3367 3319 3424 (Σοῐειθΐίὶ
3365 3371 3536 3428 inier-

299 3465 447 3511 certe
468 3455 716 3511 Corinthi
747 3472 810 3511 ex
845 3457 1023 3526 prisca
1067 3459 1459 3515 consuetudine
1500 3462 1698 3517 factum
1743 3481 1865 3522 esse

298 3547 596 3620 Dionysius
640 3549 1039 3604 Alexandrinus
1087 3549 1230 3619 apud
1280 3550 1574 3608 Eusebium
1633 3555 1728 3610 lib.
1783 3572 1858 3621 IV,

297 3656 347 3695 c.
377 3641 487 3706 2‘5,
529 3641 990 3711 locupletissimus
1022 3646 1179 3699 testis
1205 3658 1307 3701 est.
1344 3644 1423 3699 Ex
1448 3661 1513 3701 eo
1533 3647 1693 3700 etiam
1720 3648 1859 3713 loco,

296 3749 456 3803 quem
495 3734 551 3787 in
598 3733 815 3787 laudato
849 3734 1035 3789 codice
1069 3735 1437 3792 Alexandrino
1473 3738 1699 3801 obtinet,
1730 3755 1865 3794 con-

291 3823 499 3894 jectare
518 3831 605 3878 est
625 3825 674 3878 ei
705 3841 734 3879 a
753 3826 1029 3881 nonnullis
1053 3828 1137 3882 vel
1154 3820 1337 3897 parem
1362 3830 1534 3885 sacris
1557 3831 1709 3885 libris
1729 3874 1743 3898 ,
1778 3835 1860 3888 vel

294 3916 602 3986 proximam
641 3922 765 3985 post
812 3916 935 3972 illos
977 3918 1237 3973 tributam
1278 3935 1399 3976 esse
1449 3922 1854 3979 auctoritatem.

293 4006 394 4061 Cui
417 4007 749 4075 conjectura:
798 4006 942 4063 l‘avet
969 4009 1193 4066 ultimus
1234 4010 1620 4081 Apostolorum
1659 4028 1857 4079 canon,

293 4097 347 4151 in
375 4113 489 4167 quo
530 4098 673 4152 inter
692 4096 828 4152 Novi
857 4097 1188 4155 Testamenti
1218 4100 1387 4156 libros
1415 4101 1534 4156 duae
1562 4101 1858 4160 Clementis

294 4189 539 4259 epistola:
584 4197 958 4246 recensentur.
994 4190 1060 4245 Et
1088 4192 1341 4248 Clemens
1383 4194 1598 4263 quidem
1630 4193 1862 4250 Alexan-

293 4282 488 4336 drinus
512 4282 611 4337 lib.
644 4299 697 4337 tv
727 4282 952 4348 Strom.,
984 4283 1113 4337 dum
1156 4284 1299 4340 hanc
1323 4291 1381 4338 ut
1407 4284 1700 4340 Clementis
1729 4302 1860 4356 apo-

292 4372 418 4423 stoli
463 4370 670 4435 laudat,
697 4372 840 4427 inter
871 4372 1196 4442 apostolieas
1228 4371 1541 4443 Scripturas
1568 4375 1780 4429 videtur
1806 4377 1856 4432 ei

292 4459 473 4514 locum
495 4460 645 4515 dare.
677 4459 789 4513 lmo
818 4476 925 4515 non
951 4461 1055 4515 alia
1084 4460 1148 4515 de
1168 4475 1333 4516 causa
1364 4462 1629 4519 Eusebius
1657 4465 1750 4519 lib.
1781 4481 1855 4531 v1,

291 4566 340 4605 c.
376 4551 467 4611 15,
499 4550 829 4605 Clementem
872 4550 1299 4604 Alexandrinum
1345 4550 1748 4622 Scripturarum
1787 4553 1856 4607 ab

1964 3454 2342 3523 pretationem,
2376 3462 2434 3507 ut
2457 3455 2645 3510 litterae
2669 3458 3014 3520 tenaciorem,
3047 3460 3230 3515 verbis
3253 3466 3531 3522 nonnullis

1968 3546 2260 3600 identidem
2288 3547 2530 3611 mutatis,
2566 3547 2907 3603 retinendam
2939 3549 3090 3606 duxi.

2038 3637 2103 3693 V.
2136 3637 2212 3693 De
2242 3646 2481 3708 tempore
2495 3655 2601 3710 quo
2622 3641 2821 3710 scripta
2844 3649 2946 3707 est,
2972 3645 3210 3700 nondum
3240 3647 3382 3704 inter
3400 3666 3528 3706 cru-

1962 3731 2108 3788 ditos
2141 3732 2414 3788 convenit.
2454 3730 2530 3785 Ac
2562 3733 2688 3787 licet
2730 3733 2904 3802 prima
2936 3734 3084 3792 illius
3112 3740 3276 3794 verba
3307 3741 3374 3796 de
3404 3759 3529 3814 per-

1961 3822 2243 3879 secutione
2280 3821 2425 3877 dicta
2454 3838 2574 3878 esse
2613 3824 2856 3894 plerique
2907 3842 3096 3883 omnes
3141 3834 3524 3900 consentiant,

1960 3928 2022 3967 ea
2047 3920 2229 3967 tamen
2253 3911 2343 3967 alii
2374 3913 2441 3967 de
2462 3910 2711 3975 Neronis,
2740 3913 2829 3965 alii
2855 3913 2920 3967 de
2947 3913 3238 3971 Domitiani
3269 3934 3529 3988 persecu-

1960 4005 2110 4060 tione
2158 4004 2607 4073 interpretantur.
2649 4003 2715 4058 Et
2750 4004 2893 4059 hanc
2924 4006 3142 4075 quidem
3182 4010 3274 4063 alii
3312 4010 3525 4066 ferven-

1957 4103 2065 4149 tem
2089 4135 2103 4159 ,
2136 4096 2228 4149 alii
2256 4095 2597 4150 desinentem
2644 4096 2977 4167 intelligunt.
3022 4097 3160 4152 Hinc
3194 4100 3340 4156 circa
3387 4111 3524 4156 tem-

1958 4202 2081 4257 pus.
2109 4202 2217 4257 quo
2245 4188 2471 4257 epistola
2517 4187 2619 4241 ista
2662 4188 2863 4257 scripta
2904 4196 3020 4253 est,
3062 4190 3258 4261 triplex
3290 4195 3524 4249 maxime

1958 4276 2141 4332 existit
2186 4275 2371 4343 opinio
2410 4293 2423 4329 :
2459 4274 2631 4344 prima
2661 4273 2887 4331 Joannis
2918 4275 3130 4332 Ernesti
3173 4275 3393 4340 Grahii,
3423 4281 3522 4350 qui

1960 4366 2209 4438 Spicileg.
2234 4366 2386 4422 Patr.
2407 4375 2448 4422 t.
2479 4366 2519 4432 l,
2548 4382 2602 4437 p.
2625 4366 2731 4423 254
2766 4374 2819 4421 et
2846 4367 2973 4430 ⁸255,
3004 4383 3123 4421 eam
3151 4368 3380 4424 Neronis
3408 4387 3523 4441 per-

1958 4459 2238 4512 secutione
2269 4457 2569 4520 desinente,
2602 4457 2849 4528 proxime
2874 4466 2997 4527 post
3026 4461 3395 4529 apostolorum
3420 4460 3523 4516 Pe—

1955 4550 2024 4602 tri
2046 4558 2098 4603 et
2129 4547 2284 4602 Pauli
2310 4549 2653 4619 martyrium,
2684 4549 2789 4603 hoc
2813 4558 2897 4604 est
2927 4565 3070 4605 anno
3100 4549 3301 4605 Christi
3341 4552 3415 4607 68
3435 4554 3519 4608 vel

291 4642 411 4696 aliis
444 4641 874 4711 repudiatarum,
901 4642 1325 4713 nominatimque
1346 4644 1695 4713 epistolarum
1725 4644 1860 4698 Baro
1887 4663 1932 4718 ι)
1959 4638 2124 4693 etiam
2152 4638 2220 4692 65
2246 4645 2478 4693 exeunte
2520 4639 2778 4708 scriptam
2827 4655 2952 4695 esse
2993 4640 3306 4705 contendit;
3349 4642 3517 4697 altera

290 4735 467 4796 nabe,
498 4733 795 4787 Clementis
824 4739 877 4787 et
898 4731 1051 4787 Juda:
1082 4734 1413 4788 testimoniis
1444 4736 1523 4788 uti
1556 4743 1725 4799 notat,
1756 4736 1862 4791 nisi

291 4828 417 4894 quia
454 4839 552 4894 pro
580 4838 737 4877 sacra
769 4822 1051 4894 Scriptura
1078 4824 1219 4879 hanc
1248 4823 1546 4880 Clementis
1574 4827 1860 4896 epistolam

293 4918 542 4972 habebat.
577 4916 654 4969 Eo
680 4927 836 4986 pacto
881 4915 1171 4986 quamdam
1201 4932 1392 4986 pugna:
1435 4919 1669 4987 speciem
1690 4958 1705 4982 ,
1740 4934 1861 4990 quae

292 5008 346 5061 in
371 5006 593 5061 Eusebii
629 5005 867 5060 Historia
894 5006 1154 5067 occurrit,
1178 5005 1307 5060 dum
1329 5006 1623 5061 Clementis
1652 5009 1859 5077 episto-

292 5095 396 5150 lam
426 5097 548 5149 loco
575 5111 695 5148 mox
727 5094 942 5149 laudato
966 5095 1033 5149 ab
1049 5096 1171 5150 aliis
1194 5095 1553 5165 repudiatam,
1575 5102 1629 5151 et
1654 5097 1749 5151 lib.
1772 5113 1855 5163 ιιι,

294 5203 415 5258 cap.
449 5188 513 5241 l6
541 5197 594 5242 et
618 5186 707 5252 38,
754 5188 822 5240 ab
864 5187 1116 5241 omnibus
1147 5201 1258 5240 uno
1283 5201 1551 5242 consensu
1581 5196 1850 5258 receptam

292 5279 503 5340 scribit,
534 5279 785 5349 componi
808 5292 969 5347 posse
1002 5276 1306 5333 Cotelerius
1333 5278 1605 5333 observat.
1647 5279 1851 5345 Quam-

293 5371 371 5425 vis
405 5371 549 5424 enim
580 5370 648 5424 ab
676 5370 930 5423 omnibus
960 5369 1097 5423 inter
1120 5368 1551 5432 ecclesiasticas.
1580 5386 1689 5425 non
1721 5370 1849 5425 item

294 5462 359 5515 ab
378 5462 633 5516 omnibus
655 5462 793 5516 inter
821 5475 1008 5517 sacras
1033 5460 1348 5532 Scripturas
1370 5470 1455 5517 est
1485 5469 1721 5531 recepta,
1754 5460 1847 5516 sed

296 5569 322 5605 a
350 5555 625 5625 plerisque
659 5569 690 5610 c
724 5554 1034 5611 divinorum
1087 5555 1350 5610 librorum
1397 5569 1607 5609 canone
1648 5554 1848 5624 reiecta

296 5645 409 5700 luit.

354 5735 444 5792 111.
479 5734 598 5791 Non
629 5736 861 5801 desunt,
890 5736 981 5805 qui
1013 5751 1133 5792 cum
1177 5730 1476 5793 Clementis
1510 5736 1677 5791 nostri
1727 5751 1849 5789 sen-

1960 4727 2234 4783 Godel‘ridi
2266 4728 2555 4783 Vendelini
2582 4728 2827 4784 eamdem
2855 4743 3001 4782 anno
3042 4729 3245 4784 Christi
3284 4730 3375 4795 95,
3412 4732 3520 4787 l'er-

1954 4827 2116 4875 vente
2153 4818 2446 4873 Domitiani
2488 4819 2867 4889 persecutione
2908 4820 3201 4891 illigantis;
3245 4830 3519 4891 postrema

1952 4907 2207 4964 Cotelerii
2224 4916 2385 4978 atque
2401 4907 2754 4971 Tillemontii,
2778 4909 2869 4978 qui
2890 4909 3036 4964 illam
3064 4911 3342 4968 desinente
3368 4912 3515 4982 ejus-

1950 5000 2070 5055 dem
2101 5001 2445 5072 imperatoris
2476 5002 2876 5071 persecutione,
2911 5003 3054 5056 circa
3081 5018 3281 5058 annmn
3312 5005 3514 5060 Christi

1957 5093 2025 5147 97
2075 5093 2333 5163 scriptam
2363 5092 2715 5148 arbitrantur.
2760 5091 3019 5158 Quartam
3067 5096 3148 5148 vir
3174 5095 3515 5153 clarissimus

1954 5183 2214 5239 Claudius
2242 5182 2557 5253 Fleury,t.l
2596 5181 2739 5237 Hist.
2795 5183 2946 5247 eccl.,
2981 5200 3101 5254 pag.
3135 5184 3260 5248 248,
3293 5187 3514 5257 excogi-

1954 5274 2121 5333 tavit.
2167 5290 2289 5345 qua:
2316 5274 2381 5330 ad
2421 5272 2607 5329 Grabii
2645 5276 2968 5331 sententiam
3014 5277 3237 5346 propius
3266 5280 3509 5336 accedat.

1952 5363 2157 5436 Nempe
2185 5366 2252 5421 ad
2283 5364 2335 5419 id
2362 5372 2596 5435 tempus,
2626 5366 2769 5435 quod
2793 5365 3021 5421 Neronis
3051 5367 3327 5423 interitum
3354 5385 3514 5426 exce-

1953 5457 2066 5528 pit,
2096 5466 2148 5512 et
2180 5456 2692 5528 Jerosolymitanum
2740 5459 3033 5512 antecessit
3077 5460 3378 5525 excidium,
3424 5478 3513 5518 re-

1953 5549 2083 5605 ferri
2109 5565 2269 5621 posse
2292 5551 2582 5620 opinatur;
2609 5558 2663 5604 et
2690 5564 2853 5605 casus
2881 5549 3161 5615 adversos,
3194 5552 3247 5607 in
3267 5553 3512 5625 epistolas

1953 5641 2225 5713 principio
2253 5648 2603 5703 memoratos,
2634 5638 2701 5693 de
2728 5640 2870 5695 bello
2900 5642 3076 5707 civili,
3106 5643 3250 5713 quod
3280 5639 3512 5700 Neronis

1954 5747 2101 5788 mors
2130 5730 2399 5796 excitavit,
2435 5732 2839 5800 interpretatur.
