4070 6340
550 300 613 358 79
1622 300 1710 353 AD
1752 300 1807 355 S.
1850 297 2270 353 CLEMENTEH
2311 302 2330 354 Ι
2370 301 2597 355 PAPAM
3691 312 3756 368 εο

615 416 703 473 Vl.
747 417 1047 474 Obscurum
1078 434 1186 473 non
1213 426 1317 483 est,
1344 418 1672 474 Clementem
1700 419 1772 473 ibi
1803 418 1870 473 de
1898 432 2096 472 mrum-
2127 415 2171 471 Α
2200 430 2325 472 sens
2360 425 2573 487 tempus
2599 419 2886 473 enuntiare
2916 425 3162 476 narranti
3194 424 3339 479 licet.
3373 426 3513 491 Quid
3542 426 3679 480 enim
3703 427 3759 481 in

544 511 666 572 nis,
704 512 901 581 quibus
930 525 1191 581 oppressa
1237 519 1353 566 erat
1401 509 1644 566 Romana
1685 509 1927 565 Ecclesia
1972 524 2095 563 cum

542 602 946 658 Corinthiorum
977 603 1258 672 epistolam
1278 603 1504 677 accepit,
1532 603 1624 659 sed
1652 617 1681 655 a
1703 603 1898 673 quibus
1925 602 2097 672 respi-

542 695 696 748 rabat
741 709 863 745 cum
923 693 1066 746 hanc
1123 692 1442 763 rescripsit,
1497 693 1695 748 habere
1748 706 2095 758 sermonem,

541 783 781 852 adeoque
803 781 1085 837 V’cndelini
1116 784 1182 838 de
1204 782 1581 853 persecutione
1609 781 1850 837 fervente
1878 788 2097 837 senten-

539 875 667 927 tiam
714 874 936 929 minime
977 875 1307 943 probandam
1338 888 1479 929 esse.
1521 871 1704 942 Neque
1733 872 1912 928 minus
1946 880 2095 927 certo

538 981 601 1019 cx
638 964 828 1019 eodem
856 965 1083 1019 exordio
1112 967 1420 1028 conﬁcitur,
1458 979 1727 1020 aerumnas
1758 963 1877 1019 illas
1905 962 1970 1017 de
1989 962 2095 1018 Ne-

539 1056 689 1111 ronis
731 1056 1109 1126 persecutione
1156 1054 1502 1125 interpretari
1554 1069 1664 1109 non
1708 1054 1891 1109 licere.
1947 1051 2092 1106 Nihil

536 1149 680 1204 enim
710 1157 857 1213 erat,
901 1164 1000 1202 cur
1042 1149 1095 1202 in
1146 1138 1445 1203 litterarum
1501 1147 1752 1202 tarditate
1797 1144 2092 1202 Corinthiis

535 1240 847 1297 excusanda
880 1240 983 1294 hoc
1017 1248 1325 1302 taceretur,
1354 1238 1571 1294 Petrum
1607 1238 1890 1301 videlicet,
1933 1237 2091 1306 cujus

533 1340 651 1387 erat
680 1333 924 1402 ipsorum
957 1330 1274 1386 satisfacere
1303 1329 1727 1399 quaestionibus,
1756 1309 1823 1383 iis
1853 1328 2091 1399 acceptis

534 1424 831 1487 detentum,
865 1438 1061 1478 exesum
1085 1430 1138 1476 et
1167 1437 1197 1476 e
1217 1421 1353 1475 vivis
1383 1420 1551 1478 fuisse
1572 1421 1863 1476 sublatum.
1888 1420 2090 1476 Deinde

534 1518 587 1571 in
612 1526 722 1571 toto
743 1514 983 1586 epistola:
1006 1520 1262 1568 contextu
1290 1512 1420 1566 illud
1449 1512 1722 1577 innuitur,
1758 1527 1882 1567 eum
1909 1510 2086 1581 ipsum

533 1610 626 1679 qui
653 1622 797 1662 nunc
826 1606 1102 1671 rescribit,
1137 1605 1291 1675 prius
1315 1604 1724 1659 Corinthiorum
1760 1603 1960 1672 scripta
1996 1616 2088 1657 ac-

532 1706 763 1768 cepisse.
791 1696 1055 1763 Quocirca
1090 1696 1155 1750 ad
1190 1697 1423 1749 litteram
1453 1693 1786 1765 intelligendi
1817 1701 1945 1747 sunt
1972 1700 2084 1747 tum

534 1760 765 1846 irenaaus
917 1807 998 1853 ιιι,
1028 1788 1157 1843 Adv.
1185 1787 1366 1842 haeres.
1400 1802 1449 1841 c.
1476 1788 1528 1849 5,
1553 1796 1604 1840 et
1625 1760 1765 1855 apud
1794 1784 2086 1841 Eusebium
2114 1760 2165 1822 Β

539 1882 678 1936 "ist.
728 1881 892 1944 eccl.,
926 1881 1021 1935 lib.
1051 1897 1113 1943 v,
1145 1894 1267 1948 cap.
1302 1878 1370 1945 6;
1411 1887 1523 1931 tum
1566 1876 1904 1947 Hegesippus
1946 1877 2089 1947 apud

528 1974 777 2028 eumdem
818 1972 1113 2027 Eusebium
1146 1972 1241 2026 lib.
1280 1986 1369 2036 tv,
1407 1986 1457 2024 c.
1492 1969 1591 2033 22,
1627 1984 1750 2023 cum
1789 1968 2089 2024 dissensio-

534 2082 677 2127 nem,
710 2080 869 2134 quam
899 2065 1091 2119 sedare
1120 2078 1266 2117 nunc,
1294 2070 1525 2118 conatur
1546 2061 1817 2125 Clemens,
1848 2076 1956 2115 non
1986 2060 2088 2115 sub

530 2155 711 2217 Petro,
746 2153 839 2209 seri
864 2156 963 2210 sub
983 2154 1261 2209 Clemente
1288 2163 1460 2209 ortam
1497 2168 1618 2208 esse
1641 2160 1932 2208 testantur.
1952 2152 2090 2208 Prte-

531 2258 672 2302 terea
701 2263 821 2301 cum
847 2247 986 2302 idem
1017 2247 1249 2302 lrenaeus
1270 2286 1285 2309 ,
1320 2246 1742 2316 apostolicorum
1783 2255 2085 2316 temporum

527 2349 636 2393 tam
664 2341 891 2403 vicinus,
910 2339 1241 2395 Clementem
1270 2339 1427 2393 tertio
1457 2340 1574 2393 loco
1597 2339 1665 2392 ab
1688 2340 1947 2408 apostolis
1964 2346 2086 2407 post

527 2431 719 2484 Linum
745 2438 800 2485 et
826 2430 1061 2493 Cletum,
1095 2446 1189 2484 seu
1214 2437 1273 2483 ut
1307 2438 1489 2494 vocat,
1518 2430 1868 2494 Anacletum,
1900 2428 2086 2486 Romae

523 2524 899 2593 episcopatum
923 2521 1179 2576 sortitum
1203 2536 1325 2577 esse
1352 2523 1556 2577 scribat
1574 2562 1589 2587 ,
1622 2524 1891 2593 reliquum
1920 2531 2004 2579 est
2026 2532 2084 2579 ut

525 2630 648 2670 eum
670 2614 925 2685 pluribus
950 2621 1072 2685 post
1097 2613 1359 2670 Neronem
1374 2617 1530 2671 annis
1551 2614 1809 2672 Romana:
1832 2616 2085 2675 Ecclesiae

518 2704 1045 2761 administrationem
1060 2706 1366 2776 suscepisse
1388 2708 1693 2765 crediderit.
1727 2708 1882 2765 Hunc
1903 2717 2083 2767 autem

522 2810 587 2850 ea
614 2795 671 2850 in
700 2812 760 2851 re
786 2794 983 2851 falsum
1026 2812 1147 2852 esse
1178 2800 1301 2868 quis
1344 2799 1447 2854 sibi
1488 2800 1849 2870 persuadeat?
1892 2800 2081 2858 Eidem

523 2886 889 2957 suffragantur
924 2896 978 2943 et
1018 2889 1263 2961 plerique
1307 2888 1531 2956 Patres,
1577 2893 1669 2963 qui
1713 2892 2081 2949 Romanorum

522 2980 845 3036 Pontiﬁcum
874 2981 1068 3038 seriem
1095 2988 1313 3047 texunt,
1358 2993 1518 3055 atque
1560 2986 1666 3057 ipsi
1694 2998 1902 3044 veteres
1928 2996 2080 3044 cata-

523 3074 652 3144 logi,
681 3074 735 3128 in
759 3073 957 3144 quibus
983 3071 1143 3130 Petro
1181 3074 1371 3141 Linus,
1404 3077 1540 3132 Lino
1570 3078 1773 3146 Cletus,
1805 3080 1931 3135 huic
1957 3081 2079 3137 Cie-

521 3180 675 3221 mens
723 3165 1059 3223 successisse
1103 3166 1319 3238 legitur.
1365 3167 1488 3239 ipsa
1531 3187 1747 3242 quoque
1787 3172 2079 3229 Clementis

520 3256 683 3311 verba
709 3272 858 3311 num.
886 3256 955 3311 44
984 3257 1077 3327 qui
1107 3258 1444 3328 expenderit,
1476 3262 1565 3316 ubi
1609 3263 1826 3318 laudata
1862 3272 2079 3334 aposto-

519 3345 693 3400 lorum
741 3346 1084 3418 providentia
1129 3349 1314 3404 subdit
1345 3368 1357 3404 :
1383 3350 1487 3416 Qui
1534 3352 1695 3421 igitur
1732 3352 1951 3417 abillis,
1986 3362 2078 3408 aut

518 3437 760 3507 deinceps
805 3437 870 3492 ab
910 3438 1032 3493 aliis
1081 3440 1207 3494 viris
1244 3441 1453 3496 eximiis
1495 3444 1763 3496 constituti
1791 3453 1981 3500 sunt...
2014 3461 2076 3499 ac

518 3529 671 3600 longo
715 3539 942 3600 tempore
990 3531 1306 3601 praclarum
1347 3531 1412 3586 ab
1449 3533 1685 3589 omnibus
1724 3536 2075 3591 testimonium

517 3630 880 3691 repertarum,
909 3620 1003 3676 hos
1036 3638 1301 3677 censemus
1331 3624 1493 3693 ofﬁcio
1510 3625 1700 3693 injuste
1723 3625 1909 3695 dejici;
1934 3626 2071 3694 haec,

517 3713 761 3783 inquam,
791 3716 885 3785 qui
907 3715 1247 3785 expenderit,
1280 3716 1327 3771 is
1367 3732 1690 3786 persuasum
1719 3718 1938 3774 habebit
1958 3718 2075 3790 epi-

517 3807 711 3860 stolam
740 3805 903 3861 istam
932 3814 1061 3863 tunc
1087 3808 1347 3878 temporis
1376 3809 1742 3879 conscriptam
1767 3826 1910 3873 esse,
1946 3826 2072 3865 cum

517 3899 585 3952 ab
629 3898 802 3954 ofﬁcio
848 3914 950 3955 suo
982 3900 1175 3956 remoti
1210 3900 1441 3957 fuissent
1472 3904 1803 3973 presbyteri,
1847 3905 1939 3974 qui
1964 3919 2072 3959 non

516 3989 690 4044 solum
722 3990 791 4044 ab
818 3990 1099 4062 apostolis,
1130 3990 1222 4046 sed
1244 3990 1408 4046 etiam
1439 3992 1501 4044 ab
1529 3992 1649 4046 aliis
1678 3991 1936 4064 deinceps,
1966 3992 2073 4048 hoc

514 4086 597 4134 est
625 4079 693 4133 ab
719 4094 909 4133 eorum
947 4081 1361 4136 successoribus
1390 4082 1649 4149 ordinati,
1684 4098 1882 4137 munus
1913 4099 2070 4138 suum

514 4170 668 4241 longo
692 4180 921 4242 tempore
945 4171 1214 4227 obierant.
1250 4173 1514 4228 Standutn
1545 4174 1708 4245 igitur
1746 4181 1829 4229 est
1853 4184 2072 4229 senten-

512 4262 601 4317 tia:
628 4261 871 4327 Eusebii,
904 4262 958 4317 in
981 4262 1139 4330 cuius
1169 4263 1426 4321 Chronico
1452 4280 1573 4335 cap.
1615 4266 1698 4329 15,
1724 4266 2069 4335 pontiﬁcatus

510 4355 809 4412 Clementis
847 4355 1002 4410 initia
1057 4356 1123 4411 ad
1167 4364 1473 4428 postremos
1508 4357 1795 4414 Domitiani
1835 4361 2069 4429 impera.

2198 507 2300 562 hac
2327 509 2554 579 epistola
2590 510 2696 565 sibi
2739 511 2887 575 vult,
2920 510 3200 583 Sacriﬁcia
3230 532 3341 569 non.
3361 518 3416 570 in
3440 520 3582 571 omni
3626 519 3756 583 loco,

2197 600 2286 653 sed
2313 599 2660 669 Jerosolymis
2693 610 2899 655 tantum
2950 604 3275 672 o/ferantur,
3317 606 3423 662 nisi
3470 607 3639 671 illud,
3684 608 3759 665 Ex

2194 694 2510 764 prtescripto
2540 693 2673 765 legis
2701 694 2969 749 sacriﬁcia
2993 693 3343 768 Jerosolymis
3381 707 3587 754 tantum
3632 700 3761 769 olfe-

2194 788 2423 861 runtur?
2453 784 2609 851 Quod
2651 786 2869 856 quidem
2902 790 3279 858 praescriptum
3310 805 3431 844 cum
3460 792 3760 846 etiamnum

2193 874 2253 929 in
2284 876 2399 946 lege
2426 884 2676 943 maneat,
2714 878 2832 948 ipsa
2861 878 3160 934 Clementis
3197 880 3359 934 verba
3391 882 3553 935 etiam
3594 882 3758 938 nobis

2192 966 2383 1023 eﬁ'erre
2425 984 2535 1023 non
2588 970 2769 1039 inepte
2817 985 2964 1024 nunc
3000 970 3211 1027 liceret.
3256 969 3457 1041 Nempe
3503 971 3756 1031 Clemens

2184 1060 2592 1133 comparatione
2608 1074 2671 1114 ac
2700 1076 2849 1117 more
2878 1059 3209 1124 Judarorum,
3238 1062 3433 1131 quibus
3459 1062 3758 1121 sacriﬁcio-

2190 1165 2309 1203 rum
2340 1150 2484 1222 leges
2515 1166 2545 1205 a
2581 1150 2764 1222 Moyse
2793 1152 3258 1222 prmseribuntur,
3292 1152 3625 1209 Christianis
3652 1171 3753 1211 au-

2189 1249 2309 1297 ctor
2332 1252 2446 1310 est,
2481 1251 2537 1296 ut
2564 1251 2617 1298 et
2650 1243 2753 1313 ipsi
2796 1250 3060 1298 statutum
3105 1244 3172 1298 ab
3214 1245 3478 1314 apostolis
3523 1245 3752 1300 oblatio-

2188 1349 2317 1388 num
2343 1342 2399 1389 et
2422 1333 2723 1390 oﬁiciorum
2766 1335 3012 1391 ordinem
3043 1346 3354 1393 reverenter
3391 1338 3657 1407 accipiant
3688 1354 3751 1393 ac

2185 1433 2424 1480 servent.
2452 1424 2566 1481 Hoc
2591 1432 2793 1490 autem,
2823 1433 2881 1479 ut
2906 1426 3023 1497 ipse
3051 1443 3105 1483 v.
3135 1428 3204 1483 cl.
3236 1427 3427 1484 Claud.
3451 1427 3644 1501 Fleury
3669 1429 3751 1484 fa-

2187 1519 2355 1577 tetur,
2387 1515 2443 1569 in
2469 1514 2810 1586 exponendis
2839 1519 3342 1588 comparationibus
3371 1520 3657 1584 usuvenit,
3691 1528 3749 1573 ut

2187 1621 2273 1661 res
2300 1608 2586 1676 praeteritae
2625 1608 2850 1677 perinde
2891 1624 2955 1664 ac
2984 1610 3031 1665 si
3056 1618 3353 1680 praesentes
3382 1610 3651 1681 adessent,
3681 1614 3752 1669 ob

2188 1699 2377 1753 oculos
2409 1709 2698 1768 ponantur.

2265 1788 2398 1872 Vill.
2432 1790 2661 1845 Frustra
2682 1792 2843 1847 etiam
2873 1791 3199 1847 Clementem
3230 1794 3472 1864 proxime
3503 1803 3625 1864 post
3653 1793 3751 1850 Pe-

2194 1882 2263 1935 tri
2289 1898 2350 1935 ac
2385 1881 2537 1937 Pauli
2571 1886 2890 1955 martyrium
2925 1886 3212 1955 scripsisse
3240 1902 3305 1941 ex
3338 1902 3403 1942 eo
3440 1888 3748 1959 colligitur,

2188 1972 2333 2042 quod
2360 1988 2509 2027 num.
2540 1973 2573 2027 4
2602 1975 2807 2039 Abelis,
2834 1973 3031 2043 Iacob,
3074 1976 3274 2046 Moysis
3298 1991 3361 2031 ac
3388 1975 3627 2043 Davidis,
3656 1980 3751 2048 qui

2188 2080 2284 2134 per
2314 2064 2709 2119 aemulationem
2727 2072 2779 2120 et
2809 2065 3063 2119 invidiam
3090 2067 3255 2120 multa
3278 2067 3425 2138 passi
3446 2078 3591 2133 sunt,
3612 2084 3751 2139 pra.»

2186 2156 2372 2211 missis
2394 2158 2683 2226 exemplis,
2718 2173 2870 2211 num.
2896 2157 2928 2211 5
2972 2157 3130 2211 initio
3163 2158 3419 2227 subiicit,
3451 2158 3539 2213 sed
3571 2161 3747 2215 missis

2186 2245 2436 2299 veteribus
2456 2246 2725 2315 exemplis,
2757 2248 3022 2301 veniamus
3053 2247 3121 2301 ad
3144 2250 3410 2318 proximos
3427 2250 3676 2317 athletas,
3697 2262 3750 2307 et

2188 2339 2358 2391 (etatis
2392 2348 2584 2392 nostrw
2611 2355 2859 2415 generosa
2886 2339 3121 2406 exempla
3143 2355 3432 2405 cantamus,
3458 2356 3523 2397 ac
3552 2341 3749 2399 deinde

2184 2428 2329 2485 Petri
2364 2438 2416 2485 et
2456 2429 2610 2485 Pauli
2644 2432 2962 2502 martyrium
2988 2442 3226 2487 enarrat.
3258 2430 3427 2487 Nemo
3456 2434 3597 2488 enim
3633 2449 3745 2489 non

2183 2520 2330 2575 videt
2360 2536 2522 2591 quam
2553 2528 2699 2577 recte
2740 2520 2993 2577 Clemens
3022 2522 3166 2577 circa
3197 2537 3399 2576 annum
3424 2522 3627 2579 Christi
3650 2524 3742 2588 97,

2183 2610 2329 2666 Petri
2360 2628 2420 2668 ac
2450 2611 2601 2667 Pauli
2628 2614 2965 2681 martyrium,
2997 2629 3119 2668 cum
3145 2614 3476 2684 temporibus
3500 2614 3740 2679 Davidis,

2184 2703 2402 2776 Moysis,
2433 2704 2599 2760 Jacob
2622 2712 2676 2759 et
2704 2705 2887 2760 Abelis
2916 2714 3284 2775 comparatum
3307 2745 3323 2770 ,
3352 2708 3647 2775 proximum
3681 2725 3745 2763 ac

2182 2798 2405 2850 vicinum
2426 2798 2595 2851 wtatis
2628 2806 2820 2851 nostra:
2842 2796 3058 2851 dixerit.
3093 2798 3204 2852 [mo
3235 2812 3409 2868 neque
3436 2800 3745 2868 proximum

2182 2887 2249 2941 ab
2269 2904 2334 2943 eo
2358 2887 2562 2942 dicitur
2593 2886 2785 2942 diebus
2817 2888 3014 2958 quibus
3044 2889 3258 2955 scribit,
3288 2889 3745 2964 sedavtatiqeveq

2180 2994 2341 3049 quam
2358 2980 2477 3049 agit
2498 3018 2514 3041 ,
2547 2994 2644 3033 seu
2676 2980 2731 3033 in
2761 2996 2867 3049 qua
2896 2979 3068 3051 degit.
3103 2978 3328 3036 Domum
3356 2997 3508 3036 num.
3541 2982 3610 3036 47
3645 2983 3742 3039 ubi

2181 3072 2250 3126 ad
2279 3071 2589 3141 evangelica
2616 3078 2862 3141 tempora
2885 3072 3127 3125 animum
3153 3071 3353 3137 refert,
3396 3087 3570 3142 eaque
3612 3087 3740 3127 cum

2180 3163 2272 3218 illo
2316 3162 2527 3218 confert
2570 3177 2679 3233 quo
2707 3162 2933 3228 scribit,
2982 3164 3387 3219 Corinthiorum
3437 3161 3739 3221 Ecclesiam

2177 3254 2456 3324 antiquam
2488 3268 2719 3319 vocare,
2751 3264 2804 3309 et
2846 3253 3082 3325 primum
3113 3271 3303 3311 eorum
3330 3256 3638 3320 dissidium,
3669 3257 3740 3312 de

2176 3363 2285 3419 quo
2313 3346 2515 3403 Paulus
2542 3347 2563 3402 l
2590 3346 2721 3405 Cor.
2748 3362 2787 3414 ι,
2819 3346 3080 3416 loquitur,
3112 3355 3169 3400 ut
3188 3348 3242 3400 in
3271 3348 3528 3416 principio
3555 3346 3737 3401 Evan-

2173 3438 2295 3507 gelii
2321 3447 2499 3493 ortum
2532 3452 2851 3502 memorare,
2876 3438 3160 3507 ipsamque
3181 3439 3412 3507 apostoli
3444 3437 3605 3507 hujus
3626 3438 3742 3507 epi-

2174 3531 2369 3586 stolam
2394 3571 2409 3597 ,
2444 3530 2659 3585 tametsi
2704 3530 3117 3601 quatuordecim
3162 3538 3369 3584 tantum
3404 3531 3561 3586 annis
3586 3530 3738 3584 exci-

2174 3623 2323 3678 dium
2350 3623 2675 3694 Jerosolym.
2704 3623 3070 3693 praeesserit,
3103 3623 3155 3677 in
3183 3624 3436 3692 principio
3465 3623 3735 3693 Evangelii

2172 3716 2424 3785 scriptam
2454 3716 2639 3771 dicere
2676 3730 2788 3770 non
2829 3714 3064 3771 dubitat.
3108 3715 3265 3781 Quod
3316 3730 3449 3771 sane
3497 3716 3728 3772 evidenti

2171 3812 2491 3875 argumento
2518 3812 2603 3861 est
2639 3820 2795 3870 emn,
2826 3820 2949 3860 cum
2980 3804 3055 3860 ita
3086 3805 3377 3869 scriberet,
3415 3805 3627 3875 longius
3664 3807 3732 3860 ab

2170 3897 2358 3952 eodem
2387 3896 2655 3967 principio
2684 3896 3018 3964 recessisse;
3060 3912 3163 3952 nec
3188 3895 3254 3951 ab
3284 3895 3410 3951 hinc
3437 3896 3729 3951 recessisse

2170 3986 2383 4058 longius
2432 3986 2736 4051 videretur,
2788 3986 2857 4050 si,
2904 3993 2966 4041 ut
3001 3985 3118 4041 vult
3164 3983 3431 4051 Grabius,
3476 3987 3728 4057 praedicta

2170 4075 2321 4132 Pauli
2338 4076 2582 4148 Epistola
2613 4077 2727 4132 haec
2769 4076 3064 4133 Clementis
3107 4091 3302 4132 novem
3336 4077 3599 4133 duntaxat
3642 4078 3729 4132 vel

2171 4168 2239 4222 ad
2268 4184 2539 4224 summum
2568 4168 2853 4225 duodecim
2878 4169 3036 4224 annis
3063 4169 3331 4239 posterior
3358 4166 3511 4222 foret.

2236 4259 2328 4315 IX.
2361 4260 2438 4314 Ex
2473 4260 2778 4316 venerando
2823 4260 2915 4315 illo
2960 4275 3129 4316 sacrae
3159 4260 3498 4331 antiquitatis
3530 4273 3725 4314 monu-

2168 4362 2383 4417 mento,
2430 4354 2574 4423 quod
2626 4368 2892 4408 summam
2942 4354 3243 4423 primorum
3287 4352 3723 4408 Christianorum

510 4448 644 4503 toris
678 4462 852 4504 annos
897 4448 1229 4505 referuntur.
1280 4447 1432 4505 Unde
1476 4450 1612 4504 nihil
1644 4451 1842 4505 rationi
1886 4451 2062 4521 magis
2095 4445 2138 4500 D
2167 4445 2567 4514 simplicitatem
2598 4445 2761 4514 sapit,
2793 4444 2901 4498 duo
2931 4443 3179 4514 inprimis
3216 4442 3436 4497 maximi
3464 4443 3719 4498 momenti

508 4546 928 4593 consentaneum
953 4539 1217 4603 occurrit,
1248 4554 1410 4609 quam
1440 4539 1921 4595 utCorinthiorum
1950 4542 2066 4612 epi-

509 4629 701 4682 stolam
753 4628 1007 4685 saaviente
1066 4629 1357 4685 Domitiani
1409 4632 1785 4701 persecutione
1836 4630 2062 4688 Romam

506 4719 853 4788 pervenisse,
910 4728 1073 4791 atque
1114 4720 1224 4776 illis
1271 4720 1459 4776 eadem
1494 4723 1873 4792 persecutione
1917 4723 2063 4777 desi-

505 4818 669 4865 nente
698 4826 728 4863 a
756 4810 1035 4867 Clemente
1059 4811 1205 4867 circa
1237 4827 1437 4866 annum
1483 4812 1689 4869 Christi
1730 4814 1821 4879 97,
1855 4814 2059 4870 rescri-

505 4910 654 4970 ptum
689 4917 812 4957 esse
840 4917 1181 4957 censeamus.

575 4989 683 5045 V'll.
726 4990 909 5061 Neque
937 4990 1023 5044 his
1064 4992 1382 5046 adversatur
1408 4994 1562 5058 illud,
1598 5010 1745 5049 num.
1798 4995 1860 5048 ﬂ
1892 5012 1909 5050 :
1938 4993 2059 5049 Non

501 5081 706 5153 ubique,
736 5082 951 5151 fratres,
993 5082 1285 5150 offeruntur
1330 5086 1590 5151 sacriﬁcia
1627 5086 1797 5155 jugia,
1852 5087 1929 5141 vel
1972 5104 2058 5141 vo-

502 5172 627 5236 tiva,
659 5174 735 5228 vel
754 5190 845 5241 pro
878 5183 1089 5242 peccato
1118 5184 1166 5227 et
1201 5174 1410 5237 delicto,
1440 5176 1529 5229 sed
1558 5176 1904 5247 Jerosolymis
1934 5189 2056 5232 tan-

501 5272 634 5326 tum,
667 5265 791 5318 licet
818 5262 1050 5318 Grabius
1080 5248 1205 5318 hinc
1236 5272 1386 5319 certo
1434 5276 1687 5321 constare
1726 5268 1829 5322 sibi
1872 5267 2053 5329 dicat,

500 5356 758 5423 templum
782 5353 1293 5425 Jerosolymitanum
1316 5364 1427 5409 tum
1459 5355 1695 5420 stetisse,
1723 5366 1884 5426 atque
1906 5357 2055 5413 exci-

498 5445 646 5499 dium
679 5445 843 5508 illius,
875 5444 1018 5515 quod
1049 5447 1101 5500 in
1122 5460 1321 5499 annum
1356 5445 1421 5500 70
1444 5444 1651 5509 incidit,
1679 5447 1907 5502 necdum
1931 5464 2057 5503 con-

496 5537 715 5607 tigisse;
746 5536 947 5605 alioqui
971 5551 1080 5590 non
1111 5537 1400 5605 afferuntur
1424 5536 1478 5590 in
1503 5537 1780 5607 prmsenti,
1804 5538 1900 5594 sed
1925 5540 2051 5594 olim

495 5627 846 5695 oﬂerebantur
875 5627 1043 5682 fuisse
1069 5627 1380 5684 dicendum.
1414 5627 1613 5684 Verum
1658 5644 1766 5684 non
1806 5631 1939 5685 satis
1968 5637 2053 5682 at-

494 5720 666 5773 tendit
696 5720 777 5773 vir
807 5718 1056 5773 eruditus
1079 5719 1347 5775 sermonis
1392 5732 1705 5788 usum,quo
1719 5733 1807 5773 res
1822 5726 2045 5789 praeter-

502 5814 604 5866 itas
659 5810 825 5867 veluti
864 5819 1154 5881 praesentes
1184 5812 1252 5866 ob
1273 5812 1457 5867 oculos
1486 5827 1684 5881 ponere
1712 5819 1764 5869 ct
1788 5826 1883 5882 per
1906 5826 2046 5884 prae-

2165 4537 2491 4591 documenta
2525 4536 2709 4591 ﬁdeles
2744 4536 3072 4607 percipiunt.
3105 4533 3347 4588 Primum
3372 4534 3516 4588 enim
3542 4533 3634 4587 ubi
3666 4534 3720 4586 in

2164 4628 2420 4698 primaria
2444 4627 2708 4692 Ecclesia,
2744 4635 2821 4682 tot
2846 4626 3084 4697 Spiritus
3113 4626 3287 4680 sancti
3316 4624 3474 4680 donis
3497 4634 3718 4689 ornata,

2163 4734 2226 4773 ac
2249 4717 2501 4773 maximis
2531 4718 2899 4787 apostolorum
2931 4716 3224 4771 sudoribus
3251 4714 3464 4769 exculta
3485 4753 3501 4777 ,
3533 4713 3720 4783 spinas

2160 4810 2564 4865 dissensionum
2595 4816 2817 4864 exortas
2839 4806 3044 4872 vident,
3080 4808 3262 4863 minus
3286 4806 3397 4875 jam
3424 4806 3713 4866 mirantur,

2160 4900 2206 4957 si
2240 4901 2378 4955 inter
2400 4897 2736 4954 Christianas
2757 4898 3062 4965 societates,
3085 4914 3203 4967 qua:
3232 4904 3376 4950 recte
3404 4894 3717 4964 compositae

2160 4990 2431 5054 audiunt,
2484 4989 2797 5059 hujusmodi
2844 4986 3101 5043 scandala
3153 4988 3357 5042 oboriri
3406 4986 3714 5055 contigerit.

2161 5081 2450 5153 Nunquam
2503 5082 2758 5135 nimirum
2808 5079 3040 5149 quiescit
3084 5080 3338 5149 antiquus
3380 5078 3717 5132 zizaniorum

2158 5174 2485 5237 seminator,
2528 5180 2583 5227 et
2638 5186 2828 5242 agrum
2865 5170 3078 5226 Domini
3122 5170 3376 5226 infaustis
3416 5169 3716 5225 seminibus

2159 5264 2363 5318 fmdare
2406 5277 2515 5317 non
2559 5270 2759 5317 cessat.
2794 5260 2899 5317 Sed
2930 5262 3179 5332 quamvis
3200 5261 3480 5329 antiquum
3510 5258 3582 5313 sit
3612 5258 3715 5312 hoc

2157 5354 2377 5420 malum,
2408 5369 2518 5408 non
2542 5352 2662 5407 ideo
2688 5359 2866 5406 tamen
2894 5352 3076 5407 minus
3107 5350 3393 5422 lugendum
3420 5366 3434 5415 ;
3464 5348 3557 5403 sed
3591 5348 3715 5401 nul.-

2155 5446 2265 5499 lum
2294 5460 2444 5509 esse,
2492 5444 2580 5497 cui
2628 5441 2926 5497 remedium
2975 5442 3137 5497 citius
3185 5439 3549 5495 adhibendum
3600 5446 3708 5502 sit,

2154 5538 2281 5593 item
2310 5551 2377 5591 ex
2404 5535 2509 5605 ltoc
2537 5533 2760 5604 scripto,
2789 5542 2848 5587 ut
2877 5549 2943 5588 ex
2973 5532 3123 5587 Pauli
3145 5531 3403 5603 Epistola,
3429 5530 3708 5585 docemur.

2151 5627 2353 5697 Nempe
2383 5627 2533 5681 tenui
2560 5624 2955 5681 discordiarum
2982 5624 3193 5677 llamma
3212 5662 3228 5686 ,
3258 5622 3359 5677 nisi
3393 5637 3553 5692 quam
3597 5621 3712 5690 pri-

2154 5734 2301 5773 mum
2332 5717 2741 5786 exstinguatur,
2781 5716 2930 5771 brevi
2968 5716 3159 5786 ingens
3186 5712 3491 5769 incendium
3523 5711 3703 5767 conci-

2152 5811 2257 5865 tari
2280 5810 2521 5881 apprime
2540 5808 2827 5864 callebant.
