4070 6340
332 351 405 409 81
1563 359 1872 419 Ριιοαειιιλ

1958 362 2328 423 VARIOBUM.
2635 318 2644 333 .
3206 433 3210 437 ,
3476 381 3548 434 ες

1142 560 1600 624 ADMONITIO
1644 562 1725 622 IN
1782 559 2242 624 EPISTOLAM
2292 565 2730 629 SECUNDAM.

346 702 349 703 ⁷
405 706 443 760 1.
472 703 547 757 Ex
572 702 761 758 eodem
781 702 967 757 codice
987 703 1374 769 Alexandrino,
1393 720 1457 760 ex
1483 720 1591 775 quo
1615 704 1883 776 superior,
1914 683 1961 740 Α
1987 700 2242 760 familiari
2268 720 2419 763 more
2448 707 2837 781 intelligendus
2859 722 2942 769 est
2962 716 3128 787 loqui.
3159 718 3257 775 Ubi
3280 722 3421 775 enim
3444 723 3543 777 ali-

329 795 527 865 prodiit
555 792 893 863 subsequens
915 792 1163 862 epistola.
1186 792 1263 848 De
1288 793 1388 848 hac
1403 793 1670 849 Eusebius
1693 793 1786 849 lib.
1824 809 1883 848 ιιι

328 886 471 941 Hist.
503 885 631 939 eccl.
663 901 711 939 c.
740 885 841 939 58:
874 884 1066 938 Ίστὲον
1093 886 1136 939 δ’
1168 885 1243 949 ὡς
1271 886 1364 939 καὶ
1390 885 1615 959 δευτέρα
1639 904 1721 950 τις
1749 880 1885 940 εἶναι

321 979 540 1047 λέγεται
572 978 666 1030 τοῦ
694 977 1008 1048 Κλήμεντος
1051 978 1326 1050 ἐπιστολὴ,
1354 979 1415 1032 οὗ
1449 978 1553 1051 μὴν
1582 978 1656 1031 ἔθ’
1686 979 1885 1050 ὁμοίως

318 1072 383 1140 τῇ
399 1069 646 1140 προτέρᾳ
661 1069 752 1121 καὶ
762 1068 961 1141 ταύτην
977 1072 1247 1143 γνώριμον
1265 1071 1620 1142 ἐπιστάμεθα,
1636 1072 1716 1125 ὅτι
1733 1071 1789 1124 δὲ
1809 1070 1883 1143 μὴ

317 1162 443 1223 τοὺς
462 1160 725 1230 ἀρχαίους
740 1160 876 1232 αὐτῇ
904 1163 1269 1234 κεχρημένους
1297 1165 1470 1234 ἴσμεν.
1492 1163 1768 1218 Sciendum
1786 1180 1883 1217 au-

319 1261 418 1303 tem
443 1261 524 1304 est
538 1251 674 1322 quod
685 1262 733 1305 et
745 1253 973 1305 secunda
993 1252 1228 1322 qua'dam
1246 1251 1524 1308 Clementis
1535 1253 1755 1323 epistola
1771 1270 1882 1307 esse

315 1341 529 1394 dicatur
542 1361 561 1395 :
576 1359 691 1395 eam
708 1352 879 1395 autem
898 1360 999 1397 non
1016 1344 1256 1397 similiter
1267 1361 1327 1397 ac
1341 1344 1565 1413 priorem
1582 1354 1757 1397 notam
1770 1361 1880 1398 esse

315 1437 662 1501 comperimus
681 1450 700 1497 ;
717 1436 961 1505 quoniam
976 1452 1064 1488 nec
1081 1445 1267 1489 veteres
1283 1453 1343 1489 ea
1360 1452 1481 1490 usos
1498 1453 1606 1491 esse
1619 1437 1872 1491 novimus.

314 1522 580 1578 Observat
603 1522 906 1581 Cotelerius
932 1526 1044 1580 haec
1079 1525 1297 1581 Eusebii
1328 1527 1495 1581 verba
1534 1526 1877 1597 indiligenter

314 1631 343 1667 a
372 1612 573 1668 Ruﬁno
590 1604 905 1671 sic'reddita
933 1635 945 1670 :
978 1616 1186 1669 Dicitur
1216 1626 1384 1671 tamen
1410 1634 1521 1671 esse
1546 1626 1593 1671 et
1625 1618 1733 1671 alia
1759 1616 1875 1673 Cle-

314 1707 501 1759 mentis
522 1706 769 1774 epistola,
801 1706 952 1775 cujus
993 1723 1087 1760 nos
1126 1708 1368 1761 notitiam
1398 1724 1500 1762 non
1539 1709 1873 1778 accepimus;

312 1810 489 1865 neque
519 1795 694 1865 magis
742 1802 997 1851 accurate
1035 1795 1104 1849 ab
1149 1795 1478 1867 Hieronymo
1506 1796 1624 1854 Lib.
1665 1797 1728 1852 de
1773 1799 1871 1854 vir.

311 1890 511 1943 illustr.
546 1888 614 1959 (si
649 1898 829 1943 tamen
864 1888 939 1942 ibi
969 1888 1035 1942 ad
1059 1887 1279 1943 Eusebii
1305 1889 1467 1944 verba
1502 1891 1749 1962 respicit)
1778 1907 1871 1947 ex-

309 1996 501 2051 pressa
547 1980 719 2035 fuisse
766 1979 820 2033 in
851 1979 993 2033 hunc
1029 1980 1247 2034 modum
1277 1997 1292 2035 :
1340 1979 1535 2035 Fertur
1565 1990 1614 2035 et
1645 1981 1869 2036 secunda

308 2089 424 2126 esse
454 2088 519 2125 ex
542 2072 651 2141 ejus
677 2072 884 2126 nomine
913 2071 1133 2141 epistola
1151 2111 1166 2135 ,
1197 2087 1314 2143 quae
1344 2089 1377 2125 a
1402 2074 1655 2127 veteribus
1694 2090 1869 2143 repro-

311 2163 782 2229 batur;Photium
815 2163 1048 2234 denique
1087 2163 1210 2219 cod.
1244 2164 1347 2219 H5
1386 2163 1697 2237 Hieronymi
1741 2181 1869 2220 sen-

312 2258 545 2313 tentiam
568 2256 737 2326 sequi,
762 2256 855 2311 ubi
883 2257 989 2310 ait:
1011 2255 1140 2323 Qua:
1167 2256 1396 2311 secunda
1427 2256 1495 2310 ad
1515 2256 1716 2313 eosdem
1743 2256 1868 2330 (Co-

308 2348 567 2417 rinthios)
599 2346 812 2412 dicitur,
838 2356 895 2400 ut
930 2346 1091 2400 notha
1129 2347 1404 2416 rejicitur;
1435 2357 1581 2404 certe
1609 2349 1750 2404 hanc
1780 2365 1869 2406 se-

304 2437 542 2491 cundam
573 2435 859 2507 epistolam
890 2436 1112 2491 minime
1140 2438 1207 2491 ab
1245 2436 1481 2494 Eusebio
1507 2439 1613 2494 dici
1643 2440 1863 2495 notham

302 2534 355 2582 et
402 2526 784 2589 adulterinam,
833 2532 926 2581 aut
967 2540 997 2579 a
1038 2525 1312 2582 veteribus
1354 2527 1732 2596 reprobatam,
1770 2528 1863 2582 sed

302 2620 473 2688 prima
500 2618 685 2672 minus
708 2626 888 2672 notam
915 2626 1076 2687 atque
1096 2617 1150 2672 in
1171 2617 1521 2673 citationibus
1547 2619 1863 2676 aveteribus

300 2710 747 2779 praetermissam.
774 2710 857 2765 Ah
879 2708 1095 2765 Eusebii
1120 2720 1299 2765 mente
1323 2710 1568 2765 nonnihil
1592 2712 1755 2766 etiam
1784 2728 1865 2767 re-

298 2805 465 2857 cessit
494 2800 838 2872 Nicephorus
881 2800 1090 2856 Callisti
1118 2801 1215 2855 lib.
1242 2815 1325 2864 ιιι,
1362 2816 1411 2856 c.
1443 2801 1531 2865 18,
1562 2801 1651 2857 ubi
1680 2801 1746 2857 de
1771 2818 1865 2857 ea-

302 2894 422 2947 dem
450 2894 532 2947 sic
559 2891 941 2962 loquiturzKal.
960 2889 1091 2960 ἄλλη
1105 2889 1161 2943 δὲ
1181 2890 1342 2943 αὐτοῦ
1361 2891 1581 2962 φέρεται
1610 2891 1863 2964 ἐπιστολὴ

298 2986 394 3054 τῆς
423 2985 700 3055 προτέρας
728 2982 868 3036 κατὰ
891 2982 1022 3037 πολὺ
1046 2982 1365 3035 ἀποδέουσα·
1398 2984 1523 3055 περὶ
1552 2978 1618 3055 ἧς
1646 2985 1674 3036 ὁ
1702 2985 1862 3048 αὑτός

297 3092 457 3145 φησιν
473 3074 752 3137 Εὐσέϐιος,
776 3073 849 3145 μὴ
884 3076 941 3126 ἐν
970 3074 1161 3144 ὲπιστή
1172 3073 1455 3147 μῃταύτης
1468 3078 1590 3138 τοὺς
1606 3076 1862 3147 ἀρχαίους

296 3160 452 3217 εἶναι.
479 3163 675 3218 Fertur
695 3174 743 3219 et
761 3166 867 3217 alia
886 3165 996 3234 ejus
1020 3165 1240 3234 epistola
1256 3166 1420 3219 multo
1437 3166 1856 3236 inferiorprima,

294 3260 354 3313 de
386 3275 495 3329 qua
536 3259 663 3311 dicit
702 3258 837 3311 idem
889 3258 1181 3323 Eusebius,
1213 3268 1404 3314 veteres
1456 3260 1570 3329 ejus
1612 3263 1858 3315 notitiam

1988 807 2094 863 qua
2123 794 2191 850 de
2222 810 2280 850 re
2298 798 2423 867 quis
2445 798 2738 856 identidem
2773 802 2986 861 locutus
3010 815 3126 872 est,
3157 808 3204 864 is
3234 825 3447 866 onmem
3475 812 3546 869 do

1986 898 2049 940 ea
2080 886 2383 942 orationem
2412 893 2759 949 contexuisse
2790 897 2922 952 satis
2950 897 3288 955 familiariter
3315 901 3537 959 dicitur.

1983 974 2234 1033 Clemens
2275 994 2401 1035 vero
2429 996 2551 1036 cum
2585 986 2744 1054 epist.
2781 987 2832 1051 l,
2867 1004 2923 1043 n.
2952 988 3054 1053 21,
3086 989 3177 1055 29,
3208 992 3295 1057 30,
3330 992 3419 1056 58.
3445 993 3539 1059 45,

1982 1067 2073 1159 ιε,
2099 1070 2188 1137 58,
2219 1080 2331 1127 tum
2357 1076 2518 1145 epist.
2553 1068 2619 1143 2,
2647 1096 2701 1135 n.
2735 1080 2788 1146 8,
2818 1081 2851 1136 9
2882 1097 2943 1137 ac
2968 1084 3055 1148 l2,
3094 1092 3152 1139 ut
3185 1095 3389 1142 taceam
3419 1105 3542 1159 quae

1982 1157 2121 1216 forte
2144 1162 2198 1216 in
2226 1162 2369 1221 foliis
2396 1169 2596 1225 avulsis
2620 1185 2681 1224 ea
2715 1172 2781 1227 de
2808 1188 2867 1227 re
2902 1174 3338 1245 disserebantur,
3387 1157 3539 1249 puri-

1983 1258 2140 1306 tatem
2169 1296 2183 1317 ,
2232 1260 2609 1314 continentiam
2643 1302 2657 1327 ,
2714 1265 3114 1335 castitatemque
3170 1271 3534 1329 commendat.

1982 1343 2119 1400 Hinc
2157 1354 2211 1401 et
2241 1349 2375 1405 illud
2422 1366 2765 1425 consequens
2803 1366 2900 1422 ut,
2933 1360 2978 1413 si
3011 1358 3345 1430 Epiphanius
3374 1370 3553 1433 atque

1979 1434 2343 1509 Hieronymus
2390 1457 2497 1496 non
2541 1445 2594 1498 in
2632 1447 2895 1516 epistola,
2930 1451 3024 1505 sed
3056 1451 3111 1505 in
3137 1454 3383 1523 epistolis
3412 1454 3537 1511 Cle-

1976 1526 2174 1583 mentis
2226 1530 2513 1599 puritatem
2562 1536 2876 1606 virginitatis
2913 1540 3095 1595 doceri
3140 1543 3532 1613 praedicantes,

1975 1618 2260 1689 utramque
2286 1622 2528 1681 indicare
2546 1629 2833 1696 voluerint,
2859 1649 3041 1703 parem
3065 1636 3226 1691 simul
3247 1640 3553 1710 ambabus,~

1974 1713 2044 1804 ut.
2059 1706 2304 1804 ejusdem
2347 1717 2611 1783 parentis,
2644 1720 2937 1778 tribuerint
2970 1729 3366 1787 auctoritatem.
3414 1706 3534 1804 Ipse

1973 1794 2134 1892 etiam
2162 1796 2314 1855 locus
2342 1841 2355 1864 ,
2402 1818 2560 1872 quem
2599 1807 2653 1861 in
2683 1812 2871 1868 codice
2896 1815 3264 1875 Alexandrino
3290 1794 3530 1892 obtinet,

1973 1885 2026 1939 in
2058 1903 2166 1957 quo
2196 1906 2318 1945 cum
2355 1898 2527 1951 sacris
2558 1900 2841 1972 utriusque
2874 1904 3096 1963 foederis
3129 1910 3283 1967 libris
3322 1915 3531 1970 nullum

1972 1979 2118 2034 aliud
2161 1997 2305 2070 opus.
2337 1999 2529 2057 praeter
2579 1992 2720 2048 hanc
2761 2004 2814 2051 et
2858 2001 3189 2069 superiorem
3240 2004 3531 2063 Clementis

1969 2071 2251 2140 epistolam
2275 2080 2604 2148 continetur,
2640 2093 2924 2158 utramque
2952 2095 3231 2150 nonnullis
3262 2096 3314 2150 in
3342 2098 3531 2156 Eccle-

1970 2163 2067 2219 siis
2090 2166 2230 2221 inter
2251 2184 2434 2226 sacras
2466 2171 2777 2246 Scripturas
2808 2180 3098 2239 admissam
3134 2185 3301 2243 fuisse
3328 2190 3544 2247 indicio.

1967 2262 2093 2311 est:
2134 2257 2294 2329 idque
2323 2264 2609 2320 conﬁrmat
2641 2268 2708 2323 84
2754 2286 2850 2327 seu
2890 2275 3114 2331 ultimus
3158 2281 3543 2348 apostolorum.
3622 2322 3629 2330 -

1966 2359 2161 2413 canon,
2185 2353 2275 2420 qui
2294 2355 2508 2423 quidem
2535 2357 2586 2411 in
2616 2362 2860 2433 catalogo
2891 2365 3149 2421 librorum
3173 2367 3307 2425 Novi
3333 2370 3528 2429 Testa—

1967 2440 2131 2493 menti
2161 2441 2299 2499 duas
2328 2445 2621 2504 Clementis
2648 2452 2909 2522 epistolas
2931 2460 3102 2527 ponit.

2036 2528 2124 2586 Ill.
2166 2532 2223 2587 In
2252 2537 2504 2594 omnibus
2532 2544 2749 2612 quidem
2775 2548 3126 2615 cditionibus,
3161 2569 3266 2608 una
3305 2554 3541 2611 Palricii-

1962 2619 2614 2720 Juniiexceptaﬁautépa
2641 2640 2777 2710 πρὸς
2800 2643 3119 2715 Κορινθίους
3148 2647 3403 2720 ἐπιστολή
3437 2649 3489 2702 in
3508 2680 3522 2690 -

1964 2718 2256 2777 scribitur:
2282 2725 2377 2778 sed
2398 2726 2510 2782 hac
2543 2730 2826 2802 inscriptio
2856 2737 2923 2790 ad
2943 2736 3257 2796 Corinthios
3281 2718 3410 2796 num
3433 2759 3525 2812 ge-

1962 2809 2127 2864 nuina
2160 2820 2253 2865 aut
2286 2815 2637 2877 Alexandrini
2670 2826 2877 2881 codicis
2908 2830 3231 2887 auctoritate
3257 2832 3389 2891 fulta
3424 2809 3547 2899 sit,

1961 2907 2209 2961 nonnulli
2257 2908 2542 2981 dubitant;
2605 2920 2836 2975 maxime
2885 2936 3008 2977 cum
3052 2924 3105 2979 in
3149 2926 3381 2983 Juniana
3408 2932 3524 2985 edi-

1961 2994 2126 3061 tione,
2158 2999 2211 3052 in
2228 3016 2332 3069 qua
2356 3004 2585 3072 primum
2608 3006 2787 3065 Grace
2809 3016 3029 3082 prodiit,
3060 3016 3203 3073 hunc
3226 3037 3390 3076 unum
3412 3040 3529 3094 pra:

1967 3102 2025 3141 se
2059 3086 2197 3143 ferat
2224 3092 2442 3149 titulum
2467 3136 2482 3160 ,
2518 3096 2894 3170 Fragmentum
2923 3109 3157 3176 epistola:
3182 3086 3429 3169 secunda;
3456 3134 3522 3171 ea:

1959 3176 2135 3277 eodem
2174 3199 2296 3250 ms.,
2330 3202 2429 3241 nec
2454 3187 2752 3258 Eusebius,
2786 3193 3033 3265 Rufinus,
3062 3200 3421 3277 Hieronymus
3454 3226 3519 3264 ac
3546 3182 3551 3187 ί

1959 3266 2296 3341 Nicephorus
2343 3277 2552 3335 Callisti
2592 3283 2659 3339 de
2698 3287 2865 3341 altera
2916 3290 3197 3361 loquentes
3225 3266 3519 3355 Clementis

293 3368 393 3403 non
418 3349 631 3404 habere.
648 3351 738 3405 Ait
754 3351 953 3419 quippe
969 3349 1236 3406 Eusebius
1253 3366 1371 3406 eam
1387 3354 1660 3409 veteribus
1684 3355 1862 3409 minus
1890 3362 1933 3421 C
1965 3362 2190 3430 epistola
2212 3407 2226 3429 ,
2261 3369 2327 3422 ad
2353 3386 2489 3439 quos
2518 3375 2721 3444 scripta
2770 3379 2839 3433 sit
2885 3349 3146 3439 indicem,

292 3452 478 3496 notam
504 3444 697 3510 prima,
724 3441 817 3496 sed
846 3458 953 3495 non
973 3443 1052 3497 eis
1073 3457 1298 3512 prorsus
1327 3444 1573 3515 ignotam
1607 3447 1819 3501 scribit.

358 3533 426 3587 Il.
464 3532 565 3587 Hic
600 3533 894 3587 notandum
918 3574 932 3597 ,
963 3550 1026 3588 ex
1058 3536 1310 3590 omnibus
1345 3538 1707 3607 scriptoribus
1730 3554 1856 3593 mox

290 3627 495 3685 citatis,
527 3627 735 3678 nullum
767 3641 912 3690 esse,
945 3627 1035 3696 qui
1066 3627 1279 3703 duabus
1307 3629 1503 3685 litteris
1533 3630 1714 3699 plures
1734 3629 1854 3684 Cle-

288 3718 453 3770 menti
481 3714 728 3769 Romano
752 3716 1013 3769 attribuat
1040 3729 1131 3771 aut
1154 3718 1440 3775 attributas
1471 3728 1749 3790 agnoscat.
1775 3720 1850 3776 Ex

287 3825 395 3874 quo
420 3810 679 3878 colligere
711 3815 813 3872 est,
841 3806 1195 3877 Epiphanium
1222 3826 1343 3865 cum
1370 3810 1562 3867 haeres.
1595 3812 1684 3878 27,
1708 3830 1764 3870 n.
1793 3813 1849 3880 6,

285 3902 625 3956 Clementem
661 3903 713 3954 in
752 3917 859 3954 una
907 3902 1254 3971 epistolarum
1287 3918 1507 3957 suarum
1551 3908 1713 3972 citat,
1759 3915 1852 3961 aut

286 4010 411 4048 cum
439 3994 570 4048 hzer.
602 3994 689 4054 ΞΟ.
718 4010 772 4048 n.
804 3994 889 4055 l5,
919 3993 1100 4047 laudat
1120 3990 1382 4062 Epistolas
1412 3996 1693 4051 circulares
1720 4013 1850 4067 quas

289 4084 451 4149 (idem
485 4082 752 4153 pontifex)
778 4083 1020 4149 scripsit,
1050 4098 1262 4152 quaeque
1296 4083 1348 4136 in
1388 4086 1584 4137 sanctis
1604 4082 1847 4139 Ecclesiis

288 4173 554 4241 leguntur,
592 4180 643 4225 et
674 4172 727 4225 in
754 4173 951 4242 quibus
978 4174 1338 4242 virginitate»:
1368 4174 1545 4239 docet,
1577 4190 1685 4229 non
1714 4177 1848 4231 alias

286 4267 370 4315 vel
419 4280 446 4315 ει
494 4264 775 4331 ρτωιιιὶδδει
814 4264 894 4317 vel
934 4280 963 4318 a
1002 4273 1261 4335 sequente
1299 4281 1617 4323 memorare.
1652 4267 1715 4321 Et
1744 4269 1847 4323 hoc

284 4356 504 4422 quidem
546 4369 613 4408 eo
640 4362 723 4409 est
750 4355 1105 4425 probabilius,
1140 4358 1286 4426 quod
1328 4373 1452 4412 cum
1486 4358 1845 4431 Hieronymus

283 4445 399 4499 Lib.
436 4445 501 4499 de
540 4448 722 4513 script.
756 4446 883 4500 eccl.
915 4454 1127 4501 tantum
1163 4449 1299 4504 duas
1327 4449 1617 4507 Clementis
1643 4452 1845 4521 episto-

282 4538 361 4591 las
388 4548 692 4601 recenseat,
723 4553 817 4593 eas
866 4539 1034 4608 ipsas,
1062 4555 1199 4610 quas
1241 4540 1573 4611 Epiphanius
1602 4544 1845 4613 proxime

284 4629 546 4688 laudavit.
585 4630 679 4684 lib.
714 4648 728 4685 ι
761 4630 1022 4685 Adversus
1073 4630 1416 4694 Iovinianum
1462 4637 1841 4691 commendare

282 4741 387 4777 non
431 4726 717 4777 dubitatur
756 4725 843 4778 his
885 4726 1106 4780 verbis:
1155 4725 1236 4776 Ad
1280 4727 1372 4780 hos
1414 4728 1736 4795 (eunuchosl
1790 4742 1838 4786 et

282 4816 519 4871 Clemens
551 4834 820 4872 successor
852 4819 1074 4887 apostoli
1106 4820 1274 4885 Petri,
1298 4822 1448 4890 cujus
1480 4822 1682 4877 Paulus
1713 4842 1841 4893 apo-

282 4911 451 4963 stolus
477 4911 736 4971 meminit,
770 4911 954 4963 scribit
990 4913 1268 4981 epistolas,
1310 4930 1610 4984 omnemque
1641 4934 1840 4973 sermo-

284 5020 392 5055 nem
423 5019 578 5057 suum
608 5002 673 5055 de
702 5000 1017 5072 virginitatis
1035 5001 1269 5072 puritate
1301 5008 1583 5061 contexuit.
1622 5007 1685 5061 Et
1711 5025 1840 5064 vero

282 5094 406 5163 quis
455 5092 641 5145 credat
686 5091 1073 5163 Hieronymum
1122 5108 1265 5147 anno
1314 5094 1419 5149 592
1464 5097 1516 5149 in
1566 5096 1728 5151 Libro
1774 5099 1839 5154 de

280 5185 467 5251 script.
514 5185 641 5241 eccl.
682 5185 736 5238 in
769 5200 877 5256 quo
923 5186 1047 5239 data
1074 5202 1235 5257 opera
1266 5189 1502 5244 virorum
1542 5193 1836 5265 insignium

281 5275 486 5344 Scripta
517 5283 795 5341 recenset,
826 5285 1033 5331 tantum
1066 5278 1295 5333 duarum
1326 5282 1674 5350 epistularum
1716 5286 1837 5341 Cle-

282 5366 480 5421 mentis
502 5368 831 5421 mentionem
864 5366 1032 5423 fuisse
1063 5368 1357 5436 facturum,
1394 5374 1437 5427 si
1462 5375 1529 5427 ab
1560 5390 1704 5431 anno
1733 5379 1835 5433 584

284 5463 472 5508 contra
504 5454 804 5513 Helvidium
835 5459 1080 5513 scribens
1106 5461 1239 5515 alias
1271 5463 1338 5516 ab
1378 5464 1462 5519 his
1486 5467 1697 5523 duabus
1722 5470 1831 5539 jam

286 5556 487 5602 nosset.
517 5546 671 5612 Quod
699 5552 743 5603 si
775 5552 953 5605 nullas
987 5552 1122 5607 alias
1155 5556 1335 5618 novit,
1386 5558 1474 5611 ubi
1501 5558 1830 5616 Clementem

280 5640 411 5693 dicit
440 5657 654 5695 omnem
687 5658 985 5699 sermonem
1021 5662 1179 5701 suum
1224 5647 1290 5703 de
1328 5651 1647 5720 virginitatis
1685 5658 1831 5722 puri-

283 5741 386 5785 tate
417 5733 783 5798 contexuisse,
847 5737 1199 5807 hyperbolico
1243 5743 1489 5811 quidem,
1527 5746 1618 5801 sed
1652 5755 1828 5805 tamen

1958 3457 2267 3524 scrupulus,
2302 3475 2365 3515 ex
2402 3461 2734 3535 indiligentia
2761 3470 2879 3540 ejus
2928 3471 3183 3541 injectus,
3210 3478 3302 3547 qui
3328 3481 3517 3548 prima:

1954 3542 2247 3604 Clementis
2300 3552 2543 3621 epistola:
2588 3572 2618 3610 a
2668 3557 2828 3615 Junio
2878 3562 3035 3618 edita:
3090 3542 3514 3625 alteram-hanc

1953 3638 2159 3693 omisso
2187 3640 2308 3709 ejus
2340 3643 2497 3698 titulo
2527 3647 2839 3714 subnexuit,
2886 3651 3042 3708 facile
3069 3656 3345 3713 eximitur.
3378 3659 3513 3713 Nam

1953 3743 2075 3782 cum
2099 3729 2497 3790 Alexandrinus
2526 3738 2692 3792 codex
2724 3742 2964 3796 omnium
2994 3746 3323 3816 scriptorum
3346 3790 3362 3814 ,
3392 3769 3512 3822 qua:

1952 3818 2007 3873 in
2039 3835 2103 3874 eo
2134 3826 2505 3891 continentur,
2542 3832 2846 3897 generalem
2888 3849 2995 3903 prae
3025 3851 3083 3891 se
3111 3836 3250 3891 ferat
3278 3818 3509 3897 indicem

1951 3910 2139 3965 eadem
2168 3927 2353 3977 manu,
2387 3930 2491 3983 qua
2521 3925 2666 3972 totus
2708 3920 2878 3974 codex
2910 3924 3148 3997 scriptus
3172 3935 3275 3991 est,
3319 3945 3512 3986 exara-

1952 4007 2098 4067 tum;
2132 4001 2245 4055 hate
2275 4001 2441 4057 altera
2475 4006 2840 4075 epistola‘non
2878 4011 3051 4065 solum
3086 4014 3138 4065 in
3167 4014 3268 4068 hoc
3294 4016 3505 4083 indice,

1952 4091 2048 4147 sed
2077 4092 2237 4147 etiam
2264 4094 2317 4147 in
2340 4095 2510 4166 ipsius
2541 4088 2718 4153 ft’o'nte
2748 4101 3003 4173 ἐπιστολὴ
3034 4103 3171 4175 πρὸς
3190 4106 3507 4177 Κορινθίους

1949 4192 2304 4252 praenotatur.
2346 4186 2532 4258 Neque
2571 4190 2745 4245 codici
2779 4193 2906 4247 huic
2947 4193 3290 4266 refragantur
3335 4197 3507 4255 Euse-

1944 4272 2098 4337 bius,
2149 4272 2378 4331 Ruﬁnus
2400 4316 2414 4341 ,
2448 4277 2808 4351 Hieronymus
2854 4289 2947 4335 aut
2977 4282 3333 4354 Nicephorus.
3369 4285 3527 4340 Dum'

1945 4366 2111 4429 enim,
2134 4375 2431 4421 memorata
2472 4369 2766 4427 Clementis
2813 4372 2879 4426 ad
2918 4373 3227 4429 Corinthios
3275 4377 3502 4446 epistola

1946 4456 2142 4526 prima,
2175 4458 2419 4527 proxime
2455 4461 2751 4531 subjiciunt
2787 4482 2799 4515 :
2837 4461 3032 4517 Fertur
3077 4475 3127 4519 et
3167 4467 3370 4526 altera.
3402 4481 3503 4521 nec

1946 4546 2012 4599 ad
2039 4547 2176 4603 alios
2207 4550 2347 4627 hanc
2385 4552 2611 4607 alteram
2653 4555 2907 4623 scriptam
2933 4570 3054 4611 esse
3093 4556 3414 4627 designant,
3448 4567 3502 4614 c'.

1946 4639 2085 4694 hanc
2112 4640 2178 4694 ad
2202 4643 2418 4698 eosdem
2451 4645 2705 4715 scriptam
2733 4654 3025 4701 censentur
3056 4649 3371 4719 intelligere.
3394 4654 3502 4705 Aut

1942 4739 2107 4795 certe,
2134 4733 2178 4786 si
2209 4734 2274 4787 ad
2305 4735 2442 4790 alios
2472 4737 2725 4806 scriptam
2759 4748 3002 4801 nossent,
3029 4742 3140 4796 hate
3166 4741 3378 4797 illorum
3410 4760 3494 4799 re-

1941 4824 2163 4878 ticentia
2192 4826 2385 4881 merito
2418 4828 2755 4898 negligentiae
2775 4831 3105 4898 culparetur.
3138 4832 3242 4887 Sed
3273 4841 3326 4889 et
3355 4834 3499 4889 Pho-

1941 4916 2070 4978 tius,
2103 4918 2194 4986 qui
2222 4918 2441 4988 aliquod
2484 4920 2671 4974 saltem
2722 4922 2963 4991 epistolae
3008 4923 3171 4993 hujus
3222 4928 3499 4995 exemplar

1941 5022 2105 5077 penes
2130 5024 2189 5064 se
2219 5010 2424 5076 habuit,
2458 5020 2509 5066 et
2542 5011 2941 5078 Damascenus,
2972 5016 3065 5085 qui
3098 5032 3262 5070 unum
3286 5024 3338 5070 et
3360 5019 3494 5071 alte-

1939 5117 2058 5154 rum
2076 5103 2234 5157 nobis
2251 5102 2608 5173 fragmentum
2626 5105 2772 5160 illius
2798 5107 3123 5171 transmisit,
3139 5108 3267 5161 dum
3286 5123 3403 5161 eam
3425 5109 3492 5162 ad

1939 5193 2248 5250 Corinthios
2264 5196 2520 5264 scriptam
2551 5196 2771 5252 disertis
2799 5198 2979 5254 verbis
3007 5200 3250 5262 tradunt,
3276 5200 3329 5253 id
3348 5203 3493 5271 quod

1940 5302 2035 5356 per
2047 5287 3487 5355 seinnutrntEusebii,Rulini,etc.,verba,conlirmant.

2008 5376 2095 5434 IV.
2148 5378 2277 5432 Eam
2308 5380 2659 5434 nihilominus
2694 5382 2939 5434 nonnulli
2973 5381 3361 5451 suppositionis
3390 5399 3483 5437 su-

1938 5481 2173 5542 spectam
2205 5472 2439 5537 habent,
2468 5473 2626 5543 idque
2653 5473 2971 5528 nominatim
2998 5474 3156 5532 Joan.
3186 5474 3316 5530 Ern.
3347 5474 3486 5530 Gra-

1937 5566 2059 5621 bius
2108 5563 2291 5633 Spicil.
2334 5565 2485 5620 Patr.
2521 5574 2559 5620 t.
2598 5568 2638 5633 ι,
2670 5583 2790 5638 pag.
2836 5567 2971 5633 9.65,
3024 5569 3213 5624 confici
3242 5576 3396 5639 putat
3422 5585 3490 5623 er.

1934 5658 2112 5713 verbis
2142 5656 2384 5730 Dionysii
2414 5658 2817 5713 Corinthiorum
2848 5662 3089 5731 episcOpi
3140 5661 3279 5731 apud
3320 5659 3487 5715 Euse-

1932 5751 2079 5806 bium
2106 5749 2199 5805 lih.
2239 5764 2311 5813 tv,
2344 5765 2391 5806 c.
2424 5749 2513 5811 ‘23.
2550 5749 2616 5804 ad
2648 5748 2943 5806 Romanam
2979 5750 3272 5807 Ecclesium
3304 5750 3382 5805 sic
3406 5764 3486 5803 re-
