4070 6340
555 411 628 468 83
1650 403 1736 459 All
1778 402 1834 458 S.
1874 400 2102 459 CLEME

2204 399 2296 455 ΕΜ
2336 399 2356 453 ι
2393 398 2629 455 ΡΑΡΑΜ
3690 393 3757 449 84

553 529 846 585 scribentis
878 547 891 583 ε
932 524 1099 579 Hodie
1140 540 1349 579 sacrum
1381 523 1518 578 diem
1562 521 1888 575 Dominicum
1932 528 2110 573 trans-
2133 516 2184 580 Α
2211 529 2341 568 num
2381 511 2449 568 de
2486 512 2595 568 illis
2616 509 2879 581 judicium
2906 508 3038 566 ferri
3059 515 3259 580 posset.
3292 506 3499 565 Deinde
3522 507 3757 579 primane

553 622 773 692 egimus,
802 619 856 672 in
879 632 978 688 quo
1004 617 1278 687 epistolam
1302 626 1525 671 vestram
1552 615 1790 685 legimus;
1813 628 1969 683 quam
1990 611 2107 681 qui-

552 713 668 767 dem
691 719 933 781 perpetuo
953 709 1186 778 deinceps
1214 709 1454 779 legentes,
1478 706 1687 777 perinde
1708 716 1859 775 atque
1879 705 2107 775 priorem

552 803 701 858 illam
732 801 881 856 nobis
910 818 943 854 a
980 799 1239 855 Clemente
1265 800 1548 870 scriptam,
1582 798 1792 869 Optimis
1831 793 2105 867 prwceptis

552 910 613 946 ac
638 892 960 946 documentis
987 889 1391 945 abundabintus.
1424 888 1707 956 Quomodo
1732 896 1909 942 tamen
1932 900 1997 940 ex
2020 884 2106 939 his

550 983 732 1037 verbis
759 982 812 1036 id
838 981 984 1051 quod
1008 982 1120 1035 vult
1147 979 1486 1040 conﬁciatur,
1512 994 1619 1033 non
1642 984 1725 1032 est
1746 976 2103 1045 exploratum.

553 1073 665 1128 Hoc
694 1090 861 1128 unum
894 1088 958 1127 ex
1000 1074 1067 1127 iis
1095 1070 1383 1125 conficitur
1404 1111 1418 1135 ,
1452 1071 1677 1140 primam
1712 1068 1962 1122 videlicet
1982 1065 2095 1119 Cleo

550 1168 753 1221 mentis
782 1166 1086 1236 epistolam,
1117 1180 1225 1218 non
1245 1165 1369 1218 ilem
1400 1164 1540 1217 hanc
1570 1162 1792 1216 alteram
1813 1199 1827 1223 ,
1857 1156 2105 1214 Corinthi

552 1256 767 1325 publice
797 1254 900 1323 legi
923 1256 1274 1309 consuevisse
1300 1273 1313 1308 :
1341 1262 1395 1306 at
1417 1261 1475 1306 ut
1505 1252 1618 1306 haec
1640 1251 1807 1305 altera
1840 1248 1974 1302 falsa
2008 1246 2100 1309 sit,

550 1346 678 1400 inde
703 1362 810 1401 non
838 1353 922 1400 est
945 1336 1301 1413 consequens.
1337 1344 1418 1396 An
1448 1343 1501 1397 id
1537 1342 1705 1397 moris
1729 1349 1856 1394 tunc
1879 1344 2015 1401 erat,
2048 1345 2108 1390 ut

553 1453 742 1492 omnes
774 1452 879 1491 non
909 1436 1275 1507 apostolorum
1301 1442 1539 1497 tantum,
1573 1432 1667 1487 sed
1704 1438 1757 1486 et
1784 1427 2110 1500 apostolico-

550 1543 672 1581 rum
693 1528 934 1582 virorum
964 1526 1205 1595 epistola:
1234 1525 1288 1579 in
1318 1524 1551 1595 publicis
1575 1521 1938 1576 Ecclesiarum
1974 1531 2099 1571 con-

549 1619 801 1674 ventibus
854 1619 1189 1688 legerentur;
1233 1616 1462 1685 ideoque
1526 1612 1647 1668 falsi
1707 1609 1980 1682 arguenda
2036 1608 2107 1664 sit

553 1713 722 1766 altera
763 1710 1060 1767 Clementis
1112 1692 1372 1777 epistola,
1420 1706 1564 1777 quod
1612 1707 1667 1759 in
1721 1705 1827 1759 illis
1878 1717 2106 1758 conven-

551 1805 699 1858 tibus
747 1801 967 1856 minime
1001 1801 1145 1854 lecta
1189 1798 1395 1855 fuerit?
1437 1797 1596 1852 Certe
1641 1796 1689 1851 si
1745 1794 1948 1848 valeret
2004 1792 2106 1846 hu-

2208 621 2277 660 an
2306 602 2545 660 secunda
2586 602 2881 659 Clementis
2928 601 3157 672 epistola
3203 600 3276 656 ibi
3322 600 3610 663 laudetur,
3658 618 3758 655 non

2207 707 2440 754 constat.
2473 695 2730 753 Usserius
2755 694 2976 767 quidem
3015 694 3234 749 dissert.
3263 692 3331 748 de
3358 693 3577 762 scriptis
3614 691 3765 762 lgna-

2206 787 2267 840 tii
2296 801 2415 856 cap.
2449 786 2537 849 10,
2570 783 3008 855 pseudo-Justini
3036 782 3219 838 verbis
3248 782 3535 837 secundam
3557 782 3766 852 episto«

2207 878 2311 931 lam
2342 878 2628 932 memorari
2652 882 2841 946 putat;
2870 873 2963 929 sed
2992 873 3305 928 Blondellus
3334 872 3425 927 lib.
3458 870 3567 926 iDe
3590 866 3768 936 Sibyl-

2207 968 2293 1031 lis,
2324 981 2377 1021 e.
2403 965 2494 1029 20,
2527 965 2604 1020 sic
2634 965 2821 1020 eadem
2839 962 3040 1017 Gallice
3059 962 3240 1026 vertit,
3266 960 3423 1031 quasi
3456 960 3681 1029 primam
3715 959 3768 1009 in

2205 1057 2286 1113 eis
2320 1058 2538 1111 citatam
2583 1056 2820 1126 legisset.
2859 1054 3042 1108 Tertio
3083 1069 3185 1108 nec
3228 1054 3381 1109 deest
3412 1053 3724 1119 coniectura
3749 1087 3766 1111 .

2206 1149 2385 1202 locum
2408 1148 2578 1212 illum,
2610 1163 2768 1217 quem
2798 1144 3280 1216 pseudo-Justinus
3310 1144 3658 1215 perstringit,
3692 1142 3761 1197 ad

2205 1254 2325 1294 eum
2362 1238 2661 1308 pertinere,
2703 1252 2861 1307 quem
2905 1236 3138 1291 lrenzeus
3174 1236 3267 1290 lib.
3308 1251 3368 1289 ill
3414 1234 3546 1289 Adv.
3606 1233 3757 1297 hicn,

2205 1346 2256 1386 c.
2287 1331 2341 1394 5,
2374 1330 2601 1384 velutex
2628 1328 2800 1397 prima
2828 1327 3054 1397 epistola
3098 1328 3269 1392 citat,
3304 1327 3397 1381 ubi
3427 1327 3759 1381 Clementem

2207 1422 2274 1476 de
2302 1421 2433 1491 igne,
2456 1436 2603 1491 quem
2632 1418 2772 1472 Deus
2803 1417 3017 1472 diabolo
3045 1428 3095 1471 et
3125 1417 3323 1487 angelis
3347 1418 3465 1487 ejus
3487 1434 3760 1489 pra’para-

2207 1514 2300 1575 vit,
2347 1526 2651 1567 sermonem
2697 1509 2955 1563 habuisse
3006 1517 3256 1565 testatur.
3293 1510 3447 1575 Quod
3472 1512 3517 1564 si
3544 1512 3616 1565 ita
3653 1519 3760 1575 est,

2207 1604 2341 1658 nihil
2367 1601 2535 1656 officit
2562 1601 2803 1671 epistolae
2833 1600 3085 1654 secundae
3115 1602 3345 1657 veritati.
3395 1601 3635 1671 Denique
3672 1617 3765 1656 ar-

2206 1703 2517 1766 gumentum
2542 1709 2609 1747 ex
2645 1690 2864 1761 Sibyllae
2897 1692 3170 1745 mentione
3194 1693 3447 1761 petitum,
3490 1693 3646 1749 valde
3676 1694 3765 1748 in-

2209 1788 2421 1842 firmum
2451 1800 2571 1840 esse
2600 1782 2905 1838 Cotelerius
2934 1782 3149 1836 erudite
3171 1784 3424 1838 ostendit.

546 1896 786 1967 jusmodi
837 1901 1212 1966 argumentum
1237 1932 1251 1955 ,
1300 1892 1390 1945 vix
1441 1886 1815 1958 ambigendum
1856 1885 2099 1949 videtur,
2134 1860 2176 1915 Β
2280 1876 2409 1931 Vl"-
2457 1874 2587 1931 Ῑιθῐη
2631 1874 2714 1927 νίν
2754 1873 3093 1929 οιεπίεδῖιηυε
3131 1875 3266 1928 nihil
3297 1876 3510 1931 ObSlal‘e
3537 1886 3764 1942 εεηεθῑο

549 1989 683 2058 quin
708 2002 772 2042 eo
804 1985 1092 2048 Eusebius,
1125 1983 1485 2052 Hieronymus
1522 1995 1585 2033 ac
1612 1978 1840 2033 Photius
1874 1975 1942 2031 ad
1983 1976 2102 2045 epi-

548 2080 743 2135 stolam
773 2078 929 2133 istam
960 2075 1307 2146 rejiciendam
1331 2072 1413 2127 usi
1444 2078 1646 2127 essent.
1679 2068 1892 2123 Certius
1924 2074 2102 2121 autem

547 2186 617 2226 ex
643 2170 744 2224 hac
771 2168 1108 2238 disparitate,
1141 2180 1246 2236 qua
1272 2164 1498 2234 primam
1534 2161 1588 2215 in
1616 2159 1863 2215 ecclesiis
1885 2159 2101 2222 lectam,

547 2263 771 2316 alteram
802 2277 909 2314 non
935 2260 1130 2313 lectam
1176 2258 1435 2312 docemur
1456 2294 1471 2318 ,
1520 2252 1815 2323 percipitur
1838 2250 1976 2303 ratio
2004 2262 2104 2303 cur

546 2354 719 2425 prima
745 2352 924 2406 notior
959 2365 1021 2403 ac
1051 2347 1321 2403 celebrior
1345 2346 1514 2399 altera
1539 2341 1790 2398 evaserit.

618 2441 682 2497 V.
720 2441 882 2495 Addit
909 2438 1141 2493 Grabius
1173 2434 1561 2506 suppositionis
1608 2431 1710 2486 sibi
1740 2428 2102 2498 suspicionem

546 2536 733 2607 augeri
764 2552 827 2590 ex
862 2536 981 2589 loco
1011 2530 1291 2601 cujusdam
1338 2529 1462 2583 libri
1498 2524 1790 2597 apocryphi
1811 2564 1824 2587 ,
1858 2522 1949 2593 qui
1980 2533 2102 2574 cum

546 2629 705 2698 epist.
739 2628 790 2691 1,
832 2642 865 2679 n
910 2626 1002 2687 25,
1036 2625 1109 2680 sit
1140 2622 1409 2683 laudatus,
1452 2619 1506 2673 in
1537 2618 1636 2671 hac
1665 2616 1893 2687 epistola
1922 2630 1979 2667 n.
2015 2614 2101 2679 ll,

544 2720 743 2774 iterum
790 2717 1028 2781 citatur;
1067 2713 1222 2784 quasi
1268 2710 1493 2781 repetita
1537 2707 1779 2777 ejusdem
1823 2704 2104 2759 sententiae

545 2811 734 2865 citatio
758 2808 951 2863 idonea
983 2808 1055 2863 sit
1086 2805 1206 2861 falsi
1237 2801 1548 2873 auspicandi
1580 2813 1765 2854 causa.
1800 2796 1906 2852 Sed
1934 2811 2103 2850 unum

543 2902 903 2972 eumdemque
933 2902 1132 2963 locum,
1165 2898 1256 2952 ubi
1286 2911 1406 2953 sese
1435 2892 1590 2948 offert
1618 2890 1869 2954 occasio,
1903 2890 1973 2944 ab
2004 2903 2098 2944 eo-

542 3000 669 3055 dem
710 2999 977 3068 scriptore
1006 2997 1060 3051 in
1091 2994 1279 3050 eodem
1302 3006 1484 3061 opere,
1516 2997 1719 3061 quanto
1740 2988 1911 3057 magis
1942 2986 1996 3040 in
2018 2984 2103 3040 di-

542 3093 739 3155 versis,
774 3091 967 3145 ilerato
1005 3087 1163 3143 citari
1203 3086 1333 3156 quid
1372 3083 1607 3139 mirum?
1635 3081 1753 3150 Quo
1793 3080 1955 3135 etiam
1987 3078 2102 3134 sin-

543 3181 786 3252 gularior
810 3188 895 3235 est
917 3178 1185 3234 sententia
1215 3177 1409 3231 iterum
1451 3174 1680 3245 prolata,
1715 3188 1781 3229 eo
1816 3172 1992 3242 aptior
2018 3178 2102 3227 est
2129 3187 2171 3246 ο

543 3269 609 3323 ad
634 3266 1068 3339 persuadendum
1088 3305 1103 3330 ,
1145 3264 1402 3335 epistolas
1442 3264 1497 3317 in
1527 3263 1724 3333 quibus
1758 3263 1961 3333 pariter
1987 3260 2105 3314 lau-

541 3358 728 3423 datur,
748 3357 816 3411 ab
843 3372 952 3411 uno
977 3363 1200 3411 auctore
1225 3350 1637 3424 proficisci.Aut
1665 3350 1713 3404 si
1739 3351 1851 3404 hzec
1883 3356 2105 3404 senten-

542 3450 638 3514 tia,
658 3448 784 3519 quia
796 3463 861 3502 ex
890 3447 1029 3501 libro
1049 3445 1230 3513 aliquo
1254 3440 1564 3512 apocrypho
1580 3448 1831 3509 excerpta
1850 3446 1951 3503 est,
1974 3454 2102 3494 sus-

540 3550 750 3612 pectam
778 3536 956 3592 reddit
980 3535 1305 3600 secundam;
1326 3549 1424 3588 cur
1443 3547 1549 3587 non
1577 3531 1833 3587 reddatet
1847 3531 2102 3602 primam?

616 3628 700 3684 Vl.
732 3626 875 3683 Idem
899 3626 1186 3682 dicendum
1208 3632 1262 3681 et
1285 3625 1350 3679 de
1376 3638 1605 3679 censura
1635 3621 1833 3688 Photii,
1861 3621 1954 3694 qui
1975 3622 2099 3693 qui-

541 3721 665 3777 dem
698 3722 789 3775 ubi
832 3719 1121 3789 praemisit,
1152 3716 1341 3771 Lectus
1371 3725 1447 3769 est
1479 3713 1719 3779 libellus,
1751 3714 1807 3767 in
1841 3731 1941 3785 quo
1982 3713 2102 3770 Cle-

541 3812 731 3866 mentis
755 3811 989 3879 epistolw
1018 3810 1137 3864 dua:
1168 3808 1235 3861 ad
1264 3805 1564 3864 Corinthios
1590 3807 2006 3868 continebantur,
2038 3821 2102 3862 ac

540 3901 609 3955 de
635 3902 807 3971 prima
845 3900 977 3971 quid
1017 3900 1245 3956 sentiret
1272 3897 1363 3951 ubi
1389 3897 1659 3967 exposuit,
1686 3897 1905 3966 subjicit
1927 3897 1995 3952 de
2022 3897 2102 3951 alo

540 4000 656 4046 tera
686 4011 699 4047 :
735 3991 980 4047 Secunda
1022 4008 1140 4047 vero
1172 3999 1221 4044 et
1251 3990 1368 4058 ipsa
1410 3987 1824 4043 admonitionem
1868 3987 2100 4043 melioris

537 4085 661 4138 uitw
692 4084 912 4148 inducit,
941 4093 1093 4153 atque
1125 4082 1179 4136 in
1205 4080 1467 4149 principio
1486 4076 1754 4134 Christum
1775 4079 1942 4134 Deum
1970 4095 2105 4148 prte-

536 4177 702 4231 dicat.
746 4177 935 4231 Verum
957 4175 1101 4229 dicta
1129 4173 1370 4247 quaedam
1411 4156 1683 4244 peregrina
1713 4173 1849 4228 velut
1883 4189 1912 4228 e
1943 4189 2101 4228 sacra

506 4262 510 4265 ⁷
538 4269 818 4339 Scriptura
846 4267 1176 4330 subinducit,
1210 4266 1396 4336 quibus
1429 4283 1490 4322 ne
1525 4268 1697 4338 prima
1738 4265 1946 4338 quidem
1992 4267 2101 4335 epi-

537 4363 679 4417 stola
700 4361 911 4415 omnino
939 4368 1109 4415 vacat.
1154 4358 1224 4414 Et
1264 4359 1714 4427 interpretationes
1752 4357 2098 4425 quorumdam

539 4451 770 4504 locorum
821 4449 1100 4503 alieniores
1143 4448 1364 4517 profert.
1394 4447 1472 4502 Ac
1500 4448 1716 4504 demum
1754 4447 1821 4503 de
1868 4456 2099 4521 utraque

2206 1970 2496 2040 quominus
2551 1974 2608 2022 et
2655 1966 2769 2020 htec
2824 1967 3062 2021 secunda
3115 1968 3343 2038 epistola
3391 1985 3488 2039 pro
3525 1970 3768 2041 genuino

2203 2061 2500 2117 Clementis
2548 2061 2659 2115 fetu
2686 2061 2971 2115 habeatur.
2996 2058 3351 2130 lllamprimaa
3381 2060 3676 2115 subnexam
3709 2066 3770 2114 et

2203 2152 2497 2209 Clementis
2540 2153 2760 2208 nomine
2800 2151 3115 2222 insignitam
3158 2151 3376 2206 exhibet
3423 2160 3768 2221 pervetustus

2203 2246 2373 2301 codex
2403 2230 2802 2300 Alexandrinus
2826 2286 2842 2312 ,
2879 2245 2933 2298 in
2961 2259 3069 2314 quo
3098 2243 3246 2298 nulla
3278 2243 3551 2298 Clemente
3582 2254 3767 2313 poste-

2204 2338 2347 2391 riora
2391 2335 2592 2404 scripta
2619 2334 2988 2389 continentur.
3037 2332 3225 2388 Eidem
3258 2332 3621 2403 suffragantur
3652 2350 3766 2390 non

2203 2425 2365 2480 modo
2391 2424 2638 2485 Photius,
2666 2425 2754 2494 qui
2781 2424 3012 2479 similem
3048 2439 3213 2493 penes
3242 2439 3299 2479 se
3327 2423 3550 2487 habuit,
3583 2425 3675 2480 sed
3708 2434 3767 2479 et

2203 2518 2427 2573 ultimus
2475 2518 2842 2589 apostolorum
2873 2531 3081 2582 canon,
3120 2516 3213 2585 qui
3267 2516 3564 2571 secundam
3612 2516 3766 2571 illam

2202 2610 2485 2681 epistolam
2505 2625 2614 2663 non
2637 2625 2795 2664 secus
2824 2623 2886 2662 ac
2906 2609 3133 2678 primam
3154 2606 3398 2678 proxime
3430 2616 3552 2677 post
3575 2622 3767 2663 sacros

2203 2702 2373 2757 libros
2396 2708 2659 2758 recenset.
2694 2699 2989 2768 Utriusque
3020 2698 3182 2753 etiam
3217 2698 3597 2770 cognationem
3628 2713 3765 2770 pro-

2202 2791 2334 2847 bant
2359 2792 2659 2862 peculiares
2686 2789 2904 2862 quidam
2939 2791 3042 2845 loci
3090 2806 3157 2846 ex
3201 2790 3557 2863 apocrypbis,
3588 2796 3650 2845 ut
3679 2790 3766 2845 vi—

2203 2883 2393 2949 detur,
2425 2882 2689 2953 expressi.
2737 2880 2888 2937 Alios
2927 2881 3094 2950 mitto
3139 2882 3433 2953 scriptores
3457 2922 3473 2948 ,
3511 2881 3603 2953 qui
3637 2896 3766 2938 eam

2202 2975 2495 3031 Clementis
2518 2973 2736 3029 nomine
2760 2975 3065 3031 laudarunt.
3090 2974 3322 3029 Tantum
3340 2976 3588 3037 observo,
3613 2975 3764 3045 apud

2203 3069 2531 3125 Dorotheum
2562 3069 2809 3124 abbatem
2830 3111 2846 3135 ,
2880 3070 2971 3140 qui
2997 3071 3136 3124 inter
3167 3071 3287 3125 illos
3316 3071 3507 3125 merito
3537 3078 3765 3140 propter

2203 3159 2571 3217 testimonium
2601 3174 2667 3214 ex
2688 3174 2746 3214 ea
2776 3160 3043 3229 prolatum
3077 3174 3141 3213 ae
3178 3159 3445 3214 Doctrina:
3476 3159 3547 3213 25
3579 3158 3761 3214 inser—

2205 3260 2318 3305 tum
2342 3247 2693 3320 appellandus
2722 3255 2842 3304 erat
2861 3288 2877 3313 ,
2910 3248 2963 3302 in
2998 3246 3244 3302 Biblioth.
3282 3246 3503 3303 Patrum
3529 3248 3764 3304 Climaci

2202 3340 2323 3397 loco
2352 3339 2645 3396 Clementis
2672 3354 2871 3394 nomen
2902 3355 2998 3411 per
3036 3340 3377 3396 oscitantiam
3408 3340 3761 3395 librariorum

2203 3433 2511 3504 irrepsisse.
2554 3432 2635 3489 Ad
2685 3449 2787 3489 nos
2831 3430 2977 3502 quod
3028 3432 3249 3498 attinet,
3295 3432 3576 3502 epistolam
3606 3439 3765 3487 tanto

2204 3536 2506 3598 temporum
2540 3534 2717 3581 tractu
2744 3542 2868 3582 cum
2897 3526 3068 3596 prima
3097 3524 3439 3594 conjunctam
3469 3540 3722 3595 separare
3742 3565 3761 3588 ,

2202 3626 2295 3673 aut
2316 3634 2514 3674 nomen
2537 3618 2680 3689 quod
2706 3633 2773 3673 ex
2801 3619 2950 3672 omni
2972 3615 3250 3670 hominum
3278 3617 3534 3669 memoria
3569 3630 3679 3685 pra:
3701 3632 3764 3671 se

2202 3709 2327 3776 fert,
2354 3712 2402 3766 ei
2434 3709 2751 3780 abjudicare
2778 3709 3030 3781 religioni
3073 3707 3230 3763 nobis
3257 3717 3360 3763 est.
3393 3706 3542 3761 Illam
3574 3708 3718 3778 piam
3741 3747 3760 3773 ,

2201 3804 2388 3858 utilem
2421 3811 2476 3857 et
2503 3801 2781 3858 Clemente
2821 3817 2931 3856 non
2956 3800 3232 3871 indignam
3256 3814 3379 3855 esse
3406 3814 3582 3870 neque
3609 3799 3713 3870 ipsi
3740 3840 3758 3863 ,

2199 3895 2293 3968 qui
2323 3911 2440 3951 eam
2470 3893 2861 3965 suppositionis
2892 3893 3255 3962 suspicantur,
3278 3899 3498 3962 negant.
3530 3890 3760 3948 Deside-

2199 3986 2431 4041 randum
2460 3992 2624 4049 esset,
2655 3993 2714 4038 ut
2743 3982 3006 4053 integrior
3033 3980 3100 4034 ad
3135 3995 3240 4036 nos
3260 3980 3614 4050 pervenisset.

2270 4077 2358 4133 IX.
2392 4076 2503 4133 Nec
2531 4076 2732 4132 morari
2764 4090 2865 4130 nos
2894 4073 3055 4129 debet
3096 4072 3281 4143 opinio
3304 4087 3521 4135 eorum,
3557 4071 3765 4141 quibus

2199 4170 2832 4227 Grabiusincunctanter
2858 4165 3172 4230 subscribit,
3203 4165 3316 4235 qui,
3349 4171 3566 4235 propter
3593 4178 3763 4218 exor-

2198 4263 2370 4326 dium,
2397 4262 2451 4316 in
2489 4275 2599 4331 quo
2629 4257 2886 4314 salutatio
2911 4272 3036 4312 cum
3060 4270 3222 4327 prece
3250 4255 3538 4325 conjuncta
3560 4263 3763 4311 contra

2199 4353 2567 4424 apostolorum
2597 4358 2759 4420 atque
2803 4347 2975 4419 ipsius
3010 4344 3305 4402 Clementis
3332 4358 3535 4400 morem
3562 4344 3717 4399 deest
3736 4383 3761 4406 ι

2200 4446 2251 4501 id
2280 4444 2423 4517 quod
2448 4444 2744 4499 etiamnum
2775 4441 3062 4504 habemus,
3095 4436 3331 4492 homilize
3370 4436 3551 4507 potius
3589 4450 3755 4507 quam

536 4543 813 4597 concludit
843 4560 857 4597 :
890 4541 1138 4613 Alioquin
1169 4542 1304 4610 ipsa,
1335 4557 1451 4611 qua;
1466 4542 1521 4595 in
1550 4540 1631 4595 his
1654 4541 1887 4611 epistolis
1917 4542 2093 4598 insunt
2128 4539 2171 4594 ι)
2200 4538 2440 4609 epistola:
2478 4543 2684 4606 partem
2720 4532 2992 4602 judicant.
3023 4529 3143 4585 Non
3163 4529 3306 4585 enim
3347 4536 3498 4583 tanta
3540 4534 3624 4583 est
3662 4527 3758 4581 illa

535 4650 720 4697 sensa,
745 4631 982 4686 nonnihil
1011 4630 1217 4700 abjecta
1243 4640 1386 4697 sunt,
1412 4646 1502 4684 nec
1533 4632 1878 4686 continentem
1912 4633 2099 4687 seriem

537 4737 598 4772 ac
621 4720 1042 4790 consequentiam
1071 4728 1301 4776 servant.
1324 4718 1459 4773 Nam
1486 4719 1622 4787 nihil
1651 4722 1706 4775 in
1736 4721 1837 4776 hac
1859 4723 2098 4778 secunda

535 4812 899 4881 reprehendit,
932 4810 1077 4882 quod
1094 4826 1202 4865 non
1231 4812 1419 4880 prima:
1443 4826 1565 4866 cum
1584 4826 1647 4868 ea
1669 4827 1954 4868 commune
1975 4829 2098 4870 esse

535 4907 809 4961 fateatur:
843 4919 1015 4974 eoque
1056 4911 1215 4973 pacto
1246 4902 1575 4977 singularem
1618 4912 1770 4958 notat
1811 4905 2098 4976 utriusque

530 4998 990 5061 consensionem,
1042 4994 1187 5050 unde
1234 4994 1303 5049 ad
1354 5002 1642 5066 utramque
1690 4996 2093 5067 suscipiendam

525 5093 650 5160 jure
678 5090 1019 5145 inducamur.

606 5179 715 5235 γη.
753 5178 938 5249 Neque
968 5175 1242 5233 efﬁcacius
1290 5176 1570 5232 veritatem
1614 5178 1854 5248 epistolae
1896 5186 2096 5233 nostra:

534 5271 815 5340 impugnat
831 5269 962 5325 illud
976 5264 1410 5340 pseudo-Justini
1429 5284 1675 5338 respons.
1689 5270 1755 5324 ad
1771 5278 1962 5340 quaest.
1987 5270 2051 5325 74
2076 5291 2089 5327 :

537 5361 594 5417 Si
647 5363 920 5430 pra'sentis
962 5376 1139 5416 rerum
1185 5368 1358 5415 status
1406 5361 1529 5431 ﬁnis
1563 5370 1644 5416 est
1688 5362 1966 5430 impiorum
2005 5378 2095 5431 per

535 5453 705 5521 ignem
726 5452 1010 5520 judicium,
1043 5459 1202 5523 prout
1234 5458 1496 5506 testantur
1516 5450 1885 5522 praphetarum
1903 5460 1952 5506 et
1972 5468 2097 5521 apo-

534 5542 793 5598 stolarum
829 5544 1061 5612 scripta,
1108 5552 1263 5613 atque
1308 5543 1522 5613 insuper
1553 5541 1771 5614 Sibylla,
1811 5544 2090 5608 vaticinia,

536 5633 974 5706 quemadmodum
1002 5636 1078 5689 ait
1106 5634 1174 5693 B.
1215 5633 1452 5691 Clemens
1475 5636 1532 5690 in
1568 5652 1667 5690 sua
1695 5635 1763 5689 ad
1792 5634 2091 5691 Corinthios

534 5729 776 5795 epistola.
809 5726 989 5783 Primo
1017 5728 1159 5783 enim
1186 5728 1239 5783 in
1259 5728 1364 5783 hoc
1389 5728 1528 5783 libro
1556 5728 1674 5799 ipsa
1703 5736 1949 5783 tacentur
1971 5724 2093 5784 Cle-

539 5822 735 5876 tuentis
767 5819 946 5885 verba,
973 5835 1092 5893 quas
1121 5820 1273 5889 prius
1301 5828 1483 5876 essent
1506 5819 1877 5890 expendenda,
1911 5828 1967 5874 ut
1999 5836 2088 5877 sa-

2197 4630 2357 4692 ratio,
2384 4636 2443 4682 ut
2466 4635 2732 4688 veterum,
2756 4624 2847 4695 qui
2872 4623 3153 4694 epistolam
3177 4627 3514 4691 nuncupant,
3540 4635 3761 4676 summo

2195 4717 2487 4775 consensui
2512 4730 2621 4771 non
2649 4714 2825 4770 dicam
2850 4712 3125 4777 anteferri,
3150 4712 3243 4768 sed
3274 4712 3359 4768 vel
3384 4710 3619 4767 conferri
3643 4710 3757 4764 ullo

2194 4812 2355 4868 modo
2381 4811 2577 4866 valeat.
2606 4806 2790 4877 Neque
2815 4806 2974 4860 etiam
2997 4805 3053 4859 in
3092 4803 3442 4875 inquisitione
3469 4802 3753 4873 temporis.

2193 4919 2303 4976 quo
2340 4904 2542 4973 scripta
2568 4908 2687 4964 est,
2720 4914 2819 4954 nos
2851 4912 2989 4967 opus
3017 4903 3101 4952 est
3144 4897 3351 4953 diutius
3376 4896 3646 4953 distineri.
3683 4893 3755 4949 Ut

2193 4998 2340 5054 enim
2385 4995 2518 5049 illud
2561 5001 2711 5048 certo
2735 4990 3090 5061 dignoscatur
3114 5006 3223 5043 non
3255 4989 3545 5044 admodum
3581 4988 3753 5041 inter-

2190 5097 2295 5155 est,
2337 5102 2461 5144 cum
2514 5086 2721 5141 nullum
2755 5084 2809 5138 in
2856 5098 2920 5139 ea
2956 5081 3158 5135 factum
3189 5082 3507 5152 explicetur.
3551 5077 3753 5134 Obser-

2192 5187 2320 5236 vant
2344 5174 2521 5233 tamen
2550 5177 2769 5239 eruditi,
2799 5189 2918 5230 eam
2948 5174 3191 5229 redolere
3232 5182 3462 5243 tempus,
3505 5187 3615 5242 quo
3658 5186 3751 5226 ec-

2192 5272 2371 5328 clesiae
2399 5284 2530 5340 pace
2556 5267 2896 5323 fruebantur.
2929 5265 3167 5320 Primum
3196 5279 3339 5318 anno
3376 5262 3535 5326 1655,
3564 5260 3750 5317 Graece

2192 5368 2403 5416 tantum
2433 5359 2503 5414 ad
2531 5358 2735 5414 calcem
2770 5356 3013 5428 epistolae
3040 5354 3081 5417 ι,
3120 5369 3150 5408 a
3180 5354 3414 5408 Patricio
3442 5351 3605 5406 Junio
3634 5350 3750 5405 edi-

2191 5462 2259 5508 ta:
2283 5453 2539 5522 adjuncta
2566 5449 2762 5505 Oxonii
2810 5448 3032 5520 prodiit.
3078 5446 3209 5501 Eam
3239 5454 3425 5517 postea
3462 5444 3750 5498 Latinitate

2191 5545 2465 5601 donarunt
2505 5541 2703 5599 Joann.
2750 5541 2906 5612 Bapt.
2954 5540 3255 5596 Cotelerius
3306 5544 3362 5593 et
3409 5534 3750 5590 Gottil’redus

2194 5636 2543 5705 Vendelinus,
2572 5633 2872 5702 exindeque
2899 5631 3084 5686 Graece
3122 5636 3176 5684 et
3222 5627 3411 5682 Latine
3436 5625 3634 5694 saepius
3663 5639 3749 5678 re-

2192 5741 2321 5783 cusa
2345 5733 2445 5780 est.
2475 5723 2729 5779 Cotelerii
2766 5717 3235 5791 interpretationi,
3260 5732 3326 5774 ea
3349 5730 3458 5789 qua
3486 5717 3541 5771 in
3572 5716 3747 5788 prima

2195 5819 2277 5875 usi
2314 5833 2501 5872 sumus
2532 5816 2797 5879 libertate,
2830 5813 3185 5868 adhaercmus.
