4070 6340
519 419 580 473 8Ἱ
1652 405 1740 459 AD
1772 404 1828 458 S.
1863 399 2065 458 CLEMI

2166 397 2280 453 ΓΕΜ
2319 401 2339 455 l
2376 393 2603 452 ΡΑΡΑΜ
3641 381 3707 435 88

519 535 653 589 sime
693 528 972 593 dimensis,
1016 528 1283 599 supplevit
1318 537 1371 583 et
1401 526 1567 581 minio
1605 523 1770 577 rubro
1817 517 2062 584 notavit;
2094 521 2138 575 Α
2167 515 2337 585 plaria
2375 528 2497 586 quae
2543 524 2727 566 eorum
2766 516 2991 575 uterque
3032 517 3155 558 cum
3183 516 3286 557 ms.
3319 497 3505 555 codice
3549 510 3707 565 quam

519 640 581 679 eo
611 626 863 678 nimirum
892 621 1139 684 consilio,
1172 626 1241 673 ut
1262 633 1382 689 qum
1416 621 1469 671 in
1515 615 1709 670 laceris
1739 609 2064 667 membranis

519 713 777 784 temporis
808 712 1003 783 injuria
1037 717 1357 780 consumpta
1391 707 1858 767 desiderabantur,
1897 703 1964 756 ab
1996 701 2062 755 iis

519 819 637 873 quae
675 802 856 856 addita
900 803 984 857 vel
1035 801 1280 872 suppleta
1341 798 1538 853 fuerint
1585 796 1816 851 lectores
1853 791 2064 846 facilius

520 900 877 949 simernerent.
931 890 1061 957 Quae
1123 890 1338 961 quidem
1405 888 1776 958 supplementa
1831 882 2063 937 Juniana

522 986 845 1057 posteriores
886 983 1144 1047 editores,
1179 989 1236 1036 ut
1267 980 1542 1035 uncinulis
1572 978 1756 1032 clausa
1785 974 1926 1046 typis
1957 973 2062 1026 im-

520 1070 916 1144 primerentur,
970 1076 1254 1146 diligenter
1322 1078 1604 1129 curarunt.
1649 1069 1840 1138 Magna
1899 1056 2065 1121 enim-

515 1184 642 1223 vero
671 1179 724 1225 et
762 1167 1029 1225 laudanda
1051 1166 1194 1220 Junii
1239 1166 1458 1221 solertia
1480 1205 1495 1228 ,
1535 1163 1581 1219 si
1612 1161 1742 1216 fides
1772 1159 1873 1229 ipsi
1910 1155 2064 1211 adhi—

515 1260 709 1318 benda.
737 1260 936 1316 Verum
966 1273 1121 1313 secus
1156 1257 1396 1311 sentiunt
1425 1255 1492 1308 de
1519 1268 1584 1307 eo
1629 1252 1801 1321 deque
1833 1249 1952 1318 ejus
1986 1248 2064 1300 la-

516 1351 646 1408 bore
694 1352 748 1405 in
799 1347 1156 1405 describenda
1206 1362 1311 1401 ms.
1347 1342 1714 1399 Alexandrino
1762 1340 1863 1394 viri
1906 1340 2065 1409 longe

515 1438 834 1503 doctissimi,
886 1435 1171 1492 Wottonus
1207 1434 1281 1505 (Ι)
1314 1434 1365 1487 in
1399 1430 1608 1501 primis,
1644 1430 1843 1484 Millius
1874 1428 1950 1499 (Ξ)
2009 1437 2063 1483 et

514 1529 744 1585 Grabius
778 1530 852 1600 (ὅ)
890 1549 900 1583 :
932 1539 988 1581 ut
1017 1528 1240 1597 proinde
1263 1529 1439 1581 minus
1468 1533 1616 1582 recte
1640 1524 1913 1579 censuerit
1940 1521 2062 1577 Fel—

515 1618 736 1688 1115(4),
784 1638 802 1669 ι
862 1628 1051 1671 actum-
1096 1616 1304 1672 scilicet
1348 1616 1503 1670 irrito
1559 1622 1756 1669 conatu
1814 1620 2062 1667 acturum

518 1710 685 1764 fuisse
724 1710 896 1773 illum,
929 1710 1018 1778 qui
1040 1717 1162 1780 post
1190 1707 1407 1778 Junium
1439 1707 1508 1762 ad
1536 1706 1810 1775 exemplar
1838 1705 2065 1759 Alexan-

513 1803 728 1856 drinum
759 1803 940 1856 omnia
974 1801 1152 1855 denuo
1178 1801 1448 1870 exegisset
1490 1819 1502 1854 :
1540 1798 1827 1870 siquidem,
1854 1796 2060 1860 subdit,

2163 614 2415 662 accurate
2443 602 2765 661 contulerat,
2790 596 2922 651 mihi
2944 592 3276 664 comparavi,
3300 601 3466 662 atque
3493 587 3710 642 illorum

2163 701 2480 755 collationes
2534 703 2587 749 et
2642 688 3045 748 emendationes
3105 686 3389 755 diligenter
3432 680 3501 736 ad
3559 692 3713 734 oram

2163 792 2286 848 libri
2341 789 2445 844 mei
2484 784 2755 841 adnotavi.
2789 781 2943 848 Quod
2975 795 3095 833 cum
3140 776 3390 847 egissem,
3422 787 3525 828 ms.
3567 770 3715 825 codi-

2164 897 2279 937 cem
2312 886 2511 951 quanta
2548 875 2663 931 fieri
2700 873 2873 943 potuit
2903 867 3178 939 diligentia
3213 866 3334 935 plus
3356 878 3518 934 quam
3543 859 3713 917 semel

2163 971 2231 1026 de
2257 948 2401 1025 novo
2435 966 2676 1031 contuli;
2709 977 2893 1032 quem.
2933 974 3054 1014 cum
3082 956 3275 1011 unicus
3307 954 3400 1019 sit,
3436 966 3609 1018 usque
3643 948 3713 1004 ad

2165 1065 2395 1118 litteram
2438 1064 2658 1115 secutus
2692 1068 2833 1116 sum,
2874 1058 3237 1123 pratterquam
3266 1047 3319 1100 in
3349 1042 3708 1098 abbreviatio-

2163 1156 2345 1217 nibus,
2392 1167 2528 1222 quas
2569 1150 2672 1204 hoc
2721 1146 2776 1201 in
2801 1146 2924 1203 loco
2957 1142 3139 1215 potius
3137 1136 3518 1222 _a_dnotandas
3558 1131 3715 1219 duxi:

2164 1217 2490 1315 Hujusmodi
2522 1252 2647 1298 sunt
2679 1262 2691 1297 :
2724 1227 2808 1297 δὲ
2836 1255 2934 1310 pro
2966 1237 3115 1299 Θεὸς,
3137 1217 3370 1315 ’ΚΞ-ι)το
3396 1226 3620 1315 K_ti_pt3;,
3649 1217 3716 1279 if

2164 1304 2265 1408 pro
2287 1336 2512 1409 Ἰησοῦς,
2563 1321 2666 1389 ﬁ
2700 1348 2798 1405 pro
2839 1304 3106 1399 Χριστός,
3150 1311 3305 1383 iiii
3334 1334 3388 1381 et
3432 1304 3713 1409 WE

2162 1429 2385 1500 Πνεῦμα
2421 1435 2475 1483 et
2504 1414 3086 1496 Πνεὺματος,ῗ)ΥΝΟΣ
3117 1436 3215 1493 pro
3255 1414 3717 1500 οὑρκνὸἓέΠΟΣ

2165 1542 2261 1597 pro
2312 1494 2615 1596 ἅνθρωπος,
2652 1494 2781 1573 im
2812 1526 2865 1572 et
2915 1500 3033 1571 ῖιῐὶ
3063 1531 3158 1588 pro
3185 1514 3423 1587 Ἰσραήλ,
3446 1494 3579 1566 EVM
3612 1526 3712 1582 pro

2165 1597 2687 1688 Ἰερουσαλήμῇλ
2716 1627 2815 1683 pro
2845 1609 3077 1681 πατέρα.
3105 1606 3207 1662 Ubi
3238 1622 3367 1662 vero
3399 1604 3569 1659 codex
3609 1618 3712 1657 ms.

2163 1705 2394 1761 discedit
2441 1721 2471 1759 a
2516 1704 2726 1775 vulgari
2781 1698 3057 1756 scribendi
3107 1696 3339 1759 ratione,
3396 1694 3481 1748 vel
3525 1708 3717 1762 parum

2166 1805 2309 1853 recte
2332 1812 2391 1852 se
2410 1796 2592 1861 habet,
2638 1808 2822 1849 veram
2858 1805 2923 1846 ac
2951 1789 3292 1845 usitatiorem
3318 1785 3593 1843 scribendi
3625 1799 3719 1838 ra-

3544 1397 3717 1409 .————-

2848 1404 3087 1416 -α

514 1907 574 1945 ea
600 1891 831 1946 habetur
859 1890 925 1945 de
955 1890 1278 1954 eruditione,
1312 1889 1581 1968 industria
1612 1897 1664 1945 et
1696 1888 1797 1943 fide
1827 1886 1888 1942 D.
1921 1885 2068 1940 Junii
2098 1879 2139 1933 B
2170 1890 2392 1952 tionem,
2426 1893 2484 1941 ut
2508 1895 2561 1941 et
2599 1884 2882 1948 lectiones,
2908 1877 3316 1935 emendationes
3358 1874 3724 1943 et‘conjectu-

515 1983 656 2053 apud
702 1998 889 2037 omnes
938 1981 1101 2045 fama,
1152 1989 1210 2034 ut
1253 1980 1497 2035 eamdem
1540 1978 1852 2050 suSpicione
1886 1978 2067 2048 aliqua

513 2074 861 2140 labefactare,
888 2089 993 2127 nan
1027 2071 1244 2126 incivile
1284 2071 1465 2135 modo,
1494 2070 1590 2127 sed
1630 2071 1875 2141 iniquum
1910 2084 2067 2139 pror—

515 2181 610 2221 sus
633 2165 900 2221 videatur.
940 2184 961 2217 ι

582 2259 650 2312 At
672 2258 904 2329 pretium
929 2256 1089 2311 fuerit
1121 2273 1301 2328 opera:
1322 2257 1410 2312 hic
1453 2257 1507 2312 in
1538 2256 1772 2311 medium
1802 2252 2063 2324 proferre,

513 2365 632 2420 quin
664 2351 730 2404 de
767 2349 996 2405 Juniana
1042 2349 1504 2404 Clementinarum
1551 2346 1915 2419 Epistolarum
1954 2345 2068 2399 edi-

514 2442 657 2494 tione
696 2440 845 2495 fuere
882 2440 949 2495 ab
985 2440 1103 2509 ipso
1131 2439 1334 2495 Grabio
1365 2439 1643 2494 adnotata.
1680 2435 1772 2491 Sic
1801 2442 1979 2489 autem
2010 2449 2069 2489 se

511 2532 709 2586 habent
730 2532 804 2602 (5)
833 2548 846 2586 :
872 2549 889 2582 ι
918 2531 1048 2598 Qua:
1070 2547 1135 2586 ex
1152 2530 1441 2586 collatione
1460 2529 1587 2600 (ms.
1605 2527 1812 2584 codicis
1832 2526 2069 2583 Alexan-

510 2622 679 2693 drini)
708 2624 1136 2678 emendationem
1170 2622 1433 2692 praebent,
1481 2622 1546 2675 ad
1589 2621 1703 2676 haec
1745 2619 1855 2675 fere
1892 2618 2067 2688 capita

508 2716 865 2772 reducuntur.
913 2716 953 2771 l.
996 2714 1270 2770 Nonnulla
1305 2717 1361 2770 in
1385 2713 1548 2769 editis
1584 2712 1909 2770 omittuntur
1947 2725 2067 2782 qua:

512 2810 567 2863 in
595 2818 880 2879 prototypo
897 2817 1134 2874 exstant,
1155 2817 1214 2863 ut
1241 2825 1307 2865 ex
1333 2808 1581 2863 versione
1608 2804 1799 2858 Latina
1826 2809 2061 2858 constat.

513 2901 577 2954 ll.
607 2900 757 2954 Haud
788 2915 957 2970 pauca
999 2902 1261 2955 vocabula
1291 2900 1488 2955 litteris
1531 2898 1772 2953 miniatis
1801 2895 2059 2961 eduntur,

512 3008 632 3061 quae
670 2994 723 3046 in
761 2993 948 3047 codice
982 3000 1230 3059 exstant;
1273 2992 1414 3062 quod
1447 2990 1646 3044 factum
1691 3005 1815 3044 esse
1842 3004 1871 3042 a
1904 2997 2065 3059 typo-

513 3083 676 3137 thetis
736 3083 1026 3137 verisimile
1080 3089 1180 3137 est.
1243 3083 1329 3136 ΙΙΙ.
1366 3082 1503 3135 Sunt
1532 3080 1671 3134 haud
1708 3094 1900 3149 pauca,
1944 3093 2065 3149 quae

511 3190 621 3228 non
671 3182 813 3229 recte
862 3175 1152 3243 exscripsit
1202 3173 1396 3228 editor.
1455 3170 1543 3226 Π.
1598 3170 1863 3225 Nonnulla
1909 3169 2066 3224 aliter

512 3263 715 3332 scripta
748 3272 896 3327 sunt,
931 3280 1091 3336 quam
1131 3264 1308 3319 editor
1342 3263 1748 3333 repraesentavit
1779 3276 1844 3315 cx
1876 3260 2066 3328 singu-

512 3355 612 3409 lari
646 3358 877 3425 quadam
902 3358 1021 3427 ejus
1048 3357 1337 3427 opinione;
1362 3372 1468 3426 qua
1497 3356 1690 3411 adduci
1727 3371 1833 3409 non
1866 3354 2065 3423 potuit,

514 3458 572 3503 ut
610 3450 957 3519 scriptionem
992 3457 1221 3504 veterem
1271 3449 1427 3507 aliter
1455 3449 1752 3509 exhiberet,
1791 3462 1951 3516 quam
1983 3461 2067 3501 se—

511 3549 746 3605 cundum
778 3551 1049 3619 vulgarem
1086 3548 1359 3605 scribendi
1406 3564 1628 3603 morem.
1666 3546 1726 3602 ν.
1775 3546 1924 3616 Saepe
1946 3562 2067 3602 cum

511 3642 629 3712 ipse
656 3641 794 3694 male
821 3642 1193 3711 exscripserit,
1226 3641 1620 3695 correctionem
1652 3656 1717 3693 ex
1751 3639 2067 3708 conjectura

512 3731 660 3785 addit
701 3731 767 3784 ad
814 3732 1144 3800 marginem;
1190 3746 1308 3799 qua:
1342 3730 1611 3785 correctio
1642 3730 1695 3783 in
1738 3729 1855 3799 ipso
1881 3728 2069 3782 codice

515 3812 798 3891 reperitur.
838 3844 855 3872 ι
893 3822 1163 3877 Hactenus
1197 3821 1451 3877 Grabius.
1498 3821 1707 3887 Quibus
1752 3837 1881 3891 ergo
1921 3819 2068 3875 vitiis

515 3914 761 3968 laborant
800 3915 1062 3969 editiones
1108 3915 1273 3968 ferme
1308 3929 1518 3976 omnes,
1554 3920 1738 3983 utpote
1762 3927 1882 3982 quae
1918 3910 2068 3966 fuere

515 4005 581 4057 ad
628 4002 913 4059 Junianam
964 4015 1166 4059 exactae
1200 4025 1212 4059 :
1245 4004 1387 4074 quod
1435 4005 1647 4073 quidem
1682 4002 1881 4074 liquido
1922 4011 2068 4073 patet

513 4114 579 4151 ex
601 4096 967 4162 Wottoniana,
988 4098 1226 4151 omnium
1258 4097 1715 4152 emendatissima.

586 4187 709 4241 Ilmc
732 4189 894 4257 igitur
919 4188 1384 4259 Cantabrigiensis
1402 4190 1537 4244 satis
1564 4189 1836 4244 luculenta
1858 4188 2067 4251 ἐκδοσῑς

515 4280 568 4332 in
615 4281 806 4349 vulgus
835 4281 1032 4349 prodiit
1060 4296 1203 4336 anno
1242 4282 1400 4347 1718,
1434 4296 1645 4336 summa
1690 4295 1822 4336 cura
1850 4280 2066 4335 Henrici

512 4370 759 4427 Wottoni
793 4373 1088 4427 elaborata.
1121 4372 1249 4427 Eam
1294 4375 1438 4429 enim
1468 4373 1610 4428 haud
1636 4374 1801 4429 semel
1843 4373 2066 4443 exigens

516 4460 580 4517 Υ.
613 4462 674 4519 C.
708 4463 773 4517 ad
806 4462 966 4517 fidem
998 4480 1102 4519 ms.
1155 4464 1361 4519 codicis
1394 4463 1774 4527 Alexandrini,
1822 4463 2067 4518 adhibito

2167 1996 2257 2035 ras
2279 1978 2448 2042 Junii,
2474 1977 2662 2040 Boisii,
2688 1974 2965 2035 Cotelerii,
2996 1970 3151 2035 Felli,
3176 1967 3469 2025 Colomesii
3498 1981 3563 2020 ac
3594 1964 3722 2020 Cle-

2164 2074 2298 2138 rici,
2370 2072 2510 2126 inter
2571 2069 2846 2123 variantes
2908 2064 3171 2119 lectiones
3226 2060 3404 2133 posui.
3465 2057 3724 2112 Plurimis

2166 2167 2328 2222 etiam
2368 2165 2424 2219 in
2461 2164 2597 2219 locis
2626 2168 2830 2216 textum
2870 2155 3153 2214 emendavi
3191 2162 3245 2210 et
3280 2167 3392 2208 sure
3424 2148 3724 2220 integritati

2165 2256 2399 2322 restitui,
2433 2254 2523 2308 ubi
2561 2267 2751 2323 parum
2777 2257 2924 2305 recte
2955 2265 2985 2302 a
3006 2246 3169 2302 Junio
3195 2242 3628 2301 describebatur.
3653 2268 3728 2282 —-

2165 2348 2296 2416 Quae
2326 2362 2412 2401 me
2442 2345 2508 2400 ad
2534 2345 2674 2398 hanc
2695 2342 2985 2399 editionem
3021 2335 3423 2409 suscipiendam
3451 2333 3728 2405 praecipue

2165 2439 2513 2509 impulerunt,
2548 2435 2661 2493 haec
2701 2435 2916 2489 fuerunt
2947 2451 2963 2495 ε,
3002 2444 3071 2485 ne
3129 2430 3342 2485 deesset
3387 2422 3725 2482 emendatior

2163 2530 2337 2587 Graeci
2375 2536 2557 2584 textus
2582 2527 2766 2589 editio,
2810 2535 2897 2581 etc
2958 2544 2976 2578 ι
3014 2523 3167 2578 Hanc
3195 2528 3376 2576 autem
3410 2516 3721 2572 Wottonia-

2165 2636 2290 2677 nam
2313 2619 2629 2682 editionem,
2665 2617 2907 2672 omnium
2950 2615 3077 2669 licet
3101 2608 3597 2669 accuratissimam,
3629 2604 3726 2675 qui

2166 2713 2420 2783 deinceps
2466 2709 2725 2782 epistolas
2765 2706 3135 2763 Clementinas
3188 2702 3331 2775 typis
3385 2697 3727 2755 excuderunt

2164 2807 2266 2861 viri
2330 2803 2554 2868 eruditi,
2607 2804 2650 2857 si
2709 2799 3042 2856 Richardum
3073 2795 3385 2851 Russelium
3443 2791 3722 2862 excipias,

2166 2895 2473 2967 praeteriere
2500 2892 2889 2947 inconsultam.
2922 2888 3077 2955 Quod
3114 2887 3333 2959 quidem
3376 2884 3595 2947 mirum,
3637 2882 3725 2938 sin

2166 2989 2347 3043 minus
2380 2986 2447 3041 de
2471 2985 2713 3055 reliquis,
2747 2990 2801 3037 at
2818 2982 3008 3037 saltem
3028 2980 3094 3035 de
3114 2979 3331 3035 Clerico
3357 2977 3450 3047 qui
3478 2974 3725 3030 eamdem

2166 3094 2276 3150 prae
2296 3078 2548 3132 manibus
2574 3076 2764 3130 habuit
2798 3094 2809 3129 :
2845 3089 2911 3127 ex
2938 3088 3000 3127 ea
3030 3072 3172 3126 enim
3208 3067 3521 3125 selectiores
3554 3063 3723 3118 Boisii

2167 3172 2544 3229 adnotationes
2571 3184 2601 3222 a
2624 3168 2886 3223 Wottono
2910 3174 3024 3219 tum
3055 3164 3288 3234 primum
3316 3160 3491 3217 editas
3514 3156 3726 3213 descri-

2170 3265 2298 3335 psit,
2331 3277 2468 3333 quas
2497 3262 2553 3315 in
2584 3258 2879 3315 secundam
2903 3251 3472 3307 Amstzelodamensem
3497 3244 3724 3299 Patrum

2171 3355 2590 3428 apostolicorum
2616 3350 2906 3407 editionem
2923 3346 3315 3402 Cotelerianam
3335 3336 3634 3395 transtulit.
3653 3335 3724 3388 At

2170 3426 2234 3503 eo
2260 3448 2313 3502 in
2338 3445 2528 3517 primis
2554 3443 2770 3498 nomine
2795 3441 2938 3494 illam
2968 3438 3189 3506 insuper
3217 3432 3474 3486 habuisse
3503 3426 3722 3483 videtur

2169 3537 2432 3601 Clericus,
2466 3535 2611 3606 quod
2634 3534 2809 3588 editor
2833 3525 3299 3597 Cantabrigiensis
3346 3532 3455 3577 tum
3485 3516 3722 3574 Eduardi
3778 3550 3789 3562 -

2169 3629 2429 3686 Bernardi
2461 3626 2675 3683 notulas
2712 3623 2913 3694 quibus
2941 3619 3193 3690 Epistola:
3229 3617 3254 3670 1
3286 3614 3571 3668 αὑθεντξαν
3604 3611 3715 3665 θιθσ

2172 3737 2296 3777 vare
2335 3729 2564 3776 conatus
2592 3725 2673 3773 est
2708 3713 3034 3772 exsulﬂarit.
3073 3719 3184 3764 tum
3233 3710 3519 3777 ipsummet
3547 3700 3720 3758 Cleri-

2169 3829 2291 3868 cum
2322 3810 2611 3867 identidem
2644 3808 2784 3861 haud
2833 3804 3106 3859 immerito
3134 3799 3437 3870 castigarit.

2239 3904 2683 3975 Quandoquidem
2720 3916 2848 3956 vero
2888 3897 3123 3954 Russelii
3160 3897 3366 3950 mentio
3415 3890 3626 3954 incidit,
3661 3888 3720 3942 il-

2169 3999 2259 4052 lud
2284 3999 2512 4053 interest
2539 3995 2822 4057 adnotare,
2847 3990 3172 4046 industrium
3204 3988 3350 4041 hunc
3377 3985 3634 4039 editorem
3662 3982 3717 4034 in

2169 4091 2284 4147 suis
2316 4089 2538 4144 Patrum
2578 4086 2979 4155 apostolicorum
3015 4080 3253 4150 operibus
3281 4076 3536 4149 genuinis,
3572 4073 3720 4128 Lon-

2167 4182 2282 4237 dini
2315 4196 2456 4235 anno
2488 4177 2625 4233 1746
2676 4176 2962 4247 evulgatis,
2987 4170 3392 4228 Wottonianam
3416 4165 3719 4222 editionem

2167 4289 2277 4343 prae
2300 4272 2508 4328 caeteris
2531 4271 2633 4326 sibi
2658 4267 2986 4339 sequendam
3014 4265 3137 4334 jure
3164 4259 3459 4316 censuisse.
3495 4256 3599 4324 Qui
3664 4264 3722 4310 et

2168 4366 2236 4421 ad
2287 4366 2488 4420 calcem
2533 4362 2787 4418 secundae
2834 4360 3006 4431 partis
3060 4354 3354 4411 voluminis
3388 4353 3414 4406 1
3458 4348 3719 4405 laudabili

2168 4456 2398 4512 consilio
2443 4455 2700 4524 pleraque
2758 4451 2993 4521 subjecit
3041 4448 3318 4511 adnotata,
3371 4460 3438 4500 ex
3490 4441 3720 4498 Joannis

512 4552 675 4606 etiam
713 4551 860 4607 Junii
888 4553 1031 4609 edito
1057 4569 1178 4609 cum
1202 4553 1392 4610 eodem
1430 4552 1617 4609 codice
1652 4567 1681 4606 a
1713 4551 1878 4608 Millio
1904 4558 2066 4622 atque
2098 4562 2139 4616 ι)
2171 4546 2322 4602 Millii
2361 4547 2670 4616 apographo
2709 4550 2962 4598 accurate
3004 4538 3071 4594 ad
3102 4551 3203 4593 ms.
3249 4536 3453 4592 codicis
3486 4534 3720 4589 Alexan-

516 4664 546 4701 a
576 4644 779 4699 Grabio
827 4646 1045 4729 collato,
1086 4646 1379 4702 Junianum
1421 4654 1627 4702 textum
1673 4660 1835 4716 quem
1885 4646 2067 4700 caeteri

513 4744 749 4799 editores
792 4748 920 4795 sunt
959 4740 1152 4801 secuti.
1180 4739 1421 4810 octogies
1450 4738 1755 4795 emendavit
1782 4738 2069 4808 supplevit-

513 4848 651 4905 que;
691 4848 810 4902 quae
851 4846 979 4887 vero
1025 4832 1249 4886 aberant
1289 4846 1318 4885 a
1352 4847 1456 4887 ms.
1490 4830 1805 4901 exemplari,
1836 4838 1999 4900 atque
2037 4846 2067 4883 a

512 4922 677 4979 Junio
709 4924 902 4978 litteris
932 4922 1172 4978 miniatis
1202 4922 1648 4993 designabantur,
1680 4922 2067 4977 minutioribus

515 5017 658 5089 typis
686 5015 1043 5086 imprimenda
1082 5015 1314 5070 curavit.
1350 5013 1455 5070 Sed
1496 5021 1717 5084 praestat
1748 5013 2066 5069 Wottonum

510 5109 691 5182 ipsum
751 5108 962 5172 audire,
1022 5108 1113 5178 qui
1164 5107 1451 5163 consilium
1499 5106 1849 5175 studiumque
1903 5121 2063 5159 suum

512 5202 568 5257 in
599 5203 699 5257 hac
721 5202 957 5258 editione
979 5198 1292 5255 adornanda
1314 5198 1465 5255 hisce
1487 5198 1668 5254 verbis
1693 5198 1915 5268 exponit
1945 5196 2022 5267 (6)
2050 5216 2061 5250 :

520 5316 536 5346 ι
574 5295 710 5350 Cum
743 5296 977 5364 primum
1020 5308 1229 5348 mecum
1278 5291 1638 5347 decrevissem
1667 5290 1955 5346 editionem
2005 5289 2063 5345 S.

514 5387 809 5442 Clementis
832 5386 887 5440 in
918 5403 1004 5441 me
1045 5386 1345 5456 suscipere,
1371 5382 1556 5439 Grabii
1587 5382 1846 5453 Milliique
1881 5397 2066 5437 exem-

464 5530 471 5541 ’
516 5546 660 5670 ΖΗ(ι)
714 5544 1016 5615 Prolegom.
1061 5546 1127 5600 ad
1181 5546 1317 5599 Bibl.
1379 5544 1681 5617 polyglott.,
1736 5550 1868 5598 sect.
1915 5559 1990 5608 rx,
2036 5542 2062 5613 ς

517 5661 832 5825 ἔέὲὲὲιιιιιᾱ
854 5682 1089 5749 llussel.,
1114 5687 1243 5742 edit.
1268 5684 1596 5755 PP.Apost.,
1622 5691 1751 5739 tom.
1779 5681 1821 5746 l,
1841 5690 1977 5751 part.
2002 5698 2059 5749 ιι,

590 5827 663 5896 «5)
696 5825 995 5895 Prolegom.
1029 5828 1093 5881 ad
1128 5844 1266 5883 vers.
1290 5825 1574 5894 l..\X,cap.
1612 5837 1672 5888 ιι,
1705 5822 1732 5894 ς
1767 5823 1812 5877 l.

2168 4639 2313 4693 drini
2349 4639 2503 4692 fidem
2541 4645 2734 4692 exacto
2776 4633 3091 4703 descripta:
3133 4644 3255 4699 quae
3289 4626 3508 4699 quidem
3547 4624 3718 4679 adno-

2167 4738 2278 4783 tata
2295 4728 2608 4785 Wottnnum
2634 4725 3067 4798 praetermisisse,
3099 4720 3346 4793 quamvis
3372 4726 3426 4775 et
3450 4720 3564 4789 ipse
3595 4732 3723 4788 apo-

2168 4822 2427 4891 graphum
2488 4820 2784 4883 Millianum
2841 4814 2943 4873 sibi
3001 4826 3351 4884 comparasse
3401 4815 3717 4891 asseveret,

2167 4915 2334 4968 miror
2362 4926 2672 4977 enimvero;
2703 4926 2768 4964 eo
2807 4909 2890 4963 vel
2926 4907 3161 4961 maxime
3188 4903 3332 4975 quod
3367 4882 3626 4957 nonnulla
3662 4901 3720 4954 in

2170 5005 2234 5058 iis
2267 5004 2624 5073 reperiantur,
2661 5002 2858 5072 quibus
2887 5015 2951 5053 ex
2993 4997 3183 5053 eodem
3208 5011 3314 5050 ms.
3342 4990 3718 5050 vetustissimo

2168 5094 2411 5148 codicum
2468 5094 2733 5147 editorum
2797 5090 2957 5144 lectio
3010 5086 3215 5157 passim
3275 5084 3523 5139 exactior
3596 5081 3719 5135 red-

2168 5186 2331 5239 ditur.

2236 5276 2417 5346 Neque
2444 5290 2604 5345 porro
2626 5273 2754 5329 illud
2785 5271 3324 5343 prmtcrmittendum,
3352 5266 3413 5322 V.
3436 5264 3497 5321 Ο.
3520 5263 3718 5319 Joanni

2166 5368 2438 5429 Ludovico
2476 5366 2631 5437 Frey,
2658 5366 2748 5436 qui
2782 5380 2923 5420 anno
2975 5365 3112 5418 i742
3156 5361 3424 5431 Epistolas
3490 5357 3712 5411 Patrum

2234 5526 2312 5664 (ιζ
2342 5523 2554 5577 Praefat.
2595 5522 2659 5574 ad
2698 5521 2859 5590 epist.
2890 5519 3122 5584 lClem.,
3151 5518 3279 5574 edit.
3308 5516 3508 5579 Oxon.,
3553 5512 3711 5568 136‘).

2235 5598 2290 5664 (5
2330 5596 2483 5664 Apud
2502 5590 2814 5647 Wottonum
2855 5589 2921 5643 ad
2948 5592 3148 5646 calcem
3176 5589 3333 5660 epist.
3360 5588 3553 5649 Clem,
3590 5599 3707 5653 pag.

2235 5588 2312 5664 (5)
2330 5596 2483 5665 Apud
2502 5588 2814 5647 Wottonum
2855 5589 2921 5643 ad
2948 5592 3148 5646 calcem
3176 5589 3333 5660 epist.
3360 5588 3553 5649 Clem,
3590 5599 3707 5653 pag.

2168 5668 2310 5807 10ῗώ
2338 5734 2580 5799 Przefat.,
2613 5750 2666 5803 p.
2690 5747 2849 5787 ccvu.
