4070 6340
287 370 359 427 89
1126 396 1133 403 -
1574 357 1913 422 PRO€EMIA
1948 359 2333 419 VARIORUM.
3420 363 3490 418 90

285 483 698 556 apostolicam»:
722 486 863 558 typis
894 485 1297 544 Basileensibus
1312 477 1843 556 consignavit,Wot-
1873 480 1921 536 Δ
1948 490 2136 531 carum
2201 478 2426 535 latebris
2484 478 2843 536 delitesceret.
2903 478 3210 535 Sammaria
3258 476 3493 548 denique

282 578 568 632 tonianum
606 580 913 649 exemplar,
954 579 1099 650 quod
1139 580 1357 651 quidem
1394 575 1709 648 exoptabat,
1756 572 1844 628 vi-

285 670 417 725 dere
444 677 557 723 tum
581 669 801 725 demum
830 671 1049 727 licuisse
1068 712 1083 737 ,
1117 687 1241 727 cum
1266 672 1379 742 jam
1406 669 1636 740 epistola
1661 668 1685 721 1
1725 665 1848 722 Cle-

288 763 484 816 mentis
516 777 547 815 e
585 762 739 831 prelo
764 763 1027 819 evasisset
1060 783 1071 818 :
1109 772 1167 818 ut
1204 762 1428 833 proinde
1466 760 1832 831 posteriorem

289 850 663 904 tantummodo
690 851 855 921 paulo
883 851 1302 907 emendatiorem
1340 848 1667 905 exhibuerit.
1700 846 1846 913 Qua-

287 942 613 1012 lemcunque
648 951 827 998 tamen
859 943 1020 1013 hujus
1042 943 1297 999 editionis
1330 941 1609 1013 Freyanat,
1641 937 1844 1009 alioqui

286 1034 417 1089 satis
434 1036 649 1098 nitidae,
681 1035 950 1091 defectum
972 1037 1221 1106 supplere
1246 1035 1468 1091 adnisus
1497 1041 1580 1090 est
1606 1033 1691 1087 vir
1718 1046 1845 1085 eru-

286 1125 431 1180 ditus
470 1127 743 1180 Antonius
768 1126 979 1183 Birrius
1010 1127 1066 1181 in
1093 1127 1299 1196 publica
1324 1125 1631 1196 Specimine,
1660 1122 1845 1177 itidem

286 1214 515 1272 Basileae
556 1232 698 1273 anno
731 1219 869 1274 1744
916 1221 1083 1283 edito,
1125 1226 1287 1289 atque
1323 1217 1654 1288 conjecturis
1700 1214 1845 1270 haud

285 1310 625 1377 paenitendis
646 1312 714 1364 ad
742 1320 949 1367 textum
979 1311 1373 1367 Clementinum
1409 1309 1661 1367 editionis
1690 1306 1847 1362 Wot-

286 1403 528 1457 tonianm
546 1402 772 1459 ulterius
787 1400 965 1459 adhuc
990 1403 1375 1474 detergendum
1403 1400 1626 1461 referto.
1667 1398 1845 1469 Hujus

286 1504 464 1547 autem
526 1494 850 1562 Speciminis
900 1493 1133 1549 Birriani
1161 1494 1439 1564 exemplar
1466 1508 1590 1549 cum
1636 1492 1843 1547 frustra

286 1588 376 1642 diu
418 1588 897 1657 conquisivissem,
927 1604 1141 1645 summo
1164 1588 1290 1643 licet
1322 1587 1501 1643 studio
1522 1586 1839 1657 expetitum,

283 1681 393 1735 voti
426 1680 646 1735 tandem
675 1689 980 1751 compotem
1012 1696 1098 1736 me
1128 1679 1255 1736 fecit
1283 1680 1366 1735 vir
1392 1680 1687 1736 liberaliter
1715 1694 1842 1735 cru»

286 1770 429 1826 ditus
450 1770 665 1842 Gaspar
694 1771 1132 1843 Hagenbuchius,
1158 1788 1188 1827 a
1222 1789 1332 1845 quo
1366 1788 1475 1829 una
1497 1788 1621 1829 cum
1642 1772 1841 1828 litteris

288 1862 643 1919 humanitatis
678 1872 734 1918 et
771 1864 931 1917 odieii
962 1864 1292 1934 plenissimis
1332 1864 1533 1921 Turico
1580 1860 1843 1920 Helvetio-

284 1968 403 2007 rum
438 1955 587 2008 dono
630 1954 767 2009 illud
799 1956 985 2026 accepi
1022 1975 1036 2011 :
1081 1972 1191 2026 quo
1220 1957 1438 2028 quidem
1468 1956 1687 2012 nomine
1724 1957 1844 2010 viro

283 2047 491 2117 optimo
513 2047 719 2116 gratias
760 2062 863 2117 ago
902 2053 955 2101 et
983 2046 1176 2102 habeo.

362 2138 463 2193 His
491 2140 668 2209 itaque
700 2140 930 2209 aliisque
967 2138 1227 2197 subsidiis
1270 2138 1590 2202 instructus,
1630 2137 1695 2191 ad
1723 2151 1841 2192 eam

290 2247 460 2302 quam
495 2232 581 2286 hic
632 2231 849 2302 profero
898 2231 1191 2288 editionem
1224 2230 1519 2301 parandam
1560 2229 1837 2285 elaboran.

289 2325 529 2393 damque
553 2339 635 2378 me
659 2324 864 2379 contuli
894 2340 905 2375 :
934 2339 1041 2394 quo
1061 2323 1282 2393 quidem
1312 2322 1369 2377 in
1390 2336 1553 2393 opere
1578 2328 1839 2391 quantum

286 2415 568 2469 industriae
595 2430 657 2468 ac
696 2415 861 2469 studii
891 2415 1258 2479 adhibuerim,
1299 2414 1528 2467 aliorum
1557 2419 1676 2467 esto
1695 2410 1843 2481 judi-

284 2506 449 2563 cium.
500 2505 635 2560 lllud
677 2521 812 2561 sane
856 2505 1123 2561 aﬂirmare
1159 2506 1356 2569 ausim,
1389 2502 1683 2558 Clementis
1716 2501 1845 2572 Epi~

283 2597 452 2652 stolas
496 2598 565 2651 ad
609 2596 920 2653 Corinthios
961 2613 1109 2652 nunc
1156 2596 1375 2652 demum
1419 2594 1637 2665 prodire
1674 2594 1845 2648 multo

282 2690 681 2760 castigatiores,
715 2707 875 2761 quam
906 2690 1172 2746 hactenus
1204 2689 1354 2744 fuere
1381 2688 1437 2743 in
1461 2687 1656 2757 vulgus
1681 2685 1847 2741 emis-

278 2795 351 2834 sae
385 2800 398 2834 :
429 2786 515 2835 tot
557 2781 703 2834 enim
746 2782 863 2836 loca
914 2789 1042 2836 sunt
1074 2782 1344 2848 restituta,
1388 2787 1468 2835 tot
1505 2777 1843 2835 mendasub-

279 2870 427 2932 lata;
490 2879 551 2924 ut
586 2885 875 2942 perpauca,
908 2872 955 2926 si
986 2889 1091 2943 qua
1124 2880 1269 2936 sunt,
1302 2871 1479 2926 adhuc
1507 2868 1845 2925 emendanda

278 2977 571 3031 superesse
626 2964 930 3020 videantur.
986 2963 1122 3018 Cum
1182 2979 1310 3018 vero
1368 2966 1424 3017 in
1470 2970 1619 3016 textu
1656 2958 1844 3015 Graeco

276 3054 644 3110 emaculando
688 3071 899 3111 summa
929 3072 1052 3110 cum
1095 3057 1253 3111 laude
1296 3069 1407 3125 prae
1434 3052 1685 3108 omnibus
1713 3067 1839 3108 ver-

1944 571 2121 642 capita
2166 588 2197 628 e
2239 573 2598 629 Coutantiana
2629 582 2683 630 et
2710 572 2952 645 Freyana
2991 573 3322 631 editionibus
3367 588 3494 629 con-

1943 672 2090 721 texta
2112 666 2463 735 subjecimus.

2014 757 2079 812 ll.
2111 756 2228 815 Jam
2258 774 2406 822 vero,
2440 766 2500 814 ut
2529 758 2597 813 de
2632 757 2822 813 harum
2860 756 3207 826 epistolarum
3232 765 3495 826 praestan-

1943 850 2018 911 tia
2049 857 2104 905 et
2132 850 2443 906 sinceritate
2470 850 2822 911 disseramus.
2856 849 3205 905 celeberrima
3229 856 3333 906 est.
3349 850 3493 919 quod

1944 959 2132 1001 omnes
2160 944 2354 998 eruditi
2386 952 2605 1010 norunt,
2639 958 2758 1013 quae
2800 943 2949 1013 prior
2979 943 3273 997 Corinthiis
3297 942 3495 997 inscri-

1942 1038 2089 1095 bitur
2114 1058 2127 1093 :
2170 1037 2489 1107 Ἰκανωτάτη
2517 1036 2698 1107 γραφή
2726 1034 2865 1090 dicta
2889 1033 2946 1088 S.
2965 1036 3184 1099 lrenmo,
3214 1035 3492 1105 Ἐπιστολὴ

1947 1125 2156 1197 μεγάλη
2207 1143 2268 1178 τε
2323 1127 2417 1180 καὶ
2462 1126 2735 1196 θαυμασία
2792 1123 3027 1179 Eusebio
3073 1144 3087 1179 :
3148 1132 3309 1195 atque
3359 1126 3493 1181 adeo

1944 1224 2153 1271 tantum
2179 1231 2287 1271 non
2309 1217 2593 1280 canonica,
2638 1232 2755 1271 eam
2803 1217 2944 1287 apud
2977 1232 3165 1271 omnes
3194 1218 3492 1271 auctorita-

1942 1316 2049 1365 tem
2082 1310 2335 1375 obtinuit,
2396 1317 2453 1363 ut
2492 1309 2715 1379 perinde
2762 1324 2825 1364 ac
2858 1310 3076 1379 reliquae
3126 1310 3491 1379 apostolorum

1942 1402 2215 1473 Epistolae,
2234 1402 2449 1471 publice
2487 1401 2754 1471 aliquibus
2785 1402 2838 1455 in
2868 1401 3113 1457 ecclesiis
3142 1401 3279 1455 lecta
3310 1401 3490 1457 fuerit:

1942 1495 2086 1565 quod
2156 1495 2373 1565 quidem
2452 1502 2646 1565 praater
2712 1494 3045 1560 Eusebium,
3110 1494 3491 1564 Hieronymum

1943 1590 2187 1660 aliosque
2216 1599 2427 1645 veteres
2448 1590 2766 1659 scriptores,
2798 1595 3027 1643 testatur
3064 1588 3337 1657 antiquior
3367 1586 3497 1641 Dio-

1941 1683 2131 1754 nysius
2189 1680 2596 1738 Corinthiorum
2662 1680 2952 1751 episcOpus
3029 1679 3125 1749 (8).
3174 1679 3299 1733 Haec
3364 1694 3496 1734 sane

1942 1774 2182 1842 priscum
2237 1772 2508 1843 Evangelii
2569 1766 2807 1841 vigerem
2863 1772 3073 1841 spirat:
3121 1771 3293 1841 stylus
3333 1786 3493 1840 quam

1945 1865 2187 1935 proxime
2216 1864 2282 1918 ad
2305 1863 2511 1920 Novum
2541 1863 2948 1919 Testamentum
2979 1862 3188 1917 accedit
3211 1881 3226 1919 :
3253 1877 3342 1918 res
3377 1877 3496 1917 ver-

1942 1956 2119 2025 baque
2150 1955 2266 2025 ipsa
2296 1954 2580 2025 desumpta
2610 1956 2665 2009 in
2689 1957 2880 2026 primis
2917 1973 2985 2015 ex
3026 1955 3285 2028 Epistolis
3312 1953 3497 2008 Pauli-

1941 2047 2069 2102 nis:
2114 2046 2346 2116 denique
2387 2047 2522 2101 nihil
2570 2047 2683 2103 fere
2734 2048 2787 2102 in
2821 2064 2883 2103 ea
2940 2048 3173 2120 reperiri
3204 2047 3493 2119 contingit,

1942 2140 2084 2208 quod
2115 2140 2368 2210 primaeva
2422 2140 2700 2196 nascentis
2729 2140 2984 2197 Ecclesiae
3028 2138 3356 2196 incunabula
3384 2154 3496 2194 non

1940 2228 2177 2295 referat,
2220 2230 2461 2300 nihilque
2521 2230 2666 2300 quod
2715 2232 2889 2286 virum
2933 2232 3094 2303 plane
3139 2232 3499 2303 apostolicum

1938 2334 2046 2373 non
2075 2320 2305 2375 maxime
2326 2320 2531 2376 deceat.

2009 2412 2076 2465 At
2107 2413 2357 2482 quamvis
2385 2414 2695 2482 hujusmodi
2741 2414 3112 2470 venerandum
3160 2430 3332 2472 sacrae
3356 2417 3500 2470 anti-

1941 2506 2168 2574 quitatis
2196 2515 2603 2562 monumentum
2642 2522 2671 2560 a
2701 2506 2976 2577 plerisque
3000 2507 3228 2565 vetustis
3254 2509 3493 2579 locuple-

1942 2597 2168 2654 tissimis
2199 2599 2429 2655 testibus
2472 2614 2611 2669 quos
2653 2599 2826 2657 eidem
2864 2600 3253 2670 praemisimus,
3296 2615 3496 2671 usque.

1943 2700 2160 2756 quaque
2196 2694 2508 2755 astruatur;
2560 2695 2741 2759 atque,
2792 2688 2954 2743 simul
3014 2704 3078 2744 ac
3122 2705 3190 2746 ex
3239 2689 3497 2760 antiquis

1944 2777 2082 2832 simo
2122 2792 2226 2833 ms.
2265 2778 2454 2834 codice
2498 2780 2865 2837 Alexandrino
2910 2780 3042 2836 illud
3092 2784 3146 2835 in
3190 2781 3365 2837 lucem
3398 2782 3499 2836 fuit

1942 2869 2167 2934 editum,
2218 2884 2431 2924 summo
2462 2871 2797 2927 eruditorum
2846 2871 3014 2928 ferme
3069 2874 3312 2927 omnium
3366 2888 3498 2928 con-

1942 2978 2127 3026 sensu,
2155 2963 2425 3019 sincerum
2452 2964 2673 3021 omnino
2699 2972 3179 3036 quantumcunque
3206 2973 3311 3029 est,
3344 2967 3499 3035 agni-

1940 3060 2053 3105 tum
2082 3051 2264 3119 fuerit,
2322 3062 2598 3124 receptum
2653 3056 3210 3126 comprobatumque:
3264 3071 3375 3111 non
3403 3057 3497 3112 de-

276 3157 428 3201 satus
458 3147 637 3203 fuisse
678 3147 926 3203 videatur
952 3148 1218 3204 llenricus
1242 3148 1553 3225 Wottonus,
1586 3147 1840 3203 solertem
1870 3153 1910 3212 (ζ
1947 3143 2094 3200 fuere
2123 3155 2303 3199 tamen
2331 3146 2434 3201 hoc
2463 3154 2517 3201 et
2547 3148 2827 3217 superiore
2848 3149 3045 3204 sarculo
3064 3187 3079 3213 ,
3125 3146 3216 3219 qui
3248 3148 3495 3203 vitiatum

276 3240 420 3293 hunc
464 3239 730 3295 editorem
770 3240 939 3297 ferme
992 3242 1189 3311 ubique
1235 3256 1353 3295 sum
1404 3244 1706 3294 assectatus
1739 3251 1839 3293 :ea

274 3338 459 3386 tamen
501 3331 742 3385 adhibita
780 3332 1007 3395 ratione,
1037 3339 1095 3387 ut
1140 3331 1399 3386 nonnulla
1430 3328 1754 3401 quandoque
1783 3328 1839 3381 in

277 3421 423 3477 notis
457 3420 786 3490 subjecerim
834 3438 899 3477 ex
949 3423 1101 3477 Millii
1154 3422 1454 3492 praesertim
1506 3419 1836 3491 apographo,

277 3530 395 3583 quae
418 3516 505 3569 vel
530 3514 709 3583 ipsum
730 3515 990 3569 editorem
1021 3514 1526 3585 Cantabrigiensem
1552 3513 1831 3583 fugerunt,

276 3616 332 3660 ut
371 3607 537 3661 modo
570 3606 906 3685 pratmonui;
939 3608 1068 3676 quin
1098 3608 1228 3662 etin
1260 3607 1497 3662 medium
1516 3605 1835 3677 protulerim

276 3701 487 3770 aliquot
528 3700 771 3754 virorum
792 3689 1131 3755 eruditorum
1154 3700 1528 3769 conjecturas,
1561 3698 1839 3754 Birrianas

278 3792 328 3845 in
353 3790 573 3859 primis,
606 3806 725 3859 qua:
755 3791 821 3844 ad
857 3805 1041 3845 veram
1076 3791 1361 3845 lectionem
1398 3790 1714 3853 eruendam,
1744 3789 1837 3843 ubi

276 3892 458 3939 textus
500 3884 722 3945 defecit,
764 3884 987 3952 propius
1017 3883 1312 3940 accessisse
1331 3884 1461 3940 visre
1488 3891 1634 3937 sunt.
1665 3879 1836 3935 Inter-

278 3977 644 4049 pretatinnem
688 3975 950 4030 Cotelerii
991 3991 1022 4029 a
1061 3973 1352 4031 Coutantio
1388 3975 1714 4029 recensitam
1745 3987 1835 4027 re—

278 4070 436 4132 tinui,
488 4068 596 4124 nisi
630 4068 788 4122 aliter
812 4067 1045 4121 suaserit
1082 4068 1326 4123 exactior
1365 4065 1570 4122 codicis
1603 4066 1837 4121 Alexan-

276 4159 419 4213 drini
453 4158 699 4223 collatio,
732 4173 762 4211 a
788 4155 1046 4213 Wottono
1060 4166 1114 4213 et
1140 4158 1309 4215 Millio
1336 4161 1625 4227 instituta;
1658 4158 1837 4214 sicubi

274 4252 419 4306 enim
468 4266 533 4303 ex
585 4248 688 4304 (ide
729 4266 833 4304 ms.
873 4250 1033 4303 lectio
1061 4250 1277 4320 vulgata
1328 4250 1672 4306 reformanda
1702 4250 1825 4317 fuit,

276 4342 657 4412 interpretatio
684 4356 901 4411 quoque
938 4351 995 4395 ut
1035 4340 1102 4395 ad
1137 4349 1341 4396 textum
1369 4340 1617 4397 Graecum
1656 4343 1836 4413 exige—

277 4440 424 4485 retur
445 4431 711 4500 oportuit.
742 4430 961 4495 Adhzec,
982 4429 1236 4487 Veterum
1261 4432 1571 4487 testimonia
1598 4432 1831 4503 prtemisi

274 4538 337 4575 ex
375 4521 723 4576 Coteleriana
777 4521 1015 4576 editione
1053 4521 1373 4591 desumpta;
1426 4522 1621 4591 quibus
1650 4529 1832 4576 tamen

275 4614 378 4665 alia
409 4613 674 4666 nonnulla
711 4614 936 4677 intexui,
968 4612 1179 4667 czeteris
1211 4623 1305 4667 aut
1337 4616 1699 4684 praetermissa
1740 4621 1831 4667 aut

274 4684 468 4758 invisa.
514 4702 839 4775 Fragmenta
888 4706 1013 4760 item
1055 4704 1395 4761 Clementina
1422 4706 1615 4776 adjeci,
1650 4722 1716 4762 ex
1764 4707 1830 4762 iis

272 4796 622 4863 potissimum
671 4795 834 4863 petita
884 4811 1003 4865 qua:
1045 4795 1369 4853 Coutantius
1408 4799 1685 4867 congessit
1722 4818 1735 4853 :
1775 4807 1830 4852 at

274 4891 453 4942 locum
492 4887 798 4941 lrenaicum
854 4888 922 4941 ab
975 4888 1095 4957 ipso
1123 4890 1409 4944 recitatum
1453 4891 1633 4958 omisi,
1664 4908 1823 4962 quem

276 4981 459 5048 potius
510 4979 653 5033 inter
699 4977 1007 5033 testimonia
1050 4978 1393 5035 referendum
1424 4984 1643 5052 censui;
1680 4985 1732 5038 in
1763 5000 1829 5040 eo

276 5085 509 5139 namque
541 5085 648 5123 non
697 5068 900 5139 aliquid
929 5071 1075 5133 novi,
1124 5071 1218 5125 sed
1261 5080 1466 5126 tantum
1508 5073 1765 5145 Epistola:
1808 5077 1827 5129 l

277 5163 538 5231 synopsin
574 5162 805 5216 lrenaaus
827 5162 1136 5218 exhibuisse
1158 5164 1486 5233 perhibetur,
1522 5176 1581 5219 ut
1612 5168 1829 5222 cuilibet

277 5251 562 5322 diligenter
590 5252 887 5307 attendenti
912 5264 1245 5325 compertum
1271 5256 1361 5310 ﬁet
1395 5276 1408 5310 :
1439 5258 1582 5328 quod
1610 5260 1825 5329 quidem

278 5360 474 5414 magno
502 5343 756 5400 Ecclesia:
778 5347 1053 5401 annalium
1084 5347 1292 5417 parenti
1312 5348 1629 5418 jampridem
1662 5350 1828 5404 subo-

281 5436 375 5489 luit
406 5435 511 5507 (7),
538 5452 660 5493 cum
690 5438 869 5493 adhuc
898 5438 1192 5495 Clementis
1224 5448 1401 5495 textus
1439 5441 1493 5494 in
1537 5441 1825 5496 bibliothe-

344 5590 418 5664 (ἶ)
458 5588 681 5664 ἰξυῖ-οη..
708 5594 771 5647 ad
795 5612 921 5650 ann.
949 5596 1035 5664 95,
1057 5612 1201 5652 num.
1235 5598 1286 5651 2.

298 5660 420 5737 “(8)
474 5660 696 5737 Diongs.
758 5660 1031 5721 Corinthf
1066 5670 1206 5737 apud
1262 5668 1457 5724 liuseb.
1503 5668 1641 5725 Hist.
1694 5674 1819 5728 εισι.

280 5731 367 5781 tib.
402 5746 475 5795 tv,
501 5745 551 5785 c.
576 5732 663 5787 23.

1942 3237 2081 3292 idem
2138 3238 2380 3308 mireque
2432 3239 2816 3311 interpolatum
2864 3241 3145 3297 obﬁrmate
3202 3241 3495 3297 contende-

1940 3330 2072 3388 rint.
2108 3330 2214 3387 Eos
2271 3332 2412 3389 inter
2452 3334 2654 3402 primas
2680 3340 2823 3389 tenet
2855 3332 3139 3389 Eduardus
3163 3333 3492 3396 Bernardus.

1940 3426 2097 3495 cujus
2138 3428 2338 3481 notulaz
2391 3426 2445 3481 in
2492 3434 2720 3496 utraque
2748 3423 3251 3481 Amstaelodamensi
3293 3426 3496 3482 Cotele-

1942 3518 2095 3571 riana
2124 3516 2344 3571 Patrum
2397 3517 2818 3587 apostolicorum
2848 3517 3085 3572 editione
3137 3526 3490 3587 comparent:

1940 3610 2140 3680 quibus
2176 3610 2427 3663 nimirum
2462 3609 2515 3662 in
2551 3608 2604 3663 id
2638 3609 2820 3680 Operis
2863 3608 3203 3680 potissimum
3232 3608 3376 3664 omni
3398 3609 3493 3663 ad-

1939 3700 2108 3755 bibito
2152 3707 2351 3755 conatu
2413 3699 2678 3755 incumbit
2741 3700 2825 3754 vir
2881 3697 3307 3770 κριτικὼτατος,
3384 3713 3494 3767 quo

1939 3794 2077 3847 hanc
2107 3793 2386 3862 epistolam
2421 3807 2451 3845 a
2505 3792 2668 3861 plano
2710 3792 2954 3862 improbo
2992 3791 3189 3845 misere
3236 3790 3493 3845 fmdatam

1939 3884 2182 3948 suadeat,
2208 3883 2297 3952 qui
2318 3883 2580 3937 Clementi
2615 3881 2859 3936 Romano
2902 3881 3215 3935 innumeras
3246 3879 3493 3935 Clemen-

1937 3976 2010 4031 tis
2035 3976 2385 4031 Alexandrini
2408 3976 2633 4031 lacinias
2657 3976 2920 4031 adsuerit.
2954 3974 3255 4031 SeVerioris
3311 3985 3491 4029 autem

1938 4068 2101 4138 hujus
2121 4069 2300 4124 critici
2326 4070 2526 4140 placita
2559 4068 2755 4124 Joanni
2784 4068 2995 4124 Clerico
3026 4069 3339 4139 plerumque
3364 4083 3492 4138 pro-

1936 4160 2155 4227 bantur,
2185 4162 2275 4231 qui
2300 4178 2362 4216 ea
2391 4161 2597 4230 primus
2633 4161 2687 4215 in
2718 4160 2909 4230 vulgus
2951 4160 3147 4215 emisit.
3192 4146 3491 4229 Utrumque

1935 4268 2121 4323 porro,
2157 4253 2251 4308 sed
2288 4252 2622 4307 Bernardum
2654 4255 2977 4323 praesertim,
3014 4252 3186 4306 solide
3237 4250 3490 4305 refutavit

1938 4347 2187 4402 laudatus
2211 4346 2493 4402 Henricus
2516 4345 2805 4400 Wottonus
2829 4347 2882 4399 in
2914 4345 3059 4400 notis
3086 4343 3153 4398 ad
3193 4342 3478 4397 Clementi-

1935 4454 2036 4494 nas
2092 4439 2369 4508 epistolas,
2418 4454 2646 4508 quarum
2691 4437 2982 4492 editionem
3031 4450 3096 4490 eo
3145 4433 3487 4503 potissimum

1938 4533 2156 4588 nomine
2186 4548 2216 4587 a
2247 4548 2303 4588 se
2324 4533 2638 4588 adornatam
2672 4530 2954 4601 proﬁtetur
2975 4528 3073 4601 (9).
3106 4526 3303 4583 Verum
3343 4526 3487 4580 haud

1934 4627 2114 4699 pigeat
2142 4625 2431 4695 ipsummet
2484 4623 2949 4678 accuratissimum
2999 4620 3259 4675 editorem
3291 4617 3391 4671 hac
3421 4617 3488 4671 de

1934 4733 1992 4772 re
2024 4718 2379 4772 disserentem
2432 4712 2620 4769 audire
2669 4713 2814 4785 (10):
2881 4731 2898 4762 ι
2936 4709 3080 4764 irriti
3110 4719 3255 4771 sunt,
3288 4707 3482 4777 inquit,

1934 4807 2097 4877 hujus
2128 4805 2431 4876 (Bernardi)
2476 4812 2742 4871 conatus;
2777 4803 2867 4872 qui
2901 4803 3045 4857 enim
3077 4800 3178 4855 hoc
3230 4799 3390 4853 modo
3418 4813 3484 4853 ex

1931 4898 2206 4953 Clemente
2235 4895 2603 4951 Alexandrino
2642 4895 2838 4966 arguit,
2878 4902 2969 4948 aut
3010 4910 3133 4950 eum
3180 4908 3288 4946 non
3320 4891 3484 4965 probe

1930 4990 2100 5053 novit,
2148 4997 2240 5041 aut
2282 4988 2421 5041 mala
2472 4987 2573 5042 [ide
2616 4989 2726 5057 agit
2768 5005 2781 5041 :
2839 4986 3029 5042 eadem
3074 4984 3215 5039 enim
3275 4982 3484 5036 ratione

1931 5092 2110 5138 actum
2140 5082 2243 5136 erit
2274 5083 2339 5137 de
2370 5082 2649 5136 authentia
2682 5091 2733 5136 et
2757 5080 2859 5133 ﬁde
2885 5095 3070 5134 eorum
3103 5076 3367 5139 omnium,
3390 5076 3483 5146 qui

1929 5192 1958 5230 a
2004 5176 2278 5232 Clemente
2333 5174 2703 5231 Alexandrino
2754 5188 2980 5242 usquam
3039 5172 3298 5233 citantur,
3344 5168 3485 5223 scri-

1929 5276 2163 5337 ptorum.
2180 5267 2349 5323 Nemo
2370 5268 2511 5323 enim
2529 5266 2748 5320 Patrum
2772 5266 2965 5334 majori
2995 5264 3210 5319 licentia
3238 5270 3319 5318 est
3349 5276 3480 5318 usus

1928 5359 1981 5412 in
2016 5357 2249 5412 citandis
2275 5357 2608 5419 auctoribus,
2627 5356 2741 5411 sive
2765 5356 2935 5410 sacris
2957 5354 3068 5409 sive
3090 5352 3478 5419 cthnicis;cum

1927 5448 1973 5502 ei
2002 5447 2059 5501 in
2092 5463 2241 5503 more
2269 5448 2357 5505 sit.
2392 5463 2499 5503 non
2523 5448 2729 5518 integra
2760 5452 3039 5501 auctorum
3070 5445 3233 5499 verba
3268 5457 3475 5513 semper

1998 5603 2072 5669 (9)
2129 5601 2696 5663 Prmfat.adClement.
2732 5601 2925 5672 Epist.,
2972 5604 3176 5674 p.207.

1925 5674 2108 5799 40(10)
2168 5673 2223 5728 In
2273 5682 2383 5727 not.
2440 5674 2507 5727 ad
2559 5674 2726 5728 Clem.
2782 5673 3072 5745 Epistyi,
3121 5690 3242 5746 cap.
3298 5674 3369 5730 9.
3423 5691 3455 5745 p
