4070 6340
528 351 592 410 Oi
1645 351 1735 406 AD
1775 350 1833 408 S.
1872 348 2291 408 CLEMENTEM
2326 349 2347 405 I
2385 350 2613 406 PAPAM
3666 349 3734 405 92

528 462 781 528 recitare,
836 463 932 521 sed
987 478 1085 534 pro
1128 466 1354 522 arbitrio
1410 478 1509 521 suo
1557 481 1703 520 nunc
1736 466 2076 531 contrahere,
2105 464 2323 528 ΔιιτίΠί
2354 480 2419 522 ex
2453 481 2562 537 quo
2586 465 2919 536 descriptum
2946 474 3028 522 est
3083 465 3381 537 pretiosum
3437 463 3569 520 Illud
3620 481 3734 518 κει-

530 568 677 610 nunc
706 554 774 610 de
822 570 924 610 suo
971 555 1245 623 inserere,
1306 556 1412 611 alia
1455 558 1726 622 omittere,
1776 559 1883 612 alia
1909 558 2077 613 variis

532 645 709 701 modis
762 653 993 703 mutare.
1050 678 1121 689 —
1162 648 1222 704 Si
1266 648 1335 705 ad
1406 649 1523 705 haec
1572 649 1761 707 sedqu
1805 649 2075 715 attendas,

535 749 819 805 agnosces,
843 737 932 808 pie
948 737 1162 806 Lector,
1185 754 1422 805 mecum,
1462 756 1528 796 ex
1556 741 1923 796 Alexandrino
1970 757 2077 796 non

534 825 910 895 interpolatam
969 826 1159 894 fuisse,
1205 830 1367 886 toties
1416 830 1484 885 ab
1542 831 1780 887 Ecclesia
1827 831 2079 902 primaeva

531 915 853 971 celebratam
890 919 1161 984 laudibus,
1186 920 1293 975 imo
1318 932 1371 976 et
1413 936 1537 975 cum
1584 922 1755 978 sacris
1783 920 2079 993 Scripturis

428 1040 429 1043 η
529 1006 742 1076 publice
770 1008 962 1064 lectam
994 1008 1225 1065 Romani
1254 1010 1547 1067 Clementis
1580 1011 1925 1084 Epistolam.)
1954 1013 2080 1069 Htec

535 1098 824 1155 Wottonus
849 1118 863 1167 ;
889 1101 976 1156 cui
1010 1109 1188 1157 tamen
1220 1103 1504 1172 praeiverat
1543 1102 1780 1159 Joannes
1817 1103 2076 1160 Potterus

526 1191 613 1245 vir
641 1192 775 1247 clar.
807 1192 865 1246 in
912 1192 1472 1248 animadversionibus
1493 1193 1561 1247 ad
1603 1193 1931 1250 Clementem
1955 1194 2080 1250 Ale-

528 1281 855 1336 xandrinum
886 1281 1019 1353 (II),
1052 1282 1145 1336 ubi
1176 1285 1482 1338 summatim
1520 1283 1758 1353 quidem,
1807 1284 1903 1340 sed
1940 1284 2079 1338 acri-

528 1384 630 1438 ter,
661 1374 920 1429 Bernardi
944 1374 1366 1443 conjectationcs
1391 1377 1554 1432 elisit.

600 1466 772 1535 Hujus
799 1481 927 1522 vero
950 1466 1128 1520 critici
1155 1466 1313 1538 Angli
1336 1468 1560 1539 vostigia
1593 1484 1780 1539 presso
1812 1469 1943 1539 pede
1965 1484 2082 1539 per-

535 1557 783 1627 sequitur
808 1556 1047 1614 Joannes
1074 1556 1400 1615 Laurentius
1428 1560 1902 1634 Moshemius(l2),
1920 1578 2078 1633 quem

528 1649 578 1703 si
611 1647 823 1713 audias,
868 1649 1164 1707 Clementis
1210 1652 1439 1721 epistola
1489 1654 1515 1706 1
1569 1663 1761 1723 quarta
1814 1656 1898 1710 sui
1928 1664 2081 1725 parte

527 1737 837 1793 mulctanda
862 1739 958 1794 tibi
984 1741 1088 1795 erit
1127 1741 1253 1795 hinc
1281 1748 1334 1797 et
1368 1742 1538 1806 illinc,
1572 1758 1602 1797 a
1634 1743 1810 1813 capite
1840 1743 1873 1799 9
1902 1744 1970 1800 ad
1989 1746 2076 1800 55.

530 1830 638 1886 Sed
678 1846 786 1885 non
834 1831 1015 1900 priora
1067 1832 1285 1904 quidem
1316 1833 1501 1889 decem
1532 1836 1731 1905 capita,
1781 1851 1847 1892 eo
1873 1836 2076 1906 judice,

528 1922 1034 1992 abinterpolatione
1076 1932 1202 1979 sunt
1250 1940 1473 1994 prorsus
1501 1926 1779 1983 immunia.
1806 1928 1875 1983 At
1898 1929 2081 1984 inania

528 2030 653 2071 esse
682 2030 746 2070 ac
775 2014 950 2071 iutilia
969 2016 1250 2073 Moshemii
1279 2031 1595 2087 argumenta
1622 2020 1677 2074 in
1700 2020 1874 2076 oculis
1902 2022 2084 2091 posuit

527 2104 764 2162 Joannes
794 2106 1102 2163 Ludovicus
1125 2106 1262 2180 Frey
1289 2108 1399 2179 (15)
1425 2129 1438 2165 :
1480 2110 1747 2181 siquidem
1783 2112 1979 2167 invicte
1998 2112 2084 2167 vir

525 2198 775 2255 eruditus
803 2200 1143 2255 evincitcum
1169 2216 1237 2256 ex
1266 2202 1590 2273 antiquitate
1618 2204 1826 2260 codicis
1847 2204 2083 2261 Alexan-

773 2311 940 2383 Epist.
976 2315 1001 2369 I
1046 2313 1326 2371 Clementis
1369 2317 1435 2370 ad
1482 2316 1801 2375 Corinthios.

595 2427 727 2497 Cap.
759 2426 803 2484 I.
836 2428 1081 2495 Γυναιξίν
1107 2447 1166 2483 τε
1192 2462 1262 2471 -
1289 2431 1710 2502 παρηγγέλλετε,
1755 2433 2086 2505 στεργούσας

527 2517 872 2589 καθηκόντως
920 2523 1045 2585 τοὺς
1091 2521 1287 2594 ἄνδρας
1319 2523 1525 2578 ἑαυτῶν
1574 2556 1644 2566 -
1688 2524 1826 2580 πάνυ
1883 2543 2086 2601 σωφρο-

526 2626 739 2674 νουσας.

594 2702 728 2774 Cap.
757 2700 827 2761 ν.
858 2703 1065 2777 Πέτρος
1082 2738 1150 2748 -
1167 2705 1309 2761 οὕτω
1339 2707 1694 2781 μαρτυρήσας
1720 2709 1989 2783 ἐπορεύθη
2008 2712 2086 2777 εις

527 2794 617 2848 τὸν
649 2794 989 2867 ὀφειλόμενον
1008 2797 1169 2852 τόπον
1187 2798 1288 2869 τῆς
1314 2798 1488 2870 δόξης.

597 2881 731 2952 Cap.
763 2881 877 2939 VII.
911 2884 1001 2938 Διὸ
1022 2885 1403 2960 ἀπολείπωμεν
1421 2888 1519 2953 τάς
1545 2889 1705 2955 κενὰς
1729 2891 1825 2945 καὶ
1852 2892 2085 2964 ματαίας

528 2977 831 3047 φροντίδας,
861 2979 955 3033 καὶ
996 2979 1234 3052 ἔλθωμεν
1262 2982 1355 3036 ἐπὶ
1394 2983 1484 3039 τὸν
1521 2983 1715 3055 εὐκλεῆ
1750 2984 1845 3040 καὶ
1893 2986 2085 3059 σεμνὸν

526 3060 628 3131 τῆς
657 3063 815 3137 ἀγίας
846 3064 1089 3136 κλήσεως
1114 3070 1145 3138 ἠ
1156 3067 1270 3138 μῶν
1301 3071 1518 3126 κανόνα.

599 3129 733 3223 ϐαρ.
764 3134 855 3210 IX.
885 3129 977 3208 Διὸ
1004 3129 1399 3232 ὑπακούσωμεν
1442 3165 1509 3236 τῇ
1554 3162 1955 3237 μεγαλοπρεπεῖ
1991 3164 2086 3220 καὶ
2110 3129 2153 3187 C

529 3241 721 3315 ἐνδόξῳ
775 3243 1021 3317 βουλήσει
1075 3247 1241 3303 αὑτοῦ
1300 3249 1483 3326 [Θεοῦ]
1513 3285 1581 3295 -
1618 3253 1965 3321 ἀπολιπόντες
1991 3255 2088 3329 τὴν

534 3334 941 3403 ματαιοπονίαν,
970 3335 1070 3406 τήν
1095 3352 1153 3390 τε
1182 3337 1381 3409 ἐριν,κ.
1412 3358 1464 3396 τ.
1496 3342 1548 3395 λ.

601 3423 735 3494 Cap.
792 3424 932 3483 XIII.
978 3430 1329 3501 Μεμνημένοι
1373 3432 1480 3487 τῶν
1518 3434 1691 3505 λόγων
1740 3434 1836 3490 τοῦ
1885 3437 2088 3510 Κυρίου

529 3514 727 3605 Ἰησοῦ,
755 3516 851 3605 οὓς
875 3517 1129 3591 ἐλάλησεν
1156 3517 1584 3593 διδάσκωνσ--ᾧ
1593 3526 1785 3605 μέτρῳ
1803 3529 2086 3600 μετρεῖτε,

528 3601 599 3655 ἐν
627 3602 786 3669 αὐτῷ
807 3605 1241 3674 μετρηθήσεται
1266 3609 1427 3680 ὑμῖν.

601 3696 732 3763 Cap.
764 3695 907 3752 XXI.
942 3699 1167 3771 Ἴδωμεν
1196 3700 1311 3765 πῶς
1325 3702 1490 3772 ἐγγύς
1516 3703 1662 3758 ἐστιν
1682 3703 1733 3777 [ό
1752 3704 1977 3779 Κύριος]
1998 3706 2091 3761 καὶ

532 3784 614 3837 ὅτι
639 3785 789 3839 οὐδὲν
817 3785 1035 3858 λέληθεν
1067 3789 1229 3843 αὐτὸν
1255 3790 1361 3845 τῶν
1390 3792 1605 3847 ἐννοιῶν
1632 3796 1665 3865 ἡ
1675 3794 1808 3865 μῶν,
1839 3795 1956 3850 οὐδὲ
1983 3797 2090 3850 τῶν

533 3875 891 3949 διαλογισμῶν
919 3876 994 3931 ῶν
1028 3879 1353 3958 ποιούμεθα·
1384 3914 1453 3924 -
1493 3884 1781 3957 ἐρευνητὴς
1808 3886 1917 3958 γάρ
1943 3868 2090 3943 ἐστιν

535 3968 752 4021 ἐννοιῶν
780 3969 873 4022 καὶ
902 3956 1107 4043 ἐνθυῖιή
1115 3988 1266 4026 σεων.

608 4058 744 4113 Ibid.
779 4060 918 4124 Τοὺς
958 4062 1111 4126 νεοὺς
1154 4062 1526 4135 παιδεῦσωμεν
1568 4065 1666 4138 τὴν
1709 4068 1952 4123 παιδείαν
1996 4069 2089 4124 τοῦ

536 4153 700 4226 φόϐου
730 4154 824 4208 τοῦ
855 4154 988 4209 Θεοῦ
1007 4172 1023 4189 ο
1065 4155 1164 4221 τάς
1207 4161 1467 4226 γυναῖκας
1492 4158 1648 4231 ἡμῶν
1675 4161 1767 4215 ἐπὶ
1799 4162 1860 4216 τὸ
1891 4164 2092 4233 ἀγαθὸν

534 4244 985 4318 διορθωσώμεθαο
1045 4247 1106 4301 τὸ
1148 4247 1517 4321 ἀξιαγάπητον
1554 4252 1652 4323 τῆς
1694 4254 1912 4322 ἁγνείας
1962 4251 2092 4329 ἦθος

536 4336 955 4404 ἐνδειξάσθωσαν
975 4356 990 4371 ο
1043 4371 1112 4380 -
1163 4339 1260 4412 τὴν
1320 4340 1538 4413 ἀγάπην
1594 4344 1771 4398 αὐτῶν
1826 4345 1899 4418 μὴ
1953 4348 2093 4402 κατά

2184 555 2393 627 μήλιον,
2447 563 2564 611 tum
2599 570 2667 611 ex
2710 564 2952 612 veterum
2980 556 3199 613 Patrum
3226 555 3575 620 testimoniis,
3632 572 3735 613 nos

2180 646 2425 701 eamdem
2457 646 2680 703 omnino
2732 648 3013 719 epistolam
3071 648 3292 714 habere,
3350 662 3511 719 quam
3552 648 3739 704 habuit

2179 744 2396 794 vetusta
2426 736 2703 805 Ecclesia;
2737 753 2900 809 quam
2948 738 3238 794 audierunt
3274 737 3331 792 in
3378 739 3550 794 sacris
3578 739 3738 794 coeti-

2181 827 2284 885 bus
2312 828 2553 900 primaevi
2578 828 2897 894 Christiani,
2937 829 3067 884 dum
3114 828 3292 883 adhuc
3334 828 3453 898 ejus
3483 828 3737 885 lectionis

2179 937 2314 978 usus
2342 922 2581 995 vigeret;
2606 938 2768 994 quam
2791 921 3023 993 denique
3051 923 3292 993 legerunt
3314 919 3606 994 Dionysius
3628 922 3739 977 Co-

2180 1013 2438 1080 rinthius,
2466 1012 2716 1069 Clemens
2749 1012 3147 1068 Alexandrinus
3169 1053 3183 1079 ,
3217 1011 3455 1085 Cyrillus
3480 1010 3738 1069 Hieroso-

2179 1104 2494 1176 lymitanus,
2525 1103 2907 1177 Hieronymus,
2941 1112 2995 1160 et
3023 1104 3222 1161 caeteri.

2251 1194 2451 1250 Verum
2483 1195 2531 1250 si
2578 1195 2741 1252 altius
2789 1196 2969 1251 adhuc
3024 1196 3424 1252 assurrexisset‘
3463 1194 3547 1249 vir
3571 1196 3727 1260 clar.,

2178 1283 2414 1339 vetustis
2470 1282 2581 1339 illis
2648 1282 2905 1339 Ecclesiae
2961 1284 3321 1355 scriptoribus
3379 1286 3734 1343 vetustiorem

2177 1377 2341 1433 etiam
2371 1376 2572 1433 addere
2625 1385 2837 1448 poterat
2888 1378 3271 1450 Polycarpum,
3330 1379 3733 1435 sanctissimum

2180 1467 2562 1541 Smyrnensem
2592 1470 2904 1542 episcopum
2935 1479 2988 1526 et
3008 1479 3295 1544 martyrem
3322 1516 3337 1540 ,
3364 1472 3455 1543 qui
3491 1472 3733 1527 eamdem

2186 1558 2582 1616 Clementinam
2627 1561 2922 1632 Epistolam
2982 1578 3146 1617 manu
3195 1579 3465 1629 versasse,
3520 1564 3653 1634 quin
3680 1571 3735 1619 et

2179 1652 2443 1707 nonnulla
2469 1667 2533 1707 ex
2557 1667 2619 1707 ea
2642 1668 2778 1723 pene
2804 1652 2975 1708 verbo
3003 1662 3159 1709 tenus
3188 1662 3439 1724 excerpta
3470 1654 3527 1708 in
3577 1669 3735 1710 suam

2182 1744 2249 1798 ad
2279 1743 2654 1813 Pbilippenses
2687 1743 2983 1814 Epistolam
3026 1745 3372 1801 transtulisse
3399 1745 3733 1816 perhibetur.

2180 1835 2364 1906 Neque
2393 1836 2626 1891 fortasse
2653 1837 2887 1892 otiosum
2927 1835 3110 1900 fuerit,
3151 1852 3271 1907 qua:
3324 1837 3457 1892 viris
3504 1837 3735 1891 eruditis

2180 1926 2446 1995 nobisque
2498 1926 2786 1981 observata
2834 1924 2901 1981 de
2944 1926 3330 1999 Polycarpiana
3380 1928 3607 1983 lectione
3643 1944 3737 1982 oc-

2182 2024 2433 2081 currunt,
2476 2016 2531 2070 in
2570 2033 2738 2071 unum
2760 2030 3017 2089 congesta
3050 2027 3213 2089 atque
3259 2018 3487 2074 invicem
3517 2034 3736 2089 compa-

2180 2114 2303 2161 rata
2334 2109 2388 2161 in
2424 2108 2662 2163 medium
2700 2109 2965 2179 proferre.
3024 2109 3105 2165 En
3155 2111 3336 2182 itaque
3366 2111 3609 2166 locorum
3639 2111 3736 2164 ali-

2182 2204 2316 2269 quot
2342 2199 2763 2269 parallelismum
2790 2200 3119 2257 institutum.

2527 2314 2700 2386 Epist.
2735 2315 3016 2388 Polycarpi
3042 2316 3111 2371 ad
3154 2316 3378 2386 Philipp.

2250 2428 2382 2500 Cap.
2419 2427 2504 2484 IV.
2537 2429 2841 2502 Διδάξωμεν
2894 2462 2964 2472 -
3020 2430 3119 2494 τὰς
3171 2434 3429 2500 γυναῖκας
3483 2430 3634 2502 ὑμῶν
3665 2459 3731 2471 -—

2183 2520 2513 2593 στεργούσας
2536 2520 2663 2584 τοὺς
2694 2521 2899 2576 ἑαυτῶν
2924 2521 3119 2594 ἀνδρας
3137 2522 3195 2576 ἐν
3223 2521 3371 2596 πάσῃ
3397 2520 3620 2594 ἀληθείᾳ
3643 2522 3737 2575 καὶ

2181 2645 2250 2656 -
2281 2616 2341 2669 ἐν
2369 2615 2519 2689 πάσῃ
2546 2616 2857 2689 ἐγκρατείᾳ.

2253 2707 2385 2780 Cap.
2408 2706 2499 2764 IX.
2524 2708 2728 2780 Πέτρος
2756 2708 2849 2761 καὶ
2880 2705 3090 2771 Παῦλος
3109 2697 3330 2760 -οῦτοι
3358 2705 3641 2771 πάντες-
3660 2706 3738 2768 εις

2181 2801 2272 2855 τὸν
2297 2799 2635 2871 ὀφειλόμενον
2666 2799 2847 2861 αὐτοῖς
2872 2796 3034 2851 τόπον
3064 2796 3169 2849 εἰσὶ
3196 2796 3346 2868 παρά
3370 2796 3448 2868 τῷ
3474 2795 3683 2868 Κυρίῳ.

2254 2894 2387 2964 Cap.
2430 2891 2545 2947 VII.
2578 2892 2668 2946 Διὸ
2710 2889 3061 2954 ἀπολιπόντες
3105 2888 3203 2960 τὴν
3247 2890 3577 2960 ματαιότητα
3629 2888 3740 2942 τῶν

2183 2984 2390 3040 πολλῶν
2416 3013 2487 3025 —-
2509 2983 2602 3036 ἐπὶ
2630 2982 2721 3037 τὸν
2762 2980 2823 3047 ἐξ
2859 2981 3032 3053 ἀρχῆς
3076 2982 3208 3052 ἡμῖν
3250 2979 3618 3052 παραδοθέντα
3660 2978 3741 3032 λό-

2183 3095 2279 3150 γον
2306 3074 2733 3148 ἐπιστρέψωμεν.

2252 3169 2390 3239 Cap.
2421 3165 2487 3223 ll.
2516 3166 2607 3221 Διὸ
2636 3165 3040 3236 ἀναζωσάμενοι
3058 3165 3157 3231 τὰς
3173 3164 3399 3235 ὀσφύας,
3426 3163 3740 3219 δουλεύσατε

2184 3256 2264 3330 τῷ
2290 3256 2407 3327 Θεῷ
2435 3256 2492 3310 ἐν
2519 3253 2669 3326 φόϐῳ
2697 3254 2791 3308 καὶ
2820 3253 3063 3327 ἀληθείᾳ,
3079 3252 3430 3317 ἀπολιπόντες
3457 3252 3554 3324 τὴν

2190 3345 2590 3422 ματαιολογίαν,
2620 3345 2716 3400 καὶ
2743 3343 2840 3416 τὴν
2872 3343 2979 3397 τῶν
3007 3341 3214 3397 πολλῶν
3241 3343 3466 3414 πλάνην.

2252 3436 2384 3508 Cap.
2416 3436 2481 3493 ll.
2515 3436 2991 3507 Μνημονεύσαντες
3019 3433 3074 3487 δέ
3101 3428 3174 3489 ὧν
3204 3429 3355 3489 εἶπεν
3382 3435 3412 3487 ό
3439 3433 3642 3506 Κύριος
3670 3435 3742 3489 δι-

2185 3528 2566 3585 δάσκωνο--ἐν
2591 3524 2638 3594 ᾧ
2660 3528 2852 3600 μέτρῳ
2871 3524 3152 3598 μετρεῖτε,
3182 3525 3742 3597 ἀντιμετρηθήσεται

2186 3621 2345 3691 ὑμῖν.

2257 3708 2389 3779 ϐαρ.
2428 3706 2517 3763 IV.
2550 3705 2775 3761 Γινώσκ.
2834 3738 2900 3748 -
2955 3706 3036 3760 ὅτι
3089 3704 3140 3779 [ὁ
3184 3703 3338 3777 Θεὸς]
3379 3704 3555 3759 πάντα
3584 3704 3744 3775 ἡμῶν

2189 3802 2466 3855 σκοπεῖται
2485 3837 2500 3863 ,
2541 3798 2633 3852 καὶ
2677 3795 2895 3868 λέληθεν
2947 3795 3108 3849 αὑτὸν
3162 3793 3333 3857 οὐδὲν,
3390 3792 3513 3846 οὔτε
3567 3792 3747 3861 λογισο

2192 3892 2307 3964 μῶν
2325 3931 2340 3956 ,
2370 3890 2492 3944 οὔτε
2518 3889 2732 3943 ἐννοιῶν
2750 3927 2765 3953 ,
2811 3887 2932 3941 οὔτε
2974 3904 3026 3940 τι
3063 3885 3169 3941 τῶν
3198 3884 3452 3956 κρυπτῶν
3482 3883 3580 3955 τῆς
3606 3900 3745 3955 καρ-

2187 3983 2323 4047 δίας.

2259 4072 2394 4129 Ibid.
2443 4070 2747 4143 Διδάξωμεν
2798 4100 2869 4111 --
2917 4069 3015 4131 τάς
3081 4068 3341 4135 γυναῖκας
3392 4062 3543 4135 ὑμῶν
3600 4061 3747 4134 [πο-

2191 4162 2476 4237 ρεύεσθαι]
2505 4165 2563 4217 ἐν
2604 4165 2670 4236 τῇ
2696 4160 2913 4235 δοθείσῃ
2956 4159 3145 4221 αὐταῖς
3187 4158 3365 4211 πίστει
3412 4157 3505 4211 καὶ
3549 4155 3747 4230 ἀγάπῃ

2190 4257 2284 4311 καὶ
2313 4255 2501 4328 ἀγνείᾳ
2518 4285 2586 4297 -
2604 4254 2697 4309 καὶ
2722 4250 3020 4322 ἀγαπώσας
3051 4251 3255 4315 πάντας
3275 4249 3334 4315 ἐξ
3368 4250 3477 4304 ῐσου
3505 4249 3563 4302 ἐν
3592 4247 3747 4321 πάσῃ

2190 4346 2501 4420 ἐγκρατείᾳ·
2532 4345 2625 4400 καὶ
2650 4344 2718 4399 τά
2743 4343 2907 4399 τέκνα
2936 4342 3205 4398 παιδεύειν
3230 4340 3329 4415 τὴν
3371 4338 3619 4394 παιδείαν
3646 4337 3744 4392 τοῦ

536 4428 903 4500 προσκλίσεις,
934 4427 1067 4482 ἀλλά
1105 4430 1270 4484 πᾶσιν
1297 4433 1409 4495 τοῖς
1438 4430 1786 4503 φοϐουμένοις
1829 4434 1920 4490 τὸν
1961 4434 2090 4492 Θεδν
2120 4471 2165 4528 D
2192 4439 2357 4510 φόϐου
2384 4436 2480 4493 τοῦ
2507 4435 2662 4492 Θεοῦ.

534 4522 717 4585 ὁσίως,
746 4521 865 4593 ῐσην
894 4521 1293 4594 παρεχέτωσαν.

608 4632 686 4688 Ex
712 4633 977 4690 hactenus
1006 4633 1184 4690 allatis
1206 4635 1525 4706 collatisque
1556 4636 1690 4693 locis
1727 4638 2010 4696 manifeste
2038 4642 2099 4697 li-

536 4729 689 4793 quet,
721 4731 779 4775 ut
811 4722 1025 4793 quidem
1064 4724 1321 4788 arbitror,
1353 4726 1424 4781 ab
1454 4726 1638 4781 ultima
1666 4743 1838 4797 usque
1854 4730 2094 4800 antiqui-

540 4822 650 4869 tate
670 4812 1224 4886 Polycarpo,Joannis
1243 4819 1591 4887 evangelista:
1610 4819 1899 4889 discipulo,
1927 4819 2096 4877 fuisse

540 4904 832 4975 perlectam
886 4903 1183 4960 Clementis
1240 4902 1470 4961 Romani
1524 4907 1819 4978 Epistolam
1867 4925 1973 4980 qua
2028 4909 2097 4966 de

539 4998 791 5069 agimus,
851 5013 1079 5071 eamque
1137 5015 1249 5071 pra
1311 4998 1484 5055 oculis
1540 4998 1795 5056 habuisse
1849 5009 2095 5056 sanctum

541 5090 925 5162 Smyrnensem
983 5092 1306 5157 antistitem,
1355 5090 1486 5146 dum
1531 5106 1683 5146 suam
1737 5091 2001 5148 scriberet
2028 5093 2096 5148 ad

542 5180 957 5253 Philippenses:
990 5183 1135 5239 unde
1156 5191 1276 5238 orta
1321 5183 1619 5239 similitudo
1661 5183 1773 5250 illa,
1825 5198 1945 5253 qua:
1988 5200 2095 5240 non

542 5273 716 5327 solum
745 5274 993 5330 eumdem
1024 5275 1225 5347 stylum
1269 5274 1490 5345 ubique,
1542 5273 1637 5328 sed
1667 5273 1854 5329 eadem
1882 5290 2100 5345 quoque

548 5379 683 5434 pene
711 5365 876 5421 verba
901 5364 1107 5421 referre
1136 5364 1281 5420 haud
1321 5364 1488 5420 semel
1525 5363 1759 5422 videtur.
1812 5364 1947 5419 Cum
1990 5366 2096 5420 ita-

543 5472 649 5526 que
698 5456 753 5510 in
791 5454 1183 5528 Polycarpiana
1236 5456 1482 5529 perbrevi
1522 5455 1763 5528 Epistola
1810 5463 1892 5512 tot
1932 5471 2097 5527 appa-

618 5589 950 5661 (l:)Potter.
981 5590 1048 5645 ad
1085 5588 1258 5645 Clem.
1307 5590 1458 5645 Alex.
1503 5591 1698 5647 Strom.
1743 5590 1835 5645 lib.
1862 5605 1937 5654 tv,
1972 5603 2082 5660 cap.

549 5657 633 5717 I8.
668 5657 714 5729 ρ’
749 5661 875 5722 610,
906 5669 1018 5715 ιιοι.
1053 5661 1105 5715 4.

618 5728 730 5801 (ίῖ)
760 5730 935 5785 lnstit.
966 5731 1087 5786 hist.
1110 5730 1305 5786 Christ.
1334 5730 1524 5799 major.
1556 5747 1676 5788 me.
1704 5745 1800 5801 l,p.
1830 5728 2084 5784 2I2~2l5.

2190 4645 2346 4695 reant
2375 4634 2724 4692 Clementinte
2746 4632 3010 4704 vestigia;
3041 4631 3183 4685 hanc
3213 4643 3376 4684 unam
3406 4628 3478 4684 ob
3498 4641 3744 4693 causam,

2191 4727 2484 4793 Bernardi,
2535 4725 2730 4782 Clerici
2780 4740 2844 4780 ac
2899 4723 3179 4779 Moshemii
3227 4721 3649 4792 conjectationes
3677 4720 3747 4776 de

2150 4862 2153 4867 ‹
2194 4820 2358 4891 hujus
2380 4818 2598 4874 laciniis
2631 4832 2697 4873 ex
2725 4815 3001 4871 Clemente
3036 4812 3399 4869 Alexandrino
3423 4810 3744 4881 desumptis,

2193 4910 2417 4967 omnino
2443 4916 2768 4967 evanescant
2796 4914 3027 4978 oportet.

2262 5000 2449 5071 Neque
2477 5000 2568 5055 alii
2598 4998 2839 5071 profecto
2864 4999 3083 5063 desunt,
3124 4997 3217 5068 qui
3254 4996 3498 5068 ejusdem
3529 4994 3746 5066 Episto-

2195 5093 2260 5148 la
2277 5091 2646 5149 sinceritatem
2674 5090 2729 5144 in
2749 5089 2971 5143 dubium
3005 5094 3290 5154 revocent;
3316 5086 3461 5158 quod
3486 5086 3745 5140 nimirum

2195 5183 2454 5238 nonnulla
2488 5181 2732 5236 fabulosa
2761 5194 2870 5250 pra:
2897 5194 2957 5234 se
2986 5178 3119 5233 ferat
3144 5196 3159 5245 ;
3186 5179 3330 5249 quod
3383 5179 3563 5249 aliqua
3594 5178 3649 5231 in
3682 5192 3745 5232 ea

2196 5273 2574 5330 desiderantur
2601 5288 2631 5327 a
2677 5272 2906 5328 vetustis
2934 5271 3188 5325 Patribus
3217 5270 3464 5342 allegata,
3503 5277 3607 5325 etc.
3638 5267 3742 5324 Sed

2196 5365 2299 5422 hos
2328 5367 2659 5421 morosiorcs
2690 5365 2913 5420 criticos
2941 5365 3141 5419 missos
3172 5354 3433 5418 facimus:
3465 5370 3580 5417 tum
3598 5362 3745 5433 quod

2197 5473 2384 5514 eorum
2408 5458 2738 5527 objectiones
2765 5456 2906 5510 Ilum
2932 5456 3067 5511 adeo
3097 5456 3206 5509 talo
3255 5455 3518 5521 nitantur,
3563 5463 3622 5509 ut
3652 5470 3744 5525 pe-

2267 5590 2379 5715 (ἆδ)
2430 5590 2641 5646 Prazl'at.
2696 5586 2764 5643 ad
2810 5585 2981 5657 Epist.
3042 5587 3137 5645 SS.
3176 5588 3277 5645 PP.
3308 5588 3535 5658 apostol.
3596 5588 3740 5657 circ;

2196 5676 2335 5716 meo.

2614 5798 2626 5836 l
