4070 6340
291 356 367 413 93
1552 367 1898 427 PROLEMIA
1936 368 2299 427 VARIORUM
3445 377 3511 431 Μ

288 476 412 529 dem
436 487 562 529 cum
595 474 831 549 singulis
856 476 1107 536 conferre
1142 486 1285 535 haud
1310 484 1578 553 expediat,
1626 495 1740 541 tum
1790 487 1846 541 in
1877 498 1920 548 Α
1948 502 2111 557 porro
2141 502 2210 542 ne
2257 487 2404 541 illam
2450 488 2667 557 quidem
2700 487 3115 544 Corinthiorum
3164 492 3388 548 nomine
3436 494 3484 551 si

290 567 482 636 primis
510 568 658 636 quod
701 583 733 622 a
765 570 1038 643 plerisque
1088 573 1221 629 viris
1266 575 1491 631 eruditis
1524 593 1611 632 res
1640 578 1855 634 abunde

293 659 433 712 satis
454 658 611 713 fuerit
628 669 976 729 pertractata.
999 661 1235 718 Firmum
1264 665 1428 737 igitur
1452 676 1737 738 ratumque
1761 670 1851 734 sit,

292 768 604 823 germanam
635 754 861 809 omnino
890 772 1010 811 esse
1056 759 1290 826 priorem
1320 758 1616 815 Clementis
1642 763 1853 830 episto-

291 844 420 907 lam,
443 860 563 913 qua:
583 845 793 900 utinam
838 844 908 899 ad
953 862 1056 906 nos
1103 848 1855 923 integraperveuissethuid-

289 937 423 1005 quid
446 938 591 990 enim
623 940 680 992 in
702 953 765 992 ea
798 942 1129 1004 continetur,
1160 950 1403 1013 tempora
1436 946 1593 1016 plane
1635 956 1854 1015 aposto-

286 1026 392 1080 lica
424 1028 633 1095 refert;
692 1046 867 1100 neque
898 1033 1065 1085 ullum
1096 1050 1159 1088 ex
1189 1038 1334 1090 omni
1380 1044 1525 1091 retro
1555 1038 1855 1108 antiquita-

289 1126 343 1173 te
376 1121 654 1190 quispiam
678 1130 869 1178 testem
902 1126 1237 1195 produxerit,
1267 1128 1358 1197 qui
1390 1128 1635 1184 homines
1660 1129 1855 1184 corda-

288 1217 376 1263 tos
405 1208 475 1265 de
508 1211 654 1267 illius
720 1215 1032 1271 sinceritate
1063 1217 1255 1271 merito
1308 1219 1571 1287 ancipites
1624 1220 1852 1275 reddere

286 1301 489 1356 valeat.

360 1391 454 1447 lll.
488 1392 819 1453 Posterioris
864 1398 991 1453 item
1022 1400 1087 1453 ad
1112 1401 1422 1457 Corinthios
1448 1402 1702 1473 Epistola:
1729 1405 1852 1460 Cle-

288 1485 569 1547 nientinae,
601 1495 729 1539 sunt
784 1488 879 1558 qui
942 1505 1049 1544 non
1084 1492 1258 1546 solum
1305 1493 1609 1560 veritatem,
1661 1511 1846 1551 verum

287 1574 454 1626 etiam
482 1577 862 1645 antiquitatem
888 1579 1223 1651 impugnant.
1254 1582 1350 1638 His
1378 1600 1549 1655 nuper
1576 1586 1736 1641 etiam
1767 1603 1851 1643 ac-

286 1664 457 1716 cessit
494 1665 637 1720 haud
668 1667 957 1724 incelebris
981 1671 1206 1726 criticus
1245 1673 1583 1731 llermannus
1612 1675 1849 1732 Venema

288 1752 346 1805 in
375 1753 636 1824 Epistolis
668 1756 941 1830 Harlingie
961 1763 1247 1832 evulgatis,
1280 1779 1345 1819 eo
1373 1766 1717 1835 potissimum
1749 1783 1851 1822 no-

288 1844 457 1908 mine,
492 1862 602 1916 quo
627 1849 980 1918 epistolarum
1011 1852 1303 1908 Clementis
1334 1833 1519 1912 a-clar.
1550 1858 1851 1914 Wetstenio
1882 1833 1921 1886 Β

288 1938 437 1993 haud
472 1942 547 1994 ita
578 1944 788 2012 pridem
824 1946 1089 2001 editarum
1147 1948 1509 2018 integritatem
1545 1960 1848 2009 everteret:

287 2046 401 2100 qua
426 2032 497 2086 de
525 2048 582 2087 re
626 2049 750 2087 mox
781 2034 1028 2090 inferius.
1086 2035 1163 2092 Ne
1195 2039 1378 2107 itaque
1440 2039 1615 2095 olﬁcio
1664 2051 1851 2097 nostro

288 2121 493 2177 deesse
526 2123 821 2190 videamur,
851 2126 1202 2194 Cotelerium,
1239 2131 1473 2193 Bullum,
1504 2131 1848 2187 Coutantium

292 2213 551 2283 aliosque
575 2216 712 2269 viros
740 2216 935 2273 doctos
978 2222 1253 2286 assectati,
1289 2222 1721 2277 adversariorum
1753 2226 1851 2278 ob-

288 2307 676 2377 iectationibus
706 2308 888 2366 facere
920 2313 1055 2368 satis
1096 2329 1273 2384 opera:
1301 2318 1532 2385 pretium
1572 2317 1851 2370 existima-

290 2414 350 2451 m
357 2415 440 2455 US.

366 2491 773 2549 Observandum
807 2496 987 2566 itaque
1034 2498 1265 2566 primum
1319 2497 1615 2569 Epistolam
1647 2506 1853 2552 utram-

287 2600 397 2654 que
425 2600 491 2639 ex
522 2602 632 2639 uno
681 2589 975 2657 superstite
1004 2589 1373 2644 vetustissimo
1397 2589 1584 2643 codice
1613 2589 1850 2643 Alexan-

285 2677 449 2732 drino
480 2679 534 2732 in
569 2680 745 2735 lucem
777 2679 1066 2751 prodiisse.
1102 2679 1342 2745 Scilicet,
1387 2680 1558 2736 codex
1580 2681 1682 2735 iste
1716 2695 1851 2752 qua-

285 2776 417 2823 tuor
464 2770 834 2826 voluminibus
874 2780 1153 2833 constans,
1192 2771 1466 2841 przeﬁxum
1503 2771 1663 2826 habet
1710 2771 1851 2825 indi-

285 2862 476 2915 culum
507 2864 772 2916 librorum
806 2865 1090 2933 utriusque
1130 2863 1393 2926 Fmdcris,
1426 2864 1493 2917 ab
1515 2862 1756 2932 ejusdem
1786 2862 1852 2918 li-

284 2952 456 3008 brarii
509 2970 674 3008 manu
715 2955 1118 3010 characteribus
1174 2954 1481 3009 uncialibus
1534 2962 1846 3010 exaratum:

284 3061 449 3116 quem
482 3046 752 3116 integrum
776 3046 992 3101 exhibet
1021 3045 1345 3117 Beveregius
1375 3045 1508 3117 (14),
1537 3054 1590 3101 et
1633 3046 1849 3116 quidem

285 3154 505 3193 summa
537 3139 641 3194 ﬁde
662 3138 1015 3210 descriptum,
1045 3140 1181 3195 adeo
1203 3148 1260 3193 ut
1279 3154 1347 3194 ne
1375 3139 1604 3196 lacunas
1631 3140 1848 3211 quidem
1876 3164 1922 3226 ο

284 3229 650 3300 suppleverit,
681 3230 777 3285 sed
807 3230 897 3285 ubi
946 3230 1137 3285 litterae
1158 3229 1362 3300 quasvis
1404 3238 1559 3285 erant
1586 3238 1849 3288 vetustate

285 3321 527 3387 abrasas,
560 3321 635 3375 ibi
667 3321 960 3378 interstitia
988 3328 1241 3375 accurate
1263 3319 1510 3376 dimensa
1534 3321 1844 3393 reliquerit:

286 3410 435 3478 quod
497 3408 685 3463 itidem
755 3409 1006 3479 praestitit
1058 3424 1124 3464 ex
1172 3409 1465 3482 Beveregio
1522 3408 1849 3469 Humfredus

286 3498 504 3555 Modius
535 3500 683 3570 (15);
731 3507 786 3553 et
835 3499 1113 3569 deinceps,
1164 3506 1219 3553 at
1262 3515 1371 3554 non
1403 3500 1519 3569 pari
1568 3503 1845 3575 religione,

284 3587 539 3645 Joannes
576 3588 836 3644 Ernestus
858 3588 1092 3643 Grabius
1124 3588 1259 3663 (l6).
1293 3588 1349 3644 In
1377 3589 1481 3643 hoc
1511 3588 1678 3659 igitur
1709 3593 1850 3650 indi-

286 3681 417 3736 culo
449 3681 556 3737 sub
589 3681 767 3744 ﬁnem,
797 3680 991 3736 litteris
1018 3682 1396 3753 grandioribus
1427 3681 1631 3751 absque
1658 3698 1840 3741 accen-

287 3775 442 3830 tibus
474 3782 529 3829 et
560 3773 841 3843 spiritibus
870 3774 1067 3843 quibus
1090 3784 1257 3838 caret,
1287 3774 1367 3828 sic
1394 3773 1589 3842 legitur
1617 3794 1631 3830 :

505 3866 936 3919 ΚΛΗΜΕΝΤΟΣ
988 3866 1049 3918 E.
1085 3904 1099 3917 .
1136 3905 1148 3918 .
1185 3903 1200 3919 .
1235 3905 1248 3918 .
1283 3903 1295 3916 .
1331 3904 1345 3919 .
1376 3866 1472 3919 ΑΗ
1497 3850 1543 3921 ἰ

541 3958 936 4011 .....ΕΝΤοΣ
993 3944 1543 4013 E.......An'ﬁ

361 4049 514 4117 Quas
543 4058 723 4104 autem
756 4064 865 4119 prae
893 4064 953 4105 se
1008 4048 1111 4104 fert
1156 4049 1246 4105 hic
1275 4049 1548 4108 indiculus
1574 4051 1710 4108 duas
1731 4052 1852 4109 Cle-

289 4141 495 4196 mentis
524 4139 826 4211 Epistolas,
851 4154 947 4195 eas
979 4138 1198 4194 exhibet
1249 4139 1318 4195 ad
1351 4141 1557 4198 calcem
1606 4142 1853 4213 ejusdem

289 4250 401 4290 ms.
430 4232 637 4288 codicis
660 4232 911 4288 volumen
942 4239 1229 4303 quartum:
1256 4232 1494 4303 priorem
1532 4234 1750 4305 quidem
1772 4235 1853 4291 sic

288 4326 614 4397 inscriptam
642 4365 657 4389 ,
722 4323 1150 4378 ΚΛΗΜΕΝἸῸΣ
1202 4324 1379 4378 ΠΡΟΣ
1443 4326 1855 4381 ΚΟΡΙΝΘΙΟΥΣ

288 4418 639 4472 ΕΠΙΣΤΟΛΗ
684 4418 766 4481 A;
822 4415 1178 4486 posteriorem
1206 4430 1336 4472 vero
1380 4417 1481 4483 sic,
1528 4419 1854 4472 KAHMEN-

1957 586 2171 645 gnatam
2200 591 2264 630 ex
2295 574 2537 643 ejusdem
2570 577 2795 631 indiculi
2826 579 3041 634 silentio
3072 580 3195 648 jure
3223 584 3447 652 arguat?

2022 666 2207 737 Neque
2235 667 2359 721 item
2393 667 2669 722 silentium
2705 683 2807 723 nos
2828 680 3042 725 moveat
3076 670 3316 739 Eusebii,
3342 682 3396 728 et
3420 690 3511 744 qui

1953 769 2075 809 eum
2109 755 2280 809 seculi
2305 762 2451 819 sunt,
2480 754 2794 828 Hieronymi
2826 767 2989 828 atque
3012 758 3228 828 Ruﬁni;
3259 763 3350 832 qui
3384 762 3513 817 dum

1954 844 2209 915 Epistolas
2260 845 2512 901 secundae
2558 847 2963 913 meminerunt,
3012 849 3267 906 Ecclesia:
3318 850 3507 906 Corino

1953 935 2146 991 thiacae
2177 935 2344 991 fuisse
2373 936 2517 990 illam
2546 937 2863 1007 inscriptam
2898 955 3008 993 non
3039 943 3344 1009 perhibent.
3376 942 3513 998 Cum

1952 1030 2095 1083 enim
2147 1030 2348 1083 laudati
2381 1032 2698 1098 scriptores,
2736 1037 2793 1085 ut
2824 1040 2972 1086 recte
3023 1032 3367 1097 Coulantius,
3400 1049 3518 1093 mc-

1952 1128 2160 1173 morata
2211 1120 2394 1189 priore
2442 1118 2735 1175 Clementis
2778 1120 2846 1173 ad
2890 1120 3193 1176 Corinthios
3244 1124 3512 1193 Epistula,

1952 1210 2133 1264 statim
2166 1211 2439 1265 subdant:
2487 1208 2681 1264 Fertur
2735 1221 2783 1265 et
2828 1213 3017 1276 altera,
3049 1230 3225 1283 neque
3263 1215 3328 1268 ad
3374 1216 3512 1271 alios

1951 1301 2093 1356 hanc
2121 1302 2344 1356 alteram
2379 1301 2635 1371 scriptam
2660 1316 2779 1357 esse
2809 1302 3126 1374 designent,
3158 1320 3273 1360 eam
3296 1321 3513 1375 quoque

1951 1392 2016 1445 ad
2050 1392 2269 1446 eosdem
2300 1391 2558 1461 scriptam
2607 1392 2909 1463 intelligere
2956 1395 3151 1448 merito
3193 1395 3513 1449 existiman-

1950 1492 2074 1540 tur:
2099 1484 2365 1555 alioquin,
2396 1485 2442 1539 si
2482 1485 2546 1538 ad
2572 1485 2706 1540 alios
2747 1486 2967 1541 missam
2999 1494 3243 1552 nossent,
3262 1503 3436 1557 neque
3459 1488 3511 1540 id

1949 1576 2429 1645 innuissent,haec
2452 1578 2689 1648 ipsorum
2714 1578 3146 1648 reticentiajure
3195 1594 3258 1633 ac
3314 1580 3512 1634 merito

1950 1669 2291 1739 negligentiae
2318 1669 2587 1739 culpanda
2631 1669 2931 1725 videretur.
2965 1670 3108 1736 Quid
3149 1670 3295 1740 quod
3337 1670 3511 1725 Doro-

1951 1761 2108 1816 theus
2140 1760 2583 1824 archimandrita,
2607 1759 2845 1829 Joannes
2870 1760 3234 1816 Damascenus
3260 1770 3313 1815 et
3340 1760 3510 1814 Nicon

1951 1853 2255 1907 monachus
2281 1852 2563 1906 secundam
2611 1852 2908 1907 Clementis
2947 1852 3268 1922 Epistolam,
3306 1866 3358 1907 et
3390 1853 3512 1921 qui-

1949 1941 2070 1997 dem
2126 1941 2195 1995 ad
2248 1940 2550 1997 Corinthios
2612 1942 2894 2012 scriptam,
2947 1949 3227 2013 legerunt,
3282 1944 3510 2013 ejusque

1951 2050 2119 2088 unua
2153 2035 2449 2089 alterumve
2479 2034 2837 2104 fragmentum
2869 2036 3010 2104 apud
3063 2035 3185 2090 illos
3237 2044 3509 2090 servatum

1950 2126 2245 2180 etiamnum
2270 2126 2613 2196 reperimus?
2634 2126 2777 2191 Quid
2807 2125 2954 2196 quod
2988 2128 3071 2182 vel
3116 2128 3232 2196 ipse
3284 2126 3510 2181 Photius

1950 2217 2118 2271 semel
2144 2216 2447 2286 iterumque
2469 2218 2644 2287 palam
2664 2223 2918 2282 testatur,
2938 2217 3038 2271 sibi
3061 2220 3250 2270 lectum
3278 2216 3510 2270 libellum

1949 2307 2003 2359 in
2032 2324 2130 2376 quo
2155 2306 2435 2363 Clementis
2468 2306 2721 2376 Epistola:
2744 2307 2864 2361 dua:
2909 2308 2977 2360 ad
3006 2307 3304 2363 Corinthios
3337 2308 3511 2362 conti—

1949 2400 2239 2465 nebantur,
2280 2401 2507 2470 ejusque
2536 2401 2602 2457 de
2649 2412 2879 2471 utraque
2912 2401 3176 2471 judicium
3215 2401 3348 2455 mire
3374 2416 3510 2454 con-

1949 2500 2107 2547 sonat
2135 2507 2259 2545 cum
2292 2493 2359 2548 iis
2413 2510 2534 2562 quae
2587 2494 2765 2549 adhuc
2821 2494 3151 2564 supersunt?
3193 2492 3511 2549 Consulesis

1949 2583 2093 2637 infra
2124 2592 2365 2639 veterum
2392 2586 2699 2640 testimonia
2725 2585 2981 2656 Epistolis
3005 2583 3358 2641 Clementinis
3380 2601 3513 2656 prae-

1949 2673 2137 2738 missa,
2165 2673 2570 2746 fragmentaque
2596 2675 2787 2731 iisdem
2820 2674 3087 2743 subjecta.
3130 2673 3186 2728 Si
3218 2675 3346 2745 quid
3380 2693 3512 2749 ergo

1948 2763 2151 2834 negotii
2198 2763 2470 2819 lacessant
2519 2765 2884 2835 antiquiorum
2924 2762 3164 2829 Eusebii,
3196 2763 3511 2836 Hieronymi

1950 2870 2015 2911 ac
2041 2855 2218 2910 Ruﬁni
2250 2857 2369 2911 loca
2400 2857 2542 2913 haud
2588 2855 2719 2913 satis
2767 2864 2953 2928 aperta
2986 2898 3000 2923 ,
3035 2857 3179 2926 quod
3216 2864 3394 2911 tamen
3420 2856 3508 2910 vix

1950 2948 2261 3005 admiserim
2293 2989 2307 3014 ,
2364 2950 2492 3004 hinc
2546 2949 2738 3021 procul
2788 2948 2955 3003 dubio
2996 2948 3281 3004 diﬁicultas
3334 2948 3512 3003 omnis

1950 3040 2172 3094 tollatur
2202 3048 2448 3110 oportet;
2487 3056 2610 3095 cum
2640 3040 2843 3096 diserta
2889 3041 3248 3110 posteriorum
3281 3041 3513 3110 scripto—

1950 3144 2073 3185 rum
2102 3131 2290 3198 verba,
2344 3132 2588 3201 priorum
2636 3141 2691 3188 et
2749 3132 3074 3188 sententiam
3121 3133 3411 3203 explancnt
3458 3140 3512 3187 et

1950 3221 2258 3279 testimonia
2286 3223 2623 3280 conﬁrment.

2022 3312 2104 3369 Ex
2134 3315 2220 3370 his
2248 3315 2433 3386 itaque
2467 3324 2804 3388 compertum
2856 3318 3141 3383 habemus,
3174 3325 3234 3373 ut
3260 3316 3509 3388 equidem

1951 3405 2242 3471 existimo,
2296 3406 2441 3461 haud
2492 3421 2684 3477 parum
2747 3408 3002 3479 ponderis
3052 3408 3118 3462 ad
3164 3406 3509 3462 asserendam

1948 3495 2210 3553 Clementi
2237 3496 2484 3552 Romano
2498 3498 2637 3553 hanc
2659 3499 2951 3555 secundam
2976 3498 3293 3569 Epistolam,
3308 3498 3512 3553 habere

1950 3590 2325 3645 auctoritatem
2371 3589 2576 3646 codicis
2629 3589 3002 3654 Alexandrini,
3039 3588 3287 3659 proximo
3336 3596 3396 3642 ut
3428 3590 3483 3643 vi

1949 3678 2110 3735 detur
2160 3680 2360 3736 smeulo
2403 3687 2529 3750 post
2574 3681 2868 3736 concilium
2922 3674 3201 3734 Nicaanum
3252 3693 3321 3734 ex
3368 3677 3499 3731 anti-

1948 3770 2140 3841 quiore
2186 3770 2430 3841 profecto
2483 3772 2779 3843 exemplari
2835 3771 3117 3843 descripti.
3151 3769 3227 3824 Ex
3268 3786 3334 3825 eo
3362 3771 3508 3825 enim

1949 3865 2122 3936 liquet
2139 3870 2425 3934 utramque
2450 3861 2843 3918 Clementinam
2876 3862 3173 3934 Epistolam
3196 3877 3304 3916 non
3331 3862 3509 3917 solum

1951 3954 2095 4010 inter
2160 3954 2454 4010 canonicas
2524 3952 2837 4025 Scripturas
2892 3952 3117 4023 perinde
3181 3952 3509 4008 recensitam

1950 4044 2144 4111 fuisse,
2170 4061 2235 4101 ac
2278 4046 2325 4102 si
2355 4052 2585 4116 utraque
2619 4060 2745 4100 vere
2790 4045 3050 4100 canonica
3092 4050 3267 4109 esset,
3319 4058 3509 4100 verum

1950 4137 2113 4193 etiam
2142 4135 2331 4192 ambas
2357 4144 2641 4208 prOpterea
2659 4137 2711 4191 in
2728 4151 3007 4192 sacrorum
3030 4135 3316 4190 Librorum
3339 4149 3507 4190 censu

1951 4230 2131 4286 locum
2161 4227 2441 4293 habuisse,
2473 4242 2692 4307 unaque
2718 4244 2840 4283 cum
2878 4228 3000 4281 aliis
3025 4225 3305 4281 canonicis
3352 4226 3508 4280 libris

1954 4321 2124 4378 fuisse
2152 4328 2463 4391 compactas
2483 4360 2498 4385 ,
2553 4319 2697 4390 quod
2728 4327 2953 4390 utraque
2983 4328 3112 4373 tunc
3165 4318 3424 4388 temporis
3454 4319 3508 4372 in

1954 4414 2185 4471 cmtibus
2209 4411 2603 4468 ecclesiasticis
2630 4412 2715 4466 vel
2769 4407 2873 4479 legi
2932 4411 3149 4473 soleret,
3181 4410 3264 4464 vel
3314 4409 3507 4463 saltent

287 4509 423 4561 ἸὈΣ
477 4507 821 4561 ΕΠΙΣΤΟΛΗ
869 4506 912 4559 Β
959 4520 978 4561 :
1030 4512 1089 4560 ut
1124 4506 1308 4563 videre
1360 4515 1444 4565 est
1503 4509 1645 4580 apud
1691 4508 1850 4565 Wot-
1882 4501 2122 4562 Dsacraa
2156 4504 2386 4575 publica;
2413 4502 2632 4558 lectioni
2662 4502 3047 4558 destinaretur.
3095 4499 3250 4567 Quod
3287 4499 3508 4569 quidem

286 4611 504 4664 tonum,
565 4598 981 4655 solertissimum
1037 4596 1242 4652 laudati
1287 4600 1494 4656 codicis
1545 4602 1850 4674 exscripto-

288 4708 429 4747 rem.
460 4691 539 4745 Ex
573 4691 677 4745 hoc
705 4690 869 4761 igitur
892 4687 1257 4745 Alexandrino
1285 4692 1581 4763 exemplari
1612 4707 1855 4764 comper-

289 4794 406 4840 tum
432 4790 537 4848 est,
593 4783 789 4853 primo,
842 4782 979 4838 duas
1017 4782 1289 4854 Epistolas
1347 4782 1680 4840 Clementem
1722 4786 1854 4841 scri-

288 4874 722 4948 psisse;deinde
770 4881 1056 4946 utramque
1085 4873 1255 4931 fuisse
1307 4874 1606 4931 Corinthiis
1652 4876 1850 4932 inseri.

291 4979 463 5039 ptam.
488 4966 640 5021 Licet
670 4966 813 5021 enim
842 4967 1129 5036 posterior,
1153 4982 1219 5021 ex
1241 4966 1584 5021 librariorum
1617 4967 1850 5025 fortasse

290 5059 526 5124 incuria,
545 5064 842 5128 praenotata
858 5056 994 5127 πρὸς
1021 5055 1338 5127 Κορινθίους
1352 5055 1495 5110 haud
1511 5064 1848 5127 compareat;

289 5149 483 5219 quidni
517 5156 573 5203 et
598 5163 718 5203 eam
747 5145 815 5200 ad
843 5144 1158 5200 Corinthios
1202 5145 1429 5199 missam
1460 5144 1849 5207 existimemus,

292 5258 419 5296 cum
450 5242 649 5311 prioris
678 5238 961 5309 inscriptio
985 5236 1087 5292 hac
1114 5236 1181 5293 de
1216 5251 1276 5291 re
1301 5235 1437 5292 satis
1467 5250 1737 5306 superque
1768 5236 1853 5290 in-

292 5332 493 5388 dubios
521 5348 622 5387 nos
650 5331 878 5387 reddat?
934 5328 1225 5384 Enimvero
1253 5343 1429 5398 neque
1458 5328 1608 5398 prior
1656 5327 1853 5398 legitur

295 5428 349 5480 in
397 5426 643 5481 indiculo
698 5423 869 5479 fuisse
902 5423 969 5477 ad
1020 5420 1334 5477 Corinthios
1363 5421 1685 5492 perscripta.
1719 5420 1852 5485 Quis

368 5664 481 5738 (tt)
532 5664 668 5738 Qud.
697 5683 847 5738 “can.
903 5665 1048 5722 Eccl.
1099 5668 1281 5738 prim.,
1322 5666 1417 5722 lib.
1465 5681 1531 5725 ιι.
1569 5681 1688 5737 cap.
1713 5684 1767 5738 9.

301 5736 484 5861 6‘95)
536 5736 610 5789 De
642 5736 779 5791 Bibl.
834 5747 960 5793 text.
1020 5737 1181 5809 orig.,
1224 5737 1319 5795 lib.
1369 5752 1442 5803 tv,
1501 5736 1733 5806 031).},
1792 5753 1845 5809 p.

1949 4595 2124 4667 magis
2146 4595 2325 4649 adhuc
2352 4594 2712 4649 continuatur
2739 4610 2804 4648 ex
2845 4592 3148 4648 canonibus
3169 4590 3506 4662 apostolicis,

1945 4688 2091 4743 circa
2111 4686 2292 4742 saeculi
2320 4702 2381 4740 ιιι
2411 4684 2646 4740 medium
2677 4683 2954 4739 collectis:
3010 4683 3063 4737 in
3112 4683 3309 4736 horum
3356 4681 3502 4736 enim

1947 4794 2217 4835 canonum
2266 4779 2479 4845 ultimo,
2536 4791 2817 4833 sacrarum
2865 4775 3270 4845 Scripturarum
3317 4790 3509 4830 recen-

1947 4871 2156 4927 sionem
2204 4869 2539 4942 proferente,
2576 4875 2699 4938 post
2736 4875 3080 4922 enumeratas
3134 4867 3519 4937 apostolorum

1949 4962 2218 5033 Epistolas
2247 4962 2430 5017 statim
2462 4960 2829 5029 subjiciuntur
2876 4957 3186 5029 Κλήμεντος
3231 4956 3509 5010 ἐπιστολαὶ

1946 5052 2039 5107 δύο
2070 5071 2086 5109 :
2140 5067 2263 5123 qua:
2314 5050 2562 5123 profecto
2582 5049 2784 5105 caedem
2812 5048 2982 5103 fuisse
3004 5046 3257 5102 videntur
3279 5060 3404 5099 cum
3440 5046 3508 5099 iis

1948 5159 2087 5213 quas
2113 5142 2463 5199 Alexandrini
2506 5141 2716 5197 codicis
2747 5138 3021 5195 indiculus
3049 5138 3301 5203 exhibet;
3332 5151 3397 5191 eo
3425 5137 3506 5189 vel

1949 5232 2185 5289 maxime
2222 5232 2370 5304 quod
2410 5231 2601 5288 eodem
2652 5233 2812 5303 plane
2848 5230 3040 5285 ordine
3096 5244 3204 5299 quo
3254 5228 3506 5282 laudatus

1951 5324 2246 5388 indiculus,
2282 5338 2457 5379 canon
2485 5323 2587 5378 iste
2617 5322 2951 5392 apostolicus
2981 5321 3103 5377 illas
3136 5318 3342 5390 digerat
3375 5336 3389 5373 :
3448 5325 3503 5371 ut

1953 5413 2180 5484 proinde
2206 5413 2353 5467 nulla
2382 5413 2556 5469 subsit
2577 5412 2868 5477 dubitatio,
2900 5412 3191 5483 quominus
3225 5410 3506 5478 utriusque

1959 5655 2136 5796 §élG)
2202 5650 2502 5724 Prolegom.
2545 5649 2612 5705 ad
2648 5665 2785 5708 vers.
2848 5653 3009 5723 LXX,
3034 5660 3167 5709 tom.
3199 5651 3244 5721 ι,
3284 5668 3404 5724 cap.
3447 5651 3494 5715 Ι,
