4070 6340
534 340 605 396 95

1677 342 1770 394 au
1807 341 1865 402 s.
1904 319 2320 399 CLEMENTEM
2358 344 2378 397 ι
2414 344 2642 399 PAPAM

3662 342 3735 397 96

533 456 868 514 recensionis
885 457 1041 513 locus
1072 456 1144 513 sit
1173 454 1521 527 accipiendas
1548 454 1615 511 de
1634 455 1844 513 duabus
1874 456 2082 529 Episto'
2115 466 2163 525 Α
2255 459 2643 530 Nequedesuut
2660 457 2919 527 exempla,
2937 456 3135 527 quibus
3149 455 3455 526 bujusmodi
3468 464 3735 513 assertum

531 552 600 607 lis
646 549 1030 615 Corinthiacis,
1085 565 1320 621 quorum
1371 558 1563 606 auctor
1611 550 1775 607 fuerit
1817 550 2074 609 Clemens

530 642 829 699 Romanus.

598 735 732 789 Hinc
758 733 935 804 itaque
963 736 1315 792 meritissimo
1342 736 1654 806 exploditur
1684 750 1715 790 a
1744 736 1875 792 viris
1914 736 2093 793 doctis

530 822 807 880 Vendelini
833 832 886 878 et
918 825 1171 880 Dodwelli
1205 824 1318 897 (l7)
1367 826 1575 896 Opinio,
1604 841 1725 896 qua:
1750 825 1951 882 Grabio
1976 827 2088 897 (l8)

527 930 743 984 quoque
773 916 1002 985 aliisque
1028 918 1291 986 probatur
1320 936 1335 974 :
1369 918 1604 973 humilia;
1634 918 1843 974 scilicet
1882 927 2087 989 partem

528 1022 664 1071 esse,
698 1023 819 1077 quae
860 1008 1178 1063 inscribitur
1224 1010 1461 1065 secunda
1517 1010 1793 1080 Epistola;
1836 1013 2089 1082 illiusque

527 1097 884 1171 fragmentum
925 1100 1059 1155 satis
1086 1101 1304 1172 longum
1333 1100 1477 1172 quod
1500 1102 1793 1157 etiamnum
1817 1111 2086 1174 superest,

524 1192 591 1245 ad
648 1200 885 1247 veterem
947 1192 1166 1265 διδαχὴν
1238 1193 1625 1251 Clementinam
1687 1210 1809 1251 esse
1867 1196 2089 1251 omnino

524 1281 923 1336 amandandum
958 1286 1126 1355 :quin
1165 1294 1217 1339 et
1244 1300 1307 1341 eo
1333 1288 1599 1355 processit
1631 1286 1747 1355 ipse
1781 1285 2087 1344 Dodwellus

523 1371 1020 1441 intemperantioris
1049 1376 1265 1430 critices
1293 1384 1529 1432 sectator
1558 1377 2015 1443 studiosissimus,
2030 1386 2088 1433 ut

521 1461 643 1515 loca
674 1465 936 1519 nonnulla
965 1466 1205 1535 ejusdem
1242 1467 1492 1537 Epistulae
1529 1468 1727 1539 stylum
1758 1470 2084 1540 eclogarium

521 1551 927 1624 liypotyposeon
988 1556 1279 1614 Clementis
1320 1559 1670 1614 Alexandrini
1718 1560 1919 1617 referre
1959 1577 2087 1632 pro-

521 1642 700 1703 fessus
743 1648 926 1715 fuerit,
954 1650 1195 1720 adeoque
1230 1651 1499 1707 immistos
1528 1653 1759 1707 invicem
1790 1654 1928 1710 duos
1965 1657 2086 1713 illos

521 1741 691 1798 fuisse
735 1740 1041 1797 Clementes
1089 1741 1399 1810 coniecerit.
1454 1742 1559 1798 Sed
1604 1760 1861 1801 censores
1902 1745 2088 1801 istius-

519 1833 665 1888 modi
700 1833 1001 1899 mittamus,
1030 1834 1121 1904 qui
1165 1849 1195 1888 a
1240 1835 1466 1889 veritate
1494 1836 1651 1906 longe
1682 1837 1939 1893 aberrare
1981 1853 2084 1893 no-

518 1931 765 1979 scuntur.
799 1922 969 1990 Quam
992 1938 1137 1979 enim
1163 1938 1403 1979 canones
1432 1926 1738 1995 apostolici,
1767 1936 1930 1996 quam
1963 1942 2086 1997 per-

515 2022 767 2071 vetustus
798 2014 969 2070 codex
1000 2014 1421 2080 Alexandrinus,
1469 2031 1631 2085 quam
1655 2015 1890 2087 denique
1917 2015 2085 2073 Euse-

516 2105 659 2166 bius,
679 2103 1057 2176 Hieronymus,
1080 2103 1403 2169 Dorotheus,
1426 2105 1814 2170 Damascenus,
1834 2105 2085 2175 Photius,

516 2205 568 2250 et
585 2196 766 2251 cazteri
786 2210 998 2251 summo
1015 2210 1285 2252 consensu
1306 2194 1597 2264 Epistulam
1614 2205 1949 2268 nuncupant,
1964 2213 2083 2254 eam

515 2302 643 2341 vero
689 2286 909 2342 nonnisi
959 2286 1319 2356 conjectando
1350 2289 1419 2343 in
1453 2287 1813 2344 Homiliarum
1856 2305 2083 2345 censum

514 2376 717 2431 referre
743 2384 905 2446 atque
936 2376 1076 2431 inter
1106 2378 1452 2447 supposititia
1480 2376 1806 2434 Clementina
1848 2381 2083 2435 colloca-

512 2481 571 2519 re
604 2484 617 2519 :
646 2464 699 2518 id
749 2474 861 2520 tum
909 2464 1125 2521 demum
1155 2477 1240 2521 est
1268 2467 1549 2523 hominum
1578 2470 1693 2524 otio
1717 2468 2083 2535 abutentium,

513 2556 607 2627 qui
639 2570 748 2609 non
777 2557 1042 2612 rationem
1066 2556 1122 2612 in
1144 2557 1473 2628 disputando
1500 2566 1818 2630 sequantur,
1849 2561 1944 2617 sed
1969 2562 2089 2617 sive

512 2643 882 2700 contentionis
913 2645 1027 2700 sive
1060 2646 1313 2701 novitatis
1344 2647 1524 2703 studio
1550 2664 1607 2704 se
1634 2648 1808 2718 abripi
1850 2650 2032 2705 sinant
2064 2669 2078 2707 :

512 2743 575 2793 ut
620 2742 903 2807 propterea
949 2750 1137 2791 eorum
1187 2736 1373 2808 opinio
1400 2746 1642 2794 veterum
1669 2741 1944 2796 sententiae
1973 2755 2085 2797 non

515 2829 692 2883 solum
738 2841 848 2881 non
886 2826 1241 2896 praeferenda,
1282 2829 1377 2885 sed
1406 2845 1473 2885 ne
1502 2830 1830 2886 conferenda
1864 2832 2083 2901 quidem

519 2934 642 2972 cum
668 2918 758 2971 illa
788 2917 1055 2973 videatur.

585 3006 672 3062 Ν.
714 3007 901 3078 Neque
945 3008 1162 3063 demum
1212 3009 1524 3080 singillatim
1552 3018 1787 3081 acceptae
1815 3011 2079 3069 adversa-

2116 1800 2157 1855 Β

510 3099 717 3152 riorum
760 3099 1152 3169 objectationes
1195 3102 1328 3155 tanti
1379 3110 1506 3157 sunt
1536 3103 1811 3172 ponderis,
1846 3112 1906 3157 ut
1939 3105 2079 3161 hanc
2107 3135 2148 3195 ο

510 3189 807 3258 Epistulam
840 3191 1231 3262 suppositionis
1262 3202 1570 3263 suspectam
1603 3196 1824 3253 reddere
1845 3198 2078 3254 valeant.

509 3279 746 3335 Joannes
802 3279 1065 3345 Morinus,
1097 3282 1179 3335 vir
1237 3290 1429 3338 caetera
1483 3284 1694 3349 doctus,
1754 3286 1997 3342 eamdem
2049 3303 2080 3341 a

510 3373 714 3428 sanctis
742 3371 994 3429 Patribus
1023 3374 1383 3430 adulterinam
1420 3376 1588 3432 fuisse
1622 3378 1862 3433 habitam
1894 3394 2078 3435 secum

509 3473 788 3533 reputans,
808 3465 903 3520 sed
933 3465 1203 3521 immerito
1234 3476 1291 3521 ut
1324 3484 1446 3523 mox
1474 3470 1710 3539 patebit,
1742 3488 1851 3541 quo
1879 3472 1932 3527 id
1962 3487 2081 3527 ma-

510 3558 592 3627 gis
638 3557 816 3612 adhuc
866 3566 1098 3622 astruat,
1131 3559 1199 3613 ab
1241 3559 1413 3629 ipsius
1459 3560 1711 3630 Epistula:
1742 3563 1883 3634 stylo
1920 3579 2079 3635 argu-

507 3659 745 3703 mentum
781 3649 1037 3716 dcsumit,
1072 3658 1125 3704 et
1171 3652 1387 3720 quidem
1430 3655 1611 3710 acrius
1656 3656 1886 3714 fortasse
1911 3674 2073 3728 quam

506 3741 749 3794 decebat.
787 3759 805 3790 ι
838 3739 985 3795 lllius
1015 3741 1210 3811 stylus,
1247 3744 1420 3812 inquit
1451 3746 1584 3815 (l9),
1618 3755 1674 3799 ut
1724 3750 1921 3817 prioris
1962 3765 2073 3806 non

506 3837 590 3885 est
615 3831 873 3900 simplex,
905 3830 1001 3886 sed
1033 3834 1354 3903 argutulus;
1389 3852 1494 3890 non
1526 3846 1717 3907 sponte
1747 3839 1940 3905 ﬂuens,
1976 3842 2071 3897 sed

506 3937 605 3993 pro
658 3923 900 3979 auctoris
944 3932 1107 3994 captu
1151 3927 1394 3983 studiose
1422 3930 1766 3997 elaboratus;
1800 3949 1907 3988 non
1936 3935 2073 3988 ἀπε-

507 4014 736 4086 ριοδικὸς
779 4024 832 4069 et
862 4030 1249 4086 nonnunquam
1278 4020 1699 4086 ἀνανταπόδοτος
1738 4024 1831 4078 sed
1884 4026 2073 4082 verbo-

504 4121 628 4160 rum
678 4106 965 4172 ambitum,
1015 4109 1314 4166 antitheses
1364 4127 1661 4183 earumque
1709 4116 2065 4173 redditionem

504 4197 791 4255 ambitiose
824 4199 1056 4256 affectat.
1096 4222 1115 4254 ι
1157 4200 1282 4257 Haec
1310 4203 1571 4267 Morinus,
1602 4207 1760 4275 cujus
1799 4210 2064 4266 sententia

510 4288 778 4344 Richardo
810 4307 1024 4361 quoque
1054 4290 1297 4349 Simonio
1331 4296 1547 4364 probari
1576 4299 1790 4353 videtur
1819 4299 1952 4371 (20).
1977 4299 2065 4357 In-

508 4380 674 4435 ﬁciari
723 4381 969 4452 equidem
1019 4386 1183 4439 nolim
1232 4386 1374 4442 haud
1427 4390 1539 4444 leve
1587 4392 1875 4461 aliquando
1899 4408 2061 4466 arguo

2191 553 2587 621 comprobetur.
2618 551 2685 607 Ut
2710 558 2889 607 autem
2919 565 3083 604 unum
3107 550 3191 605 vel
3217 550 3444 606 alterum
3474 566 3738 622 pmpona-

2190 663 2332 711 mus,
2364 646 2650 715 Epistulam
2673 646 2739 699 ad
2767 644 3011 699 Hebrwus
3032 659 3141 699 non
3168 659 3289 701 esse
3311 646 3538 714 apostoli
3559 645 3733 709 Pauli.

2191 738 2285 793 sed
2326 740 2408 792 vel
2445 738 2701 793 Barnabze
2739 737 2818 791 vel
2851 736 3005 791 Luca:
3042 736 3126 790 vel
3160 736 3329 791 nostri
3362 735 3675 802 Clementis,
3706 757 3736 794 e

2190 830 2312 903 Styli
2343 831 2654 884 charactere
2674 836 2912 883 veterum
2935 827 3176 881 nonnulli
3198 827 3593 894 existimarunt,
3613 829 3740 887 Ori-

2190 938 2351 993 genes
2370 921 2806 993 (22),Eusebius,
2834 919 3213 990 Hieronymus,
3239 921 3436 991 aliique
3464 922 3741 995 antiquio-

2189 1031 2299 1069 res.
2329 1014 2577 1067 Attamen
2608 1028 2771 1083 quam
2800 1010 2943 1067 fluxa
2970 1013 3043 1069 sit
3071 1013 3183 1068 haec
3211 1015 3496 1082 sententia,
3519 1030 3641 1070 cum
3667 1032 3737 1071 ex

2189 1102 2427 1172 Epistula
2457 1102 2519 1157 II
2546 1101 2711 1166 Petri,
2753 1110 2867 1157 tum
2896 1104 2952 1158 in
2975 1104 3164 1175 primis
3190 1121 3257 1160 ex
3284 1105 3455 1175 ipsius
3484 1104 3737 1175 Ερὶειοιιε

2190 1195 2256 1248 ad
2302 1192 2551 1249 Hebrwus
2598 1202 2855 1249 contextu
2902 1195 3038 1250 satis
3085 1195 3273 1264 liquet,
3298 1201 3357 1249 ut
3384 1209 3495 1264 pm
3525 1197 3741 1252 caneris

2188 1301 2414 1341 nervose
2456 1302 2571 1341 rem
2612 1286 2808 1342 astruit
2836 1284 3070 1342 Joannes
3101 1286 3299 1343 Millius
3324 1287 3456 1358 (25).
3479 1286 3623 1343 Idem
3647 1289 3739 1358 ju-

2187 1376 2389 1431 dicium
2437 1377 2604 1431 latum
2653 1376 2783 1431 olim
2827 1376 2996 1433 fuisse
3034 1376 3103 1433 de
3129 1376 3273 1434 Petri
3302 1376 3543 1447 Epistula
3568 1378 3631 1434 11
3658 1391 3737 1436 te-

2187 1476 2398 1522 stantur
2444 1468 2602 1524 iidem
2654 1470 2948 1538 scriptores
3000 1484 3230 1540 quorum
3280 1471 3441 1525 modo
3487 1473 3737 1527 memini-

2186 1575 2306 1614 mus
2332 1558 2466 1631 (24).
2496 1557 2694 1614 Verum
2729 1567 2783 1614 et
2819 1560 2908 1615 hic
2948 1559 3149 1616 frustra
3190 1562 3456 1617 censitum
3486 1576 3551 1617 ex
3572 1563 3739 1619 dissi-

2186 1650 2489 1706 militudine
2513 1651 2659 1722 styli,
2690 1666 2785 1706 eas
2815 1650 3082 1721 Epistolas
3116 1651 3254 1708 duos
3285 1653 3577 1722 scriptores
3607 1669 3738 1723 pro-

2187 1740 2335 1804 dere,
2366 1755 2501 1811 quas
2523 1739 2685 1794 unius
2715 1738 2858 1794 Petri
2886 1754 3006 1795 esse
3032 1740 3332 1797 luculenter
3360 1742 3574 1799 aliunde
3602 1758 3739 1797 con-

2185 1838 2314 1886 stat.
2344 1828 2418 1885 De
2464 1836 2686 1883 auctore
2728 1828 2911 1883 itidem
2940 1828 3343 1900 Apucalypseus,
3367 1832 3488 1887 aliis
3515 1834 3733 1903 quidem

2183 1921 2515 1985 nominibus,
2550 1928 2605 1974 at
2650 1921 2946 1990 praesertim
2974 1936 3005 1976 e
3034 1922 3160 1993 styli
3194 1924 3406 1978 ratione
3437 1924 3745 1994 antiquitus

2183 2013 2511 2077 dubitatum,
2544 2020 2723 2067 utrum
2756 2012 2914 2068 fuerit
2939 2012 3180 2069 Joannes
3209 2015 3505 2084 apostolus.
3538 2015 3738 2087 Diony-

2183 2106 2324 2161 sium
2365 2104 2791 2159 Alexandrinum
2842 2105 2984 2175 apud
3014 2104 3305 2159 Eusebium
3333 2105 3443 2176 (25)
3472 2106 3517 2161 si
3546 2109 3738 2161 audia-

2184 2194 2682 2265 mus,Evangelium
2709 2192 2935 2250 Joannis
2963 2201 3018 2249 et
3041 2194 3283 2265 ejusdem
3307 2194 3547 2264 Epistula
3570 2195 3599 2249 Ι
3632 2198 3751 2255 sibi

2183 2295 2372 2343 mutuo
2410 2288 2713 2355 cohaerent;
2767 2298 2931 2357 atque
2977 2288 3031 2342 in
3062 2288 3335 2352 omnibus,
3366 2290 3411 2345 si
3445 2298 3587 2344 recte
3612 2306 3741 2360 per-

2184 2380 2454 2450 penderis,
2485 2396 2653 2434 unum
2697 2380 2947 2450 idemque
2990 2381 3269 2451 utriusque
3300 2383 3617 2452 scriptionis
3639 2398 3734 2454 ge-

2184 2487 2289 2527 nus
2333 2472 2608 2527 evidenter
2660 2480 2911 2543 apparet;
2950 2470 3302 2544 Apocalypsis
3326 2489 3456 2529 vero
3487 2474 3555 2530 ab
3584 2482 3739 2531 utro-

2181 2578 2289 2633 que
2317 2561 2409 2617 illo
2435 2563 2640 2633 scripto
2663 2563 2836 2618 aliena
2864 2570 2948 2618 est
2976 2571 3029 2617 et
3053 2571 3328 2619 extranea.
3358 2565 3423 2619 At
3446 2580 3607 2636 quam
3643 2582 3742 2636 pa-

2182 2666 2302 2706 rum
2332 2651 2433 2705 hac
2461 2651 2515 2705 in
2544 2667 2601 2707 re
2621 2652 2985 2708 tribuendum
3007 2654 3078 2709 sit
3109 2654 3350 2727 Dionysii
3381 2656 3749 2715 Alexandrini.

2182 2745 2526 2809 auctoritati,
2578 2755 2775 2801 norunt
2816 2746 3039 2810 eruditi,
3081 2754 3141 2801 ut
3178 2748 3391 2803 abunde
3438 2751 3571 2805 satis
3612 2760 3739 2808 ante

2181 2834 2371 2889 oculos
2402 2835 2583 2904 posuit
2610 2836 2693 2889 vir
2719 2836 2914 2892 doctus
2944 2837 3104 2893 modo
3129 2838 3380 2894 laudatus
3404 2840 3538 2910 (26).

2250 2922 2331 2978 Ex
2378 2924 2643 2981 hactenus
2690 2927 2870 2983 allatis
2922 2930 3181 2998 exemplis
3233 2930 3517 2987 manifeste
3542 2932 3736 3002 liquet.

2181 3031 2299 3071 mea
2343 3018 2559 3087 quidem
2605 3021 2892 3087 sententia,
2924 3036 3085 3091 quam
3110 3023 3260 3077 tenui
3284 3023 3507 3080 tibicine
3538 3024 3745 3080 fultum

2182 3106 2251 3160 sit
2293 3115 2669 3177 argumentum
2701 3124 2732 3165 e
2768 3111 2892 3181 styli
2941 3112 3383 3171 dissimilitudine
3435 3124 3745 3187 sumptum,

2182 3214 2291 3269 quo
2320 3198 2560 3270 Epistula
2590 3200 2656 3256 ΙΙ
2692 3202 3035 3272 abjudicetur
3062 3204 3345 3263 Clementi.
3373 3205 3492 3262 Jam
3538 3217 3745 3264 caetera-

2181 3305 2595 3360 prosequamur.

2249 3380 2314 3439 γ.
2356 3383 2622 3439 Morinum
2655 3385 2815 3441 modo
2855 3387 3182 3457 audivimus,
3223 3392 3372 3446 nullo
3408 3399 3546 3448 teste
3580 3392 3745 3448 adhi-

2178 3473 2312 3540 bito,
2356 3478 2661 3533 asseruisse
2691 3478 2829 3532 hanc
2859 3480 3141 3549 epistulam
3172 3498 3201 3535 a
3231 3483 3433 3538 sanctis
3481 3482 3741 3541 Patribus

2178 3571 2436 3636 tanquam
2461 3567 2821 3623 adulterinam
2863 3569 3031 3626 fuisse
3060 3570 3293 3625 habitam
3318 3583 3334 3627 ε
3368 3586 3488 3642 quae
3517 3573 3745 3643 quidem

2176 3660 2442 3712 sententia
2474 3660 2749 3715 nonnullis
2779 3676 2994 3731 quoque
3059 3662 3179 3717 aliis
3208 3664 3486 3733 probatur.
3512 3665 3736 3727 Jurene,

2174 3762 2242 3801 an
2275 3764 2453 3815 secus,
2490 3750 2791 3807 videamus.
2835 3751 2908 3807 De
2950 3752 3052 3807 hac
3099 3753 3215 3822 ipsa
3254 3755 3482 3823 cpistola
3515 3755 3737 3812 Eusebii

2154 3841 2539 3923 testimonium
2562 3842 2870 3913 hujusmodi
2909 3845 3169 3900 habemus
3193 3844 3303 3915 (27)
3334 3865 3347 3899 :
3376 3847 3629 3900 ’ἰστέονὸ
3657 3848 3735 3911 ὡς

2170 3932 2265 3985 καὶ
2311 3930 2533 4004 δευτέρα
2564 3950 2647 3997 τις
2687 3928 2824 3987 εἶναι
2868 3934 3079 4002 λέγεται
3118 3934 3213 3987 τοῦ
3256 3935 3569 4007 Κλήμεντος
3613 3938 3729 3989 ἐπι-

2170 4024 2351 4096 στολήν
2399 4026 2460 4077 οὐ
2501 4025 2598 4094 μὲν
2641 4024 2716 4078 ἔθ’
2764 4026 2963 4096 ὁμοίως
3008 4030 3072 4097 τῇ
3117 4027 3357 4100 προτέρᾳ
3397 4030 3489 4081 καὶ
3531 4029 3745 4099 ταύτην-

2165 4112 2441 4185 γνώριμον
2473 4114 2829 4185 ὲπιστάμεθα,
2862 4116 2941 4169 ὅτι
2974 4116 3105 4187 μηδὲ
3142 4118 3266 4181 τοὺς
3292 4118 3547 4189 ἀρχαίους
3590 4120 3737 4190 αὐτῇ

2165 4205 2530 4277 κεχρημένους
2567 4207 2741 4277 ἴσμεν.
2780 4226 2797 4258 ι
2850 4204 3137 4262 Sciendum
3164 4216 3247 4264 est
3273 4217 3472 4275 autem,
3504 4210 3645 4279 quod
3678 4228 3734 4280 ει

2164 4300 2400 4355 secunda
2420 4299 2663 4369 quaedam
2679 4299 2979 4357 Clementis
2994 4303 3220 4371 epistola
3239 4318 3359 4359 esse
3378 4304 3591 4359 dicatur
3610 4325 3624 4360 :
3649 4322 3737 4359 ve-

2162 4405 2281 4444 rum
2311 4390 2451 4443 hanc
2479 4405 2588 4444 non
2612 4391 2838 4460 perinde
2865 4408 2927 4446 ac
2957 4394 3190 4462 priorem
3217 4403 3398 4448 nolam
3425 4410 3549 4451 esse
3583 4411 3733 4450 com-

506 4478 744 4526 mentum
773 4487 838 4526 ex
866 4472 1309 4532 dissimilitudine
1337 4479 1463 4548 styli
1493 4492 1808 4551 suppetere,
1841 4500 1949 4553 quo
1977 4486 2072 4540 ali-
2101 4476 2146 4534 Ι)
2170 4480 2438 4549 perimus;
2472 4482 2727 4550 quoniam
2775 4498 2873 4537 nec
2899 4490 3108 4539 veteres
3148 4500 3210 4539 ea
3247 4500 3376 4540 usus
3417 4500 3538 4540 esse
3578 4486 3737 4539 novi-

504 4561 591 4615 cui
640 4562 892 4631 scriptori
938 4578 1076 4634 opus
1122 4566 1483 4635 ahjudicctur,
1515 4571 1713 4640 aliique
1746 4572 2064 4642 addicatur;

2169 4585 2308 4624 mus.
2342 4589 2359 4621 ι
2388 4570 2557 4636 Quem
2590 4571 2767 4626 locum
2802 4570 3031 4627 Ruﬁnus
3079 4572 3422 4642 indiligenter
3446 4588 3543 4642 pro
3584 4588 3731 4626 more

504 4651 794 4707 dummodo
846 4661 1025 4710 tamen
1082 4658 1287 4725 reliqua
1345 4660 1446 4714 rite
1498 4661 1824 4719 coluereant.
1868 4664 2066 4719 Verum
2167 4676 2266 4716 suo
2288 4662 2360 4716 ita
2392 4663 2775 4732 interpretatur
2802 4684 2813 4719 :
2844 4663 3047 4718 Dicitur
3077 4674 3249 4719 tamen
3268 4682 3379 4719 esse
3396 4675 3443 4719 et
3474 4666 3582 4718 alia
3613 4664 3732 4721 Cie--

503 4740 646 4795 hunc
668 4756 929 4797 canonem
950 4746 1198 4799 criticum
1224 4763 1331 4801 non
1356 4764 1477 4804 esse
1501 4749 1723 4805 nimium
1744 4756 2064 4823 urgendum,

504 4844 662 4885 nemo
705 4845 813 4885 non
864 4830 1004 4886 videt
1040 4852 1052 4886 :
1082 4834 1371 4903 siquidem,
1416 4846 1473 4891 ut
1524 4838 1725 4906 optime
1767 4838 2067 4898 Cotelerius

502 4935 661 4988 quem
704 4921 950 4990 sequitur
978 4930 1031 4975 et
1062 4920 1293 4980 Grabius
1337 4924 1471 4991 (21),
1517 4927 1640 4997 styli
1684 4926 2067 4987 dissimilitudo

504 5013 571 5066 ab
600 5012 786 5068 eodem
819 5014 1087 5084 scriptore
1121 5031 1220 5085 pro
1252 5018 1512 5075 varietate
1539 5026 1840 5089 temporum
1870 5033 1924 5080 et
1944 5040 2068 5080 cau-

432 5152 445 5155 _
505 5117 684 5157 sarum
715 5106 842 5159 oriri
878 5106 1072 5175 potuit.

723 5257 929 5337 unde},
968 5258 1188 5337 Disser}.
1227 5260 1453 5337 injicit.
1495 5263 1520 5337 ς
1557 5282 1704 5330 xxux,
1737 5282 1791 5335 p,
1824 5267 1910 5322 55.

598 5326 683 5401 1ξ)
723 5323 929 5401 spici!“
966 5339 1094 5401 tum.
1133 5330 1173 5387 1.
1205 5347 1257 5401 p.
1285 5332 1408 5388 268.

602 5395 685 5465 19)
727 5396 959 5455 Exercit.
990 5395 1306 5465 biblic.,lib.
1349 5418 1590 5467 t,exerc.
1644 5423 1717 5469 ix,
1770 5421 1892 5477 cap.
1946 5407 2000 5471 ὁ,
2034 5406 2062 5479 §

567 5508 683 5618 Qui
727 5535 1085 5618 Hicine/1055.,
1122 5549 1159 5618 ι.
1193 5540 1231 5604 ι,
1264 5545 1421 5618 chap.
1448 5546 1537 5611 ss,
1567 5563 1620 5618 p.
1650 5546 1775 5601 232.

576 5603 685 5674 (an
730 5607 933 5672 Spiril.,
965 5618 1096 5665 tom.
1124 5610 1161 5674 ι,
1195 5603 1247 5674 ι).
1282 5603 1403 5671 268.

506 5672 964 5811 ωξὶίὶὲέὄριὴεεηη
1004 5672 1156 5748 apud
1191 5672 1411 5749 Euseb.,
1461 5685 1592 5739 Hist.
1625 5684 1775 5753 eccl.,
1825 5686 1919 5743 lib.
1969 5703 2058 5751 γι.

2167 4754 2352 4808 mentis
2390 4753 2632 4822 epistula,
2666 4754 2816 4823 cujus
2860 4772 2953 4808 nos
3002 4756 3240 4810 notitiam
3282 4774 3384 4809 non
3413 4758 3727 4824 accepimus.

2164 4843 2348 4915 Neque
2377 4846 2549 4916 magis
2572 4854 2824 4901 accurate
2846 4845 3205 4917 Hieronymus
3237 4866 3249 4901 :
3282 4845 3474 4901 Fertur
3502 4858 3729 4902 secunda

2165 4951 2274 4991 esse
2296 4953 2358 4990 ea:
2377 4937 2489 5005 ejus
2514 4938 2717 4991 nomine
2738 4938 2979 5007 epistula,
3002 4955 3116 5008 qua
3139 4955 3170 4991 α
3200 4939 3450 4993 veteribus
3481 4939 3727 5007 reproba-

2168 5040 2271 5082 tur.
2302 5028 2526 5083 Photius
2564 5037 2742 5084 autem
2773 5029 2839 5083 ad
2870 5029 3181 5101 Hieronymi
3219 5031 3537 5085 sententiam
3569 5044 3728 5084 acce-

2166 5122 2321 5188 dens,
2351 5124 2463 5178 haac
2493 5123 2654 5178 habet
2681 5124 2793 5193 (‘28)
2821 5143 2833 5177 :
2875 5124 2938 5177 Ἠ
2964 5124 3019 5177 δὲ
3045 5122 3306 5193 λεγομένη
3330 5122 3551 5193 δευτέρα.
3591 5120 3726 5188 πρὸς

2258 5280 2346 5351 23)
2391 5278 2695 5351 Prolcgom.
2715 5280 2778 5333 ad
2815 5280 2875 5334 N.
2913 5279 3065 5335 T..n.
3094 5282 3179 5336 85.
3216 5298 3367 5350 seqq.

2258 5350 2347 5419 24)
2388 5348 2629 5420 Origen,
2657 5348 2944 5405 Comment.
2978 5354 3029 5403 in
3055 5351 3237 5408 Juau..
3274 5348 3402 5404 tom.
3442 5367 3493 5402 ν.
3528 5367 3578 5420 p.
3616 5351 3681 5405 83
3703 5370 3715 5382 ·

2166 5419 2521 5490 Euseh.,_l.c.
2545 5419 2817 5490 ;Hieron.,
2847 5420 2919 5473 De
2946 5425 3042 5476 vir.
3073 5423 3292 5484 illus!r.,
3324 5436 3442 5490 cap.
3469 5420 3515 5475 1.

2258 5489 2348 5561 25)
2564 5490 2712 5561 eccl.,
2751 5488 2840 5544 lib.
2873 5506 2969 5545 vn.
3003 5507 3119 5561 cap.
3152 5492 3239 5545 50.
3396 5487 3407 5490 ’
3538 5498 3547 5509 '

2259 5559 2348 5627 26)
2388 5557 2545 5625 Mil|.,
2581 5560 2615 5613 Ι.
2648 5575 2695 5613 c.
2730 5576 2879 5614 num.
2917 5562 3037 5621 176,
3068 5557 3217 5627 sem).

2254 5627 2344 5701 3?)
2384 5627 2528 5701 Hist.
2557 5630 2705 5701 eccl.,
2742 5631 2832 5685 lib.
2865 5646 2949 5694 In,
2980 5646 3097 5701 cap.
3126 5629 3215 5685 33.

2256 5697 2345 5757 28)
2384 5698 2520 5755 Bibl.
2554 5700 2675 5756 cod.
2704 5715 2854 5757 cxtn.
