4070 6340
294 309 362 366 97

1555 318 1830 375 ΡΒΟαῖΜῙ

1929 321 2306 382 VARIORCM.
2742 308 2751 315 ’
3454 346 3523 397 98

290 421 416 482 τοὺς
434 418 654 483 αὐτοὺς,
686 423 761 484 ὡς
789 422 940 487 νόθος
963 425 1432 497 ἀποδοκιμάζεται.
1464 448 1482 482 ‹
1518 428 1647 496 Qua:
1672 439 1851 486 autem
1881 438 1926 495 Α
1956 452 2056 507 ραν
2090 437 2449 510 διηγάγομεν,
2485 442 2541 493 ὲν
2655 443 3034 517 ἀνεγνώκαμεν
3072 449 3223 519 ὑμῶν
3264 451 3360 522 τὴν
3404 452 3523 506 ἐπι-

288 514 530 568 secunda
569 515 638 568 ad
679 515 896 571 eosdem
926 517 1285 590 (Corinthios)
1326 522 1542 589 dicitur,
1586 533 1642 578 ut
1689 525 1856 580 notha

284 605 554 674 rejicitur.
587 625 606 658 ι
640 606 708 659 At
741 610 941 663 rectius
964 609 1031 663 ad
1070 619 1303 667 mentem
1336 613 1553 671 Eusebii
1583 616 1854 687 Nicepho~

287 711 389 752 rus
410 695 519 767 (29)
547 716 560 752 :
589 699 699 751 Καὶ
730 699 862 769 ἄλλη
891 701 945 754 δὲ
973 700 1135 755 αὐτοῦ
1174 704 1393 776 φέρεται
1441 706 1716 778 ἐπιστολὴ,
1756 708 1856 778 τῆς

290 789 558 859 προτέρας
600 789 743 843 κατά
791 791 926 845 πολὺ
973 793 1301 847 ἀποδέουσα*
1356 798 1481 868 περὶ
1525 793 1592 869 ἦς
1618 800 1646 851 ὁ
1694 798 1854 862 αὑτός

286 895 448 948 φησιν
467 880 747 943 Εὐσέϐιος,
775 879 848 951 μὴ
867 882 925 935 ἐν
945 882 1218 957 ἐπιστήμῃ
1236 885 1434 957 ταύτης
1451 888 1579 951 τοὺς
1597 889 1853 959 ἀρχαίους

282 965 439 1023 εἶναι.
481 988 502 1022 ι
549 970 746 1026 Fertur
788 983 841 1028 et
881 975 983 1029 alia
1025 976 1143 1045 ejus
1186 977 1550 1051 (Clementis)
1586 981 1848 1050 epistola,

278 1061 462 1130 priore
495 1062 654 1132 longe
694 1063 954 1131 inferior;
978 1065 1045 1119 de
1065 1083 1172 1136 qua
1203 1066 1335 1123 dicit
1370 1068 1508 1123 idem
1552 1069 1849 1138 Eusebius,

274 1157 491 1205 veteres
532 1152 652 1219 ejus
710 1154 963 1206 notitiam
1005 1170 1114 1209 non
1164 1155 1383 1211 habere.
1430 1175 1449 1209 ι
1496 1156 1573 1211 Ex
1623 1158 1709 1213 his
1748 1158 1850 1212 ita-

274 1257 381 1311 que
418 1243 657 1298 testibus
706 1245 799 1297 uni
846 1244 1083 1305 Eusebio
1126 1249 1375 1302 standum
1402 1289 1416 1312 ,
1449 1264 1609 1303 nemo
1634 1265 1742 1304 non
1768 1252 1849 1304 vi-

273 1336 404 1390 det:
440 1335 575 1390 ﬁdes
606 1336 748 1390 enim
788 1352 957 1408 penes
989 1348 1285 1404 auctorem,
1315 1355 1421 1394 non
1457 1347 1637 1395 autem
1679 1358 1847 1412 penes

273 1427 603 1497 interpretes
632 1435 724 1481 aut
751 1430 1142 1500 exscriptores.
1178 1430 1406 1485 Photius
1448 1446 1580 1486 vero
1625 1433 1847 1488 minime

270 1517 602 1581 audiendus,
649 1518 740 1587 qui
788 1519 962 1573 multo
1006 1521 1280 1575 recentior
1306 1528 1390 1575 est
1455 1535 1617 1591 quam
1646 1530 1705 1575 ut
1743 1522 1844 1592 ipsi

271 1620 560 1662 assensum
589 1607 929 1677 praebeamus
959 1624 973 1659 :
1000 1624 1175 1679 neque
1202 1608 1346 1664 enim
1376 1610 1541 1665 ullius
1569 1612 1724 1666 testis
1747 1626 1846 1666 an-

272 1698 527 1767 tiquioris
548 1701 928 1756 auctoritatem
951 1701 1335 1768 adducit.Quid
1360 1704 1526 1773 igitur
1546 1703 1844 1760 Eusebius?

1959 526 2169 598 στολὴν,
2201 530 2266 599 ἢν
2296 528 2485 601 ἕξομεν
2500 532 2584 584 ἀεί
2616 551 2741 586 ποτε
2774 536 3229 605 ἀναγινώσκοντες
3256 541 3521 597 νουθετεῖ-

1958 618 2099 681 σθαι,
2125 619 2201 683 ὡς
2219 621 2313 673 καὶ
2344 621 2441 693 τὴν
2471 624 2739 695 προτέραν
2769 629 2899 697 ἡμῖν
2926 628 3012 681 διὰ
3047 630 3358 701 Κλήμεντος
3385 651 3492 707 γρα
3510 667 3521 677 -

1953 711 2159 777 φεῖσαν.
2210 727 2228 760 ‹
2278 708 2447 766 Hodie
2494 721 2741 768 sanctum
2771 715 2911 770 diem
2957 716 3291 776 Dominicum
3342 734 3521 781 trans-

1951 799 2179 869 egimus,
2212 801 2265 855 in
2298 818 2405 871 quo
2447 812 2682 859 vestram
2716 807 2942 878 legimus
2988 813 3269 880 epistolam
3292 854 3306 879 ,
3352 832 3514 885 quam

1951 890 2165 960 quidem
2199 901 2455 963 perpetuo
2478 896 2733 968 deinceps
2755 899 3011 968 legentes,
3038 905 3261 971 perinde
3282 922 3345 961 ac
3370 910 3516 977 prio-

1950 994 2062 1035 rem
2094 983 2236 1037 illam
2275 998 2305 1037 a
2335 984 2610 1041 Clemente
2658 990 2941 1059 scriptam.
2976 995 3119 1048 unde
3146 998 3367 1065 optimis
3397 1014 3513 1054 mtr-

1948 1073 2079 1128 nitis
2136 1074 2469 1130 instruamur
2522 1080 2912 1137 habebimus.»
2966 1082 3103 1139 llinc
3160 1087 3322 1142 infert
3376 1090 3515 1147 Gra-

1947 1162 2069 1219 bius
2099 1165 2232 1234 ('55),
2265 1182 2427 1220 unam
2457 1181 2486 1220 a
2508 1167 2781 1224 Clemente
2807 1172 3062 1242 scriptam
3095 1176 3160 1229 ad
3191 1177 3510 1237 Corinthios

1944 1255 2224 1325 epistolam
2250 1273 2263 1322 ;
2308 1273 2469 1326 quam
2499 1257 2597 1329 τὴν
2626 1260 2894 1332 προτέραν
2922 1263 3007 1316 διὰ
3038 1265 3348 1337 Κλήμεντος
3373 1288 3511 1342 γρα-

1945 1348 2134 1414 φεῖσαν
2184 1345 2473 1418 Dionysius
2519 1352 2784 1421 appellat,
2834 1345 2978 1424 quod
3030 1358 3237 1413 scilicet
3287 1362 3351 1415 ad
3409 1363 3514 1420 Ec-

1944 1436 2167 1491 clesiam
2209 1437 2609 1495 Corinthiacam
2662 1445 2814 1512 prius
2846 1460 2909 1500 ea
2945 1448 3110 1504 missa
3143 1450 3323 1517 fuerit,
3344 1470 3507 1524 quam

1942 1525 2103 1582 Soter
2124 1544 2277 1584 suam
2305 1531 2559 1603 deinceps
2582 1533 2757 1590 eidem
2800 1536 3155 1608 inscripserit.
3188 1542 3319 1598 Esto
3349 1564 3363 1598 ε
3393 1561 3508 1602 me-

1942 1618 2163 1674 minerit
2214 1620 2302 1674 hic
2364 1621 2654 1695 Dionysius
2710 1626 2909 1695 prioris
2953 1638 3163 1686 tantum
3210 1634 3506 1692 Clementis

1941 1708 2183 1800 epistolae
2204 1730 2217 1765 :
2238 1728 2412 1782 neque
2431 1716 2573 1769 enim
2595 1718 2771 1788 placet
2789 1719 3063 1792 Bevcregii
3084 1728 3350 1780 sententia
3367 1729 3501 1800 (36),

271 1787 455 1860 Neque
487 1808 522 1844 α
549 1791 807 1845 veteribus
837 1792 1161 1861 reprobatam
1193 1793 1325 1847 dicit
1359 1794 1713 1863 posteriorem
1731 1796 1843 1864 epi-
1875 1768 1919 1823 Β
1944 1799 2285 1867 conjicientis
2312 1768 2623 1877 episcopum
2654 1768 3085 1879 Corinthioruom,
3111 1818 3314 1873 omissa
3350 1768 3504 1876 ἑοιέῖ

268 1881 482 1946 stolam,
518 1898 695 1952 neque
731 1884 912 1953 prodit
945 1893 1135 1938 celeres
1164 1884 1277 1952 ejus
1319 1886 1559 1938 notitiam
1606 1903 1707 1939 non
1747 1887 1844 1938 ha-

268 1970 460 2035 buisse,
514 1990 687 2043 neque
738 1974 880 2028 illam
934 1975 1123 2030 scribit
1173 1976 1309 2029 inter
1362 1976 1662 2030 adulterina
1711 1978 1843 2048 reje—

264 2072 442 2127 ctam;
475 2063 569 2119 sed
592 2070 804 2118 tantum
839 2084 857 2115 ι
884 2066 1054 2134 priore
1086 2065 1256 2119 minus
1301 2075 1480 2119 notam
1515 2066 1705 2132 fuisse,
1745 2076 1855 2123 ηεξ-⁷

263 2170 375 2224 que
408 2172 441 2207 a
476 2155 722 2210 veteribus
753 2166 1080 2226 usurpatam.
1114 2155 1320 2221 oCedo,
1348 2173 1476 2211 num
1505 2158 1627 2213 inde
1647 2173 1840 2215 conse-

265 2247 464 2316 quitur
500 2248 777 2318 epistolam
810 2260 1053 2303 nostram
1085 2248 1254 2305 fuisse
1282 2251 1656 2321 reprobatam,
1684 2252 1838 2321 igno-

264 2345 416 2401 tam,
492 2339 924 2410 postulatamque
994 2339 1250 2403 νοθείαςῖ
1328 2339 1491 2394 Aliud
1560 2342 1836 2397 enimvero

258 2435 348 2481 est
372 2429 554 2485 minus
579 2431 880 2500 cognitum,
919 2430 1065 2486 aliud
1102 2431 1346 2501 ignotum
1379 2431 1637 2497 omnino;
1673 2439 1836 2501 atque

257 2519 405 2573 aliud
436 2529 521 2576 est
544 2539 655 2577 non
686 2525 787 2588 uti,
830 2524 975 2577 aliud
1020 2524 1314 2594 reprobare
1338 2532 1499 2593 atque
1529 2523 1668 2578 inter
1698 2539 1830 2593 sup-

254 2612 501 2681 posititia
546 2613 774 2671 referre.
832 2634 850 2667 ‹
880 2614 1346 2681 Quemadmodum
1394 2614 1598 2685 igitur,
1648 2613 1830 2669 verbis

256 2711 377 2757 utor
406 2704 479 2759 cl.
514 2703 797 2771 Cotelerii,
831 2722 938 2761 non
964 2722 1258 2777 possumus
1282 2720 1448 2771 nunc,
1485 2712 1606 2776 post
1640 2706 1833 2776 deper-

255 2802 396 2857 ditos
438 2809 525 2855 tot
560 2801 862 2872 primorum
895 2796 1117 2853 Patrum
1160 2798 1354 2861 libros,
1381 2796 1694 2851 memoriam
1722 2795 1831 2850 Eu—

256 2894 388 2950 sebii
419 2907 709 2955 accusare,
741 2906 859 2960 qua:
886 2898 1066 2944 tamen
1091 2905 1201 2943 non
1234 2903 1446 2958 semper
1470 2886 1574 2942 ﬁda
1596 2886 1824 2953 exstitit;

256 2989 329 3043 ita
359 3000 631 3057 negamus
660 2983 785 3039 inde
809 2983 1064 3052 consequi
1094 2997 1193 3052 pro
1222 2979 1691 3052 pseudepigrapha
1729 2994 1826 3036 ne-

1944 1888 2020 1942 ris
2069 1890 2327 1960 epistola,
2361 1895 2428 1949 de
2461 1907 2690 1968 utraque
2725 1901 3058 1958 Clementina
3089 1908 3250 1961 verba
3284 1908 3495 1966 fecisse.

1940 1979 2119 2036 Minus
2167 1984 2291 2038 item
2339 1988 2496 2043 nobis
2544 1991 2804 2057 probatur
2831 1995 2976 2063 quod
3009 1996 3099 2050 alii
3134 2000 3496 2066 arbitrantur,

1940 2069 2256 2142 Dionysium
2288 2089 2481 2145 nempe
2526 2078 2673 2132 illam
2704 2079 3003 2138 Clementis
3031 2088 3336 2155 epistolam.
3376 2107 3499 2160 qua:

1938 2162 2150 2231 publice
2176 2164 2471 2234 legebatur,
2497 2167 2620 2223 ideo
2647 2168 2876 2227 fortasse
2920 2179 3193 2246 προτέραν
3250 2193 3494 2243 vocasse,

1938 2260 1997 2305 ut
2023 2268 2140 2308 eam
2173 2255 2241 2309 ab
2264 2255 2435 2311 altera
2468 2256 2675 2314 Soteris
2699 2261 2763 2314 ad
2787 2261 3102 2321 Corinthios
3133 2269 3335 2336 pariter
3362 2271 3500 2325 scri-

1936 2351 2027 2412 pta
2062 2342 2439 2414 distingueret.
2472 2346 2542 2400 At
2571 2348 2657 2404 his
2685 2351 2888 2415 missis,
2923 2369 3052 2408 num
3085 2364 3368 2426 propterea
3395 2361 3498 2416 rite

1935 2449 2057 2488 cum
2098 2434 2298 2492 Grabio
2345 2440 2591 2511 colligas,
2620 2450 2742 2512 post
2783 2459 2955 2500 aevum
2989 2447 3205 2502 demum
3255 2449 3494 2508 Dionvsii

1932 2536 2173 2583 vertente
2216 2531 2416 2585 saeculo
2443 2547 2479 2586 ιι
2512 2532 2584 2586 ita
2606 2534 2924 2599 scribentis,
2956 2536 3349 2594 Clementinam
3398 2559 3477 2599 se-

1932 2620 2164 2673 cundam
2197 2619 2365 2675 fuisse
2397 2623 2722 2677 conﬁctam?
2750 2623 2864 2679 Hoc
2893 2642 3060 2681 unum
3091 2630 3301 2684 scilicet
3329 2646 3397 2685 ex
3422 2633 3491 2689 iis

1929 2711 2120 2767 confici
2146 2704 2311 2783 posse
2341 2714 2575 2780 videtur,
2608 2715 2778 2771 fuisse
2803 2717 2858 2771 in
2890 2734 3041 2774 more
3067 2721 3302 2790 positum
3334 2722 3494 2779 inali-

1929 2810 2153 2873 tutoque
2197 2804 2602 2860 Corinthiorum
2656 2806 2931 2871 Ecclesiae,
2979 2810 3215 2878 priorent
3272 2812 3492 2882 quidem

1927 2893 2221 2951 Clementis
2264 2896 2545 2966 epistolam
2597 2898 2736 2969 legi,
2788 2901 3143 2969 posteriorem
3196 2919 3324 2958 vero
3377 2920 3489 2959 non

1926 2985 2076 3042 item.
2106 2985 2380 3057 Numquid
2410 2989 2626 3044 demum
2657 2999 2787 3045 tunc
2818 2994 3077 3063 temporis
3108 3005 3266 3051 erant
3304 2998 3489 3068 legen-

256 3078 503 3134 oessario
550 3076 853 3132 habendam
889 3077 1169 3147 epistolam
1206 3094 1219 3130 :
1250 3091 1375 3132 cum
1426 3074 1541 3131 ﬁeri
1589 3076 1824 3146 quiverit
1850 3101 1893 3159 ρ
1926 3076 2007 3132 dre
2031 3078 2081 3130 in
2118 3078 2349 3148 publicis
2385 3077 2748 3135 Ecclesiarum
2777 3086 3135 3142 conventibus
3165 3102 3353 3145 omnes
3378 3104 3487 3145 non

258 3178 314 3224 ut
350 3186 494 3239 opus
538 3168 833 3238 genuinum
877 3167 931 3221 in
961 3168 1387 3223 controversiam
1420 3167 1649 3233 venerit,
1692 3174 1746 3223 et
1793 3183 1823 3222 a

257 3261 444 3331 primis
467 3258 727 3314 Ecclesiae
744 3259 1100 3329 scriptoribus
1120 3275 1227 3313 non
1254 3259 1412 3314 fuerit
1434 3258 1817 3315 celebratum.»

321 3351 466 3418 Quid
497 3366 649 3416 vero,
675 3350 721 3405 si
751 3349 1018 3406 Eusebius
1046 3350 1159 3403 Arii
1194 3351 1411 3420 placitis
1457 3351 1701 3421 impense
1722 3350 1821 3405 ad-

256 3443 458 3505 dictus,
501 3442 569 3498 de
613 3441 851 3498 secunda
895 3441 1189 3497 Clementis
1231 3442 1459 3513 epistola
1500 3443 1580 3498 sic
1609 3443 1822 3513 abiecte

257 3536 521 3591 sensisset
562 3534 1008 3604 scripsissetque;
1052 3541 1336 3604 propterea
1378 3534 1635 3588 nimirum
1674 3535 1819 3605 quod

254 3626 307 3680 in
335 3642 399 3680 ea
432 3636 662 3681 sanctus
705 3624 866 3680 Pater
895 3625 1327 3679 illustrissimum
1357 3625 1424 3679 de
1447 3624 1650 3680 Christi
1680 3625 1820 3680 divi-

256 3719 420 3773 nitate
472 3718 845 3773 testimonium
895 3718 1127 3774 ediderit
1155 3717 1306 3790 (30)?
1334 3716 1470 3774 Illud
1515 3733 1647 3775 sane
1684 3718 1817 3776 viris

254 3811 427 3864 doctis
444 3826 571 3865 cum
597 3810 869 3865 veteribus
890 3816 1003 3863 tum
1027 3808 1421 3865 recentioribus
1441 3810 1813 3877 observatum,

252 3899 643 3957 Casariensem
686 3902 997 3973 episcopum
1027 3907 1161 3956 testu
1193 3902 1426 3971 partium
1457 3900 1605 3955 haud
1648 3900 1815 3959 semel

254 3993 557 4061 abreptum,
592 3992 646 4047 in
680 4008 777 4048 sua
804 3992 1041 4049 Historia
1071 3992 1184 4048 sive
1210 4008 1318 4047 non
1336 3994 1469 4048 satis
1499 3999 1680 4063 aperte
1705 4001 1816 4047 tra-

254 4085 478 4147 didisse,
506 4084 624 4141 sive
644 4087 902 4157 pleraque
924 4086 1318 4151 dissimulasse,
1348 4086 1463 4140 sive
1480 4086 1699 4141 silentio
1720 4101 1815 4156 pe-

252 4177 394 4231 nitus
418 4178 768 4247 praeteriisse,
797 4193 917 4248 quae
944 4178 1057 4233 suis
1081 4177 1431 4248 opinionibus
1458 4177 1701 4233 novisset
1726 4176 1812 4231 in-

252 4272 553 4326 commoda.
590 4269 706 4338 Qua
735 4270 801 4326 de
823 4286 882 4326 re
907 4270 1162 4327 Photium
1196 4270 1333 4343 (3t),
1370 4268 1665 4325 Baronium
1698 4268 1810 4340 (52)

249 4371 299 4415 et
342 4362 807 4417 siontfauconium
834 4361 944 4434 (5‘5)
994 4362 1281 4419 consulere
1322 4369 1563 4432 praestat.
1606 4360 1808 4418 Verum

1926 3169 2295 3238 apostolorum
2342 3170 2520 3237 modo,
2553 3172 2647 3231 sed
2689 3173 2850 3228 etiam
2883 3178 3308 3245 apostolicorum
3338 3181 3488 3235 viro-

1922 3274 2041 3315 rum
2068 3261 2343 3331 epistolae;
2374 3273 2429 3318 ut
2460 3265 2687 3334 proinde
2711 3268 2982 3334 posterior
2998 3268 3335 3325 Clementina
3358 3288 3490 3327 cen-

1924 3350 2091 3406 senda
2119 3352 2191 3406 sit
2213 3353 2676 3425 pseudepigrapha
2701 3371 2765 3411 eo
2786 3359 3023 3422 nomine,
3054 3361 3199 3429 quod
3242 3363 3308 3418 de
3338 3364 3486 3421 illius

1922 3441 2153 3499 lectione
2195 3444 2249 3498 in
2294 3453 2563 3500 conventu
2614 3447 2963 3504 Corinthiaco
3016 3452 3220 3505 nullam
3271 3455 3483 3524 injiciat

1918 3535 2246 3590 mentionem
2272 3534 2603 3607 Dionysius?
2622 3538 2754 3592 Cum
2778 3541 2961 3611 itaque
2980 3542 3213 3611 priorem
3239 3545 3480 3613 quidem,

1917 3625 2143 3682 minime
2191 3642 2319 3682 vero
2376 3630 2765 3698 posteriorem,
2815 3631 2869 3686 in
2907 3641 3053 3687 coetu
3105 3635 3481 3690 ecclesiastico

1916 3720 2118 3791 perlegi
2168 3721 2519 3776 consuevisse
2549 3721 2619 3776 ab
2645 3722 2904 3793 episcopo
2927 3724 3333 3779 Corinthiorum
3363 3726 3482 3781 edi-

1916 3822 2169 3876 scamus;
2214 3808 2343 3863 hinc
2389 3825 2523 3865 sane
2551 3812 2933 3881 perspicimus,
2968 3829 3069 3867 cur
3103 3814 3336 3884 priorem
3365 3816 3479 3869 exi—

1915 3899 2078 3952 miam
2109 3917 2326 3970 prorsus
2368 3912 2524 3972 atque
2566 3902 2861 3957 mirabilem
2886 3905 3168 3974 appellarit
3188 3906 3476 3976 episcopus

1913 3990 2293 4060 Caesariensis;
2346 3994 2413 4049 de
2462 3996 2762 4065 posteriore
2812 4012 2942 4052 vero
2988 3997 3292 4065 scripserit,
3326 3997 3473 4051 illam

1912 4083 2084 4137 minus
2104 4093 2281 4138 notam
2308 4085 2470 4154 fuisse
2492 4102 2651 4157 neque
2676 4104 2709 4140 a
2739 4086 2989 4141 veteribus
3014 4098 3343 4156 usurpatam.
3379 4087 3473 4143 Sic

1912 4174 2079 4231 ferme
2121 4184 2530 4246 argumentatur
2557 4178 2900 4243 Coutantius,
2933 4194 2962 4232 a
2991 4196 3101 4249 quo
3128 4181 3316 4249 pedem
3354 4198 3464 4236 non

1910 4266 2138 4323 discedit
2172 4284 2412 4338 nuperus
2436 4270 2759 4325 dissertator
2782 4268 3082 4326 Romanus.

1980 4356 2069 4413 Vl.
2110 4357 2404 4430 Pergamus
2432 4374 2613 4429 porro.
2657 4358 2847 4414 Subdit
2874 4369 3134 4429 pra-terea
3166 4360 3248 4413 vir
3284 4361 3469 4415 erudi-

248 4452 508 4525 quidquid
558 4454 775 4508 demum
831 4454 1062 4509 senserit
1110 4452 1178 4509 de
1227 4454 1467 4508 secunda
1517 4452 1807 4509 Clementis
1838 4442 1885 4500 D
1908 4454 2017 4511 tus,
2049 4448 2435 4517 suppositionis
2464 4449 2829 4518 suspicionem
2859 4450 2963 4504 sibi
2993 4449 3220 4517 injicere
3246 4458 3466 4504 senten-

246 4548 473 4617 epistola
511 4544 866 4601 Cazsariensis
914 4544 1225 4615 episcopus,
1279 4545 1417 4600 satis
1465 4551 1802 4615 compertum

245 4649 325 4695 est
354 4640 489 4693 nihil
535 4655 603 4693 ex
641 4639 761 4708 ejus
802 4637 981 4693 verbis
1016 4637 1332 4707 exsculpere
1363 4651 1525 4708 posse
1550 4637 1805 4691 adversa-

245 4735 373 4795 rios,
396 4748 508 4803 quo
535 4731 682 4785 illam
714 4731 1104 4801 suppositionis
1126 4731 1320 4787 merito
1346 4737 1650 4800 suspectam
1680 4730 1806 4785 red-

244 4827 368 4880 dere
394 4824 628 4896 possint.

308 4911 536 4967 Atenim
557 4910 845 4982 Dionysius
875 4910 1284 4966 Corinthiorum
1321 4910 1615 4980 episcopus
1658 4911 1798 4981 apud

246 5004 535 5060 Eusebium
556 5002 691 5073 (34),
711 5003 778 5057 ad
807 5002 1047 5058 Soterem
1074 5015 1265 5072 papam
1288 5002 1615 5067 rescribens,
1638 5004 1801 5058 unius

243 5096 483 5165 epistola:
524 5095 854 5156 Clementis,
904 5101 958 5148 et
1005 5093 1222 5164 quidem
1269 5093 1499 5163 prioris,
1554 5094 1799 5148 meminit

244 5184 391 5239 hisce
422 5184 601 5241 verbis
622 5204 634 5238 :
655 5183 763 5255 Τὴν
789 5183 1022 5254 σήμερον
1049 5178 1142 5235 οὖν
1171 5180 1450 5255 Κυριακὴν
1478 5181 1637 5251 ἁγίαν
1664 5182 1801 5253 ὴμέ-

310 5427 422 5496 (39)
466 5426 632 5493 Hist,
659 5426 749 5496 lib.
783 5441 864 5488 ut,
890 5441 1010 5495 cap.
1047 5424 1134 5496 18.
1208 5487 1215 5495 ε

310 5499 420 5571 (ᾇο)
461 5499 655 5571 Clem,
686 5495 854 5571 Epist.
876 5497 939 5561 ll,
964 5510 1083 5565 cap.
1116 5495 1166 5547 1.

309 5564 419 5631 (51)
461 5565 604 5621 Bibl.
637 5565 756 5620 cod.
792 5582 995 5620 cum.

308 5638 419 5713 (ἒξ)
466 5638 540 5713 ῥά
570 5637 851 5713 ann._‘518,
888 5635 950 5706 ἐξ
983 5650 1217 5713 xc,_xcv.

306 5701 416 5762 (33')
457 5709 587 5776 Ορρ.
640 5706 854 5771 Alliam,
888 5701 1019 5759 tom.
1073 5704 1113 5771 Ι,
1167 5711 1303 5773 part.
1339 5719 1377 5770 ι,
1407 5716 1528 5772 pag.
1560 5701 1683 5759 9.43.

1904 4540 2035 4594 tiam
2064 4556 2094 4597 e
2123 4542 2261 4596 libro
2292 4541 2526 4612 quodam
2559 4542 2871 4613 apocrypho
2904 4551 3204 4610 acceptam,
3256 4558 3377 4611 quae
3409 4543 3463 4596 in

1904 4632 2065 4703 hujus
2088 4632 2329 4702 epistola:
2350 4633 2525 4703 capite
2556 4634 2615 4686 Η
2647 4639 2844 4695 exstat,
2866 4646 2991 4686 cum
3019 4631 3130 4701 jam
3153 4639 3207 4686 et
3236 4632 3291 4686 in
3317 4632 3468 4700 priua-

1903 4726 1982 4779 ris
2011 4726 2184 4794 capite
2202 4724 2274 4780 25
2302 4725 2492 4795 paucis
2520 4725 2743 4778 mutatis
2778 4729 3049 4777 occurrat.
3083 4720 3336 4775 Eamdem
3365 4720 3465 4778 ob-

1896 4815 2188 4887 jectionem
2232 4816 2489 4887 deinceps
2520 4816 2737 4885 repetiit
2769 4814 3111 4869 Hermannus
3142 4812 3376 4867 Venema
3406 4814 3459 4868 in

1901 4907 2167 4976 epistolis,
2198 4922 2334 4977 quas
2356 4906 2815 4962 Clementinarum
2841 4905 3199 4974 epistolarum
3233 4903 3457 4958 editioni

1900 4999 2287 5055 Wetsteniana:
2318 5014 2490 5069 nuper
2511 4998 2766 5068 opposuit
2797 4997 2929 5069 (57).
2961 4996 3098 5053 Hinc
3133 4997 3279 5052 enim
3305 4995 3459 5064 judi-

1900 5091 2043 5145 cium
2077 5091 2217 5146 sumi
2250 5107 2409 5162 posse
2440 5091 2574 5146 satis
2602 5100 2844 5160 apertum
2874 5090 3169 5153 existimat,
3200 5102 3309 5158 quo
3342 5087 3458 5157 epi-

1899 5184 2053 5238 stolae
2087 5182 2337 5239 secundaa
2368 5183 2504 5238 alius
2533 5197 2563 5236 a
2593 5181 2869 5237 Clemente
2906 5181 3140 5251 scriptor
3164 5186 3455 5237 statuatur.

1988 5429 2077 5492 54)
2124 5424 2263 5480 Hist.
2295 5426 2445 5488 εισι..
2478 5425 2577 5479 lib.
2607 5441 2681 5489 tv,
2712 5439 2831 5492 cap.
2863 5423 2953 5478 25.

1987 5498 2075 5564 55)
2116 5494 2323 5563 Spicil.,
2354 5505 2483 5550 tom.
2515 5495 2555 5557 ι,
2590 5510 2710 5564 pag.
2734 5494 2860 5564 266.

1989 5560 2077 5633 36)
2116 5560 2248 5621 Cod.
2281 5581 2402 5619 can.
2438 5565 2530 5619 lib.
2563 5560 2622 5625 ti.
2656 5560 2774 5634 cap.
2809 5563 2861 5627 9,
2893 5562 2919 5633 §
2952 5578 3003 5629 x,
3031 5577 3151 5634 pag.
3188 5560 3314 5619 HS.

1986 5638 2075 5708 37)
2112 5635 2356 5699 Vencm.,
2391 5634 2561 5704 Epist.
2593 5636 2652 5699 2,
2690 5632 2859 5705 §'xxt,
2894 5632 3015 5703 pag.
3048 5632 3136 5691 78.
