4070 6340
551 256 622 316 99
1344 248 1351 257 ’
1655 248 1748 305 ΔΙ)
1784 248 1842 305 S.
1881 245 2096 305 CLEME

2193 245 2303 301 νει
2339 245 2363 299 ι
2397 245 2627 302 ΡΑΡΑὶΙ

3661 252 3763 308 100

551 374 707 432 Itane
747 371 979 430 censes?
1023 368 1194 437 Quasi
1242 382 1393 433 vero,
1423 372 1483 422 ut
1525 380 1649 421 cum
1678 367 1796 423 viro
1821 365 1983 421 docto
2027 378 2114 418 re-
2141 365 2189 424 Α
2216 360 2433 417 veritati
2472 360 2651 415 locum
2695 356 2958 427 objiciunt
2986 373 3015 414 e
3049 356 3507 430 pseudo-Iustino
3543 360 3763 420 desum-

552 463 847 539 spondeam
876 461 1010 536 (58).
1033 462 1239 532 justam
1276 459 1606 531 suspicionis
1647 474 1836 514 ansam
1864 456 2108 528 ejusdem

552 557 833 615 sententiae
873 553 1122 624 repetitio
1157 552 1413 623 praebeat.
1445 550 1601 617 Quod
1629 551 1676 605 si
1708 566 1795 607 res
1821 550 1897 604 ita
1923 564 1983 604 se
2009 548 2109 601 ha-

552 644 724 707 beret,
755 653 934 698 actum
984 642 1228 713 proiecto
1271 648 1419 696 esset
1463 640 1531 695 de
1575 639 1823 709 pluribus
1865 649 2107 695 veterum

552 732 791 791 indubiis
816 732 1200 796 monumentis,
1230 734 1285 788 in
1317 731 1513 802 quibus
1541 731 1742 801 passim
1779 747 1920 787 unus
1940 730 2109 785 idem-

551 843 658 899 que
687 835 900 889 auctor,
941 826 1056 883 sive
1077 825 1131 879 in
1157 824 1276 894 ipso
1296 822 1483 894 opere,
1512 823 1628 879 sive
1651 824 1814 877 etiam
1840 821 1895 876 in
1917 820 2104 885 variis,

550 920 738 977 eadem
769 918 1173 988 Scripturarum
1205 915 1323 969 loca
1340 913 1668 984 easdemque
1690 912 1990 969 sententias
2010 927 2107 983 pro

550 1026 613 1068 re
640 1018 765 1065 nata
797 1009 901 1063 sibi
932 1005 1218 1077 repetenda
1240 1019 1362 1060 esse
1389 1003 1562 1058 duxit.
1587 1000 1757 1072 Cujus
1786 999 2005 1071 quidem
2030 998 2106 1055 rei

550 1100 853 1171 exemplum
876 1098 1019 1170 quod
1045 1095 1175 1151 mihi
1204 1110 1351 1150 nunc
1370 1090 1813 1162 succurrit,apud
1834 1089 2104 1146 Iustinum

550 1193 839 1262 Martyrem
887 1204 1013 1246 cum
1044 1188 1099 1242 in
1124 1195 1352 1256 utraque
1377 1185 1631 1257 Apologia
1665 1192 1779 1238 tum
1814 1181 1868 1237 in
1892 1183 2114 1254 Dialogo

553 1297 672 1335 cum
743 1277 1051 1349 Tryphone,‘
1094 1279 1427 1333 luculentum
1482 1276 1616 1331 satis
1669 1274 1919 1330 habetur.
1968 1271 2105 1340 Quid

549 1386 713 1442 porro
760 1378 925 1435 vetat,
958 1386 1067 1441 quo
1115 1371 1295 1426 minus
1329 1384 1426 1440 pro
1460 1368 1719 1439 temporis
1769 1367 2107 1438 institutique

546 1462 758 1517 ratione
808 1478 970 1517 unam
1028 1462 1381 1532 eamdemque
1440 1461 1761 1517 sententiam
1814 1462 1869 1515 in
1916 1460 2105 1516 eodem

547 1564 729 1621 Opere,
760 1551 1001 1622 adeoque
1055 1552 1227 1621 magis
1273 1555 1318 1607 si
1365 1551 1579 1606 diversa
1618 1551 1709 1605 illa
1736 1550 1875 1617 sint,
1918 1549 2106 1604 recitet

546 1640 741 1696 iterum
783 1641 922 1696 idem
952 1645 1182 1696 auctor?
1206 1639 1317 1695 lmo
1347 1656 1497 1706 vero,
1525 1654 1633 1710 quo
1663 1638 1994 1709 singularius
2021 1644 2105 1694 est

2209 457 2382 520 ptum,
2402 449 2495 519 qui
2528 449 2608 505 sic
2637 463 2697 503 se
2718 447 2877 503 habet
2900 447 3040 519 (49.):
3071 449 3137 501 El
3164 449 3264 520 τῆς
3292 449 3573 520 παρούσης
3600 470 3765 506 κατα-

2212 540 2449 604 στάσεως
2474 540 2535 593 τὸ
2561 538 2711 603 τέλος
2738 540 2904 604 ἐστὶν,
2932 542 2965 611 ἡ
3003 539 3089 593 διὰ
3120 539 3216 592 τοῦ
3259 541 3427 613 πυρὸς
3454 542 3634 614 κρίσις
3660 546 3765 598 τῶν

2207 632 2437 697 ἀσεϐῶν,
2458 632 2601 687 καθά
2627 649 2794 702 φασιν
2815 633 2875 685 at
2898 633 3109 704 γραφαὶ
3131 633 3423 704 προφητῶν
3438 652 3498 688 τε
3526 636 3620 690 καί
3641 637 3769 691 ἀπο-

2208 725 2426 789 στόλων,
2455 725 2533 779 ἔτι
2560 726 2617 779 δὲ
2644 726 2738 779 καὶ
2764 725 2864 795 τῆς
2891 724 3178 795 Σιϐύλλης,
3206 725 3389 789 καθώς
3419 729 3641 797 (manu
3660 746 3779 800 μμ

2206 817 2395 889 κάριος
2407 817 2636 889 Κλήμης
2651 817 2709 871 ὲν
2724 820 2790 889 τῇ
2804 817 2940 890 πρὸς
2956 816 3274 889 Κορινθίους
3290 818 3544 891 ἐπιστολῇ
3559 858 3573 883 ,
3592 837 3645 875 κ.
3657 821 3766 878 τ.λ.

2211 924 2231 961 ι
2270 907 2328 964 Si
2360 911 2644 981 praesentis
2675 925 2857 965 rerum
2904 916 3078 966 status
3133 909 3278 975 linis,
3333 918 3417 966 est
3474 911 3769 983 impiorum

2204 1017 2304 1073 per
2329 1004 2505 1073 ignem
2531 1000 2993 1073 judicium,prout
3021 1008 3292 1057 testantur
3310 1001 3603 1074 Scriptura:
3631 1021 3764 1077 pro-

2203 1095 2490 1166 phetarum
2530 1102 2586 1151 et
2632 1096 3023 1165 apostolorum,
3057 1103 3221 1166 atque
3269 1095 3493 1165 insuper
3525 1095 3765 1170 Sibyllae,

2205 1194 2266 1241 ut
2284 1186 2361 1241 ait
2377 1186 2568 1242 beatus
2584 1186 2902 1244 Clemensin
2923 1186 3161 1258 Epistola
3176 1187 3243 1242 ad
3262 1186 3603 1253 Corinthios,
3618 1210 3636 1242 ι
3653 1198 3765 1248 etc.

2202 1277 2285 1333 Ad
2311 1295 2432 1350 qua:
2457 1280 2676 1350 quidem
2699 1281 2862 1337 verba
2892 1281 3049 1352 plura
3078 1281 3290 1337 erudite
3312 1281 3569 1337 observat
3598 1282 3785 1357 Cote-r

2203 1368 2392 1435 lerius,
2422 1378 2585 1440 atque
2618 1385 2685 1425 ex
2713 1385 2779 1426 eo
2820 1371 3146 1427 Coutantius
3188 1370 3410 1443 aliique.
3441 1370 3663 1440 Verum,
3696 1374 3766 1431 iis

2203 1460 2409 1526 missis,
2468 1460 2525 1517 in
2564 1462 2800 1517 medium
2856 1462 3102 1534 proferre
3150 1463 3302 1527 libet,
3334 1479 3455 1535 qua;
3498 1465 3566 1520 ad
3616 1465 3765 1523 hunc

2210 1552 2646 1621 pseudo-Justini
2701 1554 2879 1610 locum
2937 1554 3218 1610 adnotavit
3272 1573 3512 1627 nuperus
3539 1573 3765 1629 operum

2206 1644 2265 1701 S.
2294 1644 2494 1702 Justini
2523 1646 2698 1701 editor
2724 1645 3052 1705 Parisiensis
3077 1668 3090 1704 :
3129 1668 3148 1701 ‹
3185 1649 3320 1705 Cum
3350 1649 3597 1723 Sibyllini
3636 1667 3766 1707 ver-

543 1731 763 1788 etlatum
792 1748 984 1788 rursus
1035 1732 1089 1786 in
1138 1732 1373 1787 medium
1405 1709 1720 1796 adductum,
1747 1746 1811 1786 eo
1837 1731 2101 1786 conduci-
2132 1709 2177 1768 Β
2205 1750 2321 1797 sus,
2348 1735 2545 1805 inquit,
2576 1734 2884 1791 referantur
2904 1736 2959 1790 in
2984 1735 3269 1792 Constitui.
3320 1709 3547 1806 αροδῖοι.
3577 1738 3672 1793 lib.
3706 1755 3763 1802 v,

543 1828 708 1884 bilius
755 1829 936 1885 evadit
984 1828 1051 1883 ad
1100 1828 1438 1885 suadendum
1479 1843 1646 1881 unum
1674 1842 1795 1883 esse
1826 1834 2102 1881 auctorem

543 1920 782 1990 epistolae
798 1921 1109 1991 utriusque,
1140 1920 1195 1975 in
1223 1918 1423 1991 quibus
1452 1918 1684 1976 relatum
1722 1916 1924 1989 pariter
1952 1931 2102 1972 com-

542 2013 772 2084 peritur.

610 2104 680 2159 At
708 2104 852 2159 enim
875 2104 1199 2161 sententiam
1238 2105 1385 2159 illam
1413 2105 1481 2161 de
1510 2119 1618 2177 qua
1649 2103 2017 2176 disputamus,
2035 2120 2099 2161 ex

540 2212 704 2269 opere
755 2196 938 2267 aliquo
987 2196 1456 2269 pseudepigrapho
1504 2204 1783 2269 exceptam
1827 2196 2099 2253 novimus.

539 2286 705 2355 Quasi
734 2301 864 2343 vero
892 2286 1125 2357 alicujus
1155 2288 1337 2359 operis
1363 2290 1661 2345 auctoritas
1691 2293 1977 2357 propterea
1998 2286 2103 2341 mi-

536 2388 758 2443 nuatur,
790 2376 935 2449 quod
966 2378 1114 2434 illius
1141 2380 1377 2449 scriptor
1404 2379 1650 2451 quaedam
1699 2393 1824 2433 vere
1867 2377 2011 2432 dicta
2047 2384 2103 2432 et

538 2474 857 2539 argumento
885 2467 1029 2537 quod
1067 2467 1180 2535 jam
1225 2474 1423 2522 tractat
1453 2468 1693 2538 apprime
1738 2481 2002 2537 congrua,
2032 2482 2101 2521 ex

537 2560 679 2616 libro
710 2574 820 2615 non
853 2561 1118 2615 canonico
1148 2558 1287 2614 forte
1319 2559 1623 2615 adduxerit.
1655 2558 1771 2612 Viri
1795 2558 2101 2613 eruditissi-

535 2650 614 2707 mi
655 2650 837 2707 verbis
871 2656 997 2705 utor
1023 2649 1158 2720 (59).
1207 2648 1319 2716 Nae,
1350 2649 1396 2704 si
1433 2660 1621 2706 contra
1658 2650 1953 2707 secundam
1985 2650 2100 2721 epi-

536 2742 731 2798 stolam
762 2740 879 2795 haec
901 2741 1042 2796 ratio
1062 2741 1171 2796 vim
1195 2740 1413 2804 habeat,
1434 2740 1545 2810 jam
1579 2739 1646 2795 de
1676 2741 1864 2811 prima:
1884 2754 2099 2810 quoque

536 2829 848 2901 integritate
877 2829 1277 2884 conclamatum
1304 2826 1561 2894 est.Quid
1591 2826 1735 2898 quod
1766 2825 1945 2879 Photii
1970 2840 2099 2881 cen—

535 2937 667 2977 sura
695 2921 936 2992 epistola:
958 2920 1241 2992 utriusque
1252 2919 1692 2982 consensionem,
1714 2917 1781 2972 ad
1807 2919 1925 2972 loca
1951 2932 2098 2988 quae-

534 3008 658 3064 dam
686 3008 991 3080 apocrypha
1022 3009 1163 3079 quod
1199 3009 1407 3075 attinet,
1434 3009 1781 3071 conﬁrmans,
1810 3007 2096 3077 utriusque

534 3101 663 3157 item
686 3117 852 3156 unum
875 3102 1231 3170 eumdemque
1256 3108 1529 3155 auctorem
1558 3100 1842 3169 agnoscit?
1864 3098 1943 3152 En
1970 3113 2095 3168 per-

533 3207 660 3248 acre
688 3193 755 3249 de
786 3193 869 3249 his
898 3192 1253 3249 Clementinis
1283 3193 1527 3263 epistolis
1575 3192 1750 3246 critici
1798 3191 1963 3261 hujus
2006 3190 2099 3260 ju-

533 3285 734 3340 dicium
767 3284 879 3356 (40)
915 3302 928 3339 :
964 3284 1225 3348 Secunda,
1253 3284 1450 3353 inquit,
1481 3282 1623 3336 dicta
1669 3282 1910 3353 qua‘dam
1950 3299 2096 3353 pere-

530 3382 684 3451 grina
718 3380 854 3434 velut
882 3397 908 3434 e
946 3396 1103 3434 sacra
1153 3378 1427 3449 Scriptura
1457 3378 1772 3440 subinducit,
1806 3377 1993 3448 quibus
2033 3396 2096 3433 ne

529 3472 751 3541 epistola
779 3471 981 3543 quidem
1012 3474 1185 3541 prima
1229 3473 1438 3526 omnino
1467 3480 1634 3525 vacat.
1669 3469 1736 3523 Et
1780 3470 2093 3538 interpreta-

534 3562 697 3617 tiones
718 3562 1065 3633 quorumdam
1113 3562 1344 3616 locorum
1375 3562 1649 3616 alieniores
1700 3561 1918 3631 profert.
1954 3560 2091 3617 Hinc

529 3652 597 3706 de
625 3660 851 3723 utraque
876 3653 951 3707 ita
980 3653 1194 3709 demum
1220 3654 1491 3707 concludit
1518 3671 1531 3708 :
1555 3654 1798 3723 Alioquin
1828 3654 1942 3721 ipsa
1978 3670 2093 3719 quae

528 3744 585 3797 in
615 3743 695 3799 his
729 3744 962 3813 epistolis
1006 3745 1183 3799 insunt
1223 3762 1395 3809 sensa,
1429 3745 1664 3799 nonnihil
1706 3745 1907 3814 abjecta
1947 3754 2089 3809 sunt,

530 3849 623 3888 nec
669 3836 1012 3889 continentem
1057 3838 1239 3890 seriem
1288 3853 1350 3889 ac
1399 3838 1815 3906 consequentiam
1862 3848 2088 3894 servant.

528 3928 765 3987 Videsne
793 3932 925 3985 nihil
941 3932 992 3986 in
1016 3932 1315 4002 posteriore
1339 3938 1526 3986 notare
1544 3930 1963 4002 Photium,quod
1982 3948 2090 3988 non

527 4027 583 4077 et
604 4021 770 4091 priori
799 4036 921 4075 cum
944 4036 1007 4077 ea
1033 4036 1152 4076 esse
1176 4035 1463 4076 commune
1492 4020 1836 4089 pronuntiet?
1864 4019 2090 4076 Photius

528 4110 712 4182 igitur,
745 4119 803 4166 ut
835 4111 959 4181 jure
980 4110 1156 4181 arguit
1184 4109 1527 4174 Coulantius,
1560 4110 1844 4180 utriusque
1887 4110 1988 4165 hac
2033 4110 2089 4164 in

527 4220 590 4261 re
619 4220 943 4261 consensum
974 4204 1288 4275 indigitans,
1340 4204 1406 4258 ad
1438 4210 1722 4272 utramque
1765 4204 1966 4274 pariter
1995 4221 2087 4260 su-

527 4294 858 4364 scipiendam
911 4308 1012 4350 nos
1076 4292 1473 4363 quodammodo
1524 4293 1768 4358 inducit,
1811 4294 2081 4359 hortatur,

522 4392 794 4456 perurget.

595 4474 868 4531 Hactenus
892 4491 1017 4531 cum
1046 4475 1245 4531 Grabio
1269 4492 1457 4531 sumus
1484 4476 1536 4530 in
1560 4474 1752 4546 primis
1774 4476 2078 4545 congressi;

524 4568 617 4638 qui
649 4574 829 4623 tamen
862 4568 1119 4639 deinceps
1149 4570 1389 4624 animum
1419 4576 1662 4623 mutasse
1716 4566 2030 4636 perhibetur
2060 4584 2075 4622 :

525 4658 791 4727 siquidem
822 4659 949 4713 alibi
983 4659 1095 4731 (ll)
1127 4660 1306 4713 locum
1334 4674 1399 4713 ex
1422 4657 1661 4729 Epistola
1690 4655 1756 4723 ll,
1786 4665 1838 4712 et
1860 4657 2078 4727 quidem

524 4756 780 4819 tanquam
838 4750 1235 4805 Clementinum
1292 4759 1611 4819 acceptum,
1668 4756 1861 4802 contra
1920 4746 2078 4803 Lucae

524 4839 770 4897 Mellierii
816 4841 1116 4896 Artemonii
1148 4858 1241 4896 seu
1274 4839 1541 4895 Samuelis
1573 4839 1751 4894 Crellii
1778 4839 2078 4894 cavillatio-

522 4950 621 4989 nes
645 4934 845 4989 acriter
872 4941 1176 5005 propugnat
1203 4950 1215 4985 :
1243 4935 1377 4988 adeo
1409 4940 1468 4986 ut
1497 4932 1611 4988 sive
1640 4929 1921 4985 Grahiana:
1951 4944 2075 4984 seno

520 5028 702 5083 tentias
730 5026 998 5097 patronis,
1028 5026 1143 5082 sive
1192 5025 1272 5079 vel
1325 5024 1427 5093 ipsi
1475 5021 1671 5077 Grabio
1718 5022 1851 5076 nihil
1883 5021 2074 5093 reliqui

521 5134 643 5174 esse
675 5119 941 5174 videatur.

593 5209 703 5265 Vll.
736 5209 873 5265 Sunt
918 5211 1161 5280 insuper,
1194 5208 1284 5279 qui
1326 5208 1575 5263 secundm
1606 5206 1767 5276 hujus
1808 5204 2065 5275 Epistola)

613 5385 701 5447 '58)
736 5384 1013 5467 coutant.,
1048 5379 1218 5453 Epist.
1245 5381 1392 5438 Rom.
1419 5381 1646 5454 Ponti{.,
1828 5378 1917 5444 '59,
1952 5379 1979 5452 §
2013 5397 2065 5435 v.

613 5456 703 5505 sm
745 5455 903 5505 ΜιΙΙ..
931 5454 1230 5505 Proletrom.
1265 5456 1332 5505 ad
1357 5451 1419 5505 Ν.
1453 5453 1540 5505 Τ..
1578 5468 1633 5505 n.
1698 5452 1731 5505 4
1774 5493 1787 5505 .

591 5451 682 5528 (39
745 5455 903 5521 Mill.,
931 5451 1230 5525 Prolegom.
1265 5456 1332 5509 ad
1357 5451 1419 5507 Ν.
1453 5453 1540 5517 Τ.,
1578 5451 1633 5505 n.
1666 5451 1787 5506 N7.

589 5526 681 5593 (ιο
742 5525 875 5580 Bibl.
907 5525 1026 5580 cod.
1055 5539 1233 5578 cxxvt.

590 5456 703 5665 (lli
740 5588 939 5665 Annot.
966 5592 1034 5646 ad
1080 5591 1329 5665 G.‘l_3ulli
1365 5592 1569 5650 delens.
1605 5593 1694 5650 lid.
1726 5593 1787 5649 Ni

590 5525 681 5593 (l0
742 5525 875 5580 Bibl.
907 5525 1026 5580 cod.
1055 5539 1233 5578 cxxvt.

590 5525 703 5667 (lli
740 5588 941 5667 A_nnot_.
966 5592 1034 5646 ad
1080 5591 1329 5667 C._l}ulli
1365 5592 1569 5650 defens.
1605 5593 1694 5650 lid.
1726 5593 1867 5663 Nic,
1927 5598 2063 5648 sect.

522 5661 738 5737 llpcap.
772 5664 825 5728 3,
857 5663 884 5733 δ
915 5663 963 5719 5.
1002 5677 1120 5734 pag.
1153 5661 1239 5713 62.

2203 1825 2348 1895 quod
2379 1840 2515 1894 opus
2545 1824 2647 1880 sub
2669 1826 2889 1883 nomine
2910 1826 3205 1884 Clementis
3224 1827 3499 1883 ferebatur
3518 1868 3535 1894 ,
3561 1830 3764 1899 conjici

2201 1925 2387 1987 posset
2412 1925 2659 1971 nostrum
2692 1918 2837 1974 hunc
2870 1918 3492 1990 scriptorem,memoria
3513 1921 3767 1977 etiluente

2202 2005 2565 2069 existimasse,
2592 2007 2693 2062 hoc
2719 2005 2937 2081 Sibyllae
2965 2008 3334 2064 testimonium
3373 2011 3518 2079 quod
3542 2011 3595 2065 in
3622 2010 3766 2066 Con—

2202 2097 2561 2152 stitutionibus
2592 2099 2895 2169 apostolicis
2921 2099 3144 2171 legerat,
3178 2101 3232 2156 in
3282 2099 3524 2171 Epistola
3564 2102 3633 2157 ad
3657 2103 3762 2157 Co.

2202 2186 2436 2244 rinthios
2463 2194 2700 2244 exstare.
2729 2187 2786 2245 Si
2816 2190 2999 2245 minus
3029 2190 3241 2261 placeat
3275 2190 3391 2247 haec
3420 2192 3763 2263 conjectura,

2202 2278 2339 2335 illud
2388 2280 2578 2335 saltem
2611 2295 2735 2335 cum
2768 2281 3102 2339 doctissimis
3130 2282 3267 2340 viris
3304 2298 3619 2341 asseverare
3648 2302 3766 2345 non

2200 2368 2481 2435 dubitabo,
2515 2378 2761 2428 nostrum
2806 2372 3126 2443 scriptorem
3156 2373 3379 2431 minime
3407 2390 3530 2430 cum
3560 2375 3640 2432 eis
3685 2378 3763 2435 fa—

2200 2475 2345 2524 cere,
2390 2460 2483 2531 qui
2517 2461 2637 2530 ejus
2686 2462 3000 2518 testimonio
3047 2470 3296 2530 utuntur,
3343 2473 3405 2519 ut
3459 2465 3761 2536 Epistolam

2201 2549 2258 2606 S.
2283 2549 2576 2606 Clementis
2602 2551 2895 2607 secundam
2928 2553 3148 2609 minime
3175 2555 3466 2626 genuinam
3488 2574 3609 2614 esse
3632 2575 3763 2630 pro—

2198 2641 2347 2705 bent,
2381 2642 2474 2697 sed
2503 2642 2740 2699 hominis
2784 2643 2949 2700 fetum
2978 2644 3067 2701 cui
3089 2646 3203 2702 noti
3228 2654 3383 2702 erant
3413 2646 3662 2721 Sibyllini
3688 2651 3765 2709 de

2197 2738 2440 2787 extremo
2479 2732 2688 2802 judicio
2716 2749 2931 2795 versus.
2977 2735 3151 2791 multo
3188 2739 3508 2795 recentioris
3538 2740 3595 2797 S.
3633 2741 3764 2798 Cle-

2197 2834 2393 2882 mente.
2434 2825 2504 2881 Ut
2544 2827 2789 2885 omittam
2855 2830 3359 2902 pseudo-Iustinum
3393 2834 3448 2889 in
3499 2837 3762 2909 ambiguo

2195 2918 2502 2989 reliquisse,
2535 2929 2712 2975 utrum
2746 2922 2803 2977 S.
2835 2922 3130 2980 Clementis
3157 2922 3453 2995 Epistolam
3481 2930 3759 2996 citaverit;

2195 3008 2319 3077 quis
2341 3008 2553 3080 ignorat
2568 3010 2738 3064 multa
2758 3009 2980 3083 Sibyllis
3002 3014 3245 3079 oracula,
3270 3017 3602 3087 propheticis
3628 3036 3761 3075 sen-

2194 3101 2380 3156 tentiis
2399 3111 2783 3173 consentanea,
2815 3106 3037 3161 attribui
3062 3108 3219 3161 solita
3245 3107 3431 3175 fuisse,
3463 3119 3758 3182 antequam

2192 3192 2473 3261 prodirent
2522 3197 2765 3249 carmina
2814 3196 2905 3249 illa
2956 3195 3525 3268 Sibyllina?Quorum
3556 3205 3756 3260 artifex

2194 3300 2301 3339 non
2332 3285 2549 3340 videtur
2581 3286 2798 3343 facinus
2831 3297 3212 3359 suscepturus.
3246 3302 3340 3347 aut
3374 3295 3567 3350 saltem
3593 3307 3754 3367 Opta-
3849 3288 3853 3311 ί

2193 3383 2277 3430 tos
2310 3374 2513 3432 fraudis
2544 3378 2724 3437 exitus
2758 3378 3067 3443 habiturus,
3102 3381 3204 3436 nisi
3233 3383 3344 3451 jam
3393 3392 3507 3439 tum
3553 3389 3755 3444 animis

2194 3466 2483 3522 insedisset
2536 3470 2831 3539 anticipata
2879 3469 2946 3524 de
3000 3470 3280 3543 Sibyllinis
3311 3477 3753 3544 praedictionibus

2193 3557 2396 3625 opinio.
2416 3577 2434 3610 ι
2461 3556 2732 3614 Hactenus
2754 3561 2838 3614 vir
2863 3561 2951 3614 ille
2973 3562 3185 3619 doctus.
3217 3565 3318 3632 Qui
3349 3578 3528 3623 autem
3559 3570 3659 3625 hac
3680 3572 3751 3628 dc

2192 3662 2250 3701 re
2274 3648 2427 3716 plura
2453 3649 2591 3703 scire
2613 3652 2869 3720 gestiunt,
2903 3668 2997 3709 eos
3027 3656 3093 3709 ad
3123 3657 3418 3727 scriptores
3449 3662 3606 3716 modo
3627 3663 3749 3717 lau-

2191 3738 2347 3794 datos
2376 3740 2720 3797 remittimus.

2262 3827 2395 3882 Vlll.
2432 3828 2710 3900 Reliquum
2738 3840 2817 3888 est
2851 3842 2909 3887 ut
2949 3836 3088 3891 alius
3134 3838 3431 3895 adversarii
3463 3859 3635 3914 neque
3658 3844 3745 3899 in-

2191 3918 2421 3974 celebris
2460 3935 2635 3990 neque
2674 3921 2898 3986 indocti,
2951 3924 3245 3982 Hermanni
3312 3929 3745 4005 Venemae,ohje-

2190 4011 2517 4068 ctationihus
2536 4028 2907 4079 occurramus,
2928 4018 3127 4087 quibus
3159 4020 3324 4091 hujus
3356 4023 3609 4093 Epistola:
3632 4044 3744 4097 qua

2189 4100 2256 4155 de
2287 4102 2517 4173 agimus,
2551 4103 2831 4176 integritas
2880 4108 3249 4167 vehementius
3281 4112 3572 4183 impetitur.
3594 4115 3658 4169 Et
3684 4119 3743 4173 in

2187 4193 2361 4261 prima
2391 4193 2610 4264 quidem
2629 4195 2990 4265 Epistolarum
3012 4215 3232 4255 suarum
3248 4203 3600 4274 (45)quarum
3622 4225 3741 4262 mo-

2187 4281 2256 4337 do
2277 4284 2641 4348 meminimus,
2662 4286 2717 4339 in
2751 4301 2817 4340 eo
2836 4295 2982 4342 totus
3017 4296 3101 4343 est
3122 4290 3205 4343 vir
3234 4292 3367 4347 clar.
3386 4309 3494 4363 quo
3522 4297 3743 4366 probet,

2110 4395 2156 4453 ι)
2184 4390 2293 4429 non
2324 4383 2532 4430 tantum
2587 4376 2973 4449 Hieronymum
3019 4380 3291 4436 doctorem
3344 4386 3637 4443 maximum
3669 4391 3741 4445 ad

2184 4467 2476 4524 secundam
2506 4468 2802 4539 Epistolam
2834 4470 3227 4528 Clementinam
3260 4480 3737 4547 respexisse,dum

2180 4574 2281 4614 nos
2309 4559 2526 4614 edocuit
2560 4560 2615 4616 S.
2642 4561 2973 4618 Clementem
3014 4564 3083 4617 ad
3110 4568 3415 4635 spirituales
3443 4581 3493 4624 et
3518 4589 3733 4642 evange-

2178 4644 2307 4700 licos
2333 4646 2595 4701 eunuchos
2628 4650 2936 4719 scripsisse,
2970 4669 3272 4725 omnemque
3300 4674 3428 4727 pene
3448 4658 3739 4715 sermonem

2178 4751 2329 4789 suum
2382 4735 2445 4789 de
2496 4738 2810 4808 virginitatis
2859 4742 3086 4809 puritate
3138 4750 3498 4814 contexuisse,
3545 4767 3737 4807 verum

2177 4826 2336 4881 etiam
2367 4825 2421 4881 S.
2466 4827 2825 4898 Epiphanium
2868 4832 2923 4885 in
2969 4835 3210 4890 eamdem
3262 4841 3451 4895 oculos
3480 4842 3737 4898 habuisse

2176 4916 2435 4985 intentos,
2467 4921 2593 4974 dum
2611 4923 2677 4976 de
2708 4923 2878 4991 ipsius
2900 4924 3194 4982 Clementis
3218 4928 3470 4998 Epistolis
3500 4936 3737 5005 encycli-

2177 5012 2250 5066 cis
2282 5026 2586 5066 sermonem
2615 5014 2823 5071 habuit.
2854 5014 2965 5072 Nec
2998 5018 3071 5072 ita
3101 5022 3271 5076 multo
3296 5032 3438 5093 post,
3469 5028 3549 5081 sui
3578 5030 3702 5097 peni

2175 5109 2265 5158 tus
2294 5103 2496 5159 oblitus
2524 5105 2607 5158 vir
2642 5107 2911 5170 eruditus,
2934 5111 3080 5178 quod
3109 5112 3351 5181 profecto
3373 5116 3561 5170 mirari
3598 5119 3717 5173 sub-

2175 5195 2237 5259 it,
2280 5195 2434 5265 plura
2479 5199 2721 5268 congerit
2752 5199 2866 5271 (44)
2904 5202 3104 5270 quibus
3146 5205 3379 5269 evincat,
3414 5208 3579 5263 alium
3611 5225 3732 5264 om-

2245 5375 2357 5447 (42)
2369 5375 2576 5457 Quaest.
2596 5377 2663 5457 ad
2679 5378 2883 5457 orth_o_d.
2907 5378 3177 5451 Respons.
3208 5384 3274 5438 ad
3300 5394 3492 5457 qmest.
3537 5402 3723 5451 anv,

2171 5445 2332 5504 inter.
2364 5445 2498 5517 ()pp.
2535 5448 2591 5503 S.
2622 5448 2760 5503 Just.
2786 5449 2856 5506 M.

2240 5518 2352 5658 ξιόζ
2374 5516 2543 5600 Epist.
2568 5519 2609 5579 l,
2640 5519 2706 5572 ad
2735 5522 2834 5574 cel.
2862 5519 2921 5577 P.
2947 5519 3272 5592 Wesseling,
3308 5524 3336 5595 ᾗ
3363 5525 3445 5588 l0,
3471 5541 3523 5594 p.
3560 5531 3648 5581 lb.

2264 5589 2331 5641 ll
2380 5586 2548 5658 Epist.
2598 5587 2664 5655 ll,
2700 5589 2765 5643 ad
2833 5592 2905 5647 cl.
2938 5590 3001 5647 Τ.
3038 5592 3434 5658 Hemstl:erus.,
3474 5595 3620 5658 ﬁet),

2178 5586 2352 5709 76(51)
2380 5586 2548 5659 Epist.
2598 5587 2664 5655 ll,
2700 5589 2765 5643 ad
2833 5592 2905 5647 cl.
2938 5590 3001 5647 Τ.
3038 5586 3441 5659 Hemstl:eFus.,
3473 5586 3620 5668 §20,
3660 5611 3716 5667 p.
