4070 6340
282 259 380 318 illi

1508 272 1851 330 ΡΒοοΕΜιΑ
1888 274 2266 343 νΛΒΙΟΒῐῙΜ.

3393 310 3498 367 «σε

279 374 414 429 nino
435 386 559 431 esse
593 387 627 429 ι
654 374 933 437 Clemente
976 395 1077 438 nec
1125 397 1193 439 eo
1245 386 1406 456 paulo
1456 388 1837 452 recentiorem,
1867 392 1914 448 Α
1944 406 2067 447 nam
2094 394 2603 475 institutionemque
2638 407 2875 478 primum
2906 414 3125 486 quidem
3156 432 3440 485 assecutus
3461 446 3491 485 α

279 462 365 486 __,
399 461 513 486 ιη
547 463 659 486 μη
713 465 940 486 mh.--
1070 472 1092 486 ..
1188 481 1197 486 ,
1620 480 1663 486 --
1703 482 1736 486 --
1933 479 1969 486 -
2053 484 2063 486 -
2150 485 2159 486 κ

276 462 365 517 cui
396 461 515 518 haec
546 463 664 534 ipsa
711 465 954 538 Epistola
1003 472 1275 530 referatur
1327 487 1568 549 accepta.
1618 480 1827 538 Nollem

276 549 483 606 factum
532 553 812 611 enimvero
842 574 857 611 :
882 559 1013 629 quid
1054 560 1290 633 loquar?
1321 564 1402 619 An
1435 566 1593 637 longa
1626 567 1717 622 illa
1743 569 1829 624 di-

275 644 588 714 sputatione
637 662 802 716 quam
844 651 1079 719 primum
1127 657 1406 711 contexuit
1452 656 1519 714 Il.
1570 657 1827 725 Venema,

273 747 382 789 nos
435 733 621 789 ludere
655 736 869 792 voluit?
893 738 977 794 An
1007 756 1138 797 vero
1168 743 1553 819 Hieronymum
1604 759 1657 805 et
1702 750 1831 822 Epi-

269 824 534 896 phanium
565 829 643 882 ita
675 829 878 889 bardos
908 835 1260 904 existimavit,
1294 850 1353 896 ut
1410 856 1510 911 pro
1550 842 1661 899 fetu
1701 843 1828 901 Cle-

268 916 516 973 mentino
548 916 849 990 Epistolam
868 926 1173 996 reciperent
1189 933 1631 1002 supposititiam?
1660 934 1829 990 Nimi-

265 1019 388 1058 rum
446 1007 535 1061 vir
573 1011 803 1068 criticus
856 1013 925 1069 ad
972 1018 1335 1076 subruendam
1359 1022 1822 1083 Clementinarum

263 1090 637 1162 Epistolarum
697 1099 774 1157 De
825 1104 1124 1175 virginitate
1173 1111 1557 1182 integritatem,
1612 1118 1824 1189 telaque

260 1184 396 1241 clar.
430 1184 723 1246 Wetstenii
769 1196 995 1253 editoris
1045 1200 1386 1270 declinanda,
1417 1207 1651 1277 primum
1697 1184 1820 1282 qui-

259 1273 381 1329 dem
413 1278 485 1333 ad
516 1285 870 1350 posteriorem
916 1287 1212 1349 Clementis
1260 1273 1666 1354 Corinthiacam
1692 1273 1821 1372 Epi-

257 1366 457 1431 stolam
487 1372 638 1426 velut
670 1372 739 1428 ad
781 1377 991 1447 asylum
1029 1381 1295 1454 confugit,
1338 1387 1659 1459 nullumque
1707 1366 1817 1449 non

254 1465 439 1512 movet
489 1460 724 1533 lapidem
778 1483 889 1537 quo
941 1469 1081 1526 hanc
1141 1472 1437 1545 Epistolam
1485 1480 1818 1542 demonstret

254 1543 403 1600 illam
428 1548 764 1619 ipsissimam
789 1570 911 1613 esse
941 1559 994 1613 in
1017 1543 1432 1636 quam—digitum
1465 1571 1817 1631 intenderunt

249 1643 486 1701 veteres,
528 1639 892 1717 Hieronymus
921 1649 975 1703 in
1015 1652 1208 1721 primis
1237 1664 1401 1728 atque
1422 1658 1760 1732 Epiphanius
1791 1686 1805 1721 :

248 1728 596 1793 postmodum
627 1742 830 1800 autem,
856 1740 1078 1808 perinde
1117 1759 1182 1799 ac
1225 1746 1292 1802 de
1337 1728 1612 1822 triumpho
1649 1771 1807 1811 secu-

246 1829 365 1881 rus,
395 1819 448 1871 in
481 1823 730 1878 eamdem
759 1833 1047 1902 consurgit
1074 1838 1373 1895 secundam
1397 1819 1805 1904 Corinthiacum

246 1903 568 1977 Epistolam,
593 1930 760 1985 quam
781 1925 1209 1983 commentitiam
1237 1947 1360 1988 esse
1391 1936 1550 1993 nobis
1580 1955 1807 2010 persna-

242 1996 371 2054 dere
418 2012 688 2075 conatur;
749 2010 995 2084 nihilque
1053 2020 1207 2088 pensi
1262 2021 1467 2091 habet,
1511 1996 1806 2090 dummodo

243 2090 412 2148 unius
449 2096 649 2165 prioris
697 2102 766 2157 ad
814 2103 1129 2168 Corinthios
1174 2113 1433 2187 Epistolas
1454 2090 1652 2181 auctor
1677 2126 1804 2186 Cle-

241 2196 407 2284 mens
441 2202 564 2245 esse
591 2192 848 2255 videatur.
875 2200 986 2273 Age
1016 2221 1181 2274 nunc,
1210 2211 1300 2265 illa
1323 2213 1679 2278 discutiamus
1700 2240 1802 2295 po-

239 2272 412 2340 tiora,
443 2293 563 2349 qua
613 2285 676 2340 ad
704 2287 826 2358 ejus
876 2272 1307 2365 suppositionem
1337 2272 1804 2373 evincendamrvir

237 2365 440 2424 doctus
462 2371 695 2434 adducit.

304 2455 554 2518 Primum
582 2465 748 2538 igitur
776 2486 1155 2545 argumentum
1190 2498 1257 2539 ex
1287 2500 1355 2542 eo
1402 2491 1539 2560 petit
1591 2492 1658 2552 Η.
1694 2496 1799 2556 Ve-

235 2562 392 2651 nema
421 2554 561 2627 (45),
590 2562 737 2651 quod
768 2575 959 2624 auctor
1005 2570 1261 2644 Epistolas
1320 2554 1641 2651 posterioris
1671 2554 1794 2647 sese

234 2640 446 2741 origine
496 2650 754 2741 gentilem
804 2666 987 2727 aperte
1039 2640 1234 2733 prodat
1263 2640 1398 2741 (4.6),
1431 2688 1554 2728 cum
1605 2640 1797 2734 contra

232 2732 453 2791 latione
507 2735 758 2799 Iudaeum
817 2747 989 2806 fuisse
1039 2732 1640 2822 Clementem‘clamare
1666 2782 1797 2825 cen-

231 2831 415 2880 seatur
461 2827 623 2887 locus
682 2834 774 2891 ille
819 2841 1021 2909 prioris
1067 2845 1344 2917 Epistolas,
1378 2854 1467 2909 ubi
1527 2854 1793 2917 Iacobum

227 2923 428 2979 patrem
464 2931 707 2979 nostrum
736 2932 972 3001 appellat
998 2934 1132 3009 (47).
1155 2938 1404 3001 Perbelle
1433 2963 1584 3007 sane.
1606 2951 1794 3027 Neque

1933 479 2113 539 Paulo
2132 485 2386 547 Clemens
2433 491 2732 565 Romanus.
2778 502 3034 578 deinceps
3067 526 3198 567 vero
3226 517 3414 574 volens
3441 532 3495 579 et

1932 574 2050 645 ipse
2088 576 2280 668 iisdem
2320 589 2637 654 apostolicis
2686 574 2989 668 praeceptis
3017 602 3262 663 imbuere
3289 574 3488 668 Corin:

1928 666 2095 733 thios,
2121 667 2384 729 Iacobum
2412 687 2615 745 patrem
2665 666 2904 743 nostrum
2937 697 3148 752 vocavit
3177 714 3191 751 :
3223 706 3490 769 quemad-

1927 757 2147 814 modum
2205 764 2369 820 etiam
2424 767 2623 827 ibidem
2671 781 2951 837 nonnullis
3003 757 3303 857 interjeelis
3352 757 3485 865 (52),

1924 858 2127 917 patrem
2156 864 2393 911 nostrum
2421 864 2710 933 appellavit
2740 869 3129 935 Abrahamum.
3160 880 3331 946 Quam

1925 940 2047 997 dem
2078 943 2382 1005 doctrinam
2407 966 2529 1007 cum
2560 956 2754 1016 deinde
2780 965 3080 1034 accepisset
3107 940 3348 1031 Ecclesia
3374 940 3490 1032 ilo-

1925 1047 2084 1088 mana
2109 1036 2224 1093 sive
2253 1040 2323 1095 ab
2349 1042 2611 1113 Apostolo
2632 1050 2748 1107 sive
2770 1053 2933 1109 etiam
2956 1058 3024 1112 ab
3041 1059 3162 1129 ipso
3184 1063 3481 1135 Clemente,

1923 1131 2168 1180 sanctam
2221 1127 2365 1187 inter
2411 1136 2680 1193 actionem
2734 1127 3104 1210 precationem
3163 1127 3505 1220 hujusmodi'

1922 1215 2095 1271 sacris
2122 1218 2391 1277 ministris
2407 1226 2741 1283 recitandam
2769 1231 2966 1287 indixit
2987 1235 3097 1307 (55)
3125 1254 3138 1289 :
3164 1215 3329 1307 Deus,
3350 1245 3482 1313 ﬁde-

1919 1301 2051 1358 lium
2087 1319 2238 1375 pater
2289 1328 2509 1378 summe,
2542 1318 2633 1387 qui
2659 1320 2711 1373 in
2747 1330 2855 1376 toto
2904 1301 3024 1380 orbe
3073 1301 3331 1388 terrarum
3350 1301 3487 1404 'pro-

1918 1399 2188 1457 missionis
2218 1412 2322 1459 tua:
2367 1407 2510 1475 ﬁlios
2541 1409 2739 1480 di/j‘usa
2777 1414 3072 1485 adoptionis
3097 1423 3274 1489 gratia
3299 1399 3479 1483 multi-

1915 1488 2101 1557 plicas,
2132 1502 2181 1547 et
2212 1510 2301 1563 per
2334 1500 2581 1566 paschale
2608 1516 3019 1571 sacramentum,
3045 1488 3315 1569 Abraham
3351 1535 3481 1588 pue-

1916 1596 2033 1633 rum
2069 1591 2215 1637 tuum
2244 1588 2629 1656 universarum,
2654 1595 2797 1649 sicut
2816 1597 3041 1665 jurasti,
3064 1604 3295 1670 gentium
3320 1610 3479 1679 elicis

1913 1682 2137 1741 patrem,
2174 1687 2279 1733 etc.
2312 1679 2459 1736 Alibi
2489 1699 2708 1755 quoque
2753 1688 2959 1746 clarius
2987 1692 3167 1749 adhuc
3193 1698 3303 1769 (54)
3325 1716 3337 1750 :
3363 1700 3477 1756 Pa-

1912 1778 1990 1822 ter
2027 1769 2152 1838 ﬁdei
2177 1783 2371 1828 nostris
2407 1775 2677 1832 Abraham
2713 1797 2968 1847 summus,
3002 1786 3191 1843 obtulit
3225 1792 3473 1849 holocau-

1908 1869 2046 1913 stum
2073 1878 2227 1931 super
2254 1864 2425 1921 altare
2442 1884 2537 1937 pro
2564 1871 2700 1939 ﬁlio.

1976 1949 2117 2016 Quid
2147 1954 2290 2022 quod
2329 1955 2663 2029 Theophilus
2704 1962 2758 2016 in
2789 1964 2905 2021 suis
2936 1966 3000 2021 ad
3040 1967 3363 2043 Autolycum
3404 1976 3479 2031 lio

1905 2041 2021 2098 bris
2066 2044 2200 2116 (55),
2237 2048 2383 2118 quod
2432 2065 2568 2120 pene
2608 2053 2923 2122 exciderat,
2968 2041 3224 2117 Davidem
3265 2075 3468 2133 patrem

1904 2150 2002 2192 seu
2034 2141 2413 2209 progenitorem
2453 2154 2690 2200 nostrum
2746 2149 3018 2218 appellat?
3048 2152 3273 2208 Ἔπειτα
3304 2159 3474 2214 Auum

1902 2227 1931 2279 ὁ
1954 2229 2215 2301 πρόγονος
2240 2234 2397 2305 ἡμῶν
2425 2236 2809 2308 (ἐϐασίλευσεν)
2840 2241 2933 2313 ἔτη
2968 2252 3041 2316 μ’.
3076 2263 3094 2296 ι
3120 2244 3324 2304 Deinde
3354 2248 3466 2305 Da—

1901 2318 1992 2373 vid
2013 2330 2164 2389 pater
2187 2333 2363 2378 noster
2383 2328 2630 2397 regnavit
2649 2343 2824 2387 annos
2857 2334 3237 2404 quadraginta.
3262 2356 3283 2389 ι
3312 2336 3464 2395 Nun-

1900 2409 2031 2479 quid
2063 2411 2186 2468 ideo
2214 2411 2498 2482 Hebraeus,
2529 2418 2822 2491 episcopus
2845 2420 2949 2479 iste
2987 2424 3396 2485 Antiochenus?

1970 2501 2191 2571 Verum,
2221 2508 2365 2563 ut'ad
2385 2523 2449 2564 ea
2470 2511 2655 2577 verba,
2688 2511 2944 2572 Iacobum
2968 2528 3171 2588 patrem
3198 2534 3457 2589 nostrum,

1898 2596 2142 2667 apertius
2170 2601 2505 2658 enucleanda
2538 2605 2813 2677 simulque
2842 2616 3233 2683 propugnanda
3265 2618 3461 2674 redea-

1896 2704 2040 2756 mus,
2078 2706 2187 2761 quo
2228 2692 2485 2765 deinceps
2525 2712 2591 2752 ex
2620 2714 2833 2757 ,eorum
2883 2706 3234 2777 ambiguitate
3278 2710 3458 2766 omnis

1894 2782 2189 2854 objiciendi
2239 2788 2563 2857 praecidatur
2613 2795 2834 2851 occasio
2886 2812 2900 2848 ε
2947 2796 3169 2856 Patrum
3238 2818 3456 2875 quoque

1894 2876 2259 2947 antiquissimi
2282 2881 2472 2937 eodem
2496 2883 2655 2952 plane
2683 2901 2848 2942 sensu
2878 2904 3002 2945 cum
3032 2890 3309 2951 Clemente
3331 2912 3455 2967 per-

1893 2964 2152 3022 hibentur
2190 2984 2315 3026 esse
2362 2972 2527 3028 locuti
2556 2990 2569 3025 :
2595 2973 2847 3035 Justinus
2892 2991 3101 3055 martyr
3141 2984 3271 3055 (56),
3329 2964 3453 3044 Cle-

1666 3010 1677 3011 7
1750 3010 1790 3015 ⁷⁷
1893 3010 2141 3022 -¹υν⁸⁵’“⁸
2190 3010 2315 3026 νσσν
2362 3010 2527 3028 Ιννυδι
2556 3013 2568 3025 ο
2595 3010 2847 3035 συοιιιιυο
2894 3010 3034 3035 ιιιειινι
3075 3010 3101 3038 ι’
3161 3010 3229 3040 θο

224 3020 397 3077 nuper
424 3010 650 3071 demum
663 3029 853 3076 exorta
866 3033 951 3079 est
974 3027 1040 3083 de
1056 3028 1341 3091 Iudaismo
1357 3037 1651 3102 Clementis
1670 3010 1789 3118 api-
1814 3073 1857 3133 ο
1892 3070 2046 3112 mens
2076 3057 2481 3118 Alexandrinus
2508 3064 2641 3135 (57),
2674 3010 3063 3129 Tertullinus!
3082 3010 3450 3147 (sis)’J;uc‘or

224 3098 331 3147 lio-
363 3102 592 3147 primu:
638 3111 781 3147 num!
805 3116 1020 3147 ιιι-λίην..
1069 3125 1232 3147 --ΒΑῌ
1300 3130 1381 3147 μην
1422 3146 1425 3147 ,
1561 3137 1573 3147 ι
1725 3141 1737 3147 -
1900 3143 1939 3147 -
2392 3146 2395 3147 ,

224 3186 321 3243 fuit
368 3191 758 3258 Tillemontius
818 3205 951 3277 (48).
1002 3208 1210 3271 Exinde
1244 3186 1393 3275 ’νὲνο
1419 3186 1785 3288 ὶάξιη“”ιὶίὲἶιίἶξ

220 3284 519 3346 Coutantio
536 3292 671 3365 (49),
696 3298 821 3354 licet
839 3314 1025 3371 postea
1053 3314 1380 3371 sententiam
1398 3324 1622 3377 mutarit
1649 3324 1782 3399 (50).

218 3378 469 3436 Accessit
500 3384 716 3442 demum
750 3388 1077 3463 Ceillierius,
1112 3402 1203 3470 qui
1263 3403 1491 3465 ﬁdenter
1522 3378 1687 3471 nimis
1722 3378 1778 3472 id

220 3488 473 3533 asserere
516 3496 627 3536 non
658 3483 927 3541 dubitavit
958 3491 1092 3563 (5i).
1144 3494 1215 3549 At
1273 3500 1490 3559 clumbe
1536 3508 1781 3575 profecto

217 3564 529 3623 habendum
586 3587 962 3644 argumentum
1025 3584 1374 3656 istiusmodi,
1421 3564 1554 3665 quo.
1594 3598 1783 3657 Corin—

217 3658 402 3716 thiacm
487 3667 807 3732 posterioris
862 3671 1115 3743 Epistolas
1178 3682 1400 3739 tollatur
1438 3658 1778 3764 -integritas.

214 3748 410 3814 Quidni
463 3755 630 3810 sodes
664 3757 918 3819 Clemens
974 3765 1129 3823 Pauli
1188 3779 1464 3848 συνεργὸς,
1514 3748 1776 3843 Iacchum

212 3850 409 3907 patrem
466 3856 707 3901 nostrum
766 3865 833 3906 eo
887 3869 1051 3911 sensu
1104 3875 1302 3918 vocare
1359 3873 1616 3938 potuerit,
1669 3894 1776 3947 quo

215 3935 348 3988 idem
378 3938 682 4007 Apostolus
712 3948 1090 4014 promissionis
1115 3954 1255 4011 ﬁlios
1284 3958 1340 4013 in
1371 3965 1578 4021 semine
1598 3968 1775 4024 Abra-

216 4021 293 4077 ha:
316 4036 369 4079 et
404 4029 575 4085 Israel
612 4039 918 4104 computari
947 4040 1124 4108 docet,
1164 4054 1224 4101 ut
1257 4058 1403 4106 recte
1449 4053 1772 4119 Coutantius

216 4119 401 4173 melius
426 4125 745 4180 consultus?
765 4127 881 4183 Non
896 4134 1053 4199 enim,
1074 4137 1247 4207 inquit
1266 4141 1483 4201 divinus
1512 4164 1687 4217 praeco
1703 4154 1767 4216 ³⁵,

216 4224 383 4262 omnes
398 4213 916 4285 quiexlsraelsunt,
950 4224 989 4277 ii
1018 4236 1140 4280 sunt
1168 4227 1425 4288 Israelita
1449 4251 1467 4287 .'
1490 4213 1650 4308 neque
1682 4246 1771 4313 qui

214 4316 376 4354 semen
392 4313 517 4356 sunt
536 4306 964 4373 Abrahae,omnes
985 4316 1084 4384 ﬁlii
1108 4332 1124 4369 :
1145 4319 1235 4371 sed
1257 4321 1308 4373 in
1326 4320 1484 4379 Isaac
1501 4306 1768 4387 vocabitur

215 4392 300 4443 tibi
318 4411 496 4449 “mea
524 4414 543 4452 :
566 4398 623 4449 id
638 4410 734 4463 est,
754 4419 856 4456 non
880 4407 968 4475 qui
985 4407 1085 4475 ﬁlii
1113 4413 1380 4475 carnis,lii
1394 4417 1495 4484 filii
1532 4419 1647 4487 Dei,
1675 4426 1763 4477 sed
1796 4405 1839 4459 D

212 4485 295 4553 qui
321 4488 428 4553 ﬁlii
462 4500 590 4542 sunt
630 4495 1016 4562 promissionis,
1067 4503 1399 4558 azstimantur
1445 4509 1500 4563 in
1549 4516 1760 4571 semine.

210 4571 339 4628 Hinc
359 4577 557 4631 alibi"
581 4581 745 4635 etiam
779 4584 1011 4651 ipsemet
1038 4588 1336 4658 Apostolus
1365 4593 1533 4652 lsrael
1556 4600 1653 4656 Dei
1675 4620 1768 4659 vo-

208 4673 289 4717 cat
338 4669 562 4724 eosdem
609 4674 993 4741 promissionis
1043 4677 1204 4745 ﬁlios,
1236 4684 1350 4740 sive
1376 4703 1441 4742 ex
1472 4689 1763 4751 circumci-

205 4754 351 4812 sione
379 4759 499 4814 sive
519 4776 587 4816 ex
623 4766 886 4833 prmputio
921 4776 1161 4827 vocatos.
1191 4771 1342 4830 Hanc
1372 4776 1535 4849 igitur
1563 4782 1770 4843 doctri-

266 4942 311 4977 ⁸⁸
338 4942 503 5002 Rom.
522 4964 599 5013 rx,
618 4948 735 5005 6-8.
814 4951 857 4983 ³⁸
879 4951 1054 5008 Galat.
1072 4969 1149 5021 vr,
1174 4956 1368 5022 15,16.

279 5105 374 5176 βε)
406 5105 583 5176 Epist.
609 5107 675 5172 ιι,
707 5110 743 5164 ι.
777 5125 807 5165 c

402 5172 600 5259 Clem:
628 5180 796 5259 Epist.
828 5180 873 5234 Il
902 5182 981 5259 ad_
1004 5183 1158 5252 Cor.,
1182 5201 1338 5259 capp.
1370 5189 1398 5244 1
1434 5199 1489 5247 et
1514 5192 1570 5250 2.

278 5248 370 5322 l7)
397 5247 503 5322 I_d_.,
545 5247 717 5322 Epist.
743 5251 784 5313 I,
814 5267 931 5322 cap.
952 5254 1006 5308 4.

404 5317 567 5396 ἐξεῖπε.
594 5317 745 5396 ῌὶεε.
768 5317 919 5396 εςειξ,
950 5332 989 5396 t.
1019 5323 1082 5389 II,
1110 5342 1162 5396 p.
1192 5327 1312 5385 H9.

402 5386 577 5466 Epist.
604 5388 755 5466 Rom.
780 5386 1008 5464 Ponti[.,
1032 5386 1086 5466 p.
1110 5386 1204 5453 Ἡ.

256 5456 365 5524 (50)
398 5456 567 5522 10m,
598 5475 651 5527 p.
674 5462 762 5516 tt.

398 5527 547 5605 fiat.
574 5526 769 5605 gener”
799 5543 931 5589 tom.
960 5534 1001 5599 I,
1021 5550 1075 5605 p.
1099 5537 1223 5593 508.

276 5597 365 5672 5‘3)
398 5596 591 5672 Epist;
613 5598 675 5672 l,_
685 5617 804 5672 cap.
842 5605 930 5659 51.

277 5666 365 5738 55)
399 5666 614 5725 lissal.
643 5666 790 5728 Rom.
816 5675 871 5730 in
898 5673 1062 5733 Sabb.
1093 5687 1269 5737 sanet.
1296 5682 1361 5737 ad
1390 5686 1638 5756 propinet.
1668 5704 1721 5743 Iv

1769 3183 1785 3209 ,
1890 3143 2253 3214 Expositionis

2290 3149 2345 3204 in
2370 3146 2709 3224 Evangelium
2736 3156 2894 3215 Luca:
2933 3178 3053 3231 quae
3074 3146 3179 3220 sub
3205 3165 3313 3221 Titi
3337 3168 3447 3223 Bo-

1887 3242 2119 3298 strensis
2166 3242 2385 3299 nomine
2442 3246 2826 3306 circumfertur
2884 3256 3016 3326 (59),
3068 3267 3121 3313 et
3172 3258 3447 3331 Augusti-

1884 3347 1992 3388 nus
2028 3330 2161 3403 (60).
2196 3332 2333 3389 Hinc
2354 3350 2486 3405 ergo
2515 3336 2843 3396 Venemiana
2869 3346 3107 3414 objectio
3126 3330 3439 3410 evanescit:

1883 3440 1990 3495 quo
2020 3425 2163 3480 enim
2201 3441 2363 3481 sensu
2402 3427 2617 3484 locutus
2651 3439 2734 3486 est
2763 3436 3042 3502 apostolus
3080 3436 3300 3509 Paulus,
3331 3460 3441 3513 quo

1882 3515 2123 3571 Ecclesia
2151 3515 2394 3572 Romana
2437 3519 2506 3573 ab
2552 3520 2672 3590 ipso
2701 3523 2911 3591 edocta,
2935 3543 3044 3596 quo
3073 3528 3262 3589 Patres
3298 3537 3442 3589 anti-

1880 3608 2135 3678 quiores,
2184 3623 2249 3663 eo
2285 3609 2413 3663 item
2445 3610 2695 3667 Clemens
2732 3623 2918 3671 noster
2947 3618 3161 3677 locutus
3196 3640 3318 3680 esse
3361 3628 3443 3681 di-

1879 3700 2106 3765 cendus,
2139 3709 2192 3755 et
2217 3702 2436 3771 quidem
2471 3704 2537 3757 ad
2568 3704 2878 3764 Corinthios
2902 3708 3160 3770 Romanae
3182 3714 3440 3776 Ecclesiae

1876 3793 2097 3848 nomine
2141 3794 2386 3849 scribens
2419 3812 2431 3847 :
2461 3806 2518 3850 ut
2562 3810 2846 3868 propterea
2888 3818 2997 3857 non
3046 3821 3146 3861 suo
3198 3817 3429 3877 tantum,

1877 3883 1972 3937 sed
2012 3892 2066 3938 et
2110 3883 2479 3939 Romanorum
2531 3896 2695 3958 atque
2734 3891 3141 3950 Corinthiorum
3190 3904 3430 3972 nomine,

1873 3972 2241 4026 Abrahamum
2272 3983 2324 4028 et
2354 3973 2614 4030 Iacobum
2648 3989 2823 4046 patres
2854 3995 3084 4050 nostros,
3110 3989 3234 4043 lidei
3280 3994 3431 4048 scili-

1872 4070 1958 4118 cet
1980 4073 2178 4118 nostra:
2203 4072 2406 4134 patres,
2430 4066 2661 4135 ipsemet
2687 4073 2992 4140 appellasse
3022 4079 3315 4146 putandus.

1942 4152 2112 4209 Instat
2165 4170 2329 4224 porro
2370 4158 2455 4209 vir
2507 4159 2752 4224 criticus,
2802 4169 2965 4233 atque.
3009 4183 3071 4221 ex
3123 4169 3208 4224 his
3245 4174 3427 4231 verbis

1869 4245 2115 4315 ejusdem
2159 4245 2411 4316 Episloke
2440 4245 2549 4319 (ﬁl)
2582 4268 2595 4303 :
2632 4247 2822 4307 Plures
2852 4255 2987 4324 [acti
3014 4275 3195 4314 sumus
3235 4264 3301 4317 iis
3336 4268 3427 4334 qui

1870 4337 2037 4391 Deum
2080 4338 2267 4393 habere
2306 4349 2577 4393 censentur
2605 4340 2870 4417 (Iudaeis),
2895 4351 3101 4421 colligit
3144 4364 3423 4413 auctorem

1867 4444 1932 4483 eo
1970 4429 2184 4483 demum
2235 4436 2476 4499 tempore
2529 4433 2766 4502 vixisse,
2814 4454 2923 4508 quo
2970 4442 3422 4505 Christianismns

1864 4522 2011 4577 inter
2052 4528 2241 4588 gentes
2272 4525 2760 4583 numerosissimus
2800 4538 2918 4583 erat
2958 4549 3121 4602 supra
3151 4534 3366 4594 Iudaeos
3401 4560 3417 4595 :

1865 4609 2009 4680 quod
2045 4608 2286 4679 quidem,
2322 4611 2517 4683 inquit,
2549 4616 2753 4673 rectius
2783 4634 2943 4687 quam
2996 4624 3050 4676 in
3100 4624 3413 4695 Clementis,

1862 4699 2095 4771 quadrat
2144 4700 2201 4753 in
2259 4699 2479 4771 Trajani
2527 4714 2579 4759 et
2633 4709 2972 4775 sequentium
3025 4712 3412 4782 imperatorum

1858 4801 2127 4863 tempora,
2179 4793 2375 4863 quibus
2420 4793 2662 4852 Ecclesia
2717 4802 2956 4870 gentium
3002 4805 3157 4877 longe
3202 4809 3413 4882 lateque

2074 5135 2225 5217 βεεν.
2252 5134 2400 5217 Rom_.
2436 5138 2596 5217 _Sabb.
2623 5152 2744 5217 ante
2762 5142 2962 5217 Quinq.
2983 5146 3049 5201 ad
3070 5145 3403 5217 Magni/icat.

2073 5203 2190 5279 gib:
2214 5221 2295 5267 Ill,
2328 5208 2727 5279 ad_Autolyc.,§
2755 5203 2823 5268 25

1953 5208 2021 5258 55
2073 5208 2190 5258 Lib.
2214 5221 2295 5267 Ill,
2328 5208 2391 5260 ad
2420 5209 2727 5279 Autolyc.,§
2755 5214 2821 5268 25

2067 5272 2207 5358 9:24:
2238 5290 2355 5358 διέτη
2382 5276 2601 5358 Turba
2646 5280 2674 5350 §
2700 5284 2821 5358 1.324-

2066 5338 2681 5427 (ξιςωκριοξηἮιςςξηί
2710 5348 2803 5401 lib.
2842 5363 2916 5412 Vl,
2950 5364 3078 5427 gap.
3120 5351 3170 5420 7,
3204 5369 3257 5424 p.
3288 5355 3411 5427 770.

1938 5339 2026 5407 57)
2066 5339 2235 5395 Clem.
2262 5339 2681 5406 Alex.,'Stroni'.
2710 5348 2803 5401 lib.
2842 5363 2916 5412 vr,
2961 5364 3039 5420 ca|

2064 5408 2197 5487 ᾼάυ.
2234 5411 2517 5487 Marcion“
2554 5416 2647 5487 lib.
2684 5434 2920 5487 Iv,,cap.
2948 5418 3039 5473 24.

1913 5478 2130 5563 (59)“!!!
2152 5478 2560 5563 capLLEnan'g.
2593 5486 2724 5541 Luc.
2748 5478 2901 5543 'Bibl.
2940 5487 3043 5545 PP.
3074 5492 3203 5549 edit.
3231 5491 3408 5563 Paris,

1843 5556 1975 5603 tom.
2010 5548 2147 5613 XIII,
2178 5548 2229 5615 p.
2265 5552 2387 5606 767.

2076 5619 2248 5703 §erm.
2274 5617 2339 5703 Χ,
2368 5618 2396 5688 ς
2421 5620 2474 5683 4;
2501 5622 2635 5703 ρρρ.
2664 5632 2795 5680 ιοιη.
2830 5626 2894 5695 V,
2920 5647 2972 5703 p.
3010 5632 3099 5693 50.

1946 5692 2035 5761 61)
2080 5689 2242 5763 Epist.
2274 5687 2333 5756 ll,
2365 5687 2486 5761 cap.
2516 5687 2571 5748 ἱ.
