4070 6340
593 247 693 301 105

1712 243 1801 296 AD
1844 243 1900 298 S.
1941 243 2362 300 CLEMENTLM
2402 243 2420 299 l
2459 243 2689 304 PAPAM

3699 263 3793 317 1οι

589 367 881 432 propagata
912 368 1015 415 est.
1048 359 1183 426 Quid
1209 360 1391 413 multis
1418 375 1553 430 opus
1576 359 1701 414 est?
1730 358 1919 414 Nonne
1945 357 2145 414 Paulus
2175 362 2220 419 Α
2249 360 2512 430 sanguine
2542 376 2660 418 suo.
2688 382 2706 415 ι
2740 362 2850 419 Nec
2877 364 3068 421 dubito
3110 368 3241 437 quin
3274 369 3423 426 hisce
3454 373 3655 435 verbis,
3702 378 3797 431 mi

587 450 654 504 ad
682 451 960 507 Romanos
1002 452 1248 507 scribens
1267 451 1332 514 ³⁸,
1369 451 1571 521 gratias
1611 449 1719 505 Deo
1753 451 1964 521 agebat,
1988 450 2142 520 quod

587 543 717 598 tides
747 558 932 599 eorum
959 542 1383 597 annuntiabatur
1408 544 1461 596 in
1485 544 1722 598 uniuerso
1744 542 1934 597 mundo
1949 546 1974 598 7
1995 541 2143 597 Non-

586 647 654 687 ne
684 633 897 688 dicebat
924 632 989 697 ⁸⁷,
1017 634 1070 687 in
1100 650 1304 687 omnem
1329 642 1528 688 terram
1558 636 1757 692 exiisse
1786 651 1978 692 sonum
2009 654 2143 709 apo-

586 724 871 787 stolorum,
927 733 977 778 et
1024 723 1080 777 in
1117 725 1248 793 ﬁnes
1301 724 1443 779 orbis
1489 736 1643 780 terra:
1696 728 1862 782 verba
1914 730 2177 784 eorum?-

585 812 770 868 Nonne
800 813 968 869 Deum
1012 814 1428 884 gloriﬁcabat",
1456 817 1601 887 quod
1645 820 1962 889 mysterium
2002 827 2140 874 tem-

583 907 807 976 poribus
841 910 1059 964 aeternis
1092 910 1341 971 tacitum,
1374 911 1705 979 patefactum
1748 921 1892 968 esset
1921 913 1991 967 ad
2019 915 2139 968 obe—

580 1002 829 1056 ditionem
859 1001 985 1072 ﬁdei
1009 1002 1065 1057 in
1094 1005 1296 1058 cunctis
1325 1005 1564 1075 gentibus
1582 1008 1608 1060 .9
1641 1005 1840 1061 Eodem
1883 1007 2137 1078 loquendi

580 1110 793 1165 genere.
813 1095 942 1151 alibi
964 1112 1181 1167 quoque
1206 1098 1378 1153 utitur
1400 1099 1541 1153 idem
1572 1098 1889 1169 Apostolus.
1920 1101 1999 1156 Ad
2030 1100 2137 1157 Co-

580 1184 954 1241 lossenses”:
994 1186 1060 1241 In
1106 1188 1256 1242 verbo
1304 1190 1539 1244 ueritatis
1583 1189 1871 1262 Evangelii,
1893 1192 2032 1262 quod
2082 1192 2136 1246 in

578 1280 816 1333 universo
838 1279 1029 1335 mundo
1061 1290 1159 1345 est,
1191 1292 1239 1335 et
1260 1282 1574 1352 fructi/licet,
1603 1293 1655 1338 et
1684 1285 1893 1341 crescit.
1931 1284 1997 1338 Et
2030 1286 2133 1340 ite-

577 1370 1196 1443 ntm:Evangelium....
1257 1374 1603 1444 prmdicatum
1660 1387 1738 1431 est
1787 1377 1843 1430 in
1888 1378 2133 1431 uniuersa

577 1470 820 1515 creatura
850 1478 965 1532 quae
988 1463 1082 1516 sub
1106 1463 1233 1519 caelo
1260 1474 1360 1520 est.
1389 1465 1472 1521 Ad
1511 1464 1864 1521 Timotheum
1904 1466 2033 1522 item
2054 1466 2128 1523 “z

575 1550 826 1622 Magnum
840 1566 915 1609 est
928 1557 1137 1625 pietatis
1157 1556 1751 1628 sacramentum,quod..
1762 1600 1773 1613 .
1787 1557 2131 1626 prccdicatum

574 1656 649 1699 est
665 1643 1055 1749 GENTIBDS,
1069 1648 1321 1702 creditum
1341 1658 1416 1703 est
1434 1647 1488 1701 in
1505 1647 1785 1705 MUNDO.
1802 1648 1913 1752 Nec
1930 1650 2127 1704 mirum
2158 1697 2201 1752 Β

575 1751 745 1791 sane:
779 1746 837 1790 ut
871 1738 1015 1793 enim
1051 1740 1187 1794 alios
1225 1748 1612 1810 praetereamus
1642 1742 1939 1812 apostolos,
1982 1758 2126 1798 unus

573 1841 801 1896 magnus
825 1826 1045 1894 Paulus,
1081 1838 1218 1886 teste
1248 1838 1434 1887 nostro
1456 1830 1733 1887 Clemente
1759 1831 1900 1903 (62),
1920 1830 2126 1888 ‘Prceco

571 1918 747 1986 {actus
792 1920 848 1972 in
892 1922 1089 1974 oriente
1131 1930 1181 1974 et
1232 1922 1586 1979 occidente....
1659 1941 1780 1979 eum
1827 1927 2126 1979 universum

570 2010 820 2065 mundum
845 2011 1104 2067 docuisset
1132 2014 1414 2078 iustitiam,
1445 2025 1494 2069 et
1526 2016 1595 2069 ad
1630 2017 1917 2071 occidentis
1948 2018 2127 2071 termi-

568 2119 692 2155 num
732 2104 970 2169 uenisset,
1029 2122 1089 2158 ac
1144 2105 1239 2159 sub
1290 2106 1550 2176 prcefectis
1577 2111 1891 2179 martyrium
1934 2126 2124 2179 passus

564 2200 718 2256 esset,
770 2192 846 2246 ita
898 2209 926 2246 e
968 2193 1160 2249 mundo
1217 2196 1482 2265 migravit.
1540 2196 1671 2263 Quae
1725 2214 1849 2253 cum
1883 2201 1957 2254 ita
1989 2200 2120 2265 sint,

564 2284 751 2353 quidni
784 2299 914 2355 ergo
954 2302 1081 2341 vere
1113 2287 1396 2358 scripserit
1443 2288 1500 2343 in
1538 2289 1840 2359 posteriore
1880 2290 2122 2362 Epistola

563 2373 810 2430 Clemens
838 2374 1118 2432 Romanus
1143 2396 1157 2431 :
1186 2378 1374 2433 Plures
1400 2379 1532 2449 facti
1575 2397 1758 2436 sumus
1786 2381 2009 2449 Iudaeis,
2033 2385 2122 2455 qui

563 2464 729 2521 Deum
759 2467 947 2523 habere
969 2474 1284 2526 censentur?

631 2557 831 2614 Verum
862 2562 931 2616 ad
961 2562 1163 2616 nodum
1193 2563 1497 2634 graviorem
1530 2566 1850 2623 solvendum
1879 2568 2122 2625 studiose

561 2664 933 2720 preperemus.
968 2652 1171 2708 Statuit
1207 2656 1464 2711 nimirum
1480 2658 1565 2712 vir
1591 2660 1724 2713 clar.
1749 2658 1902 2731 (65):
1939 2678 1960 2711 ‹
1987 2659 2117 2730 Epi-

561 2743 713 2799 stolas
760 2746 1013 2801 secunda:
1057 2756 1335 2804 auctorem
1368 2765 1427 2805 se
1454 2766 1484 2804 a
1515 2750 1794 2807 Clemente
1840 2752 2116 2808 diversum

559 2852 623 2892 eo
645 2838 765 2909 ipso
799 2840 1060 2910 proﬁteri,
1090 2843 1234 2912 quod
1259 2842 1461 2899 Christi
1491 2844 1831 2901 divinitatem
1862 2862 2117 2917 expresse

559 2927 815 2993 inculcet,
841 2937 896 2986 et
933 2930 1145 2986 Domini
1176 2950 1283 2989 non
1307 2942 1541 2999 tantum,
1571 2936 1663 2990 sed
1687 2943 1740 2991 et
1774 2935 1867 2991 Dei
1896 2937 2112 2991 titulum

2241 449 2309 502 τὰ
2355 452 2651 525 παθήματα
2690 455 2854 511 αὐτοῦ
2895 452 2963 529 ἦν
3019 460 3124 531 πρὸ
3152 460 3443 531 ὀφθαλμῶν
3487 464 3660 534 ὑμῶν,
3710 483 3797 521 re-

2241 543 2475 612 spexerit
2492 543 2713 601 S.Pater
2725 546 2792 600 ad
2809 546 2938 601 illud
2954 549 3195 617 ejusdem
3212 551 3702 622 Apostoli,Galatas
3720 557 3795 611 ita

2239 632 2575 704 objurgantis
2588 638 2633 667 δ’
2649 656 2661 691 :
2680 633 2751 689 *Ω
2779 639 2985 710 ἀνόητοι
3014 640 3267 706 Γαλάται,
3286 638 3443 707 -οἷς
3470 648 3588 697 κατ’
3606 646 3795 716 ὀφθαλ-

2240 727 2354 797 μῶν
2394 725 2598 797 Ἰησοῦς
2624 727 2858 797 Χριστὸς
2891 729 3207 798 προεγράφη
3226 770 3242 793 ,
3273 730 3330 783 ὲν
3367 730 3494 799 ὑμῖν
3520 733 3795 804 ἐσταυρω-

2238 818 2396 889 μένος
2421 837 2434 873 :
2464 836 2487 870 ‹
2505 818 2548 872 Ο
2578 820 2832 875 insensati
2859 820 3172 884 (Ἑώρακα,
3196 831 3320 877 ante
3346 838 3575 893 quorum
3598 826 3796 882 oculos

2231 911 2391 967 Jesus
2414 912 2664 967 Christus
2686 914 3034 984 praescriptus
3058 925 3159 979 est,
3185 916 3236 968 in
3268 915 3421 972 vobis
3439 917 3752 974 cruciﬁxus.
3768 937 3791 971 ι

2230 1003 2498 1058 Nimirum
2534 1005 2799 1069 Clemens,
2822 1017 2876 1059 ut
2899 1007 3121 1069 assolet,
3150 1006 3380 1063 Paulum
3414 1011 3688 1075 imitatus,
3732 1012 3789 1067 in

2230 1097 2547 1151 memoriam
2580 1096 2775 1167 redigit
2796 1097 3117 1163 Corinthiis,
3142 1101 3418 1169 quomodo
3451 1110 3575 1157 ante
3599 1113 3787 1158 motus

2228 1188 2284 1243 in
2325 1203 2515 1243 eorum
2555 1188 2793 1244 Ecclesia
2838 1205 3009 1258 nuper
3037 1200 3284 1256 exortes,
3319 1194 3469 1246 omni
3516 1195 3780 1249 virtutum

2227 1297 2421 1353 genere
2457 1281 2731 1346 ﬂorerent,
2766 1292 2928 1352 atque
2958 1283 3053 1337 Dci
3092 1286 3359 1352 passiones
3400 1302 3612 1356 semper
3656 1295 3784 1342 ante

2233 1368 2421 1424 oculos
2452 1368 2585 1438 ipsis
2628 1371 3067 1425 obversarentur.
3122 1370 3323 1425 Divina:
3370 1371 3534 1441 igitur
3581 1381 3790 1425 natura

2232 1459 2572 1529 majestatem
2610 1476 2733 1515 cum
2765 1462 2947 1516 carnis
2981 1462 3286 1518 humilitate
3318 1465 3605 1534 crucisque
3635 1466 3790 1534 igno-

2231 1549 2399 1603 minia
2433 1550 2534 1605 hoc
2568 1552 2671 1606 loci
2709 1554 2991 1623 conjungit
3018 1554 3398 1610 sanctissimus
3424 1554 3582 1608 Pater
3612 1557 3789 1611 :duas

2231 1641 2358 1696 item
2390 1650 2615 1698 naturas
2636 1645 2881 1710 agnoscit
2911 1645 2962 1696 in
2986 1645 3204 1701 Christo
3231 1662 3243 1695 :
3270 1662 3431 1699 unam
3464 1645 3625 1701 Verbi
3650 1646 3789 1700 Per-

2230 1746 2441 1796 sonam,
2474 1747 2594 1801 quaa
2649 1748 2813 1788 carne
2875 1749 3034 1803 passa
3096 1745 3177 1790 est
3221 1750 3339 1790 :ac
3379 1736 3472 1790 Dei
3504 1739 3781 1805 passiones

2228 1820 2483 1878 Ecclesia:
2510 1823 2869 1879 Corinthiacae
2898 1827 3153 1895 proponit
3204 1828 3349 1881 velut
3407 1828 3563 1898 longe
3611 1828 3789 1882 maxi-

2226 1928 2375 1967 mum
2400 1916 2738 1985 mysterium,
2770 1917 2914 1971 unde
2938 1916 3059 1972 vitae
3100 1918 3389 1974 sanctioris
3419 1926 3684 1989 praecepta
3707 1918 3789 1971 in-

2227 2002 2721 2073 stitutaque'omnia
2752 2005 3043 2060 ducantur.
3078 2006 3153 2061 Ex
3185 2008 3383 2077 quibus
3422 2024 3551 2078 ergo
3577 2008 3787 2077 liquido

2226 2100 2391 2162 patet,
2423 2109 2529 2148 non
2559 2094 2736 2149 solum
2759 2094 2891 2165 quid
2916 2095 2972 2152 S.
3006 2096 3279 2163 Clemens,
3312 2099 3406 2153 sed
3441 2102 3605 2154 etiam
3647 2098 3784 2169 quid

2224 2181 2491 2250 Romani,
2553 2187 2684 2257 quid
2742 2188 3049 2255 Corinthii,
3120 2192 3249 2261 quid
3312 2191 3528 2246 demum
3595 2194 3779 2248 caeteri

2223 2274 2542 2343 Christiani,
2596 2280 2842 2335 saecul0t
2896 2282 3197 2353 apostolico
3247 2282 3312 2337 de
3361 2281 3470 2337 Deo
3512 2283 3567 2336 in
3614 2298 3782 2340 carne

2222 2381 2385 2439 passo
2427 2371 2699 2426 senserint
2750 2385 2914 2443 atque
2970 2373 3322 2429 crediderint.
3372 2373 3503 2440 Quae
3559 2375 3779 2445 quidem

2220 2468 2412 2516 contra
2456 2462 2776 2520 Socinianos
2803 2464 2979 2520 valide
3026 2474 3181 2536 urget
3229 2467 3313 2521 vir
3360 2467 3554 2523 doctus
3609 2467 3780 2522 Mare.

2218 2566 2323 2606 nus
2345 2552 2455 2625 (66)
2481 2573 2494 2608 :
2528 2552 2774 2625 idemque
2806 2558 3185 2627 argumentum
3210 2556 3323 2627 jam
3353 2558 3561 2626 pridem
3594 2560 3775 2628 pluri-

2219 2644 2323 2700 bus
2371 2644 2550 2700 fuerat
2596 2655 2916 2717 perseeutus
2966 2645 3488 2720 Grabius(67);qui
3541 2650 3776 2705 aliorum

2220 2731 2277 2788 S.
2335 2733 2516 2791 Patris
2563 2737 2738 2791 nostri
2780 2737 3024 2793 locorum
3074 2738 3442 2807 parallelismo
3504 2740 3772 2804 instituto.

2216 2825 2362 2881 hunc
2391 2828 2569 2897 ipsum
2600 2829 2668 2884 de
2695 2844 2804 2899 quo
2832 2831 3044 2901 agimus
3095 2838 3316 2887 strenue
3347 2833 3661 2899 vindicavit,
3693 2845 3776 2889 at-

2214 2918 2553 2989 que'Cltristi
2584 2920 2800 2978 deitatis
2826 2922 3078 2978 hostibus
3107 2921 3340 2978 fidenter
3372 2923 3593 2994 objecit.

555 3020 604 3076 ei
629 3019 865 3076 dandum
896 3038 1018 3080 esse
1047 3026 1345 3080 contendat
1369 3024 1650 3098 (64);cum
1678 3042 1838 3082 verus
1861 3026 2113 3084 Clemens

2285 3008 2443 3066 Haud
2471 3026 2558 3067 me
2585 3013 2714 3067 latet
2763 3016 3065 3080 enimvero,
3098 3015 3151 3068 in
3181 3031 3245 3071 eo
3275 3015 3621 3071 Clementino
3650 3018 3772 3076 loco

556 3126 830 3181 nusquam
862 3113 915 3169 id
946 3114 1069 3169 data
1095 3130 1259 3187 opera
1291 3115 1503 3181 fecerit,
1532 3132 1634 3173 nec
1676 3118 1783 3171 alio
1804 3132 1867 3172 ac
1897 3116 2113 3173 Domini

554 3203 716 3259 titulo
744 3220 869 3261 eum
900 3213 1195 3273 ornaverit,
1233 3209 1359 3283 licet
1409 3209 1498 3263 hic
1545 3210 1657 3264 illic
1684 3225 1743 3265 se
1771 3210 2110 3266 divinitatem

553 3294 757 3353 Christi
794 3311 1088 3367 agnoscere
1137 3298 1394 3354 insinuet.
1418 3319 1435 3351 ι
1472 3298 1613 3366 Quid
1651 3301 1886 3371 quaeris?
1933 3301 2110 3360 Locus

551 3403 619 3442 ex
654 3387 895 3458 Epistola
918 3389 959 3453 l,
993 3390 1048 3444 in
1082 3391 1317 3445 medium
1362 3392 1692 3460 proferatur,
1727 3409 1836 3463 quo
1868 3409 1976 3449 uno
1997 3402 2111 3449 tota

548 3477 779 3532 eliditur
804 3477 1055 3534 Vcnemae
1076 3480 1332 3550 objectio.
1368 3479 1457 3535 Sic
1482 3489 1662 3536 autem
1688 3497 1746 3538 se
1765 3482 1926 3537 habet
1949 3482 2061 3554 (65)
2092 3502 2106 3539 :

550 3569 674 3632 Τοῖς
709 3568 939 3638 ἐφοδίοις
970 3569 1063 3623 τοῦ
1098 3570 1231 3624 Θεοῦ
1267 3572 1587 3644 ἀρκούμενοι
1629 3574 1721 3625 καὶ
1756 3573 2109 3645 προσέχοντες

544 3655 673 3718 τοὺς
701 3655 887 3725 λόγους
913 3658 1078 3711 αὐτοῦ
1107 3659 1395 3730 ἐπιμελῶς,
1439 3661 1834 3732 ὲστερνισμένοι
1874 3659 1970 3734 ἦτε
1998 3665 2109 3726 τοῖς

550 3745 892 3817 σπλάγχνοις,
915 3750 1007 3803 καὶ
1025 3750 1093 3804 τὰ
1112 3752 1409 3823 παθήματα
1432 3753 1595 3808 αὐτοῦ
1611 3751 1677 3825 ἦν
1693 3756 1799 3827 πρὸ
1817 3756 2106 3827 ὀφθαλμῶν

549 3834 721 3905 ὑμῶν.
744 3835 856 3892 Hoc
877 3847 962 3893 est
984 3857 997 3894 :
1023 3858 1040 3892 ι
1067 3839 1159 3895 Dei
1183 3842 1380 3897 viatico
1407 3845 1669 3909 contenti,
1693 3852 1747 3899 et
1763 3847 2105 3903 sermonibus

547 3925 694 3985 illius
725 3928 1015 4001 diligenter
1043 3934 1406 3997 attendentes,
1450 3936 1661 3991 dilatati
1711 3938 1879 3994 eratis
1916 3939 1975 3993 in
2024 3939 2106 3994 vi-

548 4021 812 4087 sceribus,
840 4030 894 4077 et
923 4025 1206 4095 passiones
1228 4027 1348 4096 ejus
1376 4043 1486 4098 pra:
1516 4030 1691 4085 oculis
1713 4030 1868 4085 vobis
1889 4040 2099 4086 erant.»

547 4110 651 4167 Ubi
680 4112 913 4182 primum
946 4116 1369 4183 observandum,
1393 4120 1678 4175 relativum
1709 4120 1874 4175 αὐτοῦ
1928 4122 2105 4193 respi-

545 4218 670 4260 cere
701 4206 893 4274 procul
921 4207 1087 4263 dubio
1108 4210 1353 4279 proxime
1384 4213 1712 4269 antecedens
1769 4214 1930 4270 Θεοῦ.
1963 4214 2101 4269 Cum

544 4302 725 4351 autem
763 4296 1062 4370 παθήματα
1113 4302 1265 4355 nullo
1315 4314 1473 4374 pacto
1535 4304 1645 4360 Deo
1691 4304 1838 4362 Patri
1875 4305 2098 4360 attribui

2215 3119 2375 3173 quem
2432 3104 2593 3160 modo
2639 3106 2983 3175 protulimus,
3017 3108 3235 3163 Iunium
3284 3109 3625 3179 conjectasse
3672 3128 3772 3183 pro

2212 3193 2509 3266 παθήματα
2563 3195 2701 3251 forte
2743 3198 3025 3268 legendum
3086 3198 3402 3271 μαθήματα.
3456 3201 3560 3256 Sed
3610 3203 3771 3273 plane

2211 3289 2573 3357 respuendum
2627 3305 2749 3344 cutn
2800 3289 3017 3354 Crabio,
3052 3290 3309 3347 Wottouo
3351 3295 3581 3364 aliisque
3636 3298 3770 3354 viris

2211 3378 2385 3435 doctis
2412 3380 2573 3435 inane
2606 3390 2991 3445 commentum,
3025 3382 3169 3451 quod
3197 3390 3402 3438 textum
3434 3386 3572 3439 citra
3604 3388 3766 3443 ullam

2209 3473 2609 3537 necessitatem,
2639 3488 2814 3543 neque
2845 3473 3009 3527 ullius
3045 3488 3148 3528 ms.
3191 3473 3399 3529 codicis
3443 3479 3767 3535 auctoritate

2210 3563 2508 3619 sollicitare
2537 3563 2889 3632 comperitur.
2960 3560 3024 3615 Et
3071 3562 3196 3632 jure
3256 3564 3478 3633 quidem
3516 3584 3528 3621 :
3562 3568 3763 3622 etenim

2209 3670 2389 3710 nonne
2424 3655 2640 3709 demum
2670 3660 2793 3724 apte
2841 3654 3113 3709 cohaerent
3143 3655 3345 3719 omnia,
3380 3657 3426 3710 si
3473 3657 3624 3711 verba
3667 3658 3767 3714 Dei

2208 3748 2406 3804 mentis
2436 3747 2731 3813 attentioni,
2762 3746 2991 3816 ejusque
3045 3748 3314 3816 passiones
3369 3750 3553 3805 cordis
3594 3752 3765 3806 oculis

2207 3839 2615 3910 proponantur?
2644 3838 2800 3906 Quod
2842 3840 2934 3894 ubi
2964 3839 3256 3910 diligenter
3303 3841 3545 3906 attendo,
3575 3843 3764 3900 mirari

2207 3931 2373 3993 subit,
2407 3933 2540 3985 clar.
2566 3928 2856 4000 Fleuryum
2899 3929 3154 3984 vitiosam
3200 3928 3347 3983 Junii
3391 3931 3762 4001 conjecturam

2206 4022 2358 4092 sequi
2381 4020 2830 4091 maluissc,quam
2854 4021 3124 4075 sinceram
3144 4028 3323 4076 textus
3340 4023 3647 4091 lectionem;
3665 4025 3763 4093 qui

2204 4113 2409 4169 Gallice
2430 4129 2536 4168 non
2553 4115 2840 4182 passiones,
2863 4114 2954 4168 sed
2974 4113 3271 4167 doctrinam
3300 4114 3600 4170 reddiderit
3619 4115 3761 4187 (68).

2274 4204 2399 4260 Haec
2423 4212 2602 4259 autem
2633 4205 2808 4259 iusius
2837 4212 3201 4274 pertractasse
3228 4206 3408 4272 libuit,
3441 4214 3557 4261 tum
3588 4216 3648 4261 ut
3674 4208 3763 4263 iu-

2204 4302 2357 4373 signe
2401 4299 2793 4355 Clementinum
2847 4298 2913 4353 de
2956 4298 3161 4355 Christi
3204 4300 3487 4357 divinitate
3514 4302 3790 4357 testimoA

542 4387 775 4457 possint,
798 4390 1063 4461 reliquum
1083 4401 1168 4448 est
1210 4401 1270 4448 ut
1291 4372 1377 4449 hic
1391 4394 2095 4463 JesumChristum,Deum,
2128 4372 2175 4432 θ
2200 4393 2352 4447 nium
2384 4390 2735 4453 vindicarem,
2768 4400 2879 4443 tum
2925 4406 3049 4445 vero
3096 4390 3150 4446 in
3187 4392 3378 4461 primis
3418 4400 3475 4445 ut
3506 4391 3759 4448 Venemaa

541 4476 737 4533 Filium
769 4478 883 4545 Dei,
913 4480 1078 4538 Deum
1109 4485 1174 4539 de
1197 4484 1324 4550 Deo,
1346 4485 1512 4543 Deum
1543 4504 1727 4544 verum
1750 4489 1817 4544 de
1837 4488 1947 4545 Deo
1969 4505 2101 4546 vero
2194 4484 2554 4555 objectionem
2583 4481 2842 4536 diluerem
2871 4500 2884 4535 :
2917 4482 3007 4552 qui
3040 4481 3280 4537 virorum
3310 4482 3755 4537 doctissimorum

541 4567 866 4625 intellexerit
919 4571 976 4628 S.
1048 4575 1318 4632 Clemens.
1369 4579 1473 4645 Qui
1531 4579 1749 4650 quidem
1811 4582 2098 4651 passiones
2192 4577 2249 4632 in
2283 4576 2427 4630 hunc
2481 4576 2659 4629 locum
2707 4573 2963 4627 adnotata
3009 4575 3282 4644 praaterire
3335 4575 3545 4639 maluit,
3590 4589 3755 4645 quam

540 4657 744 4715 Christi
772 4665 1045 4731 passiones
1095 4667 1189 4722 Dei
1220 4672 1474 4740 appellat,
1517 4673 1597 4727 sic
1634 4688 1827 4743 nempe
1872 4675 1942 4729 ab
1967 4688 2096 4744 apo-
2192 4670 2371 4726 Pbotii
2395 4670 2659 4741 judicium
2694 4668 2877 4724 minus
2900 4676 3057 4724 caute
3088 4668 3352 4738 prolatum
3384 4666 3632 4723 deserere
3658 4673 3757 4722 aut

542 4752 681 4806 stole
732 4753 901 4811 Paulo
956 4758 1256 4827 institutus,
1308 4762 1465 4832 cujus
1522 4771 1637 4818 erat
1670 4766 1962 4837 συνεργόςς
1999 4766 2095 4837 qui
2190 4763 2478 4834 benignius
2524 4762 2807 4832 accipere;
2852 4774 2916 4815 eo
2955 4760 3164 4815 scilicet
3211 4759 3449 4823 nomine,
3475 4774 3583 4830 quo
3612 4774 3754 4828 prte-

539 4840 728 4898 eodem
763 4847 922 4916 plane
958 4864 1123 4906 sensu
1157 4852 1356 4907 Christi
1405 4854 1702 4910 Ecclesiam
1749 4857 2091 4929 appellavit“

535 4932 635 5008 τὴν
649 4938 986 5011 Ἐκκλησίαν,
1005 4942 1098 4996 τοῦ
1128 4944 1261 4997 Θεοῦ
1292 4947 1356 5017 ἢν
1385 4950 1803 5020 περιεποιήσατο
1853 4950 1939 5003 διὰ
1992 4949 2087 5004 τοῦ

541 5026 669 5083 ἰδίου
712 5029 968 5102 αἵματος,
1010 5051 1028 5085 ‹
1087 5032 1382 5091 Ecclesiam
1451 5038 1542 5093 Dei
1597 5055 1759 5110 quam
1805 5041 2092 5112 acquisivit

2195 4865 2511 4928 conceptam
2542 4857 2849 4927 Opinionem
2889 4857 2956 4912 de
2991 4856 3232 4926 epistolae
3272 4856 3521 4911 secundae
3550 4872 3751 4927 suppo-

2196 4950 2394 5005 sitione
2445 4948 2679 5003 celebris
2716 4948 2863 5002 illius
2902 4947 3076 5003 critici
3117 4947 3327 5002 calculo
3373 4949 3750 5018 comprobaret

2194 5056 2295 5096 con
2304 5040 2669 5111 firmaretque.

678 5238 720 5270 ³⁸
740 5238 967 5319 89:11.},
995 5240 1281 5319 8."_Rom.
1314 5260 1369 5307 κ,
1401 5244 1481 5299 18.
1559 5244 1603 5277 ³⁸
1630 5244 1786 5301 Rom.
1817 5260 1931 5314 xvt,
1958 5244 2121 5311 25,2l

2237 5248 2281 5280 "
2304 5245 2515 5303 Coloss.
2543 5259 2582 5307 ι,
2608 5242 2661 5309 6,
2685 5242 2775 5300 25.
2851 5242 2895 5274 ⁵ο
2926 5240 3110 5319 lTim.
3144 5256 3225 5305 Ill,
3256 5241 3341 5296 16.
3418 5242 3460 5273 ⁸¹
3494 5241 3614 5297 Act.
3649 5258 3744 5309 xx,

603 5306 694 5366 28.
764 5310 809 5340 “
832 5309 948 5366 Cal.
988 5328 1068 5376 ιιι,
1100 5313 1149 5368 1.

739 5466 919 5542 Epist.
943 5469 985 5535 1,
1016 5485 1139 5542 cap.
1169 5472 1219 5526 5.

739 5536 986 5613 chem_._.
1020 5536 1215 5612 Epist..
1250 5541 1312 5603 ll,
1347 5543 1372 5613 ξ
1400 5543 1488 5608 20,
1525 5558 1576 5613 p.
1606 5542 1672 5595 77

605 5606 716 5680 (iis)
745 5607 914 5680 Epist.
941 5608 999 5680 ll,
1026 5606 1145 5680 cap.
1182 5613 1286 5666 1-3.

605 5677 717 5749 (65)
753 5677 923 5747 Epist.
952 5679 991 5744 l,
1027 5677 1144 5751 cap.
1188 5684 1239 5734 ‘2.

2272 5471 2382 5543 (66)
2415 5469 2639 5543 Diuinit.
2698 5467 2766 5523 ο.
2804 5466 2877 5522 Ν.
2936 5466 3088 5523 1.-(3.
3129 5466 3341 5535 mani/2,
3384 5466 3479 5520 lib.
3510 5481 3582 5531 tv,
3616 5479 3738 5534 cap.

2196 5544 2246 5599 δ’
2268 5542 2771 5682 (ἓὴῗίῃᾏηηοιθι.
2797 5568 2861 5662 ad
2884 5608 3021 5682 B_ulli
3047 5605 3366 5682 defens.__ﬁd.
3411 5607 3552 5682 N_ic.,
3572 5622 3624 5677 p.
3644 5604 3742 5665 60»

2267 5674 2379 5752 (68)
2409 5681 2548 5735 Hist.
2581 5680 2732 5742 εδει..
2759 5691 2886 5732 tom.
2913 5679 2951 5742 Ι,
2972 5692 3024 5745 p.
3049 5676 3174 5740 ω,
3197 5674 3326 5731 edit.
3354 5676 3492 5730 in-b.
