4070 6340
251 258 359 314 105

1487 249 1826 307 ΡΒΟαΞΜῐΑ
1865 246 2249 306 VARIORUM.

3387 244 3491 304 106

321 379 407 435 lX.
452 380 719 453 Superest
772 393 919 433 nunc
975 383 1189 446 tempus
1244 372 1672 444 inquirendum,
1721 386 1830 442 quo
1861 370 1907 431 Α
1938 365 2371 438 persecutionem
2428 366 2757 435 scripsisset,
2790 373 2848 419 ut
2891 368 3084 417 auctor
3133 360 3507 417 eminentissi-

245 482 479 545 utrsque
528 470 761 542 epistola
812 468 975 525 fuerit
1018 464 1321 523 Corinthiis
1353 464 1638 536 inscripta.
1670 461 1735 517 Et
1765 463 1831 521 de

243 567 428 638 priore
454 565 699 637 quidem,
733 577 928 634 magna
978 561 1121 615 inter
1148 558 1301 621 viros
1329 557 1576 614 eruditos
1605 564 1830 612 contro-

245 658 445 714 versis.
483 655 594 712 Sed
638 654 953 710 rationibus
983 652 1259 722 utrimque
1289 650 1469 704 allatis
1497 665 1597 721 pro
1624 649 1831 705 viribus

244 749 521 813 excussis,
552 763 745 803 eorum
778 746 995 801 demum
1029 743 1314 799 sententia:
1363 742 1524 797 nobis
1575 742 1834 797 acceden-

245 841 374 894 dum
405 839 813 900 existimamus,
838 836 933 906 qui
979 832 1289 889 Neroniana
1319 832 1702 902 persecutione
1732 832 1829 887 de-

245 933 481 995 sinente,
515 938 803 999 stanteque
852 927 1029 982 adhuc
1077 926 1281 996 templo
1308 924 1829 1007 Hierosolymitano,

245 1036 439 1093 nempe
479 1022 629 1077 circa
673 1035 796 1076 tera:
846 1018 1084 1091 vulgaris
1114 1032 1318 1072 annum
1350 1015 1419 1072 68
1448 1032 1565 1072 eam
1603 1016 1770 1073 fuisse
1800 1030 1831 1070 a

249 1114 529 1169 Clemente
560 1113 821 1183 scriptam
853 1117 1207 1165 censuerunt.
1239 1104 1299 1163 In
1326 1122 1489 1179 quam
1522 1123 1655 1163 sane
1700 1122 1830 1162 sen—

250 1207 475 1261 tentiam
521 1220 631 1275 pra:
660 1204 872 1260 caneris
918 1200 1260 1257 concessisse
1299 1201 1551 1256 novimus
1580 1199 1834 1254 duumvi-

252 1312 337 1351 ros
365 1296 745 1359 doctissimos,
768 1293 995 1365 Pagium
1028 1291 1140 1363 (69)
1173 1306 1239 1346 ac
1271 1307 1445 1362 nuper
1472 1296 1830 1362 purpuratum

254 1390 469 1445 Patrem
505 1388 594 1443 cui
627 1395 904 1460 acceptam
934 1383 1224 1440 referimus
1259 1381 1546 1437 Historiam
1589 1382 1835 1435 ecclesia-

254 1481 443 1535 sticam
477 1478 758 1549 eleganter
785 1476 987 1532 ltalicis
1024 1477 1219 1532 litteris
1261 1475 1512 1530 traditam
1547 1473 1679 1545 (70).
1712 1471 1834 1540 Quo

252 1580 434 1628 autem
485 1579 764 1642 utcunque
807 1578 989 1641 pateat
1017 1586 1180 1641 quam
1212 1568 1382 1623 ﬁrmis
1412 1566 1716 1622 rationibus
1750 1566 1834 1619 in-

252 1665 464 1719 nitatur
509 1662 781 1719 sententia
830 1662 1164 1733 hujusmodi,
1200 1660 1471 1733 praecipua
1521 1658 1711 1715 saltem
1762 1672 1828 1711 ex

1934 475 2056 515 mus
2081 460 2285 529 optime
2314 458 2494 528 arguit
2518 457 2648 529 (75).
2677 458 2817 524 Quid
2836 454 2981 529 quod
3012 452 3369 509 Clementinis
3415 466 3510 521 pe-

1933 568 2001 607 ne
2028 566 2270 607 consona
2306 551 2374 606 de
2406 549 2637 606 Neronis
2665 549 3049 621 persecutione
3079 544 3369 615 scripsisse
3397 543 3507 598 Ta-

1931 641 2074 698 citus
2104 641 2612 712 comperiturl76)?
2638 640 2925 695 Videbatur
2958 637 3123 702 Nero,
3157 636 3355 707 inquit,
3386 651 3514 691 con-

1930 734 2113 790 denda:
2143 734 2287 789 urbis
2321 750 2488 795 novae,
2526 744 2573 787 et
2624 743 2961 804 cognomento
3011 748 3106 785 suo
3162 727 3510 799 appellandae,

1929 827 2155 895 gloriam
2181 843 2433 897 quaerere.
2452 858 2518 866 —
2547 824 2649 881 Sed
2680 843 2781 879 non
2812 842 2903 895 ope
2932 824 3181 887 humana,
3215 841 3317 878 non
3350 822 3515 893 largi-

1933 919 2160 973 tionibus
2186 919 2462 988 principis,
2494 928 2589 972 aut
2636 916 2790 972 deum
2838 917 3184 987 placamentis
3232 913 3509 970 decedebat

1931 1009 2177 1075 infamia,
2228 1012 2353 1082 quin
2393 1011 2607 1081 jussum
2654 1009 2950 1066 incendium
3000 1008 3315 1064 crederetur.
3373 1006 3513 1078 Ergo

1934 1104 2188 1159 abolendo
2214 1106 2419 1158 rumori
2453 1103 2596 1159 Nero
2625 1104 2856 1159 subdidit
2885 1120 3020 1165 reos,
3052 1112 3100 1156 et
3125 1100 3513 1173 quwsitissimis

1932 1198 2094 1267 poenis
2125 1197 2322 1267 affecit,
2354 1214 2483 1268 quos
2512 1212 2602 1267 per
2647 1197 2855 1267 ﬂagitia
2896 1197 3110 1256 invisos,
3138 1196 3319 1263 vulgus
3354 1192 3516 1246 Chri-

1931 1292 2140 1347 stianos
2166 1290 2487 1361 appellabat.
2517 1322 2587 1331 —-
2615 1290 2786 1362 Igitur
2809 1292 2979 1366 primo
3011 1289 3234 1357 correpti
3261 1289 3350 1358 qui
3380 1286 3516 1356 fate-

1932 1384 2167 1438 bantur:
2197 1383 2381 1439 deinde
2412 1382 2610 1439 indicio
2640 1401 2819 1439 eorum
2856 1381 3149 1437 multitudo
3178 1380 3371 1452 ingens
3403 1378 3516 1452 (ea-

1930 1477 2052 1533 dem
2084 1491 2215 1533 sane
2234 1477 2442 1546 phrasi,
2472 1491 2579 1547 qua
2611 1478 2782 1531 utitur
2811 1474 2868 1531 S.
2901 1475 3083 1539 Pater,
3114 1474 3246 1528 πολὺ
3281 1472 3507 1544 πλῆθος)

1930 1566 2072 1623 haud
2124 1568 2337 1637 perinde
2394 1569 2446 1622 in
2503 1569 2721 1622 crimine
2769 1566 3021 1631 incendii,
3072 1583 3229 1637 quam
3260 1565 3382 1621 odio
3414 1565 3516 1618 ltu-

1934 1661 2078 1716 mani
2104 1662 2303 1733 generis
2333 1662 2554 1716 convicti
2585 1670 2730 1717 sunt.
2754 1659 2819 1713 Et
2851 1660 3189 1730 pereuntibus
3218 1660 3405 1711 addita
3436 1658 3520 1712 lu-

254 1758 373 1827 ipsa
422 1755 670 1827 Epistola
719 1762 1037 1827 argumenta
1068 1754 1262 1826 paucis
1292 1749 1702 1808 contrahamus.
1742 1746 1834 1803 Sic
1867 1738 1910 1791 Β
1942 1753 2138 1817 dibria,
2170 1764 2226 1807 ut
2254 1754 2490 1823 ferarum
2521 1754 2677 1823 tergis
2700 1753 2941 1819 conlecti,
2973 1752 3179 1805 laniatu
3210 1768 3399 1805 canum
3437 1752 3519 1804 in-

254 1848 440 1918 itaque
486 1846 684 1902 scribit
733 1843 988 1901 Clemens
1039 1845 1143 1899 sub
1172 1843 1389 1897 initium
1420 1840 1533 1913 (71)
1564 1859 1579 1895 :
1614 1838 1835 1907 Propter

253 1942 458 1997 subitas
489 1956 551 1994 ac
572 1939 675 1994 sibi
704 1940 921 1993 invicem
949 1936 1277 1992 succedentes
1304 1933 1632 1989 calamitates
1660 1940 1707 1985 et
1739 1947 1834 1984 ca-

251 2050 345 2088 sus
374 2032 624 2087 adversos
669 2030 761 2101 qui
808 2028 955 2083 nobis
997 2025 1320 2088 acciderunt,
1356 2021 1581 2087 tardius,
1617 2022 1835 2092 fratres,

254 2125 606 2194 nosmetipsos
650 2122 966 2177 convertisse
997 2120 1338 2192 agnoscimus
1368 2115 1437 2172 ad
1462 2133 1524 2172 ea
1550 2132 1666 2187 qua:
1689 2132 1721 2169 a
1749 2132 1839 2169 vo-

255 2218 343 2272 bis
375 2218 597 2290 quesita
625 2215 854 2287 fuerunt.
892 2212 1102 2280 Quibus
1131 2210 1331 2275 verbis,
1361 2209 1593 2280 primum
1620 2206 1839 2278 quidem

255 2308 691 2379 persecutionem
727 2320 847 2378 qua:
876 2306 986 2376 jam
1012 2302 1369 2364 del'erbuerit,
1395 2300 1480 2355 vel
1508 2300 1690 2370 potius
1720 2312 1841 2369 quae

254 2418 441 2474 nuper
469 2400 713 2465 desierit,
746 2397 1059 2469 designari;
1092 2396 1289 2451 deinde
1319 2409 1451 2451 vero
1476 2394 1561 2449 vel
1610 2392 1841 2448 Neronis

254 2494 340 2551 vel
369 2491 665 2547 Domitiani
694 2488 1130 2563 persecutionem
1179 2487 1269 2541 hic
1318 2485 1510 2550 innui,
1543 2497 1705 2540 nemo
1759 2488 1843 2538 est

257 2598 391 2638 sane
441 2581 537 2653 qui
589 2596 701 2637 non
747 2578 1063 2652 perspiciat.
1101 2576 1320 2641 Verum,
1354 2591 1474 2647 qua:
1513 2574 1675 2645 paulo
1719 2579 1844 2645 post

257 2671 446 2727 subdit
476 2669 753 2737 Clemens,
798 2667 1163 2725 Neronianam
1198 2667 1410 2723 scilicet
1453 2667 1695 2721 indicare
1720 2680 1843 2735 per-

261 2762 545 2818 hibentur.
596 2760 671 2817 De
719 2762 891 2817 beatis
918 2759 1063 2815 enim
1095 2759 1359 2829 apostolis
1384 2757 1544 2813 Petro
1567 2764 1621 2812 et
1650 2755 1842 2821 Paulo,

258 2869 361 2908 ceu
409 2869 525 2909 non
574 2853 651 2907 ita
700 2851 910 2923 pridem
961 2851 1223 2923 martyrio
1266 2852 1681 2913 consummatis,
1729 2848 1846 2903 hac

260 2945 426 3002 habet
452 2945 569 3017 (72)
598 2965 613 3000 :
647 2943 925 3015 Ἔλθωμεν
953 2945 1047 2997 ἐπὶ
1072 2945 1199 3007 τοὺς
1236 2943 1483 3013 ἔγγιστα
1526 2939 1846 3013 γενομένους

260 3042 543 3115 ἀθλητάς·
602 3041 851 3113 λάϐωμεν
901 3041 1000 3111 τῆς
1052 3041 1240 3109 γενεᾶς
1293 3039 1451 3110 ἡμῶν
1505 3037 1574 3092 τὰ
1628 3040 1847 3106 γενναῖα

263 3136 662 3207 ὑποδείγματα.
687 3133 1035 3205 -Λάΰωμεν
1073 3130 1179 3205 πρὸ
1198 3130 1488 3203 ὀφθαλμῶν
1525 3129 1683 3202 ἡμῶν
1724 3130 1850 3194 τοὺς

262 3227 508 3296 ἀγαθοὺς
529 3225 874 3289 ἀποστόλους,
916 3225 973 3279 h.
1016 3240 1067 3279 e.
1113 3242 1131 3274 ι
1163 3221 1459 3278 Veniamus
1487 3220 1551 3275 ad
1582 3222 1849 3291 proximos

266 3322 523 3384 athletas,
554 3327 610 3375 et
640 3319 824 3375 saeculi
858 3318 1034 3372 nostri
1077 3329 1343 3388 generosa
1383 3315 1631 3385 exempla
1665 3330 1851 3370 suma-

268 3429 412 3469 mus.
442 3441 521 3454 -—-
549 3410 826 3466 Ponamus
847 3410 1007 3464 nobis
1033 3416 1160 3464 ante
1187 3408 1377 3462 oculos
1409 3408 1584 3463 bonos
1608 3406 1848 3477 Aposto-

271 3508 369 3561 los.
400 3526 422 3558 ι
460 3502 567 3559 Ubi
603 3503 768 3573 probe
796 3501 1035 3556 notanda
1068 3516 1193 3555 cum
1244 3498 1522 3554 Dodwello
1552 3498 1666 3571 (75)
1700 3499 1853 3555 aliis-

268 3613 395 3667 que,
428 3596 732 3651 Clementis
758 3594 947 3657 verha,
975 3593 1175 3665 quibus
1201 3592 1437 3664 gloriosa
1465 3589 1611 3647 Petri
1630 3600 1683 3648 et
1696 3590 1853 3646 Pauli

269 3690 579 3745 certamina
635 3686 992 3750 describens,
1053 3685 1177 3739 illos
1246 3684 1472 3753 ἔγγιστα
1536 3682 1855 3755 γενομένους

272 3780 537 3851 ἀθλητάς,
588 3777 915 3847 nuperrimos
978 3775 1224 3838 athletas,
1283 3775 1538 3845 appellat,
1571 3790 1667 3830 seu
1696 3791 1854 3845 quant

268 3871 516 3939 proxime
560 3867 811 3923 sublatos
842 3881 874 3920 e
902 3864 1083 3920 medio
1113 3864 1283 3921 fuisse
1311 3872 1564 3929 testatur,
1595 3870 1759 3935 atque
1786 3867 1855 3937 τῇ

272 3965 438 4035 γενεᾷ
468 3960 648 4033 ἡμῶν,
688 3959 786 4013 hac
836 3968 1019 4014 nostra
1075 3967 1231 4013 aetate
1284 3956 1554 4014 ﬂoruisse.
1597 3957 1854 4012 Eamdem

276 4070 443 4126 porro
473 4052 911 4124 persecutionem
942 4050 1114 4121 magis
1150 4049 1329 4104 adhuc
1362 4050 1639 4104 inculcare
1666 4049 1858 4104 viden-

276 4155 391 4210 tur,
424 4162 550 4217 qua:
582 4144 768 4215 paucis
795 4142 1095 4212 interiectis
1122 4149 1422 4197 occurrunt
1453 4141 1565 4212 (74)
1600 4162 1612 4197 :
1638 4141 1858 4205 Τούτοις

274 4242 392 4303 τοῖς
454 4236 713 4309 ἀνδράσιν
767 4236 929 4298 ὁσίως
970 4232 1440 4304 πολιτευσαμένοις
1499 4231 1858 4305 συνηθροίσθη

279 4331 418 4385 πολὺ
479 4327 684 4399 πλῆθος
752 4325 1037 4380 ἐκλεκτῶν.
1100 4343 1120 4377 ι
1174 4323 1320 4381 Viris
1369 4324 1493 4381 istis
1547 4325 1640 4398 qui
1694 4325 1858 4379 vitam

280 4432 478 4481 sancte
502 4422 876 4486 instituerunt,
907 4432 1100 4489 magna
1124 4419 1421 4473 electorum
1453 4416 1743 4473 multitudo
1765 4433 1861 4489 ag-

282 4521 508 4586 gregata
559 4520 663 4567 est.
699 4531 717 4564 ι
757 4510 858 4567 Ubi
898 4510 1085 4567 videas
1132 4510 1426 4575 neminem,
1457 4510 1505 4565 si
1542 4508 1763 4564 Petrum
1794 4524 1860 4565 ac

287 4605 522 4661 Paulum
552 4602 815 4674 excipias,
840 4618 871 4656 a
900 4601 1177 4657 Clemente
1208 4601 1441 4667 laudari,
1470 4616 1581 4657 non
1610 4599 1857 4656 Flavium

288 4699 650 4761 Clementem,
677 4711 783 4750 non
814 4694 1048 4751 Acilium
1078 4692 1447 4757 Glabrionem,
1478 4708 1588 4748 non
1621 4690 1864 4755 Flaviam

291 4790 648 4852 Domitillam,
681 4788 887 4842 nullum
914 4786 1149 4856 denique
1192 4794 1273 4840 tot
1318 4785 1613 4842 illustrium
1662 4793 1865 4855 marty—

292 4900 412 4938 rum
436 4883 531 4953 qui
562 4882 665 4936 sub
686 4879 992 4935 Domitiano
1009 4878 1154 4948 passi
1178 4887 1339 4944 sunt;
1368 4892 1602 4949 quorum
1632 4876 1865 4948 aliquem

297 4976 491 5031 saltem
541 4982 899 5029 memorasset
928 4970 985 5026 S.
1017 4971 1199 5038 Pater,
1229 4972 1277 5027 si
1320 4979 1443 5042 post
1473 4969 1866 5026 Domitianeam

372 5177 419 5209 ⁸³
446 5175 612 5233 Hebr.
639 5192 717 5240 Ix,
748 5173 842 5229 25.

379 5360 493 5495 (69)
531 5361 664 5445 Pagi
692 5359 846 5424 Crit.,
862 5358 926 5413 ad
952 5372 1095 5439 ann:
1114 5356 1201 5418 78,
1233 5356 1261 5427 ᾗ
1293 5357 1346 5411 5.

379 5434 466 5495 (70
530 5431 679 5493 Οι-ει,
712 5431 871 5486 lstor.
905 5430 1030 5483 sccl.
1064 5428 1160 5483 lib.
1191 5441 1255 5491 ll,
1292 5426 1319 5495 §

530 5425 679 5513 Ors'i3
712 5431 871 5515 letor.
905 5430 1030 5483 sccl.
1064 5428 1160 5483 lib.
1191 5425 1255 5491 II,
1292 5426 1319 5499 §
1356 5427 1444 5487 53,
1499 5434 1539 5482 t.
1575 5425 1614 5493 I,
1666 5444 1719 5500 p.
1745 5428 1873 5493 411,

314 5503 438 5559 edit.
470 5503 634 5557 Rom.
665 5503 829 5557 ili-8‘.

380 5576 492 5645 (71)
539 5573 714 5645 [ἐνίει.
744 5573 767 5626 1
803 5570 870 5625 ad
893 5570 1023 5645 Cor.
1055 5582 1177 5638 cap.
1208 5568 1257 5623 1.

381 5640 495 5717 (72)
538 5640 705 5726 ιῦἕάτ,
736 5658 858 5765 ca‘p.
888 5643 937 5698 5.

383 5718 495 5765 t73t
539 5716 721 5765 Addit.
756 5730 785 5765 a
848 5713 937 5765 Pet

383 5711 495 5789 (73)
538 5716 721 5769 Addit.
756 5711 823 5766 ad
848 5713 1204 5785 Pears.()pp.,
1236 5722 1358 5784 post
1388 5728 1439 5784 ρ,
1473 5711 1588 5766 219.

605 5812 867 5871 ΡΑτιιοι..
909 5809 1027 5869 Gn.
1125 5810 1175 5869 l.

1940 1847 2173 1914 terirent,
2205 1858 2297 1901 aut
2351 1845 2594 1901 crucibus
2639 1846 2816 1915 afﬁxi,
2859 1856 2951 1898 aut
2979 1846 3293 1915 ﬂammandi
3314 1857 3337 1900 :
3367 1854 3523 1914 atque

1938 1939 2028 1993 ubi
2056 1938 2327 2009 defecisset
2357 1939 2493 2005 dies,
2524 1941 2579 1995 in
2612 1957 2765 1994 usum
2797 1942 3041 1995 nocturni
3065 1940 3278 1993 luminis
3300 1954 3518 1992 ureren-

1943 2040 2053 2087 tur.
2087 2030 2207 2085 Non
2238 2032 2374 2087 adeo
2405 2042 2585 2087 tamen
2624 2031 2880 2088 saeviebat
2907 2032 3267 2096 Domitianus,
3299 2030 3520 2087 Tertul-

1942 2126 2091 2181 liano
2110 2133 2267 2190 teste,
2297 2125 2391 2195 qui
2412 2125 2533 2194 ejus
2553 2125 2991 2196 persecutionem
3016 2125 3086 2177 ita
3108 2123 3367 2179 describit
3381 2121 3517 2191 (77):

1945 2219 2256 2273 Tentaverat
2284 2228 2333 2273 et
2360 2217 2710 2281 Domitianus,
2726 2218 2898 2287 portio
2938 2214 3165 2270 Neronis
3195 2215 3258 2269 de
3288 2214 3523 2269 crudeli-

1946 2320 2082 2374 tate;
2108 2310 2197 2365 sed
2221 2327 2326 2382 qua
2368 2319 2415 2365 et
2456 2310 2608 2363 homo
2641 2308 2802 2377 facile
2827 2318 3048 2379 emptum
3073 2309 3340 2377 repressit,
3369 2310 3527 2363 resti-

1946 2404 2072 2457 tutis
2121 2404 2281 2457 etiam
2331 2419 2459 2474 quos
2506 2402 2865 2473 relegaverat:
2898 2410 2956 2455 ut
2987 2411 3271 2473 propterea
3313 2401 3526 2456 nullum

1943 2496 2168 2552 dubium
2192 2511 2482 2567 superesse
2501 2496 2775 2560 videatur,
2801 2494 2935 2565 quin
2965 2494 3125 2551 verba
3159 2495 3246 2548 illa
3278 2494 3528 2551 Clemen-

1944 2590 2017 2643 tis
2046 2601 2167 2657 qute
2197 2586 2300 2644 sub
2332 2586 2551 2641 initium
2587 2586 2750 2657 hujus
2782 2585 2809 2658 §
2847 2586 3222 2650 recitavimus,
3252 2586 3318 2642 de
3357 2583 3530 2642 Nero-

1946 2679 2032 2735 nis
2062 2677 2242 2748 potius
2273 2693 2437 2749 quam
2468 2676 2757 2731 Domitiani
2798 2676 3178 2747 persecutione
3221 2676 3332 2732 sint
3380 2679 3528 2733 acci-

1945 2770 2162 2842 pienda.
2193 2769 2472 2826 Deferbuit
2505 2778 2711 2834 autem,
2744 2770 2854 2826 imo
2885 2784 3014 2827 vero
3037 2778 3094 2825 et
3122 2770 3285 2827 desiit
3307 2785 3369 2826 ea
3399 2786 3527 2841 per-

1947 2862 2179 2929 secutio,
2231 2862 2448 2918 sublato
2496 2858 2743 2925 Nerone,
2774 2876 2935 2932 quem
2965 2860 2999 2916 9
3027 2860 3174 2916 Junii
3219 2875 3364 2916 anno
3408 2876 3530 2915 terte

1946 2957 2191 3029 vulgaris
2220 2954 2290 3011 68
2317 2954 2547 3026 periisse
2575 2964 2936 3025 compertum.
2956 2952 3157 3008 Eodem
3186 2952 3353 3023 igitur
3381 2968 3528 3007 anno

1951 3057 2209 3106 currente
2238 3049 2323 3105 vel
2366 3049 2558 3105 saltem
2583 3047 2887 3112 desinente,
2921 3044 3166 3101 Romana
3200 3045 3441 3102 Ecclesia
3474 3046 3531 3100 in

1876 3112 1919 3172 θ
1952 3157 2087 3212 pace
2143 3149 2420 3213 utcunque
2481 3140 2819 3197 constituta.
2880 3139 3166 3210 scripserit
3226 3138 3285 3195 S.
3342 3137 3526 3195 Pater.

1950 3231 2118 3289 Plura
2159 3234 2215 3288 in
2264 3234 2408 3289 hanc
2453 3233 2780 3288 sententiam
2812 3230 3016 3286 videsis
3059 3230 3204 3301 apud
3233 3231 3531 3302 scriptores

1954 3323 2116 3380 modo
2144 3322 2417 3387 laudatos,
2446 3322 2647 3393 quibus
2676 3319 2846 3376 addas
2871 3319 3032 3375 velim
3058 3316 3373 3373 Wottonum
3394 3317 3529 3389 (78),

1954 3424 2015 3472 ut
2044 3415 2182 3471 alios
2209 3423 2617 3487 praetereamus.

2027 3506 2165 3562 Huic
2202 3507 2330 3562 item
2366 3520 2510 3560 anno
2535 3504 2604 3559 68
2632 3518 2754 3560 esse
2795 3501 3111 3574 illigandam
3155 3500 3295 3555 hanc
3323 3501 3390 3557 ad
3424 3500 3533 3556 Co-

1956 3600 2191 3669 riuthios
2236 3597 2477 3669 priorem
2529 3595 2846 3667 epistolam,
2875 3593 3067 3652 suadet
3101 3594 3281 3649 cultus
3316 3589 3534 3649 Judaici

1956 3692 2161 3747 mentio
2187 3691 2244 3745 in
2268 3689 2471 3760 templo
2492 3687 2988 3759 Hierosolymitano
3016 3695 3147 3742 tunc
3177 3685 3354 3742 adhuc
3378 3695 3534 3743 stan-

1955 3796 2008 3841 te
2031 3783 2285 3855 vigentis,
2313 3797 2434 3855 quae
2483 3782 2538 3837 in
2588 3779 2777 3837 eadem
2805 3780 3036 3851 epistola
3068 3779 3219 3835 hisce
3250 3781 3533 3851 conceptis

1958 3875 2139 3932 verbis
2170 3873 2415 3930 occurrit
2447 3872 2561 3945 (79)
2600 3892 2613 3929 :
2644 3872 2862 3929 Summo
2903 3873 3086 3945 quippe
3131 3872 3392 3926 sacerdoti
3437 3890 3537 3927 sua

1960 3967 2142 4022 munia
2181 3965 2379 4021 tributa
2419 3976 2577 4031 sunt;
2611 3974 2662 4019 et
2704 3964 3065 4020 sacerdotibus
3103 3967 3247 4018 locus
3289 3964 3532 4035 proprius

1959 4059 2261 4132 assignatus
2282 4068 2397 4123 est;
2437 4069 2486 4112 et
2546 4059 2718 4113 levitis
2757 4074 2857 4112 sua
2884 4058 3181 4112 ministeria
3210 4059 3535 4116 incumbunt.

1960 4183 2030 4193 -
2069 4150 2196 4208 Non
2228 4150 2438 4221 ubique,
2469 4150 2686 4219 fratres,
2717 4150 3009 4218 offeruntur
3055 4150 3323 4219 sacriﬁcia
3354 4150 3533 4221 jugia,

1961 4242 2038 4299 vel
2066 4258 2162 4314 pro
2192 4251 2405 4311 peccato
2431 4250 2481 4296 et
2513 4239 2727 4305 delicto,
2756 4239 2846 4294 sed
2879 4237 3263 4311 Hierosolymis
3286 4248 3491 4293 tantum
3516 4255 3535 4291 :

1965 4349 2127 4405 neque
2164 4332 2276 4387 illic
2305 4332 2361 4386 in
2389 4332 2570 4402 quovis
2604 4331 2719 4386 loco
2763 4331 2825 4403 ﬁt
2868 4329 3091 4396 oblatio,
3122 4330 3213 4387 sed
3253 4338 3374 4386 ante
3405 4340 3537 4385 tem-

1961 4424 2108 4494 plum
2136 4422 2205 4477 ad
2233 4420 2426 4489 altare,
2464 4424 2610 4492 prius
2662 4422 2807 4493 facta
2850 4438 2883 4476 a
2925 4439 3131 4478 summa
3171 4424 3443 4480 sacerdote
3486 4435 3539 4479 et

1964 4515 2231 4587 prtedictis
2260 4515 2543 4582 ministris,
2574 4513 2740 4570 oblati
2769 4515 3090 4585 inspectione
3116 4524 3165 4571 et
3208 4516 3540 4585 probatione.

1968 4609 2074 4678 Qui
2104 4626 2226 4679 ergo
2252 4617 2445 4678 prater
2468 4608 2523 4663 id
2546 4607 2685 4679 quod
2717 4608 2975 4663 voluntati
3000 4608 3113 4679 ejus
3135 4618 3541 4666 consentaneum

1962 4710 2062 4766 est,
2094 4700 2296 4773 aliquid
2346 4701 2570 4772 faciunt,
2612 4709 2779 4756 morte
2812 4701 3127 4757 multantur.
3159 4701 3347 4773 Neque
3388 4703 3543 4759 aliter

1964 4804 2100 4848 sane
2130 4790 2370 4861 loquitur
2397 4790 2670 4855 Clemens,
2700 4806 2764 4846 ac
2790 4788 2995 4849 Paulus
3027 4791 3095 4846 ad
3122 4790 3378 4849 Hebraeos
3400 4794 3542 4848 scri-

1967 4880 2130 4947 bens;
2160 4895 2322 4951 quem
2354 4882 2555 4952 ubique
2583 4880 2695 4937 fere
2722 4889 2966 4937 sectatur
2990 4879 3047 4937 S.
3067 4881 3249 4947 Pater,
3275 4882 3396 4953 ejus
3428 4900 3544 4938 συν-

1969 4972 2147 5044 εργός.
2199 4973 2258 5027 1η
2310 4987 2375 5028 ea
2431 4974 2575 5030 enim
2608 4972 2850 5044 Epistola
2884 4975 3132 5030 meminit
3169 4975 3467 5046 Apostolus
3495 4974 3542 5008 ”

2052 5356 2166 5426 (74)
2207 5356 2372 5428 Ibid.
2400 5372 2528 5428 (cap.
2560 5357 2613 5413 6.

2075 5422 2163 5495 75)
2203 5427 2349 5493 Orsi,
2384 5422 2549 5484 Ister.
2581 5427 2732 5492 eccl.,
2763 5438 2803 5482 t.
2834 5426 2876 5488 l,
2906 5440 2959 5495 p.
2992 5422 3117 5479 412.

2076 5496 2163 5568 76)
2202 5497 2399 5553 Annal.
2431 5498 2525 5555 lib.
2555 5515 2644 5563 xv,
2672 5514 2830 5568 capp.
2859 5496 3048 5551 41-44.

2075 5570 2162 5638 77)
2203 5570 2473 5638 Apologet.
2499 5585 2627 5638 (cap.
2656 5569 2709 5623 5.

2051 5585 2163 5710 (ll)
2203 5585 2473 5638 Apowgel.
2506 5585 2627 5693 cap.
2656 5585 2709 5623 ο.
2793 5635 2805 5648 .

2051 5640 2149 5718 (ξΙβΔ
2200 5634 2903 5718 Ενᾳςςειιεεὰοειιιηρριβιη
2945 5637 3051 5694 205
3093 5649 3247 5707 seqq.

2048 5709 2158 5785 (79)
2200 5709 2369 5779 Epist.
2403 5709 2453 5769 1.
2483 5722 2635 5777 capp.
2664 5709 2850 5764 4041.

3190 5800 3227 5859 ι
