4070 6340
587 302 681 355 10⁸7

1703 302 1792 356 AD
1835 302 1890 358 S.
1934 298 2352 359 CLEMENTEM
2392 301 2407 352 l
2448 298 2679 356 PAPth

3699 298 3799 352 108

580 416 875 486 pontiﬁcis,
906 417 999 486 qui
1036 418 1196 470 intrat
1246 418 1301 472 in
1352 426 1537 472 sancta
1574 434 1668 488 per
1698 420 1940 490 singulos
1972 432 2144 475 annos
2173 420 2219 478 Α
2248 414 2652 470 Corinthiorum
2682 416 2833 471 valde
2859 415 3140 481 emineret,
3165 416 3232 470 ab
3261 431 3327 471 eo
3358 412 3805 485 missusiRomam

580 509 635 561 in
664 509 927 579 sanguine
954 508 1131 562 alieno
1164 527 1177 562 :
1212 509 1455 563 meminit
1492 510 1617 563 item
1631 510 1673 541 ’⁸⁸
1704 510 2022 575 sacerdotis,
2047 510 2140 580 qui

577 608 771 668 praesto
800 607 876 655 est
917 599 1157 668 quotidie
1199 601 1528 664 ministrare,
1577 617 1639 656 ac
1672 601 1970 657 hostiarum
2006 616 2141 671 quas

579 693 954 749 indesinenter
986 693 1210 762 oﬂerunt
1243 693 1500 748 ministri.
1524 694 1655 760 Qua:
1682 694 1921 765 quidem,
1955 704 2012 749 ut
2037 695 2141 750 alia

576 786 633 841 in
663 785 906 841 eamdem
954 785 1276 841 sententiam
1309 785 1453 839 dicta
1488 788 1821 851 omittamus,
1853 803 1974 841 cum
2007 796 2142 842 tem-

577 893 708 947 pore
738 878 988 948 praesenti
1016 876 1156 947 apud
1178 876 1530 942 Clementem,
1563 878 1705 933 haud
1727 894 1887 935 secus
1913 894 1976 933 ac
2001 879 2141 949 apud

577 969 803 1024 Paulum
853 968 1166 1035 eﬂ‘erantur,
1205 969 1352 1027 ltunc
1398 969 1575 1024 adhuc
1613 970 1872 1038 templum
1902 969 2141 1033 stetisse,

576 1064 890 1132 cultumque
918 1060 1155 1131 viguisse
1184 1058 1469 1115 Judaicum
1500 1059 1733 1116 videtur.
1750 1060 1891 1127 Quin
1923 1071 1977 1116 et
2000 1078 2141 1115 non-

576 1158 704 1211 dum
736 1158 1037 1221 obsessam,
1070 1153 1163 1209 sed
1195 1163 1441 1224 pacatam
1492 1154 1673 1224 potius
1716 1154 1798 1209 vel
1828 1155 1999 1224 ipsam
2048 1170 2143 1208 ur-

576 1248 696 1301 bem
728 1245 1272 1316 Hicrosolymitanam
1302 1242 1641 1299 Clementina
1672 1245 1838 1299 verba
1864 1245 2145 1299 insinuare

574 1335 1015 1405 comperiuntur;
1048 1343 1139 1387 aut
1172 1332 1362 1388 saltem
1411 1347 1683 1386 rumorem
1717 1332 1783 1387 de
1813 1332 1959 1388 illius
1998 1333 2145 1386 obsi-

574 1427 736 1482 dione
763 1426 988 1480 Romam
1024 1424 1262 1479 nondum
1296 1423 1464 1478 fuisse
1496 1425 1762 1494 perlatum
1793 1424 1929 1479 satis
1964 1430 2145 1493 aperte

574 1521 871 1576 declarant.
914 1520 1070 1572 Anno
1125 1524 1303 1570 autem
1357 1515 1560 1571 Christi
1610 1516 1699 1578 68,
1730 1514 2098 1585 Vespasianus
2126 1554 2141 1579 ,

574 1614 848 1683 plerisque
867 1610 1064 1666 Iudaeae
1094 1610 1321 1665 urbibus
1348 1610 1649 1679 occupatis,
1682 1610 1856 1680 ipsam
1885 1608 2146 1666 Hieroso-

573 1704 840 1776 lymorum
896 1702 1236 1772 metropolim
1292 1700 1683 1757 circumsidere
1740 1702 1961 1757 molitus
2010 1711 2137 1758 est:

2239 509 2407 569 venit,
2432 524 2540 578 quo
2587 508 2688 563 sibi
2737 508 2857 563 diro
2891 508 3183 563 schismate
3214 508 3483 563 laboranti
3516 522 3672 578 opem
3699 508 3806 562 ἴθι-α

2241 608 2322 655 ret
2346 598 2589 654 Romana
2618 599 2881 654 Ecclesia.
2909 598 3113 655 Exinde
3140 615 3269 654 vero
3296 598 3545 654 eumdem
3571 600 3806 671 legatum

2241 691 2370 746 illuc
2402 707 2525 746 cum
2554 691 2787 763 epistola
2816 690 3067 746 Clemens
3099 692 3345 756 remittit,
3372 692 3720 762 postulatque
3751 698 3805 746 ut

2242 799 2365 838 cum
2396 784 2588 839 nuntio
2636 785 2940 840 concordize
2985 785 3131 839 inita:
3174 784 3322 839 brevi
3372 783 3441 838 ad
3488 800 3547 839 se
3598 784 3803 840 redeat.

2242 875 2374 942 Quis
2404 891 2566 945 porro
2598 876 2755 933 facile
2786 872 2886 933 sibi
2920 877 3263 947 persuadeat,
3298 885 3355 930 ut
3394 884 3669 945 praeeunte
3700 874 3808 929 Do-

2243 970 2438 1025 dwello
2465 970 2577 1042 (81)
2625 970 2803 1041 arguit
2833 970 2915 1024 vir
2942 969 3189 1025 eruditus
3227 966 3361 1038 (82),
3394 966 3645 1021 eumdem
3673 962 3809 1019 For—

2244 1069 2491 1115 tunatum
2523 1068 2645 1132 post
2674 1068 2885 1116 tantum
2929 1060 3189 1131 temporis
3240 1058 3602 1121 intervallum,
3632 1071 3809 1127 quan-

2250 1162 2364 1209 tum
2389 1156 2456 1209 ab
2504 1172 2647 1210 anno
2692 1156 2759 1211 57
2799 1155 2866 1211 ad
2898 1155 3055 1210 linem
3084 1154 3267 1235 saeculi
3298 1154 3541 1223 elapsum
3571 1160 3674 1215 est,
3707 1166 3810 1222 po-

2243 1248 2415 1304 tuisse
2445 1258 2537 1302 aut
2558 1250 2797 1305 voluisse
2819 1257 2975 1304 aetate
2988 1249 3106 1319 jam
3131 1247 3287 1303 valde
3307 1252 3647 1316 provectum,
3672 1246 3809 1301 adeo

2243 1340 2463 1412 longum
2496 1342 2599 1396 iter
2627 1341 2941 1412 suscipere?
2986 1342 3053 1394 At
3081 1340 3261 1395 omnia
3292 1339 3510 1394 demum
3558 1339 3662 1393 rite
3709 1355 3808 1395 co-

2244 1434 2449 1489 haerere
2504 1442 2827 1497 noscuntur,
2885 1433 2931 1488 si
2984 1432 3316 1488 Clementina
3373 1430 3601 1500 epistola
3658 1431 3808 1485 circa

2244 1540 2446 1580 annum
2501 1524 2706 1580 Christi
2755 1525 2824 1580 68
2874 1524 3076 1595 scripta
3110 1530 3417 1579 censeatur.
3456 1521 3644 1592 Neque
3699 1524 3809 1577 alia

2244 1617 2486 1689 profecto
2506 1618 2701 1674 desunt
2724 1626 3060 1688 argumenta,
3091 1614 3289 1685 quibus
3332 1614 3600 1669 sententia
3621 1613 3812 1669 isthmc

2245 1712 2416 1781 magis
2473 1711 2752 1781 magisque
2810 1709 3081 1775 ﬁrmetur;
3136 1721 3257 1777 qua:
3307 1713 3489 1761 tamen
3528 1705 3812 1762 brevitatis

562 1772 733 1866 quam
761 1794 957 1849 deinde
981 1793 1158 1857 Titus,
1189 1807 1218 1845 a
1248 1790 1587 1862 Vespasiano
1631 1801 1785 1863 patre
1827 1793 1894 1847 ad
1942 1808 2135 1850 conse-
2168 1772 2212 1827 Β
2241 1772 2371 1870 ει·ςῦ
2403 1772 3034 1870 consulto-praeterimus.

571 1887 848 1958 quendum
893 1887 1092 1942 bellum
1148 1886 1203 1939 in
1248 1883 1434 1939 Judma
1476 1886 1718 1949 relictus,
1750 1892 1873 1955 post
1903 1893 2137 1956 quatuor

571 1981 838 2036 mensium
874 1977 1207 2033 obsidionem
1239 1977 1294 2032 in
1328 1978 1585 2047 paschate
1628 1977 1959 2043 inchoatam,
1992 1992 2138 2033 anno

571 2074 784 2128 domum
817 2071 883 2126 70
916 2071 1058 2140 cepit
1089 2078 1251 2141 atque
1279 2085 1403 2124 cum
1433 2069 1633 2139 templo
1676 2070 1843 2124 diruit
1872 2088 1887 2127 :
1922 2078 1982 2123 ut
2010 2085 2137 2140 pro-

571 2161 696 2216 inde
725 2164 958 2232 priorem
996 2160 1062 2214 ad
1093 2159 1408 2215 Corinthios
1437 2158 1722 2229 epistolam
1755 2160 1902 2217 circa
1931 2174 2135 2215 annum

570 2256 638 2310 68
660 2255 942 2325 scripserit
973 2253 1029 2308 S.
1062 2253 1333 2310 Clemens.

639 2348 915 2405 Hactenus
945 2363 1075 2402 vero
1106 2349 1265 2403 dictis
1292 2363 1460 2403 unum
1491 2348 1669 2403 adhuc
1695 2347 1896 2405 addere
1938 2348 2131 2418 placet.

567 2443 854 2505 Nimirum,
898 2442 1001 2497 sub
1042 2441 1203 2496 linem
1250 2440 1497 2510 ejusdem
1547 2442 1789 2511 epistolae
1837 2440 1949 2511 (80)
1994 2442 2136 2495 inter

569 2533 792 2588 nuntios
814 2547 843 2587 a
868 2531 1143 2587 Clemente
1172 2530 1239 2586 ad
1259 2531 1554 2587 Ecclesiam
1577 2532 1983 2587 Corinthiacam
2003 2532 2137 2587 mis-

508 2617 514 2623 ’
567 2641 661 2680 sos
692 2618 1389 2687 recensetur'Fortunatus,
1422 2623 1651 2693 ipsemet
1690 2624 1779 2679 ille
1810 2632 1870 2677 ut
1898 2623 2130 2690 videtur,

566 2718 661 2786 qui
690 2717 896 2787 aliquot
924 2716 991 2771 ab
1021 2715 1148 2771 hinc
1176 2717 1335 2771 annis
1365 2715 1433 2771 ab
1462 2715 1654 2771 iisdem
1684 2715 1982 2771 Corinthiis
2010 2732 2134 2771 cum

570 2803 845 2875 Stcpliana
874 2812 927 2859 et
954 2803 1211 2868 Achaico,
1243 2803 1311 2859 ad
1341 2805 1565 2859 Paulum
1593 2803 1722 2859 dum
1751 2816 1933 2876 ageret
1958 2804 2135 2877 Ephe-

528 2928 543 2939 -
569 2897 637 2962 si,
665 2895 841 2949 fuerat
870 2895 1170 2965 ablegatus.
1200 2894 1331 2964 Ejus
1360 2911 1485 2951 cum
1515 2896 1675 2952 laude
1704 2898 1953 2953 meminit
1984 2899 2131 2970 Apo-

568 2989 741 3046 stolus
769 2988 825 3042 in
856 2988 1037 3059 priore
1076 2987 1142 3043 ad
1164 2987 1476 3050 Corinthios
1495 2991 1735 3061 Epistola
1755 2991 1824 3057 “,
1856 3007 1977 3063 qua:
2003 2992 2136 3048 scri-

568 3093 659 3155 pta
689 3082 861 3139 fertur
888 3084 1034 3139 circa
1063 3098 1266 3138 annum
1296 3080 1380 3137 57.
1415 3082 1517 3139 llic
1546 3084 1713 3155 igitur
1748 3100 1872 3142 cum
1902 3086 1955 3142 in
1985 3094 2133 3142 coetu

2147 3250 2219 3261 —

2311 1895 2387 1951 De
2432 1895 2693 1965 temporis
2744 1900 2923 1948 autem
2955 1892 3232 1948 notatione
3261 1908 3369 1963 quo
3404 1892 3610 1964 scripta
3642 1890 3813 1946 fuerit

2238 1982 2511 2053 posterior
2538 1981 2829 2038 Clementis
2858 1980 3110 2051 epistola,
3145 1980 3282 2035 nihil
3328 1979 3545 2052 quidem
3577 1979 3709 2036 certi
3740 1994 3812 2035 ex

2237 2089 2301 2128 ea
2351 2074 2547 2129 elicere
2593 2088 2907 2143 possumus,
2936 2087 3059 2126 cum
3090 2071 3280 2127 mutila
3319 2072 3387 2126 ad
3416 2088 3516 2128 nos
3546 2088 3811 2143 pervene-

2237 2163 2331 2228 rit,
2363 2163 2508 2218 unde
2551 2163 2680 2218 illud
2711 2169 3001 2219 statuatur.
3029 2160 3132 2228 Qui
3162 2178 3281 2217 eam
3312 2162 3578 2232 integram
3608 2162 3812 2232 legisse

2237 2262 2458 2324 putatur
2499 2253 2746 2320 Photius,
2781 2254 2834 2308 in
2888 2253 3008 2323 ejus
3052 2253 3370 2308 recensione
3418 2253 3622 2308 nullam
3674 2252 3810 2307 facit

2235 2346 2449 2402 dissidii
2477 2346 2809 2400 Corinthiaci
2841 2344 3200 2407 mentionem;
3240 2344 3333 2400 sed
3360 2345 3531 2416 ipsam
3565 2353 3813 2400 tantum-

2235 2436 2397 2491 modo
2442 2436 2820 2490 institutionem
2870 2445 2919 2489 et
2968 2434 3373 2490 admonitionem
3410 2438 3640 2491 melioris
3686 2439 3811 2492 vitae

2236 2527 2477 2582 inducere
2520 2527 2711 2583 scribit
2746 2527 2877 2597 (85).
2913 2524 3051 2580 Hinc
3088 2525 3244 2581 facile
3271 2528 3395 2598 quis
3426 2528 3665 2599 colligat,
3699 2527 3809 2584 Co-

2236 2620 2418 2673 rintho
2451 2617 2678 2672 Romam
2709 2617 2906 2671 reduce
2934 2615 3233 2673 Fortunato
3262 2634 3385 2674 cum
3436 2619 3559 2674 aliis
3606 2621 3803 2685 sociis,

2235 2712 2531 2767 schismate
2575 2710 2680 2769 iam
2712 2710 2926 2764 sublato
2964 2716 3018 2763 et
3065 2710 3235 2781 quieti
3267 2711 3498 2767 ecclesia
3525 2711 3617 2765 illa
3645 2714 3809 2766 resti-

2235 2814 2373 2871 tuta,
2406 2807 2543 2861 hanc
2591 2805 2787 2863 deinde
2832 2806 3003 2862 fuisse
3049 2820 3081 2859 a
3127 2804 3404 2860 Clemente
3443 2805 3806 2875 perscriptam

2236 2901 2541 2971 epistolam,
2573 2916 2716 2955 anno
2770 2899 2909 2955 forte
2954 2899 3272 2969 insequente
3303 2896 3392 2965 69,
3428 2913 3537 2971 quo
3568 2898 3624 2953 in
3668 2912 3809 2970 pace

2236 2994 2408 3066 magis
2439 2993 2618 3050 adhuc
2646 2993 2993 3049 firmarentur
3023 2990 3316 3048 Corinthii.
3605 3000 3614 3007 '

1847 3385 2267 3478 SECTIO
2346 3388 2481 3475 II.

1516 3583 1607 3638 DE
1644 3581 1922 3641 DUABUS
1959 3580 2319 3638 EPISTOLIS
2354 3582 2446 3637 AD
2486 3578 2829 3639 VIRGINES.

637 3896 705 3953 x.
744 3894 899 3950 Nunc
943 3900 1123 3950 autem
1172 3907 1350 3950 sermo
1395 3894 1761 3950 instituendus
1810 3892 1877 3949 de
1919 3894 2130 3949 duabus
2157 3899 2199 3957 C
2230 3891 2438 3947 editore
2478 3891 2702 3947 omnino
2745 3890 3144 3960 prtetermissis.
3174 3889 3314 3958 Quin
3359 3891 3544 3955 etiam,
3577 3899 3638 3945 ut
3667 3906 3803 3946 exao

568 3986 837 4058 epistolis,
869 3999 1005 4057 quas
1029 3984 1102 4038 De
1132 3984 1430 4055 virginitate
1459 4000 1554 4040 seu
1583 3984 1650 4038 ad
1672 3986 1893 4055 virgines
1912 3985 2132 4054 scripsit

570 4077 630 4135 S.
668 4079 939 4134 Clemens.
980 4076 1085 4131 Eas
1132 4076 1363 4147 primum
1400 4076 1668 4146 evulgavit
1694 4074 1943 4145 Lugduni
1971 4074 2133 4129 Bata-

568 4187 759 4227 vorum
788 4185 931 4225 anno
958 4170 1095 4226 1752
1119 4187 1150 4225 e
1175 4184 1278 4225 ms.
1310 4169 1497 4224 codice
1517 4167 1650 4223 Novi
1672 4167 2004 4224 Testamenti
2032 4166 2132 4239 Sy-

567 4264 724 4327 riaci,
759 4277 880 4317 cum
909 4263 1160 4317 versione
1202 4261 1416 4327 Latina,
1452 4260 1688 4319 Joannes
1714 4260 1951 4317 Iacobus
1980 4260 2133 4316 Wet-

569 4357 812 4422 steuius;
860 4361 1185 4424 exstantque
1233 4352 1302 4407 ad
1350 4355 1553 4409 calcem
1595 4353 1887 4410 voluminis
1915 4354 1959 4408 ll
1993 4352 2127 4411 Nov.

568 4447 718 4504 Test.
769 4445 967 4510 Graeci,
996 4446 1065 4501 ab
1109 4444 1299 4499 eodem
1348 4445 1491 4516 typis
1522 4441 2131 4501 Amstaelodamensihus

567 4538 778 4593 excusi.
810 4536 891 4591 Ad
938 4535 1214 4604 exemplar
1235 4532 1669 4590 Wetstenianum
1721 4542 1965 4590 nostram
2011 4534 2129 4589 edi-

569 4627 770 4682 tionem
795 4626 1094 4695 exegimus,
1130 4624 1245 4680 suis
1268 4624 1576 4695 quibusque
1595 4624 1732 4678 locis
1755 4638 1818 4679 ea
1841 4623 2132 4679 restituen-

566 4726 673 4782 tes,
706 4733 827 4788 quae
871 4717 1221 4772 doctissimus
1252 4715 1429 4771 editor
1458 4715 1856 4787 prolegomenis
1885 4714 2130 4785 subjecta

569 4812 688 4869 sive
732 4809 978 4866 addenda
1024 4810 1141 4865 sive
1178 4808 1517 4864 emendanda
1547 4816 1847 4864 monuerat.
1880 4806 1939 4863 ln
1979 4816 2131 4863 textu

566 4904 697 4960 item
729 4901 957 4974 Syriaco
987 4901 1255 4957 sectiones
1285 4917 1381 4957 seu
1420 4900 1597 4972 capita
1639 4900 2009 4967 distinximus,
2040 4916 2131 4956 or-

567 4997 751 5051 dinem
801 4995 976 5050 secuti
1018 5010 1179 5064 quem
1223 4994 1451 5064 ipsemet
1498 4994 1766 5063 interpres
1796 4993 1850 5048 in
1882 5010 1981 5049 sua
2010 5011 2131 5050 ver-

569 5090 724 5144 sione
758 5087 1104 5142 retinendum
1148 5086 1381 5141 censuit.
1411 5083 1591 5139 Sacrae
1633 5085 1926 5156 Scriptura:
1967 5087 2131 5142 verba

568 5194 801 5248 quorum
848 5177 991 5233 haud
1038 5191 1209 5248 pauca
1236 5172 1596 5232 Wetstenium
1628 5176 1895 5249 fugerant,
1937 5177 2131 5232 chara-

2232 3984 2371 4039 ctior
2401 3982 2577 4037 adhuc
2624 3982 2795 4038 editio
2838 3993 3027 4039 nostra
3077 3984 3337 4055 prodiret,
3367 3982 3800 4040 Wetstenianam

2231 4075 2346 4132 sive
2389 4076 2444 4130 in
2476 4083 2625 4131 textu
2656 4075 2770 4130 sive
2805 4075 2862 4129 in
2902 4076 3154 4132 versione
3197 4091 3227 4130 a
3262 4078 3419 4133 nobis
3461 4086 3681 4145 rogatus
3712 4092 3803 4131 re-

2231 4168 2448 4223 censuit
2496 4166 2561 4222 Β.
2590 4166 2651 4223 P.
2683 4165 2995 4221 Bonifacius
3036 4166 3234 4222 Finetti
3265 4167 3399 4223 0rd.
3430 4167 3682 4233 Praedia,
3715 4168 3804 4222 vir

2230 4258 2289 4313 in
2315 4258 2513 4329 linguis
2550 4259 2777 4314 exoticis
2802 4258 3113 4314 excolendis
3143 4259 3579 4316 studiosissimus
3599 4275 3618 4313 ι
3638 4258 3802 4329 cujus

2229 4351 2458 4423 proinde
2483 4350 2824 4420 conjecturas
2852 4352 2908 4405 in
2933 4350 3222 4406 lectionem
3251 4348 3531 4423 Syriacam
3555 4359 3607 4407 et
3630 4352 3804 4408 casti-

2229 4444 2478 4515 gationes
2501 4443 2557 4497 in
2594 4441 2879 4498 Wetstenii
2909 4443 3239 4505 versionem,
3273 4442 3447 4513 ipsius
3473 4445 3692 4499 nomine
3721 4445 3803 4500 si-

2230 4541 2422 4605 gnatas
2473 4534 2528 4588 in
2576 4532 2805 4588 limbum
2838 4533 3192 4605 conjecimus.
3220 4532 3356 4588 Cum
3402 4542 3579 4589 autem
3611 4535 3804 4591 hacin

2232 4626 2363 4681 urbe
2412 4626 2525 4698 typi
2575 4624 2783 4697 Syriaci
2827 4634 3095 4697 quotquot
3123 4634 3278 4682 erant
3319 4628 3613 4683 necessarii
3652 4628 3800 4684 haud

2231 4727 2429 4789 praesto
2458 4726 2663 4784 essent,
2685 4716 2969 4774 Patavium
2993 4720 3404 4786 contendimus;
3429 4721 3677 4790 votisque
3698 4736 3800 4775 no-

2231 4811 2362 4866 stris
2383 4811 2580 4881 quibus
2601 4811 2986 4881 expetebamus
3008 4820 3067 4865 ut
3089 4812 3289 4867 eaedem
3308 4813 3550 4882 epistolae
3574 4810 3800 4885 Syriaco

2231 4919 2294 4959 ac
2318 4904 2507 4961 Latine
2522 4906 2578 4960 in
2605 4905 2899 4960 seminario
2920 4904 3182 4959 Patavino
3205 4906 3625 4971 excuderentur,
3656 4909 3801 4964 emi-

2230 4997 2586 5053 nentissimus
2624 4995 2903 5067 princeps,
2959 5012 3105 5051 nunc
3157 5012 3287 5052 vero
3331 4996 3431 5053 SS.
3468 4997 3531 5052 D.
3576 4998 3641 5055 N.
3670 4998 3802 5056 Cle-

2232 5105 2386 5145 mens
2435 5086 2549 5142 Xlll
2596 5088 3005 5158 perhumaniter
3039 5089 3250 5144 annuit.
3283 5089 3660 5159 lmpressionis
3698 5106 3802 5146 cu-

2231 5194 2347 5232 ram
2397 5176 2497 5233 sibi
2549 5177 2791 5246 suscepit
2818 5177 2991 5232 libens
3016 5177 3281 5233 Antonius
3304 5177 3622 5247 Zanolinus,
3653 5182 3800 5237 cele-

568 5278 717 5323 ctere
760 5266 945 5325 Italico
993 5268 1347 5325 describenda
1376 5269 1709 5330 curavimus,
1740 5268 1876 5324 locis
1907 5268 2131 5340 insuper
2161 5265 2206 5321 D
2232 5271 2346 5325 bris
2372 5269 2675 5341 linguarum
2698 5268 3041 5323 orientalium
3066 5270 3121 5324 in
3142 5270 3331 5325 eodem
3353 5272 3647 5326 seminario
3665 5287 3802 5342 pro-

566 5358 638 5414 εει
662 5374 813 5414 oram
851 5360 1110 5417 indicatis
1140 5360 1283 5415 unde
1312 5359 1402 5413 illa
1430 5358 1733 5430 desumpsit
1763 5358 1820 5414 S.
1853 5359 2029 5427 Pater,
2062 5361 2130 5415 ab

640 5493 687 5527 ιδ
710 5493 873 5550 Hebr.
901 5511 957 5559 x,
987 5495 1041 5560 ὅ,
1070 5496 1156 5550 ll.
1231 5496 1274 5526 "
1307 5493 1471 5551 lCor.
1496 5509 1605 5558 xvi,
1639 5492 1725 5560 15,
1757 5498 1845 5553 l7.

640 5629 754 5701 (80)
792 5601 961 5699 Epist.
994 5633 1044 5695 l,
1067 5648 1187 5701 cap.
1216 5633 1305 5689 68.

635 5699 749 5771 (81)
784 5700 968 5757 Addit.
1000 5703 1069 5755 ad
1102 5699 1284 5759 I’cars.
1308 5703 1471 5783 0mm~
1497 5713 1617 5773 post
1662 5718 1715 5773 ι).
1740 5701 1866 5758 221.

2234 5360 2410 5417 fessor
2442 5379 2455 5415 :
2487 5360 2683 5431 quibus
2728 5359 2944 5429 quidem
2998 5360 3312 5417 nominibus
3360 5360 3665 5418 duumviris
3695 5363 3800 5419 do-

2307 5629 2419 5771 (82)
2458 5629 2638 5700 Frey.,
2666 5638 2777 5685 not.
2808 5629 2875 5682 ad
2906 5646 3023 5700 cap.
3052 5630 3086 5685 2
3115 5632 3277 5701 epist.
3318 5632 3343 5689 1
3378 5627 3797 5705 Clem.,p.HB.

2307 5702 2397 5771 (85
2458 5700 2596 5756 Bibl.
2630 5702 2751 5757 cod.
2773 5712 2949 5754 cxxvi.

2306 5700 2417 5773 (83)
2458 5700 2596 5756 Bibl.
2630 5702 2751 5757 cod.
2773 5712 2949 5754 cxxvi.
