4070 6340
271 350 377 405 109

1499 336 1838 394 ΡιιοοΕΜιΑ
1880 334 2266 394 νΑιιιοιιυΜ.

3402 347 3502 401 110

2488 408 2513 429 ﬁ

264 467 392 527 etis,
422 463 479 517 in
528 461 724 533 primis
769 467 951 516 autem
995 458 1344 516 sanctissimo
1385 456 1533 511 Patri
1584 454 1831 509 Pontiﬁci
1866 452 1911 507 Α
1938 466 2085 505 mum
2120 462 2459 509 assectamur
2492 475 2503 509 :
2540 470 2601 510 ea
2645 464 2823 513 tamen
2864 458 3107 526 ratione,
3138 469 3197 517 ut
3242 466 3499 520 nonnulla

259 554 503 610 κειιίωο
525 553 895 623 nosmetipsos
941 565 1285 622 summopere
1338 549 1629 605 obstrictos
1659 546 1835 617 palam

263 647 605 719 proﬁtemur.

337 739 425 795 XI.
463 737 585 793 iam
624 752 757 793 vero
787 735 1221 807 disquirendum,
1270 751 1400 789 num
1448 734 1666 790 demum
1714 732 1836 788 Cle-

262 832 432 887 menti
462 830 714 885 Romano
744 837 975 899 utraque
1002 829 1232 899 epistola
1264 828 1387 897 jure
1420 828 1491 882 sit
1521 825 1836 881 adscriben-

260 924 350 979 da.
382 923 491 978 Eas
522 924 801 979 enimvero
845 923 991 977 velut
1054 922 1299 976 sinceros
1346 918 1643 976 Clementis
1693 917 1835 974 fetus

260 1016 487 1086 agnovit
536 1016 610 1070 cl.
643 1015 842 1078 editor,
879 1029 943 1069 ac
978 1028 1078 1085 pro
1115 1014 1325 1068 viribus
1366 1012 1539 1068 eidem
1590 1025 1835 1065 asserere

262 1123 557 1179 aggressus
589 1118 693 1164 est.
728 1107 928 1163 Verum
954 1108 1092 1164 duos
1120 1123 1231 1177 prae
1260 1107 1471 1163 caeteris
1516 1106 1662 1162 viros
1689 1106 1833 1161 haud

261 1200 569 1255 incelebres
600 1208 795 1254 nactus
821 1207 904 1254 est
929 1199 1269 1255 adversarios
1302 1218 1317 1255 :
1353 1200 1584 1254 alterum
1615 1198 1833 1268 quidem

262 1290 653 1346 Nathanaelem
699 1289 1054 1353 Lardnerum,
1078 1291 1170 1361 qui
1218 1307 1361 1345 anno
1390 1292 1526 1346 1755
1568 1292 1831 1347 disserta-

262 1385 466 1438 tionem
500 1384 569 1438 70
600 1385 921 1454 paginarum
944 1383 1079 1437 in-8°
1104 1382 1330 1453 Anglice
1359 1383 1590 1438 Londini
1622 1384 1829 1452 edidit;

262 1478 624 1547 pluribusque
652 1477 707 1530 in
736 1476 1066 1531 contrariam
1112 1477 1432 1531 sententiam
1472 1475 1741 1542 adductis,
1778 1477 1834 1531 in

262 1584 377 1624 eam
429 1569 651 1624 tandem
701 1569 1084 1639 cogitationem
1128 1569 1377 1632 devenit,
1429 1568 1527 1624 has
1573 1570 1833 1624 nimirum

262 1662 525 1731 epistolas
569 1662 715 1715 circa
762 1660 1000 1716 medium
1033 1660 1218 1716 saaculi
1246 1676 1306 1715 ιιι
1339 1662 1405 1715 ab
1434 1661 1692 1731 episcopo
1731 1660 1834 1716 Ec-

264 1751 442 1806 clesia:
493 1749 781 1804 orientalis
827 1749 997 1805 fuisse
1043 1750 1517 1820 perscriptas(84)
1553 1769 1568 1805 :
1602 1751 1830 1806 alterum

263 1856 387 1895 vero
446 1839 817 1896 Hermannum
858 1839 1114 1904 Venema,
1168 1842 1260 1911 qui
1315 1857 1458 1896 anno
1515 1839 1876 1911 insequente:

265 1936 419 1997 1754,
458 1934 734 2005 Harlinga:
766 1935 1002 2005 vulgatis
1051 1936 1225 1990 tribus
1273 1936 1545 2005 epistolis,
1577 1934 1688 1991 νγ.
1724 1935 1829 1991 CC.

262 2027 648 2097 Wesselingio,
696 2027 1110 2083 Hemsterhusio
1137 2036 1192 2083 et
1216 2028 1609 2100 Cannegietero
1638 2028 1836 2083 inscri-

263 2118 395 2188 ptis,
448 2118 662 2173 easdem
722 2116 984 2188 epistolas
1032 2117 1406 2173 Clementinas
1460 2117 1834 2188 supposititias

263 2225 395 2265 esse
419 2210 566 2262 omni
588 2208 765 2264 studio
787 2208 1067 2263 contendit
1093 2209 1344 2263 evincere
1372 2228 1384 2263 :
1412 2209 1467 2263 in
1493 2208 1562 2263 iis
1582 2210 1727 2263 enim
1752 2208 1836 2262 in-

265 2309 349 2354 ter
381 2301 491 2353 alia
512 2299 820 2369 Hieronymi
839 2299 1037 2369 stylum
1054 2300 1158 2355 sibi
1178 2300 1485 2355 suboluisse
1503 2298 1679 2353 innuit
1697 2300 1830 2370 (85);

261 2400 317 2448 et
360 2393 611 2463 quamvis
640 2394 707 2448 de
732 2402 957 2449 auctore
987 2410 1050 2448 ac
1072 2404 1312 2465 tempore
1340 2410 1448 2465 quo
1476 2396 1672 2449 vixerit
1700 2396 1835 2450 nihil

262 2483 506 2545 deﬁniat,
532 2499 657 2538 eum
705 2492 885 2539 tamen
926 2483 1096 2541 fuisse
1125 2486 1461 2550 orientalem,
1494 2501 1604 2539 non
1635 2484 1835 2539 Roma-

263 2591 411 2637 num,
447 2586 503 2629 et
547 2575 781 2645 Origene
826 2592 1045 2647 quoque
1085 2578 1439 2648 posteriorem
1485 2576 1666 2647 arguit
1696 2576 1831 2648 (86).

262 2664 492 2737 Utrique
541 2670 729 2723 statim
780 2670 1063 2739 respondit
1108 2668 1444 2726 Wetstenius
1470 2709 1486 2733 ,
1528 2671 1835 2739 iterumque

262 2773 396 2827 quas
424 2760 603 2813 edidit
624 2761 905 2829 epistolas,
926 2761 1101 2831 magis
1132 2763 1411 2833 magisque
1435 2763 1699 2818 Clementi
1723 2762 1833 2817 Ro-

263 2863 423 2903 mano
451 2850 758 2905 vindicavit
788 2869 801 2904 :
829 2851 1109 2909 Lardnero
1136 2854 1355 2924 quidem
1385 2855 1438 2909 in
1468 2854 1651 2911 Diario
1691 2856 1835 2910 litte-

264 2944 408 2995 rario
441 2939 654 3009 Gallice
682 2944 948 3014 inscripto
997 2945 1355 3017 Bibliotheque
1384 2947 1654 3001 raisonnée
1683 2946 1831 3019 (87):

269 3029 519 3087 Venemae
550 3041 753 3097 autem,
786 3034 1016 3104 epistola
1041 3050 1106 3090 eo
1126 3036 1244 3105 ipso
1268 3052 1410 3090 anno
1438 3036 1575 3091 1754
1601 3035 1831 3092 Amstae-

1938 544 2227 615 utrobique
2263 562 2294 601 a
2329 547 2487 602 nobis
2518 547 2573 602 in
2601 549 2837 604 medium
2867 552 3234 621 proferantur,
3261 554 3502 613 Wetste-

1938 635 2030 689 nio
2074 639 2468 707 praetermissa;
2501 654 2674 710 eaque
2720 641 2772 694 in
2820 643 3009 711 primis
3039 662 3160 715 quae
3212 662 3278 701 ex
3308 649 3502 704 harum

1935 728 2285 797 epistolarum
2342 731 2589 785 instituta
2625 733 2915 789 collatione
2963 752 3086 790 cum
3117 739 3330 796 duabus
3370 741 3501 795 reli-
3588 728 3593 733 ’

1934 819 2059 887 quis
2088 820 2494 887 Corinthiacis,
2551 823 2619 878 ad
2654 840 2767 880 rem
2814 828 2987 897 magis
3030 833 3301 899 pertinere
3344 834 3503 890 nobis

1935 914 2048 967 visa
2079 921 2225 967 sunt.

2007 1004 2185 1061 Testis
2234 1007 2416 1077 itaque
2475 1009 2749 1081 antiquior
2820 1011 3189 1084 Epiphanius,
3236 1020 3329 1089 qui
3401 1021 3500 1075 ad-

1934 1112 2128 1154 versus
2166 1099 2452 1158 Ebionzeos
2507 1103 2623 1158 hazc
2673 1105 2834 1161 habet
2896 1108 3032 1179 (87')
3072 1127 3088 1165 :
3128 1111 3299 1178 Αὐτὸς
3354 1116 3506 1188 Κλή-

1941 1206 2047 1260 μης
2089 1191 2287 1256 αὐτοὺς
2330 1193 2471 1247 κατὰ
2511 1194 2688 1249 πάντα
2755 1197 2963 1269 ἐλέγχει
3019 1200 3111 1270 ἀφ’
3151 1197 3225 1256 ὧν
3268 1204 3506 1278 ἔγραψεν

1932 1281 2229 1336 ἐπιστολῶν
2294 1285 2617 1353 ἐγκυκλίων,
2692 1288 2799 1341 τῶν
2875 1292 2934 1343 ὲν
3009 1296 3129 1357 ταῖς
3182 1296 3366 1363 ἁγίαις
3416 1300 3505 1353 ὲκ-

1934 1371 2183 1443 κλησίαις
2235 1376 2790 1450 ἀναγινωσκομένων·
2824 1382 2905 1435 ὅτι
2953 1383 3111 1438 ἄλλον
3159 1386 3269 1458 ἔχει
3301 1408 3505 1462 χαρακ-

1933 1464 2076 1537 τῆρα
2103 1469 2134 1536 ἡ
2168 1467 2361 1521 ἑαυτοῦ
2398 1470 2579 1534 πίστις
2605 1473 2698 1525 καὶ
2724 1474 2751 1525 ὀ
2770 1473 2947 1543 λόγος,
2979 1478 3129 1549 παρὰ
3158 1478 3225 1532 τὰ
3255 1482 3360 1534 ὑπὸ
3387 1485 3506 1538 τού-

1932 1572 2039 1608 των
2066 1559 2144 1620 εὶς
2171 1557 2340 1629 ὄνομα
2371 1560 2536 1614 αὑτοῦ
2569 1564 2626 1615 ἐν
2656 1568 2776 1628 ταῖς
2804 1565 3101 1636 Περιόδοις
3124 1572 3499 1645 νενοθευμένα.

1938 1644 2110 1709 Αὐτὸς
2136 1648 2244 1720 γὰρ
2290 1651 2587 1721 παρθενίαν
2617 1654 2873 1720 διδάσκει,
2910 1662 3003 1713 καὶ
3043 1664 3197 1716 αὐτοὶ
3229 1666 3289 1718 οὐ
3321 1644 3502 1739 δέχον-

1862 1792 1906 1847 B
1933 1753 2039 1847 :at'
2070 1739 2231 1847 pars;
2274 1740 2381 1812 γὰρ
2422 1743 2751 1815 ἐγκωμιάζει
2801 1749 3003 1815 Ἠλίαν,
3026 1753 3119 1805 καὶ
3167 1756 3363 1822 Δαὸὶδ,
3409 1763 3503 1814 καὶ

1934 1828 2190 1922 Σαμψὼν,
2221 1834 2313 1886 καὶ
2343 1836 2551 1901 πάντας
2577 1841 2704 1903 τοὺς
2759 1844 3063 1915 προφήτας,
3097 1846 3191 1910 οὒς
3219 1841 3363 1904 οὗτοι
3395 1852 3502 1922 βδε-

1931 1919 2229 1977 λύττονται.
2273 1924 2328 1979 Id
2388 1935 2511 1983 est:
2550 1949 2568 1981 ι
2599 1930 2851 1990 Clemens
2905 1937 3018 2006 ipse
3070 1942 3322 1997 omnibus
3378 1919 3500 2000 illos

1934 2010 2264 2085 (Ebionzeos)
2316 2019 2492 2074 modis
2532 2021 2810 2093 redarguit
2855 2026 2922 2082 iis
2966 2031 3213 2098 epistolis
3261 2035 3501 2091 circula-

1934 2100 2108 2166 ribus,
2137 2119 2260 2174 quae
2300 2105 2354 2159 in
2385 2112 2754 2167 sacrosanctis
2799 2116 3046 2173 ecclesiis
3092 2120 3346 2190 leguntur
3380 2144 3394 2186 ;
3432 2142 3498 2181 ex

1934 2191 2133 2260 quibus
2164 2203 2401 2263 constat,
2433 2198 2590 2269 longe
2620 2200 2688 2254 ab
2725 2201 2791 2257 iis
2814 2220 2935 2273 quae
2966 2207 3039 2274 in.
3066 2209 3379 2268 Circuitibus
3432 2216 3499 2269 il-

1935 2282 2003 2338 lis
2047 2284 2277 2357 (Petri)
2314 2288 2416 2342 sub
2464 2289 2585 2359 ejus
2626 2294 2846 2349 nomine
2890 2297 3193 2354 adulterina
3244 2315 3497 2371 exstant,

1935 2374 2083 2430 illius
2119 2376 2275 2432 ﬁdem
2309 2394 2372 2434 ac
2404 2396 2709 2438 sermonem
2742 2385 3114 2446 abhorruisse.
3142 2390 3352 2449 Etenim
3383 2394 3502 2450 Vir-

1933 2465 2217 2537 ginitatem
2245 2469 2360 2534 ipse
2390 2470 2704 2545 (Clemens)
2734 2476 2963 2547 edocet;
3000 2490 3054 2536 et
3084 2482 3170 2537 isti
3198 2484 3499 2561 (Ebionzei)

1934 2561 2226 2630 repudiant
2253 2577 2265 2613 :
2314 2563 2404 2617 ille
2433 2563 2628 2629 Ellam,
2659 2566 2916 2626 Davidem
2945 2585 2997 2628 et
3030 2574 3348 2634 Samsonem
3380 2598 3501 2641 orni

1933 2666 2139 2722 nesque
2183 2655 2475 2724 prophetas
2519 2662 2900 2730 commendat;
2950 2682 3087 2737 quos
3124 2669 3177 2723 hi
3225 2672 3503 2731 detestan-

1934 2750 2042 2797 tur.
2080 2763 2099 2796 ι
2158 2743 2290 2810 Qum
2342 2747 2587 2816 profecto
2645 2749 3015 2822 Epiphaniana
3072 2759 3285 2818 duabus
3348 2765 3500 2821 hisce

1936 2832 2291 2891 Clementinis
2323 2838 2571 2907 epistolis
2614 2842 2813 2895 mirum
2848 2844 2903 2898 in
2932 2848 3152 2903 modum
3198 2866 3501 2925 congruere

1934 2936 2259 2983 noscuntur.
2292 2928 2536 2985 Primum
2564 2932 2747 3004 itaque
2779 2935 2832 2990 in
2867 2937 2955 3002 iis,
2990 2938 3293 3011 Epiphanio
3323 2955 3459 3003 teste
3481 2990 3497 3014 ,

1936 3016 1992 3074 S.
2071 3018 2323 3077 Clemens
2389 3024 2743 3094 virginitatem
2801 3029 2977 3085 edocet
3030 3049 3053 3087 .·
3106 3033 3298 3089 harum
3351 3040 3495 3094 enim

264 3120 675 3179 ιοάαωεηείδυε
709 3127 850 3195 typis
878 3125 1217 3198 consignata,
1250 3142 1412 3197 quam
1455 3129 1698 3196 epistola,
1726 3127 1833 3184 ve-
1856 3123 1901 3181 ο
1934 3110 2284 3180 epistolarum
2314 3129 2440 3184 pars
2471 3117 2716 3177 minima,
2752 3127 2809 3173 ut
2836 3130 2981 3177 recte
3011 3124 3499 3184 adv'ertithtstc-

263 3215 534 3270 nemianaa
588 3219 862 3287 opposuit.
901 3217 1117 3273 Utinam
1164 3233 1294 3273 vero
1348 3219 1562 3274 duabus
1615 3233 1832 3290 quoque

265 3310 492 3378 reliquis
517 3311 851 3380 respondere
877 3312 1138 3367 valuisset
1167 3312 1248 3365 vir
1276 3311 1502 3367 doctus!
1539 3312 1608 3365 At
1646 3310 1832 3367 lethali

266 3403 460 3457 morbo
503 3403 867 3459 decumbebat
893 3404 1252 3469 Wetstenius,
1279 3407 1407 3462 dum
1438 3407 1669 3477 primam
1698 3421 1829 3462 exa-

268 3496 401 3550 ravit
438 3496 730 3566 epistolam
781 3516 815 3554 v
860 3498 979 3552 Kal.
1026 3498 1204 3552 Martii
1236 3500 1375 3554 1754
1405 3514 1700 3568 menseque
1745 3514 1834 3553 se-

263 3594 469 3655 quente
516 3587 660 3641 diem
714 3603 1025 3658 supremum
1058 3589 1194 3643 obiit
1222 3604 1275 3642 ix
1307 3588 1424 3643 Kal.
1459 3587 1683 3658 Aprilis,
1733 3602 1833 3641 an-

264 3692 388 3730 num
421 3692 597 3747 agens
628 3692 740 3731 ut.
774 3675 904 3742 Quae
931 3692 1062 3731 vero
1107 3676 1371 3731 hactenus
1402 3675 1652 3731 recensui
1699 3690 1834 3746 Opu-

264 3771 437 3834 scula,
468 3784 535 3823 ea
568 3770 713 3824 dono
763 3769 950 3840 accepi
982 3769 1050 3823 ab
1077 3769 1449 3826 eruditissimo
1475 3767 1683 3824 Iacobo
1709 3767 1834 3823 Kri-

263 3864 470 3933 ghont;
512 3865 606 3933 qui
639 3862 781 3919 datis
815 3878 1033 3933 quoque
1065 3862 1477 3919 humanissimis
1504 3862 1697 3917 litteris
1724 3878 1833 3917 una

264 3970 385 4008 cum
426 3970 689 4010 sermone
720 3953 955 4016 funebri,
980 3969 1139 4024 quem
1174 3954 1401 4024 ipsemet
1432 3953 1622 4007 habuit
1647 3952 1701 4009 in
1734 3953 1832 4008 ob-

266 4044 397 4098 itum
428 4044 643 4099 laudati
662 4044 948 4101 Wetstenii
972 4045 1279 4101 decessoris
1302 4045 1407 4108 sui,
1437 4059 1666 4099 munera
1696 4044 1831 4098 mihi

272 4148 520 4203 pergrata
576 4137 724 4207 large
772 4138 1069 4191 cumulavit
1096 4155 1110 4191 :
1140 4152 1250 4206 quo
1283 4136 1505 4193 nomine
1534 4137 1667 4191 mihi
1697 4146 1828 4192 tem-

266 4242 458 4298 perare
489 4228 635 4282 haud
672 4244 918 4297 possum,
950 4230 1081 4298 quin
1124 4227 1192 4284 V.
1235 4228 1298 4284 C.
1347 4230 1656 4284 comitatem
1698 4230 1834 4285 adeo

264 4314 602 4384 singularem
634 4331 800 4386 quam
829 4318 1062 4372 maxime
1091 4325 1344 4372 testatam
1371 4317 1590 4374 faciam.

331 4404 537 4461 Verum
594 4417 649 4461 ut
691 4407 759 4462 ad
800 4423 911 4463 rem
960 4410 1185 4479 propius
1232 4410 1587 4475 accedamus,
1636 4410 1829 4465 harum

264 4497 618 4564 epistolarum
645 4505 923 4552 auctorem
953 4497 1123 4553 fuisse
1145 4498 1475 4554 Clementem
1504 4498 1829 4565 Romanum,

265 4587 470 4658 duplici
502 4598 949 4658 argumentorum
980 4605 1178 4660 genere
1212 4590 1696 4645 demonstrandum
1737 4606 1834 4646 su-

262 4684 549 4753 scipimus.
603 4682 850 4737 Primum
896 4685 1113 4754 quidem
1162 4684 1400 4754 petimus
1445 4684 1513 4739 ab
1558 4685 1788 4739 externis
1816 4725 1832 4749 ,

257 4776 375 4831 sive
433 4776 791 4845 antiquorum
857 4777 1187 4846 scriptorum
1248 4776 1579 4831 testimoniis
1634 4776 1832 4846 quibus

260 4870 383 4924 illas
414 4867 592 4922 fuisse
626 4882 657 4920 a
685 4865 963 4922 Clemente
996 4867 1332 4937 perscriptas
1376 4867 1671 4930 astruitur,
1718 4866 1833 4921 sive

259 4964 484 5022 Patrum
516 4966 1009 5022 vetustissimorum
1058 4964 1315 5033 Oper-ibus
1342 4963 1487 5018 unde
1531 4962 1599 5018 ab
1638 4962 1833 5019 iisdem

263 5075 356 5115 eas
398 5058 578 5113 fuisse
621 5058 887 5127 periectas
926 5055 1222 5125 colligitur.
1263 5054 1505 5110 Alterum
1541 5070 1692 5119 vero,
1743 5056 1831 5109 in-

268 5161 473 5205 ternum
527 5150 763 5213 scilicet,
799 5164 866 5203 ex
894 5148 1028 5219 ipsis
1054 5148 1303 5218 epistolis
1334 5147 1623 5202 sumimus.
1655 5145 1715 5202 In
1741 5147 1832 5214 his

266 5254 447 5299 autem
475 5242 813 5313 argumentis
861 5240 1170 5311 digerendis
1212 5237 1573 5295 Wetstenium
1611 5239 1834 5310 potissi-

336 5378 448 5443 (84)
487 5376 751 5439 Lardner,
782 5376 820 5429 Α
855 5374 1194 5430 dissertation
1217 5389 1353 5442 upon
1378 5373 1457 5425 the
1487 5382 1584 5425 two
1604 5371 1828 5439 Epistles

270 5450 504 5503 ascribed
569 5458 619 5501 to
650 5447 882 5501 Clement
910 5446 968 5507 of
992 5444 1171 5506 Rome,
1196 5460 1250 5514 p.
1285 5445 1373 5508 57,
1404 5444 1492 5508 54,
1527 5444 1615 5498 57.

330 5520 442 5587 (85)
491 5517 668 5587 Epist.
696 5517 750 5579 2,
786 5516 925 5657 ἓΞῚ,
959 5532 1012 5587 p.
1047 5516 1133 5569 89.

337 5590 448 5657 (86)
490 5589 669 5657 Epist.
700 5588 755 5650 5,
846 5587 909 5640 16
933 5602 1110 5656 seqq.,

337 5583 448 5660 (86)
490 5583 669 5658 Epist.
688 5588 755 5660 _3,
790 5583 816 5657 ξ
846 5587 909 5640 16
933 5583 1110 5656 seqq.,
1141 5601 1194 5655 p.
1213 5583 1351 5660 _129.

337 5591 426 5660 (86
490 5591 669 5658 Epist.
700 5591 755 5650 5,
790 5591 816 5657 §
846 5591 909 5640 16
933 5602 1110 5656 seqq.,
1141 5601 1194 5655 p.
1230 5591 1351 5640 129.

336 5591 451 5785 (δῂ
486 5660 646 5713 Tom.
688 5657 752 5718 L,
797 5664 935 5727 part.
964 5673 1026 5739 ιι.
1070 5666 1172 5710 art.
1206 5656 1260 5720 8,
1301 5672 1354 5726 p.
1401 5653 1506 5709 56⁸5
1534 5662 1587 5707 et
1615 5655 1758 5712 suiv.

339 5731 393 5785 l8
457 5732 473 5785 l
518 5728 665 5784 Her.
689 5744 818 5785 xxx.
851 5727 881 5785 ἃ
910 5724 1153 5785 15.Οι)ι›.
1179 5735 1310 5783 tom.
1348 5727 1385 5785 Ι.
1413 5725 1611 5785 p.159.

339 5724 473 5803 (81‘)
518 5728 665 5784 Her.
689 5724 818 5793 xxx,
851 5727 881 5802 ᾗ
910 5728 999 5799 15,
1016 5724 1153 5799 Opp.
1179 5724 1315 5783 tom.
1348 5727 1385 5791 l,
1413 5743 1466 5798 p.
1491 5725 1611 5780 159.

1935 3202 2059 3260 nius
2100 3206 2214 3278 (88)
2238 3250 2253 3274 ,
2286 3208 2339 3262 in
2369 3211 2675 3266 cxtollenda
2703 3213 2923 3282 quidem
2957 3216 3268 3286 virginitate
3316 3237 3504 3277 versa-

1931 3306 2059 3368 tur;
2088 3307 2143 3354 at
2169 3302 2326 3373 longe
2353 3304 2610 3369 maxima,
2650 3304 2759 3359 imo
2803 3313 2915 3361 tota
2962 3312 3192 3379 epistola
3222 3316 3459 3369 secunda
3483 3356 3500 3380 ,

1932 3392 1988 3445 in
2021 3392 2325 3464 virginibus
2358 3393 2517 3448 ollicii
2550 3396 2908 3453 admonendis
2952 3410 3273 3471 occupatur,
3304 3422 3397 3460 seu
3430 3407 3499 3461 de

1931 3484 2245 3554 virginitate
2296 3485 2383 3554 pie
2432 3500 2496 3538 ac
2546 3487 2649 3541 rite
2698 3488 2961 3543 servanda
3016 3501 3312 3560 pertractat
3361 3516 3374 3550 :
3438 3506 3500 3550 ut

1932 3583 2220 3645 propterea
2296 3575 2354 3631 S.
2418 3573 2579 3631 Pater
2623 3577 2678 3631 in
2718 3578 2803 3633 his
2851 3581 3097 3650 epistolis
3144 3585 3498 3654 virginitatem

1933 3667 2114 3737 potius
2156 3666 2402 3734 edocere,
2446 3684 2607 3739 quam
2650 3671 3050 3737 commendare,
3087 3672 3211 3743 jure
3255 3677 3324 3733 ab
3364 3677 3499 3749 Epi-

1933 3760 2134 3831 phanio
2161 3762 2396 3817 dicatur.

2002 3854 2120 3908 Jam
2152 3862 2347 3909 caetera
2374 3870 2790 3926 prosequamur.
2838 3856 3037 3924 Eliam,
3072 3861 3269 3932 inquit,
3312 3865 3499 3918 laudat

1934 3946 2191 4003 Clemens.
2228 3947 2292 4001 Et
2321 3950 2539 4019 quidem
2572 3950 2657 4005 his
2686 3951 2868 4007 verbis
2942 3952 3055 4024 (89)
3100 3970 3113 4008 :
3161 3946 3313 4011 Qerte
3338 3960 3501 4013 etiam

1934 4037 2071 4093 Elia:
2099 4048 2148 4092 et
2179 4038 2345 4092 Elisa:
2364 4078 2379 4102 ,
2405 4048 2453 4093 et
2482 4041 2767 4094 multorum
2815 4042 3043 4098 aliorum
3083 4058 3385 4103 sanctorum
3418 4067 3502 4104 re-

1932 4134 2160 4202 perimus
2202 4133 2644 4185 conversationem
2674 4132 2837 4200 fuisse
2875 4145 3115 4190 sanctam
3147 4147 3196 4191 et
3236 4140 3349 4193 sine
3379 4158 3496 4195 ma-

1937 4224 2077 4280 cula.
2119 4224 2253 4279 Tum
2280 4239 2433 4291 vero,
2467 4224 2565 4287 ait,
2599 4223 2853 4278 Davidem
2883 4228 3234 4282 commendat.
3266 4229 3324 4285 Id
3360 4247 3498 4301 quo-

1932 4335 2039 4390 que
2070 4318 2149 4373 sic
2183 4318 2483 4388 praestitum
2511 4332 2541 4371 a
2590 4316 2867 4374 Clemente
2911 4318 3023 4391 (90)
3061 4340 3073 4375 :
3120 4320 3309 4376 Nonne
3350 4322 3499 4379 docet

1937 4418 1983 4465 te
2013 4409 2143 4463 illud
2178 4408 2435 4471 Davidis,
2484 4424 2634 4478 quem
2670 4408 2863 4462 invenit
2910 4408 3050 4463 Deus
3097 4410 3267 4464 virum
3312 4429 3500 4466 secun-

1935 4502 2061 4555 dum
2090 4519 2179 4555 cor
2206 4519 2381 4565 suum,
2411 4501 2670 4555 hominem
2716 4502 2921 4572 ﬁdelem
2946 4543 2960 4567 ,
2998 4505 3283 4572 perfectum
3306 4550 3317 4569 ,
3370 4524 3497 4561 san-

1936 4603 2097 4657 ctum,
2130 4595 2336 4647 verum?
2366 4592 2564 4647 Deinde
2611 4592 2923 4649 Samsonem
2952 4596 3174 4662 extollit,
3208 4598 3491 4669 subjungit

1934 4684 2289 4756 Epiphanius.
2342 4684 2420 4739 En
2468 4685 2864 4740 Clementinum
2909 4686 3086 4740 locum
3134 4687 3245 4758 (91)
3298 4708 3311 4744 :
3373 4689 3496 4745 Non

1936 4778 2189 4832 audivisti
2230 4777 2292 4830 de
2325 4774 2577 4831 Samsone
2612 4774 2885 4841 Nazirazo,
2909 4792 3027 4830 cum
3057 4794 3157 4847 quo
3196 4778 3295 4847 fuit
3328 4778 3498 4849 Spiri-

1936 4878 2021 4921 tus
2049 4867 2177 4932 Dei,
2210 4868 2320 4921 uiro
2349 4867 2516 4936 forti?
2548 4865 2604 4919 Is
2632 4866 2708 4919 vir
2744 4865 3027 4920 Nazlrlzus
3054 4867 3177 4938 fuit,
3209 4878 3256 4921 et
3279 4881 3495 4925 sanctus

1934 4960 2068 5029 Dei,
2098 4969 2149 5015 et
2180 4960 2283 5027 fuit
2312 4961 2365 5015 in
2396 4958 2706 5029 fortitudine
2733 4969 2783 5014 et
2815 4960 3022 5016 robore.
3055 4960 3330 5033 Denique,
3364 4966 3496 5019 sub-

1935 5054 2036 5119 dit,
2088 5070 2264 5108 omnes
2325 5052 2601 5122 prophetas
2659 5052 2905 5107 laudibus
2954 5054 3123 5123 effert.
3169 5054 3387 5110 Scilicet
3438 5059 3492 5114 in

1934 5146 2077 5200 hanc
2112 5145 2436 5201 sententiam
2467 5144 2580 5215 (92)
2612 5163 2627 5199 :
2671 5144 2840 5198 Porro
2868 5146 3029 5199 etiam
3059 5144 3266 5199 Elisam
3295 5156 3346 5201 et
3389 5147 3494 5202 Ge-

1933 5234 2053 5289 Itasi
2083 5242 2133 5288 et
2181 5232 2746 5309 ﬁlios-prophetarum
2789 5233 3075 5301 reperimus
3129 5232 3396 5289 habitasse
3440 5238 3495 5290 in

2006 5370 2117 5437 (88)
2154 5368 2325 5439 Epist.
2360 5367 2425 5422 ad
2453 5366 2519 5423 Η.
2540 5366 2786 5426 Venem.,
2816 5366 2996 5439 p.21.

2004 5440 2117 5509 (89)
2160 5437 2233 5509 De
2263 5440 2389 5508 virg.
2446 5439 2611 5507 epist.
2640 5439 2690 5504 1,
2720 5452 2840 5508 cap.
2868 5437 2921 5492 6.

2027 5508 2117 5579 90)
2154 5508 2327 5579 Epist.
2354 5508 2409 5571 2,
2440 5524 2561 5578 cap.
2591 5509 2644 5563 9.

2028 5578 2119 5648 91)
2165 5578 2332 5641 Ibid.,
2361 5593 2478 5648 cap.
2514 5580 2566 5631 9.

2028 5652 2119 5723 92)
2154 5649 2317 5715 1m,
2339 5663 2461 5719 cap.
2494 5648 2589 5703 ιι.

2342 5902 2356 5929 1
