4070 6340
514 442 609 496 Ηί

516 647 697 715 phetas
732 656 909 695 omnes
936 636 1137 706 pariter
1167 633 1243 687 sic
1277 614 1870 697 reperimusﬁabitasse
1910 607 1966 659 in
2014 603 2081 655 ti-

1768 703 1781 715 ο
1947 693 2080 715 -μι.ε,.

520 753 663 792 more
721 732 953 788 Domini.
1014 727 1291 782 Hactenus
1339 718 1631 776 Clemens;

518 833 796 889 enimvero
855 824 923 878 ad
964 815 1247 892 Epiphanii
1294 804 1666 866 testimonium
1714 788 2084 862 comproban-

530 924 658 979 dum
707 919 842 975 nihil
886 914 1089 970 clarius
1141 922 1263 965 esse
1316 910 1411 958 aut
1449 889 1781 954 luculentius
1824 882 2086 942 videtur;

1526 434 1539 451 ε
1629 406 1711 462 AD
1752 402 1807 459 S.
1849 386 2267 456 CLEMENTEM
2308 384 2329 439 Ι
2367 379 2599 436 PAPAM

518 554 701 605 timore
730 548 864 611 Dei;
894 553 943 601 et
976 540 1183 611 hospita
1213 520 1315 590 non
1347 532 1447 603 fuit
1476 529 1571 583 eis.
1607 521 1840 577 Micham
1871 522 1921 569 et
1955 526 2076 581 pro-
2107 514 2151 569 Α
2180 514 2357 563 autem
2417 492 2700 553 Samsonis
2745 482 2924 556 elogiu

2184 598 2391 656 nostris
2418 588 2662 666 Syriacis
2684 581 3041 651 comparent;
3074 568 3281 623 frustra
3300 569 3430 612 vero
3457 552 3515 607 in
3545 548 3748 605 Grecis

3070 660 3104 666 “
3354 648 3479 666 19η-
3529 640 3747 666 ,Ιηῑιζ--ιηι

1696 703 1854 773 cujus
1903 693 2084 752 verbis
2185 690 2438 762 requiras
2486 703 2500 738 :

2188 735 2436 762 ’νιν-πη
2488 735 2499 738 -
2558 735 2581 736 η
2657 735 2675 749 .
2760 735 2777 745 .

2188 793 2479 854 superesse
2505 771 2702 829 merito
2738 765 3008 822 videatur,
3040 751 3175 824 quin
3219 745 3287 800 de
3313 735 3593 813 prioribus
3632 738 3755 785 tan—

2998 847 3011 854 ‘
3086 842 3120 854 "
3284 826 3569 854 π-ε-ι-ηηξι
3600 822 3755 854 Inui:—

2188 822 2325 939 tum,
2357 886 2468 927 non
2499 870 2679 921 autem
2715 859 2784 915 de
2810 822 3209 926 posterioribus
3231 877 3246 903 ,
3284 826 3572 903 Eoiphanii
3600 822 3759 880 testi-

3640 338 3742 393 ιη

2930 493 2980 534 m
3008 515 3025 542 ,
3074 484 3139 529 ea
3184 468 3405 523 demum
3450 456 3639 512 omnia
3686 454 3745 507 in

2550 640 2944 749 utwpmptlerea
2993 660 3205 719 nullum
3246 648 3483 720 amplius
3526 640 3749 697 dubium

530 947 658 979 uutu
707 947 842 975 luuu
886 947 1089 970 Llallua
1141 947 1263 965 υοου
1316 947 1410 958 υ...-
1451 947 1623 954 ---γη

526 1032 620 1071 seu
654 1013 834 1085 potius
867 1008 933 1063 ad
971 1011 1191 1061 nostras
1219 992 1485 1055 Clementi
1525 980 1851 1043 asserendas
1890 973 2092 1045 episto-
2191 966 2435 1024 monium
2467 959 2540 1016 sit
2571 947 2973 1022 accipiendum.

1458 1084 1461 1085 ν
1509 1083 1518 1085 “
1568 1081 1578 1085 λ
1681 1076 1714 1085 ··
1758 1081 1767 1085 -
1841 1071 1878 1085 ι·
1920 1065 2064 1085 1A!-
2265 1057 2286 1085 ι
2313 1056 2601 1085 η-Ᾱηιηιιιπι
2638 1048 2862 1085 annulus
2894 1034 2973 1085 ali:

525 1065 808 1174 las,[nihil
851 1103 1032 1172 aptius
1071 1089 1386 1164 hujusmodi
1424 1076 1718 1171 Epiphanii
1754 1065 2091 1128 testimonio,

526 1201 761 1257 validius
794 1194 928 1251 nihil
958 1185 1190 1262 proferri
1218 1195 1378 1255 posse
1404 1177 1601 1246 liquet.

607 1293 866 1358 Quaenam
907 1297 1039 1339 vero
1082 1280 1349 1332 hactenus
1402 1259 1706 1324 observatis
1744 1251 2096 1324 objiciuntur,

1978 1353 2099 1395 mo-

534 1566 833 1640 expetitum
883 1568 967 1615 est
1014 1571 1084 1611 ex
1125 1546 1371 1622 epistolis

536 1658 840 1734 legebantur
901 1652 957 1705 in
1020 1643 1274 1704 ecclesiis.

541 1751 603 1807 S.
658 1741 972 1815 Hieronymi
1021 1738 1328 1793 discimus,

542 1845 819 1919 Epistolas
866 1840 1026 1893 aetate
1075 1828 1168 1884 illa
1210 1824 1265 1878 in
1296 1812 1560 1873 Ecclesiis
1590 1806 1693 1879 legi
1734 1799 2109 1860 consuevisse,

1328 1913 1339 1919 _
1604 1898 1779 1919 “HA
1843 1893 2109 1919 mnum“

546 1893 814 1919 ..μη-η-

546 1940 657 1999 nisi
717 1935 785 1991 ad
838 1922 1155 1985 Corinthios
1208 1913 1461 1988 geminas.
1513 1922 1532 1957 ι
1604 1898 1783 1955 Nolim
1839 1893 2116 1949 enimvero

1610 1990 1651 1999 _
1724 1995 1733 1999 ,
1782 1994 1792 1999 _
1958 1978 2113 1999 um

547 1978 657 1999 ιιιο.
717 1978 785 1991 ..-
845 1978 985 1985 ---η
1208 1978 1229 1988 ν

545 2032 666 2087 viro
712 2016 1083 2082 eruditissimo
1128 2010 1245 2063 haec
1287 1999 1578 2058 excidisse.
1610 1990 1869 2045 Testatur
1898 1978 2117 2052 quidem

636 2075 1012 2187 Hieronymus
1046 2104 1157 2179 (9⁵5)
1186 2143 1201 2166 ,
1228 2093 1524 2156 Clementis
1554 2088 1790 2161 priorem
1835 2079 1904 2134 ad
1936 2075 2122 2130 Eccle-

552 2221 691 2277 siam
720 2206 1131 2269 Corinthiorum
1164 2190 1462 2266 Epistolam
1494 2185 1549 2238 in
1580 2174 1861 2236 nonnullis
1888 2168 2124 2226 coetibus

553 2298 948 2364 ecclesiasticis
996 2293 1190 2347 lectam
1224 2281 1398 2337 fuisse
1449 2295 1464 2344 ;
1510 2282 1565 2327 at
1594 2265 1877 2326 secundam
1926 2279 1959 2315 a
1988 2267 2124 2314 vete-

556 2396 702 2451 ribus
755 2385 1090 2459 reprobatam
1145 2370 1385 2435 asserit;
1440 2373 1656 2419 tantum
1713 2358 1888 2417 abest,
1947 2356 2008 2403 ut
2073 2347 2128 2400 in

569 2438 702 2451 ην-..
758 2438 897 2459 .-τη

569 2483 823 2544 ecclesiis
854 2488 985 2533 tunc
1016 2468 1122 2540 legi
1165 2459 1519 2519 consuevisse
1561 2451 1792 2524 geminas
1828 2444 1894 2499 ad
1935 2438 2131 2496 Corin—

562 2582 713 2636 thios
743 2567 1026 2644 epistolas,
1059 2577 1126 2617 ex
1155 2556 1275 2625 ejus
1309 2546 1622 2606 testimonio
1651 2541 1952 2596 discamus.
1978 2528 2133 2599 Quod

566 2681 749 2729 autem
789 2663 894 2717 hac
938 2657 1005 2712 de
1042 2667 1103 2707 re
1149 2647 1342 2702 doctor
1390 2637 1684 2696 maximus,
1729 2630 1872 2684 idem
1919 2637 2136 2695 quoque

571 2771 698 2818 ante
730 2757 909 2827 ipsum
951 2739 1244 2813 Dionysius
1270 2728 1591 2789 Corinthius
1611 2766 1627 2791 ,
1666 2723 1809 2778 idem
1836 2718 1999 2773 etiam
2030 2712 2137 2766 Eu-

572 2855 758 2910 sebius
787 2835 1164 2902 Caesariensis,
1214 2829 1356 2883 idem
1402 2819 1598 2890 reliqui
1641 2812 1979 2882 antiquiores
2013 2821 2141 2878 pro-

574 2945 817 3001 fitentur.
854 2932 989 2987 Cum
1033 2927 1216 2992 itaque
1249 2908 1399 2972 certo
1425 2914 1637 2967 constet
1666 2920 1733 2961 ex
1768 2907 2010 2957 veterum
2060 2903 2142 2949 tc-

577 3027 875 3092 stimoniis,
906 3030 1093 3080 unam,
1141 3019 1194 3067 et
1245 3005 1462 3079 quidem
1516 3000 1790 3072 priorem,
1843 2986 2144 3046 Corinthiis

571 3121 903 3191 inscriptam
938 3078 1225 3182 epistolam
1262 3078 1479 3172 publice
1516 3094 1689 3149 fuisse
1726 3085 2019 3145 lectitatam
2042 3120 2058 3146 ,
2091 3078 2145 3134 id

582 3219 764 3290 ipsum
833 3204 1078 3281 profecto
1136 3189 1474 3267 Epiphanius
1546 3185 1674 3239 item
1738 3176 1957 3234 novisse
2022 3173 2144 3242 jure
2173 3199 2217 3260 Ο

1443 3281 1454 3290 “
1480 3280 1491 3290 '
1750 3287 1822 3290 -λα-
1853 3264 2144 3290 “lu-annon.

585 3264 764 3290 ἰ’--η-
834 3264 855 3281 ι
1183 3264 1200 3267 -
1241 3264 1255 3266 -

585 3299 990 3368 existimandus
1035 3312 1050 3349 :
1083 3291 1324 3358 adeoque
1347 3323 1363 3347 ,
1403 3280 1495 3335 ubi
1528 3293 1637 3332 non
1668 3287 1828 3328 unam
1852 3264 2148 3325 Clementis

587 3396 897 3474 epistolam,
938 3386 1032 3445 sed
1073 3383 1192 3453 ejus
1243 3372 1510 3447 Epistolas
1550 3365 1835 3422 circulares
1875 3360 1930 3416 in
1977 3356 2153 3413 eccle-

1258 3466 1299 3474 -
1436 3472 1442 3474 Α
1514 3461 1529 3474 ε
1600 3450 1961 3474 num-Lux-
2010 3446 2153 3474 manu

589 3446 690 3550 siis
718 3488 890 3543 fuisse
920 3478 1191 3552 perlectas
1221 3446 1470 3526 allirmat,
1499 3461 1567 3515 de
1596 3450 1963 3513 Corinthiacis
2009 3446 2154 3516 epis.

593 3583 726 3639 tolis
772 3575 945 3646 ipsius
978 3564 1145 3623 verba
1190 3557 1340 3615 nullo
1366 3557 1529 3624 pacto
1563 3540 1879 3614 accipienda
1912 3550 2034 3593 esse
2073 3534 2155 3586 vi-

597 3627 819 3731 dentur:
849 3661 990 3731 Quid
1006 3655 1149 3729 quod
1172 3645 1605 3721 Epiphanianum
1635 3630 2004 3691 testimonium
2022 3627 2159 3681 alias

602 3765 827 3825 omnino
872 3758 940 3812 ab
978 3747 1223 3823 epistolis
1267 3740 1335 3797 ad
1378 3731 1693 3794 Corinthios
1736 3724 2010 3796 respicere
2037 3735 2157 3789 per-

606 3811 1414 3918 hibeturiln.Corinthiacis
1470 3827 1616 3885 enim
1670 3820 1818 3876 nulla
1886 3811 2161 3870 Samsonis

607 3948 837 4012 mentio,
870 3954 1045 4023 une
1088 3932 1304 4003 uspiam
1332 3923 1563 3979 omnium
1610 3912 1977 3988 prophetarum
2002 3919 2167 3961 enco-

608 4044 779 4100 mium
808 4011 1047 4092 occurrit
1073 4046 1088 4095 ;
1113 4033 1172 4080 ut
1199 4022 1406 4091 reliqua
1434 4018 1821 4086 prietereamus
1850 4020 1862 4056 :
1896 4014 2017 4070 qua:
2038 4011 2170 4051 sane

612 4137 669 4191 in
720 4125 969 4202 epistolis
1016 4087 1373 4173 Cl'ementinis
1414 4100 1686 4165 extitisse,
1731 4092 1792 4150 S.
1836 4087 2172 4161 Epiphanius

617 4223 923 4280 luculenter
948 4217 1205 4268 testatur.

680 4267 994 4378 “At-inquies
1022 4314 1146 4355 cum
1183 4291 1462 4349 Larduero
1497 4282 1634 4357 (94),
1664 4272 2029 4351 Epiphaniam
2053 4267 2175 4339 qui-

618 4409 739 4465 dem
768 4398 1029 4474 epistolas
1056 4385 1351 4448 Clementis
1391 4393 1497 4435 una
1530 4376 1715 4447 plures
1756 4367 2177 4440 aguoscere,at-

2265 1056 2603 1111 Lardnerum
2638 1048 2862 1101 secutus
2894 1034 2999 1089 alia
3038 1028 3196 1100 plura
3225 1015 3472 1090 congerit
3494 1011 3761 1067 Herman-

2196 1165 2300 1208 nus
2329 1145 2586 1205 Venema,
2610 1135 2810 1208 quibus
2841 1119 3273 1199 Epiphanianum
3309 1111 3488 1165 locum
3515 1106 3759 1162 enervet,

2205 1248 2369 1308 atque
2420 1234 2475 1288 in
2530 1225 2854 1285 sententiam

2202 1279 2419 1402 quidem
2449 1320 2723 1393 negotium
2770 1307 2993 1368 facessit
3036 1303 3154 1358 viro
3182 1295 3375 1353 critico
3426 1286 3539 1360 (95)
3566 1324 3582 1348 ,
3620 1279 3767 1353 quod

2832 1399 2880 1402 η
3068 1392 3080 1402 ,
3188 1387 3199 1402 ,
3305 1401 3311 1402 ί
3371 1376 3623 1402 “hu”
3647 1386 3767 1402 ML

2660 1399 3001 1473 ὲγκυκλίους,
3033 1387 3343 1447 circulares,
3366 1376 3625 1451 epistulas
3647 1386 3774 1426 nos-

1418 1473 1728 1505 Sllluluuum
1754 1482 1770 1506 ,
1809 1473 1936 1491 uqu
1970 1473 2102 1483 ...υ-.-
2345 1473 2361 1485 _
2401 1473 2418 1482 -

1418 1533 1714 1596 Clementis
1738 1571 1753 1596 ,
1807 1540 1928 1598 qua:
1974 1527 2106 1575 tunc
2205 1517 2322 1563 tras
2372 1502 2636 1575 appellet;
2665 1500 3039 1552 verumtamen
3077 1484 3318 1539 animum
3358 1475 3427 1530 ab
3469 1473 3574 1527 hoc
3615 1482 3775 1523 scru-

2877 1591 2888 1598 ι
2977 1596 2993 1598 -
3106 1572 3459 1598 ..Α-,ειη-...σ-ηο
3526 1557 3771 1598 (lant-mila

1335 1632 1587 1691 Profecto
1662 1591 1748 1680 exi
1792 1591 2109 1674 testimonio
2208 1601 2339 1673 pulo
2397 1604 2689 1667 parumper
2744 1591 3034 1646 avertens,

1662 1653 1729 1680 UA
1795 1653 2107 1674 ιῠδιιιυιιιιιν
2210 1653 2237 1673 r
2260 1653 2275 1654 η
2322 1653 2325 1654 ,
2399 1653 2416 1667 .
2594 1653 2611 1663 .

1386 1722 1568 1779 nullas
1624 1716 1760 1769 alias
1814 1704 2109 1766 Clementis
2211 1697 2359 1753 omni
2409 1687 2779 1748 cunctatione,
2828 1681 3115 1736 elucescere
3156 1670 3253 1730 ait,
3311 1664 3370 1719 S.
3414 1661 3631 1716 Patrem
3680 1653 3779 1706 hoc

2757 1776 2765 1779 “
2868 1775 2879 1779 ’
2946 1773 2958 1779 ’
3110 1773 3119 1779 ‘
3203 1770 3217 1779 Α
3246 1774 3312 1779 ηλΑ
3357 1749 3653 1779 ΠΑ-Ξκίιιῖἶβ
3694 1746 3779 1779 ἶνι-

2215 1788 2398 1843 addito
2437 1781 2650 1839 criterio
2681 1773 3075 1847 uulgatissimas
3107 1770 3316 1820 tantum
3356 1749 3656 1812 Corinthiis
3694 1746 3785 1801 in-

2147 1865 2188 1919 B
2218 1882 2450 1951 scriptas
2501 1877 2558 1931 in
2606 1845 2782 1929 oculis:
2818 1864 3079 1921 habuisse.
3138 1855 3345 1911 Vereor
3399 1845 3649 1917 equidem
3713 1852 3786 1893 ne

2908 1190 3065 1273 suam
3117 1202 3415 1279 pertrahat.
3478 1195 3543 1250 Et
3587 1190 3764 1263 primo

3106 1572 3459 1638 nondumque
3526 1557 3777 1631 deposita

2220 1930 2447 1951 “nr---

2220 1973 2384 2030 dictis
2442 1963 2794 2024 Venemianis
2856 1954 3127 2012 calculum
3190 1961 3301 2003 non
3358 1938 3618 2010 adjiciant
3676 1930 3785 1986 viri

2222 2065 2390 2126 docti,
2424 2070 2485 2116 ut
2521 2074 2643 2131 quae
2673 2054 2857 2110 minus
2883 2054 3030 2105 recte
3073 2043 3177 2101 sibi
3214 2039 3486 2095 cohaerere
3508 2027 3784 2085 videntur.

2224 2154 2514 2222 Utcunque
2538 2115 2729 2203 'autem
2780 2158 2867 2198 res
2911 2155 2970 2196 se
3006 2137 3223 2197 haheat,
3252 2127 3384 2185 nihil
3429 2136 3560 2179 sane
3600 2115 3792 2189 prohi-

2225 2248 2317 2302 bet
2339 2285 2352 2309 ,
2389 2210 2686 2315 qhominus
2720 2236 2804 2290 vel
2847 2230 3259 2289 existimemus,
3308 2210 3595 2289 Epiphanii
3631 2213 3797 2263 astate

2234 2338 2380 2409 apud
2408 2323 2700 2390 nonnullas
2722 2326 2986 2385 ecclesias
3033 2319 3089 2375 in
3141 2329 3295 2371 more
3338 2311 3509 2366 fuisse
3551 2301 3796 2375 positum

3224 2407 3235 2409 ς
3311 2404 3323 2409 -
3444 2400 3459 2409 .
3639 2389 3763 2409 ειν-.

2239 2389 2501 2498 epistolas
2530 2422 2606 2478 De
2654 2419 2952 2490 virginitate
2978 2410 3194 2483 publice
3223 2404 3349 2475 legi;
3378 2400 3462 2456 vel
3488 2412 3611 2452 cum
3639 2389 3800 2447 Wet-

2234 2489 2412 2573 slenio
2442 2514 2556 2588 (96)
2586 2489 2912 2568 censeamus
2942 2523 2961 2557 ι
2996 2498 3358 2574 Epiphanium
3383 2499 3444 2548 ut
3468 2489 3753 2544 Ebionaeos
3777 2521 3797 2545 ,

2236 2623 2345 2663 non
2385 2602 2683 2662 Clementis
2722 2600 2930 2660 solum,
2968 2594 3065 2650 sed
3104 2591 3267 2647 etiam
3308 2580 3567 2639 Ecclesiae
3608 2583 3805 2631 aucto-

2238 2699 2401 2753 ritate
2469 2700 2781 2766 premeret,
2853 2684 3162 2744 encomium
3215 2676 3385 2751 priori
3436 2669 3806 2729 Corinthiacus

2239 2790 2497 2863 Epistolas
2522 2786 2807 2847 tributum,
2843 2782 2899 2835 in
2928 2786 3218 2844 utramque
3255 2772 3325 2824 ad
3352 2766 3574 2837 virgines
3618 2771 3809 2815 trans-

2242 2886 2455 2940 tulisse.
2489 2902 2507 2936 ι
2555 2877 2756 2947 Quidni
2790 2880 2971 2929 autem
3030 2867 3085 2924 id
3118 2867 3223 2921 rite
3268 2860 3462 2919 fecerit
3508 2856 3565 2911 S.
3600 2849 3812 2908 Pater!

2245 2985 2397 3031 ratus
2423 2971 2679 3027 nimirum
2705 2962 2949 3037 episc0pi
2972 2956 3204 3015 Romani
3234 2952 3497 3026 epistolas
3522 2944 3813 3005 adsEccle-

2248 3067 2344 3122 siae
2371 3062 2643 3119 universae
2670 3036 3068 3112 institutionem
3108 3046 3382 3119 pertinere
3405 3082 3421 3109 ,
3451 3036 3815 3110 quemadmo-

2250 3161 2380 3215 dum
2407 3163 2463 3212 et
2493 3154 2560 3209 de
2589 3152 2770 3223 priore
2796 3148 2864 3202 ad
2889 3142 3203 3202 Corinthios
3223 3137 3529 3192 factitatum
3560 3132 3814 3184 noverat.

2250 3251 2423 3307 Porro
2460 3246 2526 3301 ad
2562 3220 2771 3314 reliqua
2812 3235 3187 3310 Epiphaniana
3228 3224 3569 3285 extenuanda
3594 3260 3611 3286 ,
3653 3220 3821 3292 plura

2253 3340 2500 3411 congerit
2530 3335 2670 3391 idem
2712 3332 2797 3387 vir
2824 3327 3072 3385 eruditus
3098 3340 3113 3389 ;
3144 3332 3263 3391 qua:
3295 3326 3477 3370 tamen
3504 3309 3687 3367 omnia
3719 3321 3822 3362 ex—

2255 3407 2445 3506 pendit
2473 3441 2537 3480 ac
2567 3422 2727 3479 diluit
2755 3419 2827 3474 cl.
2861 3416 3037 3472 editor
3079 3426 3094 3463 :
3127 3408 3263 3463 adeo
3292 3413 3353 3459 ut
3399 3407 3646 3464 constet,
3688 3411 3825 3454 san.-

2257 3536 2407 3582 ctum
2436 3521 2752 3592 episcopum
2776 3506 3249 3567 Constantiensem
3270 3539 3285 3565 ,
3315 3499 3444 3554 dum
3464 3494 3628 3550 verba
3661 3505 3831 3562 supr-

2260 3616 2379 3670 rius
2402 3582 3043 3678 recitata-perscriberem
3068 3595 3123 3647 in
3144 3593 3245 3646 has
3265 3586 3525 3660 epistolas
3566 3582 3831 3655 Syriacas

2262 3709 2453 3766 oculos
2479 3699 2799 3759 intendisse.
2874 3724 2877 3725 ν

2334 3799 2453 3856 Xll.
2537 3788 2841 3865 Epiphanio
2899 3783 3259 3851 Hieronymus
3353 3770 3576 3839 accedat
3636 3766 3835 3822 doctor

2268 3892 2540 3950 maximus
2564 3860 2602 3951 ί
2631 3860 2787 3939 testis
2823 3878 2958 3931 alter
2987 3865 3467 3940 locupletissimus.
3515 3860 3608 3915 Sic
3663 3860 3839 3929 igitur

2270 3990 2363 4044 ille
2388 3985 2651 4040 adversus
2678 3974 3020 4031 Iovinianum
3057 3963 3169 4035 (97)
3197 3982 3209 4017 :
3240 3960 3312 4013 Hi
3342 3966 3463 4013 sunt
3486 3954 3727 4017 eunuchi,
3764 3983 3841 3995 —

2272 4094 2401 4151 quos
2429 4070 2682 4129 castravit
2723 4082 2827 4120 non
2873 4059 3176 4119 necessitas,
3207 4052 3296 4107 sed
3325 4049 3588 4105 voluntas.
3632 4074 3703 4085 —
3753 4044 3839 4097 Ad

2274 4171 2444 4224 hoset
2500 4163 2737 4219 Clemens
2797 4164 3066 4209 successor
3135 4142 3363 4213 apostoli
3430 4139 3616 4199 Petri,
3684 4135 3841 4203 cujus

2281 4262 2486 4318 Paulus
2512 4254 2779 4326 apostolus
2810 4243 3082 4304 meminit,
3115 4235 3294 4292 scribit
3315 4233 3563 4302 epistolas
3600 4242 3841 4281 omnem-

2278 4370 2376 4425 que
2404 4365 2529 4420 pene
2570 4354 2857 4401 sermonem
2908 4349 3062 4391 suum
3126 4328 3190 4384 de
3237 4323 3555 4396 virginitatis
3606 4321 3847 4389 puritate

618 4410 739 4465 dem
768 4410 1029 4474 epistotas
1056 4410 1351 4448 Clementis
1393 4410 1497 4435 uua
1532 4410 1715 4447 γιυιυσ
1756 4410 2146 4440 ..οηηνπημ
2293 4410 2303 4425 ,
2404 4410 2415 4420 ,

618 4514 726 4571 que
776 4495 833 4549 in
881 4491 950 4545 iis
999 4498 1109 4540 non
1169 4478 1345 4536 solum
1400 4472 1469 4527 de
1516 4463 1839 4536 Virginitate
1889 4452 2182 4523 scripsisse
2282 4441 2566 4503 contexuit.
2624 4433 2815 4505 Agesis
2863 4440 3033 4490 nunc,
3107 4415 3420 4490 huiusmodi
3469 4410 3845 4469 testimonium

1346 4565 1374 4571 ~
1693 4557 1733 4571 -κ
1754 4551 1945 4571 Αυ--
2000 4546 2178 4571 πλη...
2215 4551 2257 4571 η
2287 4529 2678 4571 ονηοηδαπιιις.
2711 4519 2841 4571 Tria
2868 4518 2923 4571 in
2953 4529 3019 4569 eo
3043 4516 3171 4566 sunt
3201 4505 3367 4571 probe
3395 4497 3656 4556 notanda.
3690 4494 3733 4551 l.
3764 4494 3845 4549 Ad

622 4529 726 4571 quo
777 4529 833 4549 ιιι
883 4529 950 4545 ua
1000 4529 1109 4540 ην.-
1170 4529 1273 4536 --η
1617 4529 1643 4536 ν

622 4592 954 4648 Clementem
975 4619 990 4644 ,
1026 4574 1123 4633 sed
1151 4571 1314 4628 etiam
1342 4565 1663 4621 Samsonem
1693 4551 1968 4610 laudasse,
2000 4546 2180 4615 ipsum
2215 4551 2259 4606 υ
2287 4529 2678 4604 expendamus.

1819 4644 1852 4648 __
1945 4639 1977 4648 ,
2053 4638 2065 4648 ,
2141 4637 2154 4648 _
2301 4622 2551 4648 “Malm
2623 4632 2678 4648 Μ

625 4678 868 4756 profiteri
931 4690 945 4726 ε

627 4768 985 4841 conspicitur,

1004 4666 1147 4741 quod
1198 4670 1494 4728 utrumque
1539 4654 1597 4708 in
1642 4644 1889 4720 epistolis
1944 4637 2188 4711 Syriacis

1036 4756 1380 4815 desideratur
1424 4752 1605 4801 autem
1660 4740 1718 4793 in
1765 4730 1992 4791 Graecis.
2048 4725 2189 4781 Hinc

2289 4622 2551 4683 eunuchos
2621 4609 2920 4686 spirituales
2992 4610 3047 4660 et
3127 4595 3474 4668 evangelicos
3556 4588 3851 4658 scripsisse

2289 4718 2621 4773 Clementem
2643 4703 2838 4761 asserit
2859 4706 3082 4756 sanctus
3101 4691 3311 4748 doctor.
3327 4683 3515 4741 ll.Non
3537 4679 3851 4750 epistolam,

630 4778 985 4841 conspicitur,
1036 4778 1370 4815 aesrueratut
1424 4778 1605 4801 «me...
1768 4778 1992 4791 ......---_
2050 4778 2179 4781 κη

630 4874 814 4919 tamen
843 4867 1003 4910 nemo
1038 4849 1161 4919 jure
1194 4840 1449 4909 colligat,
1478 4831 1660 4905 judice
1701 4823 1981 4880 Lardnero
2005 4858 2020 4883 ,
2062 4814 2193 4885 Epi-
2294 4810 2389 4870 sed
2417 4801 2667 4875 epistolas
2703 4795 2896 4852 iisdem
2924 4787 3217 4856 inscriptas
3255 4784 3434 4850 ipsum
3477 4785 3735 4831 exarasse
3770 4778 3856 4823 te—

1849 4915 1863 4919 ’
2328 4908 2475 4919 μμ--
2542 4892 2607 4919 ιιι
2679 4890 2737 4919 1..
2767 4886 2850 4919 hic
2888 4878 3135 4919 aniatnlic
3159 4888 3363 4919 omnem
3400 4882 3523 4919 vene
3563 4876 3855 4919 sermonem

632 4915 893 5029 phanium
936 4943 1004 4999 de
1034 4915 1308 5012 prioribus
1342 4928 1523 4985 statim
1553 4915 1963 4990 intelligendum
2006 4927 2022 4966 :

633 5025 781 5106 enim
820 5044 1016 5096 neutra
1058 5025 1287 5087 Corinth

2296 4908 2494 4961 statur.
2542 4892 2630 4946 Ill.
2679 4890 2740 4944 lu
2767 4886 2853 4941 his
2888 4878 3135 4954 epistolis
3159 4888 3363 4928 omnem
3400 4882 3523 4937 pene
3563 4876 3855 4919 sermonem

1728 4948 1963 4990 genuqu
2008 4952 2021 4966 .
2067 4948 2190 4963 νυ...
2296 4948 2462 4961 ..η-,η
2481 4948 2493 4952 -
2922 4948 2941 4954 _

1724 5010 1932 5077 integra
1980 5001 2048 5056 ad
2092 5012 2195 5053 nos
2295 5006 2447 5050 suum
2470 4987 2533 5041 de
2553 4977 2869 5053 virginitatis
2889 4972 3120 5037 puritate
3145 4966 3295 5020 illum
3319 4956 3645 5016 contexuisse
3664 4948 3856 5006 tradit.

2584 5075 2597 5077 ’
2769 5068 2784 5077 “
3004 5069 3018 5077 ⁴
3120 5074 3131 5077 Α
3150 5056 3339 5077 ΑεοΑ-ιι
3400 5058 3456 5077 --ι
3507 5047 3717 5077 ...ιιι-πη
3764 5058 3856 5077 ει.-

2474 5047 2688 5149 quidem
2720 5068 2856 5124 adeo
2896 5069 3026 5121 sunt
3056 5056 3367 5117 manifesta,
3400 5058 3461 5106 ut
3507 5047 3719 5102 nullum
3764 5058 3860 5098 su-

1270 5132 1378 5180 Βεῑ,
1419 5132 1478 5165 ιιι
1515 5132 1797 5163 ῡίιιιιδυιιιθ
1828 5132 2026 5152 ιιιυιηιν
2057 5132 2189 5146 ..ην-
2305 5132 2427 5151 κη.--
2483 5132 2509 5149 Ἰ

1270 5203 1446 5259 istolis
1472 5202 1691 5259 desunt,
1721 5189 1955 5249 maxime
1984 5200 2114 5240 vero
2143 5183 2200 5237 in
2300 5173 2472 5248 persit
2499 5166 2725 5225 dubium
2755 5158 2888 5231 quin
2925 5154 2994 5210 de
3030 5148 3238 5207 nostris
3262 5141 3508 5216 epistolis
3552 5138 3666 5194 sint
3708 5132 3861 5189 acci-

2562 5258 2575 5259 ί
2636 5254 2682 5259 --
2960 5247 2975 5259 ι
3021 5246 3035 5259 -
3120 5258 3125 5259 γ
3180 5236 3365 5259 -_---J:.:
3400 5232 3496 5259 ..ε-ε
3530 5228 3692 5259 mna...
3739 5226 3860 5259 ι...-

645 5246 702 5288 ea
733 5240 854 5300 qua:
883 5226 940 5277 in
967 5226 1160 5273 iisdem
1200 5226 1446 5280 episwus
1472 5226 1691 5259 uesum,
1721 5226 1955 5249 ...αλ-,μυ
1993 5226 2113 5240 ων
2303 5226 2422 5248 ,τ-
2772 5226 2788 5231 _

645 5315 904 5378 secunda,
934 5301 1256 5367 occurrerit.
1286 5298 1399 5359 Nae,
1430 5293 1526 5364 qui
1555 5288 1796 5344 rationes
1829 5296 1957 5339 suas
1977 5278 2051 5334 ita
2082 5273 2205 5330 sub-
2302 5263 2520 5340 pienda.
2546 5254 2688 5324 Quid
2723 5266 2854 5307 vero
2912 5247 2979 5302 ad
3021 5246 3137 5300 haec
3169 5236 3369 5297 eruditi
3400 5232 3501 5289 viri
3530 5228 3693 5284 modo
3739 5226 3860 5279 lau-

1710 5376 1721 5378 Α
1854 5373 1887 5378 --
2094 5366 2107 5378 .
2315 5353 2456 5378 ,μεθ
2481 5347 2805 5378 mnum...“
2837 5351 3029 5378 nomn»,
3075 5332 3461 5378 Hiernnvmum
3490 5321 3581 5375 hic
3623 5316 3860 5372 animum

645 5409 820 5471 ducit,
849 5413 1070 5474 Operam
1126 5394 1279 5452 ludit.
1308 5385 1449 5456 Quid
1483 5376 1728 5453 quaeris?
1776 5373 1959 5428 nullus
1987 5366 2205 5436 conjec.

1778 5408 1959 5428 ΙΙυΙΙυῠ
1987 5408 2175 5436 ννιυδνν
2309 5408 2416 5414 ..-ν-ὴ

1748 5465 2094 5530 Qumcunque
2139 5456 2207 5509 de
2307 5440 2700 5505 intendisse’in
2740 5430 3033 5491 secundam
3081 5423 3147 5479 ad
3180 5416 3496 5479 Corinthios
3537 5408 3865 5481 epistolam.

2644 5527 2657 5530 ‘
2784 5526 2793 5530 -
2868 5522 2879 5530 ·
2928 5520 2958 5530 ·-
3007 5526 3017 5530 -
3089 5514 3337 5530 μνη-η-
3385 5501 3651 5530 —..-1:-:...
3696 5493 3865 5530 ,ποι-ξι

647 5501 789 5558 turis
819 5499 992 5554 locus,
1044 5487 1137 5541 ubi
1177 5498 1265 5539 res
1320 5480 1437 5550 ipsa
1484 5475 1706 5527 clamat.

647 5586 945 5651 Clementis
994 5576 1242 5651 epistolis
1280 5572 1447 5628 refert
1482 5558 1856 5636 Epiphanius,

718 5719 842 5863 ξπ)
878 5722 953 5777 De
981 5719 1079 5773 vir.
1110 5716 1335 5771 illustr.,
1367 5722 1489 5776 cap.
1518 5700 1611 5756 15.

751 5796 840 5861 9t)
910 5790 1179 5858 Lardncr,
1213 5785 1249 5837 Α
1283 5780 1490 5833 dissert.
1543 5785 1611 5839 up

878 5756 1490 5858 "iniiitiéil'fi'iisiir‘tl
1543 5784 1681 5839 upon
1712 5764 1796 5819 the
1846 5769 1942 5814 two
1973 5756 2145 5827 Epist.
2173 5792 2189 5819 ,

650 5887 706 5942 p.
751 5867 840 5924 9.6.

1911 5552 1968 5607 in
2016 5548 2209 5620 primis
2310 5539 2403 5594 ubi
2444 5535 2583 5590 forte

2307 5316 2447 5340 τηρ
2557 5316 2593 5324 _

2304 5353 2456 5414 dati?
2481 5347 2809 5404 Existimant
2837 5351 3029 5407 nempe
3075 5332 3461 5398 Hieronymum
3490 5321 3581 5375 hic
3623 5316 3864 5372 animum

2628 5527 2697 5583 de
2746 5520 3058 5595 virginitate
3086 5514 3341 5570 Clemens
3385 5501 3654 5578 prolixius
3696 5493 3869 5567 egerit

2383 5669 2496 5742 (95)
2530 5664 2706 5742 Epist.
2738 5654 3033 5742 lupag.‘

2385 5716 2494 5809 ἱξῐὲ
2533 5716 2713 5805 ibist.
2747 5716 2920 5784 a'd'uf
2944 5727 3195 5787 yenem.,
3225 5735 3279 5791 p.
3310 5716 3403 5772 ea.

2390 5740 2504 5881 (97;
2545 5805 2663 5862 Lib.
2700 5818 2739 5868 ι,
2775 5798 2921 5873 με.

2390 5798 2504 5882 (97)
2545 5798 2663 5862 Lib.
2700 5818 2739 5868 ι,
2775 5798 2921 5873 με.
