4070 6340
320 339 425 394 H3

1576 349 1914 407 ιηιουεΜιΑ
1956 352 2334 413 VARIOHUM.

3436 364 3537 419 ιιι

315 456 387 511 iis
417 454 475 508 in
515 454 656 510 locis
695 471 818 526 qua:
858 472 1008 513 nunc
1047 458 1461 528 desiderantur;
1505 480 1679 535 neque
1728 466 1873 521 enim
1906 474 1950 542 Α
1977 470 2267 525 servanda.
2300 468 2394 523 llis
2420 467 2656 538 denique
2693 483 2819 524 cum
2849 468 3156 527 Wetstenio
3189 473 3339 546 (100)
3364 476 3533 535 addas

312 546 532 616 integra
598 547 666 600 ad
723 563 825 604 nos
872 551 1137 619 pervenit.
1189 550 1331 618 Quid
1400 555 1627 625 loquar?
1675 556 1877 623 Quovis

311 639 573 711 equidem
600 640 831 710 pignore
858 642 1184 699 contendere
1206 646 1404 710 ausim,
1436 664 1501 702 ex
1531 649 1704 704 tribus
1732 651 1878 706 notis

311 731 367 785 in
411 730 737 785 testimonio
800 730 1226 803 Hieronymiano
1274 738 1615 802 observatis,
1670 741 1878 794 nullam

312 822 541 876 omnino
572 822 865 891 posteriori
892 825 1135 893 epistolae
1165 826 1568 897 Corinthiacae;
1601 838 1657 883 at
1684 838 1877 884 contra

314 912 563 982 epistolis
592 915 800 968 nostris
849 914 918 969 ad
949 931 1113 969 unam
1166 932 1359 973 omnes
1404 919 1507 975 rite
1555 935 1874 992 congruere.

313 1002 559 1057 Primum
605 1005 753 1059 enim
802 1005 885 1060 ha:
926 1007 1207 1078 virginibus
1252 1010 1510 1079 fratribus
1565 1019 1620 1069 et
1664 1014 1878 1084 virgini-

310 1091 403 1145 bus
433 1092 732 1157 sororibus,
755 1093 809 1148 id
830 1105 913 1150 est
931 1098 1196 1152 eunuchis
1222 1099 1595 1169 spiritualibus
1624 1119 1762 1172 quos
1786 1119 1879 1159 ca—

310 1184 514 1238 stravit
542 1184 798 1240 voluntas
821 1224 838 1250 ,
870 1186 1149 1257 inscriptae
1188 1187 1459 1245 feruntur.
1510 1190 1735 1257 Deinde,
1767 1209 1877 1248 non

310 1287 501 1337 unam,
528 1272 623 1327 sed
645 1272 777 1328 duas
808 1274 1055 1339 epistolas
1082 1275 1150 1331 ad
1180 1275 1305 1332 illos
1331 1276 1483 1331 misit
1517 1276 1573 1333 S.
1599 1277 1873 1335 Clemens.

310 1361 563 1432 Denique
583 1361 846 1420 iniisdem
873 1381 1076 1421 omnem
1123 1381 1250 1434 pene
1294 1384 1583 1422 sermonem
1622 1368 1686 1423 de
1717 1371 1875 1439 virgi-

307 1453 496 1508 nitatis
527 1455 758 1523 puritate
802 1456 1087 1510 conteauit.
1148 1457 1248 1512 Ubi
1290 1459 1712 1523 advertendum,
1753 1476 1876 1530 per-

307 1558 476 1615 quam
527 1544 777 1615 apposita
828 1544 998 1601 fuisse
1042 1546 1282 1602 locutum
1312 1559 1559 1605 sanctum
1609 1550 1871 1622 Hierony-

308 1650 460 1689 mum
516 1654 529 1689 :
594 1635 832 1704 vigilanti
882 1636 1149 1707 siquidem
1182 1639 1332 1694 verba
1380 1658 1535 1706 usus,
1585 1653 1645 1697 ut
1689 1644 1874 1713 phrasi

310 1726 720 1799 Augustiniana
763 1731 959 1801 loquar
990 1732 1134 1804 (98),
1178 1741 1344 1805 atque
1374 1738 1738 1795 restrictionis
1780 1754 1874 1794 vo-

1985 559 2166 626 velim,
2202 560 2463 630 epistolas
2498 558 2716 628 quidem
2766 557 3019 631 Syriacas
3059 578 3160 632 pro
3206 561 3536 639 Hieronymo

1981 656 2036 704 et
2063 659 2254 704 contra
2286 648 2632 705 Iovinianum
2664 650 2902 705 maxime
2933 650 3111 705 facere
3145 672 3157 706 :
3196 653 3252 707 in
3280 654 3348 709 iis
3389 658 3533 711 enim

1980 744 2172 797 statuit
2207 742 2463 799 Clemens
2496 743 2573 813 (l)
2596 782 2611 807 ,
2639 741 2926 812 virginibus
2963 746 3162 799 sanctis
3201 748 3536 803 excellentio-

1979 851 2085 889 rem
2125 836 2181 890 in
2221 836 2363 892 caelis
2404 837 2576 891 locum
2629 837 2815 890 datum
2858 838 2963 903 iri,
3011 854 3168 908 quam
3221 840 3530 910 conjugibus

1976 927 2177 980 sanctis
2210 942 2234 981 :
2276 942 2397 998 quae
2436 937 2523 984 est
2574 929 2851 999 ipsissima
2891 930 3159 983 sententia
3196 929 3530 1003 Hieronymi.

1978 1014 2181 1073 Verum
2210 1033 2274 1073 ex
2309 1016 2566 1089 Epistolis
2589 1019 2792 1076 Graecis
2814 1020 3021 1075 nullum
3053 1037 3164 1076 sua:
3189 1037 3369 1079 causa:
3398 1040 3532 1094 prae-

1976 1108 2178 1164 sidium
2237 1125 2486 1180 quaerere
2537 1114 2811 1182 potuisset
2864 1122 3093 1168 sanctus
3145 1114 3374 1179 doctor,
3441 1116 3532 1171 ubi

1976 1200 2184 1256 nullum
2232 1200 2303 1257 de
2366 1204 2681 1274 virginitate
2732 1204 2963 1260 colenda
3022 1206 3334 1277 vestigium.
3403 1207 3534 1275 Quae

1975 1304 2101 1346 cum
2148 1291 2221 1346 ita
2263 1306 2325 1347 se
2358 1293 2628 1359 habeant,
2672 1295 2893 1350 nonnisi
2942 1295 3008 1350 de
3051 1298 3255 1351 nostris
3307 1296 3377 1352 ad
3427 1300 3533 1353 vir-

1974 1380 2117 1451 gines
2155 1382 2405 1451 epistolis
2444 1382 2760 1455 Hieronymi
2815 1385 2981 1440 verba
3029 1386 3382 1458 intelligenda
3406 1404 3531 1446 esse

1975 1479 2303 1527 noscuntur.

2047 1556 2154 1613 Sed
2192 1574 2322 1614 ecce
2350 1559 2447 1615 tibi
2493 1576 2687 1616 rursus
2727 1562 2812 1618 vir
2845 1563 2935 1619 ille
2977 1564 3349 1634 doctissimus,
3373 1569 3531 1639 cujus

1975 1647 2135 1716 paulo
2176 1658 2301 1704 ante
2341 1651 2723 1716 meminimus,
2765 1654 2858 1722 qui
2897 1670 2964 1707 ex
3006 1653 3323 1726 Hieronymi
3364 1659 3533 1715 silen-

1976 1737 2051 1792 tio
2074 1738 2128 1793 in
2160 1739 2300 1795 libro
2335 1740 2407 1795 De
2428 1743 2550 1796 viris
2575 1742 2891 1808 illustribus,
2951 1745 3141 1801 harum
3169 1746 3531 1817 Epistolarum

306 1820 486 1873 cuiam
536 1834 666 1888 pene
698 1835 969 1891 usurpans
995 1863 1011 1890 ,
1053 1839 1161 1878 non
1192 1842 1394 1879 omnem
1427 1827 1675 1884 absolute
1699 1828 1869 1893 dixit,
1903 1820 1946 1875 B
1975 1824 2402 1893 suppositionem
2450 1830 2704 1885 evincere
2755 1832 3052 1888 existimat.
3108 1852 3126 1884 ι
3148 1834 3528 1909 Hieronymus,

306 1911 401 1966 sed
435 1928 643 1965 omnem
679 1928 812 1981 pene
854 1930 1162 1971 sermonem
1211 1918 1279 1974 de
1326 1919 1639 1989 virginitate
1673 1935 1704 1974 a
1751 1921 1874 1977 Cle—

304 2013 489 2058 mente
533 2002 710 2061 t‘uisse
748 2013 1072 2062 contextum
1125 2026 1139 2063 :
1193 2018 1483 2080 propterea
1530 2014 1761 2077 scilicet,
1814 2021 1873 2068 ut

305 2096 514 2164 optime
557 2095 890 2155 Wetstenius
942 2098 1077 2167 (99),
1127 2100 1270 2170 quod
1322 2100 1381 2155 in
1426 2103 1602 2172 prima
1643 2104 1871 2174 epistola

308 2200 437 2257 cap.
472 2188 559 2253 ll,
588 2188 764 2259 agitur
815 2189 883 2246 de
914 2191 1205 2247 visitandis
1238 2194 1487 2264 aegrotis,
1520 2207 1572 2250 et
1622 2210 1742 2267 cap.
1778 2198 1865 2261 15,

308 2277 383 2334 de
432 2280 553 2335 aliis
610 2280 839 2347 ciliciis,
906 2298 1026 2353 quae
1095 2299 1208 2339 non
1273 2286 1448 2357 magis
1502 2287 1572 2342 ad
1632 2288 1870 2360 virgines

304 2386 475 2441 quam
517 2372 584 2428 ad
629 2375 897 2446 conjuges
948 2377 1263 2447 pertinent;
1320 2378 1374 2432 in
1433 2378 1672 2434 secunda
1741 2397 1870 2437 vero

302 2469 688 2530 proponuntur
736 2466 982 2534 exempla
1028 2465 1195 2522 Mosis
1225 2506 1242 2527 .
1295 2466 1535 2525 Aaronis
1561 2476 1616 2524 et
1660 2469 1863 2539 Iosute,

302 2551 397 2621 qui
426 2562 577 2608 certe
605 2553 661 2609 in
691 2556 950 2626 conjugio
976 2559 1253 2614 vixerunt.

371 2640 441 2695 At
469 2645 614 2699 enim
645 2644 1011 2718 Hieronymus
1038 2649 1093 2703 in
1125 2649 1589 2719 disputationibus
1619 2668 1741 2710 cum
1769 2654 1867 2710 ad-

298 2736 588 2799 versariis,
626 2753 693 2794 ac
722 2742 1022 2809 praesertim
1051 2756 1117 2796 eo
1149 2742 1203 2795 in
1229 2742 1371 2797 libro
1411 2753 1595 2799 contra
1625 2742 1866 2799 Iovinia-

303 2841 455 2889 num,
487 2829 671 2883 omnia
698 2843 983 2901 exaggerat
1013 2842 1174 2901 atque
1206 2832 1552 2902 hyperbolice
1582 2836 1861 2908 loquitur:

299 2926 363 2971 ut
399 2920 632 2988 proinde
671 2919 815 2975 haud
851 2922 1075 2978 miretur
1125 2922 1398 2992 quispiam
1423 2962 1438 2988 ,
1480 2924 1527 2979 si
1567 2926 1863 2981 secundam

298 3008 687 3063 tantummodo
742 3009 1028 3079 epistolam
1080 3010 1488 3069 Corinthiacam
1538 3015 1895 3097 respicienst

303 3096 567 3163 epistolas
617 3097 787 3154 fuisse
831 3114 862 3152 a
893 3099 1170 3159 Clemente
1211 3106 1541 3176 perscriptas
1579 3113 1808 3163 testatur
1846 3128 1859 3164 :

296 3203 424 3258 qua:
456 3198 541 3246 est
564 3191 798 3261 primum
832 3190 1017 3248 Grabii
1044 3235 1059 3258 ,
1092 3196 1286 3253 deinde
1314 3198 1577 3254 Lardneri
1607 3207 1660 3255 et
1690 3198 1865 3257 Vene-

298 3295 405 3333 ma:
440 3283 725 3337 sententia.
758 3282 891 3339 Esto
925 3305 936 3339 :
972 3289 1319 3343 consueverit
1343 3290 1637 3361 aliquando
1666 3292 1721 3346 in
1752 3292 1866 3348 dis-

297 3372 602 3440 putationis
631 3386 768 3430 testu
811 3393 1136 3449 exaggerare
1180 3382 1576 3457 Hieronymus;
1630 3402 1739 3441 non
1782 3394 1865 3443 est

299 3470 483 3520 tamen
537 3482 639 3521 cur
672 3468 760 3523 hic
794 3470 969 3540 ipsum
1015 3488 1123 3527 non
1175 3474 1440 3541 humane,
1480 3493 1589 3532 non
1649 3479 1866 3548 proprie

298 3553 543 3610 locutum
582 3558 975 3617 existimemus.
1012 3560 1305 3628 Prazterea,
1353 3564 1616 3635 epistolas
1664 3567 1729 3621 ad
1771 3583 1863 3622 eu-

297 3646 496 3700 nuchos
545 3650 893 3720 evangelicos
961 3653 1178 3711 dedisse
1236 3655 1567 3712 Clementem
1618 3659 1864 3729 perhibet

300 3735 359 3790 S.
394 3737 579 3794 Pater.
616 3739 757 3796 Num
788 3757 917 3813 ergo
949 3751 1003 3798 et
1046 3745 1137 3802 hic
1184 3746 1337 3802 illum
1367 3747 1661 3820 hyperbole
1691 3750 1862 3809 fuisse

298 3846 499 3897 usuin;
548 3840 642 3887 aut
686 3834 755 3889 ad
801 3850 897 3892 eos
928 3854 1055 3907 quos
1099 3841 1350 3894 castravit
1399 3857 1503 3896 non
1546 3845 1854 3912 necessitas,

305 3921 395 3975 sed
418 3924 688 3989 voluntas,
733 3927 953 3982 missam
984 3931 1295 4001 putabimus
1320 3948 1441 4003 quae
1469 3942 1553 3989 est
1592 3938 1862 4007 posterior

298 4013 363 4065 ad
388 4011 750 4070 Corinthios?
774 4016 916 4084 Quid
947 4020 1090 4089 quod
1135 4019 1472 4093 Hieronymo
1511 4028 1860 4084 consentiens

298 4099 660 4170 Epiphanius,
690 4112 921 4162 testatur
957 4109 1239 4164 circulares
1282 4113 1533 4181 epistolas
1606 4117 1858 4172 eumdem

296 4189 603 4245 missitasse
632 4189 987 4261 Clementem,
1015 4197 1069 4250 in
1101 4199 1298 4268 quibus
1331 4200 1683 4272 virginitatem
1723 4204 1855 4260 edo-

295 4279 426 4332 cet?
449 4278 536 4333 An
569 4297 701 4337 vero
733 4292 958 4339 sanctus
999 4301 1215 4356 quoque
1261 4286 1701 4348 Constantiensis
1737 4295 1856 4365 epi-

296 4384 499 4439 scopus
532 4386 895 4445 exaggerasse
923 4373 1231 4432 dicendus?
1262 4376 1369 4433 Fac
1401 4379 1639 4451 denique
1669 4383 1724 4438 in
1768 4400 1857 4441 re-

1974 1914 2180 1984 inquit.
2234 1916 2291 1971 in
2351 1918 2613 1992 Catalogo
2660 1922 2987 1994 scriptorum
3032 1926 3529 1987 ecclesiasticarum

1971 2006 2311 2063 Clementem
2338 2026 2447 2065 non
2479 2014 2724 2084 negligit,
2758 2014 3054 2086 laudatque
3095 2018 3216 2089 ejus
3244 2023 3529 2091 epistolam

1971 2098 2201 2168 primam
2233 2101 2300 2156 ad
2328 2101 2646 2161 Corinthios
2674 2125 2688 2162 :
2712 2108 2957 2162 meminit
2984 2116 3038 2163 et
3068 2113 3342 2178 secundae,
3365 2132 3531 2185 quam

1970 2196 2149 2247 tamen
2186 2209 2295 2249 non
2324 2195 2394 2251 ab
2441 2196 2697 2253 omnibus
2738 2198 2950 2253 admitti
2984 2200 3233 2259 allirmat.
3276 2204 3529 2264 Profecto

1969 2296 2079 2336 non
2124 2284 2365 2342 siluisset
2407 2294 2463 2342 et
2511 2288 2755 2359 geminas
2798 2291 2957 2357 alias,
3002 2294 3049 2348 si
3096 2304 3307 2352 nosset.
3338 2317 3358 2350 ι
3404 2297 3529 2354 llias

1969 2373 2158 2443 utique
2189 2390 2298 2430 non
2327 2377 2607 2434 omisisset
2638 2388 2864 2437 sanctus
2896 2382 3107 2449 doctor,
3139 2386 3186 2440 si
3213 2401 3398 2444 nosset
3421 2407 3529 2461 quo

1967 2470 2216 2534 tempore
2245 2467 2445 2522 librum
2475 2468 2551 2523 De
2590 2471 2714 2526 viris
2743 2471 3037 2529 illustribus
3069 2476 3258 2535 edidit.
3318 2477 3528 2538 Hincne

1966 2569 2101 2613 vero
2126 2571 2317 2612 earum
2346 2558 2714 2631 integritatem
2742 2572 3051 2634 suspectam
3083 2569 3310 2624 reddere
3338 2572 3531 2626 liceat?

1966 2644 2134 2710 Cedo,
2152 2664 2261 2718 quo
2280 2651 2499 2705 demum
2518 2668 2661 2708 anno
2673 2654 2907 2710 confecti
2926 2654 3079 2712 fuere
3102 2660 3217 2715 sive
3235 2660 3526 2731 Catalogus

1967 2734 2059 2791 ille
2110 2735 2568 2811 Hieronymianus
2602 2743 2691 2798 ubi
2728 2746 2879 2801 nulla
2917 2756 3229 2804 nostrarum
3275 2753 3530 2822 epistola-

1965 2843 2087 2884 rum
2127 2832 2366 2897 mentio,
2414 2833 2530 2889 sive
2565 2835 2689 2890 libri
2720 2835 2830 2893 duo
2884 2851 3071 2896 contra
3096 2841 3435 2900 Iovinianum
3471 2847 3525 2901 in

1964 2921 2164 2992 quibus
2188 2924 2389 2980 easdem
2413 2942 2479 2981 ex
2505 2935 2692 2982 nostra
2722 2935 2988 2988 sententia
3015 2932 3330 2989 laudantur?
3362 2936 3523 2991 Scili-

1964 3021 2050 3067 cet
2071 3029 2135 3067 ex
2168 3014 2287 3085 ipso
2311 3015 2642 3090 Hieronymo
2663 3021 2927 3078 discimus
2954 3022 3050 3095 (2),
3078 3025 3275 3079 librum
3297 3025 3374 3081 De
3399 3028 3523 3082 riris

1967 3104 2263 3161 illustribus
2307 3107 2479 3165 fuisse
2502 3111 2811 3167 absolutum
2839 3131 2976 3168 anno
3028 3115 3301 3173 Theodosii
3325 3120 3523 3187 princi-

1966 3195 2049 3264 pis
2076 3211 2188 3261 xlv,
2213 3196 2317 3252 hoc
2350 3207 2435 3253 est
2463 3215 2608 3255 anno
2629 3201 2831 3258 Christi
2856 3204 3140 3262 592.Patet
3170 3218 3431 3278 praeterea
3455 3225 3524 3267 ex

1967 3286 2153 3341 eodem
2179 3297 2374 3345 sancto
2407 3290 2651 3359 doctore,
2680 3295 2851 3350 libros
2880 3296 3145 3353 adversus
3171 3298 3521 3358 Iovinianum

1966 3386 2090 3449 post
2122 3379 2269 3434 hunc
2308 3382 2485 3452 ipsum
2531 3399 2734 3439 annum
2775 3386 3046 3454 prodiisse
3095 3408 3108 3443 :
3155 3390 3426 3459 siquidem
3466 3393 3524 3449 in

1965 3482 2154 3522 eorum
2186 3470 2383 3540 primo,
2421 3487 2573 3527 num.
2615 3472 2685 3527 26
2737 3475 2919 3544 operis
2966 3474 3045 3530 De
3072 3477 3196 3530 viris
3225 3478 3522 3535 illustribus

1964 3559 2231 3615 meminit.
2262 3560 2461 3627 Quare,
2514 3577 2656 3619 anno
2709 3566 2989 3619 minimum
3041 3567 3167 3631 395,
3207 3578 3301 3624 aut
3342 3570 3521 3628 serius

1962 3650 2214 3713 fortasse,
2269 3658 2460 3705 contra
2490 3652 2833 3708 Iovinianum
2890 3654 3170 3725 scripserit
3201 3655 3258 3711 S.
3306 3656 3518 3716 doctor.

1962 3739 2106 3795 Nihil
2139 3740 2303 3811 igitur
2331 3743 2550 3808 mirum,
2595 3743 2643 3799 si
2682 3742 2748 3799 de
2774 3746 2971 3815 quibus
3004 3745 3242 3816 loquitur
3272 3747 3522 3804 Clemen-

1962 3834 2092 3889 tinis
2121 3835 2368 3905 epistolis
2399 3835 2455 3890 in
2483 3836 2551 3892 iis
2579 3837 2756 3901 libris,
2782 3853 2876 3893 eas
2907 3839 2960 3892 in
3000 3838 3257 3911 Catalogo
3297 3852 3520 3911 praeter-

1962 3927 2104 3983 ierit.
2150 3927 2263 3985 Cur
2300 3929 2373 3982 ita
2403 3927 2641 3992 demum,
2696 3930 2947 4001 inquies?
2997 3932 3122 4002 quia
3168 3932 3421 3990 videlicet
3460 3934 3515 3988 in

1960 4019 2183 4090 prologo
2214 4019 2282 4075 ad
2336 4020 2584 4076 eumdem
2631 4019 2948 4093 Catalogum
2992 4026 3236 4094 queritur
3288 4026 3517 4097 ipsemet

1960 4108 2342 4181 Hieronymus,
2369 4112 2625 4182 pleraque
2653 4121 2781 4168 tunc
2813 4115 2915 4169 sibi
2961 4115 3129 4172 fuisse
3158 4117 3513 4187 incomperta.

1961 4199 2140 4271 Neque
2160 4204 2317 4267 enim,
2349 4205 2445 4268 ait,
2474 4204 2537 4257 de
2569 4204 2648 4260 his
2694 4222 2811 4275 qua:
2857 4223 2956 4261 non
3003 4208 3119 4278 legi,
3160 4225 3310 4264 nosse
3336 4211 3515 4279 potui;

1957 4301 2008 4345 et
2039 4290 2177 4360 quod
2204 4291 2324 4346 aliis
2355 4293 2579 4361 forsitan
2620 4296 2689 4347 sit
2718 4306 2917 4360 notum,
2962 4297 3087 4351 mihi
3137 4299 3191 4351 in
3221 4298 3317 4354 hoc
3347 4308 3512 4353 terra-

1958 4398 2075 4434 rum
2104 4381 2297 4451 angulo
2327 4382 2485 4451 fuerit
2514 4383 2764 4452 ignotum.
2803 4383 2941 4451 Quid
2990 4402 3172 4457 porro,
3204 4389 3250 4443 si
3280 4389 3517 4445 sanctis-

293 4459 460 4530 liquis
493 4479 618 4532 quin
646 4465 969 4520 exciderunt
1006 4470 1329 4536 posterioris
1370 4471 1626 4542 Epistolas
1660 4474 1854 4532 Corin—
1885 4482 1930 4540 ι)
1957 4472 2129 4527 simus
2156 4474 2345 4528 doctor
2394 4474 2449 4529 in
2504 4475 2812 4531 subsecutis
2863 4477 3016 4533 libris
3062 4479 3215 4548 plura
3253 4489 3516 4536 memoret

296 4552 513 4617 thiacae,
547 4552 721 4609 fuisse
746 4555 815 4609 de
843 4554 1168 4626 Virginitate
1197 4558 1437 4616 locutum
1470 4564 1807 4624 Clementem
1837 4590 1851 4626 :

292 4655 343 4699 at
369 4646 671 4715 quomodo,
705 4647 890 4713 sodes,
922 4648 977 4702 in
1002 4664 1067 4705 ea
1094 4666 1214 4719 qua:
1252 4666 1549 4723 supersunt
1587 4661 1857 4729 quadrent

288 4733 611 4807 Hieronymi
640 4738 825 4803 verba,
855 4740 1055 4810 quibus
1103 4741 1330 4797 allirmat
1362 4745 1418 4800 in
1464 4748 1573 4804 illis
1601 4750 1856 4808 Clemen-

287 4826 420 4881 tinis
447 4826 707 4897 Epistolis
742 4846 941 4886 omnem
971 4850 1097 4903 pene
1126 4853 1412 4894 sermonem
1451 4841 1617 4910 fuisse
1652 4842 1716 4898 de
1750 4847 1856 4899 vir-

286 4920 534 4992 ginitatis
572 4924 803 4991 puritate
851 4932 1197 4986 contextum?
1228 4928 1306 4985 lbi
1355 4948 1590 5004 namque
1632 4938 1853 5005 potissi-

288 5026 437 5064 mum
497 5011 760 5081 pleraque
826 5024 1123 5071 occurrunt
1180 5018 1249 5073 de
1305 5019 1525 5077 Christo
1572 5022 1725 5090 Deo,
1783 5025 1853 5081 de

286 5102 595 5157 vocationis
625 5102 949 5163 Christianae
993 5111 1305 5179 praestantia
1327 5152 1343 5178 ,
1383 5112 1452 5168 de
1494 5116 1682 5172 mundi
1718 5133 1852 5173 con-

288 5198 526 5261 temptu,
568 5191 636 5248 de
664 5197 967 5253 certamine
994 5200 1265 5269 spirituali
1286 5240 1302 5266 ,
1346 5203 1416 5258 de
1444 5205 1626 5261 carnis
1664 5221 1851 5261 resur-

288 5287 558 5352 rectione,
582 5285 649 5342 de
674 5288 834 5344 bonis
863 5292 1169 5361 promissis,
1196 5301 1328 5360 etc.,
1354 5297 1684 5366 paucissima
1720 5313 1851 5354 vero

287 5376 357 5430 de
396 5378 642 5433 castitate
682 5380 734 5432 in
757 5398 940 5450 genere
963 5423 979 5448 ,
1021 5386 1275 5442 omnibus
1315 5389 1477 5443 etiam
1518 5390 1845 5460 conjugatis,

364 5593 475 5661 l98)
514 5592 761 5672 Aug”?!
778 5595 925 5672 :Ioan
958 5641 971 5655 .
1005 5606 1161 5655 tract.
1221 5599 1343 5668 120,
1371 5600 1477 5672 §2,
1510 5602 1642 5672 Opp.
1672 5611 1711 5658 t.
1740 5602 1802 5659 Ill
1828 5645 1842 5670 ,

291 5674 433 5732 part.
466 5680 528 5724 ll,
557 5666 665 5718 col.
698 5666 823 5721 804.

362 5732 552 5791 t'J‘JlL.
589 5750 663 5797 c.,
698 5751 815 5805 pag.
843 5737 929 5792 40.

1958 4571 2312 4619 tractatorqu
2367 4567 2861 4622 ecclesiasticarum
2891 4584 3051 4639 Opera
3073 4610 3088 4632 ,
3112 4585 3231 4640 qua:
3258 4569 3386 4624 dum
3420 4587 3515 4627 eo—

1957 4657 2203 4713 rumdem
2242 4660 2448 4730 reliqua
2477 4660 2531 4714 in
2561 4659 2817 4733 Catalogo
2837 4677 3161 4728 reccnseret,
3193 4663 3512 4719 omisit?An

1956 4761 2084 4799 vero
2116 4745 2299 4801 ﬁctilia
2332 4751 2634 4819 reputanda
2656 4766 2819 4822 opera
2848 4753 2960 4821 illa,
2981 4770 3046 4809 eo
3069 4754 3214 4825 quod
3237 4755 3425 4810 eadem
3456 4755 3510 4811 in

1955 4835 2214 4907 Catalogo
2243 4841 2677 4909 praetermisisset
2694 4844 2884 4900 doctor
2904 4846 3214 4901 maximus?
3241 4844 3352 4901 imo
3380 4863 3510 4902 vero

1955 4944 2116 4983 nemo
2141 4929 2264 5000 jure
2298 4947 2405 4986 non
2431 4933 2625 4990 dixerit
2670 4949 2794 4990 cum
2830 4937 2948 5007 ipso
2973 4937 3324 5012 Hieronymo,
3356 4940 3507 4993 illum

1954 5036 2148 5090 nempe
2176 5039 2291 5092 qua:
2326 5030 2457 5080 tunc
2512 5043 2613 5079 non
2663 5028 2876 5098 legerat,
2910 5046 3059 5083 nosse
3108 5046 3208 5084 non
3256 5032 3507 5099 potuisse,

1953 5112 2188 5183 quodque
2219 5116 2271 5168 in
2317 5116 2409 5171 illo
2440 5126 2703 5172 terrarum
2756 5120 2969 5188 angulo,
2998 5121 3052 5175 in
3089 5121 3379 5177 solitudine
3407 5121 3507 5177 Be-

1953 5205 2280 5262 thleemitica
2305 5249 2319 5272 ,
2352 5209 2400 5263 ei
2435 5217 2593 5264 antea
2619 5211 2789 5280 fuerat
2807 5213 3057 5282 ignotum,
3081 5222 3264 5283 postea
3279 5228 3509 5284 comper-

1954 5298 2082 5355 isse.
2128 5298 2388 5369 Agedum,
2409 5316 2517 5354 uno
2541 5302 2624 5356 vel
2655 5303 2824 5357 altero
2852 5304 3095 5373 exemplo
3122 5319 3233 5358 rem
3258 5305 3509 5360 adstrua-

1954 5402 2097 5441 mus.
2152 5386 2192 5442 l.
2233 5387 2491 5445 Memorat
2542 5389 2903 5463 Hieronymus
2958 5394 3012 5447 in
3064 5395 3292 5465 epistola
3323 5395 3502 5463 Ἡ,εά

2023 5605 2173 5677 (100)
2190 5676 2193 5677 ν
2210 5604 2405 5675 Epist.,
2437 5622 2556 5677 pag.
2591 5608 2679 5661 54.

2023 5606 2177 5728 (10οὲ
2210 5606 2405 5675 Epist.,
2437 5622 2556 5677 pag.
2591 5608 2679 5661 54.
2866 5680 2875 5688 .

2155 5676 2334 5761 “lenis,
2365 5678 2578 5761 ep‘i‘st._1
2641 5678 2714 5757 [le
2748 5679 2947 5761 virgrn..
2986 5694 3104 5761 car.
3136 5679 3189 5733 4.
3233 5751 3326 5761 ___.

2027 5745 2101 5814 (9)
2144 5746 2218 5799 Dc
2250 5747 2344 5800 vir.
2394 5745 2615 5813 illustr.,
2662 5748 2717 5802 in
2748 5745 2953 5820 prelog.
2984 5759 3036 5803 et
3054 5745 3192 5820 'cap.
3228 5751 3348 5805 155.
