4070 6340
562 364 665 420 115

1678 358 1767 412 AD
1806 357 1865 415 S.
1905 353 2325 412 CLEMENTEM
2364 353 2385 407 1
2422 351 2652 408 PAPAM

3681 345 3781 399 H6

558 480 849 537 Lucinium
899 494 953 533 n.
986 478 1055 543 4,
1100 476 1373 549 Hippolyti
1424 476 1742 533 Portuensis
1797 476 2118 546 opusculum
2150 476 2195 533 Α
2224 487 2367 526 nunc
2390 473 2624 526 strictim
2676 468 2869 524 saltem
2910 480 3232 538 proponere,
3281 468 3471 520 nostra
3517 459 3784 517 interesse

563 574 762 627 Contra
790 569 997 635 Gentes,
1026 570 1185 639 cujus
1219 570 1366 624 nulla
1395 572 1597 625 mentio
1626 586 1681 625 in
1709 570 1967 639 CataIOgo
1996 581 2116 637 cap.

560 666 649 720 61.
688 663 844 717 Haud
872 663 1121 733 equidem
1158 663 1362 717 miror:
1395 662 1449 717 in
1496 678 1561 717 eo
1594 663 1738 717 enim
1785 665 2030 715 recenset
2058 657 2117 715 ὃ.

561 757 753 812 doctor
781 753 1058 826 Hippolyti
1086 754 1256 809 libros
1286 770 1424 824 quos
1446 755 1656 823 reperit,
1691 760 1751 807 ut
1794 753 1911 822 ipse
1952 759 2121 807 testa—

559 858 685 903 tur:
726 848 795 902 ab
824 862 890 902 eo
918 854 1097 900 autem
1126 854 1316 917 postea
1362 853 1638 915 repertum
1668 861 1807 915 opus
1836 843 1967 898 illud
1991 859 2122 913 apo-

562 938 874 1008 logeticum,
908 937 1111 992 indicat
1156 951 1333 991 annus
1384 935 1510 997 597,
1546 949 1655 1005 quo
1698 934 1901 1003 scripta
1948 932 2122 987 fertur

559 1027 747 1082 eadem
777 1026 1026 1097 epistola.
1081 1023 1146 1080 ιι.
1176 1024 1235 1079 In
1281 1023 1598 1094 prtelatione
1640 1021 1707 1075 ad
1737 1021 1932 1075 librum
1961 1034 2117 1085 xvm,

560 1118 615 1171 in
643 1117 860 1181 Isaiam,
898 1114 1216 1187 Dionysium
1267 1113 1690 1169 Alexandrinum
1740 1112 1938 1169 librum
1969 1125 2121 1167 com-

561 1207 811 1278 posuisse
838 1206 1004 1260 tradit
1031 1211 1221 1259 contra
1269 1202 1530 1260 Irenaeum
1565 1203 1982 1275 Lugdunensem
2006 1201 2121 1272 epi-

560 1312 807 1367 scopum,
840 1296 1130 1350 chiliastici
1156 1296 1311 1367 regni
1343 1304 1709 1365 assertorem;
1745 1309 1906 1365 quem
1938 1303 2121 1347 tamen

561 1391 762 1445 omittit
784 1390 842 1443 in
871 1370 1127 1458 Catalogo
1155 1404 1277 1459 cap.
1310 1388 1400 1453 69,
1435 1390 1562 1445 licet
1589 1390 1663 1444 ibi
1720 1388 1963 1459 ejusdem
1997 1386 2122 1441 Dio-

559 1480 700 1551 nysii
733 1496 957 1550 operum
995 1481 1367 1535 recensionem
1420 1480 1575 1552 longe
1603 1488 1912 1536 accuratam
1958 1478 2119 1539 insti-

559 1579 698 1625 tuat.
727 1570 897 1641 Cujus
927 1570 1127 1626 silentii
1155 1571 1295 1626 ratio
1323 1588 1386 1627 ea
1416 1571 1632 1627 demum
1658 1580 1761 1635 est,
1799 1570 1943 1641 quod
1973 1585 2122 1625 com-

558 1662 823 1718 mentaria
879 1663 970 1718 illa
1025 1663 1266 1734 quinque
1315 1669 1440 1732 post
1487 1677 1658 1717 annos
1709 1660 1910 1715 fuerint
1937 1662 2121 1715 elucu-

554 1753 731 1808 brata.
763 1752 949 1824 Neque
1004 1754 1151 1808 enim
1197 1753 1453 1809 assentiri
1509 1767 1728 1824 possum
1758 1750 1975 1808 Valesio
2004 1753 2120 1805 viro

2221 562 2618 618 existimamus.

2291 651 2534 708 Primum
2574 652 2739 722 igitur
2787 652 2842 705 in
2874 651 2959 706 his
2991 648 3234 720 epistolis
3277 644 3521 718 Syriacis
3548 643 3786 699 nonnul-

2222 742 2304 798 las
2353 744 2651 798 sententias
2702 742 3086 813 perspicimus.
3139 754 3276 810 quas
3330 752 3484 809 paene
3511 734 3785 799 αὐτολεξεὶ

2222 833 2427 889 Graeca:
2462 836 2670 905 pariter
2720 833 2999 889 exhibent.
3048 830 3225 886 Unum
3278 830 3575 885 alterumve
3601 827 3781 898 Speci-

2220 939 2345 979 men
2374 924 2578 994 accipe.
2635 923 2676 978 l.
2711 922 2963 993 Legimus
3017 922 3071 976 in
3120 920 3293 991 Epist.
3351 919 3377 973 1
3431 917 3498 972 ad
3531 914 3778 972 Corinth.

2221 1028 2342 1084 cap.
2374 1013 2478 1068 27:
2513 1013 2631 1067 Hac
2653 1014 2814 1084 igitur
2837 1028 2934 1084 spe
2957 1012 3121 1067 animi
3143 1011 3311 1065 nostri
3327 1010 3394 1063 ad
3415 1025 3533 1063 eum
3547 1009 3781 1062 adstrin-

2218 1114 2431 1175 gantur,
2470 1105 2563 1175 qui
2594 1104 2767 1158 ﬁdelis
2800 1116 2883 1159 est
2913 1105 2969 1157 in
2993 1101 3558 1173 promissionibus.—
3587 1100 3691 1167 Qui
3720 1115 3783 1154 ne

2220 1195 2535 1249 mentiamur
2548 1197 2812 1263 prazcepit,
2831 1194 2993 1247 multo
3012 1194 3178 1263 magis
3198 1192 3313 1264 ipse
3328 1208 3436 1246 non
3456 1193 3746 1245 mentietur
3767 1206 3784 1245 :

2218 1287 2351 1342 nihil
2377 1288 2564 1357 quippe
2606 1285 2716 1342 Deo
2745 1286 3109 1356 impossibile,
3142 1294 3488 1354 praeterquam
3532 1283 3777 1337 mentiri.

2223 1376 2314 1433 Sic
2350 1379 2508 1449 plane
2536 1379 2588 1431 in
2622 1379 2783 1447 epist.
2827 1379 2853 1432 1
2884 1376 2951 1430 ad
2976 1377 3216 1446 virgines,
3253 1375 3459 1445 cap.4:
3494 1373 3783 1430 Desiderat

2220 1487 2371 1540 spem
2395 1470 2718 1541 promissam
2742 1479 2791 1524 et
2811 1478 3162 1539 prwparatam
3184 1476 3233 1522 et
3252 1467 3485 1537 positam
3506 1467 3561 1519 in
3588 1465 3730 1519 caelis
3749 1482 3782 1517 α

2220 1563 2350 1627 Deo,
2403 1563 2493 1633 qui
2523 1562 2771 1633 promisit
2799 1576 2894 1617 ore
2921 1569 2975 1616 et
3019 1576 3127 1615 non
3155 1560 3437 1615 mentitur.
3476 1557 3781 1627 Utrobique

2220 1657 2430 1713 scilicet
2465 1655 2694 1711 Paulum
2736 1655 3070 1726 apostolum,
3131 1660 3190 1709 ut
3246 1655 3479 1717 assolet,
3538 1652 3785 1706 imitatur

2219 1749 2506 1815 Clemens;
2540 1748 2680 1817 apud
2722 1763 2880 1818 quem
2934 1746 3122 1802 eadem
3166 1746 3385 1818 phrasis
3424 1745 3665 1800 occurrit
3691 1744 3779 1799 “:

557 1842 902 1911 doctissimo,
921 1844 1166 1900 censenti
1192 1844 1267 1916 (5)
1290 1843 1349 1901 S.
1375 1844 1653 1899 doctorem
1680 1843 1860 1898 minus
1884 1851 2028 1898 recte
2060 1842 2115 1898 in
2148 1830 2191 1887 Β
2222 1838 2290 1894 Ut
2324 1855 2416 1909 per
2459 1839 2593 1895 duas
2641 1856 2723 1894 res
2761 1838 3075 1903 immobiles,
3119 1839 3176 1893 in
3214 1838 3401 1909 quibus
3442 1836 3784 1908 impossibile

554 1933 815 1989 Irenaeum
846 1933 1163 1999 transferre,
1188 1950 1308 2006 qua:
1329 1935 1588 1990 adversus
1623 1933 1880 2005 Nepotem
1911 1934 2118 2004 episco-

554 2040 685 2095 pum
717 2024 1030 2096 Egyptium
1083 2025 1373 2098 Dionysius
1422 2026 1612 2080 litteris
1633 2024 1876 2079 tradidit.
1934 2023 2116 2095 Siqui-

554 2117 676 2170 dem
705 2117 762 2171 in
789 2116 1045 2188 Catalogo
1084 2118 1287 2173 diserte
1317 2117 1564 2187 perhibet
1593 2116 1973 2188 Hieronymus,
2008 2118 2116 2170 sic-

554 2211 634 2263 uti
674 2216 800 2265 ante
842 2210 1019 2279 ipsum
1069 2218 1123 2265 et
1175 2208 1466 2273 Eusebius,
1506 2209 1638 2264 duos
1678 2210 1836 2263 libros
1878 2209 2117 2265 edidisse

556 2301 871 2372 Dionysium
908 2301 1168 2358 adversus
1208 2301 1505 2372 Nepotem:
1565 2302 1622 2356 in
1658 2300 1971 2371 praefatione
2018 2316 2116 2356 au-

554 2405 659 2447 tem
691 2394 759 2448 ad
814 2393 1008 2448 Isaiam
1063 2395 1102 2450 l.
1146 2409 1195 2449 c.
1246 2392 1497 2449 eumdem
1546 2392 1865 2463 Dionysium
1924 2392 2115 2447 librum

552 2488 838 2557 evulgasse
906 2486 1167 2541 adversus
1225 2484 1485 2540 lrenmum
1540 2494 1835 2541 asseverat.
1896 2483 1983 2541 Ill.
2038 2486 2115 2542 De

552 2575 751 2641 Pierio,
771 2577 1029 2632 Ecclesiae
1063 2576 1439 2631 Alexandrina:
1478 2577 1814 2648 presbytero,
1840 2579 1999 2631 verba
2034 2578 2115 2632 fa-

554 2671 707 2726 ciens
739 2670 794 2724 in
823 2668 1079 2741 Catalogo
1110 2684 1231 2738 cap.
1289 2667 1377 2731 76,
1407 2667 1464 2724 S.
1507 2667 1700 2733 Pater,
1745 2669 1865 2738 ejus
1913 2677 2115 2724 tracta-

553 2768 668 2813 tum
699 2759 766 2815 de
793 2760 1057 2831 propheta
1087 2758 1226 2815 Osee
1283 2760 1662 2814 tantummodo
1717 2761 2002 2816 nominat:
2057 2762 2113 2815 in

551 2850 780 2919 epistola
829 2865 957 2903 vero
1011 2849 1100 2912 49,
1134 2865 1284 2904 num.
1346 2850 1400 2915 5,
1432 2851 1534 2905 sub
1592 2851 1751 2905 ﬁnem
1806 2852 1935 2905 anni
1984 2852 2110 2918 595,

550 2938 897 2996 Pammachio
920 2941 1180 3013 inscripta
1200 2982 1215 3007 ,
1246 2941 1491 3011 ejusdem
1520 2939 1685 2996 Pierii
1716 2942 2111 3013 amplissimum

549 3033 1000 3087 commentarium
1058 3034 1113 3087 in
1144 3033 1440 3104 Epistolam
1469 3034 1489 3088 l
1545 3030 1613 3090 ad
1655 3032 1967 3092 Corinthios
1996 3038 2111 3093 col-

550 3125 756 3181 laudat.
811 3122 902 3183 ιν.
945 3125 1314 3183 Ρταξιθτιηίιιίι
1374 3130 1428 3183 in
1480 3130 1755 3201 Catalogo,
1809 3145 1930 3200 cap.
1985 3130 2107 3194 129,

549 3216 762 3289 Didymi
782 3216 1245 3274 Commentarium
1301 3222 1356 3275 in
1412 3220 1691 3288 Psalmos;
1740 3221 1902 3291 cujus
1931 3229 2112 3277 tamen

549 3308 798 3364 meminit
827 3309 884 3364 in
915 3310 1152 3380 Epistola
1179 3311 1301 3378 112,
1333 3329 1391 3368 n.
1420 3312 1511 3377 20,
1560 3328 1706 3368 anno
1740 3315 1866 3381 404,
1900 3313 1965 3369 ad
1998 3316 2113 3368 Au-

548 3397 830 3467 gustinum
856 3399 1043 3455 missa.
1072 3399 1198 3457 Dies
1226 3417 1313 3457 me
1345 3402 1579 3468 deﬁciet,
1624 3405 1670 3460 si
1700 3405 1881 3460 omnia
1925 3421 2115 3461 recen-

548 3502 672 3543 sere
701 3490 858 3544 velim
903 3505 1023 3559 qua:
1071 3498 1314 3546 veterum
1371 3494 1701 3564 scriptorum
1749 3510 1912 3566 Opera
1961 3497 2114 3565 prius

548 3579 755 3634 omissa
785 3579 843 3633 in
873 3580 1013 3635 libro
1040 3579 1117 3635 De
1155 3583 1280 3636 viris
1306 3582 1628 3649 illustribus,
1674 3586 1729 3639 in
1760 3586 1881 3641 aliis
1926 3598 2115 3656 postea

546 3669 1021 3725 lucubrationibus
1050 3669 1491 3743 Hieronymianis
1518 3676 1891 3731 enuntiantur.
1911 3675 2112 3732 Verum

548 3760 685 3814 satis
733 3758 850 3813 haec
903 3770 1109 3815 sunto:
1147 3777 1213 3817 ex
1267 3764 1468 3833 quibus
1528 3765 1595 3821 lis
1637 3768 1815 3822 omnis
1847 3766 2114 3839 dirempta

542 3865 664 3927 esse
693 3849 925 3907 videtur.

613 3939 691 3996 Ne
720 3942 844 4012 quis
876 3951 1054 3998 autem
1086 3953 1237 4014 putet
1266 3946 1353 4001 his
1379 3945 1594 4003 duobus
1615 3950 1990 4005 tantummodo
2014 3966 2107 4006 an-

546 4032 714 4102 tiquis
742 4032 998 4090 Patribus
1053 4035 1326 4106 Epistolas
1376 4037 1443 4092 de
1465 4039 1665 4109 quibus
1696 4041 1908 4111 agimus
1940 4042 2113 4099 fuisse

545 4132 861 4196 perspectas
888 4147 900 4181 :
930 4129 1195 4197 siquidem
1224 4137 1280 4185 et
1308 4130 1444 4186 alios
1470 4132 1794 4188 vetustiores
1831 4134 1950 4190 illas
1964 4134 2110 4189 haud

544 4216 832 4286 ignorasse
863 4221 1230 4289 comperimus
1262 4237 1325 4276 ex
1368 4223 1641 4292 plerisque
1673 4224 1806 4279 locis
1832 4226 2109 4295 parallelis

540 4308 743 4366 Justini
772 4311 1048 4383 martyris,
1086 4311 1381 4370 Clementis
1435 4314 1807 4381 Alexandrini,
1853 4315 2108 4388 Cypriani

543 4410 709 4472 atque
738 4401 965 4473 insuper
985 4404 1229 4473 ejusdem
1279 4403 1626 4477 Hieronymi,
1658 4424 1779 4477 quae
1822 4408 2108 4479 diligenter

2216 1941 2301 1989 est
2325 1933 2543 1987 mentiri
2571 1932 2761 1997 Deum,
2800 1932 3149 2001 fortissimum
3188 1931 3437 1986 solatium
3468 1928 3782 1992 habeamus,

2215 2026 2309 2097 qui
2334 2024 2680 2097 confugimus
2697 2025 2763 2079 ad
2780 2024 3068 2079 tenendam
3093 2026 3422 2094 propositam
3447 2037 3617 2092 spem.
3638 2019 3702 2077 ll.
3724 2020 3784 2076 In

2216 2117 2390 2188 Epist.
2424 2119 2451 2173 1
2485 2117 2554 2171 ad
2593 2115 2858 2178 Corinth.,
2894 2130 3016 2184 cap.
3047 2114 3101 2177 4,
3136 2114 3210 2168 ita
3241 2114 3434 2168 scribit
3486 2110 3545 2167 S.
3577 2110 3780 2167 Pater:

2216 2208 2513 2264 Jmulatio
2552 2208 2743 2277 effecit,
2797 2214 2856 2260 ut
2877 2204 3079 2274 Josepb
3112 2203 3179 2258 ad
3202 2212 3428 2257 mortem
3453 2218 3629 2272 usque
3653 2218 3784 2274 per-

2214 2302 2546 2357 secutionem
2573 2300 2886 2360 sustineret,
2913 2296 3037 2351 etin
3070 2296 3385 2352 servitutem
3408 2295 3777 2351 addiceretur.

2215 2393 2415 2449 Eadem
2455 2392 2711 2463 loquendi
2760 2391 2899 2445 ratio
2928 2392 2984 2444 in
3024 2390 3184 2459 epist.
3225 2389 3261 2443 2
3313 2387 3380 2442 ad
3408 2390 3620 2459 virgin.,
3650 2404 3776 2459 cap.

2215 2485 2280 2540 8:
2304 2482 2490 2539 Nonne
2518 2481 2955 2553 pulchritudinem
2982 2482 3137 2551 hujus
3160 2482 3294 2536 casti
3322 2492 3371 2536 et
3397 2483 3522 2536 recti
3541 2479 3775 2552 (Ioseph)

2215 2577 2502 2644 concupiuit
2534 2575 2765 2631 mulier?
2805 2584 2862 2628 ut
2906 2575 2962 2628 in
3002 2574 3416 2643 concupiscentia
3435 2590 3551 2627 cum
3577 2590 3679 2627 non
3722 2590 3777 2628 se

2215 2668 2491 2738 subjiceret
2513 2678 2563 2722 et
2589 2667 2867 2721 inclinaret
2906 2676 2965 2719 ut
2999 2667 3193 2736 faceret
3224 2667 3489 2720 libidinem
3510 2676 3558 2720 et
3588 2666 3774 2721 uolun-

2217 2769 2376 2814 tatem
2402 2760 2536 2830 ejus,
2563 2760 2617 2813 in
2645 2774 2860 2815 omnem
2885 2758 3232 2814 afﬁictionem
3259 2766 3313 2813 et
3341 2757 3396 2811 in
3418 2772 3629 2812 omnem
3646 2773 3775 2813 cru-

2214 2853 2417 2907 ciatum
2444 2853 2741 2923 conjiceret
2781 2853 2957 2906 virum
2979 2851 3188 2922 justum
3225 2867 3399 2922 usque
3422 2851 3488 2906 ad
3518 2858 3770 2907 mortem.

2214 2942 2302 2997 Ill.
2332 2942 2390 2998 ln
2422 2944 2580 3012 epist.
2616 2943 2642 2996 1
2678 2941 2747 2995 ad
2773 2942 2960 3012 uirgin.
3011 2943 3194 2997 laudat
3230 2942 3481 2997 Clemens
3506 2943 3774 3011 operarios

2215 3037 2480 3090 imitantes
2524 3035 2739 3091 Patrem
2790 3043 2844 3112 et
2889 3033 3090 3089 Filium
3127 3041 3180 3090 et
3212 3032 3473 3105 Spiritum
3498 3044 3772 3090 sanctum.

2218 3129 2428 3196 Quibus
2460 3128 2636 3182 allinia
2667 3143 2733 3183 ex
2766 3128 2873 3183 alio
2899 3128 3142 3198 ejusdem
3186 3124 3479 3181 Clementis
3504 3126 3625 3181 loco
3650 3141 3775 3196 pro-

2218 3220 2321 3274 fert
2377 3218 2434 3273 S.
2491 3218 2752 3283 Basilius,
2811 3218 2891 3272 sic
2943 3217 3192 3287 inquiens
3237 3216 3363 3287 (5):
3430 3216 3488 3270 '0
3546 3214 3776 3286 Κλήμης

2216 3308 2785 3382 ἀρχαϊκώτερον’‹Ζῇ,
2838 3310 3019 3380 φησὶν,
3081 3310 3109 3361 ὁ
3157 3307 3307 3373 Θεὸς,
3364 3307 3456 3360 καὶ
3512 3307 3542 3360 ὁ
3578 3302 3775 3378 Κύριος

2229 3401 2434 3473 Ἰησοῦς
2469 3401 2719 3473 Χριστὸς,
2768 3403 2861 3455 καὶ
2900 3400 2961 3454 τὸ
3006 3400 3229 3473 Πνεῦμα
3283 3400 3344 3453 τὸ
3393 3398 3567 3470 ἅγιον.
3597 3422 3616 3453 s
3655 3399 3775 3455 Cle-

2215 3512 2358 3550 mens
2420 3494 2951 3564 simpliciuanivit,
3032 3494 3220 3563 inquit,
3272 3492 3432 3555 Deus,
3486 3501 3536 3547 et
3588 3491 3774 3545 Domi-

2215 3608 2311 3644 nus
2368 3588 2524 3644 Jesus
2580 3587 2844 3651 Christus,
2906 3595 2955 3640 et
3001 3586 3233 3655 Spiritus
3288 3593 3523 3640 sanctus.
3579 3604 3598 3636 ι
3654 3583 3773 3637 Alia

2213 3682 2483 3751 ejusmodi
2509 3680 2655 3734 haud
2688 3692 2859 3750 pauca
2908 3678 2964 3731 in
3005 3683 3256 3747 promptu
3288 3683 3449 3729 erunt
3502 3673 3774 3745 Epistolas

2212 3773 2591 3830 Corinthiacas
2621 3785 2684 3825 ac
2741 3768 2994 3841 Syriacas
3051 3774 3253 3822 attente
3282 3765 3509 3837 legenti,
3571 3779 3777 3835 easque

2213 3860 2403 3917 sedulo
2432 3858 2664 3912 invicem
2688 3856 3022 3923 conferenti;
3054 3856 3255 3925 quibus
3280 3853 3507 3924 proinde
3531 3853 3775 3909 referen-

2213 3953 2300 4008 dis
2360 3950 2795 4023 supersedemus.
2861 3947 2963 4002 Hic
3008 3955 3192 4001 tamen
3246 3947 3379 4002 illud
3429 3946 3773 4001 solummodo

2210 4061 2431 4101 rursum
2463 4044 2732 4114 subjicere
2763 4042 2961 4112 placet,
2993 4040 3137 4111 quod
3187 4055 3255 4095 ex
3305 4040 3422 4093 viro
3452 4038 3772 4095 doctissimo

2211 4137 2288 4209 (6)
2322 4138 2576 4206 superius
2622 4134 2992 4207 protulimus:
3054 4150 3073 4183 ‹
3104 4131 3222 4198 Quo
3276 4131 3627 4202 singularior,
3672 4131 3770 4193 ait,

2209 4236 2294 4286 est
2325 4228 2598 4284 sententia
2633 4227 2829 4281 iterum
2863 4225 3093 4295 prolata,
3123 4239 3189 4279 eo
3219 4225 3398 4294 aptior
3425 4231 3509 4279 est
3550 4223 3619 4277 ad
3648 4238 3775 4293 per-

2209 4321 2567 4387 suadendum,
2599 4320 2857 4390 epistolas
2908 4318 2965 4373 in
3011 4317 3209 4388 quibus
3265 4317 3468 4387 pariter
3494 4316 3770 4381 laudatur,

2213 4417 2283 4471 ab
2312 4430 2421 4469 uno
2451 4420 2675 4467 auctore
2706 4410 2996 4481 proﬁcisci.
3027 4407 3205 4463 Unum
3240 4408 3381 4461 enim
3414 4406 3775 4477 eumdemque

542 4493 850 4563 conquisita
876 4495 1053 4565 exegit
1098 4496 1163 4549 ad
1194 4493 1532 4552 Clementina
1581 4498 1835 4555 laudatus
1870 4499 2108 4556 Wetste-
2138 4526 2182 4582 D
2210 4509 2412 4567 locum,
2468 4504 2560 4558 ubi
2591 4516 2711 4556 sese
2739 4499 2895 4555 odert
2922 4498 3159 4561 occasio,
3190 4497 3257 4551 ab
3286 4497 3475 4552 eodem
3505 4498 3775 4567 scriptore

542 4586 671 4639 nius
701 4586 801 4656 (4).
858 4586 926 4641 Et
965 4604 1029 4643 ea
1076 4588 1295 4659 quidem
1348 4590 1437 4645 hic
1487 4590 1800 4648 describere
1831 4594 2103 4651 libuisset.

541 4676 744 4732 Verum
776 4694 874 4749 pro
901 4680 1136 4736 instituti
1182 4681 1356 4737 nostri
1390 4684 1602 4738 ratione
1652 4685 1824 4741 satius
1852 4686 2107 4743 duximus

540 4769 633 4823 illa
666 4770 1095 4839 prastermittere,
1129 4788 1194 4827 ne
1249 4771 1465 4843 longius
1494 4789 1657 4844 quam
1685 4790 1783 4844 par
1811 4776 1882 4830 sit
1910 4792 2099 4831 excur-

541 4867 625 4913 rat
654 4859 850 4915 oratio.

612 4950 752 5007 Xlll.
784 4951 1235 5023 Quandoquidem
1282 4968 1413 5009 vero
1441 4962 1636 5024 praeter
1666 4964 1981 5027 argumenta
2013 4975 2105 5014 ea:-

539 5054 689 5099 terna
715 5061 745 5101 e
768 5053 1013 5101 veterum
1045 5045 1375 5103 testimoniis
1414 5056 1675 5117 usurpata
1706 5066 1825 5118 quae
1856 5052 1924 5106 ab
1952 5052 2104 5122 obje-

538 5137 814 5192 ctionibus
843 5136 1107 5193 hactenus
1136 5154 1235 5208 pro
1279 5139 1484 5195 viribus
1513 5139 1930 5206 vindicavimus.
1965 5160 2105 5214 prae-

538 5235 625 5283 sto
655 5237 783 5284 sunt
812 5246 1031 5299 quoque
1068 5232 1275 5285 interna
1308 5230 1507 5301 quibus
1555 5231 1868 5287 earumdem
1900 5236 2103 5304 episto-

538 5320 712 5375 larum
746 5322 1031 5392 integritas
1066 5323 1237 5394 magis
1268 5322 1547 5393 magisque
1583 5322 1978 5392 conﬁrmatur;
2039 5343 2102 5383 ea

608 5502 654 5534 δ’
683 5500 850 5555 Hebr.
872 5517 948 5564 v1,
986 5501 1071 5556 18.

608 5664 685 5733 (5)
717 5662 795 5735 Ad
820 5662 1019 5719 Euseb.
1048 5666 1120 5735 7H.
1151 5664 1234 5723 Ε..
1260 5665 1487 5735 ιίὺᾎνιι,
1515 5680 1634 5735 cap.
1672 5665 1765 5720 24.

612 5735 691 5811 (ᾖ
706 5732 1009 5811 _Wet_sten._,
1045 5734 1214 5803 Epist.
1241 5735 1305 5788 ad
1326 5733 1406 5811 _ll.
1428 5732 1675 5811 Ventum,
1692 5751 1855 5811 pagg.
1895 5738 1960 5795 10
1980 5755 2094 5811 seq.

537 5812 591 5858 et
627 5804 880 5883 Biblioth.
915 5806 1137 5872 raison.,
1175 5805 1369 5869 tom.l,
1404 5814 1506 5862 art.
1531 5806 1582 5871 8,
1607 5822 1660 5878 p.
1692 5805 1813 5863 565.

2208 4599 2263 4653 in
2294 4596 2482 4652 eodem
2512 4610 2694 4663 opere,
2724 4598 2928 4662 quanto
2962 4589 3157 4660 magis.
3186 4589 3241 4645 in
3289 4589 3548 4653 diversis,
3577 4594 3775 4645 iterato

2207 4690 2361 4746 citari
2390 4688 2519 4758 quid
2554 4684 2790 4740 mirum?
2819 4702 2837 4735 s

2282 4782 2485 4837 Deinde
2534 4777 2830 4842 scribendi,
2886 4776 3131 4847 exempla
3176 4773 3234 4829 in
3278 4774 3514 4828 medium
3570 4774 3773 4845 produ—

2210 4874 2400 4936 cendi,
2435 4879 2489 4927 et
2533 4868 2891 4925 ratiocinandi
2945 4868 3266 4932 methodus,
3314 4867 3501 4921 eadem
3547 4868 3773 4921 omnino

2211 4964 2498 5033 utrobique
2527 4963 2860 5032 perhibetur.
2897 4958 3060 5014 Verbi
3118 4974 3281 5014 causa
3302 4999 3318 5024 ,
3347 4959 3402 5013 in
3432 4958 3590 5028 epist.
3630 4960 3653 5012 1
3702 4959 3772 5012 ad

2213 5055 2477 5119 Corinth.,
2503 5069 2659 5124 capp.
2690 5053 2822 5107 4-12
2850 5063 2903 5108 et
2931 5052 3057 5107 alibi
3089 5053 3290 5122 passim
3327 5072 3340 5107 :
3394 5050 3769 5116 Recurramus,

2213 5148 2409 5218 inquit,
2468 5146 2539 5199 ad
2577 5161 2752 5199 omnes
2797 5145 3175 5215 generationes.
3200 5176 3269 5186 —
3296 5142 3453 5198 Fixis
3488 5144 3655 5198 oculis
3682 5160 3769 5197 eos

2211 5241 2531 5304 intueamur,
2554 5237 2645 5308 qui
2688 5237 2983 5307 magniﬁcis
3020 5236 3132 5305 ejus
3173 5236 3356 5307 gloriae
3393 5235 3619 5305 perfecte
3658 5252 3772 5288 ser-

2210 5332 2433 5388 vierunt.
2508 5329 2793 5386 Sumamus
2854 5328 3052 5392 Enoch,
3108 5336 3312 5384 etc.—
3347 5325 3449 5382 Sed
3492 5335 3548 5380 ut
3596 5333 3771 5378 vetera

2280 5668 2356 5733 (5)
2387 5665 2457 5720 De
2489 5665 2628 5735 Spir.
2664 5673 2859 5729 sanct.,
2895 5679 3017 5735 cap.
3044 5661 3134 5724 29,
3244 5660 3342 5735 ‘79..

2278 5729 2353 5810 (6)
2385 5729 2662 5802 Coutant.,
2692 5736 2862 5805 Epist.
2887 5729 3035 5789 Rom.
3085 5729 3293 5803 pontii”
3322 5747 3441 5803 pag.
3470 5729 3595 5799 59,5
3642 5730 3690 5785 5.
