4070 6340
305 384 407 439 ll?

1561 386 1902 444 ΡκοαςΜιΑ
1941 388 2326 446 VARIORUM.

3414 394 3515 449 118

290 500 531 569 sumpta
555 500 938 570 relinquamus,
985 501 1249 554 veniamus
1282 499 1350 553 ad
1400 502 1665 569 proximos
1692 502 1857 556 athleo
1886 511 1932 566 Α
1960 504 2171 574 aliaque
2214 503 2391 573 plura,
2422 519 2541 574 quae
2572 505 2626 559 in
2678 505 2895 563 solertis
2944 506 3165 564 lectoris
3205 506 3395 564 oculos
3426 525 3520 579 ge-

294 604 405 655 tas,
442 603 492 647 et
523 592 707 646 καταιί
739 594 907 647 nostri
932 609 1184 662 generosa
1218 593 1455 662 exempla
1483 608 1854 661 proponamus.

298 684 479 739 Habes
506 690 685 739 autem
717 684 992 740 simillima
1017 692 1071 738 et
1107 684 1348 739 maxime
1374 684 1659 755 geminain
1684 685 1855 755 Epist.

298 774 336 828 2
416 774 483 826 ad
542 775 730 844 virgin.
787 789 946 845 capp.
991 776 1163 831 7-15:
1217 775 1621 831 Consideremus
1672 779 1855 848 igitur,

299 866 513 934 fratres,
536 875 583 919 et
606 864 873 921 videamus
888 866 1144 936 quomodo
1160 870 1451 921 conuersati
1469 868 1661 937 fuerint
1683 885 1859 924 omnes

294 964 469 1027 patres
482 957 625 1025 justi
655 964 762 1010 toto
794 965 1024 1026 tempore
1052 958 1393 1014 habitationis
1422 960 1541 1015 υίτω
1590 976 1737 1015 suae:
1778 963 1861 1014 in-

291 1049 569 1117 quiramus
597 1058 648 1103 et
669 1058 963 1103 scrutemur
993 1068 1024 1104 a
1051 1049 1184 1122 Lege
1213 1051 1281 1103 ad
1315 1051 1363 1104 Ν
1372 1070 1521 1106 ovum
1558 1053 1861 1108 Testamen-

293 1148 425 1194 tum.
457 1170 535 1180 —
574 1138 645 1193 Et
701 1158 763 1195 ne
812 1143 968 1197 nimis
1016 1142 1225 1213 longum
1258 1143 1517 1212 faciamus
1572 1162 1860 1199 sermonem

290 1239 571 1298 nostrum,
616 1232 742 1302 quid
774 1232 975 1286 dictum
1010 1244 1085 1288 est
1129 1234 1193 1289 de
1222 1234 1448 1290 Domino
1467 1235 1594 1291 Jesu
1623 1237 1862 1294 Christo?

292 1319 413 1388 Ipse
436 1321 699 1376 Dominus
748 1340 864 1377 cum
901 1323 1175 1379 duodecim
1224 1326 1519 1396 discipulis,
1547 1336 1651 1384 etc.
1700 1328 1853 1385 Scili-

291 1420 395 1476 cet,
440 1429 567 1469 mos
607 1426 725 1470 erat
767 1414 1066 1485 Clementi,
1115 1434 1395 1473 sacrarum
1454 1418 1858 1491 Scripturarum

294 1504 729 1573 studiosissimo,
758 1523 822 1563 ex
864 1510 1150 1580 utriusque
1180 1509 1423 1567 Ftederis
1454 1514 1666 1583 paginis
1683 1515 1859 1584 plera-

288 1611 395 1666 que
425 1598 680 1668 exempla
710 1597 1021 1664 desumere,
1067 1617 1188 1672 qua;
1226 1603 1475 1657 instituto
1500 1620 1631 1685 suo,
1650 1619 1861 1660 summe

289 1693 649 1761 congruentia
680 1693 1052 1764 perspiceret:
1097 1695 1239 1763 quod
1274 1696 1493 1765 quidem
1535 1698 1589 1750 in
1631 1706 1861 1769 utroque

290 1779 660 1850 Epistolarum
682 1784 821 1852 pari,
858 1785 1046 1839 eodem
1079 1785 1238 1854 plane
1264 1794 1474 1849 tenore,
1508 1787 1642 1843 satis
1672 1796 1859 1858 aperte

1959 601 2107 655 mina
2135 618 2361 671 prorsus
2387 603 2502 658 sive
2543 602 2598 657 in
2642 600 3008 660 Corinthiacis
3048 605 3161 661 sive
3191 604 3244 659 in
3278 604 3517 676 Syriacis

1957 692 2259 749 incurrunt.
2284 694 2363 747 Ad
2396 694 2528 757 haec,
2557 709 2738 751 mores
2766 711 2894 751 vere
2928 695 3233 765 apostolici,
3260 696 3516 766 simplici-

1958 790 2065 849 tas,
2087 784 2371 848 modestia,
2394 785 2699 856 l'rugalitas,
2723 786 3053 858 benignitas.
3078 795 3133 842 et
3155 794 3370 842 caetera.
3399 786 3516 843 Uno

1957 872 2145 937 verbo,
2175 881 2464 944 utrumque
2510 876 2859 945 epistolarum
2900 892 2998 947 par
3053 878 3229 931 vivam
3272 878 3521 933 Clemen-

1957 960 2030 1016 tis
2060 962 2349 1033 imaginem
2382 962 2585 1019 referre
2605 1005 2621 1029 ,
2652 980 2715 1019 ac
2745 972 2954 1021 tantum
2987 982 3097 1021 non
3131 967 3338 1037 spirare
3371 984 3521 1023 com-

1958 1054 2183 1123 peritur.

2028 1141 2168 1199 XIV.
2203 1142 2462 1214 Superest
2521 1154 2579 1200 ut
2616 1147 2744 1202 illud
2777 1162 2995 1218 quoque
3050 1148 3325 1205 diluamus
3371 1151 3519 1220 quod

1958 1232 2042 1287 vir
2069 1235 2318 1291 eruditus
2344 1251 2485 1307 saepe
2524 1237 2776 1292 laudatus
2816 1240 3060 1309 ingerere
3090 1240 3233 1295 haud
3277 1249 3517 1296 veretur.

1957 1322 2241 1389 Nimirum,
2274 1325 2448 1396 inquit
2473 1326 2571 1397 (7),
2596 1345 2614 1378 ‹
2645 1336 2836 1382 auctor
2867 1343 2926 1383 se
2954 1328 3069 1399 ipse
3093 1328 3395 1399 virginibus
3416 1330 3523 1385 fra-

1957 1413 2133 1467 tribus
2156 1413 2477 1469 adnumerat
2511 1415 2612 1487 (8),
2666 1425 2720 1470 et
2770 1433 2929 1472 suum
2983 1419 3290 1489 exemplum
3322 1420 3431 1474 illis
3462 1420 3521 1476 in

1957 1507 2103 1561 omni
2133 1510 2546 1563 conversatione
2575 1509 2896 1565 imitandum
2928 1510 3371 1582 proponit.Quod
3399 1515 3523 1584 qui-

1956 1601 2080 1656 dem
2110 1599 2316 1655 factum
2348 1602 2689 1669 historicum,
2738 1603 2781 1657 si
2815 1618 3097 1658 censorem
3134 1604 3278 1659 hunc
3306 1606 3518 1671 audias,

1958 1709 1988 1747 a
2015 1694 2311 1763 Clementis
2363 1709 2599 1764 persona
2638 1710 2760 1751 esse
2804 1695 3022 1751 videtur
3051 1697 3287 1752 alienum
3318 1718 3331 1753 :
3386 1700 3520 1769 quin

1957 1794 2155 1841 etcum
2189 1786 2361 1856 ipsius
2391 1787 2687 1843 Clementis
2715 1788 3061 1845 confessione
3096 1792 3400 1847 consistere
3427 1809 3523 1849 ne-

289 1870 594 1926 factitatum
626 1875 920 1931 cernimus.
951 1874 1017 1927 Et
1046 1875 1133 1929 hic
1176 1891 1412 1947 quoque,
1445 1886 1502 1930 ut
1531 1893 1673 1948 saepe
1700 1880 1853 1940 alias.
1888 1870 1931 1925 Β
1958 1877 2112 1948 quit;
2145 1878 2193 1933 si
2224 1893 2344 1948 quae
2373 1878 2427 1933 in
2456 1878 2629 1949 prima
2664 1895 2895 1950 persona
2925 1882 2979 1935 in
3025 1882 3254 1953 epistola
3287 1884 3405 1952 ejus
3453 1886 3521 1940 ad

291 1962 543 2029 apostolo
586 1960 758 2016 Paulo
814 1972 1131 2019 constanter
1174 1965 1443 2021 adhaeret:
1496 1967 1589 2037 qui
1624 1968 1856 2036 primum

288 2052 330 2083 δ’
384 2053 828 2123 patriarcharum
876 2065 929 2111 et
964 2057 1350 2127 prophetarum
1407 2067 1557 2128 gesta
1616 2058 1857 2117 Hebraeis

292 2151 423 2198 ante
452 2146 641 2200 oculos
692 2161 924 2216 ponens,
979 2164 1075 2202 eos
1106 2148 1172 2202 ad
1205 2149 1364 2204 [idem
1395 2150 1728 2205 retinendam
1764 2152 1861 2207 ad-

294 2232 579 2303 hortatur;
616 2236 811 2293 deinde
853 2241 1151 2309 propositis
1204 2239 1408 2297 Christi
1447 2249 1503 2298 et
1545 2249 1857 2299 sanctorum

293 2329 581 2398 exemplis,
602 2328 667 2383 ad
699 2330 1013 2386 tolerandas
1035 2332 1321 2401 passiones
1342 2374 1358 2397 ,
1390 2334 1457 2388 ad
1489 2350 1700 2405 pacem,
1727 2351 1859 2391 con-

288 2418 536 2471 cordiam
585 2426 639 2473 et
690 2423 1035 2477 sanctitatem
1096 2424 1418 2479 servandam
1468 2426 1590 2483 illos
1640 2429 1859 2483 allicere

286 2509 491 2575 studet,
526 2511 604 2564 ita
633 2512 851 2568 demum
882 2516 1183 2571 orationem
1214 2518 1546 2576 concludens
1577 2537 1590 2574 :
1638 2520 1859 2592 Ideoque

283 2611 337 2655 et
359 2620 455 2657 nos
486 2613 694 2661 tantam
735 2606 977 2662 habentes
1033 2608 1337 2678 impositam
1378 2611 1563 2666 nubem
1622 2616 1853 2679 testium,

281 2694 600 2763 deponentes
630 2715 779 2753 omne
804 2699 1026 2770 pondus,
1064 2711 1115 2755 et
1157 2703 1503 2758 circumstans
1535 2723 1627 2759 nos
1677 2722 1857 2775 pecca-

286 2798 419 2849 tum,
453 2805 545 2858 per
572 2793 880 2859 patientiam
930 2810 1208 2850 curramus
1241 2795 1309 2850 ad
1353 2799 1677 2867 propositum
1708 2801 1856 2856 nobis

284 2890 575 2936 certamen.

356 2971 548 3042 Neque
585 2975 749 3029 etiam
772 2976 1129 3033 omittendum
1168 2989 1423 3051 putamus
1466 3001 1636 3041 unum
1666 2988 1750 3043 vel
1778 2989 1856 3042 al-

283 3074 465 3121 terum
496 3067 621 3136 styli
652 3068 933 3133 indicium,
974 3070 1117 3125 haud
1160 3073 1380 3142 quidem
1426 3077 1703 3147 exiguum,
1747 3096 1857 3150 quo

283 3158 464 3226 magis
502 3156 679 3212 adhuc
707 3160 760 3214 id
782 3161 927 3230 quod
958 3162 1323 3231 intendimus,
1355 3167 1730 3224 conﬁrmatur.
1773 3169 1850 3224 En

282 3248 419 3303 illud
456 3264 523 3304 ex
560 3250 723 3321 epist.
761 3252 787 3308 1
827 3252 894 3308 ad
937 3253 1177 3312 Corinth.
1204 3272 1327 3329 cap.
1360 3259 1433 3314 5:
1472 3260 1846 3332 Hinc,inquit,

283 3341 580 3406 emutatio,
638 3344 870 3411 invidia,
929 3350 1225 3415 contentio,
1275 3350 1483 3417 seditio,
1538 3356 1844 3422 persecutio,

281 3434 590 3497 commotio,
606 3433 797 3488 bellum
824 3446 873 3491 et
894 3440 1169 3507 captivitas
1194 3452 1497 3499 manarunt.
1519 3442 1584 3497 Et
1597 3460 1717 3514 cap.
1736 3447 1804 3502 35
1829 3466 1844 3503 :

284 3518 400 3575 Nos
446 3523 610 3591 igitur
654 3542 856 3580 summo
888 3528 1062 3583 studio
1118 3531 1491 3586 contendamus
1533 3535 1587 3587 in
1636 3552 1849 3591 numero

277 3616 695 3679 exspectantium
743 3634 858 3670 eum
907 3622 1142 3687 reperiri.
1173 3653 1243 3662 --
1275 3622 1578 3692 abjicientes
1622 3643 1655 3679 a
1701 3627 1847 3682 nobis

279 3720 485 3757 omnem
509 3706 829 3775 injustitiam
858 3720 907 3765 et
931 3712 1277 3782 iniquitatem,
1304 3716 1607 3779 avaritiam,
1638 3727 1848 3773 conten-

280 3795 473 3859 tiones,
511 3799 867 3870 malignitates
890 3813 938 3857 et
970 3804 1206 3873 fraudes,
1233 3822 1480 3862 susurros
1509 3818 1557 3862 et
1586 3810 1849 3865 obtrecta-

281 3889 473 3956 tiones,
502 3890 683 3945 odium
716 3892 832 3959 Dei,
857 3896 1154 3966 superbiam
1194 3908 1245 3954 et
1279 3904 1698 3968 ostentationem,
1730 3904 1847 3958 ina-

276 3995 397 4033 nem
479 3984 705 4051 gloriam
774 3995 926 4057 atque
994 4006 1226 4045 amorem
1312 3994 1580 4049 vanitatis.
1648 3994 1847 4051 Confer

279 4070 408 4137 ista,
461 4075 509 4127 si
560 4076 759 4145 placet,
806 4094 929 4133 cum
983 4081 1069 4136 his
1125 4099 1247 4152 quae
1300 4085 1555 4155 leguntur
1586 4086 1640 4140 in
1670 4086 1842 4157 Epist.

281 4160 306 4212 1
335 4161 405 4213 ad
429 4164 616 4233 uirgin.
668 4181 789 4236 cap.
821 4168 854 4222 8
880 4189 892 4222 :
950 4170 1055 4236 Qui
1084 4188 1196 4226 vere
1252 4173 1430 4242 ﬁdeles
1481 4186 1624 4238 sunt,
1674 4178 1770 4243 ait,
1797 4187 1846 4231 et

277 4252 499 4316 spiritus
533 4250 732 4307 Christi
785 4256 988 4311 habitat
1020 4260 1073 4312 in
1107 4261 1255 4329 ipsis,
1310 4264 1364 4316 in
1409 4264 1516 4318 illis
1547 4282 1650 4320 non
1678 4277 1845 4334 potest

274 4356 389 4394 esse
418 4345 672 4413 cogitatio
700 4350 874 4403 carnis
902 4366 919 4411 ;
942 4367 1059 4421 qua:
1080 4362 1156 4406 est
1186 4357 1463 4420 scortatio,
1493 4358 1841 4426 impudicitia,

278 4434 583 4503 impuritas,
636 4437 964 4505 idololatria,
1012 4445 1335 4512 veneﬁcium,
1368 4448 1671 4514 inimicitia,
1710 4449 1845 4504 invio

1958 1968 2269 2027 Corinthios
2294 1970 2612 2037 eli‘eruntur,
2643 1973 2710 2027 ad
2761 1974 2937 2044 ipsum
2962 1990 3177 2046 quoque
3208 1975 3431 2041 referre,
3464 1985 3523 2033 ut

1957 2069 2173 2132 oportet
2203 2064 2249 2118 si
2280 2064 2412 2117 nihil
2447 2065 2648 2128 obstet,
2681 2066 2858 2120 liceat.
2887 2065 3152 2136 Loquitur
3172 2079 3369 2134 autem,
3392 2072 3524 2125 sub-

1958 2152 2039 2207 dit
2069 2153 2154 2206 vir
2172 2152 2416 2215 criticus,
2449 2153 2512 2207 de
2538 2154 2789 2208 uxoribus
2828 2166 2877 2209 et
2909 2156 3088 2210 liberis
3137 2159 3352 2223 nostris,
3395 2173 3522 2212 cum

1958 2242 2091 2297 dicit
2123 2242 2241 2315 (9):
2303 2244 2501 2299 Uxores
2556 2255 2765 2300 nostras
2830 2247 2899 2300 ad
2930 2248 2986 2301 id
3037 2248 3175 2318 quod
3216 2249 3406 2303 bonum
3442 2260 3522 2305 est

1957 2337 2314 2406 corrigamus;
2352 2367 2424 2377 —
2447 2337 2597 2391 liberi
2625 2340 2793 2393 nostri
2825 2338 3119 2408 disciplina:
3167 2338 3367 2395 Christi
3397 2357 3524 2411 par-

1958 2426 2135 2493 ticipes
2162 2426 2289 2490 sint,
2319 2435 2426 2482 etc.
2458 2428 2557 2482 Cui
2590 2428 2796 2496 nescio,
2831 2429 3047 2483 tandem
3074 2430 3371 2495 concludit,
3390 2446 3519 2485 num

1957 2517 2088 2587 quid
2136 2518 2352 2574 roboris
2406 2520 2612 2584 addat,
2669 2520 2814 2591 quod
2872 2521 3137 2577 Clementi
3196 2523 3522 2594 adjungatur

1958 2608 2159 2680 Grapte
2190 2611 2332 2681 apud
2363 2611 2615 2667 Hermam
2662 2613 2798 2685 (10).
2829 2611 2999 2683 Cujus
3040 2614 3117 2668 rei
3146 2615 3338 2672 melior
3367 2614 3521 2669 reddi

1957 2702 2045 2755 vix
2082 2718 2242 2773 posse
2266 2704 2480 2759 videtur
2511 2706 2670 2770 ratio,
2710 2719 2874 2774 quam
2925 2705 3070 2775 quod
3119 2703 3311 2775 Crapte
3358 2706 3523 2762 fuerit

1956 2788 2245 2846 Clementis
2276 2808 2465 2849 uxor.»
2507 2793 2784 2850 Hactenus
2840 2794 3090 2851 eruditus
3142 2795 3423 2853 Venema:
3467 2807 3523 2853 et

1957 2882 2175 2952 quidem
2214 2887 2348 2941 satis
2373 2887 2533 2943 belle.

2025 2976 2201 3032 Nolim
2244 2981 2496 3050 equidem
2527 2981 2704 3037 virum
2734 2985 2867 3038 clar.
2900 2985 2952 3039 in
3011 2985 3317 3040 caelibatum
3345 2985 3521 3039 eccle-

1956 3070 2241 3126 siasticum
2274 3073 2521 3143 iniquum
2554 3076 2845 3144 suspicari.
2898 3076 2966 3129 At
3016 3076 3151 3131 illud
3182 3077 3286 3147 ipsi
3316 3076 3523 3132 condo-

1956 3165 2195 3220 nandum
2233 3166 2456 3222 minime
2504 3182 2649 3231 reor,
2715 3169 2860 3239 quod
2913 3186 3027 3225 suae
3074 3171 3357 3225 sententia
3409 3172 3519 3225 vim

1951 3255 2152 3312 addere
2199 3259 2449 3328 cupiens,
2490 3261 2647 3317 nobis
2704 3261 2965 3316 obtrudat
3014 3263 3161 3318 velut
3223 3264 3522 3319 Clementis

1950 3345 2183 3404 Romani
2212 3350 2520 3417 lectionem,
2560 3368 2682 3423 quas
2743 3354 3112 3410 Alexandrino
3159 3364 3278 3411 erat
3306 3355 3520 3411 adscri-

1950 3440 2149 3496 benda.
2188 3440 2323 3498 Rem
2364 3444 2556 3513 paucis
2588 3445 2907 3517 attingimus
2938 3447 3080 3501 infra
3131 3446 3288 3518 (ll);
3354 3464 3517 3517 quam

1948 3538 2128 3585 tamen
2174 3532 2264 3587 hic
2296 3536 2756 3602 pertractandam,
2813 3545 3181 3594 commentum
3232 3540 3519 3594 Venemia-

1948 3638 2079 3677 num
2107 3623 2334 3696 ﬂagitat,
2371 3642 2478 3681 non
2508 3630 2751 3698 postulat
2807 3629 2898 3686 Sic
2928 3632 3094 3703 igitur
3145 3632 3203 3687 S.
3265 3631 3517 3687 Clemens

1949 3715 2082 3787 (12):
2102 3718 2211 3780 Τὰς
2227 3722 2485 3786 γυναῖκας
2504 3721 2658 3791 ἡμῶν
2684 3722 2775 3774 ἐπὶ
2786 3722 2845 3775 τὸ
2860 3724 3060 3791 ἀγαθὸν
3075 3724 3513 3796 διορθωσὼμεθα..

1945 3841 2013 3849 -
2043 3809 2121 3863 Τὰ
2141 3810 2300 3863 τέκνα
2324 3811 2473 3882 ὑμῶν
2497 3813 2595 3882 τῆς
2625 3814 2683 3865 ὲν
2704 3816 2921 3886 Χριστῷ
2961 3817 3205 3881 παιδείας
3240 3818 3517 3890 μεταλαμ-

1947 3898 2276 3954 ϐανέτωσαν.
2297 3902 2353 3956 Id
2372 3911 2455 3958 est
2483 3922 2496 3957 :
2546 3902 2743 3960 Uxores
2772 3917 2981 3961 nostras
3000 3907 3066 3960 ad
3086 3909 3139 3961 id
3169 3910 3305 3978 quod
3324 3909 3516 3963 bonum

1945 4000 2022 4046 est
2033 3992 2584 4063 corrigamus.—Filii
2606 3999 2759 4051 vestri
2774 3997 3069 4068 disciplina:
3083 4000 3280 4054 Christi
3292 4004 3515 4069 partici-

1945 4100 2033 4153 pes
2059 4086 2185 4139 sint.
2221 4085 2298 4140 Ita
2330 4095 2648 4144 constanter
2678 4090 2847 4146 codex
2882 4109 2983 4147 ms.
3025 4109 3087 4147 es
3119 4110 3228 4163 quo
3250 4111 3358 4149 uno
3387 4095 3514 4152 Cle-

1946 4172 2186 4226 mentina
2245 4175 2477 4243 epistola
2526 4177 2627 4231 fuit
2678 4179 2985 4251 desumpta.
3038 4182 3192 4238 Haud
3246 4200 3376 4240 sane
3428 4202 3515 4241 me

1947 4261 2104 4333 fugit,
2139 4266 2282 4333 apud
2328 4266 2658 4324 Clementem
2702 4270 3127 4327 Alexandrinum
3160 4276 3272 4345 (l5)
3327 4278 3418 4347 qui
3446 4293 3512 4330 ex

1947 4352 2193 4410 Romano
2224 4357 2495 4428 integrum
2530 4376 2680 4429 pagne
2714 4372 2878 4432 caput
2933 4364 3062 4418 illud
3108 4363 3171 4419 21
3199 4367 3509 4435 exscripsit,

1947 4443 2050 4515 legi
2096 4445 2163 4499 τὰ
2208 4447 2372 4501 τέκνα.
2404 4449 2582 4520 ἡμῶν.
2615 4449 2719 4507 Sed
2752 4467 2859 4506 non
2892 4462 2975 4508 est
3022 4454 3240 4509 demum
3264 4471 3365 4509 cur
3388 4454 3513 4510 Cle-

276 4524 390 4588 dia,
422 4528 706 4592 contentio,
738 4529 842 4593 ira,
877 4533 1016 4595 rixa,
1074 4534 1287 4602 divisio,
1320 4538 1493 4601 zelus,
1522 4546 1627 4593 etc.
1654 4539 1846 4595 Nonne
1877 4551 1921 4605 Ι)
1950 4547 2186 4592 mentem
2233 4536 2538 4595 Romanum
2585 4559 2651 4596 ex
2704 4543 3080 4600 Alexandrino
3132 4548 3506 4611 emendemus.

278 4617 532 4673 Clemens
558 4620 845 4692 utrobique
892 4641 951 4679 se
1000 4626 1176 4695 ipsum
1222 4628 1446 4698 prodit?
1493 4631 1693 4702 quippe
1715 4633 1842 4690 Cle-

274 4726 455 4775 mens,
516 4712 760 4783 inquam,
810 4717 1125 4786 scriptionis
1176 4718 1415 4776 Paulina:
1471 4724 1844 4782 characterem

276 4807 479 4874 ubique
504 4807 619 4861 fere
648 4807 912 4873 imitatus,
946 4828 1071 4865 cum
1106 4813 1193 4869 hic
1236 4822 1350 4868 tum
1396 4817 1506 4870 illic
1541 4820 1846 4887 respexisse

273 4897 493 4952 videtur
517 4897 667 4954 Rom.
715 4916 754 4964 ι,
809 4900 1016 4971 29·51;
1054 4904 1175 4960 Cal.
1207 4923 1259 4972 v,
1293 4907 1493 4973 i9-2l;
1529 4908 1557 4961 Ι
1591 4910 1728 4968 Tim.
1766 4926 1841 4974 γι,

274 4986 370 5041 4-5
396 4996 452 5042 et
479 4987 545 5041 II
575 4989 713 5048 Tim.
752 5006 836 5056 Ill,
866 4994 982 5051 2-5.

345 5080 444 5137 His
479 5081 647 5137 addas
696 5085 856 5139 velim
911 5086 1242 5157 δοξολογίαν,
1288 5091 1518 5147 mediam
1552 5093 1691 5149 inter
1727 5094 1842 5164 cpio

273 5173 497 5237 stolam,
529 5190 679 5230 more
726 5177 911 5231 itidem
963 5178 1210 5245 Paulino,
1242 5195 1597 5254 usurpatam:
1646 5187 1838 5241 verbo-

272 5280 395 5319 runt
420 5267 633 5337 copiam
658 5285 721 5324 ex
748 5269 949 5326 divinis
988 5272 1211 5329 Litteris
1256 5276 1459 5344 passim
1490 5278 1788 5333 derivatam
1822 5298 1833 5332 :

342 5444 385 5473 "
421 5442 587 5499 Hebr.
616 5462 667 5500 χι
692 5454 743 5502 et
769 5465 862 5503 xu.

464 5596 711 5675 Yenemq
743 5603 899 5675 epist.
928 5602 983 5663 2,
1019 5621 1137 5675 pag.
1159 5607 1244 5660 87.

340 5668 418 5747 (lit)
457 5668 906 5747 Clem.,_epist_.:2
961 5668 1034 5725 ad
1074 5668 1236 5744 Virg.
1263 5694 1380 5747 cap.
1420 5678 1497 5732 l6.

463 5739 633 5815 Epist.
758 5743 823 5794 ad
848 5743 996 5807 Cor.,
1032 5738 1264 5815 cap.":.’.l.

342 5809 455 5878 (10)
487 5812 635 5865 l'ast.
667 5812 760 5868 lib.
796 5828 833 5877 Ι,
867 5816 966 5870 vis.
989 5815 1044 5879 ‘2,
1071 5809 1190 5886 cap.
1219 5818 1269 5871 4.

1949 4631 2169 4700 vimque
2197 4632 2496 4689 inferamus
2546 4635 2752 4692 codicis
2806 4654 2909 4694 ms.
2969 4639 3186 4693 lectioni
3217 4655 3340 4695 cum
3372 4642 3505 4696 clar.

1948 4720 2156 4778 editore
2183 4722 2422 4788 Pottero,
2457 4742 2519 4780 ac
2552 4727 2767 4784 Davisio
2814 4730 2991 4799 ipsum
3034 4739 3222 4786 secuto
3257 4751 3271 4785 :
3314 4746 3379 4787 eo
3426 4734 3509 4788 vel

1951 4815 2183 4870 maxime
2208 4816 2354 4884 quod
2386 4833 2545 4872 nemo
2572 4820 2781 4873 nesciat
2808 4821 2861 4874 in
2893 4836 3043 4878 more
3078 4824 3313 4896 positum
3339 4824 3510 4879 fuisse

1948 4900 2209 4960 Clementi
2259 4906 2649 4975 Alexandrino,
2693 4911 2747 4965 in
2796 4922 3082 4967 auctorum
3138 4915 3274 4971 locis
3301 4914 3511 4971 descri—

1948 4995 2142 5053 bendis
2173 4998 2278 5053 alia
2318 5002 2659 5067 contrahere,
2713 5004 2819 5057 alia
2868 5006 3074 5069 tollere,
3120 5006 3226 5060 alia
3268 5007 3507 5078 interpo.

1944 5102 2078 5143 nere
2105 5096 2266 5160 atque
2295 5106 2395 5161 pro
2432 5093 2661 5173 arbitrio
2690 5104 2921 5158 mutare.
2972 5098 3155 5152 omnia
3197 5114 3305 5152 uno
3342 5102 3508 5155 verbo

1944 5181 2049 5236 sibi
2080 5185 2392 5253 permittere
2419 5204 2431 5239 :
2458 5185 2601 5254 quod
2636 5194 2689 5241 et
2719 5187 2821 5241 hoc
2852 5189 2970 5258 ipso
3004 5195 3058 5243 in
3084 5190 3261 5261 capite
3284 5190 3510 5247 licenter

1944 5275 2106 5331 nimis
2133 5277 2471 5347 exsequitur,
2500 5287 2559 5332 ut
2591 5279 2733 5349 apud
2773 5278 3089 5336 Wottonum
3124 5283 3304 5339 videre
3332 5294 3435 5339 est.

2144 5611 2265 5723 Yidl:
2300 5619 2411 5665 not.
2445 5614 2499 5666 in
2524 5628 2642 5681 cap.
2670 5613 2728 5666 2|
2777 5614 2933 5682 epist.
2966 5616 2985 5668 l
3026 5615 3094 5667 ad
3119 5617 3358 5672 Corinth.

2148 5680 2367 5817 girﬁinq
2417 5754 2510 5808 lib.
2546 5770 2619 5819 tv,
2653 5773 2770 5827 cap.
2804 5758 2887 5822 l6,
2916 5775 2967 5829 p.
2992 5758 3114 5822 lilii,
3150 5761 3281 5816 edit.
3326 5762 3501 5819 Oxon.
