4070 6340
539 371 641 426 119

1654 375 1741 430 AD
1779 378 1835 433 S.
1875 377 2287 435 CLEMENTEM
2331 379 2346 434 I
2387 376 2639 435 PAPAM.

3658 377 3756 430 120

606 486 746 553 Quid
773 486 1263 556 quaris,inquies?
1283 484 1440 542 Esto:
1462 485 2090 556 scripseritClemensca
2119 492 2164 548 Α
2195 491 2374 544 αὐτόν.
2403 489 2568 557 «Quis
2595 504 2724 561 ergo
2753 491 2893 546 inter
2915 504 3010 546 vos
3035 489 3366 561 generosus?
3392 490 3516 559 quis
3557 491 3764 546 miseri-

534 577 700 632 τέκνα
729 576 909 646 ὑμῶνς
936 583 990 628 at
1018 576 1193 646 ipsum
1223 575 1320 639 τὰς
1348 579 1606 645 γυναῖκας
1633 577 1789 649 ἡμῶν
1813 577 2103 648 scripsisse

541 671 713 738 iiquet
746 688 759 724 :
791 667 938 740 quod
975 671 1161 740 utique
1205 671 1275 724 ad
1311 668 1563 724 Venema
1612 670 1940 726 sententiam
1969 684 2102 725 οοιιο

539 761 861 815 ﬁrmandam
913 761 1049 816 satis
1102 768 1206 816 est.
1265 759 1378 824 Na,
1426 761 1520 830 qui
1563 761 1642 816 sic
1679 761 1896 824 sentiat,
1922 761 2104 818 minus

539 858 746 906 attente
774 851 1107 906 Clementem
1161 850 1369 921 legerit.
1424 850 1726 922 Siquidem,
1768 851 1914 923 quod
1967 851 2104 908 scri-

536 943 709 1014 pserit
741 940 800 997 S.
829 941 987 996 Pater
1004 943 1102 1006 τὰς
1129 946 1388 1011 γυναῖκας
1403 944 1434 1014 ἠ
1443 944 1579 1015 μῶν,
1602 944 1655 997 in
1675 959 1839 1001 causa
1863 943 1964 1000 fuit
1983 961 2106 1001 ver-

539 1035 667 1088 bum
696 1032 1153 1106 διορθωσώμεθα;
1187 1042 1247 1088 ιιι
1285 1036 1522 1090 sermoni
1556 1036 1718 1106 paulo
1763 1018 1963 1092 antein
1995 1038 2104 1108 pri-

539 1144 628 1183 ma
658 1143 891 1198 persona
924 1127 1196 1191 instituto,
1231 1127 1606 1198 ὲντραπῶμεν,
1637 1128 1990 1200 αἱδεσθῶμεν,
2021 1145 2104 1182 τι-

541 1219 822 1290 μήσωμεν,
857 1216 1250 1289 παιδεύσωμεν,
1283 1221 1553 1274 sententia
1589 1229 1934 1291 congrueret.
1968 1219 2104 1274 Cum

539 1322 720 1366 autem
751 1327 874 1364 mox
899 1309 1045 1364 aliud
1077 1311 1330 1381 loquendi
1355 1324 1526 1382 genus
1551 1321 1796 1384 usurpet,
1819 1313 2108 1384 scripsisse

539 1405 764 1460 omnino
783 1403 1086 1459 censendus
1108 1413 1190 1460 est
1211 1403 1278 1457 τὰ
1307 1404 1468 1458 τέκνα
1497 1405 1650 1476 ὑμῶν
1677 1424 1689 1460 :
1717 1406 1940 1476 perinde
1969 1421 2032 1459 ac
2060 1407 2107 1460 si

540 1497 610 1552 ab
646 1495 910 1550 orationis
937 1511 1101 1550 cursu
1133 1496 1420 1565 abreptus,
1450 1495 1596 1566 quod
1624 1497 1786 1552 modo
1815 1499 2108 1568 scripserat

542 1587 726 1640 minus
757 1584 860 1640 sibi
892 1592 1275 1649 consentanee,
1305 1601 1494 1640 uxores
1519 1596 1728 1640 nostras
1759 1588 2106 1657 corrigamus,

541 1674 831 1731 emendare
863 1674 1122 1738 voluerit;
1149 1674 1394 1744 adeoque
1417 1676 1614 1746 stylum
1661 1677 1847 1731 statim
1883 1677 2111 1750 castiga-

541 1768 652 1822 tius
677 1781 973 1829 exacuens,
1035 1765 1392 1836 doceutisque
1435 1766 1689 1836 dignitati
1740 1769 2106 1838 prospiciens,

2203 583 2354 637 cors?
2367 584 2490 652 quis
2517 583 2800 638 charitatis
2816 584 3032 653 plenus?
3048 584 3192 638 dicat
3212 601 3226 636 :
3252 580 3308 635 Si
3324 590 3545 651 propter
3567 597 3652 636 me
3671 599 3758 637 se-

2203 674 2358 735 ditio.
2383 682 2438 728 et
2461 673 2757 738 discordia,
2782 684 2835 730 et
2859 675 3158 730 schismata
3178 690 3192 739 ;
3212 671 3454 734 discedo,
3471 673 3607 728 abeo
3629 690 3764 742 quo-

2203 777 2420 833 cunque
2461 763 2816 817 volueritis...
2843 762 2948 829 Qui
2987 761 3092 816 boc
3128 762 3352 825 fecerit,
3376 763 3480 817 sibi
3509 777 3764 834 magnum

2203 855 2370 910 decus
2399 854 2455 908 in
2495 853 2725 909 Domino
2753 854 3110 925 comparabit,
3154 856 3442 924 omnisque
3469 855 3620 910 locus
3640 871 3766 909 eum

2205 947 2485 1018 suscipiet.
2523 967 2541 1000 ι
2594 947 2803 1014 Quibus
2856 962 2987 1002 sane
3025 947 3206 1002 verbis
3237 961 3396 1001 nemo
3446 962 3555 1001 non
3597 947 3768 1014 videt,

2206 1036 2411 1091 hortari
2440 1037 2770 1092 Clementem
2821 1036 3159 1101 Corinthios,
3209 1045 3269 1091 ut
3327 1037 3544 1092 etiamsi
3582 1036 3770 1106 justus

2203 1130 2329 1199 quis
2352 1130 2493 1184 inter
2521 1145 2615 1185 eos
2641 1128 2823 1194 fuerit,
2864 1136 3027 1199 atque
3075 1127 3338 1183 immunis
3377 1143 3407 1182 a
3446 1128 3768 1193 schismate,

2205 1223 2335 1292 quin
2362 1231 2416 1277 et
2444 1223 2591 1277 omni
2616 1223 2880 1276 virtutum
2916 1236 3113 1292 genere
3151 1228 3413 1289 ornatus;
3437 1222 3549 1291 juri
3580 1229 3767 1276 tamen

2207 1329 2308 1370 suo
2355 1314 2534 1379 cedat,
2578 1321 2638 1370 ut
2678 1313 2938 1370 Ecclesia
2996 1312 3364 1368 Corinthiaca
3404 1315 3772 1385 tranquillitas

2207 1404 2334 1460 inde
2363 1412 2680 1477 consurgat.
2705 1406 2787 1460 An
2810 1421 2920 1461 non
2961 1406 3126 1477 igitur
3153 1404 3419 1462 Clementi
3468 1406 3606 1461 mire
3633 1421 3771 1461 con-

2206 1500 2343 1554 cinit
2371 1498 2728 1571 Epiphanius,
2780 1500 2911 1554 dum
2963 1500 3040 1553 ait
3071 1500 3248 1570 ipsum
3281 1501 3357 1554 ita
3396 1499 3567 1554 fuisse
3614 1500 3774 1554 locu-

2207 1597 2364 1656 tum,
2420 1591 2531 1643 τισὶ
2578 1590 2736 1643 τοῦτο
2792 1589 3264 1661 συμϐουλεύονταῖ
3321 1589 3461 1643 Hinc
3505 1591 3778 1645 immerito

2211 1679 2534 1736 insimulant
2559 1687 2810 1734 sanctum
2864 1680 3016 1734 illum
3057 1679 3532 1735 Constantiensem
3559 1682 3777 1751 episco-

2210 1787 2342 1843 pum
2369 1770 2738 1827 Thorndicius
2769 1770 2882 1843 (16)
2913 1778 2968 1826 et
2994 1771 3272 1827 Burtonus
3323 1771 3458 1842 (17).
3490 1772 3631 1842 quod
3655 1771 3782 1828 Cle-

541 1860 844 1916 orationem
892 1866 1186 1931 permutat,
1220 1864 1402 1928 atque,
1457 1860 1558 1929 ﬁlii
1610 1862 1766 1915 vestri
1795 1863 2106 1931 suscipiant,
2139 1843 2182 1900 Β
2212 1864 2511 1920 mentinam
2547 1863 2873 1920 sententiam
2921 1863 3068 1917 haud
3121 1865 3192 1918 sit
3230 1872 3537 1919 assecutus.
3587 1863 3779 1917 Imme-

543 1952 954 2008 convenientius
982 1952 1251 2007 rescribit.
1289 1950 1590 2007 Retinenda
1635 1952 1800 2024 igitur
1832 1953 2000 2024 proba
2034 1955 2112 2010 le-

544 2048 656 2102 ctio
684 2061 788 2102 ms.
821 2045 1032 2101 codicis
1061 2045 1436 2108 Alexandrini,
1460 2060 1523 2098 ac
1549 2046 1738 2114 procul
1771 2047 2112 2101 amandands

546 2142 613 2196 de
636 2139 834 2210 Grapte
862 2138 1159 2196 Clementis
1219 2152 1390 2193 uxore
1441 2137 1572 2192 hinc
1618 2147 1772 2192 eruta
1799 2141 2112 2209 conjectura

545 2232 647 2287 viri
672 2232 902 2295 eruditi;
930 2233 1021 2301 qui
1043 2229 1444 2287 Cotelerianam
1501 2231 1809 2285 versionem
1834 2246 1864 2284 a
1902 2230 2115 2286 Clerico

543 2324 874 2380 recensitam
911 2325 1025 2380 sive
1049 2321 1367 2378 mendosam
1399 2323 1514 2378 sive
1544 2321 1762 2377 inﬁdam
1803 2322 2115 2379 exscribere

547 2418 759 2485 maluit,
790 2432 954 2487 quam
990 2424 1194 2471 textum
1229 2415 1406 2484 ipsum
1434 2415 1742 2470 consulere.

621 2507 728 2564 Sed
776 2508 1016 2564 nondum
1064 2506 1420 2561 dimittendus
1467 2505 1810 2561 llermannus
1862 2505 2114 2562 Venema.

550 2602 732 2672 Pergit
763 2602 844 2657 vir
867 2600 1124 2656 criticusl
1159 2609 1231 2664 et,
1267 2613 1374 2669 quo
1396 2598 1586 2668 probet
1625 2598 1785 2651 allata
1814 2598 1976 2652 verba
1999 2614 2120 2654 esse

552 2693 864 2764 accipienda
898 2694 1044 2746 velut
1077 2707 1106 2745 a
1135 2689 1410 2747 Clemente
1425 2692 1491 2747 de
1515 2709 1571 2746 se
1597 2693 1713 2761 ipso
1736 2692 1972 2760 prolata,
2008 2692 2120 2746 hac

552 2785 786 2839 subdit:
825 2802 842 2836 ι
900 2781 1050 2837 Licet
1107 2784 1326 2838 nomine
1369 2782 1626 2836 Ecclesia
1677 2779 1955 2845 Romana,
2005 2782 2122 2851 ipse

553 2883 736 2927 tamen
769 2872 1053 2943 epistolam
1087 2873 1329 2944 scripsit,
1362 2881 1416 2929 et
1438 2873 1505 2928 ad
1532 2889 1590 2928 se
1611 2873 1846 2928 subinde
1867 2889 2124 2944 expresse

554 2964 783 3033 digitum
805 2964 1034 3018 intendit
1058 3004 1072 3027 ,
1111 2965 1189 3019 uti
1219 2965 1272 3019 in
1306 2965 1485 3022 verbis
1511 2965 1621 3034 (H)
1655 2984 1668 3018 :
1704 2963 1763 3019 Si
1795 2974 2003 3034 propter
2045 2981 2124 3017 me

555 3058 765 3125 seditio,
820 3068 869 3112 et
899 3056 1185 3122 discordia,
1237 3068 1287 3113 et
1340 3059 1647 3126 schismata,
1681 3058 1911 3123 discedo,
1953 3058 2120 3114 abeo:

560 3153 698 3220 ﬁeri,
745 3151 1080 3222 Epiphanius
1121 3153 1311 3207 statuit
1338 3152 1504 3222 (15).»
1538 3150 1771 3221 Operam
1833 3151 1970 3206 ludit
1995 3167 2126 3207 cen-
2153 3188 2194 3245 ο

561 3261 656 3300 sor
693 3245 816 3300 iste.
867 3243 933 3299 Et
987 3260 1127 3316 agre
1173 3244 1394 3315 quidem
1447 3243 1767 3308 ferendum,
1821 3243 1966 3314 quod
2017 3259 2126 3298 non

558 3337 895 3408 perspexerit
947 3339 1029 3392 vir
1071 3338 1296 3395 oculeus
1369 3343 1540 3400 totus,
1593 3336 1951 3407 Epiphanium
2002 3335 2127 3392 Cle-

563 3429 762 3485 mentis
829 3429 1154 3484 sententiam
1208 3443 1316 3484 non
1371 3443 1436 3483 ex
1489 3428 1664 3498 ipsius
1713 3427 1970 3498 cpistola,
2034 3426 2127 3482 sed

559 3538 626 3577 ex
654 3521 978 3594 quibusdam
1013 3522 1422 3578 commentariis
1452 3522 1504 3576 in
1529 3523 1732 3592 quibus
1760 3522 1965 3577 dictum
1997 3521 2130 3576 illud

563 3614 868 3685 invenerat,
893 3615 1276 3685 descripsisse.
1312 3614 1404 3669 Sic
1435 3616 1578 3668 enim
1612 3616 1702 3670 ille
1725 3615 1761 3669 l.
1814 3629 1864 3668 c.
1898 3633 1910 3667 :
1972 3613 2131 3682 Λέγει

561 3709 670 3781 γὰρ
698 3711 754 3763 ὲν
787 3711 885 3780 μιᾷ
912 3708 1017 3762 τῶν
1045 3706 1339 3761 ἐπιστολῶν
1367 3706 1552 3760 αὐτοῦ’
1587 3700 1896 3777 ’Δναχωρῶ,
1919 3707 2127 3777 ἄπειμι.

679 3805 910 3877 εῦρομεν
959 3804 1067 3875 γὰρ
1121 3804 1176 3858 ἐν
1229 3821 1369 3857 τισιν
1423 3805 1932 3874 ὑπομνηματισμοῖς
1976 3801 2134 3856 τοῦτο

564 3901 902 3971 ἐγκείμενον.
968 3920 985 3951 ι
1018 3898 1160 3958 Dicit
1212 3900 1354 3954 enim
1406 3896 1698 3968 (Clemens)
1758 3896 1811 3950 in
1859 3911 1967 3950 una
2002 3895 2130 3966 Epi-

570 3993 834 4049 stolarum
853 4006 1097 4046 suarum:
1117 3989 1717 4054 Recedo,abeo:...nam
1737 3987 1790 4042 in
1807 3988 2133 4057 quibusdam

567 4081 982 4139 commentariis
1009 4081 1082 4134 ita
1105 4083 1371 4152 scriptum
1402 4080 1764 4150 reperimus.»
1817 4076 1958 4144 Quid
1988 4075 2134 4147 quod

570 4181 806 4245 ipsemet
835 4172 1177 4244 Epiphanius
1203 4171 1508 4227 luculenter
1553 4177 1809 4232 testatur,
1840 4168 1984 4237 quod
2013 4164 2136 4221 Cle-

570 4279 726 4320 mens
756 4264 846 4318 illa
894 4261 1198 4332 proferens,
1245 4261 1512 4316 nonnullis
1544 4259 1639 4313 hoc
1692 4257 1845 4312 modo
1895 4256 2135 4311 consule.

567 4356 700 4412 bat?
732 4356 841 4409 τισὶ
867 4352 1026 4407 τοῦτο
1055 4352 1462 4424 συμϐουλεύωνε
1497 4360 1704 4405 tantum
1733 4349 1907 4412 abest,
1929 4354 1988 4402 ut
2011 4361 2138 4401 san-

569 4457 693 4502 ctus
717 4446 1158 4502 Constantiensis
1185 4445 1478 4516 episcopus
1518 4441 1792 4496 memoria:
1827 4437 2132 4500 tradiderit,

2210 1954 2316 2009 rito
2342 1955 2470 2008 item
2499 1969 2566 2010 ex
2589 1953 2835 2023 ejusdem
2877 1951 2935 2006 S.
2988 1951 3170 2008 Patris
3219 1953 3402 2008 verbis
3426 1994 3440 2018 ,
3475 1951 3778 2008 Clementis

2212 2044 2610 2100 abdicationem
2643 2042 2967 2099 conﬁrmare
2999 2044 3250 2098 nituntur
3273 2044 3364 2100 alii
3390 2045 3571 2117 magni
3601 2046 3784 2100 nouli-

2213 2136 2300 2191 nis
2328 2135 2453 2190 viri.

2283 2231 2352 2285 At
2376 2230 2572 2302 potiori
2599 2230 2724 2300 jure
2746 2228 3020 2285 notandus
3063 2227 3126 2284 H.
3178 2227 3440 2294 Venema,
3476 2245 3566 2299 qui
3595 2243 3660 2284 eo
3686 2243 3788 2300 po-

2216 2323 2488 2379 tissimum
2537 2322 2757 2377 nomine
2809 2321 3098 2392 Epiphanii
3149 2323 3472 2376 auctoritate
3516 2322 3784 2386 abutitur,

2217 2431 2325 2486 quo
2356 2415 2610 2469 nimirum
2646 2422 2955 2468 commento
2996 2430 3099 2469 suo
3138 2414 3204 2469 de
3247 2412 3449 2484 Grapte
3494 2413 3789 2470 Clementis

2219 2523 2388 2561 uxore
2419 2505 2830 2559 fundamentum
2853 2504 3153 2574 prajaciat,
3197 2506 3348 2560 nullo
3388 2505 3606 2561 innixus
3639 2514 3788 2560 vete-

2221 2613 2341 2652 rum
2367 2596 2700 2662 testimonio,
2755 2597 2888 2666 quin
2937 2612 2968 2652 e
3001 2604 3192 2650 contra
3233 2597 3514 2651 obnitente
3551 2597 3790 2666 scripto«

2222 2705 2341 2744 rum
2375 2689 2725 2759 antiquorum
2755 2687 2876 2744 ﬁde.
2909 2687 3065 2751 Nam,
3095 2697 3153 2742 ut
3201 2688 3388 2759 lgnatii
3423 2688 3788 2759 Epistolarum

2223 2780 2668 2849 interpolatorem
2709 2781 3029 2836 omittamus
3078 2780 3214 2851 (l8),
3264 2796 3427 2849 quem
3482 2797 3650 2834 unum
3686 2795 3791 2835 no-

2221 2873 2300 2926 vit
2345 2873 2434 2927 hic
2460 2886 2675 2936 censor,
2714 2871 3070 2927 vetustiorem
3110 2871 3288 2926 adhuc
3313 2871 3596 2926 'habemus
3632 2871 3795 2924 Reco-

2227 2966 2514 3034 gnitionum
2557 2964 2904 3033 scriptorem,
2936 2965 3136 3018 sacqu
3179 2978 3217 3016 ιι
3267 2963 3580 3026 desinente,
3633 2962 3794 3032 cujus

2227 3058 2339 3112 hac
2361 3063 2489 3113 sunt
2516 3057 2680 3111 verba
2723 3055 2840 3127 (19)
2878 3075 2891 3111 :
2931 3056 3041 3126 Ego
3095 3055 3334 3110 Clemens
3383 3055 3436 3108 in
3468 3055 3594 3109 urbe
3628 3053 3796 3108 Roma

2229 3157 2406 3212 natus,
2435 3162 2501 3201 ex
2527 3148 2700 3217 prima
2732 3158 2887 3201 mtate
2923 3147 3188 3215 pudicitia:
3217 3146 3452 3201 studium
3487 3147 3644 3217 gessi.
3665 3144 3797 3211 Qua

2232 3247 2418 3309 postea
2448 3247 2562 3292 tum
2607 3237 3050 3295 Clementinarum
3091 3238 3225 3308 (20),
3247 3247 3361 3292 tum
3391 3235 3658 3306 Epitomes
3683 3237 3796 3308 (2|)

2231 3339 2482 3387 auctores
2501 3328 2966 3400 exscripsereJlis
2989 3330 3198 3384 accedit
3219 3329 3547 3395 Althclmus,
3572 3328 3800 3397 quiCle-

2235 3422 2433 3479 mentis
2461 3421 2828 3492 virginitatem
2859 3420 2974 3476 sive
3020 3435 3182 3490 prosa
3228 3420 3342 3474 sive
3381 3419 3622 3473 carmine
3662 3419 3794 3473 cele-

2232 3518 2421 3573 brasse
2464 3515 2800 3586 comperitur
2827 3514 2963 3584 (‘22).
3010 3514 3261 3568 Clemens
3315 3514 3498 3584 itaque
3553 3513 3725 3580 virgo,
3751 3512 3798 3567 si

2233 3611 2366 3666 ﬁdes
2391 3611 2476 3665 his
2501 3610 2843 3665 auctoribus.
2878 3607 2942 3663 Et
2973 3608 3164 3680 quidni
3208 3607 3382 3663 ﬁdes?
3431 3606 3507 3659 ait
3545 3604 3797 3661 doctissi-

2236 3720 2356 3758 mus
2375 3702 2676 3759 Cotelerius
2699 3702 2834 3772 (25).

2306 3796 2528 3862 Verum,
2569 3796 2701 3868 quid
2731 3810 2894 3866 porro
2915 3794 2984 3850 de
3009 3795 3211 3865 Grapte
3231 3792 3562 3848 dicendum?
3594 3791 3650 3848 Si
3669 3790 3804 3846 Her-

2235 3907 2336 3946 ma
2359 3890 2578 3961 quidem
2607 3889 2773 3945 verba
2802 3889 3022 3959 penitus
3069 3887 3440 3957 introspicias,
3461 3885 3667 3941 sentias
3694 3883 3804 3937 uti-

2235 4001 2343 4055 que
2366 3999 2492 4038 cum
2522 3983 2656 4037 viris
2697 3981 2928 4037 eruditis
2959 3980 3074 4050 (2-1)
3121 3987 3356 4050 oportet,
3409 3978 3583 4048 ipsam
3633 3975 3805 4030 fuisse

2239 4077 2493 4131 feminam
2551 4082 2807 4144 spectata
2847 4071 3087 4145 pietatis,
3143 4071 3371 4126 forsitan
3407 4067 3801 4129 diaconissam,

2237 4169 2350 4222 sive
2373 4166 2627 4222 Ecclesia
2664 4163 2919 4219 Romana
2949 4161 3297 4234 πρεσϐύτιδα,
3321 4159 3539 4214 viduam
3570 4157 3804 4221 scilicet,

2237 4259 2325 4313 cui
2350 4257 2591 4327 reliquas
2614 4255 2797 4310 viduas
2832 4254 3081 4325 iuniores
3110 4259 3274 4322 atque
3309 4249 3568 4319 orphanos
3599 4247 3704 4302 sub
3726 4246 3809 4300 vi-

2237 4356 2468 4410 duarum
2485 4367 2616 4408 cura
2635 4351 2862 4422 positos,
2880 4350 3102 4421 optimis
3124 4345 3412 4419 praceptis
3434 4343 3810 4412 institutisque

2240 4446 2517 4504 imbuendi
2573 4459 2776 4501 munus
2823 4443 3174 4498 commissum
3222 4438 3404 4492 fuerit.
3448 4436 3583 4491 Cum
3641 4436 3808 4506 igitur

569 4541 904 4597 Clementem
936 4554 1004 4594 eo
1055 4539 1158 4593 loci
1207 4537 1274 4592 ad
1304 4554 1364 4593 se
1409 4536 1638 4606 digitum
1673 4548 1931 4604 expresse
1961 4533 2123 4586 inlen-

2245 4542 2360 4598 sive
2384 4555 2450 4595 ex
2486 4538 2666 4594 verbis
2706 4535 3024 4600 Clementis,
3054 4535 3170 4590 sive
3203 4547 3270 4586 ex
3302 4528 3591 4602 Epiphanii
3619 4535 3802 4581 aucto-

573 4632 1220 4703 disse,quemadmodum
1246 4639 1574 4700 prapostcre
1593 4626 1872 4682 contendit
1899 4625 1984 4678 vir
2002 4625 2134 4680 clar.

575 4725 964 4780 Verumtamen
974 4723 1306 4778 Clementem
1331 4720 1509 4790 ipsum
1524 4719 1598 4772 ita
1617 4719 1925 4787 loquentem
1951 4716 2142 4769 audia-

574 4834 733 4874 mus:
773 4818 870 4881 Τίς
895 4813 990 4871 οὖν
1009 4817 1068 4869 ὲν
1095 4817 1227 4887 ἡμῖν
1248 4817 1492 4882 γενναῖος
1511 4829 1526 4878 ;
1543 4812 1625 4874 τίς
1638 4809 2004 4880 εὕσπλαγχνος
2026 4825 2040 4873 ;
2061 4808 2142 4870 τίς

571 4908 1133 4981 πεπληροφορημένος
1193 4906 1460 4976 ἀγάπης;
1521 4903 1746 4957 εἰπάτω·
1802 4903 1850 4955 εἰ
1909 4900 1973 4954 δι’
2043 4899 2143 4970 ἐμὲ

578 5003 787 5066 στάσις,
821 5003 914 5056 καὶ
939 5001 1076 5072 ἔρις,
1126 5001 1220 5053 καὶ
1281 4999 1575 5069 σχίσματα,
1632 4992 1880 5066 ὲκχωρῶ,
1927 4992 2140 5060 ἄπειμι,

573 5089 637 5150 οὗ
666 5095 761 5150 ἐὰν
802 5093 1082 5165 βούλησθε.
1131 5123 1200 5134 -—
1233 5090 1405 5144 Τοῦτο
1436 5091 1464 5142 ὁ
1492 5089 1745 5160 ποιήσας,
1793 5083 1970 5154 ἑαυτῷ
2003 5082 2144 5152 μέγα

578 5194 732 5258 κλέος
751 5195 809 5246 ὲν
830 5190 1018 5263 Κυρίῳ
1032 5189 1466 5259 περιποιήσεται,
1497 5185 1590 5237 καὶ
1615 5183 1722 5245 πᾶς
1750 5181 1910 5244 τόπος
1938 5176 2142 5242 δέξεται

650 5391 763 5455 (14)
791 5389 963 5458 Epist.
1001 5390 1026 5443 1
1070 5389 1136 5442 ad
1163 5386 1425 5458 Corinth”
1458 5398 1578 5452 cap.
1609 5379 1695 5434 51,

656 5462 770 5528 (15)
805 5456 1008 5517 Παιτοδ.
1046 5475 1276 5522 xxxviii,
1307 5456 1412 5529 §6.

653 5523 766 5599 (16)
796 5532 1003 5601 Origin.
1034 5530 1241 5601 eccles..
1274 5523 1396 5601 pag.
1421 5523 1548 5580 386.

657 5603 770 5672 (l7)
793 5601 858 5672 (In
897 5600 1010 5672 not.
1021 5601 1100 5672 ad
1129 5600 1313 5672 Clem;
1333 5600 1441 5672 _l._c.

664 5660 766 5726 ἰδ’
792 5671 809 5724 l
852 5681 960 5726 nat.
987 5671 1157 5739 Epist.
1185 5669 1251 5722 ad
1276 5665 1606 5733 Philadelph.
1646 5665 1894 5736 interpol.
1942 5676 2062 5732 cap.
2091 5660 2142 5715 1.

655 5671 772 5810 illi;
805 5689 963 5796 ﬁuct.
995 5739 1384 5810 Recognit.lib.
1417 5755 1454 5800 ι,
1493 5754 1612 5806 cap.
1647 5737 1697 5810 l_.

687 5673 746 5726 l8
792 5673 809 5724 1
852 5681 960 5726 nat.
987 5673 1157 5739 Epist.
1185 5673 1251 5722 ad
1276 5673 1606 5733 Philadelph.
1646 5673 1697 5718 in

687 5673 772 5810 19)
805 5689 963 5796 ¹ξιιίῑι.
995 5739 1384 5810 Recognit.lib.
1417 5755 1454 5800 ι,
1493 5754 1612 5806 cap.
1647 5737 1697 5810 l_.

589 5811 592 5816 ’
657 5807 770 5886 (ἳο)
801 5814 958 5869 Auct.
987 5810 1238 5868 Clemenl.
1273 5809 1415 5864 hom.
1460 5823 1497 5871 ι,
1531 5823 1647 5878 cap.
1676 5807 1724 5862 1.

2242 4637 2424 4699 ritate,
2457 4649 2570 4689 sua
2599 4648 2780 4688 causa
2817 4629 3132 4701 prasidium
3161 4627 3365 4680 frustra
3397 4631 3603 4693 quierat
3624 4621 3810 4676 erudi-

2241 4737 2332 4784 tus
2382 4726 2642 4791 Venema,
2691 4726 2826 4796 quin
2876 4732 2931 4780 et
2984 4722 3091 4793 ipsi
3132 4721 3352 4775 obstent
3401 4725 3515 4771 tum
3553 4713 3811 4769 Ecclesia

2245 4821 2572 4892 scriptorum
2607 4816 2992 4878 vetustissimi,
3028 4822 3141 4868 tum
3193 4811 3558 4867 recentiorum
3604 4808 3810 4863 doctis-

2245 4912 2368 4967 simi
2393 4927 2407 4976 ;
2448 4926 2626 4981 neque
2656 4910 2826 4963 ullum
2853 4906 3076 4961 omnino
3101 4905 3294 4959 vadem
3345 4904 3572 4973 ipsemet
3590 4915 3688 4971 pro
3711 4914 3813 4954 sua

2247 5005 2516 5061 sententia
2570 5004 2624 5057 in
2673 5001 2910 5056 medium
2952 4998 3185 5052 adducat
3231 5016 3243 5051 :
3281 4996 3336 5049 in
3379 4994 3610 5048 nihilum
3653 4992 3814 5046 abeat

2247 5111 2472 5152 necesse
2513 5102 2598 5150 est
2636 5092 2840 5163 Grapte
2861 5089 3159 5146 Clementis
3213 5102 3372 5153 uxor,
3399 5100 3560 5156 quam
3583 5084 3814 5138 commi-

2248 5189 2480 5246 niscitur
2519 5205 2534 5252 ;
2586 5200 2821 5255 cumque
2882 5181 3191 5238 istiusmodi
3239 5180 3494 5250 ﬁgmento
3534 5175 3814 5230 evanescit

2323 5397 2434 5462 (21)
2461 5395 2619 5448 Auct.
2649 5391 2879 5461 Epitom.
2904 5406 3027 5462 cap.
3060 5391 3111 5444 1.

2318 5454 2430 5536 (29.)
2467 5464 2538 5536 De
2570 5454 2716 5536 laud.
2741 5463 2871 5532 virg.
2891 5454 3278 5536 et_d§_laudib._
3308 5456 3538 5536 virginit.
3569 5469 3689 5536 cap.
3719 5454 3811 5507 9.2.

2459 5514 2716 5589 «Ξόιέιζίή
2749 5514 2869 5586 iis?
2895 5514 2961 5587 ad
3001 5531 3172 5602 Clem.
3195 5528 3355 5602 epist.
3377 5514 3432 5602 lu,
3452 5541 3570 5594 cap.
3599 5514 3688 5602 38.

2323 5595 2434 5676 (21)
2469 5606 2638 5660 Cotel.
2665 5612 2717 5656 et
2741 5603 2897 5676 Fellﬂ
2926 5603 2992 5657 ad
3043 5595 3245 5656 Herm.‘
3262 5600 3362 5654 vis.
3405 5597 3461 5676 (ξ.
3489 5610 3612 5665 cap.
3666 5595 3817 5676 ἦλα

2253 5662 2436 5732 ῡοὶιινί
2474 5679 2527 5732 in
2559 5676 2731 5729 addit.
2760 5675 2826 5728 ad
2852 5662 3110 5728 P'earson.
3134 5686 3259 5740 opp.
3289 5662 3590 5740 posthumf,
3618 5662 3815 5738 p.196,

2251 5759 2304 5807 et
2336 5749 2493 5818 ibid.,
2519 5750 2573 5805 in
2597 5748 2815 5803 dissert.
2837 5745 3034 5816 singul.
3063 5759 3114 5814 p.
3150 5741 3271 5797 158.
