4070 6340
517 368 620 424 123

1624 358 1713 414 AD
1754 359 1811 416 S.
1852 358 2275 417 CLEMENTEM
2314 361 2335 415 l
2372 358 2601 414 PAPAM

3628 347 3735 404 ιει

509 482 728 549 Linum,
755 482 899 553 quod
928 480 1085 538 divus
1111 478 1472 549 Hieronymus
1513 477 1569 532 in
1600 485 1764 548 caput
1810 493 1886 532 ιιι
1923 476 2075 533 Isaiae
2102 485 2151 541 Α
2177 477 2343 549 aliqui
2374 476 2555 532 ferunt
2584 472 2695 545 (54)
2723 489 2847 529 eum
2879 472 2945 529 ad
2976 473 3215 531 schisma
3242 472 3579 537 evitandum,
3605 471 3747 528 Pon-

510 574 709 639 innuit,
736 590 835 645 pro
862 584 1014 629 certo
1054 574 1166 644 jam
1204 572 1434 627 habetur
1467 570 1598 641 (27).
1630 570 1888 637 Quamvis
1933 572 2080 626 enim

510 682 540 720 a
575 674 766 723 sancto
789 665 949 722 Petro
977 666 1032 720 in
1062 664 1377 735 episcOpum
1411 673 1683 729 sacratus,
1713 672 1767 718 et
1796 676 2082 718 successor

510 757 826 827 designatus
851 756 1033 819 fuerit,
1060 756 1319 811 honorem
1345 754 1700 809 nihilominus
1728 760 1782 809 et
1813 762 1943 808 tunc
1964 768 2083 809 mo-

510 847 661 903 deste
698 862 1003 912 recusasse,
1027 856 1082 901 et
1121 854 1244 917 post
1292 844 1350 901 S.
1394 844 1583 901 Jacobi
1622 845 1827 900 obitum
1858 844 1915 899 S.
1945 844 2083 899 Lino

512 939 653 993 ultro
682 938 937 1003 cessisse,
967 937 1205 992 traditur
1229 953 1260 992 a
1288 936 1541 1002 Baronio,
1570 936 1729 1007 cujus
1757 936 2084 993 sententiam

510 1031 862 1101 comprobant
880 1030 1085 1087 Natalis
1105 1030 1408 1086 Alexander
1428 1030 1563 1103 (28),
1587 1030 1903 1098 Bollandus,
1923 1031 2084 1087 Cote-

513 1123 679 1178 lerius
703 1130 756 1178 et
791 1122 1188 1179 Tillemontius.
1214 1122 1391 1189 Quod,
1435 1131 1494 1177 ut
1534 1122 1739 1179 Natalis
1779 1123 2086 1179 Alexander

513 1217 587 1269 ait
614 1217 732 1271 loco
761 1217 948 1279 citato,
986 1234 1005 1267 ι
1039 1217 1321 1285 pessimum
1349 1217 1584 1286 posteris
1613 1218 1918 1286 exemplum
1946 1232 2083 1287 pra:-

514 1308 629 1363 beri
668 1308 1139 1373 animadverteret,
1172 1310 1218 1365 si
1263 1325 1331 1365 ex
1357 1311 1410 1364 vi
1449 1309 1812 1365 ordinationis
1851 1320 1904 1365 et
1943 1311 2087 1365 desi-

514 1399 808 1469 gnationis,
831 1399 898 1454 de
925 1416 983 1455 se
1013 1399 1169 1455 factae
1196 1416 1227 1453 a
1253 1397 1309 1454 S.
1337 1399 1498 1455 Petro
1546 1400 1914 1470 (quantumvis
1939 1401 2088 1470 justa

515 1489 683 1557 esset)
717 1499 992 1545 exerceret
1026 1489 1395 1558 pontificium;
1428 1489 1555 1559 quia
1602 1489 1844 1545 futurum
1894 1491 2088 1561 praevi-

517 1576 697 1642 debat,
731 1586 791 1633 ut
826 1580 871 1634 si
907 1580 1149 1649 pontifici
1180 1580 1365 1635 liceret
1400 1580 1500 1636 sibi
1531 1580 1820 1651 designare
1869 1596 2090 1636 succes-

519 1684 721 1735 sorem,
762 1671 947 1739 plures
992 1670 1048 1725 in
1101 1671 1413 1727 cathedram
1462 1669 1612 1726 Petri
1665 1673 1944 1737 subvecti,
1992 1672 2089 1728 sed

518 1759 663 1815 Petri
698 1763 919 1833 vestigia
950 1779 1060 1817 non
1092 1764 1287 1827 secuti,
1318 1764 1637 1819 relationem
1661 1766 1846 1820 carnis
1871 1772 1925 1820 et
1964 1781 2093 1822 san—

518 1854 736 1924 guinis,
769 1872 877 1910 non
911 1854 1148 1926 Spiritus
1176 1857 1350 1911 sancti
1392 1857 1631 1913 aﬂlatum
1661 1858 2088 1915 attenderent....
2123 1833 2167 1888 Β

522 1947 709 2016 sicque
757 1963 1030 2003 summum
1080 1949 1339 2006 Ecclesiae
1385 1951 1749 2007 sacerdotium
1792 1951 1859 2005 ab
1904 1952 2097 2007 ordine

524 2036 915 2094 Melchisedech
961 2041 1015 2095 in
1064 2042 1311 2096 ordinem
1364 2042 1597 2099 Aaronis
1636 2042 1942 2107 decideret,
1996 2058 2097 2099 nec

522 2131 766 2200 dignatio
814 2134 1053 2188 caelestis
1102 2134 1327 2203 gratiae,
1384 2133 1481 2190 sed
1530 2135 1768 2191 carnalis
1821 2135 2098 2191 successio

524 2230 809 2294 generaret
829 2222 1202 2280 Sacerdotem.
1242 2246 1261 2278 ι

597 2314 836 2371 Sanctus
865 2315 1099 2372 lrenaeus
1124 2316 1233 2388 (29)
1269 2334 1597 2376 enumerans
1614 2318 1891 2375 Romanos
1923 2319 2101 2391 ponti-

526 2407 654 2463 ﬁces
719 2408 813 2479 qui
859 2409 924 2464 ad
957 2425 1053 2465 sua
1094 2417 1339 2480 tempora
1385 2410 1709 2476 ﬂoruerunt,
1773 2411 1935 2467 tertio
1976 2420 2101 2483 post

526 2508 776 2554 sanctum
805 2499 1023 2555 Petrum
1054 2502 1174 2556 loco
1210 2503 1541 2557 Clementem
1577 2504 1753 2573 ponit.

595 2591 807 2647 Pariter
830 2591 1098 2647 Eusebius
1122 2593 1231 2665 (50)
1253 2603 1304 2648 et
1327 2592 1664 2664 Epiphanius
1682 2594 1792 2667 (5i)
1824 2594 2099 2651 sentiunt:

526 2699 594 2738 ex
644 2683 877 2738 adverso
931 2691 1156 2738 sanctus
1203 2683 1543 2755 Augustinus
1602 2683 1714 2755 (52)
1772 2683 2102 2740 Clementem

528 2775 664 2830 Lino
702 2774 1013 2830 immediate
1060 2776 1395 2831 successisse
1439 2782 1671 2831 testatur
1706 2791 1909 2846 :quem
1955 2774 2104 2832 ordi-

530 2883 651 2922 nem
673 2868 728 2921 in
751 2868 1106 2923 numerandis
1128 2866 1275 2924 Petri
1299 2870 1718 2925 successoribus
1737 2878 1922 2926 tenent
1940 2871 2105 2925 etiam

530 2968 754 3015 sanctus
795 2958 1026 3029 Optatus
1071 2959 1413 3017 Milevitanus
1447 2960 1903 3030 (35),Chrouicon
1959 2958 2107 3030 quod

531 3050 764 3106 Damaso
801 3052 962 3122 vulgo
1010 3052 1286 3116 tribuitur,
1330 3059 1385 3107 et
1428 3052 1711 3121 catalogus
1749 3058 1905 3106 vetus
1945 3049 2102 3107 Rom.

532 3142 848 3235 pontificum
883 3158 921 3235 er
940 3158 1045 3199 ms.
1080 3142 1289 3235 codice
1329 3144 1527 3215 regina:
1578 3142 1786 3199 Sueciaz
1816 3144 1884 3198 ab
1915 3143 2105 3213 hagio—
2132 3177 2175 3235 ο

534 3235 756 3306 graphis
783 3234 959 3305 Belgis
991 3234 1045 3289 in
1078 3233 1202 3288 Maii
1234 3233 1513 3306 Propylzeo
1534 3250 1788 3290 excusus.

603 3324 807 3380 Praeter
855 3325 1151 3397 pugnantia
1197 3325 1333 3381 adeo
1380 3324 1713 3390 testimonia,
1758 3340 1867 3379 non
1914 3325 2112 3380 desunt

533 3430 645 3471 suae
676 3417 892 3486 utrique
921 3431 988 3470 ex
1015 3414 1102 3471 his
1128 3413 1477 3485 opinionibus
1518 3413 1896 3483 diﬂicultates;
1929 3423 2111 3485 poste-

533 3504 648 3558 rior
686 3502 811 3559 inde
861 3510 1041 3558 tamen
1088 3503 1411 3574 gravissime
1452 3504 1737 3574 premitur,
1790 3504 1935 3575 quod
1983 3503 2108 3561 fasti

533 3596 822 3659 Ecclesiae,
870 3603 1027 3651 vetus
1071 3594 1439 3651 Romanorum
1482 3596 1724 3660 traditio,
1772 3603 1825 3652 et
1868 3596 2111 3667 plerique

532 3687 764 3758 catalogi
789 3685 950 3742 Rom.
976 3685 1174 3755 pontif.
1203 3694 1451 3741 sanctum
1482 3684 1814 3741 Clementem
1848 3686 2110 3757 martyrio

534 3786 857 3834 coronatum
884 3784 1133 3833 asserant
1174 3776 1475 3847 imperante
1500 3776 1758 3847 Trajano,
1790 3788 1952 3848 atque
1977 3779 2112 3835 adeo

535 3871 638 3927 sub
686 3870 842 3926 initio
885 3870 1069 3925 saeculi
1125 3884 1196 3937 ll;
1244 3870 1492 3940 quamvis
1540 3886 1716 3941 neque
1765 3868 1956 3925 Linum
1990 3873 2111 3943 plus

537 3977 702 4033 quam
755 3977 854 4026 xu,
908 3976 1084 4031 neque
1133 3958 1465 4014 Clementem
1520 3960 1661 4015 ultra
1708 3960 1893 4016 decem
1938 3975 2111 4018 annos

539 4054 748 4110 sedisse
775 4053 1064 4123 quisquam
1104 4059 1356 4117 testetur,
1387 4066 1417 4105 a
1448 4050 1595 4107 Petri
1642 4059 1821 4107 autem
1852 4054 2113 4124 martyrio

541 4160 714 4215 usque
737 4144 803 4200 ad
831 4142 1053 4213 Trajani
1080 4143 1365 4213 imperium
1393 4158 1501 4197 xxx
1524 4151 1583 4197 ut
1608 4144 1915 4207 minimum,
1938 4156 2112 4200 annos

540 4236 763 4293 ﬂuxisse
801 4242 1031 4290 constet.
1073 4232 1392 4289 Diﬂicultate
1435 4233 1538 4287 hac
1591 4241 1649 4288 ut
1677 4250 1735 4291 se
1769 4234 2109 4305 expedirent,

613 4478 824 4551 (27)¥Et
848 4478 1105 4551 rClemens
1127 4475 1210 4551 vir
1238 4476 1588 4551 apostolicus,
1620 4476 1727 4551 qui
1742 4482 1863 4551 post
1891 4474 2107 4530 Petrum

541 4546 1030 4605 Ro'mJEcclesiam
1077 4548 1235 4609 rexit,
1286 4548 1476 4600 scribit
1506 4548 1570 4601 ad
1605 4546 1942 4609 Corinthios,
1975 4554 2107 4610 etc.,

541 4637 666 4692 opp.
694 4619 775 4692 Al).
800 4619 1018 4674 Hieron.
1045 4618 1250 4672 noviss.
1281 4617 1411 4672 edit.
1442 4616 1656 4681 Venet.,
1685 4625 1816 4671 tom.
1852 4614 1941 4678 IV,
1973 4632 2025 4686 p.
2056 4617 2107 4682 l,

542 4690 816 4888 ΣὲΞὲἰῇ
848 4760 992 4814 Hist.
1022 4758 1149 4813 eccl.
1201 4758 1383 4813 saeculi
1408 4773 1447 4820 ι,
1469 4756 1689 4813 dissert.
1719 4757 1804 4821 15,
1834 4771 1955 4827 pag.
1980 4755 2113 4810 mihi

618 4898 1066 4980 (29)_Fund_a.ntes
1098 4898 1260 4980 igitur
1282 4906 1336 4980 et
1366 4898 1858 4980 instruentes‘beati
1884 4896 2114 4980 apostoli

545 4967 1029 5033 Ecclesiam,'Lino
1052 4967 1422 5037 episcOpatum
1457 4969 1902 5023 administrandae
1930 4967 2116 5021 Eccle-

545 5044 641 5099 sia:
672 5041 1031 5096 tradiderunt.
1067 5039 1322 5093 Succedit
1350 5048 1527 5093 autem
1557 5040 1604 5093 ei
1638 5039 1957 5103 Anacletus;
1994 5043 2117 5107 post

546 5128 670 5169 eum
709 5112 872 5167 tertio
901 5110 971 5164 ab
1007 5109 1269 5179 apostolis
1311 5111 1685 5179 episc0patum
1734 5108 1963 5179 sortitur
1994 5107 2118 5162 Cle-

546 5199 721 5238 mens.
761 5181 819 5235 S.
851 5178 1085 5235 Irenaeus
1130 5179 1165 5235 Ι.
1214 5178 1455 5249 ιιιίΑάυ,
1503 5180 1715 5243 Ιιιεγεε..
1758 5178 1963 5249 οθρη5,
1991 5192 2116 5249 pag.

547 5254 679 5307 mihi
707 5252 831 5313 176,
863 5249 995 5305 edit.
1028 5251 1235 5305 noviss.
1261 5248 1478 5305 Venetae
1507 5251 1573 5304 de
1601 5265 1745 5303 anno
1776 5248 1933 5303 1754.

764 5320 906 5401 His_t.
954 5322 1104 5405 ecc_l.,
1139 5321 1174 5373 l.
1224 5335 1305 5403 tu,
1350 5335 1400 5375 c.
1435 5321 1522 5383 l5,
1572 5323 1684 5374 ait:
1718 5320 2121 5405 Aitacletusreir-

548 5387 680 5447 actis
711 5387 763 5446 in
789 5392 1086 5459 episcopatu
1109 5390 1262 5446 annis
1293 5406 1368 5445 xu
1398 5406 1743 5445 successorem
1773 5389 1981 5459 reliquit
2008 5387 2121 5440 Cle-

550 5474 789 5517 mentem.
810 5458 967 5515 Vide'
992 5461 1153 5530 etiam
1196 5462 1440 5530 ejusdem
1488 5461 1608 5516 libri
1638 5476 1687 5516 c.
1717 5460 1751 5513 4
1780 5469 1834 5515 ct
1862 5458 1953 5530 2t,
2003 5458 2119 5513 edi-

548 5535 751 5588 tionem
782 5530 984 5586 Valesii
1013 5529 1403 5586 Taurincnsem
1434 5548 1553 5601 pag.
1580 5531 1668 5593 82,
1692 5530 1773 5601 957
1788 5539 1840 5584 et
1868 5529 1958 5585 98.

620 5602 732 5674 (5i)
767 5601 944 5657 Romae
985 5602 1141 5670 primi
1181 5604 1413 5674 omnium
1439 5600 1637 5656 Petrus
1664 5600 1950 5674 et_Pa_u_lus
1995 5615 2123 5667 apo-

550 5670 675 5727 stoli
700 5673 901 5742 pariter
928 5680 1081 5741 atque
1098 5674 1335 5742 episcopi
1371 5672 1599 5742 fuerunt,
1642 5671 1762 5725 inde
1802 5670 1986 5742 Linus,
2012 5681 2122 5742 tum

554 5740 756 5803 Cletus,
788 5740 1057 5813 pauitant:
1079 5740 1336 5797 Clemens.
1369 5740 1629 5813 Epiphan.
1652 5744 1841 5797 hazres.
1875 5741 1966 5813 Ξῖ,
1992 5740 2118 5813 c._6,

554 5832 676 5887 pag.
709 5814 830 5882 107,
854 5815 985 5867 edit.
1010 5811 1305 5882 Lipsiensis
1322 5810 1546 5881 Petavii,
1574 5815 1734 5885 vulgo
1755 5810 2120 5869 Coloniensis.

2181 569 2345 624 tiﬂcia
2373 569 2636 639 dignitate
2673 582 2733 622 se
2770 566 3072 633 abdicasse,
3096 575 3151 623 et
3179 567 3337 638 longe
3361 574 3485 638 post
3510 566 3745 633 obiisse;

2181 677 2367 718 verum
2397 660 2448 715 id
2479 660 2625 714 omni
2656 660 2874 729 penitus
2901 660 3238 715 dubitatione
3268 675 3378 715 non
3401 666 3577 713 vacat.
3608 656 3747 724 Quid

2182 760 2363 807 autem
2401 750 2456 805 in
2501 766 2562 806 re
2605 751 2740 806 adeo
2780 752 3014 807 obscura
3049 751 3311 820 tricisque
3350 749 3750 818 chronologicis

2182 843 2412 913 implexa
2458 857 2586 897 vero
2632 843 2856 913 propius
2905 842 3150 905 accedat,
3199 840 3420 897 lectoris
3462 841 3751 895 arbitrium

2182 942 2338 989 esto:
2371 933 2502 987 mihi
2534 932 2751 987 animus
2790 932 3037 997 inclinat,
3066 939 3125 986 ut
3166 930 3225 985 S.
3260 929 3461 985 Irenaeo
3496 945 3595 985 ceu
3626 928 3755 983 testi

2184 1026 2423 1081 omnium
2451 1025 2850 1095 antiquissimo,
2883 1039 2982 1079 nec
3015 1025 3173 1094 longe
3201 1038 3231 1075 a
3256 1020 3520 1078 Romanis
3551 1022 3752 1091 posito,

2184 1119 2315 1189 quin
2354 1118 2409 1171 in
2438 1116 2584 1173 Urbe
2612 1117 2727 1188 ipsa
2758 1124 2994 1182 versato,
3025 1116 3389 1179 subscribam,
3417 1124 3471 1170 et
3507 1114 3757 1170 Clemen-

2184 1217 2317 1276 tem,
2345 1224 2455 1264 non
2493 1217 2641 1276 ante,
2664 1225 2823 1280 quam
2847 1217 2969 1280 post
3007 1208 3202 1264 Linum
3242 1219 3297 1265 et
3322 1209 3558 1277 Cletum,
3581 1208 3664 1264 vel
3696 1214 3759 1263 ut

2187 1301 2420 1359 lrenaeus
2449 1303 2630 1366 habet,
2657 1303 2973 1358 Anacletum
3011 1304 3219 1359 sedisse
3246 1318 3513 1359 censeam.

2258 1393 2355 1448 Res
2395 1394 2459 1447 ab
2504 1411 2563 1449 eo
2608 1396 2662 1448 in
2710 1396 3020 1464 pontiﬁcatu
3066 1395 3466 1466 gestae—Quo
3510 1405 3758 1464 tempore

2190 1484 2447 1541 Ecclesiae
2476 1494 2726 1556 praeerat,
2769 1487 2877 1542 duo
2909 1486 3253 1556 potissimum
3281 1487 3458 1558 egisse
3482 1499 3759 1541 memora-

2190 1583 2301 1631 tur.
2346 1574 2655 1631 Laborante
2692 1576 2813 1630 diro
2862 1577 3158 1633 schismate
3203 1576 3608 1633 Corinthiorum
3648 1575 3759 1630 Ec-

2192 1660 2381 1733 clesia,
2404 1668 2625 1739 scripsit
2660 1669 2933 1740 egregiam
2977 1670 3136 1725 hodie
3180 1669 3358 1725 adhuc
3407 1671 3757 1742 superstitem

2192 1761 2499 1833 epistolam,
2536 1775 2643 1831 qua
2671 1760 2827 1816 laicis
2870 1761 2925 1814 in
2954 1762 3301 1832 presbyteros
3329 1762 3492 1817 etiam
3523 1763 3763 1819 sanctis-

2196 1854 2367 1911 'simos
2420 1853 2829 1924 insurgentibus
2896 1852 3069 1908 suasit
3130 1868 3352 1923 pacem,
3407 1862 3763 1923 mutuamque

2196 1944 2565 2000 concordiam.
2608 1943 2895 2015 Negotium
2929 1944 3074 1999 istud
3116 1958 3181 1998 ex
3223 1944 3491 1999 sententia
3535 1944 3766 2014 perfecit

2196 2043 2419 2092 sanctus
2448 2035 2718 2091 Pontifex.
2751 2035 3018 2099 Alterum,
3055 2035 3203 2105 quod
3238 2044 3441 2104 septem
3473 2036 3626 2090 urbis
3676 2051 3767 2090 re-

2196 2128 2384 2198 giones
2406 2128 2464 2182 in
2490 2127 2733 2183 notarios
2765 2128 2989 2182 totidem
3018 2130 3253 2199 partitus
3287 2128 3378 2191 sit,
3406 2127 3498 2197 qui
3531 2128 3584 2181 in
3613 2137 3768 2199 gesta

2199 2221 2299 2278 SS.
2344 2232 2643 2295 martyrum
2715 2223 3091 2294 inquirerent,
3141 2225 3342 2295 illaque
3392 2225 3457 2279 ad
3516 2236 3768 2297 posteros

2198 2315 2418 2386 scriptis
2469 2315 2915 2371 commendarent
2952 2317 3106 2389 (55):
3156 2317 3285 2371 hinc
3326 2318 3488 2389 etiam
3531 2318 3767 2389 percipi-

2199 2385 2350 2469 mus,
2389 2415 2647 2475 quantam
2701 2385 3054 2477 diligentiam
3098 2407 3168 2461 ab
3218 2407 3350 2477 ipsis
3421 2385 3769 2465 incunabulis

2197 2490 2356 2551 Rom.
2393 2495 2636 2553 Ecclesia
2665 2496 2973 2552 adhibuerit
3004 2498 3058 2551 in
3103 2497 3422 2568 colligendis
3466 2507 3768 2570 martyrum

2200 2588 2374 2646 fastis.
2400 2589 2619 2662 lugente
2650 2590 2976 2645 Christiana:
3012 2592 3089 2646 rei
3128 2589 3459 2646 detrimento
3497 2600 3618 2645 acta
3653 2591 3771 2647 hac

2201 2681 2304 2737 sub
2354 2681 2764 2751 Diocletiano,e
2807 2680 2976 2738 fundo
3028 2682 3347 2754 religionem
3392 2683 3765 2738 Christianam

2203 2776 2511 2830 convellere
2560 2774 2877 2840 laborante,
2939 2773 3171 2831 ﬂammis
3222 2775 3531 2845 perierunt,
3580 2776 3654 2831 ita
3710 2785 3773 2831 ut

2201 2866 2433 2936 paucula
2464 2866 2625 2921 hodie
2656 2865 2895 2937 genuina
2922 2866 3243 2921 venerandae
3272 2864 3615 2935 antiquitatis
3654 2880 3774 2920 mo-

2203 2966 2460 3014 numenta
2509 2959 2717 3027 reliqua
2751 2958 2880 3013 sint.
2916 2955 3226 3013 Promeruit
3271 2965 3327 3011 et
3368 2956 3482 3027 ipse
3522 2954 3773 3012 Clemens

2203 3049 2408 3105 eisdem
2439 3049 2595 3105 fastis
2625 3047 2891 3105 adscribi.

2277 3139 2598 3212 Martyrium
2648 3142 2821 3195 sancti
2873 3140 3184 3205 Clementis,
3230 3140 3442 3213 eiusque
3489 3140 3777 3196 obitus.—

2212 3232 2420 3288 Etenim
2446 3233 2501 3287 in
2529 3232 2927 3289 Chersonesum
2970 3233 3256 3288 Tauricam
3300 3234 3573 3305 relegatus
3614 3234 3776 3305 (Tar-

2212 3324 2406 3381 tariam
2452 3324 2718 3380 minorem
2748 3326 2908 3396 vulgo
2945 3325 3237 3396 appellant)
3279 3340 3402 3379 cum
3450 3327 3695 3381 doctrina
3723 3334 3777 3381 et

2209 3415 2490 3470 miraculis
2518 3431 2708 3471 omnes
2738 3417 2948 3471 incolas
2978 3416 3339 3471 convertisset
3376 3417 3441 3471 ad
3471 3416 3773 3479 Christum,

2204 3505 2428 3575 jubente
2452 3504 2689 3576 Trajano
2718 3506 2775 3561 in
2805 3520 2954 3561 mare
2982 3504 3267 3573 demersus
3298 3504 3398 3557 fuit
3427 3519 3570 3557 anno
3602 3502 3650 3558 J.
3670 3502 3772 3558 Ch.

2211 3598 2332 3664 100,
2377 3597 2598 3668 Trajani
2644 3598 2732 3655 lll.
2777 3595 2902 3653 Haec
2950 3613 3017 3653 ex
3056 3596 3226 3661 actis,
3266 3610 3387 3664 quae
3426 3594 3480 3648 in
3525 3595 3776 3649 manibus

2210 3695 2500 3742 versantur
2533 3687 2715 3752 hodie,
2752 3694 2905 3742 eruta
2939 3693 3096 3752 sunt;
3140 3689 3334 3739 merito
3371 3690 3551 3739 tamen
3580 3698 3611 3737 a
3640 3684 3778 3740 viris

2212 3778 2573 3848 gravissimis,
2600 3777 2898 3833 Pearsonio
2938 3776 3229 3847 pmcipue,
3262 3775 3316 3829 in
3347 3774 3573 3828 dubium
3620 3790 3779 3829 revo-

2210 3876 2426 3933 cantur,
2471 3868 2928 3939 quemadmodum
2966 3866 3195 3923 inferius
3238 3865 3502 3936 singulari
3545 3865 3777 3919 articulo

2211 3959 2583 4016 ostendemus.
2635 3957 2796 4025 Sunt,
2836 3960 2932 4031 qui
2962 3958 3183 4013 minime
3208 3957 3447 4012 violenta
3478 3962 3652 4009 morte
3681 3954 3778 4009 de-

2212 4051 2447 4108 cessisse
2496 4052 2684 4107 divum
2735 4051 3071 4107 Clementem
3122 4056 3432 4104 autumant.
3471 4046 3564 4103 Sic
3606 4046 3777 4102 Euse-

2212 4142 2333 4198 bius
2359 4142 2471 4215 (56)
2501 4152 2556 4199 et
2598 4153 2821 4199 sanctus
2850 4143 3207 4215 Hieronymus
3234 4143 3353 4212 ejus
3380 4150 3607 4196 mortem
3629 4139 3779 4193 nulla

2213 4234 2279 4288 de
2303 4237 2563 4307 martyrio
2594 4236 2867 4293 mentione
2891 4236 3139 4290 instituta
3164 4242 3615 4290 commemorant.
3646 4235 3783 4288 San-

2285 4479 2396 4550 (52)
2420 4478 2576 4534 Petro
2607 4480 2854 4533 successi:
2868 4477 3063 4550 _Linus.
3086 4477 3221 4550 Lino
3240 4476 3501 4537 Clemens,
3524 4476 3779 4550 Clementi

2214 4548 2515 4621 Anacletus,
2564 4550 2814 4604 Anacleto
2856 4548 3153 4603 Evaristus.
3200 4548 3258 4604 S.
3302 4550 3572 4621 Aug.,ep.
3616 4549 3685 4603 55
3710 4550 3778 4602 ad

2216 4620 2551 4677 Generosum.

2283 4690 2394 4761 (55)
2408 4689 2682 4761 βαιήεάνα
2710 4706 2815 4744 una
2841 4698 2939 4753 est,
2980 4688 3117 4761 sedit
3136 4690 3282 4758 prior
3311 4688 3636 4761 Petrus,gcui
3660 4706 3782 4761 suc-

2214 4758 2583 4823 ces‘sit'Linus,
2617 4761 2747 4815 Lino
2781 4760 3039 4825 Clemens,
3080 4758 3335 4814 Clementi
3377 4759 3678 4814 Anucletus.
3714 4760 3776 4813 Ι).

2214 4830 2464 4901 Optatus,
2497 4832 2589 4886 lib.
2626 4849 2685 4886 ιι.

2287 4901 2397 4973 (54)
2432 4898 3059 4973 ι).ίι·1ρὶρὶιθῃίιξδιὶωτεεε
3072 4899 3227 4963 27,c.
3246 4899 3300 4956 6.
3322 4898 3699 4955 Henschenius
3725 4906 3782 4954 et

2213 4968 2695 5041 Papebrochius'in
2722 4969 2841 5041 Maii
2870 4968 3168 5041 Propylzeo.

2286 5038 2397 5111 (35)
2433 5040 2731 5096 Guilelmus
2780 5038 3061 5111 Burius‘i'n
3092 5056 3189 5095 sua
3238 5038 3398 5093 Rom.
3443 5038 3635 5111 pontif.
3677 5056 3782 5093 no:

2215 5112 2331 5166 titia
2374 5112 2582 5181 adjicit,
2630 5112 2779 5164 illum
2824 5110 3048 5179 insuper
3091 5119 3270 5166 vestes
3314 5111 3367 5163 in
3414 5110 3581 5164 missa
3630 5111 3783 5164 adhi-

2219 5180 2851 5237 bendas'sacerdotibus
2898 5183 3331 5251 praescripsisse,
3367 5188 3421 5235 et
3467 5189 3524 5233 ut
3572 5197 3783 5251 mappa:

2216 5254 2392 5311 linere,
2431 5268 2567 5321 quas
2595 5252 2902 5322 corporalia
2933 5250 3211 5315 vocamus,
3255 5252 3309 5304 in
3351 5250 3609 5320 peculiari
3650 5250 3782 5307 vase

2218 5324 2551 5386 lavarentur,
2605 5324 2893 5387 statuisse;
2944 5323 3040 5377 sed
3086 5323 3137 5377 id
3179 5338 3209 5375 e
3247 5322 3616 5375 commentitia
3657 5322 3781 5376 Cle-

2219 5394 2417 5463 mentis
2464 5391 2531 5445 ad
2573 5391 2837 5447 Jacobum
2889 5391 3127 5463 Epistola
3178 5391 3373 5445 Burius
3420 5391 3777 5463 deprompsit.

2219 5461 2575 5517 Consecravit
2607 5463 2697 5518 hic
2735 5461 2960 5519 sanctus
3005 5462 3277 5522 Pontifex,
3322 5462 3552 5531 geminis
3593 5476 3782 5517 mense

2222 5531 2504 5588 Decembri
2547 5534 3005 5597 ordinationibus,
3049 5535 3308 5588 diaconos
3342 5532 3500 5595 duos,
3550 5532 3779 5602 presby-

2221 5612 2367 5658 teros
2398 5603 2582 5658 decem
2605 5614 2658 5659 et
2686 5605 2870 5674 cpisco
2908 5621 2971 5660 os
2994 5602 3320 5675 quindecim.

2293 5672 2405 5728 (56)
2442 5673 2813 5728 Eusebius".
2964 5677 3001 5728 ι.
3030 5690 3111 5728 ιιι.
3145 5689 3194 5728 c.
3221 5673 3316 5728 διε
3341 5671 3557 5727 Hieron.
3594 5670 3605 5725 i

2293 5672 2405 5744 (56)
2442 5671 2813 5747 Ειιδρῦἰιιεξιι.
2844 5671 2931 5742 E.,
2964 5671 3111 5741 lfm,
3145 5689 3194 5728 c.
3221 5673 3316 5739 5i;
3341 5671 3557 5727 Hieron.
3594 5671 3647 5725 in
3676 5672 3781 5725 Ca-

2224 5744 2388 5815 talog.
2422 5761 2471 5799 c.
2500 5745 2583 5802 15.
