  <div class='ocr_page' id='page_1' title='image "/cluster/home/n/w/nwhite01/storage/ocr_20150623/1/hvd.32044073501405/068.png"; bbox 0 0 4070 6340; ppageno 0'>
   <div class='ocr_carea' id='block_1_1' title="bbox 318 362 420 417">
    <p class='ocr_par' dir='ltr' id='par_1_1' title="bbox 318 362 420 417">
     <span class='ocr_line' id='line_1_1' title="bbox 318 362 420 417; baseline 0.01 -1"><span class='ocrx_word' id='word_1_1' title='bbox 318 362 420 417; x_wconf 75' lang='grc'><strong>125</strong></span> 
     </span>
    </p>
   </div>
   <div class='ocr_carea' id='block_1_2' title="bbox 1579 367 2332 426">
    <p class='ocr_par' dir='ltr' id='par_1_2' title="bbox 1579 367 2332 426">
     <span class='ocr_line' id='line_1_2' title="bbox 1579 367 2332 426; baseline 0.005 -4"><span class='ocrx_word' id='word_1_2' title='bbox 1579 367 1915 425; x_wconf 63' lang='grc' dir='ltr'><strong>ΡΚΟἜΜΙΑ</strong></span> <span class='ocrx_word' id='word_1_3' title='bbox 1952 368 2332 426; x_wconf 80' lang='lat' dir='ltr'><strong>VARIORUM.</strong></span> 
     </span>
    </p>
   </div>
   <div class='ocr_carea' id='block_1_3' title="bbox 3451 373 3550 428">
    <p class='ocr_par' dir='ltr' id='par_1_3' title="bbox 3451 373 3550 428">
     <span class='ocr_line' id='line_1_3' title="bbox 3451 373 3550 428; baseline 0.01 -1"><span class='ocrx_word' id='word_1_4' title='bbox 3451 373 3550 428; x_wconf 75' lang='grc'><strong>126</strong></span> 
     </span>
    </p>
   </div>
   <div class='ocr_carea' id='block_1_4' title="bbox 312 478 3550 559">
    <p class='ocr_par' dir='ltr' id='par_1_4' title="bbox 312 478 3550 559">
     <span class='ocr_line' id='line_1_4' title="bbox 312 478 3550 559; baseline 0.004 -26"><span class='ocrx_word' id='word_1_5' title='bbox 312 486 436 533; x_wconf 78' lang='lat' dir='ltr'><strong>ctus</strong></span> <span class='ocrx_word' id='word_1_6' title='bbox 483 478 724 536; x_wconf 87' lang='lat' dir='ltr'><strong>lrenaus</strong></span> <span class='ocrx_word' id='word_1_7' title='bbox 771 482 885 550; x_wconf 86' lang='lat'><strong>(37)</strong></span> <span class='ocrx_word' id='word_1_8' title='bbox 918 498 1046 540; x_wconf 88' lang='lat' dir='ltr'><strong>vero</strong></span> <span class='ocrx_word' id='word_1_9' title='bbox 1087 483 1380 541; x_wconf 82' lang='lat' dir='ltr'><strong>Pontiﬁces</strong></span> <span class='ocrx_word' id='word_1_10' title='bbox 1403 501 1577 558; x_wconf 88' lang='lat' dir='ltr'><strong>usque</strong></span> <span class='ocrx_word' id='word_1_11' title='bbox 1618 486 1688 542; x_wconf 91' lang='lat' dir='ltr'><strong>ad</strong></span> <span class='ocrx_word' id='word_1_12' title='bbox 1726 487 1887 544; x_wconf 89' lang='lat' dir='ltr'><strong>Eleu-</strong></span> <span class='ocrx_word' id='word_1_13' title='bbox 1915 496 1964 553; x_wconf 74' lang='grc' dir='ltr'><strong>Α</strong></span> <span class='ocrx_word' id='word_1_14' title='bbox 2059 488 2468 545; x_wconf 83' lang='lat' dir='ltr'><strong>Observandum</strong></span> <span class='ocrx_word' id='word_1_15' title='bbox 2500 496 2677 543; x_wconf 90' lang='lat' dir='ltr'><strong>autem</strong></span> <span class='ocrx_word' id='word_1_16' title='bbox 2708 497 2791 545; x_wconf 89' lang='lat' dir='ltr'><strong>est</strong></span> <span class='ocrx_word' id='word_1_17' title='bbox 2817 503 2944 545; x_wconf 90' lang='lat' dir='ltr'><strong>cum</strong></span> <span class='ocrx_word' id='word_1_18' title='bbox 2967 486 3313 559; x_wconf 83' lang='lat' dir='ltr'><strong>CLRemigio</strong></span> <span class='ocrx_word' id='word_1_19' title='bbox 3334 487 3550 545; x_wconf 88' lang='lat' dir='ltr'><strong>Ceillie-</strong></span> 
     </span>
    </p>
   </div>
   <div class='ocr_carea' id='block_1_5' title="bbox 314 572 1881 650">
    <p class='ocr_par' dir='ltr' id='par_1_5' title="bbox 314 572 1881 650">
     <span class='ocr_line' id='line_1_5' title="bbox 314 572 1881 650; baseline 0.006 -26"><span class='ocrx_word' id='word_1_20' title='bbox 314 572 553 625; x_wconf 88' lang='lat' dir='ltr'><strong>therium</strong></span> <span class='ocrx_word' id='word_1_21' title='bbox 599 587 914 639; x_wconf 82' lang='lat' dir='ltr'><strong>recensens,</strong></span> <span class='ocrx_word' id='word_1_22' title='bbox 957 590 1147 630; x_wconf 90' lang='lat' dir='ltr'><strong>eorum</strong></span> <span class='ocrx_word' id='word_1_23' title='bbox 1189 574 1516 648; x_wconf 86' lang='lat' dir='ltr'><strong>quemquam</strong></span> <span class='ocrx_word' id='word_1_24' title='bbox 1557 579 1881 650; x_wconf 77' lang='lat' dir='ltr'><strong>martyrium</strong></span> 
     </span>
    </p>
   </div>
   <div class='ocr_carea' id='block_1_6' title="bbox 315 662 1885 735">
    <p class='ocr_par' dir='ltr' id='par_1_6' title="bbox 315 662 1885 735">
     <span class='ocr_line' id='line_1_6' title="bbox 315 662 1885 735; baseline 0.007 -22"><span class='ocrx_word' id='word_1_25' title='bbox 315 676 534 730; x_wconf 82' lang='lat' dir='ltr'><strong>passum</strong></span> <span class='ocrx_word' id='word_1_26' title='bbox 569 669 767 730; x_wconf 84' lang='lat' dir='ltr'><strong>prater</strong></span> <span class='ocrx_word' id='word_1_27' title='bbox 811 662 1203 734; x_wconf 85' lang='lat' dir='ltr'><strong>Telesphorum</strong></span> <span class='ocrx_word' id='word_1_28' title='bbox 1243 666 1389 721; x_wconf 88' lang='lat' dir='ltr'><strong>haud</strong></span> <span class='ocrx_word' id='word_1_29' title='bbox 1432 666 1724 735; x_wconf 84' lang='lat' dir='ltr'><strong>signiﬁcat.</strong></span> <span class='ocrx_word' id='word_1_30' title='bbox 1769 668 1885 724; x_wconf 65' lang='lat' dir='ltr'><strong>Ru»</strong></span> 
     </span>
    </p>
   </div>
   <div class='ocr_carea' id='block_1_7' title="bbox 314 752 1886 832">
    <p class='ocr_par' dir='ltr' id='par_1_7' title="bbox 314 752 1886 832">
     <span class='ocr_line' id='line_1_7' title="bbox 314 752 1886 832; baseline 0.006 -27"><span class='ocrx_word' id='word_1_31' title='bbox 314 752 457 806; x_wconf 84' lang='lat' dir='ltr'><strong>tinus</strong></span> <span class='ocrx_word' id='word_1_32' title='bbox 474 753 583 824; x_wconf 83' lang='lat'><strong>(38)</strong></span> <span class='ocrx_word' id='word_1_33' title='bbox 603 763 814 808; x_wconf 88' lang='lat' dir='ltr'><strong>tantum</strong></span> <span class='ocrx_word' id='word_1_34' title='bbox 843 767 1090 811; x_wconf 89' lang='lat' dir='ltr'><strong>sanctum</strong></span> <span class='ocrx_word' id='word_1_35' title='bbox 1117 756 1447 814; x_wconf 90' lang='lat' dir='ltr'><strong>Clementem</strong></span> <span class='ocrx_word' id='word_1_36' title='bbox 1472 767 1768 832; x_wconf 90' lang='lat' dir='ltr'><strong>martyrem</strong></span> <span class='ocrx_word' id='word_1_37' title='bbox 1796 777 1886 832; x_wconf 89' lang='lat' dir='ltr'><strong>ap-</strong></span> 
     </span>
    </p>
   </div>
   <div class='ocr_carea' id='block_1_8' title="bbox 310 844 1883 922">
    <p class='ocr_par' dir='ltr' id='par_1_8' title="bbox 310 844 1883 922">
     <span class='ocr_line' id='line_1_8' title="bbox 310 844 1883 922; baseline 0.01 -27"><span class='ocrx_word' id='word_1_38' title='bbox 310 844 495 912; x_wconf 85' lang='lat' dir='ltr'><strong>pellat,</strong></span> <span class='ocrx_word' id='word_1_39' title='bbox 520 846 708 916; x_wconf 89' lang='lat' dir='ltr'><strong>aitque</strong></span> <span class='ocrx_word' id='word_1_40' title='bbox 744 847 812 903; x_wconf 91' lang='lat' dir='ltr'><strong>de</strong></span> <span class='ocrx_word' id='word_1_41' title='bbox 848 864 914 903; x_wconf 88' lang='lat' dir='ltr'><strong>eo</strong></span> <span class='ocrx_word' id='word_1_42' title='bbox 955 848 1207 906; x_wconf 86' lang='lat' dir='ltr'><strong>Zozimus</strong></span> <span class='ocrx_word' id='word_1_43' title='bbox 1253 850 1363 922; x_wconf 89' lang='lat'><strong>(39)</strong></span> <span class='ocrx_word' id='word_1_44' title='bbox 1393 852 1660 918; x_wconf 82' lang='lat' dir='ltr'><strong>Pontifex,</strong></span> <span class='ocrx_word' id='word_1_45' title='bbox 1699 862 1883 911; x_wconf 89' lang='lat' dir='ltr'><strong>tantos</strong></span> 
     </span>
    </p>
   </div>
   <div class='ocr_carea' id='block_1_9' title="bbox 306 935 1879 1025">
    <p class='ocr_par' dir='ltr' id='par_1_9' title="bbox 306 935 1879 1025">
     <span class='ocr_line' id='line_1_9' title="bbox 306 935 1879 1025; baseline 0.01 -40"><span class='ocrx_word' id='word_1_46' title='bbox 306 948 431 986; x_wconf 89' lang='lat' dir='ltr'><strong>eum</strong></span> <span class='ocrx_word' id='word_1_47' title='bbox 476 935 534 989; x_wconf 86' lang='lat' dir='ltr'><strong>in</strong></span> <span class='ocrx_word' id='word_1_48' title='bbox 584 938 813 993; x_wconf 78' lang='lat' dir='ltr'><strong>veritate</strong></span> <span class='ocrx_word' id='word_1_49' title='bbox 869 941 1143 996; x_wconf 89' lang='lat' dir='ltr'><strong>noscenda</strong></span> <span class='ocrx_word' id='word_1_50' title='bbox 1188 957 1515 1025; x_wconf 84' lang='lat' dir='ltr'><strong>progressus</strong></span> <span class='ocrx_word' id='word_1_51' title='bbox 1565 946 1778 1009; x_wconf 78' lang='lat' dir='ltr'><strong>fecisse,</strong></span> <span class='ocrx_word' id='word_1_52' title='bbox 1809 949 1879 1001; x_wconf 83' lang='lat' dir='ltr'><strong>&#39;ut</strong></span> 
     </span>
    </p>
   </div>
   <div class='ocr_carea' id='block_1_10' title="bbox 309 1020 1878 1105">
    <p class='ocr_par' dir='ltr' id='par_1_10' title="bbox 309 1020 1878 1105">
     <span class='ocr_line' id='line_1_10' title="bbox 309 1020 1878 1105; baseline 0.009 -29"><span class='ocrx_word' id='word_1_53' title='bbox 309 1020 466 1077; x_wconf 82' lang='lat' dir='ltr'><strong>tidem</strong></span> <span class='ocrx_word' id='word_1_54' title='bbox 506 1039 537 1078; x_wconf 90' lang='lat' dir='ltr'><strong>a</strong></span> <span class='ocrx_word' id='word_1_55' title='bbox 574 1035 768 1080; x_wconf 85' lang='lat' dir='ltr'><strong>sancto</strong></span> <span class='ocrx_word' id='word_1_56' title='bbox 794 1025 956 1082; x_wconf 88' lang='lat' dir='ltr'><strong>Petro</strong></span> <span class='ocrx_word' id='word_1_57' title='bbox 993 1020 1268 1101; x_wconf 75' lang='lat' dir='ltr'><strong>acceptam</strong></span> <span class='ocrx_word' id='word_1_58' title='bbox 1308 1040 1361 1089; x_wconf 88' lang='lat' dir='ltr'><strong>et</strong></span> <span class='ocrx_word' id='word_1_59' title='bbox 1387 1034 1589 1105; x_wconf 88' lang='lat' dir='ltr'><strong>populo</strong></span> <span class='ocrx_word' id='word_1_60' title='bbox 1621 1036 1878 1091; x_wconf 87' lang='lat' dir='ltr'><strong>traditam</strong></span> 
     </span>
    </p>
   </div>
   <div class='ocr_carea' id='block_1_11' title="bbox 307 1120 1029 1195">
    <p class='ocr_par' dir='ltr' id='par_1_11' title="bbox 307 1120 1029 1195">
     <span class='ocr_line' id='line_1_11' title="bbox 307 1120 1029 1195; baseline 0.012 -25"><span class='ocrx_word' id='word_1_61' title='bbox 307 1120 575 1190; x_wconf 80' lang='lat' dir='ltr'><strong>martyrio</strong></span> <span class='ocrx_word' id='word_1_62' title='bbox 606 1120 1029 1195; x_wconf 84' lang='lat' dir='ltr'><strong>consignaverit.</strong></span> 
     </span>
    </p>
   </div>
   <div class='ocr_carea' id='block_1_12' title="bbox 1987 578 3545 651">
    <p class='ocr_par' dir='ltr' id='par_1_12' title="bbox 1987 578 3545 651">
     <span class='ocr_line' id='line_1_12' title="bbox 1987 578 3545 651; baseline 0.001 -17"><span class='ocrx_word' id='word_1_63' title='bbox 1987 580 2072 634; x_wconf 93' lang='lat' dir='ltr'><strong>rio</strong></span> <span class='ocrx_word' id='word_1_64' title='bbox 2098 579 2231 651; x_wconf 97' lang='grc'>(40),</span> <span class='ocrx_word' id='word_1_65' title='bbox 2269 580 2525 651; x_wconf 78' lang='lat' dir='ltr'><strong>martyris</strong></span> <span class='ocrx_word' id='word_1_66' title='bbox 2554 579 2969 649; x_wconf 86' lang='lat' dir='ltr'><strong>appellationem</strong></span> <span class='ocrx_word' id='word_1_67' title='bbox 2998 594 3140 649; x_wconf 81' lang='lat' dir='ltr'><strong>sape</strong></span> <span class='ocrx_word' id='word_1_68' title='bbox 3182 578 3249 635; x_wconf 93' lang='lat' dir='ltr'><strong>iis</strong></span> <span class='ocrx_word' id='word_1_69' title='bbox 3289 580 3545 635; x_wconf 77' lang='lat' dir='ltr'><strong>tributam</strong></span> 
     </span>
    </p>
   </div>
   <div class='ocr_carea' id='block_1_13' title="bbox 1990 669 3549 740">
    <p class='ocr_par' dir='ltr' id='par_1_13' title="bbox 1990 669 3549 740">
     <span class='ocr_line' id='line_1_13' title="bbox 1990 669 3549 740; baseline 0.001 -15"><span class='ocrx_word' id='word_1_70' title='bbox 1990 669 2178 736; x_wconf 80' lang='lat' dir='ltr'><strong>fuisse,</strong></span> <span class='ocrx_word' id='word_1_71' title='bbox 2208 671 2300 739; x_wconf 89' lang='lat' dir='ltr'><strong>qui</strong></span> <span class='ocrx_word' id='word_1_72' title='bbox 2331 669 2537 739; x_wconf 88' lang='lat' dir='ltr'><strong>aliquid</strong></span> <span class='ocrx_word' id='word_1_73' title='bbox 2576 685 2675 740; x_wconf 89' lang='lat' dir='ltr'><strong>pro</strong></span> <span class='ocrx_word' id='word_1_74' title='bbox 2704 670 2925 725; x_wconf 87' lang='lat' dir='ltr'><strong>Christo</strong></span> <span class='ocrx_word' id='word_1_75' title='bbox 2962 671 3109 740; x_wconf 90' lang='lat' dir='ltr'><strong>passi</strong></span> <span class='ocrx_word' id='word_1_76' title='bbox 3148 670 3389 735; x_wconf 82' lang='lat' dir='ltr'><strong>luerunt,</strong></span> <span class='ocrx_word' id='word_1_77' title='bbox 3422 669 3549 726; x_wconf 77' lang='lat' dir='ltr'><strong>licet</strong></span> 
     </span>
    </p>
   </div>
   <div class='ocr_carea' id='block_1_14' title="bbox 1986 761 3546 831">
    <p class='ocr_par' dir='ltr' id='par_1_14' title="bbox 1986 761 3546 831">
     <span class='ocr_line' id='line_1_14' title="bbox 1986 761 3546 831; baseline 0.001 -16"><span class='ocrx_word' id='word_1_78' title='bbox 1986 762 2319 818; x_wconf 89' lang='lat' dir='ltr'><strong>cruciatibus</strong></span> <span class='ocrx_word' id='word_1_79' title='bbox 2373 761 2683 829; x_wconf 90' lang='lat' dir='ltr'><strong>interempti</strong></span> <span class='ocrx_word' id='word_1_80' title='bbox 2739 776 2849 816; x_wconf 88' lang='lat' dir='ltr'><strong>non</strong></span> <span class='ocrx_word' id='word_1_81' title='bbox 2905 761 3167 828; x_wconf 84' lang='lat' dir='ltr'><strong>fuissent;</strong></span> <span class='ocrx_word' id='word_1_82' title='bbox 3225 769 3386 831; x_wconf 88' lang='lat' dir='ltr'><strong>atque</strong></span> <span class='ocrx_word' id='word_1_83' title='bbox 3432 761 3546 816; x_wconf 85' lang='lat' dir='ltr'><strong>hac</strong></span> 
     </span>
    </p>
   </div>
   <div class='ocr_carea' id='block_1_15' title="bbox 1987 849 3542 921">
    <p class='ocr_par' dir='ltr' id='par_1_15' title="bbox 1987 849 3542 921">
     <span class='ocr_line' id='line_1_15' title="bbox 1987 849 3542 921; baseline -0.001 -15"><span class='ocrx_word' id='word_1_84' title='bbox 1987 852 2158 908; x_wconf 86' lang='lat' dir='ltr'><strong>fuisse</strong></span> <span class='ocrx_word' id='word_1_85' title='bbox 2196 851 2335 906; x_wconf 86' lang='lat' dir='ltr'><strong>ratio</strong></span> <span class='ocrx_word' id='word_1_86' title='bbox 2364 852 2598 915; x_wconf 90' lang='lat' dir='ltr'><strong>videtur,</strong></span> <span class='ocrx_word' id='word_1_87' title='bbox 2641 866 2750 921; x_wconf 89' lang='lat' dir='ltr'><strong>qua</strong></span> <span class='ocrx_word' id='word_1_88' title='bbox 2779 849 3008 906; x_wconf 86' lang='lat' dir='ltr'><strong>Rulinus</strong></span> <span class='ocrx_word' id='word_1_89' title='bbox 3038 860 3091 905; x_wconf 89' lang='lat' dir='ltr'><strong>et</strong></span> <span class='ocrx_word' id='word_1_90' title='bbox 3134 849 3388 905; x_wconf 84' lang='lat' dir='ltr'><strong>Zozimus</strong></span> <span class='ocrx_word' id='word_1_91' title='bbox 3420 865 3542 905; x_wconf 86' lang='lat' dir='ltr'><strong>san-</strong></span> 
     </span>
    </p>
   </div>
   <div class='ocr_carea' id='block_1_16' title="bbox 1985 942 3545 1014">
    <p class='ocr_par' dir='ltr' id='par_1_16' title="bbox 1985 942 3545 1014">
     <span class='ocr_line' id='line_1_16' title="bbox 1985 942 3545 1014; baseline -0.001 -15"><span class='ocrx_word' id='word_1_92' title='bbox 1985 951 2130 999; x_wconf 90' lang='lat' dir='ltr'><strong>ctum</strong></span> <span class='ocrx_word' id='word_1_93' title='bbox 2177 950 2468 1014; x_wconf 88' lang='lat' dir='ltr'><strong>martyrem</strong></span> <span class='ocrx_word' id='word_1_94' title='bbox 2509 943 2871 1013; x_wconf 89' lang='lat' dir='ltr'><strong>appellarunt,</strong></span> <span class='ocrx_word' id='word_1_95' title='bbox 2912 944 3028 1012; x_wconf 88' lang='lat' dir='ltr'><strong>qui,</strong></span> <span class='ocrx_word' id='word_1_96' title='bbox 3072 958 3195 997; x_wconf 90' lang='lat' dir='ltr'><strong>cum</strong></span> <span class='ocrx_word' id='word_1_97' title='bbox 3247 942 3545 998; x_wconf 84' lang='lat' dir='ltr'><strong>Ecclesiam</strong></span> 
     </span>
    </p>
   </div>
   <div class='ocr_carea' id='block_1_17' title="bbox 1984 1032 3544 1103">
    <p class='ocr_par' dir='ltr' id='par_1_17' title="bbox 1984 1032 3544 1103">
     <span class='ocr_line' id='line_1_17' title="bbox 1984 1032 3544 1103; baseline -0.001 -14"><span class='ocrx_word' id='word_1_98' title='bbox 1984 1034 2241 1090; x_wconf 82' lang='lat' dir='ltr'><strong>saviente</strong></span> <span class='ocrx_word' id='word_1_99' title='bbox 2270 1033 2561 1089; x_wconf 82' lang='lat' dir='ltr'><strong>Domitiani</strong></span> <span class='ocrx_word' id='word_1_100' title='bbox 2582 1034 2962 1103; x_wconf 87' lang='lat' dir='ltr'><strong>persecutione</strong></span> <span class='ocrx_word' id='word_1_101' title='bbox 2988 1034 3303 1090; x_wconf 84' lang='lat' dir='ltr'><strong>moderatus</strong></span> <span class='ocrx_word' id='word_1_102' title='bbox 3330 1032 3544 1099; x_wconf 79' lang='lat' dir='ltr'><strong>fuisset,</strong></span> 
     </span>
    </p>
   </div>
   <div class='ocr_carea' id='block_1_18' title="bbox 1985 1124 3021 1181">
    <p class='ocr_par' dir='ltr' id='par_1_18' title="bbox 1985 1124 3021 1181">
     <span class='ocr_line' id='line_1_18' title="bbox 1985 1124 3021 1181; baseline 0.001 -2"><span class='ocrx_word' id='word_1_103' title='bbox 1985 1126 2053 1180; x_wconf 87' lang='lat' dir='ltr'><strong>ab</strong></span> <span class='ocrx_word' id='word_1_104' title='bbox 2072 1140 2137 1181; x_wconf 91' lang='lat' dir='ltr'><strong>ea</strong></span> <span class='ocrx_word' id='word_1_105' title='bbox 2166 1124 2425 1180; x_wconf 86' lang='lat' dir='ltr'><strong>immunis</strong></span> <span class='ocrx_word' id='word_1_106' title='bbox 2451 1126 2675 1180; x_wconf 84' lang='lat' dir='ltr'><strong>omnino</strong></span> <span class='ocrx_word' id='word_1_107' title='bbox 2702 1140 2810 1180; x_wconf 91' lang='lat' dir='ltr'><strong>non</strong></span> <span class='ocrx_word' id='word_1_108' title='bbox 2837 1125 3021 1181; x_wconf 79' lang='lat' dir='ltr'><strong>fuerit.</strong></span> 
     </span>
    </p>
   </div>
   <div class='ocr_carea' id='block_1_19' title="bbox 731 1615 3020 1685">
    <p class='ocr_par' dir='ltr' id='par_1_19' title="bbox 731 1615 3020 1685">
     <span class='ocr_line' id='line_1_19' title="bbox 731 1615 3020 1685; baseline 0.003 -9"><span class='ocrx_word' id='word_1_109' title='bbox 731 1617 839 1677; x_wconf 89' lang='lat' dir='ltr'><strong>DE</strong></span> <span class='ocrx_word' id='word_1_110' title='bbox 877 1617 1228 1681; x_wconf 81' lang='lat' dir='ltr'><strong>SCRIPTIS</strong></span> <span class='ocrx_word' id='word_1_111' title='bbox 1288 1620 1349 1681; x_wconf 90' lang='lat' dir='ltr'><strong>S.</strong></span> <span class='ocrx_word' id='word_1_112' title='bbox 1399 1615 1851 1682; x_wconf 83' lang='lat' dir='ltr'><strong>CLEMENTIS</strong></span> <span class='ocrx_word' id='word_1_113' title='bbox 1884 1622 2115 1684; x_wconf 82' lang='lat' dir='ltr'><strong>PRIMI</strong></span> <span class='ocrx_word' id='word_1_114' title='bbox 2173 1621 2489 1684; x_wconf 79' lang='lat' dir='ltr'><strong>ROMANI</strong></span> <span class='ocrx_word' id='word_1_115' title='bbox 2554 1622 3020 1685; x_wconf 86' lang='lat' dir='ltr'><strong>PONTIFICIS.</strong></span> 
     </span>
    </p>
   </div>
   <div class='ocr_carea' id='block_1_20' title="bbox 848 1906 1320 1967">
    <p class='ocr_par' dir='ltr' id='par_1_20' title="bbox 848 1906 1320 1967">
     <span class='ocr_line' id='line_1_20' title="bbox 848 1906 1320 1967; baseline 0.011 -6"><span class='ocrx_word' id='word_1_116' title='bbox 848 1906 1243 1964; x_wconf 79' lang='lat' dir='ltr'><strong>ABTICULUS</strong></span> <span class='ocrx_word' id='word_1_117' title='bbox 1278 1910 1320 1967; x_wconf 82' lang='grc' dir='ltr'><strong>Ι.</strong></span> 
     </span>
    </p>
   </div>
   <div class='ocr_carea' id='block_1_21' title="bbox 298 2013 1869 2059">
    <p class='ocr_par' dir='ltr' id='par_1_21' title="bbox 298 2013 1869 2059">
     <span class='ocr_line' id='line_1_21' title="bbox 298 2013 1869 2059; baseline 0.003 -5"><span class='ocrx_word' id='word_1_118' title='bbox 298 2014 366 2054; x_wconf 73' lang='grc' dir='ltr'><strong><em>η</em></strong></span> <span class='ocrx_word' id='word_1_119' title='bbox 403 2015 566 2053; x_wconf 68' lang='grc' dir='ltr'>νιιιιΑ</span> <span class='ocrx_word' id='word_1_120' title='bbox 606 2014 731 2053; x_wconf 68' lang='lat' dir='ltr'><strong>UUS</strong></span> <span class='ocrx_word' id='word_1_121' title='bbox 761 2013 829 2052; x_wconf 75' lang='lat' dir='ltr'><strong>AD</strong></span> <span class='ocrx_word' id='word_1_122' title='bbox 868 2015 1188 2055; x_wconf 74' lang='lat' dir='ltr'><strong>CORlNTﬂlOS</strong></span> <span class='ocrx_word' id='word_1_123' title='bbox 1226 2016 1551 2057; x_wconf 72' lang='lat' dir='ltr'><strong>PERSCRIPTA</strong></span> <span class='ocrx_word' id='word_1_124' title='bbox 1588 2018 1869 2059; x_wconf 72' lang='lat' dir='ltr'><strong>EPISTOLA.</strong></span> 
     </span>
    </p>
   </div>
   <div class='ocr_carea' id='block_1_22' title="bbox 375 2090 1873 2151">
    <p class='ocr_par' dir='ltr' id='par_1_22' title="bbox 375 2090 1873 2151">
     <span class='ocr_line' id='line_1_22' title="bbox 375 2090 1873 2151; baseline 0.002 -4"><span class='ocrx_word' id='word_1_125' title='bbox 375 2091 600 2147; x_wconf 74' lang='lat' dir='ltr'><strong>Sanctus</strong></span> <span class='ocrx_word' id='word_1_126' title='bbox 651 2090 891 2147; x_wconf 75' lang='lat' dir='ltr'><strong>Clemens</strong></span> <span class='ocrx_word' id='word_1_127' title='bbox 918 2090 1170 2147; x_wconf 71' lang='lat' dir='ltr'><strong>Romana</strong></span> <span class='ocrx_word' id='word_1_128' title='bbox 1215 2092 1465 2149; x_wconf 73' lang='lat' dir='ltr'><strong>Ecclesiae</strong></span> <span class='ocrx_word' id='word_1_129' title='bbox 1506 2096 1712 2150; x_wconf 88' lang='lat' dir='ltr'><strong>nomine</strong></span> <span class='ocrx_word' id='word_1_130' title='bbox 1740 2099 1873 2151; x_wconf 90' lang='lat' dir='ltr'><strong>scri-</strong></span> 
     </span>
    </p>
   </div>
   <div class='ocr_carea' id='block_1_23' title="bbox 299 2181 1872 2253">
    <p class='ocr_par' dir='ltr' id='par_1_23' title="bbox 299 2181 1872 2253">
     <span class='ocr_line' id='line_1_23' title="bbox 299 2181 1872 2253; baseline 0.007 -21"><span class='ocrx_word' id='word_1_131' title='bbox 299 2181 520 2249; x_wconf 79' lang='lat' dir='ltr'><strong>psit.—</strong></span> <span class='ocrx_word' id='word_1_132' title='bbox 541 2181 680 2237; x_wconf 84' lang='lat' dir='ltr'><strong>Inter</strong></span> <span class='ocrx_word' id='word_1_133' title='bbox 710 2182 902 2246; x_wconf 91' lang='lat' dir='ltr'><strong>multa,</strong></span> <span class='ocrx_word' id='word_1_134' title='bbox 929 2199 1049 2253; x_wconf 87' lang='lat' dir='ltr'><strong>qua</strong></span> <span class='ocrx_word' id='word_1_135' title='bbox 1072 2181 1338 2238; x_wconf 89' lang='lat' dir='ltr'><strong>Clementi</strong></span> <span class='ocrx_word' id='word_1_136' title='bbox 1368 2194 1553 2240; x_wconf 90' lang='lat' dir='ltr'><strong>nostro</strong></span> <span class='ocrx_word' id='word_1_137' title='bbox 1586 2186 1751 2241; x_wconf 88' lang='lat' dir='ltr'><strong>tribui</strong></span> <span class='ocrx_word' id='word_1_138' title='bbox 1781 2203 1872 2242; x_wconf 88' lang='lat' dir='ltr'><strong>so-</strong></span> 
     </span>
    </p>
   </div>
   <div class='ocr_carea' id='block_1_24' title="bbox 300 2271 1871 2342">
    <p class='ocr_par' dir='ltr' id='par_1_24' title="bbox 300 2271 1871 2342">
     <span class='ocr_line' id='line_1_24' title="bbox 300 2271 1871 2342; baseline 0.005 -17"><span class='ocrx_word' id='word_1_139' title='bbox 300 2271 422 2326; x_wconf 88' lang='lat' dir='ltr'><strong>lent</strong></span> <span class='ocrx_word' id='word_1_140' title='bbox 448 2273 722 2342; x_wconf 88' lang='lat' dir='ltr'><strong>opuscula,</strong></span> <span class='ocrx_word' id='word_1_141' title='bbox 762 2289 875 2327; x_wconf 90' lang='lat' dir='ltr'><strong>una</strong></span> <span class='ocrx_word' id='word_1_142' title='bbox 912 2281 994 2329; x_wconf 89' lang='lat' dir='ltr'><strong>est</strong></span> <span class='ocrx_word' id='word_1_143' title='bbox 1036 2274 1298 2330; x_wconf 89' lang='lat' dir='ltr'><strong>Ecclesia</strong></span> <span class='ocrx_word' id='word_1_144' title='bbox 1342 2274 1603 2331; x_wconf 84' lang='lat' dir='ltr'><strong>Romana</strong></span> <span class='ocrx_word' id='word_1_145' title='bbox 1649 2278 1871 2334; x_wconf 87' lang='lat' dir='ltr'><strong>nomine</strong></span> 
     </span>
    </p>
   </div>
   <div class='ocr_carea' id='block_1_25' title="bbox 297 2363 1869 2439">
    <p class='ocr_par' dir='ltr' id='par_1_25' title="bbox 297 2363 1869 2439">
     <span class='ocr_line' id='line_1_25' title="bbox 297 2363 1869 2439; baseline 0.007 -22"><span class='ocrx_word' id='word_1_146' title='bbox 297 2366 373 2417; x_wconf 87' lang='lat' dir='ltr'><strong>ab</strong></span> <span class='ocrx_word' id='word_1_147' title='bbox 395 2380 462 2419; x_wconf 90' lang='lat' dir='ltr'><strong>eo</strong></span> <span class='ocrx_word' id='word_1_148' title='bbox 486 2365 554 2419; x_wconf 81' lang='lat' dir='ltr'><strong>ad</strong></span> <span class='ocrx_word' id='word_1_149' title='bbox 574 2363 889 2423; x_wconf 90' lang='lat' dir='ltr'><strong>Corinthios</strong></span> <span class='ocrx_word' id='word_1_150' title='bbox 923 2368 1174 2436; x_wconf 88' lang='lat' dir='ltr'><strong>epistola,</strong></span> <span class='ocrx_word' id='word_1_151' title='bbox 1198 2383 1320 2438; x_wconf 90' lang='lat' dir='ltr'><strong>qua</strong></span> <span class='ocrx_word' id='word_1_152' title='bbox 1344 2384 1442 2438; x_wconf 89' lang='lat' dir='ltr'><strong>pro</strong></span> <span class='ocrx_word' id='word_1_153' title='bbox 1463 2370 1698 2439; x_wconf 90' lang='lat' dir='ltr'><strong>genuino</strong></span> <span class='ocrx_word' id='word_1_154' title='bbox 1723 2371 1869 2428; x_wconf 87' lang='lat' dir='ltr'><strong>illius</strong></span> 
     </span>
    </p>
   </div>
   <div class='ocr_carea' id='block_1_26' title="bbox 294 2455 1867 2529">
    <p class='ocr_par' dir='ltr' id='par_1_26' title="bbox 294 2455 1867 2529">
     <span class='ocr_line' id='line_1_26' title="bbox 294 2455 1867 2529; baseline 0.006 -20"><span class='ocrx_word' id='word_1_155' title='bbox 294 2455 413 2509; x_wconf 80' lang='lat' dir='ltr'><strong>fetu</strong></span> <span class='ocrx_word' id='word_1_156' title='bbox 454 2465 608 2512; x_wconf 86' lang='lat' dir='ltr'><strong>certo</strong></span> <span class='ocrx_word' id='word_1_157' title='bbox 640 2457 858 2512; x_wconf 89' lang='lat' dir='ltr'><strong>laudari</strong></span> <span class='ocrx_word' id='word_1_158' title='bbox 896 2459 1089 2529; x_wconf 90' lang='lat' dir='ltr'><strong>possit.</strong></span> <span class='ocrx_word' id='word_1_159' title='bbox 1134 2459 1285 2513; x_wconf 88' lang='lat' dir='ltr'><strong>Illam</strong></span> <span class='ocrx_word' id='word_1_160' title='bbox 1324 2462 1709 2516; x_wconf 90' lang='lat' dir='ltr'><strong>commendant</strong></span> <span class='ocrx_word' id='word_1_161' title='bbox 1752 2463 1867 2518; x_wconf 84' lang='lat' dir='ltr'><strong>Ire-</strong></span> 
     </span>
    </p>
   </div>
   <div class='ocr_carea' id='block_1_27' title="bbox 292 2547 1867 2621">
    <p class='ocr_par' dir='ltr' id='par_1_27' title="bbox 292 2547 1867 2621">
     <span class='ocr_line' id='line_1_27' title="bbox 292 2547 1867 2621; baseline 0.004 -19"><span class='ocrx_word' id='word_1_162' title='bbox 292 2563 448 2602; x_wconf 85' lang='lat' dir='ltr'><strong>naus</strong></span> <span class='ocrx_word' id='word_1_163' title='bbox 471 2547 606 2619; x_wconf 87' lang='grc'>(41),</span> <span class='ocrx_word' id='word_1_164' title='bbox 630 2547 921 2621; x_wconf 88' lang='lat' dir='ltr'><strong>Dionysius</strong></span> <span class='ocrx_word' id='word_1_165' title='bbox 959 2552 1159 2605; x_wconf 88' lang='lat' dir='ltr'><strong>sacqu</strong></span> <span class='ocrx_word' id='word_1_166' title='bbox 1191 2552 1431 2607; x_wconf 89' lang='lat' dir='ltr'><strong>secundo</strong></span> <span class='ocrx_word' id='word_1_167' title='bbox 1459 2550 1867 2609; x_wconf 89' lang='lat' dir='ltr'><strong>Corinthiorum</strong></span> 
     </span>
    </p>
   </div>
   <div class='ocr_carea' id='block_1_28' title="bbox 289 2638 1867 2715">
    <p class='ocr_par' dir='ltr' id='par_1_28' title="bbox 289 2638 1867 2715">
     <span class='ocr_line' id='line_1_28' title="bbox 289 2638 1867 2715; baseline 0.008 -25"><span class='ocrx_word' id='word_1_168' title='bbox 289 2638 588 2709; x_wconf 88' lang='lat' dir='ltr'><strong>episcopus</strong></span> <span class='ocrx_word' id='word_1_169' title='bbox 628 2642 687 2695; x_wconf 90' lang='lat' dir='ltr'><strong>in</strong></span> <span class='ocrx_word' id='word_1_170' title='bbox 726 2657 826 2695; x_wconf 89' lang='lat' dir='ltr'><strong>sua</strong></span> <span class='ocrx_word' id='word_1_171' title='bbox 851 2642 918 2696; x_wconf 92' lang='lat' dir='ltr'><strong>ad</strong></span> <span class='ocrx_word' id='word_1_172' title='bbox 958 2641 1205 2697; x_wconf 88' lang='lat' dir='ltr'><strong>Soterem</strong></span> <span class='ocrx_word' id='word_1_173' title='bbox 1245 2645 1475 2714; x_wconf 89' lang='lat' dir='ltr'><strong>epistola</strong></span> <span class='ocrx_word' id='word_1_174' title='bbox 1507 2644 1644 2715; x_wconf 84' lang='grc'>(42),</span> <span class='ocrx_word' id='word_1_175' title='bbox 1694 2645 1867 2702; x_wconf 74' lang='lat' dir='ltr'><strong>Euse-</strong></span> 
     </span>
    </p>
   </div>
   <div class='ocr_carea' id='block_1_29' title="bbox 287 2727 1867 2809">
    <p class='ocr_par' dir='ltr' id='par_1_29' title="bbox 287 2727 1867 2809">
     <span class='ocr_line' id='line_1_29' title="bbox 287 2727 1867 2809; baseline 0.007 -27"><span class='ocrx_word' id='word_1_176' title='bbox 287 2727 419 2783; x_wconf 83' lang='lat' dir='ltr'><strong>bius</strong></span> <span class='ocrx_word' id='word_1_177' title='bbox 449 2730 587 2801; x_wconf 84' lang='grc'>(45),</span> <span class='ocrx_word' id='word_1_178' title='bbox 623 2729 860 2802; x_wconf 85' lang='lat' dir='ltr'><strong>Cyrillus</strong></span> <span class='ocrx_word' id='word_1_179' title='bbox 890 2732 1412 2805; x_wconf 82' lang='lat' dir='ltr'><strong>Hierosolymitanus</strong></span> <span class='ocrx_word' id='word_1_180' title='bbox 1451 2736 1585 2807; x_wconf 88' lang='grc'>(44),</span> <span class='ocrx_word' id='word_1_181' title='bbox 1625 2736 1867 2809; x_wconf 85' lang='lat' dir='ltr'><strong>Epipha-</strong></span> 
     </span>
    </p>
   </div>
   <div class='ocr_carea' id='block_1_30' title="bbox 288 2819 1861 2897">
    <p class='ocr_par' dir='ltr' id='par_1_30' title="bbox 288 2819 1861 2897">
     <span class='ocr_line' id='line_1_30' title="bbox 288 2819 1861 2897; baseline 0.006 -25"><span class='ocrx_word' id='word_1_182' title='bbox 288 2819 418 2873; x_wconf 88' lang='lat' dir='ltr'><strong>nius</strong></span> <span class='ocrx_word' id='word_1_183' title='bbox 438 2820 549 2891; x_wconf 81' lang='grc'>(45)</span> <span class='ocrx_word' id='word_1_184' title='bbox 570 2820 769 2891; x_wconf 83' lang='lat' dir='ltr'><strong>aliique</strong></span> <span class='ocrx_word' id='word_1_185' title='bbox 787 2824 1093 2893; x_wconf 90' lang='lat' dir='ltr'><strong>complures</strong></span> <span class='ocrx_word' id='word_1_186' title='bbox 1116 2823 1251 2895; x_wconf 84' lang='grc'>(46).</span> <span class='ocrx_word' id='word_1_187' title='bbox 1273 2823 1544 2896; x_wconf 89' lang='lat' dir='ltr'><strong>Scriptam</strong></span> <span class='ocrx_word' id='word_1_188' title='bbox 1566 2826 1861 2897; x_wconf 89' lang='lat' dir='ltr'><strong>Epistolam</strong></span> 
     </span>
    </p>
   </div>
   <div class='ocr_carea' id='block_1_31' title="bbox 284 2910 1864 2975">
    <p class='ocr_par' dir='ltr' id='par_1_31' title="bbox 284 2910 1864 2975">
     <span class='ocr_line' id='line_1_31' title="bbox 284 2910 1864 2975; baseline 0.006 -10"><span class='ocrx_word' id='word_1_189' title='bbox 284 2910 440 2965; x_wconf 83' lang='lat' dir='ltr'><strong>illam</strong></span> <span class='ocrx_word' id='word_1_190' title='bbox 468 2915 689 2968; x_wconf 87' lang='lat' dir='ltr'><strong>nomine</strong></span> <span class='ocrx_word' id='word_1_191' title='bbox 714 2913 969 2970; x_wconf 78' lang='lat' dir='ltr'><strong>Romana</strong></span> <span class='ocrx_word' id='word_1_192' title='bbox 1003 2917 1259 2972; x_wconf 87' lang='lat' dir='ltr'><strong>Ecclesia</strong></span> <span class='ocrx_word' id='word_1_193' title='bbox 1297 2917 1455 2973; x_wconf 89' lang='lat' dir='ltr'><strong>docet</strong></span> <span class='ocrx_word' id='word_1_194' title='bbox 1482 2917 1639 2975; x_wconf 87' lang='lat' dir='ltr'><strong>divus</strong></span> <span class='ocrx_word' id='word_1_195' title='bbox 1669 2918 1864 2975; x_wconf 86' lang='lat' dir='ltr'><strong>Hiero-</strong></span> 
     </span>
    </p>
   </div>
   <div class='ocr_carea' id='block_1_32' title="bbox 284 3004 1863 3081">
    <p class='ocr_par' dir='ltr' id='par_1_32' title="bbox 284 3004 1863 3081">
     <span class='ocr_line' id='line_1_32' title="bbox 284 3004 1863 3081; baseline 0.008 -26"><span class='ocrx_word' id='word_1_196' title='bbox 284 3018 489 3073; x_wconf 79' lang='lat' dir='ltr'><strong>nymus</strong></span> <span class='ocrx_word' id='word_1_197' title='bbox 522 3004 657 3074; x_wconf 82' lang='grc'>(47).</span> <span class='ocrx_word' id='word_1_198' title='bbox 694 3005 770 3059; x_wconf 88' lang='lat' dir='ltr'><strong>Ea</strong></span> <span class='ocrx_word' id='word_1_199' title='bbox 813 3006 1080 3077; x_wconf 89' lang='lat' dir='ltr'><strong>siquidem</strong></span> <span class='ocrx_word' id='word_1_200' title='bbox 1125 3018 1283 3064; x_wconf 89' lang='lat' dir='ltr'><strong>atate</strong></span> <span class='ocrx_word' id='word_1_201' title='bbox 1320 3011 1561 3081; x_wconf 89' lang='lat' dir='ltr'><strong>episcopi</strong></span> <span class='ocrx_word' id='word_1_202' title='bbox 1597 3011 1735 3066; x_wconf 91' lang='lat' dir='ltr'><strong>nihil</strong></span> <span class='ocrx_word' id='word_1_203' title='bbox 1776 3013 1863 3067; x_wconf 76' lang='lat' dir='ltr'><strong>in~</strong></span> 
     </span>
    </p>
   </div>
   <div class='ocr_carea' id='block_1_33' title="bbox 283 3095 1859 3171">
    <p class='ocr_par' dir='ltr' id='par_1_33' title="bbox 283 3095 1859 3171">
     <span class='ocr_line' id='line_1_33' title="bbox 283 3095 1859 3171; baseline 0.007 -24"><span class='ocrx_word' id='word_1_204' title='bbox 283 3095 547 3149; x_wconf 86' lang='lat' dir='ltr'><strong>consulta</strong></span> <span class='ocrx_word' id='word_1_205' title='bbox 596 3095 842 3151; x_wconf 84' lang='lat' dir='ltr'><strong>Ecclesia</strong></span> <span class='ocrx_word' id='word_1_206' title='bbox 902 3113 1002 3153; x_wconf 88' lang='lat' dir='ltr'><strong>sua</strong></span> <span class='ocrx_word' id='word_1_207' title='bbox 1064 3100 1539 3171; x_wconf 85' lang='lat' dir='ltr'><strong>aggrediebantur.</strong></span> <span class='ocrx_word' id='word_1_208' title='bbox 1590 3101 1859 3158; x_wconf 71' lang='lat' dir='ltr'><strong>Praeterea</strong></span> 
     </span>
    </p>
   </div>
   <div class='ocr_carea' id='block_1_34' title="bbox 282 3186 1859 3270">
    <p class='ocr_par' dir='ltr' id='par_1_34' title="bbox 282 3186 1859 3270">
     <span class='ocr_line' id='line_1_34' title="bbox 282 3186 1859 3270; baseline 0.009 -32"><span class='ocrx_word' id='word_1_209' title='bbox 282 3200 417 3239; x_wconf 87' lang='lat' dir='ltr'><strong>cum</strong></span> <span class='ocrx_word' id='word_1_210' title='bbox 448 3186 708 3253; x_wconf 88' lang='lat' dir='ltr'><strong>schisma,</strong></span> <span class='ocrx_word' id='word_1_211' title='bbox 733 3189 878 3259; x_wconf 90' lang='lat' dir='ltr'><strong>quod</strong></span> <span class='ocrx_word' id='word_1_212' title='bbox 910 3191 1315 3247; x_wconf 90' lang='lat' dir='ltr'><strong>Corinthiorum</strong></span> <span class='ocrx_word' id='word_1_213' title='bbox 1342 3192 1645 3251; x_wconf 88' lang='lat' dir='ltr'><strong>Ecclesiam</strong></span> <span class='ocrx_word' id='word_1_214' title='bbox 1674 3199 1859 3270; x_wconf 77' lang='lat' dir='ltr'><strong>exagi-</strong></span> 
     </span>
    </p>
   </div>
   <div class='ocr_carea' id='block_1_35' title="bbox 1898 1915 3539 1992">
    <p class='ocr_par' dir='ltr' id='par_1_35' title="bbox 1898 1915 3539 1992">
     <span class='ocr_line' id='line_1_35' title="bbox 1898 1915 3539 1992; baseline 0.009 -24"><span class='ocrx_word' id='word_1_215' title='bbox 1898 1918 1945 1979; x_wconf 83' lang='lat' dir='ltr'><strong>B</strong></span> <span class='ocrx_word' id='word_1_216' title='bbox 1973 1930 2098 1969; x_wconf 88' lang='lat' dir='ltr'><strong>nam</strong></span> <span class='ocrx_word' id='word_1_217' title='bbox 2165 1915 2462 1972; x_wconf 83' lang='lat' dir='ltr'><strong>Ecclesiam</strong></span> <span class='ocrx_word' id='word_1_218' title='bbox 2524 1918 2831 1988; x_wconf 87' lang='lat' dir='ltr'><strong>scripsere,</strong></span> <span class='ocrx_word' id='word_1_219' title='bbox 2883 1921 3147 1991; x_wconf 89' lang='lat' dir='ltr'><strong>quasdam</strong></span> <span class='ocrx_word' id='word_1_220' title='bbox 3210 1924 3539 1992; x_wconf 85' lang='lat' dir='ltr'><strong>quastiones</strong></span> 
     </span>
    </p>
   </div>
   <div class='ocr_carea' id='block_1_36' title="bbox 1971 2007 3537 2077">
    <p class='ocr_par' dir='ltr' id='par_1_36' title="bbox 1971 2007 3537 2077">
     <span class='ocr_line' id='line_1_36' title="bbox 1971 2007 3537 2077; baseline 0.01 -18"><span class='ocrx_word' id='word_1_221' title='bbox 1971 2017 2356 2077; x_wconf 90' lang='lat' dir='ltr'><strong>proponentes.</strong></span> <span class='ocrx_word' id='word_1_222' title='bbox 2401 2007 2459 2064; x_wconf 91' lang='lat' dir='ltr'><strong>S.</strong></span> <span class='ocrx_word' id='word_1_223' title='bbox 2486 2007 2783 2066; x_wconf 89' lang='lat' dir='ltr'><strong>Clementis</strong></span> <span class='ocrx_word' id='word_1_224' title='bbox 2828 2013 3069 2068; x_wconf 90' lang='lat' dir='ltr'><strong>animum</strong></span> <span class='ocrx_word' id='word_1_225' title='bbox 3112 2016 3349 2072; x_wconf 88' lang='lat' dir='ltr'><strong>schisma</strong></span> <span class='ocrx_word' id='word_1_226' title='bbox 3392 2019 3537 2075; x_wconf 90' lang='lat' dir='ltr'><strong>istud</strong></span> 
     </span>
    </p>
   </div>
   <div class='ocr_carea' id='block_1_37' title="bbox 1970 2097 3538 2173">
    <p class='ocr_par' dir='ltr' id='par_1_37' title="bbox 1970 2097 3538 2173">
     <span class='ocr_line' id='line_1_37' title="bbox 1970 2097 3538 2173; baseline 0.008 -22"><span class='ocrx_word' id='word_1_227' title='bbox 1970 2097 2240 2168; x_wconf 82' lang='lat' dir='ltr'><strong>allligebat</strong></span> <span class='ocrx_word' id='word_1_228' title='bbox 2288 2100 2613 2169; x_wconf 91' lang='lat' dir='ltr'><strong>plurimum,</strong></span> <span class='ocrx_word' id='word_1_229' title='bbox 2660 2102 3019 2173; x_wconf 90' lang='lat' dir='ltr'><strong>cupiebatque</strong></span> <span class='ocrx_word' id='word_1_230' title='bbox 3065 2112 3219 2161; x_wconf 91' lang='lat' dir='ltr'><strong>tanto</strong></span> <span class='ocrx_word' id='word_1_231' title='bbox 3269 2108 3412 2162; x_wconf 89' lang='lat' dir='ltr'><strong>malo</strong></span> <span class='ocrx_word' id='word_1_232' title='bbox 3438 2111 3538 2164; x_wconf 80' lang='lat' dir='ltr'><strong>ob-</strong></span> 
     </span>
    </p>
   </div>
   <div class='ocr_carea' id='block_1_38' title="bbox 1968 2190 3536 2271">
    <p class='ocr_par' dir='ltr' id='par_1_38' title="bbox 1968 2190 3536 2271">
     <span class='ocr_line' id='line_1_38' title="bbox 1968 2190 3536 2271; baseline 0.007 -26"><span class='ocrx_word' id='word_1_233' title='bbox 1968 2190 2113 2245; x_wconf 83' lang='lat' dir='ltr'><strong>viam</strong></span> <span class='ocrx_word' id='word_1_234' title='bbox 2149 2190 2260 2244; x_wconf 92' lang='lat' dir='ltr'><strong>ire:</strong></span> <span class='ocrx_word' id='word_1_235' title='bbox 2291 2206 2478 2245; x_wconf 89' lang='lat' dir='ltr'><strong>verum</strong></span> <span class='ocrx_word' id='word_1_236' title='bbox 2508 2208 2633 2247; x_wconf 92' lang='lat' dir='ltr'><strong>cum</strong></span> <span class='ocrx_word' id='word_1_237' title='bbox 2662 2193 2895 2249; x_wconf 84' lang='lat' dir='ltr'><strong>Romani</strong></span> <span class='ocrx_word' id='word_1_238' title='bbox 2940 2196 3044 2264; x_wconf 89' lang='lat' dir='ltr'><strong>ipsi</strong></span> <span class='ocrx_word' id='word_1_239' title='bbox 3087 2198 3210 2252; x_wconf 89' lang='lat' dir='ltr'><strong>aliis</strong></span> <span class='ocrx_word' id='word_1_240' title='bbox 3252 2200 3410 2255; x_wconf 87' lang='lat' dir='ltr'><strong>malis</strong></span> <span class='ocrx_word' id='word_1_241' title='bbox 3444 2201 3536 2271; x_wconf 86' lang='lat' dir='ltr'><strong>ja-</strong></span> 
     </span>
    </p>
   </div>
   <div class='ocr_carea' id='block_1_39' title="bbox 1967 2286 3532 2361">
    <p class='ocr_par' dir='ltr' id='par_1_39' title="bbox 1967 2286 3532 2361">
     <span class='ocr_line' id='line_1_39' title="bbox 1967 2286 3532 2361; baseline 0.006 -24"><span class='ocrx_word' id='word_1_242' title='bbox 1967 2290 2268 2347; x_wconf 89' lang='lat' dir='ltr'><strong>ctarentur,</strong></span> <span class='ocrx_word' id='word_1_243' title='bbox 2316 2292 2623 2355; x_wconf 87' lang='lat' dir='ltr'><strong>promptam</strong></span> <span class='ocrx_word' id='word_1_244' title='bbox 2678 2286 2789 2342; x_wconf 91' lang='lat' dir='ltr'><strong>illis</strong></span> <span class='ocrx_word' id='word_1_245' title='bbox 2849 2302 3007 2357; x_wconf 90' lang='lat' dir='ltr'><strong>opem</strong></span> <span class='ocrx_word' id='word_1_246' title='bbox 3063 2288 3206 2344; x_wconf 79' lang='lat' dir='ltr'><strong>ferre</strong></span> <span class='ocrx_word' id='word_1_247' title='bbox 3266 2292 3532 2361; x_wconf 84' lang='lat' dir='ltr'><strong>nequivit.</strong></span> 
     </span>
    </p>
   </div>
   <div class='ocr_carea' id='block_1_40' title="bbox 1968 2368 3537 2450">
    <p class='ocr_par' dir='ltr' id='par_1_40' title="bbox 1968 2368 3537 2450">
     <span class='ocr_line' id='line_1_40' title="bbox 1968 2368 3537 2450; baseline 0.008 -28"><span class='ocrx_word' id='word_1_248' title='bbox 1968 2368 2273 2426; x_wconf 88' lang='lat' dir='ltr'><strong>Domitiano</strong></span> <span class='ocrx_word' id='word_1_249' title='bbox 2300 2380 2479 2428; x_wconf 90' lang='lat' dir='ltr'><strong>autem</strong></span> <span class='ocrx_word' id='word_1_250' title='bbox 2508 2374 2781 2429; x_wconf 82' lang='lat' dir='ltr'><strong>exstincto</strong></span> <span class='ocrx_word' id='word_1_251' title='bbox 2820 2391 2964 2431; x_wconf 91' lang='lat' dir='ltr'><strong>anno</strong></span> <span class='ocrx_word' id='word_1_252' title='bbox 3015 2376 3085 2432; x_wconf 85' lang='lat'><strong>95</strong></span> <span class='ocrx_word' id='word_1_253' title='bbox 3125 2377 3399 2450; x_wconf 83' lang='lat' dir='ltr'><strong>rebusque</strong></span> <span class='ocrx_word' id='word_1_254' title='bbox 3424 2378 3537 2434; x_wconf 79' lang='lat' dir='ltr'><strong>Ro-</strong></span> 
     </span>
    </p>
   </div>
   <div class='ocr_carea' id='block_1_41' title="bbox 1967 2461 3534 2537">
    <p class='ocr_par' dir='ltr' id='par_1_41' title="bbox 1967 2461 3534 2537">
     <span class='ocr_line' id='line_1_41' title="bbox 1967 2461 3534 2537; baseline 0.01 -24"><span class='ocrx_word' id='word_1_255' title='bbox 1967 2461 2145 2516; x_wconf 90' lang='lat' dir='ltr'><strong>manis</strong></span> <span class='ocrx_word' id='word_1_256' title='bbox 2190 2462 2379 2532; x_wconf 86' lang='lat' dir='ltr'><strong>majori</strong></span> <span class='ocrx_word' id='word_1_257' title='bbox 2433 2465 2498 2523; x_wconf 75' lang='lat' dir='ltr'><strong>in,</strong></span> <span class='ocrx_word' id='word_1_258' title='bbox 2533 2467 2926 2537; x_wconf 84' lang='lat' dir='ltr'><strong>tranquillitate</strong></span> <span class='ocrx_word' id='word_1_259' title='bbox 2958 2469 3274 2530; x_wconf 88' lang='lat' dir='ltr'><strong>collocatis.</strong></span> <span class='ocrx_word' id='word_1_260' title='bbox 3310 2481 3534 2528; x_wconf 87' lang='lat' dir='ltr'><strong>sanctus</strong></span> 
     </span>
    </p>
   </div>
   <div class='ocr_carea' id='block_1_42' title="bbox 1965 2550 3522 2626">
    <p class='ocr_par' dir='ltr' id='par_1_42' title="bbox 1965 2550 3522 2626">
     <span class='ocr_line' id='line_1_42' title="bbox 1965 2550 3522 2626; baseline 0.008 -20"><span class='ocrx_word' id='word_1_261' title='bbox 1965 2550 2215 2609; x_wconf 86' lang='lat' dir='ltr'><strong>Clemens</strong></span> <span class='ocrx_word' id='word_1_262' title='bbox 2270 2562 2512 2626; x_wconf 88' lang='lat' dir='ltr'><strong>tempore</strong></span> <span class='ocrx_word' id='word_1_263' title='bbox 2576 2573 2741 2624; x_wconf 90' lang='lat' dir='ltr'><strong>usus,</strong></span> <span class='ocrx_word' id='word_1_264' title='bbox 2799 2557 3100 2617; x_wconf 90' lang='lat' dir='ltr'><strong>Corinthiis</strong></span> <span class='ocrx_word' id='word_1_265' title='bbox 3159 2562 3380 2617; x_wconf 87' lang='lat' dir='ltr'><strong>tandem</strong></span> <span class='ocrx_word' id='word_1_266' title='bbox 3439 2579 3522 2619; x_wconf 83' lang='lat' dir='ltr'><strong>re-</strong></span> 
     </span>
    </p>
   </div>
   <div class='ocr_carea' id='block_1_43' title="bbox 1964 2647 2205 2716">
    <p class='ocr_par' dir='ltr' id='par_1_43' title="bbox 1964 2647 2205 2716">
     <span class='ocr_line' id='line_1_43' title="bbox 1964 2647 2205 2716; baseline 0 -15"><span class='ocrx_word' id='word_1_267' title='bbox 1964 2647 2205 2716; x_wconf 86' lang='lat' dir='ltr'><strong>scripsit.</strong></span> 
     </span>
    </p>
   </div>
   <div class='ocr_carea' id='block_1_44' title="bbox 2033 2734 3532 2811">
    <p class='ocr_par' dir='ltr' id='par_1_44' title="bbox 2033 2734 3532 2811">
     <span class='ocr_line' id='line_1_44' title="bbox 2033 2734 3532 2811; baseline 0.007 -23"><span class='ocrx_word' id='word_1_268' title='bbox 2033 2734 2112 2789; x_wconf 89' lang='lat' dir='ltr'><strong>De</strong></span> <span class='ocrx_word' id='word_1_269' title='bbox 2163 2736 2262 2790; x_wconf 85' lang='lat' dir='ltr'><strong>hac</strong></span> <span class='ocrx_word' id='word_1_270' title='bbox 2305 2738 2527 2805; x_wconf 83' lang='lat' dir='ltr'><strong>epistola</strong></span> <span class='ocrx_word' id='word_1_271' title='bbox 2566 2738 2853 2809; x_wconf 80' lang='lat' dir='ltr'><strong>judicium.</strong></span> <span class='ocrx_word' id='word_1_272' title='bbox 2887 2770 2959 2780; x_wconf 88' lang='lat'><strong><em>—</em></strong></span> <span class='ocrx_word' id='word_1_273' title='bbox 3004 2738 3368 2797; x_wconf 88' lang='lat' dir='ltr'><strong>Celeberrima</strong></span> <span class='ocrx_word' id='word_1_274' title='bbox 3410 2753 3532 2811; x_wconf 88' lang='lat' dir='ltr'><strong>est,</strong></span> 
     </span>
    </p>
   </div>
   <div class='ocr_carea' id='block_1_45' title="bbox 1962 2828 3534 2903">
    <p class='ocr_par' dir='ltr' id='par_1_45' title="bbox 1962 2828 3534 2903">
     <span class='ocr_line' id='line_1_45' title="bbox 1962 2828 3534 2903; baseline 0.006 -22"><span class='ocrx_word' id='word_1_275' title='bbox 1962 2828 2108 2896; x_wconf 91' lang='lat' dir='ltr'><strong>quod</strong></span> <span class='ocrx_word' id='word_1_276' title='bbox 2148 2843 2336 2884; x_wconf 91' lang='lat' dir='ltr'><strong>omnes</strong></span> <span class='ocrx_word' id='word_1_277' title='bbox 2380 2840 2582 2885; x_wconf 90' lang='lat' dir='ltr'><strong>norunt</strong></span> <span class='ocrx_word' id='word_1_278' title='bbox 2628 2832 2848 2896; x_wconf 90' lang='lat' dir='ltr'><strong>eruditi,</strong></span> <span class='ocrx_word' id='word_1_279' title='bbox 2892 2848 3015 2903; x_wconf 85' lang='lat' dir='ltr'><strong>qua</strong></span> <span class='ocrx_word' id='word_1_280' title='bbox 3056 2834 3206 2903; x_wconf 90' lang='lat' dir='ltr'><strong>prior</strong></span> <span class='ocrx_word' id='word_1_281' title='bbox 3232 2833 3534 2890; x_wconf 88' lang='lat' dir='ltr'><strong>Corinthiis</strong></span> 
     </span>
    </p>
   </div>
   <div class='ocr_carea' id='block_1_46' title="bbox 1962 2918 3532 2994">
    <p class='ocr_par' dir='ltr' id='par_1_46' title="bbox 1962 2918 3532 2994">
     <span class='ocr_line' id='line_1_46' title="bbox 1962 2918 3532 2994; baseline 0.004 -23"><span class='ocrx_word' id='word_1_282' title='bbox 1962 2918 2299 2988; x_wconf 87' lang='lat' dir='ltr'><strong>inscribitur,</strong></span> <span class='ocrx_word' id='word_1_283' title='bbox 2310 2921 2565 2988; x_wconf 84' lang='lat' dir='ltr'><strong>epistola:</strong></span> <span class='ocrx_word' id='word_1_284' title='bbox 2592 2921 2896 2992; x_wconf 75' lang='grc' dir='ltr'><strong>ἱκανωτάτη</strong></span> <span class='ocrx_word' id='word_1_285' title='bbox 2918 2925 3128 2994; x_wconf 78' lang='grc' dir='ltr'>γραφή,</span> <span class='ocrx_word' id='word_1_286' title='bbox 3150 2924 3532 2991; x_wconf 87' lang='lat' dir='ltr'><strong>potentissima,</strong></span> 
     </span>
    </p>
   </div>
   <div class='ocr_carea' id='block_1_47' title="bbox 1960 3008 3531 3083">
    <p class='ocr_par' dir='ltr' id='par_1_47' title="bbox 1960 3008 3531 3083">
     <span class='ocr_line' id='line_1_47' title="bbox 1960 3008 3531 3083; baseline 0.002 -18"><span class='ocrx_word' id='word_1_287' title='bbox 1960 3023 2057 3065; x_wconf 83' lang='lat' dir='ltr'><strong>seu</strong></span> <span class='ocrx_word' id='word_1_288' title='bbox 2074 3022 2131 3064; x_wconf 91' lang='lat' dir='ltr'><strong>ut</strong></span> <span class='ocrx_word' id='word_1_289' title='bbox 2148 3008 2394 3067; x_wconf 80' lang='lat' dir='ltr'><strong>Valesius</strong></span> <span class='ocrx_word' id='word_1_290' title='bbox 2416 3012 2599 3074; x_wconf 82' lang='lat' dir='ltr'><strong>vertit,</strong></span> <span class='ocrx_word' id='word_1_291' title='bbox 2623 3012 3041 3067; x_wconf 73' lang='lat' dir='ltr'><strong>luculentissima</strong></span> <span class='ocrx_word' id='word_1_292' title='bbox 3068 3016 3358 3083; x_wconf 82' lang='lat' dir='ltr'><strong>scriptura,</strong></span> <span class='ocrx_word' id='word_1_293' title='bbox 3384 3015 3531 3069; x_wconf 82' lang='lat' dir='ltr'><strong>dicta</strong></span> 
     </span>
    </p>
   </div>
   <div class='ocr_carea' id='block_1_48' title="bbox 1960 3099 3533 3177">
    <p class='ocr_par' dir='ltr' id='par_1_48' title="bbox 1960 3099 3533 3177">
     <span class='ocr_line' id='line_1_48' title="bbox 1960 3099 3533 3177; baseline 0.003 -23"><span class='ocrx_word' id='word_1_294' title='bbox 1960 3116 1990 3153; x_wconf 89' lang='lat' dir='ltr'><strong>a</strong></span> <span class='ocrx_word' id='word_1_295' title='bbox 2012 3099 2067 3155; x_wconf 92' lang='lat' dir='ltr'><strong>S.</strong></span> <span class='ocrx_word' id='word_1_296' title='bbox 2095 3101 2303 3157; x_wconf 91' lang='lat' dir='ltr'><strong>lrenao</strong></span> <span class='ocrx_word' id='word_1_297' title='bbox 2333 3103 2444 3175; x_wconf 77' lang='grc'>(48)</span> <span class='ocrx_word' id='word_1_298' title='bbox 2467 3122 2481 3171; x_wconf 88' lang='grc'><strong>;</strong></span> <span class='ocrx_word' id='word_1_299' title='bbox 2512 3104 2766 3175; x_wconf 72' lang='grc' dir='ltr'><strong>ἐπιστολὴ</strong></span> <span class='ocrx_word' id='word_1_300' title='bbox 2804 3104 3011 3175; x_wconf 82' lang='grc' dir='ltr'><strong>μεγάλη</strong></span> <span class='ocrx_word' id='word_1_301' title='bbox 3024 3122 3082 3157; x_wconf 84' lang='grc' dir='ltr'><strong>τε</strong></span> <span class='ocrx_word' id='word_1_302' title='bbox 3109 3106 3202 3160; x_wconf 77' lang='grc' dir='ltr'><strong>καὶ</strong></span> <span class='ocrx_word' id='word_1_303' title='bbox 3229 3105 3533 3177; x_wconf 66' lang='grc' dir='ltr'><strong>θαυμασία,</strong></span> 
     </span>
    </p>
   </div>
   <div class='ocr_carea' id='block_1_49' title="bbox 1958 3192 3531 3266">
    <p class='ocr_par' dir='ltr' id='par_1_49' title="bbox 1958 3192 3531 3266">
     <span class='ocr_line' id='line_1_49' title="bbox 1958 3192 3531 3266; baseline 0.003 -22"><span class='ocrx_word' id='word_1_304' title='bbox 1958 3208 2150 3262; x_wconf 88' lang='lat' dir='ltr'><strong>magna</strong></span> <span class='ocrx_word' id='word_1_305' title='bbox 2174 3201 2224 3247; x_wconf 89' lang='lat' dir='ltr'><strong>et</strong></span> <span class='ocrx_word' id='word_1_306' title='bbox 2252 3192 2609 3259; x_wconf 81' lang='lat' dir='ltr'><strong>admirabilis,</strong></span> <span class='ocrx_word' id='word_1_307' title='bbox 2629 3195 2697 3249; x_wconf 90' lang='lat' dir='ltr'><strong>ab</strong></span> <span class='ocrx_word' id='word_1_308' title='bbox 2728 3193 2964 3249; x_wconf 88' lang='lat' dir='ltr'><strong>Eusebio</strong></span> <span class='ocrx_word' id='word_1_309' title='bbox 2995 3194 3131 3266; x_wconf 87' lang='grc'>(49),</span> <span class='ocrx_word' id='word_1_310' title='bbox 3186 3202 3349 3264; x_wconf 91' lang='lat' dir='ltr'><strong>atque</strong></span> <span class='ocrx_word' id='word_1_311' title='bbox 3393 3196 3531 3250; x_wconf 90' lang='lat' dir='ltr'><strong>adeo</strong></span> 
     </span>
    </p>
   </div>
   <div class='ocr_carea' id='block_1_50' title="bbox 283 3277 3529 3353">
    <p class='ocr_par' dir='ltr' id='par_1_50' title="bbox 283 3277 3529 3353">
     <span class='ocr_line' id='line_1_50' title="bbox 283 3277 3529 3353; baseline 0.002 -21"><span class='ocrx_word' id='word_1_312' title='bbox 283 3277 465 3341; x_wconf 84' lang='lat' dir='ltr'><strong>tabat,</strong></span> <span class='ocrx_word' id='word_1_313' title='bbox 507 3280 697 3335; x_wconf 90' lang='lat' dir='ltr'><strong>tollere</strong></span> <span class='ocrx_word' id='word_1_314' title='bbox 741 3282 1031 3337; x_wconf 88' lang='lat' dir='ltr'><strong>consilium</strong></span> <span class='ocrx_word' id='word_1_315' title='bbox 1081 3292 1247 3350; x_wconf 82' lang='lat' dir='ltr'><strong>esset,</strong></span> <span class='ocrx_word' id='word_1_316' title='bbox 1299 3286 1555 3343; x_wconf 77' lang='lat' dir='ltr'><strong>universa</strong></span> <span class='ocrx_word' id='word_1_317' title='bbox 1614 3288 1860 3344; x_wconf 80' lang='lat' dir='ltr'><strong>Romana</strong></span> <span class='ocrx_word' id='word_1_318' title='bbox 1886 3278 1930 3337; x_wconf 93' lang='lat' dir='ltr'><strong>C</strong></span> <span class='ocrx_word' id='word_1_319' title='bbox 1964 3288 2172 3336; x_wconf 89' lang='lat' dir='ltr'><strong>tantum</strong></span> <span class='ocrx_word' id='word_1_320' title='bbox 2214 3298 2324 3337; x_wconf 88' lang='lat' dir='ltr'><strong>non</strong></span> <span class='ocrx_word' id='word_1_321' title='bbox 2354 3285 2643 3339; x_wconf 92' lang='lat' dir='ltr'><strong>canonica.</strong></span> <span class='ocrx_word' id='word_1_322' title='bbox 2671 3282 2804 3337; x_wconf 90' lang='lat' dir='ltr'><strong>Eam</strong></span> <span class='ocrx_word' id='word_1_323' title='bbox 2835 3283 2980 3353; x_wconf 87' lang='lat' dir='ltr'><strong>apud</strong></span> <span class='ocrx_word' id='word_1_324' title='bbox 3014 3299 3205 3340; x_wconf 88' lang='lat' dir='ltr'><strong>omnes</strong></span> <span class='ocrx_word' id='word_1_325' title='bbox 3233 3286 3529 3340; x_wconf 87' lang='lat' dir='ltr'><strong>auctorita-</strong></span> 
     </span>
    </p>
   </div>
   <div class='ocr_carea' id='block_1_51' title="bbox 284 3367 1858 3452">
    <p class='ocr_par' dir='ltr' id='par_1_51' title="bbox 284 3367 1858 3452">
     <span class='ocr_line' id='line_1_51' title="bbox 284 3367 1858 3452; baseline 0.009 -29"><span class='ocrx_word' id='word_1_326' title='bbox 284 3367 537 3425; x_wconf 81' lang='lat' dir='ltr'><strong>Ecclesia</strong></span> <span class='ocrx_word' id='word_1_327' title='bbox 558 3372 742 3442; x_wconf 84' lang='lat' dir='ltr'><strong>majus</strong></span> <span class='ocrx_word' id='word_1_328' title='bbox 770 3374 1003 3443; x_wconf 87' lang='lat' dir='ltr'><strong>pondus,</strong></span> <span class='ocrx_word' id='word_1_329' title='bbox 1028 3391 1190 3445; x_wconf 85' lang='lat' dir='ltr'><strong>quam</strong></span> <span class='ocrx_word' id='word_1_330' title='bbox 1218 3378 1369 3434; x_wconf 90' lang='lat' dir='ltr'><strong>solus</strong></span> <span class='ocrx_word' id='word_1_331' title='bbox 1388 3377 1689 3451; x_wconf 88' lang='lat' dir='ltr'><strong>Episcopus</strong></span> <span class='ocrx_word' id='word_1_332' title='bbox 1714 3382 1858 3452; x_wconf 86' lang='lat' dir='ltr'><strong>apud</strong></span> 
     </span>
    </p>
   </div>
   <div class='ocr_carea' id='block_1_52' title="bbox 282 3463 1150 3525">
    <p class='ocr_par' dir='ltr' id='par_1_52' title="bbox 282 3463 1150 3525">
     <span class='ocr_line' id='line_1_52' title="bbox 282 3463 1150 3525; baseline 0.008 -8"><span class='ocrx_word' id='word_1_333' title='bbox 282 3477 382 3518; x_wconf 81' lang='lat' dir='ltr'><strong>eos</strong></span> <span class='ocrx_word' id='word_1_334' title='bbox 408 3463 663 3519; x_wconf 87' lang='lat' dir='ltr'><strong>habitura</strong></span> <span class='ocrx_word' id='word_1_335' title='bbox 690 3481 813 3522; x_wconf 88' lang='lat' dir='ltr'><strong>esse</strong></span> <span class='ocrx_word' id='word_1_336' title='bbox 844 3468 1150 3525; x_wconf 90' lang='lat' dir='ltr'><strong>videbatur.</strong></span> 
     </span>
    </p>
   </div>
   <div class='ocr_carea' id='block_1_53' title="bbox 350 3556 1860 3635">
    <p class='ocr_par' dir='ltr' id='par_1_53' title="bbox 350 3556 1860 3635">
     <span class='ocr_line' id='line_1_53' title="bbox 350 3556 1860 3635; baseline 0.007 -26"><span class='ocrx_word' id='word_1_337' title='bbox 350 3556 492 3623; x_wconf 72' lang='lat' dir='ltr'><strong>Qua</strong></span> <span class='ocrx_word' id='word_1_338' title='bbox 520 3559 634 3626; x_wconf 82' lang='lat' dir='ltr'><strong>ejus</strong></span> <span class='ocrx_word' id='word_1_339' title='bbox 664 3559 953 3616; x_wconf 72' lang='lat' dir='ltr'><strong>scribendae</strong></span> <span class='ocrx_word' id='word_1_340' title='bbox 983 3564 1191 3619; x_wconf 80' lang='lat' dir='ltr'><strong>occasio</strong></span> <span class='ocrx_word' id='word_1_341' title='bbox 1209 3565 1235 3619; x_wconf 72' lang='lat'><strong><em>7</em></strong></span> <span class='ocrx_word' id='word_1_342' title='bbox 1252 3594 1323 3603; x_wconf 94' lang='lat'><strong>—</strong></span> <span class='ocrx_word' id='word_1_343' title='bbox 1352 3562 1594 3635; x_wconf 88' lang='lat' dir='ltr'><strong>Epistola</strong></span> <span class='ocrx_word' id='word_1_344' title='bbox 1625 3564 1763 3628; x_wconf 82' lang='lat' dir='ltr'><strong>hac,</strong></span> <span class='ocrx_word' id='word_1_345' title='bbox 1802 3574 1860 3619; x_wconf 93' lang='lat' dir='ltr'><strong>ut</strong></span> 
     </span>
    </p>
   </div>
   <div class='ocr_carea' id='block_1_54' title="bbox 278 3649 1857 3725">
    <p class='ocr_par' dir='ltr' id='par_1_54' title="bbox 278 3649 1857 3725">
     <span class='ocr_line' id='line_1_54' title="bbox 278 3649 1857 3725; baseline 0.004 -24"><span class='ocrx_word' id='word_1_346' title='bbox 278 3657 366 3701; x_wconf 82' lang='lat' dir='ltr'><strong>est</strong></span> <span class='ocrx_word' id='word_1_347' title='bbox 396 3663 430 3701; x_wconf 85' lang='lat' dir='ltr'><strong>a</strong></span> <span class='ocrx_word' id='word_1_348' title='bbox 460 3649 618 3705; x_wconf 90' lang='lat' dir='ltr'><strong>nobis</strong></span> <span class='ocrx_word' id='word_1_349' title='bbox 649 3649 1005 3721; x_wconf 90' lang='lat' dir='ltr'><strong>admonitum,</strong></span> <span class='ocrx_word' id='word_1_350' title='bbox 1028 3656 1317 3710; x_wconf 89' lang='lat' dir='ltr'><strong>occasione</strong></span> <span class='ocrx_word' id='word_1_351' title='bbox 1345 3655 1682 3719; x_wconf 89' lang='lat' dir='ltr'><strong>schismatis,</strong></span> <span class='ocrx_word' id='word_1_352' title='bbox 1708 3654 1857 3725; x_wconf 89' lang='lat' dir='ltr'><strong>quod</strong></span> 
     </span>
    </p>
   </div>
   <div class='ocr_carea' id='block_1_55' title="bbox 281 3741 1856 3812">
    <p class='ocr_par' dir='ltr' id='par_1_55' title="bbox 281 3741 1856 3812">
     <span class='ocr_line' id='line_1_55' title="bbox 281 3741 1856 3812; baseline 0.006 -20"><span class='ocrx_word' id='word_1_353' title='bbox 281 3754 382 3809; x_wconf 76' lang='lat' dir='ltr'><strong>per</strong></span> <span class='ocrx_word' id='word_1_354' title='bbox 422 3755 488 3793; x_wconf 88' lang='lat' dir='ltr'><strong>ea</strong></span> <span class='ocrx_word' id='word_1_355' title='bbox 535 3747 781 3811; x_wconf 91' lang='lat' dir='ltr'><strong>tempora</strong></span> <span class='ocrx_word' id='word_1_356' title='bbox 810 3741 1220 3799; x_wconf 85' lang='lat' dir='ltr'><strong>Corinthiorum</strong></span> <span class='ocrx_word' id='word_1_357' title='bbox 1256 3745 1560 3801; x_wconf 89' lang='lat' dir='ltr'><strong>Ecclesiam</strong></span> <span class='ocrx_word' id='word_1_358' title='bbox 1604 3748 1856 3812; x_wconf 71' lang='lat' dir='ltr'><strong>vexabat,</strong></span> 
     </span>
    </p>
   </div>
   <div class='ocr_carea' id='block_1_56' title="bbox 280 3833 1861 3909">
    <p class='ocr_par' dir='ltr' id='par_1_56' title="bbox 280 3833 1861 3909">
     <span class='ocr_line' id='line_1_56' title="bbox 280 3833 1861 3909; baseline 0.005 -24"><span class='ocrx_word' id='word_1_359' title='bbox 280 3834 602 3902; x_wconf 89' lang='lat' dir='ltr'><strong>conscripta</strong></span> <span class='ocrx_word' id='word_1_360' title='bbox 638 3833 759 3891; x_wconf 81' lang='lat' dir='ltr'><strong>fuit.</strong></span> <span class='ocrx_word' id='word_1_361' title='bbox 788 3834 1038 3891; x_wconf 87' lang='lat' dir='ltr'><strong>Schisma</strong></span> <span class='ocrx_word' id='word_1_362' title='bbox 1068 3852 1202 3892; x_wconf 90' lang='lat' dir='ltr'><strong>vero</strong></span> <span class='ocrx_word' id='word_1_363' title='bbox 1229 3837 1361 3892; x_wconf 89' lang='lat' dir='ltr'><strong>illud</strong></span> <span class='ocrx_word' id='word_1_364' title='bbox 1396 3855 1461 3894; x_wconf 84' lang='lat' dir='ltr'><strong>ex</strong></span> <span class='ocrx_word' id='word_1_365' title='bbox 1493 3838 1697 3893; x_wconf 86' lang='lat' dir='ltr'><strong>invidia</strong></span> <span class='ocrx_word' id='word_1_366' title='bbox 1728 3853 1861 3909; x_wconf 86' lang='lat' dir='ltr'><strong>quo-</strong></span> 
     </span>
    </p>
   </div>
   <div class='ocr_carea' id='block_1_57' title="bbox 281 3924 1857 4000">
    <p class='ocr_par' dir='ltr' id='par_1_57' title="bbox 281 3924 1857 4000">
     <span class='ocr_line' id='line_1_57' title="bbox 281 3924 1857 4000; baseline 0.005 -23"><span class='ocrx_word' id='word_1_367' title='bbox 281 3924 540 3978; x_wconf 86' lang='lat' dir='ltr'><strong>rumdam</strong></span> <span class='ocrx_word' id='word_1_368' title='bbox 580 3926 636 3979; x_wconf 92' lang='lat' dir='ltr'><strong>in</strong></span> <span class='ocrx_word' id='word_1_369' title='bbox 664 3942 761 3983; x_wconf 89' lang='lat' dir='ltr'><strong>eos</strong></span> <span class='ocrx_word' id='word_1_370' title='bbox 825 3929 919 3998; x_wconf 91' lang='lat' dir='ltr'><strong>qui</strong></span> <span class='ocrx_word' id='word_1_371' title='bbox 966 3929 1257 4000; x_wconf 77' lang='lat' dir='ltr'><strong>dignitates</strong></span> <span class='ocrx_word' id='word_1_372' title='bbox 1285 3936 1340 3984; x_wconf 90' lang='lat' dir='ltr'><strong>et</strong></span> <span class='ocrx_word' id='word_1_373' title='bbox 1373 3945 1599 3985; x_wconf 83' lang='lat' dir='ltr'><strong>munera</strong></span> <span class='ocrx_word' id='word_1_374' title='bbox 1641 3932 1857 3986; x_wconf 82' lang='lat' dir='ltr'><strong>obtine-</strong></span> 
     </span>
    </p>
   </div>
   <div class='ocr_carea' id='block_1_58' title="bbox 281 4016 1855 4089">
    <p class='ocr_par' dir='ltr' id='par_1_58' title="bbox 281 4016 1855 4089">
     <span class='ocr_line' id='line_1_58' title="bbox 281 4016 1855 4089; baseline 0.005 -19"><span class='ocrx_word' id='word_1_375' title='bbox 281 4016 440 4081; x_wconf 79' lang='lat' dir='ltr'><strong>bant,</strong></span> <span class='ocrx_word' id='word_1_376' title='bbox 480 4018 773 4074; x_wconf 84' lang='lat' dir='ltr'><strong>conﬂatum</strong></span> <span class='ocrx_word' id='word_1_377' title='bbox 814 4020 942 4089; x_wconf 85' lang='lat' dir='ltr'><strong>fuit;</strong></span> <span class='ocrx_word' id='word_1_378' title='bbox 978 4023 1121 4076; x_wconf 92' lang='lat' dir='ltr'><strong>unde</strong></span> <span class='ocrx_word' id='word_1_379' title='bbox 1151 4021 1462 4078; x_wconf 84' lang='lat' dir='ltr'><strong>inﬁdelibus</strong></span> <span class='ocrx_word' id='word_1_380' title='bbox 1491 4021 1623 4078; x_wconf 86' lang='lat' dir='ltr'><strong>Jesu</strong></span> <span class='ocrx_word' id='word_1_381' title='bbox 1653 4022 1855 4080; x_wconf 87' lang='lat' dir='ltr'><strong>Christi</strong></span> 
     </span>
    </p>
   </div>
   <div class='ocr_carea' id='block_1_59' title="bbox 280 4108 1856 4183">
    <p class='ocr_par' dir='ltr' id='par_1_59' title="bbox 280 4108 1856 4183">
     <span class='ocr_line' id='line_1_59' title="bbox 280 4108 1856 4183; baseline 0.006 -22"><span class='ocrx_word' id='word_1_382' title='bbox 280 4108 608 4179; x_wconf 78' lang='lat' dir='ltr'><strong>religionem</strong></span> <span class='ocrx_word' id='word_1_383' title='bbox 651 4112 1067 4183; x_wconf 90' lang='lat' dir='ltr'><strong>blasphemandi</strong></span> <span class='ocrx_word' id='word_1_384' title='bbox 1114 4129 1249 4169; x_wconf 90' lang='lat' dir='ltr'><strong>ansa</strong></span> <span class='ocrx_word' id='word_1_385' title='bbox 1296 4115 1421 4169; x_wconf 90' lang='lat' dir='ltr'><strong>data</strong></span> <span class='ocrx_word' id='word_1_386' title='bbox 1470 4124 1574 4172; x_wconf 85' lang='lat' dir='ltr'><strong>est.</strong></span> <span class='ocrx_word' id='word_1_387' title='bbox 1618 4117 1688 4170; x_wconf 85' lang='lat' dir='ltr'><strong>At</strong></span> <span class='ocrx_word' id='word_1_388' title='bbox 1730 4133 1856 4171; x_wconf 89' lang='lat' dir='ltr'><strong>cum</strong></span> 
     </span>
    </p>
   </div>
   <div class='ocr_carea' id='block_1_60' title="bbox 278 4194 1859 4275">
    <p class='ocr_par' dir='ltr' id='par_1_60' title="bbox 278 4194 1859 4275">
     <span class='ocr_line' id='line_1_60' title="bbox 278 4194 1859 4275; baseline 0.006 -24"><span class='ocrx_word' id='word_1_389' title='bbox 278 4194 601 4255; x_wconf 88' lang='lat' dir='ltr'><strong>Corinthios</strong></span> <span class='ocrx_word' id='word_1_390' title='bbox 630 4200 779 4270; x_wconf 88' lang='lat' dir='ltr'><strong>ipsos</strong></span> <span class='ocrx_word' id='word_1_391' title='bbox 812 4202 1125 4260; x_wconf 89' lang='lat' dir='ltr'><strong>schismatis</strong></span> <span class='ocrx_word' id='word_1_392' title='bbox 1164 4204 1247 4260; x_wconf 88' lang='lat' dir='ltr'><strong>sui</strong></span> <span class='ocrx_word' id='word_1_393' title='bbox 1281 4204 1528 4275; x_wconf 90' lang='lat' dir='ltr'><strong>puderet,</strong></span> <span class='ocrx_word' id='word_1_394' title='bbox 1567 4206 1633 4261; x_wconf 90' lang='lat' dir='ltr'><strong>ad</strong></span> <span class='ocrx_word' id='word_1_395' title='bbox 1666 4204 1859 4261; x_wconf 80' lang='lat' dir='ltr'><strong>Roma-</strong></span> 
     </span>
    </p>
   </div>
   <div class='ocr_carea' id='block_1_61' title="bbox 359 4394 843 4467">
    <p class='ocr_par' dir='ltr' id='par_1_61' title="bbox 359 4394 843 4467">
     <span class='ocr_line' id='line_1_61' title="bbox 359 4394 843 4467; baseline 0 -14"><span class='ocrx_word' id='word_1_396' title='bbox 359 4396 467 4467; x_wconf 78' lang='grc'>[57)</span> <span class='ocrx_word' id='word_1_397' title='bbox 504 4394 569 4453; x_wconf 87' lang='lat' dir='ltr'><strong>L.</strong></span> <span class='ocrx_word' id='word_1_398' title='bbox 597 4414 681 4461; x_wconf 89' lang='grc' dir='ltr'>ιιι,</span> <span class='ocrx_word' id='word_1_399' title='bbox 715 4415 765 4455; x_wconf 90' lang='lat' dir='ltr'><strong>c.</strong></span> <span class='ocrx_word' id='word_1_400' title='bbox 790 4400 843 4455; x_wconf 90' lang='lat'><strong>3.</strong></span> 
     </span>
    </p>
   </div>
   <div class='ocr_carea' id='block_1_62' title="bbox 371 4467 1295 4593">
    <p class='ocr_par' dir='ltr' id='par_1_62' title="bbox 371 4467 1295 4593">
     <span class='ocr_line' id='line_1_62' title="bbox 371 4467 1295 4541; baseline 0.005 -20"><span class='ocrx_word' id='word_1_401' title='bbox 371 4468 466 4535; x_wconf 86' lang='lat'><strong>38)</strong></span> <span class='ocrx_word' id='word_1_402' title='bbox 510 4467 587 4522; x_wconf 88' lang='lat' dir='ltr'><strong>De</strong></span> <span class='ocrx_word' id='word_1_403' title='bbox 612 4472 692 4522; x_wconf 88' lang='lat' dir='ltr'><strong>or&#39;</strong></span> <span class='ocrx_word' id='word_1_404' title='bbox 729 4510 767 4531; x_wconf 90' lang='lat'><strong>.,</strong></span> <span class='ocrx_word' id='word_1_405' title='bbox 798 4479 927 4524; x_wconf 90' lang='lat' dir='ltr'><strong>tom.</strong></span> <span class='ocrx_word' id='word_1_406' title='bbox 954 4472 995 4536; x_wconf 90' lang='lat' dir='ltr'><strong>l,</strong></span> <span class='ocrx_word' id='word_1_407' title='bbox 1024 4486 1144 4541; x_wconf 88' lang='lat' dir='ltr'><strong>pag.</strong></span> <span class='ocrx_word' id='word_1_408' title='bbox 1172 4470 1295 4527; x_wconf 88' lang='lat'><strong>778.</strong></span> 
     </span>
     <span class='ocr_line' id='line_1_63' title="bbox 371 4486 1295 4593; baseline 0.001 -1"><span class='ocrx_word' id='word_1_409' title='bbox 371 4540 466 4593; x_wconf 82' lang='lat'><strong>39)</strong></span> <span class='ocrx_word' id='word_1_410' title='bbox 504 4486 756 4593; x_wconf 60' lang='lat' dir='ltr'><strong>Tom.th</strong></span> <span class='ocrx_word' id='word_1_411' title='bbox 801 4539 1000 4593; x_wconf 82' lang='lat' dir='ltr'><strong>Concil.</strong></span> <span class='ocrx_word' id='word_1_412' title='bbox 1054 4542 1295 4593; x_wconf 69' lang='lat' dir='ltr'><strong>Mansi.¢</strong></span> 
     </span>
    </p>
   </div>
   <div class='ocr_carea' id='block_1_63' title="bbox 346 4535 1549 4606">
    <p class='ocr_par' dir='ltr' id='par_1_63' title="bbox 346 4535 1549 4606">
     <span class='ocr_line' id='line_1_64' title="bbox 346 4535 1549 4606; baseline 0.002 -14"><span class='ocrx_word' id='word_1_413' title='bbox 346 4535 466 4606; x_wconf 85' lang='lat'><strong>(39)</strong></span> <span class='ocrx_word' id='word_1_414' title='bbox 504 4535 663 4595; x_wconf 79' lang='lat' dir='ltr'><strong>Tom.</strong></span> <span class='ocrx_word' id='word_1_415' title='bbox 692 4535 756 4593; x_wconf 77' lang='grc' dir='ltr'><em>Ν</em></span> <span class='ocrx_word' id='word_1_416' title='bbox 801 4539 1000 4597; x_wconf 81' lang='lat' dir='ltr'><strong>Concil.</strong></span> <span class='ocrx_word' id='word_1_417' title='bbox 1024 4535 1251 4603; x_wconf 55' lang='lat' dir='ltr'><strong>&#39;M&#39;ausi,</strong></span> <span class='ocrx_word' id='word_1_418' title='bbox 1282 4541 1387 4596; x_wconf 89' lang='lat' dir='ltr'><strong>col.</strong></span> <span class='ocrx_word' id='word_1_419' title='bbox 1426 4541 1549 4595; x_wconf 86' lang='grc'>550.</span> 
     </span>
    </p>
   </div>
   <div class='ocr_carea' id='block_1_64' title="bbox 1961 3374 3525 3445">
    <p class='ocr_par' dir='ltr' id='par_1_64' title="bbox 1961 3374 3525 3445">
     <span class='ocr_line' id='line_1_65' title="bbox 1961 3374 3525 3445; baseline 0.003 -19"><span class='ocrx_word' id='word_1_420' title='bbox 1961 3379 2070 3428; x_wconf 91' lang='lat' dir='ltr'><strong>tem</strong></span> <span class='ocrx_word' id='word_1_421' title='bbox 2112 3374 2367 3439; x_wconf 90' lang='lat' dir='ltr'><strong>obtinuit,</strong></span> <span class='ocrx_word' id='word_1_422' title='bbox 2417 3383 2476 3429; x_wconf 93' lang='lat' dir='ltr'><strong>ut</strong></span> <span class='ocrx_word' id='word_1_423' title='bbox 2514 3375 2741 3444; x_wconf 89' lang='lat' dir='ltr'><strong>perinde</strong></span> <span class='ocrx_word' id='word_1_424' title='bbox 2775 3390 2840 3429; x_wconf 91' lang='lat' dir='ltr'><strong>ac</strong></span> <span class='ocrx_word' id='word_1_425' title='bbox 2882 3376 3106 3445; x_wconf 89' lang='lat' dir='ltr'><strong>reliqua</strong></span> <span class='ocrx_word' id='word_1_426' title='bbox 3155 3377 3525 3445; x_wconf 87' lang='lat' dir='ltr'><strong>apostolorum</strong></span> 
     </span>
    </p>
   </div>
   <div class='ocr_carea' id='block_1_65' title="bbox 1960 3465 3523 3536">
    <p class='ocr_par' dir='ltr' id='par_1_65' title="bbox 1960 3465 3523 3536">
     <span class='ocr_line' id='line_1_66' title="bbox 1960 3465 3523 3536; baseline 0.002 -17"><span class='ocrx_word' id='word_1_427' title='bbox 1960 3465 2204 3534; x_wconf 86' lang='lat' dir='ltr'><strong>epistola</strong></span> <span class='ocrx_word' id='word_1_428' title='bbox 2231 3466 2449 3536; x_wconf 89' lang='lat' dir='ltr'><strong>publice</strong></span> <span class='ocrx_word' id='word_1_429' title='bbox 2490 3466 2765 3535; x_wconf 88' lang='lat' dir='ltr'><strong>aliquibus</strong></span> <span class='ocrx_word' id='word_1_430' title='bbox 2790 3466 2845 3520; x_wconf 93' lang='lat' dir='ltr'><strong>in</strong></span> <span class='ocrx_word' id='word_1_431' title='bbox 2873 3466 3120 3523; x_wconf 90' lang='lat' dir='ltr'><strong>ecclesiis</strong></span> <span class='ocrx_word' id='word_1_432' title='bbox 3147 3467 3288 3521; x_wconf 89' lang='lat' dir='ltr'><strong>lecta</strong></span> <span class='ocrx_word' id='word_1_433' title='bbox 3319 3466 3484 3522; x_wconf 78' lang='lat' dir='ltr'><strong>fuerit</strong></span> <span class='ocrx_word' id='word_1_434' title='bbox 3509 3488 3523 3523; x_wconf 88' lang='lat'><strong>:</strong></span> 
     </span>
    </p>
   </div>
   <div class='ocr_carea' id='block_1_66' title="bbox 1959 3551 3525 3624">
    <p class='ocr_par' dir='ltr' id='par_1_66' title="bbox 1959 3551 3525 3624">
     <span class='ocr_line' id='line_1_67' title="bbox 1959 3551 3525 3624; baseline -0.001 -17"><span class='ocrx_word' id='word_1_435' title='bbox 1959 3554 2105 3624; x_wconf 87' lang='lat' dir='ltr'><strong>quod</strong></span> <span class='ocrx_word' id='word_1_436' title='bbox 2165 3553 2385 3624; x_wconf 87' lang='lat' dir='ltr'><strong>quidem</strong></span> <span class='ocrx_word' id='word_1_437' title='bbox 2454 3561 2655 3624; x_wconf 83' lang='lat' dir='ltr'><strong>prater</strong></span> <span class='ocrx_word' id='word_1_438' title='bbox 2711 3552 3036 3617; x_wconf 87' lang='lat' dir='ltr'><strong>Eusebium,</strong></span> <span class='ocrx_word' id='word_1_439' title='bbox 3100 3551 3525 3623; x_wconf 83' lang='lat' dir='ltr'><strong>Hieronymum,</strong></span> 
     </span>
    </p>
   </div>
   <div class='ocr_carea' id='block_1_67' title="bbox 1959 3642 3524 3716">
    <p class='ocr_par' dir='ltr' id='par_1_67' title="bbox 1959 3642 3524 3716">
     <span class='ocr_line' id='line_1_68' title="bbox 1959 3642 3524 3716; baseline -0.003 -17"><span class='ocrx_word' id='word_1_440' title='bbox 1959 3645 2205 3716; x_wconf 90' lang='lat' dir='ltr'><strong>aliosque</strong></span> <span class='ocrx_word' id='word_1_441' title='bbox 2230 3652 2443 3701; x_wconf 89' lang='lat' dir='ltr'><strong>veteres</strong></span> <span class='ocrx_word' id='word_1_442' title='bbox 2473 3646 2790 3716; x_wconf 88' lang='lat' dir='ltr'><strong>scriptores,</strong></span> <span class='ocrx_word' id='word_1_443' title='bbox 2823 3652 3055 3700; x_wconf 89' lang='lat' dir='ltr'><strong>testatur</strong></span> <span class='ocrx_word' id='word_1_444' title='bbox 3085 3643 3361 3714; x_wconf 88' lang='lat' dir='ltr'><strong>antiquior</strong></span> <span class='ocrx_word' id='word_1_445' title='bbox 3398 3642 3524 3696; x_wconf 58' lang='lat' dir='ltr'><strong>Dio-</strong></span> 
     </span>
    </p>
   </div>
   <div class='ocr_carea' id='block_1_68' title="bbox 1959 3734 3526 3809">
    <p class='ocr_par' dir='ltr' id='par_1_68' title="bbox 1959 3734 3526 3809">
     <span class='ocr_line' id='line_1_69' title="bbox 1959 3734 3526 3809; baseline -0.003 -17"><span class='ocrx_word' id='word_1_446' title='bbox 1959 3737 2149 3809; x_wconf 74' lang='lat' dir='ltr'><strong>nysius</strong></span> <span class='ocrx_word' id='word_1_447' title='bbox 2178 3736 2584 3793; x_wconf 87' lang='lat' dir='ltr'><strong>Corinthiorum</strong></span> <span class='ocrx_word' id='word_1_448' title='bbox 2613 3737 2901 3807; x_wconf 87' lang='lat' dir='ltr'><strong>episcopus</strong></span> <span class='ocrx_word' id='word_1_449' title='bbox 2925 3735 3060 3807; x_wconf 84' lang='lat'><strong>(50).</strong></span> <span class='ocrx_word' id='word_1_450' title='bbox 3094 3734 3219 3791; x_wconf 84' lang='lat' dir='ltr'><strong>Haec</strong></span> <span class='ocrx_word' id='word_1_451' title='bbox 3244 3750 3377 3791; x_wconf 90' lang='lat' dir='ltr'><strong>sane</strong></span> <span class='ocrx_word' id='word_1_452' title='bbox 3416 3735 3526 3804; x_wconf 86' lang='lat' dir='ltr'><strong>pri-</strong></span> 
     </span>
    </p>
   </div>
   <div class='ocr_carea' id='block_1_69' title="bbox 1959 3827 3526 3899">
    <p class='ocr_par' dir='ltr' id='par_1_69' title="bbox 1959 3827 3526 3899">
     <span class='ocr_line' id='line_1_70' title="bbox 1959 3827 3526 3899; baseline -0.003 -15"><span class='ocrx_word' id='word_1_453' title='bbox 1959 3843 2116 3884; x_wconf 90' lang='lat' dir='ltr'><strong>scum</strong></span> <span class='ocrx_word' id='word_1_454' title='bbox 2147 3827 2429 3899; x_wconf 76' lang='lat' dir='ltr'><strong>Evangelii</strong></span> <span class='ocrx_word' id='word_1_455' title='bbox 2457 3829 2699 3899; x_wconf 89' lang='lat' dir='ltr'><strong>vigorem</strong></span> <span class='ocrx_word' id='word_1_456' title='bbox 2743 3829 2954 3897; x_wconf 86' lang='lat' dir='ltr'><strong>spirat:</strong></span> <span class='ocrx_word' id='word_1_457' title='bbox 2988 3828 3163 3899; x_wconf 84' lang='lat' dir='ltr'><strong>stylus</strong></span> <span class='ocrx_word' id='word_1_458' title='bbox 3197 3842 3358 3897; x_wconf 90' lang='lat' dir='ltr'><strong>quam</strong></span> <span class='ocrx_word' id='word_1_459' title='bbox 3394 3841 3526 3896; x_wconf 87' lang='lat' dir='ltr'><strong>pro-</strong></span> 
     </span>
    </p>
   </div>
   <div class='ocr_carea' id='block_1_70' title="bbox 1961 3920 3524 3978">
    <p class='ocr_par' dir='ltr' id='par_1_70' title="bbox 1961 3920 3524 3978">
     <span class='ocr_line' id='line_1_71' title="bbox 1961 3920 3524 3978; baseline -0.003 0"><span class='ocrx_word' id='word_1_460' title='bbox 1961 3923 2103 3978; x_wconf 80' lang='lat' dir='ltr'><strong>xime</strong></span> <span class='ocrx_word' id='word_1_461' title='bbox 2138 3922 2206 3977; x_wconf 90' lang='lat' dir='ltr'><strong>ad</strong></span> <span class='ocrx_word' id='word_1_462' title='bbox 2247 3920 2455 3976; x_wconf 90' lang='lat' dir='ltr'><strong>Novum</strong></span> <span class='ocrx_word' id='word_1_463' title='bbox 2486 3921 2891 3976; x_wconf 89' lang='lat' dir='ltr'><strong>Testamentum</strong></span> <span class='ocrx_word' id='word_1_464' title='bbox 2922 3921 3167 3977; x_wconf 85' lang='lat' dir='ltr'><strong>accedit:</strong></span> <span class='ocrx_word' id='word_1_465' title='bbox 3215 3937 3303 3976; x_wconf 89' lang='lat' dir='ltr'><strong>res</strong></span> <span class='ocrx_word' id='word_1_466' title='bbox 3329 3922 3524 3976; x_wconf 80' lang='lat' dir='ltr'><strong>verba—</strong></span> 
     </span>
    </p>
   </div>
   <div class='ocr_carea' id='block_1_71' title="bbox 1958 4011 3522 4085">
    <p class='ocr_par' dir='ltr' id='par_1_71' title="bbox 1958 4011 3522 4085">
     <span class='ocr_line' id='line_1_72' title="bbox 1958 4011 3522 4085; baseline -0.003 -16"><span class='ocrx_word' id='word_1_467' title='bbox 1958 4030 2064 4085; x_wconf 90' lang='lat' dir='ltr'><strong>que</strong></span> <span class='ocrx_word' id='word_1_468' title='bbox 2105 4014 2223 4084; x_wconf 89' lang='lat' dir='ltr'><strong>ipsa</strong></span> <span class='ocrx_word' id='word_1_469' title='bbox 2262 4013 2547 4083; x_wconf 87' lang='lat' dir='ltr'><strong>desumpta</strong></span> <span class='ocrx_word' id='word_1_470' title='bbox 2586 4014 2642 4067; x_wconf 92' lang='lat' dir='ltr'><strong>in</strong></span> <span class='ocrx_word' id='word_1_471' title='bbox 2676 4013 2866 4083; x_wconf 88' lang='lat' dir='ltr'><strong>primis</strong></span> <span class='ocrx_word' id='word_1_472' title='bbox 2912 4029 2979 4068; x_wconf 79' lang='lat' dir='ltr'><strong>ex</strong></span> <span class='ocrx_word' id='word_1_473' title='bbox 3029 4011 3285 4083; x_wconf 89' lang='lat' dir='ltr'><strong>Epistolis</strong></span> <span class='ocrx_word' id='word_1_474' title='bbox 3336 4012 3522 4066; x_wconf 87' lang='lat' dir='ltr'><strong>Pauli-</strong></span> 
     </span>
    </p>
   </div>
   <div class='ocr_carea' id='block_1_72' title="bbox 1958 4101 3518 4176">
    <p class='ocr_par' dir='ltr' id='par_1_72' title="bbox 1958 4101 3518 4176">
     <span class='ocr_line' id='line_1_73' title="bbox 1958 4101 3518 4176; baseline -0.001 -17"><span class='ocrx_word' id='word_1_475' title='bbox 1958 4106 2046 4160; x_wconf 89' lang='lat' dir='ltr'><strong>nis</strong></span> <span class='ocrx_word' id='word_1_476' title='bbox 2074 4105 2208 4176; x_wconf 83' lang='lat'><strong>(51).</strong></span> <span class='ocrx_word' id='word_1_477' title='bbox 2241 4102 2483 4173; x_wconf 89' lang='lat' dir='ltr'><strong>Denique</strong></span> <span class='ocrx_word' id='word_1_478' title='bbox 2526 4104 2664 4158; x_wconf 91' lang='lat' dir='ltr'><strong>nihil</strong></span> <span class='ocrx_word' id='word_1_479' title='bbox 2697 4101 2812 4158; x_wconf 76' lang='lat' dir='ltr'><strong>fere</strong></span> <span class='ocrx_word' id='word_1_480' title='bbox 2850 4103 2907 4157; x_wconf 91' lang='lat' dir='ltr'><strong>in</strong></span> <span class='ocrx_word' id='word_1_481' title='bbox 2935 4119 2999 4158; x_wconf 86' lang='lat' dir='ltr'><strong>ea</strong></span> <span class='ocrx_word' id='word_1_482' title='bbox 3039 4104 3266 4173; x_wconf 89' lang='lat' dir='ltr'><strong>reperiri</strong></span> <span class='ocrx_word' id='word_1_483' title='bbox 3301 4104 3518 4158; x_wconf 88' lang='lat' dir='ltr'><strong>contin-</strong></span> 
     </span>
    </p>
   </div>
   <div class='ocr_carea' id='block_1_73' title="bbox 1956 4193 3520 4266">
    <p class='ocr_par' dir='ltr' id='par_1_73' title="bbox 1956 4193 3520 4266">
     <span class='ocr_line' id='line_1_74' title="bbox 1956 4193 3520 4266; baseline -0.002 -16"><span class='ocrx_word' id='word_1_484' title='bbox 1956 4196 2055 4266; x_wconf 88' lang='lat' dir='ltr'><strong>git,</strong></span> <span class='ocrx_word' id='word_1_485' title='bbox 2095 4195 2241 4266; x_wconf 89' lang='lat' dir='ltr'><strong>quod</strong></span> <span class='ocrx_word' id='word_1_486' title='bbox 2270 4196 2526 4265; x_wconf 89' lang='lat' dir='ltr'><strong>primava</strong></span> <span class='ocrx_word' id='word_1_487' title='bbox 2559 4194 2834 4250; x_wconf 88' lang='lat' dir='ltr'><strong>nascentis</strong></span> <span class='ocrx_word' id='word_1_488' title='bbox 2876 4193 3136 4250; x_wconf 84' lang='lat' dir='ltr'><strong>Ecclesia</strong></span> <span class='ocrx_word' id='word_1_489' title='bbox 3189 4196 3520 4250; x_wconf 78' lang='lat' dir='ltr'><strong>incunabula</strong></span> 
     </span>
    </p>
   </div>
   <div class='ocr_carea' id='block_1_74' title="bbox 1959 4399 2729 4541">
    <p class='ocr_par' dir='ltr' id='par_1_74' title="bbox 1959 4399 2729 4541">
     <span class='ocr_line' id='line_1_75' title="bbox 1959 4399 2304 4461; baseline 0.006 -8"><span class='ocrx_word' id='word_1_490' title='bbox 1959 4400 1996 4455; x_wconf 86' lang='grc' dir='ltr'>Ι.</span> <span class='ocrx_word' id='word_1_491' title='bbox 2030 4415 2106 4461; x_wconf 84' lang='lat' dir='ltr'><strong>Iv,</strong></span> <span class='ocrx_word' id='word_1_492' title='bbox 2139 4415 2188 4455; x_wconf 91' lang='lat' dir='ltr'><strong>c.</strong></span> <span class='ocrx_word' id='word_1_493' title='bbox 2212 4399 2304 4455; x_wconf 87' lang='grc'><strong>25.</strong></span> 
     </span>
     <span class='ocr_line' id='line_1_76' title="bbox 2028 4468 2729 4541; baseline 0.001 -18"><span class='ocrx_word' id='word_1_494' title='bbox 2028 4470 2139 4541; x_wconf 83' lang='grc'>(44)</span> <span class='ocrx_word' id='word_1_495' title='bbox 2178 4468 2459 4541; x_wconf 77' lang='lat' dir='ltr'><strong>Catechesi</strong></span> <span class='ocrx_word' id='word_1_496' title='bbox 2480 4470 2573 4541; x_wconf 10' lang='lat'><strong>718,</strong></span> <span class='ocrx_word' id='word_1_497' title='bbox 2598 4468 2729 4541; x_wconf 10' lang='lat' dir='ltr'><strong>c.78.</strong></span> 
     </span>
    </p>
   </div>
   <div class='ocr_carea' id='block_1_75' title="bbox 2026 4537 3505 4610">
    <p class='ocr_par' dir='ltr' id='par_1_75' title="bbox 2026 4537 3505 4610">
     <span class='ocr_line' id='line_1_77' title="bbox 2026 4537 3505 4610; baseline -0.001 -17"><span class='ocrx_word' id='word_1_498' title='bbox 2026 4537 2138 4610; x_wconf 90' lang='grc'>(45)</span> <span class='ocrx_word' id='word_1_499' title='bbox 2180 4538 2381 4594; x_wconf 84' lang='lat' dir='ltr'><strong>Haresi</strong></span> <span class='ocrx_word' id='word_1_500' title='bbox 2430 4540 2518 4599; x_wconf 89' lang='grc'><strong>50.</strong></span> <span class='ocrx_word' id='word_1_501' title='bbox 2564 4539 2738 4610; x_wconf 81' lang='lat' dir='ltr'><strong>n._15,</strong></span> <span class='ocrx_word' id='word_1_502' title='bbox 2777 4554 2896 4608; x_wconf 87' lang='lat' dir='ltr'><strong>pag.</strong></span> <span class='ocrx_word' id='word_1_503' title='bbox 2925 4538 3054 4605; x_wconf 86' lang='lat'><strong>139;</strong></span> <span class='ocrx_word' id='word_1_504' title='bbox 3100 4546 3153 4593; x_wconf 91' lang='lat' dir='ltr'><strong>et</strong></span> <span class='ocrx_word' id='word_1_505' title='bbox 3189 4537 3381 4593; x_wconf 88' lang='lat' dir='ltr'><strong>hares.</strong></span> <span class='ocrx_word' id='word_1_506' title='bbox 3414 4538 3505 4606; x_wconf 84' lang='grc'><strong>27,</strong></span> 
     </span>
    </p>
   </div>
   <div class='ocr_carea' id='block_1_76' title="bbox 348 4608 1859 4682">
    <p class='ocr_par' dir='ltr' id='par_1_76' title="bbox 348 4608 1847 4682">
     <span class='ocr_line' id='line_1_78' title="bbox 348 4608 1847 4682; baseline 0.003 -20"><span class='ocrx_word' id='word_1_507' title='bbox 348 4609 466 4679; x_wconf 80' lang='grc'>(40)</span> <span class='ocrx_word' id='word_1_508' title='bbox 510 4608 667 4666; x_wconf 84' lang='grc' dir='ltr'>Τοιιι.</span> <span class='ocrx_word' id='word_1_509' title='bbox 687 4611 708 4664; x_wconf 88' lang='lat' dir='ltr'><strong>l</strong></span> <span class='ocrx_word' id='word_1_510' title='bbox 731 4611 830 4666; x_wconf 86' lang='lat' dir='ltr'><strong>des</strong></span> <span class='ocrx_word' id='word_1_511' title='bbox 859 4616 1085 4666; x_wconf 75' lang='lat' dir='ltr'><strong>Auuurs</strong></span> <span class='ocrx_word' id='word_1_512' title='bbox 1108 4612 1513 4682; x_wconf 72' lang='lat' dir='ltr'><strong>ecclesiastiqu</strong></span> <span class='ocrx_word' id='word_1_513' title='bbox 1533 4652 1547 4673; x_wconf 90' lang='lat'><strong>,</strong></span> <span class='ocrx_word' id='word_1_514' title='bbox 1573 4626 1696 4681; x_wconf 87' lang='lat' dir='ltr'><strong>pag.</strong></span> <span class='ocrx_word' id='word_1_515' title='bbox 1725 4610 1847 4666; x_wconf 84' lang='lat'><strong>599.</strong></span> 
     </span>
    </p>
   </div>
   <div class='ocr_carea' id='block_1_77' title="bbox 1962 4608 2827 4682">
    <p class='ocr_par' dir='ltr' id='par_1_77' title="bbox 1962 4608 2827 4682">
     <span class='ocr_line' id='line_1_79' title="bbox 1962 4608 2827 4682; baseline 0 -19"><span class='ocrx_word' id='word_1_516' title='bbox 1962 4625 2015 4667; x_wconf 87' lang='grc' dir='ltr'><strong>ιι.</strong></span> <span class='ocrx_word' id='word_1_517' title='bbox 2036 4608 2405 4682; x_wconf 15' lang='lat' dir='ltr'><strong>_6,_Vpa_g.A107,</strong></span> <span class='ocrx_word' id='word_1_518' title='bbox 2431 4610 2577 4682; x_wconf 75' lang='lat' dir='ltr'><strong>edit.</strong></span> <span class='ocrx_word' id='word_1_519' title='bbox 2606 4608 2827 4663; x_wconf 87' lang='lat' dir='ltr'><strong>Petavii.</strong></span> 
     </span>
    </p>
   </div>
   <div class='ocr_carea' id='block_1_78' title="bbox 348 4696 1849 4770">
    <p class='ocr_par' dir='ltr' id='par_1_78' title="bbox 348 4696 1849 4770">
     <span class='ocr_line' id='line_1_80' title="bbox 348 4696 1849 4770; baseline 0.004 -21"><span class='ocrx_word' id='word_1_520' title='bbox 348 4696 467 4767; x_wconf 87' lang='grc'>(41)</span> <span class='ocrx_word' id='word_1_521' title='bbox 507 4696 616 4752; x_wconf 79' lang='lat' dir='ltr'><strong>Sub</strong></span> <span class='ocrx_word' id='word_1_522' title='bbox 632 4698 866 4770; x_wconf 2' lang='lat' dir='ltr'><strong>hocpergo</strong></span> <span class='ocrx_word' id='word_1_523' title='bbox 892 4701 1152 4755; x_wconf 84' lang='lat' dir='ltr'><strong>Clemente</strong></span> <span class='ocrx_word' id='word_1_524' title='bbox 1172 4702 1494 4755; x_wconf 84' lang='lat' dir='ltr'><strong>dissensione</strong></span> <span class='ocrx_word' id='word_1_525' title='bbox 1517 4718 1619 4754; x_wconf 88' lang='lat' dir='ltr'><strong>non</strong></span> <span class='ocrx_word' id='word_1_526' title='bbox 1642 4702 1849 4756; x_wconf 87' lang='lat' dir='ltr'><strong>modica</strong></span> 
     </span>
    </p>
   </div>
   <div class='ocr_carea' id='block_1_79' title="bbox 277 4767 1847 4841">
    <p class='ocr_par' dir='ltr' id='par_1_79' title="bbox 277 4767 1847 4841">
     <span class='ocr_line' id='line_1_81' title="bbox 277 4767 1847 4841; baseline 0.005 -24"><span class='ocrx_word' id='word_1_527' title='bbox 277 4767 417 4819; x_wconf 76' lang='lat' dir='ltr'><strong>inter</strong></span> <span class='ocrx_word' id='word_1_528' title='bbox 457 4785 569 4841; x_wconf 63' lang='lat' dir='ltr'><strong>eos,</strong></span> <span class='ocrx_word' id='word_1_529' title='bbox 597 4770 683 4837; x_wconf 84' lang='lat' dir='ltr'><strong>qui</strong></span> <span class='ocrx_word' id='word_1_530' title='bbox 706 4767 943 4824; x_wconf 71' lang='lat' dir='ltr'><strong>Corinthi</strong></span> <span class='ocrx_word' id='word_1_531' title='bbox 965 4781 1155 4835; x_wconf 85' lang='lat' dir='ltr'><strong>essent,</strong></span> <span class='ocrx_word' id='word_1_532' title='bbox 1196 4771 1389 4841; x_wconf 79' lang='lat' dir='ltr'><strong>fratres</strong></span> <span class='ocrx_word' id='word_1_533' title='bbox 1414 4771 1579 4839; x_wconf 81' lang='lat' dir='ltr'><strong>facta,</strong></span> <span class='ocrx_word' id='word_1_534' title='bbox 1615 4774 1847 4839; x_wconf 87' lang='lat' dir='ltr'><strong>scripsit,</strong></span> 
     </span>
    </p>
   </div>
   <div class='ocr_carea' id='block_1_80' title="bbox 276 4838 1845 4959">
    <p class='ocr_par' dir='ltr' id='par_1_80' title="bbox 276 4838 1845 4959">
     <span class='ocr_line' id='line_1_82' title="bbox 276 4838 1845 4959; baseline 0.006 -69"><span class='ocrx_word' id='word_1_535' title='bbox 276 4852 398 4959; x_wconf 64' lang='grc' dir='ltr'><strong>ἵειε</strong></span> <span class='ocrx_word' id='word_1_536' title='bbox 427 4848 508 4892; x_wconf 84' lang='lat' dir='ltr'><strong>est</strong></span> <span class='ocrx_word' id='word_1_537' title='bbox 534 4838 731 4904; x_wconf 74' lang='lat' dir='ltr'><strong>Roma,</strong></span> <span class='ocrx_word' id='word_1_538' title='bbox 772 4840 1010 4896; x_wconf 84' lang='lat' dir='ltr'><strong>Ecclesia</strong></span> <span class='ocrx_word' id='word_1_539' title='bbox 1055 4838 1523 4897; x_wconf 81' lang='lat' dir='ltr'><strong>luculentissimam</strong></span> <span class='ocrx_word' id='word_1_540' title='bbox 1551 4838 1845 4911; x_wconf 85' lang='lat' dir='ltr'><strong>epistolam.</strong></span> 
     </span>
     <span class='ocr_line' id='line_1_83' title="bbox 301 4910 1076 4959; baseline 0 0"><span class='ocrx_word' id='word_1_541' title='bbox 301 4923 545 4959; x_wconf 67' lang='lat' dir='ltr'><strong>renatis.</strong></span> <span class='ocrx_word' id='word_1_542' title='bbox 576 4910 614 4959; x_wconf 90' lang='lat' dir='ltr'><strong>l.</strong></span> <span class='ocrx_word' id='word_1_543' title='bbox 648 4926 740 4959; x_wconf 86' lang='grc' dir='ltr'>ιιι-</span> <span class='ocrx_word' id='word_1_544' title='bbox 775 4927 825 4959; x_wconf 80' lang='lat' dir='ltr'><strong>c-</strong></span> <span class='ocrx_word' id='word_1_545' title='bbox 858 4912 909 4959; x_wconf 81' lang='lat'><strong>3-</strong></span> <span class='ocrx_word' id='word_1_546' title='bbox 940 4929 994 4959; x_wconf 83' lang='grc' dir='ltr'>ιι-</span> <span class='ocrx_word' id='word_1_547' title='bbox 1023 4913 1076 4959; x_wconf 78' lang='grc'>5-</span> 
     </span>
    </p>
   </div>
   <div class='ocr_carea' id='block_1_81' title="bbox 301 4910 1076 4978">
    <p class='ocr_par' dir='ltr' id='par_1_81' title="bbox 301 4910 1076 4978">
     <span class='ocr_line' id='line_1_84' title="bbox 301 4910 1076 4978; baseline 0.006 -17"><span class='ocrx_word' id='word_1_548' title='bbox 301 4923 545 4969; x_wconf 84' lang='lat' dir='ltr'><strong>renaus.</strong></span> <span class='ocrx_word' id='word_1_549' title='bbox 576 4910 614 4964; x_wconf 85' lang='grc' dir='ltr'>ι.</span> <span class='ocrx_word' id='word_1_550' title='bbox 648 4926 740 4977; x_wconf 88' lang='grc' dir='ltr'>ιιι,</span> <span class='ocrx_word' id='word_1_551' title='bbox 775 4927 825 4966; x_wconf 93' lang='lat' dir='ltr'><strong>c.</strong></span> <span class='ocrx_word' id='word_1_552' title='bbox 858 4912 910 4978; x_wconf 88' lang='grc'><strong>5,</strong></span> <span class='ocrx_word' id='word_1_553' title='bbox 940 4929 994 4966; x_wconf 96' lang='grc' dir='ltr'><strong>ιι.</strong></span> <span class='ocrx_word' id='word_1_554' title='bbox 1023 4913 1076 4966; x_wconf 88' lang='grc'><strong>5.</strong></span> 
     </span>
    </p>
   </div>
   <div class='ocr_carea' id='block_1_82' title="bbox 347 5000 1842 5077">
    <p class='ocr_par' dir='ltr' id='par_1_82' title="bbox 347 5000 1842 5077">
     <span class='ocr_line' id='line_1_85' title="bbox 347 5000 1842 5077; baseline 0.005 -24"><span class='ocrx_word' id='word_1_555' title='bbox 347 5000 465 5071; x_wconf 85' lang='grc'>(42)</span> <span class='ocrx_word' id='word_1_556' title='bbox 509 5000 680 5077; x_wconf 79' lang='lat' dir='ltr'><strong>Hodie</strong></span> <span class='ocrx_word' id='word_1_557' title='bbox 713 5020 921 5057; x_wconf 86' lang='lat' dir='ltr'><strong>sacrum</strong></span> <span class='ocrx_word' id='word_1_558' title='bbox 947 5006 1085 5060; x_wconf 84' lang='lat' dir='ltr'><strong>diem</strong></span> <span class='ocrx_word' id='word_1_559' title='bbox 1116 5006 1447 5061; x_wconf 87' lang='lat' dir='ltr'><strong>Dominicum</strong></span> <span class='ocrx_word' id='word_1_560' title='bbox 1474 5008 1842 5077; x_wconf 89' lang='lat' dir='ltr'><strong>transegimus,</strong></span> 
     </span>
    </p>
   </div>
   <div class='ocr_carea' id='block_1_83' title="bbox 276 5071 1845 5148">
    <p class='ocr_par' dir='ltr' id='par_1_83' title="bbox 276 5071 1845 5148">
     <span class='ocr_line' id='line_1_86' title="bbox 276 5071 1845 5148; baseline 0.004 -26"><span class='ocrx_word' id='word_1_561' title='bbox 276 5071 331 5124; x_wconf 78' lang='lat' dir='ltr'><strong>in</strong></span> <span class='ocrx_word' id='word_1_562' title='bbox 360 5089 464 5141; x_wconf 84' lang='lat' dir='ltr'><strong>quo</strong></span> <span class='ocrx_word' id='word_1_563' title='bbox 494 5074 772 5148; x_wconf 75' lang='lat' dir='ltr'><strong>epistolam</strong></span> <span class='ocrx_word' id='word_1_564' title='bbox 799 5086 1023 5130; x_wconf 84' lang='lat' dir='ltr'><strong>vestram</strong></span> <span class='ocrx_word' id='word_1_565' title='bbox 1051 5078 1290 5146; x_wconf 87' lang='lat' dir='ltr'><strong>legimus.</strong></span> <span class='ocrx_word' id='word_1_566' title='bbox 1311 5094 1468 5145; x_wconf 88' lang='lat' dir='ltr'><strong>quam</strong></span> <span class='ocrx_word' id='word_1_567' title='bbox 1500 5071 1706 5148; x_wconf 72' lang='lat' dir='ltr'><strong>quidem</strong></span> <span class='ocrx_word' id='word_1_568' title='bbox 1732 5093 1845 5144; x_wconf 84' lang='lat' dir='ltr'><strong>per-</strong></span> 
     </span>
    </p>
   </div>
   <div class='ocr_carea' id='block_1_84' title="bbox 275 5141 1840 5216">
    <p class='ocr_par' dir='ltr' id='par_1_84' title="bbox 275 5141 1840 5216">
     <span class='ocr_line' id='line_1_87' title="bbox 275 5141 1840 5216; baseline 0.006 -26"><span class='ocrx_word' id='word_1_569' title='bbox 275 5151 431 5216; x_wconf 68' lang='lat' dir='ltr'><strong>petuo</strong></span> <span class='ocrx_word' id='word_1_570' title='bbox 484 5141 723 5216; x_wconf 59' lang='lat' dir='ltr'><strong>deinceps</strong></span> <span class='ocrx_word' id='word_1_571' title='bbox 754 5144 997 5215; x_wconf 84' lang='lat' dir='ltr'><strong>legentes,</strong></span> <span class='ocrx_word' id='word_1_572' title='bbox 1046 5141 1260 5215; x_wconf 68' lang='lat' dir='ltr'><strong>perinde</strong></span> <span class='ocrx_word' id='word_1_573' title='bbox 1312 5141 1372 5201; x_wconf 82' lang='lat' dir='ltr'><strong>ac</strong></span> <span class='ocrx_word' id='word_1_574' title='bbox 1416 5141 1640 5216; x_wconf 78' lang='lat' dir='ltr'><strong>priorem</strong></span> <span class='ocrx_word' id='word_1_575' title='bbox 1689 5141 1840 5201; x_wconf 87' lang='lat' dir='ltr'><strong>illam</strong></span> 
     </span>
    </p>
   </div>
   <div class='ocr_carea' id='block_1_85' title="bbox 277 5211 1842 5286">
    <p class='ocr_par' dir='ltr' id='par_1_85' title="bbox 277 5211 1842 5286">
     <span class='ocr_line' id='line_1_88' title="bbox 277 5211 1842 5286; baseline 0.006 -24"><span class='ocrx_word' id='word_1_576' title='bbox 277 5211 428 5286; x_wconf 76' lang='lat' dir='ltr'><strong>nobis</strong></span> <span class='ocrx_word' id='word_1_577' title='bbox 460 5230 496 5264; x_wconf 91' lang='lat' dir='ltr'><strong>a</strong></span> <span class='ocrx_word' id='word_1_578' title='bbox 523 5212 784 5286; x_wconf 86' lang='lat' dir='ltr'><strong>Clemente</strong></span> <span class='ocrx_word' id='word_1_579' title='bbox 805 5211 1082 5284; x_wconf 54' lang='lat' dir='ltr'><strong>&#39;scriptam</strong></span> <span class='ocrx_word' id='word_1_580' title='bbox 1124 5211 1438 5286; x_wconf 48' lang='lat' dir='ltr'><strong>Epistolam&#39;,</strong></span> <span class='ocrx_word' id='word_1_581' title='bbox 1467 5219 1674 5285; x_wconf 86' lang='lat' dir='ltr'><strong>optimis</strong></span> <span class='ocrx_word' id='word_1_582' title='bbox 1701 5233 1842 5286; x_wconf 76' lang='lat' dir='ltr'><strong>pra:-</strong></span> 
     </span>
    </p>
   </div>
   <div class='ocr_carea' id='block_1_86' title="bbox 275 5283 1835 5409">
    <p class='ocr_par' dir='ltr' id='par_1_86' title="bbox 275 5283 1835 5409">
     <span class='ocr_line' id='line_1_89' title="bbox 275 5283 1835 5409; baseline 0.007 -77"><span class='ocrx_word' id='word_1_583' title='bbox 275 5283 439 5405; x_wconf 57' lang='grc' dir='ltr'><strong>ἓεριῖε</strong></span> <span class='ocrx_word' id='word_1_584' title='bbox 472 5299 535 5334; x_wconf 86' lang='lat' dir='ltr'><strong>ac</strong></span> <span class='ocrx_word' id='word_1_585' title='bbox 550 5284 871 5409; x_wconf 53' lang='lat' dir='ltr'><strong>docguz’mentis</strong></span> <span class='ocrx_word' id='word_1_586' title='bbox 900 5283 1304 5343; x_wconf 85' lang='lat' dir='ltr'><strong>abundabimus.</strong></span> <span class='ocrx_word' id='word_1_587' title='bbox 1327 5288 1482 5359; x_wconf 88' lang='lat' dir='ltr'><strong>Apud</strong></span> <span class='ocrx_word' id='word_1_588' title='bbox 1500 5283 1735 5355; x_wconf 38' lang='lat' dir='ltr'><strong>Euseb;</strong></span> <span class='ocrx_word' id='word_1_589' title='bbox 1764 5288 1835 5343; x_wconf 86' lang='grc' dir='ltr'><strong>Η.</strong></span> 
     </span>
     <span class='ocr_line' id='line_1_90' title="bbox 333 5369 723 5409; baseline 0.013 -5"><span class='ocrx_word' id='word_1_590' title='bbox 333 5394 346 5405; x_wconf 96' lang='grc'><strong>.</strong></span> <span class='ocrx_word' id='word_1_591' title='bbox 409 5391 423 5404; x_wconf 97' lang='grc'>.</span> <span class='ocrx_word' id='word_1_592' title='bbox 454 5369 531 5409; x_wconf 82' lang='grc' dir='ltr'><strong>ιν.</strong></span> <span class='ocrx_word' id='word_1_593' title='bbox 558 5370 609 5408; x_wconf 92' lang='lat' dir='ltr'><strong>c.</strong></span> <span class='ocrx_word' id='word_1_594' title='bbox 709 5397 723 5409; x_wconf 95' lang='lat'><strong>.</strong></span> 
     </span>
    </p>
   </div>
   <div class='ocr_carea' id='block_1_87' title="bbox 333 5369 723 5415">
    <p class='ocr_par' dir='ltr' id='par_1_87' title="bbox 333 5369 723 5415">
     <span class='ocr_line' id='line_1_91' title="bbox 333 5369 723 5415; baseline 0.018 -11"><span class='ocrx_word' id='word_1_595' title='bbox 333 5394 346 5405; x_wconf 92' lang='lat'><strong>.</strong></span> <span class='ocrx_word' id='word_1_596' title='bbox 388 5369 423 5405; x_wconf 88' lang='grc' dir='ltr'><strong>Ι.</strong></span> <span class='ocrx_word' id='word_1_597' title='bbox 454 5369 531 5415; x_wconf 82' lang='grc' dir='ltr'><strong>ιν,</strong></span> <span class='ocrx_word' id='word_1_598' title='bbox 558 5370 609 5408; x_wconf 84' lang='lat' dir='ltr'><strong>C.</strong></span> <span class='ocrx_word' id='word_1_599' title='bbox 632 5369 723 5411; x_wconf 68' lang='grc' dir='ltr'><strong>Ζό.</strong></span> 
     </span>
    </p>
   </div>
   <div class='ocr_carea' id='block_1_88' title="bbox 2025 4676 3505 4750">
    <p class='ocr_par' dir='ltr' id='par_1_88' title="bbox 2025 4676 3505 4750">
     <span class='ocr_line' id='line_1_92' title="bbox 2025 4676 3505 4750; baseline -0.001 -17"><span class='ocrx_word' id='word_1_600' title='bbox 2025 4676 2144 4750; x_wconf 80' lang='grc'>(46)</span> <span class='ocrx_word' id='word_1_601' title='bbox 2176 4676 2310 4735; x_wconf 78' lang='lat' dir='ltr'><strong>Vide</strong></span> <span class='ocrx_word' id='word_1_602' title='bbox 2353 4678 2660 4750; x_wconf 81' lang='lat' dir='ltr'><strong>Origenem,</strong></span> <span class='ocrx_word' id='word_1_603' title='bbox 2687 4686 2818 4750; x_wconf 85' lang='lat' dir='ltr'><strong>tom.</strong></span> <span class='ocrx_word' id='word_1_604' title='bbox 2844 4678 2894 4741; x_wconf 88' lang='grc' dir='ltr'>Ι,</span> <span class='ocrx_word' id='word_1_605' title='bbox 2939 4677 3069 4732; x_wconf 90' lang='lat' dir='ltr'><strong>edit.</strong></span> <span class='ocrx_word' id='word_1_606' title='bbox 3101 4676 3303 4750; x_wconf 56' lang='lat' dir='ltr'><strong>Paris&quot;</strong></span> <span class='ocrx_word' id='word_1_607' title='bbox 3346 4678 3505 4744; x_wconf 86' lang='lat'><strong>1733,</strong></span> 
     </span>
    </p>
   </div>
   <div class='ocr_carea' id='block_1_89' title="bbox 1951 4748 3508 4820">
    <p class='ocr_par' dir='ltr' id='par_1_89' title="bbox 1951 4748 3508 4820">
     <span class='ocr_line' id='line_1_93' title="bbox 1951 4748 3508 4820; baseline -0.001 -17"><span class='ocrx_word' id='word_1_608' title='bbox 1951 4748 2075 4820; x_wconf 84' lang='lat' dir='ltr'><strong>pag.</strong></span> <span class='ocrx_word' id='word_1_609' title='bbox 2099 4749 2195 4816; x_wconf 75' lang='lat'><strong>82;</strong></span> <span class='ocrx_word' id='word_1_610' title='bbox 2227 4759 2359 4820; x_wconf 87' lang='lat' dir='ltr'><strong>tom.</strong></span> <span class='ocrx_word' id='word_1_611' title='bbox 2388 4749 2486 4820; x_wconf 84' lang='grc' dir='ltr'>ιιι,</span> <span class='ocrx_word' id='word_1_612' title='bbox 2528 4765 2650 4819; x_wconf 85' lang='lat' dir='ltr'><strong>pag.</strong></span> <span class='ocrx_word' id='word_1_613' title='bbox 2681 4748 2818 4820; x_wconf 73' lang='grc' dir='ltr'>422ς</span> <span class='ocrx_word' id='word_1_614' title='bbox 2848 4756 2902 4803; x_wconf 93' lang='lat' dir='ltr'><strong>et</strong></span> <span class='ocrx_word' id='word_1_615' title='bbox 2950 4756 3081 4820; x_wconf 68' lang='lat' dir='ltr'><strong>tom.</strong></span> <span class='ocrx_word' id='word_1_616' title='bbox 3102 4748 3197 4820; x_wconf 14' lang='lat' dir='ltr'><strong>7ng</strong></span> <span class='ocrx_word' id='word_1_617' title='bbox 3220 4789 3234 4808; x_wconf 90' lang='lat'><strong>.</strong></span> <span class='ocrx_word' id='word_1_618' title='bbox 3268 4757 3407 4819; x_wconf 88' lang='lat' dir='ltr'><strong>part.</strong></span> <span class='ocrx_word' id='word_1_619' title='bbox 3436 4764 3508 4813; x_wconf 87' lang='grc' dir='ltr'>ιι,</span> 
     </span>
    </p>
   </div>
   <div class='ocr_carea' id='block_1_90' title="bbox 1953 4818 3505 4890">
    <p class='ocr_par' dir='ltr' id='par_1_90' title="bbox 1953 4818 3505 4890">
     <span class='ocr_line' id='line_1_94' title="bbox 1953 4818 3505 4890; baseline 0 -17"><span class='ocrx_word' id='word_1_620' title='bbox 1953 4818 2076 4890; x_wconf 77' lang='lat' dir='ltr'><strong>pag.</strong></span> <span class='ocrx_word' id='word_1_621' title='bbox 2118 4822 2241 4887; x_wconf 84' lang='grc'>145,</span> <span class='ocrx_word' id='word_1_622' title='bbox 2274 4819 2408 4875; x_wconf 90' lang='lat' dir='ltr'><strong>edit.</strong></span> <span class='ocrx_word' id='word_1_623' title='bbox 2458 4818 2634 4874; x_wconf 87' lang='lat' dir='ltr'><strong>Huetii</strong></span> <span class='ocrx_word' id='word_1_624' title='bbox 2679 4818 2951 4890; x_wconf 87' lang='lat' dir='ltr'><strong>Colonia,</strong></span> <span class='ocrx_word' id='word_1_625' title='bbox 2991 4818 3148 4872; x_wconf 91' lang='grc'>1685.</span> <span class='ocrx_word' id='word_1_626' title='bbox 3180 4818 3351 4890; x_wconf 84' lang='lat' dir='ltr'><strong>Clem.</strong></span> <span class='ocrx_word' id='word_1_627' title='bbox 3380 4821 3505 4873; x_wconf 78' lang='lat' dir='ltr'><strong>Ale-</strong></span> 
     </span>
    </p>
   </div>
   <div class='ocr_carea' id='block_1_91' title="bbox 1952 4889 3504 4958">
    <p class='ocr_par' dir='ltr' id='par_1_91' title="bbox 1952 4889 3504 4958">
     <span class='ocr_line' id='line_1_95' title="bbox 1952 4889 3504 4958; baseline 0.001 -16"><span class='ocrx_word' id='word_1_628' title='bbox 1952 4889 2139 4953; x_wconf 64' lang='lat' dir='ltr'><strong>sand.,</strong></span> <span class='ocrx_word' id='word_1_629' title='bbox 2189 4892 2225 4946; x_wconf 90' lang='grc' dir='ltr'>ι.</span> <span class='ocrx_word' id='word_1_630' title='bbox 2267 4906 2283 4943; x_wconf 89' lang='grc' dir='ltr'><strong>ι</strong></span> <span class='ocrx_word' id='word_1_631' title='bbox 2341 4890 2563 4953; x_wconf 91' lang='lat' dir='ltr'><strong>Strom.,</strong></span> <span class='ocrx_word' id='word_1_632' title='bbox 2605 4906 2655 4944; x_wconf 91' lang='lat' dir='ltr'><strong>c.</strong></span> <span class='ocrx_word' id='word_1_633' title='bbox 2688 4889 2739 4953; x_wconf 87' lang='lat'><strong>7,</strong></span> <span class='ocrx_word' id='word_1_634' title='bbox 2767 4899 2899 4943; x_wconf 91' lang='lat' dir='ltr'><strong>tom.</strong></span> <span class='ocrx_word' id='word_1_635' title='bbox 2928 4889 2979 4951; x_wconf 86' lang='grc' dir='ltr'>Ι,</span> <span class='ocrx_word' id='word_1_636' title='bbox 3030 4904 3150 4958; x_wconf 86' lang='lat' dir='ltr'><strong>pag.</strong></span> <span class='ocrx_word' id='word_1_637' title='bbox 3198 4889 3322 4952; x_wconf 89' lang='lat'><strong>339,</strong></span> <span class='ocrx_word' id='word_1_638' title='bbox 3371 4891 3504 4943; x_wconf 84' lang='lat' dir='ltr'><strong>edit.</strong></span> 
     </span>
    </p>
   </div>
   <div class='ocr_carea' id='block_1_92' title="bbox 1953 4958 3499 5029">
    <p class='ocr_par' dir='ltr' id='par_1_92' title="bbox 1953 4958 3499 5029">
     <span class='ocr_line' id='line_1_96' title="bbox 1953 4958 3499 5029; baseline -0.001 -16"><span class='ocrx_word' id='word_1_639' title='bbox 1953 4958 2251 5029; x_wconf 82' lang='lat' dir='ltr'><strong>Oxoniens.</strong></span> <span class='ocrx_word' id='word_1_640' title='bbox 2306 4961 2469 5027; x_wconf 84' lang='lat'><strong>1715;</strong></span> <span class='ocrx_word' id='word_1_641' title='bbox 2510 4967 2564 5013; x_wconf 90' lang='lat' dir='ltr'><strong>et</strong></span> <span class='ocrx_word' id='word_1_642' title='bbox 2608 4960 2643 5013; x_wconf 94' lang='grc'>1.</span> <span class='ocrx_word' id='word_1_643' title='bbox 2668 4974 2741 5023; x_wconf 84' lang='lat' dir='ltr'><strong>iv,</strong></span> <span class='ocrx_word' id='word_1_644' title='bbox 2775 4975 2824 5013; x_wconf 92' lang='lat' dir='ltr'><strong>c.</strong></span> <span class='ocrx_word' id='word_1_645' title='bbox 2864 4960 2911 5019; x_wconf 85' lang='lat' dir='ltr'><strong>l.</strong></span> <span class='ocrx_word' id='word_1_646' title='bbox 2959 4966 3088 5013; x_wconf 91' lang='lat' dir='ltr'><strong>tom.</strong></span> <span class='ocrx_word' id='word_1_647' title='bbox 3125 4959 3175 5029; x_wconf 26' lang='lat' dir='ltr'><strong>lA.</strong></span> <span class='ocrx_word' id='word_1_648' title='bbox 3222 4975 3343 5029; x_wconf 91' lang='lat' dir='ltr'><strong>pag.</strong></span> <span class='ocrx_word' id='word_1_649' title='bbox 3376 4958 3499 5018; x_wconf 87' lang='lat'><strong>609;</strong></span> 
     </span>
    </p>
   </div>
   <div class='ocr_carea' id='block_1_93' title="bbox 1952 5027 3502 5094">
    <p class='ocr_par' dir='ltr' id='par_1_93' title="bbox 1952 5027 3502 5094">
     <span class='ocr_line' id='line_1_97' title="bbox 1952 5027 3502 5094; baseline -0.001 -12"><span class='ocrx_word' id='word_1_650' title='bbox 1952 5028 2172 5085; x_wconf 87' lang='lat' dir='ltr'><strong>Hieron.</strong></span> <span class='ocrx_word' id='word_1_651' title='bbox 2206 5031 2282 5084; x_wconf 90' lang='lat' dir='ltr'><strong>De</strong></span> <span class='ocrx_word' id='word_1_652' title='bbox 2324 5032 2449 5084; x_wconf 85' lang='lat' dir='ltr'><strong>viris</strong></span> <span class='ocrx_word' id='word_1_653' title='bbox 2495 5029 2718 5088; x_wconf 87' lang='lat' dir='ltr'><strong>illustr..</strong></span> <span class='ocrx_word' id='word_1_654' title='bbox 2745 5030 2925 5094; x_wconf 77' lang='lat'><strong>0.15;</strong></span> <span class='ocrx_word' id='word_1_655' title='bbox 2966 5037 3100 5083; x_wconf 89' lang='lat' dir='ltr'><strong>tom.</strong></span> <span class='ocrx_word' id='word_1_656' title='bbox 3146 5027 3384 5094; x_wconf 50' lang='lat' dir='ltr'><strong>ll,&#39;part.</strong></span> <span class='ocrx_word' id='word_1_657' title='bbox 3428 5044 3502 5094; x_wconf 83' lang='grc' dir='ltr'>ιι,</span> 
     </span>
    </p>
   </div>
   <div class='ocr_carea' id='block_1_94' title="bbox 1949 5099 3352 5170">
    <p class='ocr_par' dir='ltr' id='par_1_94' title="bbox 1949 5099 3352 5170">
     <span class='ocr_line' id='line_1_98' title="bbox 1949 5099 3352 5170; baseline 0.001 -17"><span class='ocrx_word' id='word_1_658' title='bbox 1949 5116 2072 5170; x_wconf 89' lang='lat' dir='ltr'><strong>pag.</strong></span> <span class='ocrx_word' id='word_1_659' title='bbox 2101 5102 2261 5162; x_wconf 89' lang='grc'>8505,</span> <span class='ocrx_word' id='word_1_660' title='bbox 2288 5101 2419 5155; x_wconf 85' lang='lat' dir='ltr'><strong>edit.</strong></span> <span class='ocrx_word' id='word_1_661' title='bbox 2448 5100 2654 5170; x_wconf 79' lang='lat' dir='ltr'><strong>noviss.</strong></span> <span class='ocrx_word' id='word_1_662' title='bbox 2681 5099 2897 5154; x_wconf 85' lang='lat' dir='ltr'><strong>Veneta</strong></span> <span class='ocrx_word' id='word_1_663' title='bbox 2926 5099 2993 5170; x_wconf 89' lang='lat' dir='ltr'><strong>de</strong></span> <span class='ocrx_word' id='word_1_664' title='bbox 3022 5114 3165 5153; x_wconf 91' lang='lat' dir='ltr'><strong>anno</strong></span> <span class='ocrx_word' id='word_1_665' title='bbox 3194 5099 3352 5154; x_wconf 86' lang='lat'><strong>1767.</strong></span> 
     </span>
    </p>
   </div>
   <div class='ocr_carea' id='block_1_95' title="bbox 2020 5168 3497 5242">
    <p class='ocr_par' dir='ltr' id='par_1_95' title="bbox 2020 5168 3497 5242">
     <span class='ocr_line' id='line_1_99' title="bbox 2020 5168 3497 5242; baseline -0.003 -16"><span class='ocrx_word' id='word_1_666' title='bbox 2020 5168 2131 5242; x_wconf 83' lang='grc'>(47)</span> <span class='ocrx_word' id='word_1_667' title='bbox 2172 5172 2319 5227; x_wconf 87' lang='lat' dir='ltr'><strong>Idem</strong></span> <span class='ocrx_word' id='word_1_668' title='bbox 2366 5173 2404 5227; x_wconf 87' lang='grc' dir='ltr'>Ι.</span> <span class='ocrx_word' id='word_1_669' title='bbox 2451 5186 2503 5226; x_wconf 88' lang='lat' dir='ltr'><strong>c.</strong></span> <span class='ocrx_word' id='word_1_670' title='bbox 2554 5168 2685 5227; x_wconf 86' lang='lat' dir='ltr'><strong>Vide</strong></span> <span class='ocrx_word' id='word_1_671' title='bbox 2730 5172 2894 5225; x_wconf 91' lang='lat' dir='ltr'><strong>etiam</strong></span> <span class='ocrx_word' id='word_1_672' title='bbox 2952 5169 3212 5223; x_wconf 84' lang='lat' dir='ltr'><strong>lrenaum</strong></span> <span class='ocrx_word' id='word_1_673' title='bbox 3254 5169 3349 5223; x_wconf 88' lang='lat' dir='ltr'><strong>lib.</strong></span> <span class='ocrx_word' id='word_1_674' title='bbox 3399 5183 3497 5233; x_wconf 89' lang='grc' dir='ltr'>ιιι,</span> 
     </span>
    </p>
   </div>
   <div class='ocr_carea' id='block_1_96' title="bbox 1944 5243 2151 5311">
    <p class='ocr_par' dir='ltr' id='par_1_96' title="bbox 1944 5243 2151 5311">
     <span class='ocr_line' id='line_1_100' title="bbox 1944 5243 2151 5311; baseline 0.014 -17"><span class='ocrx_word' id='word_1_675' title='bbox 1944 5256 2065 5311; x_wconf 87' lang='lat' dir='ltr'><strong>cap.</strong></span> <span class='ocrx_word' id='word_1_676' title='bbox 2100 5243 2151 5297; x_wconf 90' lang='grc'><strong>5.</strong></span> 
     </span>
    </p>
   </div>
   <div class='ocr_carea' id='block_1_97' title="bbox 2041 5310 2798 5381">
    <p class='ocr_par' dir='ltr' id='par_1_97' title="bbox 2041 5310 2798 5381">
     <span class='ocr_line' id='line_1_101' title="bbox 2041 5310 2798 5381; baseline -0.001 -15"><span class='ocrx_word' id='word_1_677' title='bbox 2041 5312 2132 5380; x_wconf 87' lang='grc'><strong>48)</strong></span> <span class='ocrx_word' id='word_1_678' title='bbox 2172 5312 2289 5367; x_wconf 90' lang='lat' dir='ltr'><strong>Lib.</strong></span> <span class='ocrx_word' id='word_1_679' title='bbox 2317 5327 2399 5375; x_wconf 85' lang='lat' dir='ltr'><strong>Ill,</strong></span> <span class='ocrx_word' id='word_1_680' title='bbox 2427 5326 2547 5381; x_wconf 91' lang='lat' dir='ltr'><strong>cap.</strong></span> <span class='ocrx_word' id='word_1_681' title='bbox 2572 5312 2625 5377; x_wconf 92' lang='lat'><strong>3,</strong></span> <span class='ocrx_word' id='word_1_682' title='bbox 2656 5328 2714 5366; x_wconf 87' lang='grc' dir='ltr'>ιι.</span> <span class='ocrx_word' id='word_1_683' title='bbox 2745 5310 2798 5365; x_wconf 89' lang='grc'><strong>5.</strong></span> 
     </span>
    </p>
   </div>
   <div class='ocr_carea' id='block_1_98' title="bbox 2017 5314 3499 5452">
    <p class='ocr_par' dir='ltr' id='par_1_98' title="bbox 2017 5314 3499 5452">
     <span class='ocr_line' id='line_1_102' title="bbox 2041 5314 2798 5381; baseline -0.001 -15"><span class='ocrx_word' id='word_1_684' title='bbox 2041 5314 2132 5380; x_wconf 88' lang='grc'><strong>48)</strong></span> <span class='ocrx_word' id='word_1_685' title='bbox 2172 5314 2289 5367; x_wconf 91' lang='lat' dir='ltr'><strong>Lib.</strong></span> <span class='ocrx_word' id='word_1_686' title='bbox 2317 5327 2399 5375; x_wconf 85' lang='lat' dir='ltr'><strong>Ill,</strong></span> <span class='ocrx_word' id='word_1_687' title='bbox 2427 5326 2547 5381; x_wconf 91' lang='lat' dir='ltr'><strong>cap.</strong></span> <span class='ocrx_word' id='word_1_688' title='bbox 2572 5314 2625 5377; x_wconf 92' lang='lat'><strong>3,</strong></span> <span class='ocrx_word' id='word_1_689' title='bbox 2656 5328 2714 5366; x_wconf 87' lang='grc' dir='ltr'>ιι.</span> <span class='ocrx_word' id='word_1_690' title='bbox 2745 5314 2798 5365; x_wconf 90' lang='grc'><strong>5.</strong></span> 
     </span>
     <span class='ocr_line' id='line_1_103' title="bbox 2017 5314 3499 5452; baseline -0.003 -17"><span class='ocrx_word' id='word_1_691' title='bbox 2017 5314 2129 5452; x_wconf 79' lang='grc'>(49)</span> <span class='ocrx_word' id='word_1_692' title='bbox 2173 5382 2244 5438; x_wconf 85' lang='grc' dir='ltr'>Η.</span> <span class='ocrx_word' id='word_1_693' title='bbox 2270 5381 2361 5446; x_wconf 87' lang='grc' dir='ltr'>Ε.,</span> <span class='ocrx_word' id='word_1_694' title='bbox 2394 5384 2487 5439; x_wconf 91' lang='lat' dir='ltr'><strong>lib.</strong></span> <span class='ocrx_word' id='word_1_695' title='bbox 2516 5385 2606 5447; x_wconf 70' lang='lat' dir='ltr'><strong>ini,</strong></span> <span class='ocrx_word' id='word_1_696' title='bbox 2628 5396 2750 5450; x_wconf 90' lang='lat' dir='ltr'><strong>cap.</strong></span> <span class='ocrx_word' id='word_1_697' title='bbox 2776 5379 2864 5445; x_wconf 87' lang='grc'><strong>16,</strong></span> <span class='ocrx_word' id='word_1_698' title='bbox 2893 5394 3015 5450; x_wconf 89' lang='lat' dir='ltr'><strong>pag.</strong></span> <span class='ocrx_word' id='word_1_699' title='bbox 3045 5378 3135 5442; x_wconf 90' lang='grc'><strong>95,</strong></span> <span class='ocrx_word' id='word_1_700' title='bbox 3154 5376 3284 5432; x_wconf 90' lang='lat' dir='ltr'><strong>edit.</strong></span> <span class='ocrx_word' id='word_1_701' title='bbox 3304 5376 3499 5431; x_wconf 85' lang='lat' dir='ltr'><strong>Tauri-</strong></span> 
     </span>
    </p>
   </div>
   <div class='ocr_carea' id='block_1_99' title="bbox 348 5443 2151 5519">
    <p class='ocr_par' dir='ltr' id='par_1_99' title="bbox 348 5443 2151 5519">
     <span class='ocr_line' id='line_1_104' title="bbox 348 5443 2151 5519; baseline 0.006 -22"><span class='ocrx_word' id='word_1_702' title='bbox 348 5443 462 5515; x_wconf 88' lang='grc'>(45)</span> <span class='ocrx_word' id='word_1_703' title='bbox 507 5445 683 5516; x_wconf 83' lang='lat' dir='ltr'><strong>Hujus</strong></span> <span class='ocrx_word' id='word_1_704' title='bbox 725 5448 887 5518; x_wconf 87' lang='lat' dir='ltr'><strong>igitur</strong></span> <span class='ocrx_word' id='word_1_705' title='bbox 914 5445 1193 5505; x_wconf 87' lang='lat' dir='ltr'><strong>Clementis</strong></span> <span class='ocrx_word' id='word_1_706' title='bbox 1227 5458 1400 5503; x_wconf 69' lang='lat' dir='ltr'><strong>exstat</strong></span> <span class='ocrx_word' id='word_1_707' title='bbox 1450 5449 1689 5519; x_wconf 87' lang='lat' dir='ltr'><strong>Epistola</strong></span> <span class='ocrx_word' id='word_1_708' title='bbox 1735 5467 1840 5506; x_wconf 87' lang='lat' dir='ltr'><strong>uno</strong></span> <span class='ocrx_word' id='word_1_709' title='bbox 1944 5443 2151 5508; x_wconf 75' lang='lat' dir='ltr'><strong>neiisis.</strong></span> 
     </span>
    </p>
   </div>
   <div class='ocr_carea' id='block_1_100' title="bbox 276 5521 1838 5590">
    <p class='ocr_par' dir='ltr' id='par_1_100' title="bbox 276 5521 1838 5590">
     <span class='ocr_line' id='line_1_105' title="bbox 276 5521 1838 5590; baseline 0.006 -25"><span class='ocrx_word' id='word_1_710' title='bbox 276 5530 531 5570; x_wconf 78' lang='lat' dir='ltr'><strong>consensu</strong></span> <span class='ocrx_word' id='word_1_711' title='bbox 588 5531 809 5590; x_wconf 82' lang='lat' dir='ltr'><strong>recepta,</strong></span> <span class='ocrx_word' id='word_1_712' title='bbox 851 5521 1068 5590; x_wconf 61' lang='lat' dir='ltr'><strong>eximia</strong></span> <span class='ocrx_word' id='word_1_713' title='bbox 1094 5535 1332 5587; x_wconf 76' lang='lat' dir='ltr'><strong>prorsus,</strong></span> <span class='ocrx_word' id='word_1_714' title='bbox 1364 5529 1517 5590; x_wconf 86' lang='lat' dir='ltr'><strong>atque</strong></span> <span class='ocrx_word' id='word_1_715' title='bbox 1546 5521 1838 5583; x_wconf 85' lang='lat' dir='ltr'><strong>mirabilis;</strong></span> 
     </span>
    </p>
   </div>
   <div class='ocr_carea' id='block_1_101' title="bbox 276 5588 1836 5651">
    <p class='ocr_par' dir='ltr' id='par_1_101' title="bbox 276 5588 1836 5651">
     <span class='ocr_line' id='line_1_106' title="bbox 276 5588 1836 5651; baseline 0.006 -16"><span class='ocrx_word' id='word_1_716' title='bbox 276 5601 434 5651; x_wconf 73' lang='lat' dir='ltr'><strong>quam</strong></span> <span class='ocrx_word' id='word_1_717' title='bbox 491 5590 700 5641; x_wconf 85' lang='lat' dir='ltr'><strong>nomine</strong></span> <span class='ocrx_word' id='word_1_718' title='bbox 747 5589 997 5643; x_wconf 75' lang='lat' dir='ltr'><strong>Ecclesia:</strong></span> <span class='ocrx_word' id='word_1_719' title='bbox 1035 5588 1285 5643; x_wconf 73' lang='lat' dir='ltr'><strong>Romana:</strong></span> <span class='ocrx_word' id='word_1_720' title='bbox 1331 5592 1399 5643; x_wconf 85' lang='lat' dir='ltr'><strong>ad</strong></span> <span class='ocrx_word' id='word_1_721' title='bbox 1433 5588 1836 5646; x_wconf 82' lang='lat' dir='ltr'><strong>Corinthiorum</strong></span> 
     </span>
    </p>
   </div>
   <div class='ocr_carea' id='block_1_102' title="bbox 2014 5518 3158 5591">
    <p class='ocr_par' dir='ltr' id='par_1_102' title="bbox 2014 5518 3158 5591">
     <span class='ocr_line' id='line_1_107' title="bbox 2014 5518 3158 5591; baseline -0.004 -14"><span class='ocrx_word' id='word_1_722' title='bbox 2014 5523 2125 5591; x_wconf 83' lang='lat'><strong>(50)</strong></span> <span class='ocrx_word' id='word_1_723' title='bbox 2162 5522 2317 5591; x_wconf 86' lang='lat' dir='ltr'><strong>Apud</strong></span> <span class='ocrx_word' id='word_1_724' title='bbox 2347 5521 2569 5583; x_wconf 70' lang='lat' dir='ltr'><strong>Euseb,</strong></span> <span class='ocrx_word' id='word_1_725' title='bbox 2603 5519 2674 5575; x_wconf 84' lang='grc' dir='ltr'><strong>Η.</strong></span> <span class='ocrx_word' id='word_1_726' title='bbox 2702 5519 2791 5584; x_wconf 87' lang='grc' dir='ltr'><strong>Ε.,</strong></span> <span class='ocrx_word' id='word_1_727' title='bbox 2826 5520 2861 5574; x_wconf 92' lang='lat' dir='ltr'><strong>l.</strong></span> <span class='ocrx_word' id='word_1_728' title='bbox 2887 5535 3041 5591; x_wconf 60' lang='lat' dir='ltr'><strong>Iv,_c.</strong></span> <span class='ocrx_word' id='word_1_729' title='bbox 3067 5518 3158 5591; x_wconf 69' lang='grc'><strong>25.</strong></span> 
     </span>
    </p>
   </div>
   <div class='ocr_carea' id='block_1_103' title="bbox 2011 5523 3495 5661">
    <p class='ocr_par' dir='ltr' id='par_1_103' title="bbox 2011 5523 3495 5661">
     <span class='ocr_line' id='line_1_108' title="bbox 2014 5523 3158 5591; baseline -0.004 -14"><span class='ocrx_word' id='word_1_730' title='bbox 2014 5523 2105 5589; x_wconf 89' lang='grc'><strong>(50</strong></span> <span class='ocrx_word' id='word_1_731' title='bbox 2162 5523 2317 5591; x_wconf 85' lang='lat' dir='ltr'><strong>Apud</strong></span> <span class='ocrx_word' id='word_1_732' title='bbox 2347 5523 2569 5583; x_wconf 68' lang='lat' dir='ltr'><strong>Euseb,</strong></span> <span class='ocrx_word' id='word_1_733' title='bbox 2603 5523 2674 5575; x_wconf 84' lang='grc' dir='ltr'><strong>Η.</strong></span> <span class='ocrx_word' id='word_1_734' title='bbox 2702 5523 2791 5584; x_wconf 85' lang='grc' dir='ltr'><strong>Ε.,</strong></span> <span class='ocrx_word' id='word_1_735' title='bbox 2826 5523 2861 5574; x_wconf 94' lang='lat' dir='ltr'><strong>l.</strong></span> <span class='ocrx_word' id='word_1_736' title='bbox 2887 5536 2962 5583; x_wconf 86' lang='lat' dir='ltr'><strong>Iv,</strong></span> <span class='ocrx_word' id='word_1_737' title='bbox 2991 5535 3041 5576; x_wconf 91' lang='lat' dir='ltr'><strong>c.</strong></span> <span class='ocrx_word' id='word_1_738' title='bbox 3069 5523 3158 5572; x_wconf 88' lang='grc'><strong>25.</strong></span> 
     </span>
     <span class='ocr_line' id='line_1_109' title="bbox 2011 5523 3495 5661; baseline -0.003 -15"><span class='ocrx_word' id='word_1_739' title='bbox 2011 5523 2125 5661; x_wconf 64' lang='grc'>(51)</span> <span class='ocrx_word' id='word_1_740' title='bbox 2162 5593 2287 5647; x_wconf 82' lang='lat' dir='ltr'><strong>Hac</strong></span> <span class='ocrx_word' id='word_1_741' title='bbox 2320 5593 2436 5661; x_wconf 90' lang='lat' dir='ltr'><strong>ipsa</strong></span> <span class='ocrx_word' id='word_1_742' title='bbox 2462 5592 2779 5661; x_wconf 86' lang='lat' dir='ltr'><strong>similitudo,</strong></span> <span class='ocrx_word' id='word_1_743' title='bbox 2810 5597 2947 5645; x_wconf 91' lang='lat' dir='ltr'><strong>teste</strong></span> <span class='ocrx_word' id='word_1_744' title='bbox 2974 5589 3037 5645; x_wconf 91' lang='lat' dir='ltr'><strong>D.</strong></span> <span class='ocrx_word' id='word_1_745' title='bbox 3066 5589 3390 5661; x_wconf 66' lang='lat' dir='ltr'><strong>Hieronymo</strong></span> <span class='ocrx_word' id='word_1_746' title='bbox 3418 5588 3495 5653; x_wconf 94' lang='lat' dir='ltr'><strong>(in</strong></span> 
     </span>
    </p>
   </div>
   <div class='ocr_carea' id='block_1_104' title="bbox 282 5653 3493 5730">
    <p class='ocr_par' dir='ltr' id='par_1_104' title="bbox 282 5653 3493 5730">
     <span class='ocr_line' id='line_1_110' title="bbox 282 5653 3493 5730; baseline 0.001 -25"><span class='ocrx_word' id='word_1_747' title='bbox 282 5653 575 5710; x_wconf 83' lang='lat' dir='ltr'><strong>Ecclesiam</strong></span> <span class='ocrx_word' id='word_1_748' title='bbox 621 5661 851 5727; x_wconf 80' lang='lat' dir='ltr'><strong>scripsit.</strong></span> <span class='ocrx_word' id='word_1_749' title='bbox 914 5658 1066 5712; x_wconf 84' lang='lat' dir='ltr'><strong>Hanc</strong></span> <span class='ocrx_word' id='word_1_750' title='bbox 1104 5662 1158 5713; x_wconf 87' lang='lat' dir='ltr'><strong>in</strong></span> <span class='ocrx_word' id='word_1_751' title='bbox 1204 5660 1462 5729; x_wconf 84' lang='lat' dir='ltr'><strong>plerisque</strong></span> <span class='ocrx_word' id='word_1_752' title='bbox 1509 5662 1739 5716; x_wconf 87' lang='lat' dir='ltr'><strong>ecclesiis</strong></span> <span class='ocrx_word' id='word_1_753' title='bbox 1786 5670 1836 5714; x_wconf 90' lang='lat' dir='ltr'><strong>et</strong></span> <span class='ocrx_word' id='word_1_754' title='bbox 1941 5653 2180 5718; x_wconf 31' lang='lat' dir='ltr'><strong>calalsc.</strong></span> <span class='ocrx_word' id='word_1_755' title='bbox 2215 5653 2413 5730; x_wconf 48' lang='lat' dir='ltr'><strong>15),&#39;in</strong></span> <span class='ocrx_word' id='word_1_756' title='bbox 2440 5676 2603 5715; x_wconf 83' lang='lat' dir='ltr'><strong>causa</strong></span> <span class='ocrx_word' id='word_1_757' title='bbox 2638 5660 2757 5722; x_wconf 79' lang='lat' dir='ltr'><strong>fuit,</strong></span> <span class='ocrx_word' id='word_1_758' title='bbox 2788 5677 2889 5714; x_wconf 87' lang='lat' dir='ltr'><strong>cur</strong></span> <span class='ocrx_word' id='word_1_759' title='bbox 2910 5661 3127 5730; x_wconf 88' lang='lat' dir='ltr'><strong>quidam</strong></span> <span class='ocrx_word' id='word_1_760' title='bbox 3160 5658 3217 5714; x_wconf 90' lang='lat' dir='ltr'><strong>S.</strong></span> <span class='ocrx_word' id='word_1_761' title='bbox 3241 5653 3493 5730; x_wconf 81' lang='lat' dir='ltr'><strong>Clemen-</strong></span> 
     </span>
    </p>
   </div>
   <div class='ocr_carea' id='block_1_105' title="bbox 280 5730 1835 5797">
    <p class='ocr_par' dir='ltr' id='par_1_105' title="bbox 280 5730 1835 5797">
     <span class='ocr_line' id='line_1_111' title="bbox 280 5730 1835 5797; baseline 0.006 -21"><span class='ocrx_word' id='word_1_762' title='bbox 280 5735 483 5797; x_wconf 77' lang='lat' dir='ltr'><strong>nostra,</strong></span> <span class='ocrx_word' id='word_1_763' title='bbox 513 5738 562 5782; x_wconf 87' lang='lat' dir='ltr'><strong>et</strong></span> <span class='ocrx_word' id='word_1_764' title='bbox 594 5731 849 5797; x_wconf 82' lang='lat' dir='ltr'><strong>superiori</strong></span> <span class='ocrx_word' id='word_1_765' title='bbox 875 5732 1127 5785; x_wconf 88' lang='lat' dir='ltr'><strong>memoria</strong></span> <span class='ocrx_word' id='word_1_766' title='bbox 1169 5730 1345 5797; x_wconf 77' lang='lat' dir='ltr'><strong>palam</strong></span> <span class='ocrx_word' id='word_1_767' title='bbox 1373 5732 1584 5785; x_wconf 86' lang='lat' dir='ltr'><strong>recitari</strong></span> <span class='ocrx_word' id='word_1_768' title='bbox 1621 5748 1835 5785; x_wconf 81' lang='lat' dir='ltr'><strong>consue-</strong></span> 
     </span>
    </p>
   </div>
   <div class='ocr_carea' id='block_1_106' title="bbox 285 5795 1825 5869">
    <p class='ocr_par' dir='ltr' id='par_1_106' title="bbox 285 5795 1825 5869">
     <span class='ocr_line' id='line_1_112' title="bbox 285 5795 1825 5869; baseline 0.006 -21"><span class='ocrx_word' id='word_1_769' title='bbox 285 5795 410 5851; x_wconf 70' lang='lat' dir='ltr'><strong>risse</strong></span> <span class='ocrx_word' id='word_1_770' title='bbox 442 5795 810 5856; x_wconf 70' lang='lat' dir='ltr'><strong>comperimus.</strong></span> <span class='ocrx_word' id='word_1_771' title='bbox 849 5800 1071 5869; x_wconf 72' lang='lat' dir='ltr'><strong>Euseb,</strong></span> <span class='ocrx_word' id='word_1_772' title='bbox 1116 5795 1185 5856; x_wconf 83' lang='grc' dir='ltr'>Η.</span> <span class='ocrx_word' id='word_1_773' title='bbox 1212 5798 1305 5869; x_wconf 80' lang='lat' dir='ltr'><strong>E.,</strong></span> <span class='ocrx_word' id='word_1_774' title='bbox 1334 5806 1367 5857; x_wconf 93' lang='grc' dir='ltr'>Ι.</span> <span class='ocrx_word' id='word_1_775' title='bbox 1397 5817 1479 5865; x_wconf 89' lang='grc' dir='ltr'>ιιι,</span> <span class='ocrx_word' id='word_1_776' title='bbox 1519 5818 1567 5857; x_wconf 89' lang='lat' dir='ltr'><strong>c.</strong></span> <span class='ocrx_word' id='word_1_777' title='bbox 1603 5802 1687 5867; x_wconf 89' lang='grc'><strong>16,</strong></span> <span class='ocrx_word' id='word_1_778' title='bbox 1726 5803 1825 5859; x_wconf 85' lang='grc'>58;</span> 
     </span>
    </p>
   </div>
   <div class='ocr_carea' id='block_1_107' title="bbox 1940 5728 3488 5813">
    <p class='ocr_par' dir='ltr' id='par_1_107' title="bbox 1940 5728 3488 5813">
     <span class='ocr_line' id='line_1_113' title="bbox 1940 5728 3488 5813; baseline -0.005 -26"><span class='ocrx_word' id='word_1_779' title='bbox 1940 5742 2045 5788; x_wconf 82' lang='lat' dir='ltr'><strong>tem</strong></span> <span class='ocrx_word' id='word_1_780' title='bbox 2073 5728 2324 5802; x_wconf 82' lang='lat' dir='ltr'><strong>Epistula</strong></span> <span class='ocrx_word' id='word_1_781' title='bbox 2349 5734 2414 5786; x_wconf 91' lang='lat' dir='ltr'><strong>ad</strong></span> <span class='ocrx_word' id='word_1_782' title='bbox 2452 5731 2706 5813; x_wconf 73' lang='lat' dir='ltr'><strong>llebraos</strong></span> <span class='ocrx_word' id='word_1_783' title='bbox 2739 5728 3106 5813; x_wconf 81' lang='lat' dir='ltr'><strong>interpretem,</strong></span> <span class='ocrx_word' id='word_1_784' title='bbox 3132 5738 3292 5801; x_wconf 71' lang='lat' dir='ltr'><strong>atque</strong></span> <span class='ocrx_word' id='word_1_785' title='bbox 3325 5728 3488 5783; x_wconf 86' lang='lat' dir='ltr'><strong>etiam</strong></span> 
     </span>
    </p>
   </div>
   <div class='ocr_carea' id='block_1_108' title="bbox 1936 5810 2773 5861">
    <p class='ocr_par' dir='ltr' id='par_1_108' title="bbox 1936 5810 2773 5861">
     <span class='ocr_line' id='line_1_114' title="bbox 1936 5810 2773 5861; baseline -0.001 -3"><span class='ocrx_word' id='word_1_786' title='bbox 1936 5812 2213 5860; x_wconf 71' lang='grc' dir='ltr'>ίιιιυιοιυιιι</span> <span class='ocrx_word' id='word_1_787' title='bbox 2247 5819 2368 5861; x_wconf 86' lang='lat' dir='ltr'><strong>esse</strong></span> <span class='ocrx_word' id='word_1_788' title='bbox 2392 5810 2773 5859; x_wconf 82' lang='lat' dir='ltr'><strong>existimarint.</strong></span> 
     </span>
    </p>
   </div>
  </div>
