4070 6340
542 326 645 381 l2?

1663 325 1847 389 ADLS.
1888 321 2309 382 CLEMENTEM
2344 321 2366 376 Ι
2407 320 2638 377 PAPAM

3654 318 3757 372 138

540 457 651 497 non
682 440 908 507 referat;
944 438 1207 510 nihilque,
1246 440 1390 511 quod
1424 440 1601 498 virum
1630 442 1791 512 plane
1839 440 2095 512 apostoli-
2126 441 2175 501 Α
2204 438 2350 493 aetati
2379 437 2684 493 vicinorum
2707 433 2817 498 vis,
2845 448 2909 489 ac
2933 448 3000 490 ne
3027 433 3111 488 vix
3144 432 3361 504 quidem
3391 431 3506 486 fieri
3536 434 3757 505 potest),

539 548 666 587 cum
696 547 804 587 non
835 532 1069 587 maxime
1098 532 1305 589 deceat.

611 621 997 687 Dubitationes,
1028 639 1140 692 qua:
1171 623 1234 677 de
1262 624 1360 678 hac
1386 624 1610 693 epistola
1640 634 1927 679 moventur.
1945 653 2014 662 —
2032 622 2102 676 At

538 714 787 784 quamvis
816 711 1128 782 hujusmodi
1163 713 1528 769 venerandum
1558 730 1729 769 sacra:
1759 713 2100 784 antiquitatis

540 808 951 857 monumentum
984 815 1015 853 a
1061 800 1339 871 plerisque
1385 802 1613 857 vetustis
1656 798 2100 871 locupletissimis

540 892 789 956 testibus,
817 907 1203 963 usquequaque
1224 899 1529 961 astruatur;
1562 903 1723 963 atque
1749 892 1911 948 simul
1933 906 1998 946 ac
2030 906 2098 946 ex

538 985 922 1055 antiquissimo
976 1001 1078 1041 ms.
1104 985 1295 1040 codice
1328 984 1700 1039 Alexandrino
1742 983 1888 1040 istud
1926 984 1983 1037 in
2011 983 2098 1037 lu-

538 1090 657 1131 cem
691 1074 794 1129 l‘uit
831 1076 1066 1143 editum,
1094 1090 1310 1132 summo
1346 1074 1684 1131 eruditorum
1716 1073 1825 1129 fere
1853 1073 2095 1130 omnium

538 1181 831 1230 consensu,
871 1166 1146 1221 sincerum
1175 1166 1419 1230 omnino.
1458 1174 1943 1237 quantumcunque
1986 1172 2092 1229 est,

538 1257 781 1326 agnitum
813 1255 991 1319 fuerit,
1038 1264 1339 1326 receptum,
1376 1257 1894 1327 comprobatumque
1928 1274 1942 1310 :
1985 1270 2094 1309 non

538 1345 761 1401 defuere
792 1353 971 1401 tamen
1003 1346 1106 1401 hoc
1132 1353 1188 1402 et
1231 1348 1516 1417 superiore
1547 1347 1769 1411 saeculo,
1813 1348 1907 1418 qui
1937 1346 2096 1400 vitia-

539 1444 655 1490 tum
688 1436 850 1500 idem,
885 1437 1133 1508 mireque
1165 1437 1547 1506 interpolatum
1572 1436 1854 1493 obﬁrmate
1876 1446 2098 1493 conten-

537 1527 735 1583 derint.
784 1528 890 1584 Eos
945 1530 1089 1584 inter
1131 1529 1336 1602 primas
1370 1536 1513 1584 tenet
1554 1527 1837 1584 Gisbertus
1872 1526 2093 1584 Voetius

540 1617 820 1688 theologia:
874 1620 1152 1691 professor
1180 1622 1234 1675 in
1261 1620 1554 1677 Academia
1593 1619 1969 1691 Ultrajectina,
1998 1620 2092 1692 qui

534 1710 713 1765 varias
748 1710 859 1782 (52)
904 1712 1167 1767 adversus
1214 1712 1356 1765 hanc
1399 1712 1683 1782 epistolam
1722 1712 1892 1767 movit
1935 1712 2092 1782 obje-

534 1803 764 1867 ctioues,
797 1802 891 1857 sed
941 1803 1101 1872 plane
1148 1800 1391 1865 frivolas,
1420 1810 1474 1857 et
1502 1803 1751 1873 supinam
1784 1802 2091 1859 redolentes

532 1893 950 1963 negligentiam;
1002 1896 1082 1947 uti
1128 1894 1277 1948 clare
1321 1893 1562 1949 ostendit
1605 1893 1922 1949 Joachimus
1974 1893 2090 1947 lla-

531 1983 697 2038 derus
726 1984 780 2037 in
811 1982 1126 2054 praefatione
1157 1984 1225 2039 ad
1263 1985 1551 2050 lectorem,
1604 1983 2092 2042 Helmenstadiensi

531 2072 757 2127 editioni
805 2073 1057 2145 Epistolas
1106 2075 1400 2131 Clementis
1440 2076 1740 2145 prremissa.
1785 2076 1883 2131 Ast
1944 2076 2091 2131 nihil

436 2172 439 2175 '
530 2164 754 2228 mirum,
799 2166 977 2219 virum
1009 2165 1197 2230 istum,
1232 2167 1412 2220 multa:
1456 2167 1696 2236 alioquin
1746 2167 1993 2222 lectionis
2036 2167 2091 2221 in

531 2252 949 2313 recentioribus.
996 2254 1280 2324 epistolam
1312 2256 1487 2310 sancti
1517 2254 1836 2320 Clementis,
1876 2257 2094 2327 aliaque

528 2344 799 2411 ejusmodi
831 2344 902 2399 ob
930 2351 1258 2401 vetustatem
1293 2347 1604 2402 veneranda
1647 2357 1997 2404 monumenta
2035 2350 2091 2406 in

528 2432 753 2488 dubium
782 2449 1041 2502 vocasse;
1096 2451 1220 2490 cum
1258 2436 1397 2507 ipse,
1420 2452 1489 2491 ex
1532 2437 1673 2493 male
1717 2447 2093 2509 praeconcepta

526 2525 783 2594 Opinione
811 2540 876 2579 ac
901 2526 1029 2580 odio
1059 2526 1321 2582 adversus
1359 2528 1639 2598 antiquam
1666 2528 1949 2584 catholicae
1990 2530 2095 2585 Ec-

526 2616 705 2670 clesia:
735 2616 1394 2687 traditionem,optaverit,
1421 2619 1631 2673 nullum
1656 2619 1816 2689 plane
1850 2622 2093 2676 virorum

527 2709 953 2778 apostolicorum
986 2710 1248 2780 scriptum
1276 2724 1584 2782 superesse,
1608 2720 1670 2766 ut
1695 2712 1788 2767 illo
1820 2713 1939 2781 ipso
1970 2713 2092 2769 loco

524 2801 727 2855 indicat
752 2800 1100 2871 sequentibus
1131 2802 1312 2858 verbis
1340 2822 1351 2857 :
1385 2801 1735 2858 Admiramur
1766 2806 2091 2877 singularem

523 2890 624 2945 Dei
650 2891 1052 2961 providentiam,
1094 2908 1212 2962 quae
1257 2893 1460 2947 curavit
1528 2903 1585 2947 ut
1631 2895 2093 2965 abapostolornm

523 2981 817 3051 discipulis,
880 2984 1102 3054 virisque
1166 2986 1523 3053 apostolorum
1572 2987 1767 3043 swculo
1809 2991 2087 3058 proximis,

525 3082 619 3127 aut
651 3073 784 3127 nihil
813 3074 1146 3139 scriberetur,
1191 3085 1284 3129 aut
1314 3075 1444 3129 nihil
1471 3089 1886 3143 conservaretur,
1928 3088 1979 3133 et
2019 3079 2088 3134 ad
2113 3111 2157 3169 ο

2201 530 2433 599 denique
2479 536 2538 583 ut
2570 541 2726 585 sacer
2770 525 2939 581 codex
2981 540 3011 580 a
3058 524 3408 594 corruptione
3452 536 3518 577 ac
3555 522 3757 591 injuria

2199 636 2308 675 non
2353 628 2460 673 tam
2512 627 2845 690 temporum,
2888 632 3051 686 quam
3102 614 3367 669 malorum
3390 612 3754 684 ingeniorum,

2199 708 2591 773 vindicaretur,
2625 718 2678 763 et
2707 706 2977 779 genuinus
3005 704 3125 774 ejus
3161 718 3357 758 sensus
3388 702 3444 755 in
3485 700 3759 771 aliquibus

2200 801 2335 857 locis
2381 798 2783 871 quodammodo
2823 798 3114 859 obscurus,
3158 794 3438 866 magisque
3479 793 3549 847 ab
3587 793 3759 847 haere-

2197 892 2321 947 ticis
2351 892 2697 956 obscuratus,
2722 889 2935 961 egregie
2969 888 3370 952 illustraretur;
3403 884 3590 954 sicque
3628 898 3757 954 pro-

2197 984 2314 1055 pria
2340 983 2488 1039 verbi
2520 981 2691 1036 divini
2721 980 2924 1036 veritas
2962 984 3152 1033 contra
3181 975 3350 1032 falsas
3394 973 3757 1045 quorumdam

2198 1076 2479 1131 hominum
2510 1073 2811 1145 opiniones,
2857 1069 2983 1126 heri.
3005 1076 3183 1132 natas,
3226 1083 3350 1124 cras
3402 1082 3532 1123 vero
3581 1065 3753 1121 inter-

2196 1159 2393 1225 ituras,
2426 1160 2756 1224 firmaretur,
2780 1159 2835 1214 in
2863 1165 3125 1213 internum
3147 1158 3458 1212 duratura.»
3481 1154 3755 1210 Hactenus

2194 1251 2278 1305 vir
2308 1250 2659 1320 gravissimus
2686 1247 2941 1304 Grabius.

2265 1342 2513 1398 Voetium
2541 1357 2731 1412 presso
2775 1341 2912 1412 pede
2961 1348 3255 1410 sequentes
3293 1340 3578 1396 Eduardus
3622 1340 3757 1397 Ber-

2192 1434 2418 1499 nardus,
2458 1442 2621 1504 atque
2649 1432 2887 1487 Joannes
2921 1433 3168 1488 Clericus
3205 1433 3316 1504 (54)
3360 1433 3503 1487 hanc
3544 1434 3753 1503 episto-

2194 1526 2300 1580 lam
2332 1541 2362 1579 a
2396 1526 2554 1596 plane
2586 1524 2855 1594 improbo,
2897 1524 2989 1595 qui
3020 1523 3286 1580 Clementi
3318 1522 3563 1579 Romano
3590 1525 3756 1580 innu-

2193 1631 2371 1672 meras
2401 1615 2693 1672 Clementis
2721 1614 3070 1670 Alexandrini
3097 1615 3325 1671 lacinias
3346 1614 3608 1680 adsuerit,
3648 1617 3753 1670 mi.

2195 1723 2318 1763 sere
2369 1706 2624 1763 fmdatam
2683 1705 2914 1763 suadere
2980 1707 3181 1761 conati.
3232 1706 3534 1777 Utrumque
3583 1722 3752 1777 porro

2124 1771 2365 1855 Bsolide
2418 1799 2676 1855 refutavit
2730 1798 2813 1855 Cl.
2882 1797 3152 1854 Henricus
3230 1771 3521 1854 Wotton-us
3584 1771 3751 1870 (55).

2188 1888 2349 1946 Juvat
2390 1891 2680 1960 ipsummet
2731 1891 2877 1946 hunc
2920 1889 3295 1945 doctissimum
3346 1889 3521 1943 virum
3553 1888 3657 1943 hac
3686 1889 3759 1945 de

2189 1998 2249 2037 re
2294 1980 2650 2037 disserentem
2686 1981 2911 2037 audire:
2943 2000 2963 2033 ‹
2995 1980 3137 2035 lrriti
3160 1987 3321 2045 sunt,
3352 1980 3558 2050 inquit,
3588 1978 3758 2047 hujus

2190 2069 2496 2142 (Bernardi)
2536 2077 2806 2127 conatus:
2837 2072 2929 2143 qui
2960 2072 3104 2127 enim
3153 2070 3256 2125 hoc
3304 2069 3465 2126 modo
3510 2086 3578 2126 ex
3624 2070 3757 2126 Cle~

2190 2168 2369 2217 mente
2421 2160 2792 2217 Alexandrino
2835 2162 3047 2233 arguit,
3092 2169 3187 2216 aut
3237 2178 3361 2217 eum
3418 2170 3531 2217 nan
3581 2160 3757 2231 probe

2191 2254 2363 2318 novit,
2403 2260 2498 2307 aut
2527 2253 2669 2308 mala
2699 2252 2803 2309 ﬁde
2839 2253 2980 2323 agit;
3014 2252 3204 2308 eadem
3244 2254 3386 2309 enim
3420 2253 3629 2309 ratione
3660 2267 3761 2307 ac-

2194 2353 2305 2400 tum
2347 2344 2452 2400 erit
2496 2344 2564 2400 de
2609 2344 2890 2401 authentia
2938 2356 2991 2401 et
3031 2345 3134 2401 (ide
3180 2360 3389 2413 eorum,
3432 2346 3587 2417 quia
3629 2346 3761 2401 Cle-

2190 2445 2371 2492 mente
2399 2435 2764 2491 Alexandrino
2815 2451 3045 2507 usquam
3089 2436 3348 2502 citantur,
3398 2436 3750 2506 scriptorum.

2190 2526 2364 2585 Nemo
2416 2528 2559 2584 enim
2604 2527 2827 2583 Patrum
2874 2529 3080 2598 majore
3128 2529 3346 2583 licentia
3386 2535 3470 2584 est
3513 2543 3651 2586 usus
3696 2530 3760 2586 in

2191 2621 2428 2677 eitandis
2456 2619 2793 2685 auctoribus,
2817 2621 2932 2675 sive
2962 2621 3158 2684 sacris,
3184 2623 3297 2676 sive
3319 2619 3554 2676 ethnicis
3580 2636 3594 2672 :
3627 2637 3756 2676 cum

2189 2712 2240 2769 ei
2270 2713 2326 2767 in
2357 2727 2508 2768 more
2534 2711 2628 2777 sit,
2653 2726 2761 2765 non
2788 2712 2995 2782 integra
3023 2718 3308 2766 auctorum
3346 2712 3509 2767 verba
3533 2727 3754 2782 semper

2190 2804 2453 2870 recitare,
2494 2804 2591 2859 sed
2640 2818 2739 2874 pro
2788 2803 3019 2858 arbitrio
3067 2817 3169 2858 suo
3210 2817 3355 2857 nunc
3406 2803 3753 2868 contrahere,

2190 2910 2337 2950 nunc
2370 2895 2440 2950 de
2485 2908 2586 2950 suo
2630 2895 2904 2962 inserere,
2948 2894 3055 2949 alia
3106 2893 3388 2960 omittere,
3436 2893 3541 2949 alia
3584 2894 3757 2951 variis

2191 2986 2371 3041 modis
2405 2991 2640 3039 mutare.
2664 3003 2685 3037 ι

2267 3095 2288 3130 ‹
2331 3074 2390 3131 Si
2417 3075 2486 3131 ad
2516 3075 2631 3132 haec
2668 3073 2857 3131 sedulo
2901 3073 3171 3138 attendas,
3213 3089 3495 3146 agnosces,
3530 3075 3617 3145 pie
3657 3073 3757 3131 Le-

523 3174 758 3235 posteros
807 3176 1074 3233 manaret,
1112 3176 1204 3221 aut
1244 3168 1431 3221 saltem
1475 3168 1605 3222 nihil
1653 3169 1719 3223 ab
1773 3171 1927 3225 initio
1982 3171 2087 3226 Ec-
2124 3164 2157 3169 ⁷
2187 3176 2341 3235 ctor,
2387 3181 2635 3231 mecum,
2682 3181 2745 3221 ex
2790 3164 3163 3221 Alexandrino
3208 3180 3317 3220 non
3371 3165 3752 3237 interpolatam

524 3258 697 3311 clesia:
738 3273 899 3329 usque
943 3259 1000 3312 in
1043 3257 1180 3313 [tunc
1221 3257 1358 3313 diem
1398 3270 1706 3329 superesset,
1751 3261 1814 3316 de
1842 3279 1945 3333 quo
1984 3280 2087 3318 non

522 3348 890 3414 dubitaretur;
937 3359 1029 3403 aut
1082 3349 1219 3420 quod
1265 3367 1358 3421 per
1407 3348 1575 3407 tineas
1627 3353 1952 3426 blattasque,
1994 3365 2087 3411 aut

524 3439 691 3495 alium
730 3443 959 3511 quemvis
996 3441 1094 3497 Dei
1118 3446 1408 3499 exercitum
1444 3446 1745 3501 mutilatum
1775 3464 1878 3502 non
1915 3460 2085 3504 esset:

522 3540 581 3585 ut
608 3530 710 3586 soli
728 3530 1020 3602 Scriptura:
1053 3541 1198 3588 tanto
1225 3533 1510 3591 evidentius
1548 3552 1647 3591 sua
1684 3548 1948 3594 constaret
1988 3556 2088 3594 auo

523 3621 764 3687 ctoritas,
798 3622 978 3693 illique
999 3623 1102 3677 soli
1128 3632 1263 3678 esset
1290 3625 1506 3694 propria
1534 3625 2008 3695 incorruptibilitas
2035 3638 2086 3685 et

523 3714 816 3768 wternitas.
850 3712 1050 3768 Verum
1078 3715 1192 3779 alii,
1217 3715 1458 3771 melioris
1480 3716 1535 3770 in
1564 3717 1649 3773 his
1676 3718 1840 3774 rebus
1868 3720 2081 3790 judicii,

524 3804 728 3860 talibus
752 3806 955 3861 directe
991 3806 1451 3871 contradicentes,
1493 3808 1761 3865 mirantur
1792 3812 1996 3881 potius,
2021 3827 2087 3866 ac

526 3894 721 3949 merito
766 3894 1129 3961 depraedicant
1178 3893 1380 3965 (judice
1428 3894 1547 3949 viro
1596 3895 1902 3953 clarissimo
1947 3897 2085 3953 Gra-

526 3984 618 4040 bio
660 3986 793 4057 (53),
828 3987 1156 4058 singularem
1185 3985 1424 4041 divinam
1458 3985 1879 4054 Providentiam,
1916 4008 1936 4042 ι
1966 4006 2086 4060 quae

525 4079 759 4143 curavit,
783 4085 843 4133 ut
870 4093 901 4132 a
930 4087 1244 4134 sanctorum
1278 4078 1645 4148 apostolorum
1677 4079 1981 4153 discipulis,
2005 4083 2088 4137 vi-

523 4168 713 4237 risque
737 4168 1070 4239 apostolicis,
1092 4175 1146 4223 et
1173 4168 1540 4237 apostolorum
1568 4170 1769 4224 saeculo
1796 4172 2081 4241 proximis,

508 4259 685 4330 'plura
720 4260 1115 4324 scriberentur,
1140 4274 1438 4329 eorumque
1467 4259 1647 4331 aliqua
1686 4269 1875 4317 sancte
1903 4277 2085 4318 asser-

524 4358 649 4406 vata
674 4351 743 4405 ab
775 4351 928 4406 initio
954 4350 1212 4406 Ecclesia:
1243 4351 1298 4404 in
1340 4350 1488 4405 hunc
1515 4366 1688 4422 usque
1711 4352 1855 4408 diem
1892 4370 2086 4424 super-

2185 3255 2377 3321 fuisse,
2404 3256 2567 3314 toties
2604 3255 2673 3312 ab
2707 3256 2949 3312 Ecclesia
2987 3256 3241 3326 primaeva
3271 3255 3597 3311 celebratam
3632 3258 3749 3311 lauo

2185 3348 2367 3412 dibus,
2400 3347 2508 3403 imo
2536 3355 2743 3403 etcum
2776 3348 2951 3403 sacris
2983 3345 3280 3416 Scripturis
3311 3346 3526 3416 publice
3554 3347 3748 3402 lectam

2186 3438 2344 3496 Rom.
2383 3438 2682 3496 Clementis
2729 3439 3082 3511 epistolam.»
3138 3436 3263 3493 Haec
3309 3436 3604 3493 Wottonus
3658 3438 3749 3492 cui

2183 3541 2363 3588 tamen
2380 3533 2663 3603 praeiverat
2677 3531 2917 3587 Joannes
2949 3529 3202 3585 Potterus
3220 3529 3304 3585 vir
3323 3530 3393 3585 cl.
3420 3530 3475 3585 in
3504 3531 3751 3586 animad-

2182 3624 2525 3681 versionibus
2541 3624 2608 3679 ad
2620 3621 3243 3679 ClementemAlexandr.
3262 3622 3374 3693 (56)
3396 3622 3484 3676 ubi
3508 3637 3749 3677 summa-

2184 3716 2282 3772 tim
2294 3716 2635 3787 quidem,sed
2650 3715 2849 3769 acriter
2862 3713 3122 3769 Bernardi
3139 3714 3566 3783 conjectationes
3576 3713 3744 3768 elisit.

2253 3808 2492 3878 Longius
2529 3807 2707 3862 adhuc
2749 3821 3074 3877 progressus
3117 3812 3203 3862 est
3244 3804 3482 3861 Joannes
3526 3804 3749 3861 Mosbe-

2183 3901 2326 3957 mlus
2354 3900 2465 3972 (57)
2493 3900 2585 3969 qui
2617 3898 2911 3955 Clementis
2951 3897 3237 3968 epistolam
3277 3898 3508 3969 primam
3548 3905 3745 3967 quarta

2183 3991 2269 4049 sui
2312 3998 2460 4061 parte
2492 3988 2858 4045 mulctandam
2891 3998 3099 4054 censet,
3136 4005 3167 4043 a
3195 3989 3383 4059 capite
3418 3989 3677 4045 nimirum
3712 3989 3749 4044 9

2182 4082 2252 4138 ad
2278 4082 2374 4150 55;
2405 4080 2503 4139 sed
2541 4097 2611 4137 ne
2640 4081 2825 4151 priora
2867 4080 3087 4151 quidem
3125 4080 3311 4136 decem
3354 4081 3535 4150 capita
3561 4095 3628 4136 eo
3649 4081 3745 4151 ju-

2181 4173 2303 4229 dice
2328 4173 2396 4229 ab
2438 4172 2858 4242 interpolatione
2903 4180 3032 4226 sunt
3071 4185 3300 4240 prorsus
3346 4170 3631 4227 immunis.
3676 4170 3747 4225 At

2181 4263 2367 4318 inania
2396 4277 2539 4326 esse,
2564 4277 2627 4316 ac
2658 4261 2839 4316 {utilia
2874 4260 3154 4316 Moshemii
3182 4267 3499 4331 argumenta
3527 4260 3582 4314 in
3611 4275 3746 4315 ocu-

2184 4355 2252 4409 lis
2283 4354 2464 4425 posuit
2488 4352 2728 4408 Joannes
2776 4352 3082 4406 Ludovicus
3114 4350 3251 4424 Frcy
3287 4351 3421 4423 (58).
3466 4350 3745 4422 Siquidem

523 4448 738 4506 essent,
786 4457 887 4498 nec
931 4458 961 4495 a
1008 4443 1195 4498 blattis
1250 4442 1547 4515 lineisque,
1591 4444 1765 4499 aliove
1810 4443 2081 4514 ejusmodi
2112 4450 2156 4504 D
2186 4446 2386 4501 invicte
2412 4446 2496 4500 vir
2522 4444 2771 4501 eruditus
2803 4444 3028 4510 evincit,
3052 4458 3176 4498 cum
3205 4458 3273 4499 ex
3303 4443 3632 4513 antiquitate
3657 4458 3751 4496 co-

522 4531 787 4597 cxercitu,
821 4531 915 4587 sed
952 4531 1191 4588 strenuis
1216 4531 1270 4586 in
1294 4533 1540 4588 ordinata
1571 4532 1665 4589 Dei
1691 4534 1807 4588 acie
1832 4535 2083 4603 prostatis

522 4623 611 4678 vel
646 4623 936 4692 parastatis
982 4623 1295 4687 ederentur,
1348 4624 1523 4695 deque
1572 4624 1639 4679 iis
1684 4625 1869 4682 nullus
1925 4625 2086 4681 dubi-

522 4713 677 4770 taudi
719 4715 871 4768 locus
912 4715 1135 4771 relictus
1163 4724 1339 4783 esset;
1386 4725 1445 4771 ut
1482 4716 1743 4772 nimirum
1792 4716 2087 4786 Scriptura:

524 4814 679 4860 tanto
717 4805 1022 4861 evidentius
1071 4821 1170 4862 sua
1205 4814 1483 4865 constaret
1522 4807 1842 4871 auctoritas,
1883 4822 1948 4861 ac
1991 4821 2086 4861 ca-

523 4898 724 4953 nonica
754 4896 1068 4968 Evangelia,
1099 4897 1314 4968 aliaque
1358 4898 1563 4968 scripta
1600 4905 1915 4954 sanctorum
1958 4915 2088 4972 apo-

524 4993 789 5050 stolorum
810 5000 865 5048 et
887 4991 1278 5060 discipulorum
1312 5006 1343 5045 a
1376 4989 1554 5054 falsis,
1577 5005 1699 5061 quae
1735 4991 1953 5051 illorum
1986 4980 2087 5049 no-

525 5084 769 5140 minibus
797 5082 1080 5154 supposita
1121 5088 1278 5149 sunt,
1320 5081 1783 5148 discernerentur,
1824 5083 1901 5155 (id
1938 5084 2086 5154 quod

526 5176 733 5247 absque
755 5174 1147 5231 catholicorum
1178 5172 1403 5228 Patrum
1427 5173 1741 5240 traditione,
1771 5174 2084 5245 apostolicae

598 5349 711 5420 (52)
748 5348 898 5420 Part.
916 5362 942 5420 At
997 5346 1252 5420 διέσεως.
1298 5348 1587 5418 disputat,
1618 5364 1741 5420 pag.
1766 5350 1887 5406 105.

562 5416 713 5544 6ἓῦζῧ)
761 5418 1004 5489 Spieileg.
1057 5416 1160 5473 SS.
1195 5416 1458 5484 Patrum,
1511 5416 1640 5476 tom'.
1682 5416 1734 5484 Ῐ,
1778 5436 1902 5494 pag.
1951 5421 2081 5488 260,

522 5488 713 5630 26:54)
739 5559 798 5614 lu
821 5558 967 5614 notis
989 5558 1120 5630 edit.
1149 5558 1254 5613 PP.
1287 5558 1570 5630 apostolie.
1589 5558 1942 5618 Coteleriame
1955 5561 2084 5615 Am-

531 5627 838 5692 staclodam.,
870 5629 999 5683 anni
1022 5629 1179 5685 1724.

604 5699 714 5764 (55)
753 5696 809 5753 In
846 5700 990 5757 notis
1028 5698 1096 5754 ad
1126 5700 1296 5756 Clem.
1324 5698 1495 5770 Epist.
1526 5700 1575 5771 l,
1608 5717 1726 5772 cap.
1754 5701 1809 5769 9,
1839 5717 1959 5773 pag.
1986 5702 2075 5758 ιο.

2184 4536 2322 4592 dicis
2360 4534 2749 4599 Alexandrini,
2786 4542 2899 4589 tum
2928 4549 2998 4589 ex
3039 4540 3283 4589 veterum
3328 4531 3549 4589 Patrum
3593 4533 3748 4589 testi-

2184 4626 2414 4691 moniis,
2458 4640 2560 4681 nos
2617 4624 2864 4681 eamdem
2915 4621 3137 4679 oumi’no
3187 4626 3473 4695 epistolam
3522 4624 3745 4691 habere,

2182 4734 2346 4789 quam
2374 4718 2563 4772 habuit
2594 4724 2808 4773 vetusta
2853 4715 3121 4780 Ecclesia,
3163 4731 3324 4786 quam
3355 4714 3645 4771 audierunt
3690 4716 3746 4769 in

2184 4811 2359 4867 sacris
2379 4810 2610 4867 ctetibus
2637 4808 2878 4879 primaevi
2908 4807 3230 4871 Christiani,
3258 4810 3387 4862 dum
3419 4806 3597 4860 adhuc
3623 4806 3745 4875 ejus

2183 4899 2434 4954 lectionis
2480 4915 2614 4955 usus
2658 4899 2892 4969 vigeret;
2944 4913 3107 4967 quam
3155 4898 3398 4968 legerunt
3450 4896 3742 4967 Dionysius

2183 4990 2522 5054 Corinthius,
2552 4990 2802 5046 Clemens
2835 4988 3257 5051 Alexandrinus,
3295 4988 3530 5060 Cyrillus
3558 4987 3748 5043 Hiero-

2185 5081 2564 5153 solymitanus,
2598 5078 2992 5151 Hieronymus,
3026 5079 3349 5150 canorique;
3388 5093 3550 5148 quam
3587 5077 3747 5132 deni-

2182 5188 2291 5245 que
2327 5170 2681 5242 Polycarpum
2726 5167 3110 5242 Smyrnensem
3154 5170 3472 5241 episcopum
3512 5177 3567 5223 et
3596 5183 3747 5222 mar-

2257 5348 2370 5421 (56)
2403 5346 2605 5421 Potter.
2639 5345 2704 5400 ad
2748 5344 2920 5421 Clem.
2960 5343 3224 5400 Alexand.
3276 5341 3477 5398 Strom.
3510 5341 3549 5397 ι.
3577 5358 3653 5406 iv,
3685 5358 3739 5399 c.

2188 5416 2428 5499 184.2%
2455 5416 2850 5499 σφηειεξιειηὲκ
2889 5495 2898 5499 ,
3036 5487 3047 5499 .

2212 5516 2213 5519 η
2256 5482 2561 5560 (57)]ηεεὶι.
2579 5487 2701 5543 hist.
2721 5485 2919 5545 Christ.
2936 5487 3162 5558 majores
3177 5499 3298 5539 sieo.
3316 5499 3355 5546 ι,
3372 5498 3424 5552 p.
3438 5482 3546 5537 212
3568 5499 3744 5557 usque

2183 5561 2369 5696 2l(55.8)
2408 5626 2621 5684 "dum
2665 5625 2731 5681 ad
2774 5624 2937 5694 ερίει,
2981 5620 3082 5679 SS.
3116 5620 3221 5678 PP.
3277 5622 3740 5694 apostolic.,circa

2186 5700 2442 5757 medium.
