4070 6340
333 360 433 414 129

1564 362 1902 419 PROCEMIA
1943 363 2327 425 VARIORUM.

3470 376 3573 429 130

323 485 501 548 tyrem
531 490 699 531 manu
731 492 1011 546 versasse;
1051 480 1182 550 quin
1211 488 1265 538 et
1293 481 1556 535 nonnulla
1584 499 1650 539 ex
1692 500 1754 539 ea
1782 500 1900 541 ver-
1925 486 1972 545 Α
2001 482 2073 537 sti
2109 483 2293 548 verba,
2317 496 2438 554 quae
2473 484 2526 537 in
2559 482 2852 555 Evangelio
2879 502 2988 542 non
3010 488 3281 559 leguntur,
3308 486 3565 557 proferre,

323 567 560 624 botenus
600 579 855 640 excerpta
888 571 945 625 in
974 586 1131 627 suam
1162 572 1230 628 ad
1274 571 1654 644 Philippenses
1684 574 1902 647 Episto-

322 659 436 714 lam
488 660 862 725 transtulisse,
906 661 1139 716 suadent
1184 662 1306 717 loca
1352 680 1419 718 ex
1462 662 1804 720 Clementina
1847 673 1902 721 et

324 748 722 822 Polycarpiana
766 752 997 822 epistola
1040 753 1350 825 desumpta,
1395 755 1447 809 in
1495 757 1731 812 medium
1775 773 1903 828 pro-

325 840 455 905 lata,
506 850 672 912 atque
722 843 955 903 invicem
995 846 1193 900 collata
1242 846 1374 917 (59).
1423 846 1576 902 Hanc
1622 865 1785 903 unam
1830 850 1901 906 ob

319 948 575 996 causam,
621 932 907 999 Bernardi,
947 936 1146 992 Clerici
1191 952 1256 992 ac
1288 936 1592 1003 Moshemii,
1625 940 1902 1009 conjecta-

318 1025 503 1082 tiones
527 1027 597 1083 de
625 1027 789 1098 hujus
832 1028 1046 1085 laciniis
1088 1043 1155 1084 ex
1197 1028 1473 1087 Clemente
1514 1031 1882 1089 Alexandrino

319 1118 631 1189 desumptis
654 1122 877 1177 omnino
900 1129 1229 1178 evanescant
1258 1130 1492 1193 oportet.

388 1211 585 1283 Neque
615 1214 706 1267 alii
735 1212 983 1285 profecto
1010 1213 1227 1281 desunt,
1259 1215 1352 1286 qui
1389 1214 1632 1283 ejusdem
1658 1216 1901 1287 epistolae

320 1302 695 1358 sinceritatem
743 1304 799 1357 in
839 1302 1065 1358 dubium
1106 1311 1385 1369 revocant,
1445 1305 1590 1375 quod
1640 1306 1897 1361 nimirum

320 1393 590 1447 nonnulla
620 1391 864 1448 fabulosa
900 1408 1012 1463 pra:
1037 1408 1095 1448 se
1123 1396 1291 1461 lerat;
1342 1393 1488 1465 quod
1526 1395 1706 1467 aliqua
1731 1395 1786 1450 in
1835 1413 1898 1452 ea

319 1483 705 1539 desiderentur
745 1498 776 1537 a
814 1485 1047 1540 vetustis
1071 1482 1327 1541 Patribus
1350 1486 1612 1557 allegata,
1650 1494 1756 1543 etc.
1792 1486 1897 1544 Sed

319 1574 425 1629 hos
455 1575 791 1631 morosiores
820 1576 1046 1633 criticos
1078 1578 1277 1634 missos
1306 1577 1571 1634 facimus:
1605 1586 1719 1634 tum
1753 1580 1898 1650 quod

286 1730 291 1735 ,
320 1682 514 1721 eorum
561 1665 898 1737 objectiones
938 1666 1082 1721 fluxo
1107 1669 1242 1724 adeo
1272 1669 1379 1725 talo
1405 1671 1670 1735 nitantur,
1718 1678 1775 1725 ut
1805 1687 1898 1742 pe-

321 1757 445 1812 dem
483 1772 611 1812 cum
645 1758 878 1828 singulis
906 1758 1155 1814 conferre
1187 1759 1330 1814 haud
1361 1760 1632 1830 expediat,
1664 1768 1779 1815 tum
1813 1762 1897 1816 in-

322 1849 538 1919 primis,
572 1849 721 1921 quod
753 1864 782 1903 a
806 1849 1081 1922 plerisque
1111 1850 1243 1906 viris
1280 1851 1509 1907 eruditis
1538 1868 1626 1908 res
1678 1853 1895 1909 abunde

322 1942 456 1996 satis
497 1940 664 1996 fuerit
694 1949 1049 2013 pertractata.
1090 1941 1333 1998 Firmum
1378 1944 1563 2014 igitur,
1610 1955 1895 2017 ratumque

320 2033 402 2098 ﬁt,
426 2049 741 2105 germanam
780 2036 1003 2091 omnino
1034 2036 1269 2105 priorem
1297 2052 1419 2092 esse
1448 2034 1743 2094 Clementis
1784 2040 1896 2109 epi-

324 2127 560 2181 stolam:
597 2126 860 2197 quidquid
888 2126 1033 2181 enim
1064 2127 1119 2181 in
1149 2143 1213 2182 ea
1260 2128 1591 2194 continetur,
1649 2136 1894 2201 tempora

327 2219 493 2289 plane
520 2219 810 2290 apostolica
836 2217 1036 2285 refert;
1080 2234 1257 2289 neque
1283 2219 1453 2274 ullum
1478 2234 1545 2275 ex
1573 2220 1718 2275 omni
1748 2228 1895 2277 retro

323 2309 643 2379 antiquitate
692 2309 965 2381 quispiam
1019 2317 1212 2366 testem
1265 2310 1614 2382 produxerit,
1650 2313 1741 2383 qui
1798 2313 1894 2370 ho-

320 2400 500 2456 mines
533 2401 787 2458 cordatos
812 2400 880 2457 de
905 2400 1048 2458 illius
1076 2402 1391 2457 sinceritate
1410 2403 1604 2458 merito
1630 2405 1894 2476 ancipites

318 2493 548 2549 reddere
573 2492 772 2549 valeat.

858 2582 1257 2642 ARTICULUS
1295 2584 1340 2641 ΙΙ
1351 2629 1365 2646 .

560 2689 627 2728 νε
650 2689 883 2731 εεςυκω
916 2689 983 2729 ΑΒ
1015 2688 1336 2731 CORINTHIOS
1371 2689 1651 2732 EPISTOLA.

390 2764 761 2821 Dubitationes
803 2776 1030 2822 veterum
1069 2766 1133 2821 de
1172 2767 1343 2822 altera
1393 2770 1566 2823 sancti
1609 2767 1891 2827 Clementis

315 2858 565 2927 epistola.
604 2890 677 2899 —
702 2856 911 2914 Praeter
939 2859 1113 2916 sancti
1142 2857 1436 2917 Clementis
1481 2861 1549 2916 ad
1581 2860 1893 2922 Corinthios

317 2949 629 3019 epistolam,
678 2949 745 3004 de
778 2965 884 3020 qua
918 2950 1183 3007 hactenus
1223 2949 1456 3021 egimus,
1500 2952 1670 3008 altera
1714 2954 1891 3010 eidem

314 3042 387 3096 ab
437 3040 663 3098 Eusebii
692 3040 805 3113 (60)
829 3049 987 3098 aetate
1015 3041 1296 3109 tribuitur,
1345 3058 1465 3113 quae
1494 3052 1693 3109 tamen,
1726 3053 1784 3101 ut
1808 3055 1893 3103 est

318 3134 390 3188 ab
412 3149 480 3189 eo
502 3133 850 3196 adnotatum,
871 3133 1004 3189 adeo
1025 3134 1255 3190 celebris
1277 3144 1335 3189 ut
1352 3135 1499 3205 prior
1514 3152 1621 3190 non
1647 3146 1891 3201 erat,ne-
1919 3166 1964 3227 ο

316 3241 429 3295 que
448 3240 479 3278 a
492 3226 769 3280 veteribus
790 3226 1141 3283 recitabatur.
1159 3225 1272 3281 Imo
1288 3233 1510 3283 sanctus
1528 3227 1892 3302 Hieronymus

317 3324 535 3371 veteres
565 3331 684 3370 eam
705 3314 959 3386 rejecisse
988 3315 1154 3372 refert
1182 3316 1327 3389 (6|);
1369 3315 1597 3374 Photius
1624 3318 1735 3391 (62)
1762 3336 1891 3376 vero

315 3417 479 3464 atate
508 3423 608 3463 suo
636 3422 736 3479 pro
777 3407 1127 3479 supposititia
1159 3409 1400 3465 habitam
1441 3409 1612 3466 fuisse
1637 3419 1887 3469 testatur.

390 3501 657 3567 Queritur
697 3500 786 3555 hic
831 3511 1091 3571 praeterea
1135 3500 1245 3572 (63)
1291 3502 1524 3559 humiles
1572 3506 1888 3571 sententias,

316 3610 502 3665 neque
530 3596 663 3649 satis
679 3601 802 3665 apte
832 3594 1065 3649 invicem
1092 3610 1259 3651 nexas
1289 3594 1344 3649 in
1369 3610 1434 3651 ea
1465 3603 1702 3661 exstare,
1732 3606 1892 3667 atque

316 3687 615 3743 alieniores
643 3687 1118 3757 interpretationes
1152 3685 1467 3759 Scripturas,
1498 3696 1551 3744 et
1575 3687 1703 3745 Jesu
1732 3689 1891 3745 Chri-

390 3844 509 3916 (59)
550 3842 753 3899 Confer
792 3850 956 3916 caput
1000 3842 1038 3916 lg
1078 3841 1320 3916 epistolae
1369 3840 1756 3916 S._Cle_m.__ad_
1785 3844 1893 3899 Co-

317 3910 660 3988 rin'thécum
705 3910 922 3988 capit
957 3910 1121 3988 epist_.
1170 3910 1479 3988 Polycarpi‘
1504 3912 1572 3966 ad
1622 3912 1890 3988 Philipp;

313 3995 442 4048 cap.
477 3981 660 4057 {reum
838 3980 902 4043 9;
932 3980 1052 4050 cap.
1085 3980 1515 4057 7Acum‘capji7;
1546 4001 1667 4057 cap.
1711 3987 1744 4042 9
1768 3980 1904 4043 cum

313 4050 518 4127 ωε).ῃὲ
538 4066 699 4127 ί-οξιρ.
721 4051 801 4127 Δ15
824 4067 947 4105 cum
978 4067 1099 4121 cap.
1123 4052 1196 4116 2;
1229 4050 1441 4127 capfﬁl
1474 4050 1753 4127 cum'cap.
1778 4059 1831 4112 4.

430 4091 443 4104 .
481 4065 553 4113 z;
578 4066 699 4120 cap.
738 4065 801 4104 to
824 4067 947 4105 cum
978 4067 1099 4121 cap.
1123 4065 1196 4116 2;
1229 4068 1350 4123 cap.
1378 4065 1441 4109 21
1474 4070 1599 4110 cum
1631 4073 1753 4127 cap.
1778 4065 1831 4112 4.

384 4065 503 4197 ἵδο)
536 4118 1044 4197 Sciendumautem
1088 4133 1161 4176 est
1190 4125 1430 4197 alterum
1483 4143 1685 4197 quoque
1735 4130 1907 4184 sancti

321 4191 610 4247 Clementis
658 4190 934 4260 epistolam
979 4192 1342 4259 circumferri;
1385 4190 1560 4245 verum
1598 4190 1740 4246 'hane
1789 4211 1892 4249 non

317 4263 542 4332 perinde
582 4264 843 4332 cognitam
873 4261 1054 4329 fuisse,
1085 4278 1147 4314 ac
1172 4262 1417 4330 primam,
1446 4278 1542 4330 pro
1565 4273 1706 4317 certo
1734 4263 1891 4318 liabe-

318 4348 477 4396 mus;
501 4331 1740 4415 quondqquidemnvetustioresjltahnequaquam
1770 4351 1891 4415 usos

316 4420 436 4457 esse
485 4399 853 4527 {imperiatum
905 4400 1195 4467 Eusebius,
1246 4400 1321 4457 Η.
1369 4399 1435 4458 Ε.
1487 4399 1524 4458 l.
1577 4399 1661 4468 tu,
1718 4419 1768 4459 c.
1801 4404 1888 4469 '58,

318 4489 448 4527 nas.
599 4515 611 4527 .

318 4489 448 4545 pag.
485 4489 611 4545 ut.

394 4522 745 4614 {lilii—crint
764 4541 1065 4614 etsecunda
1083 4542 1197 4610 ejus
1225 4541 1432 4614 nomine
1478 4543 1722 4611 epistola,
1772 4561 1890 4613 qua:
1921 4522 1965 4575 θ

320 4631 355 4667 a
380 4612 637 4686 ueteribus
659 4612 986 4686 reprobatur.
1018 4612 1262 4686 Hieron"
1294 4613 1348 4686 in
1380 4612 1655 4686 Catalog.,
1685 4629 1737 4686 c._
1765 4612 1851 4669 15.

398 4685 518 4755 (62)
554 4684 684 4755 Quae
712 4681 939 4755 secunda
961 4684 1029 4736 ad
1063 4684 1269 4738 eosdem
1294 4681 1507 4746 dicitur,
1534 4681 1599 4735 ui
1625 4682 1784 4737 not/ta
1810 4700 1893 4737 re-

313 4752 527 4823 ficitur.
558 4753 717 4807 Phot.
743 4752 866 4807 cod.
888 4768 1037 4809 cmi.

396 4826 514 4896 (63)
550 4824 792 4880 Secunda
826 4839 969 4896 vero“
991 4822 1215 4896 epistola
1250 4834 1302 4878 et
1333 4824 1452 4896 ipsa
1507 4823 1891 4896 institutionem

323 4893 826 4949 “admonitionem
852 4893 1083 4947 melioris
1113 4894 1230 4946 vita:
1252 4893 1472 4957 inducit,
1495 4902 1647 4962 atque
1668 4893 1722 4945 in
1747 4894 1891 4962 prin-

321 4968 461 5036 cipio
490 4966 757 5019 Christum
786 4963 953 5017 Deum
997 4962 1271 5033 praedicat.
1327 4963 1514 5017 Verum
1554 4960 1697 5016 dicta
1748 4960 1890 5016 'ute-

322 5037 450 5089 dam
475 5037 771 5105 peregrina,
811 5034 949 5105 velut
982 5050 1009 5087 e
1044 5044 1230 5087 sancta
1260 5032 1536 5101 Scriptura
1567 4981 1888 5105 subindqucit,

322 5106 516 5177 quibus
537 5103 787 5174 ne'prima
810 5104 1015 5173 quidem
1043 5105 1274 5177 epistola
1296 5113 1467 5177 vacat,
1500 5112 1551 5156 et
1579 5103 1894 5177 interpreta-

324 5174 497 5230 tiones
527 5178 758 5230 locorum
797 5174 1142 5243 quorumdam
1182 5175 1458 5228 alieniores
1489 5174 1724 5243 profert:
1757 5175 1891 5227 alio-

322 5248 453 5317 quin
510 5247 645 5316 ipsa,
690 5261 807 5316 quis
839 5247 893 5298 in
932 5245 1011 5298 Itis
1038 5246 1272 5314 epistolis
1306 5246 1517 5317 insunt,
1569 5261 1722 5299 sensa
1759 5261 1892 5296 non-

322 5317 459 5370 nihil
490 5318 691 5384 objecta
718 5327 871 5379 sunt,
905 5332 995 5369 nec
1037 5316 1381 5370 continentem
1415 5316 1621 5379 seriem,
1665 5330 1728 5366 ac
1763 5330 1877 5366 con-

323 5383 646 5457 sequentiam
676 5398 904 5441 servant.
936 5386 1068 5457 Cod.
1104 5386 1227 5451 126,
1255 5383 1502 5457 Photius.

398 5452 514 5524 (64)
542 5460 792 5513 Clemens
838 5457 997 5526 epist.
1046 5456 1081 5509 2
1119 5458 1186 5510 ad
1240 5455 1602 5526 Corinth.,gn.
1630 5454 1689 5520 4,
1720 5452 1773 5520 5,
1800 5452 1887 5508 i2.

422 5528 514 5596 65)
546 5528 611 5584 Τ.
644 5526 662 5580 1
692 5528 805 5583 ΡΡ.
848 5523 1281 5595 α’ροειοιίεοηιηι,
1318 5523 1597 5596 pag.7182.

422 5541 514 5667 ea;
547 5541 662 5611 ἰ.)
692 5541 805 5583 PP.
848 5541 1281 5609 apastoucorum,
1318 5541 1486 5650 pagg}

420 5599 491 5650 66
537 5597 761 5667 Epistal.
794 5597 946 5651 Rom.
998 5599 1208 5667 pontif.,
1242 5612 1373 5667 pag.
1473 5637 1486 5651 .

2000 591 2234 647 quorum
2263 576 2444 646 aliqua
2473 591 2539 629 ex
2570 577 2880 647 apocrypha
2917 575 3296 650 Egyptiorum
3330 576 3575 648 Evange-

2001 666 2075 723 lio
2097 668 2265 738 petita
2293 674 2421 724 sunt
2450 666 2583 739 (6i).

2072 756 2169 814 His
2208 773 2340 814 vero
2371 757 2700 828 posthabitis
2753 759 3091 813 contendunt
3129 756 3576 833 Cotelerius(65),

1999 851 2325 909 Coutantius
2357 850 2491 920 (66),
2519 848 2839 905 Callandius
2879 850 3019 921 (67),
3047 858 3099 906 et
3138 849 3327 905 Bullus
3355 848 3491 920 (68),
3518 856 3575 903 et

2001 946 2115 1010 alii,
2156 943 2443 1015 epistolam
2476 944 2617 997 hanc
2643 958 2831 996 revera
2880 943 3054 998 sancti
3097 942 3392 998 Clementis
3425 956 3568 996 esse.

1998 1037 2285 1095 Cernimus
2306 1035 2450 1092 enim
2479 1051 2596 1090 eam
2625 1034 2735 1106 (69)
2762 1043 3036 1104 postremo
3075 1034 3445 1104 apostolorum
3478 1047 3571 1086 ca-

1998 1142 2143 1183 none
2194 1140 2303 1181 non
2348 1126 2510 1181 modo
2552 1132 2743 1179 sancto
2786 1123 3050 1179 Clementi
3112 1123 3375 1177 tributam
3426 1138 3568 1186 esse,

1997 1233 2185 1273 verum
2227 1217 2391 1272 etiam
2426 1215 2625 1287 prioris
2653 1216 2824 1271 instar
2859 1216 3001 1270 inter
3031 1213 3346 1284 Scripturas
3382 1229 3571 1269 sacras

1999 1309 2294 1368 recenseri.
2350 1307 2586 1364 Sanctus
2629 1306 2963 1379 Epiphanius
3010 1307 3121 1378 (70)
3184 1322 3302 1363 eam
3355 1322 3571 1377 quoque

1999 1400 2057 1457 S.
2091 1399 2388 1456 Clementis
2417 1400 2636 1455 nomine
2671 1402 2886 1461 recitat,
2914 1399 3001 1453 cui
3024 1406 3076 1453 et
3105 1414 3133 1452 a
3158 1407 3348 1454 sancto
3382 1397 3572 1452 lliero-

1999 1507 2162 1563 nymo
2213 1490 2324 1562 (71)
2378 1496 2541 1561 atque
2589 1490 2753 1546 etiam
2814 1507 2844 1546 a
2885 1488 3081 1545 Photio
3139 1488 3249 1559 (72)
3286 1488 3567 1543 tribuitur.

1998 1584 2208 1661 Quibus
2248 1584 2328 1646 fit,
2384 1590 2463 1644 ut,
2503 1598 2626 1637 cum
2685 1598 2804 1637 eam
2858 1592 3113 1652 tanquam
3163 1580 3568 1651 supposititiam

1998 1678 2241 1733 habitam
2273 1676 2551 1737 dixerunt.
2583 1692 2690 1731 non
2715 1691 2779 1731 ex
2811 1690 2930 1736 sua,
2966 1673 3059 1730 sed
3092 1675 3320 1729 aliorum
3347 1683 3569 1729 senten-

2000 1773 2074 1828 tia
2101 1771 2266 1826 locuti
2304 1770 2525 1826 fuerint.
2555 1768 2823 1825 Eusebius
2856 1782 2986 1822 vero
3014 1766 3158 1822 inter
3179 1783 3294 1829 eos,
3326 1768 3421 1836 qui
3446 1768 3565 1837 epi-

2000 1864 2195 1918 stolam
2229 1862 2371 1916 hanc
2394 1867 2454 1915 ut
2476 1859 2879 1930 supposititiam
2912 1858 3207 1920 duxerunt,
3232 1857 3454 1912 minime
3483 1866 3569 1912 est

1998 1954 2392 2018 munerandus,
2431 1969 2555 2007 cum
2588 1951 2721 2005 nihil
2757 1950 2823 2004 de
2854 1966 2914 2004 ea
2948 1950 3284 2019 pronuntiet,
3317 1948 3421 2003 nisi
3455 1948 3567 2019 (73)

1996 2061 2116 2102 eam
2137 2046 2255 2101 "non
2296 2045 2431 2100 adeo
2465 2052 2525 2099 ut
2550 2043 2786 2115 priorem
2820 2042 3109 2103 celebrem,
3135 2052 3295 2111 atque
3318 2056 3347 2094 a
3370 2041 3570 2097 veteri~

1994 2135 2099 2191 bus
2129 2145 2478 2191 memoratam
2509 2134 2699 2189 fuisse.
2730 2130 2785 2186 ld
2818 2140 2997 2186 autem
3031 2133 3227 2185 mirum
3259 2132 3431 2187 videri
3458 2147 3569 2188 non

1994 2229 2177 2293 debet,
2230 2243 2354 2283 cum
2396 2235 2602 2291 non,ut
2650 2223 3102 2295 prior,Romanaa
3143 2223 3419 2289 Ecclesiae,
3470 2224 3566 2280 sed

1996 2318 2274 2389 pontiﬁcis
2294 2326 2506 2371 tantum
2540 2316 2757 2370 nomine
2790 2314 3017 2386 scripta,
3059 2329 3235 2384 neque
3272 2314 3486 2383 publice
3510 2314 3563 2368 in

1994 2408 2240 2465 Ecclesia
2293 2408 2432 2463 lecta
2485 2404 2681 2460 fuerit:
2722 2404 2863 2458 unde
2912 2402 3140 2465 factum,
3189 2408 3249 2455 ut
3298 2401 3567 2470 conjectat

1994 2500 2185 2555 Bullus
2214 2499 2325 2572 (74)
2362 2506 2423 2553 ut
2449 2496 2593 2568 quod
2624 2495 2907 2566 paulatim,
2942 2495 3100 2562 quasi
3143 2490 3442 2548 Clementis
3474 2508 3565 2549 re—

1992 2606 2121 2647 vera
2152 2606 2261 2645 non
2288 2596 2455 2654 esset,
2485 2584 2757 2657 neglectui
2789 2585 2970 2639 habita
2996 2583 3190 2650 fuerit;
3217 2599 3377 2655 quam
3402 2585 3565 2639 etiam

1992 2682 2064 2739 ob
2109 2696 2333 2738 causam
2369 2680 2487 2735 alia:
2509 2676 2805 2734 Clementis
2852 2677 3097 2748 epistola:
3144 2676 3290 2746 (nam
3334 2684 3388 2731 ct
3428 2676 3565 2732 alias

1994 2771 2282 2843 scripsisse
2314 2769 2490 2825 virum
2518 2774 2768 2824 sanctum
2799 2766 2933 2820 mihi
2965 2766 3247 2821 indubium
3276 2765 3380 2835 est)
3408 2780 3566 2835 pror-

1994 2879 2090 2919 sus
2129 2861 2546 2917 interciderunt.
2590 2856 2857 2915 Czeterum
2888 2858 2944 2912 in
2987 2857 3199 2927 exiguis
3240 2856 3350 2912 illis
3401 2857 3564 2926 hujus

1992 2954 2233 3026 epistola:
2260 2950 2506 3022 reliquiis
2544 2950 2714 3004 multa
2752 2964 2873 3004 cum
2911 2948 3092 3018 priore
3127 2948 3427 3002 similitudo
3449 2950 3566 3002 elu-

1993 3055 2078 3101 cet
2104 3063 2117 3100 :
2149 3044 2290 3099 idem
2340 3058 2556 3114 quoque
2591 3041 2880 3097 vetustatis
2911 3041 3083 3103 color,
3117 3040 3316 3095 eaedem
3347 3040 3563 3095 dicendi

1998 3137 2185 3193 forma:
2205 3143 2260 3191 et
2284 3135 2468 3206 plures
2485 3135 2587 3190 loci
2612 3134 2723 3206 (75)
2741 3150 2806 3190 ex
2825 3132 3152 3205 apocryphis
3183 3132 3338 3189 libris
3364 3133 3563 3203 prolati

1995 3230 2050 3284 in
2081 3236 2311 3298 utraque
2340 3233 2678 3298 spectantur.

2063 3319 2351 3377 Corinthiis
2373 3320 2628 3388 inscripta
2654 3315 3152 3388 fuit—Eusebius,
3173 3313 3240 3368 ad
3269 3329 3407 3385 quos
3435 3313 3562 3368 data

1991 3411 2063 3469 sit
2074 3411 2187 3466 haec
2198 3410 2447 3482 epistola,
2466 3425 2574 3464 non
2596 3415 3008 3472 commemorat;
3028 3405 3254 3460 Photius
3268 3420 3393 3460 vero
3409 3421 3563 3475 aper-

1994 3514 2047 3561 te
2083 3505 2159 3558 ait
2189 3503 2326 3576 (76),
2363 3518 2482 3557 eam
2500 3502 2567 3557 ad
2591 3500 2902 3557 Corinthios
2918 3499 3097 3554 datam
3121 3498 3309 3560 fuisse,
3330 3498 3562 3567 quodex

1995 3597 2256 3652 Dorothei
2295 3593 2748 3649 Archimandrita:
2780 3591 3001 3646 Niconis
3024 3588 3277 3644 monachi
3304 3597 3467 3658 atque
3492 3604 3559 3643 ex

1992 3688 2380 3744 Parallelorum
2425 3687 2665 3742 auctoris
2698 3683 3008 3740 testimonio
3035 3683 3146 3755 (77)
3200 3682 3343 3737 inter
3386 3683 3560 3738 sancti

2063 3841 2178 3925 (69)
2210 3840 2349 3925 Sint-
2370 3849 2552 3925 autem.
2592 3837 2735 3925 quis
2760 3838 2886 3920 libri
2908 3837 3241 3925 ovenerabi'le's
3266 3846 3339 3919 .et
3389 3841 3561 3894 sant-ti

2002 3908 2199 3993 Veteris
2232 3911 2552 3993 Testamenti
2587 3909 2795 3993 yoysis
2828 3910 3118 3993 quinque...
3153 3908 3276 3993 libri
3305 3925 3421 3962 vero
3461 3926 3561 3964 na-

1991 3985 2114 4049 stri,
2162 3984 2255 4036 hoc
2283 3992 2358 4036 est
2404 3979 2539 4034 Novi
2587 3978 2902 4033 Testameuti
2936 3978 3220 4049 Evangelia
3266 3990 3559 4048 quatuor...

1992 4053 2273 4110 Clementis
2296 4052 2532 4120 epistolre
2561 4050 2697 4104 diua.
2731 4049 2869 4104 Can.
2903 4057 3075 4119 apost.
3112 4050 3201 4104 85.
3422 4068 3441 4089 ί

2065 4125 2178 4206 (76)
2205 4124 2343 4206 Dicit
2361 4122 2596 4206 Clemens
2626 4121 2678 4173 in
2699 4136 2805 4206 uua
2827 4120 3425 4206 ep'istulalr'umsuarum,
3448 4131 3559 4206 etc.

1991 4189 2265 4266 Epiphan.
2291 4194 2485 4266 haeres.
2515 4191 2711 4266 77,.‘n.
2764 4190 2819 4266 6.
2867 4189 3003 4266 Ιρβε-
3032 4190 3285 4266 Clemens
3322 4191 3562 4266 omnibus

1991 4257 2112 4344 illos
2144 4262 2474 4344 (Ebionitas)
2500 4260 2667 4344 modis
2696 4257 2961 4342 redarguit
2984 4261 3048 4344 in‘
3060 4257 3314 4344 Epistplis
3333 4263 3561 4344 circula-

1991 4330 2161 4405 ribus,
2189 4351 2319 4405 quas
2365 4330 2851 4405 scripsit,rq_quue
2902 4332 2955 4383 in
2998 4330 3248 4386 Ecclesiis
3296 4332 3557 4402 leguntur.

1992 4403 2136 4460 Idem
2169 4402 2361 4458 narres.
2394 4405 2483 4464 50,
2518 4419 2573 4455 n.
2609 4402 2694 4457 15.

2065 4475 2179 4545 (7i)
2211 4476 2291 4527 Ad
2324 4476 2417 4528 hos
2440 4472 2747 4545 (eunuchos)
2782 4481 2832 4525 et
2862 4468 3099 4545 Clemens
3130 4488 3399 4528 successor
3429 4486 3560 4545 apo-

1993 4543 2115 4601 stoli
2148 4545 2315 4607 Petri,
2347 4545 2496 4613 cujus
2544 4543 2748 4597 Paulus
2798 4543 3066 4610 apostolus
3098 4545 3351 4605 meminit,
3377 4543 3560 4596 scribit

1991 4616 2263 4687 epistolas,
2284 4630 2583 4676 omnemque
2595 4615 3006 4687 [aesernium-in
3034 4630 3187 4687 suum
3203 4615 3266 4667 de
3288 4613 3562 4687 virginita-

1995 4682 2061 4742 tis
2109 4688 2338 4756 puritate
2381 4686 2666 4740 contexuit.
2700 4682 2946 4747 Hieron.,
2985 4683 3020 4738 l.
3054 4699 3069 4736 ι
3120 4685 3325 4739 advers.
3356 4682 3557 4749 Jovin.,

1993 4774 2112 4812 can.
2145 4757 2193 4812 7.

2063 4774 2446 4895 F72).Photius,
2475 4824 2600 4881 cod.
2626 4837 2805 4876 cxxvi.

2089 4830 2175 4895 7-2)
2202 4830 2446 4887 Photius,
2475 4830 2600 4881 cod.
2626 4837 2791 4876 cxxvn.

2063 4830 2174 4967 i725)
2208 4897 2581 4967 Eusabius,ut
2607 4909 2791 4967 supra.

2063 4961 2305 5041 (74)-ίΕει
2336 4966 2390 5020 id
2425 4961 2688 5041 εί-Ριιοιὶό
2705 4964 3050 5041 observatum
3080 4963 3268 5041 codice
3298 4963 3428 5041 12$.
3459 4961 3558 5016 Ve-

1994 5034 2111 5092 rum
2154 5034 2298 5092 dicto
2324 5036 2565 5107 quaedam
2622 5035 2915 5107 peregrina,
2951 5034 3266 5107 inquit__hic
3308 5034 3558 5107 criticus,

1994 5110 2130 5163 velut
2158 5126 2185 5163 e
2215 5103 2491 5174 Scriptura
2519 5103 2674 5160 sacra
2705 5103 3043 5167 subinducit,’
3066 5103 3259 5174 quibus
3286 5120 3348 5157 ne
3388 5105 3561 5171 prima

1991 5180 2198 5248 quidem
2226 5173 2448 5247 epistola
2478 5180 2688 5232 omnino
2708 5184 2881 5229 vacat.
2906 5175 3041 5248 _Vide
3071 5173 3222 5248 num.
3240 5173 3312 5227 25
3329 5173 3559 5248 prioris,

1992 5243 2046 5305 et
2076 5250 2144 5304 12
2188 5243 2263 5303 ac'
2291 5247 2362 5302 15
2428 5263 2687 5303 numeros
2715 5245 3037 5316 posterioris
3079 5243 3375 5300 Clementis
3438 5244 3560 5314 epi-

1993 5321 2165 5376 stolae.

2002 5454 2007 5459 ,
2062 5390 2176 5459 (75)
2201 5387 2445 5455 Defensio
2467 5386 2588 5457 fidei
2614 5385 2871 5459 Nicwnce,
2896 5384 3133 5459 pag.§0.

2090 5394 2155 5445 75
2201 5394 2445 5455 Defensio
2467 5394 2588 5457 ﬁdei
2614 5394 2871 5451 Nicoznce,
2896 5401 3019 5458 pag.
3046 5394 3133 5439 5U.

2090 5394 2177 5531 76)
2210 5459 2394 5531 Lectus
2425 5469 2501 5531 est
2536 5458 2779 5531 libellus,
2794 5459 2849 5511 in
2886 5474 2986 5526 quo
3006 5453 3562 5531 Clementis__ep_tstol¢

1990 5525 2111 5585 duit
2134 5525 2201 5585 ad
2231 5530 2529 5586 Corinthios
2554 5525 2976 5583 continebantur.
3005 5526 3254 5588 Photius,
3287 5525 3421 5581 ibid.

2045 5595 2159 5667 (77)
2189 5590 2263 5649 Ut
2288 5594 2437 5667 enim
2462 5593 2539 5646 ait
2580 5589 2637 5644 S.
2670 5588 2965 5645 Clemens:
3005 5588 3241 5667 Etiamsi
3282 5595 3404 5667 quis
3452 5610 3555 5667 non

396 5660 512 5737 (67)
553 5660 618 5721 1;.
659 5668 909 5723 Biblioth.
944 5660 1058 5724 PP.
1104 5660 1761 5733 n'av'is'strseco-Latina,
1787 5665 1887 5731 t.l,
1972 5660 2285 5737 coronetur,
2314 5664 2523 5737 studeat
2551 5669 2723 5737 tamen
2755 5676 2857 5714 non
2886 5660 3070 5729 procul
3111 5678 3143 5716 a
3164 5660 3431 5720 coronatis
3464 5666 3551 5719 in-

396 5672 512 5791 (672
553 5672 618 5721 In
659 5672 889 5723 Biblioth

328 5754 451 5808 pag.
514 5738 569 5795 4.
595 5741 890 5808 prolegom.

396 5805 510 5879 (68)
540 5805 781 5878 Defensio
798 5808 923 5879 fidei
964 5805 1011 5859 Ν
1020 5809 1194 5872 icam.,
1224 5823 1348 5881 pag.
1371 5806 1439 5862 49
1468 5814 1520 5863 et
1555 5808 1641 5863 50.

1974 5737 2160 5793 veniri.
2193 5735 2365 5805 Epist.
2401 5734 2458 5796 2,
2492 5748 2541 5786 c.
2569 5733 2620 5785 7.
