4070 6340
543 308 634 363 iiii
1627 301 1717 356 AD
1757 300 1813 356 S.
1852 296 2278 356 CLEMENTEM
2317 298 2339 355 Ι
2378 295 2609 354 PAPAM
3664 291 3765 346 152

530 420 758 479 Joannis
788 418 1108 476 Damasceni
1126 434 1289 491 opera
1318 418 1667 488 intelligitur;
1712 424 1873 486 atque
1900 432 1966 471 ex
1986 432 2092 472 ms.
2123 422 2170 479 Α
2195 414 2497 469 Ecclesiam
2519 410 2924 467 Corinthiacam
2943 408 3096 481 prius
3121 422 3183 465 ea
3208 407 3375 465 missa
3394 406 3579 474 fuerit,
3601 424 3763 481 quam

529 514 740 576 codice,
779 530 888 583 quo
929 511 1128 569 Junius
1159 514 1227 567 ad
1272 527 1394 567 eam
1437 512 1489 564 in
1521 510 1796 580 publicum
1828 508 2094 563 edendam
2199 503 2358 560 Soter
2375 518 2528 559 suam
2556 502 2812 572 deinceps
2845 502 3021 559 eidem
3052 500 3419 571 inscripserit.

527 622 664 662 usus
699 614 804 670 est,
834 622 991 675 quem
1019 621 1047 659 a
1079 605 1238 676 primi
1270 619 1442 674 usque
1469 602 1675 657 Nicaani
1711 600 1930 656 concilii
1958 608 2096 654 tem-
2270 596 2575 665 Responsio.
2602 625 2672 635 --
2699 595 2898 650 Verum
2930 604 3071 658 esto,
3106 592 3413 649 meminerit
3445 593 3535 647 hic
3566 590 3769 666 Diony-

527 700 756 770 poribus
776 706 1057 753 exaratum
1099 698 1210 769 ('78)
1235 697 1405 751 fuisse
1435 696 1737 750 existimat.
1774 693 1931 748 Prior
1968 693 2093 766 qui-
2199 691 2315 746 sius
2337 690 2536 759 prioris
2566 697 2773 742 tantum
2810 686 3107 743 Clementis
3131 687 3405 755 epistolas:
3446 702 3621 757 neque
3654 687 3771 757 pla-

525 800 649 847 dem
684 792 910 861 epistola
933 793 986 845 in
1010 790 1227 845 laudato
1242 788 1430 843 codice
1452 788 1517 842 ad
1538 788 1740 842 calcem
1763 788 1842 841 sic
1861 786 2097 859 inscrip-
2198 789 2284 835 eet
2313 782 2457 835 enim
2478 780 2753 851 Beveregii
2785 780 3053 835 sententia
3079 779 3216 849 (84),
3248 778 3615 848 conjicientis,
3649 779 3770 850 epi-

528 892 582 938 ta
599 885 795 955 legitur
819 901 831 935 :
856 884 1170 955 Κλήμεντος
1202 882 1335 953 πρὸς
1368 880 1685 952 Κορινθίους
1727 878 1982 949 ἐπιστολὴ
2003 879 2093 943 Α’;

2199 888 2423 942 sc0pum
2454 870 2860 927 Corinthiorum
2903 872 3107 926 omissa
3154 869 3363 925 Soteris
3409 871 3640 940 epistola
3698 870 3772 924 de

532 977 807 1047 posterior
834 991 963 1032 vero
996 975 1075 1030 sic
1101 990 1114 1025 :
1161 973 1476 1043 Κλήμεντος
1498 970 1753 1042 ἐπιστολὴ
1765 970 1979 1035 B';licet
2000 984 2096 1021 au-

2200 973 2431 1036 utraque
2451 964 2789 1020 Clementina
2824 964 2989 1020 verba
3022 962 3239 1019 fecisse.
3281 961 3461 1017 Minus
3498 962 3625 1017 item
3669 979 3771 1017 no-

527 1076 636 1123 tem
658 1067 928 1136 posterior
947 1081 1010 1120 ex
1043 1064 1387 1117 librariorum
1406 1060 2093 1129 forteincuria,pra3notata
2198 1058 2284 1113 bis
2340 1058 2623 1127 probatur,
2674 1057 2819 1129 quod
2864 1058 2956 1111 alii
3026 1056 3397 1122 arbitrantur,
3449 1056 3770 1127 Dionysium

532 1158 671 1230 πρὸς
708 1156 1030 1228 Κορινθίως
1055 1155 1199 1209 haud
1239 1162 1581 1223 compareat;
1613 1151 1801 1222 quidni
1825 1159 1878 1206 et
1896 1167 2015 1206 eam
2031 1150 2098 1205 ad
2198 1165 2390 1221 nempe
2421 1149 2565 1203 illam
2598 1149 2893 1205 Clementis
2936 1149 3244 1219 epistolam,
3278 1164 3399 1218 quae
3442 1148 3657 1219 publice
3697 1149 3772 1204 le-

524 1247 837 1304 Corintbios
866 1247 1087 1301 missam
1107 1246 1504 1309 existimemus,
1525 1259 1646 1297 cum
1666 1242 1865 1314 prioris
1895 1242 2094 1296 inscri-
2197 1240 2444 1310 gebatur,
2471 1240 2593 1295 ideo
2632 1239 2880 1295 fortasse
2904 1240 3173 1311 προτέραν
3193 1252 3437 1303 vocasse,
3464 1246 3523 1292 ut
3547 1254 3665 1293 eam
3696 1238 3769 1293 ab

525 1340 639 1410 ptio
664 1340 765 1393 hac
796 1338 862 1392 de
884 1352 944 1392 re
982 1338 1115 1392 satis
1147 1352 1418 1405 superque
1447 1335 1704 1389 indubios
1731 1348 1834 1388 nos
1863 1328 2097 1388 i'eddat?
2198 1332 2365 1386 altera
2399 1331 2610 1388 Soteris
2640 1333 2705 1387 ad
2735 1330 3049 1388 Corinthios
3081 1331 3285 1402 pariter
3327 1331 3530 1401 scripta
3571 1330 3769 1385 distin-

525 1431 817 1487 Enimvero
836 1446 1011 1500 neque
1040 1430 1191 1500 prior
1233 1429 1433 1498 legitur
1462 1429 1517 1483 in
1559 1427 1803 1482 indiculo
1840 1426 2011 1482 fuisse
2026 1426 2093 1481 ad
2199 1432 2407 1496 gueret.
2430 1425 2609 1482 Athis
2639 1426 2846 1494 missis,
2888 1440 3016 1480 num
3040 1432 3324 1496 propterea
3359 1424 3464 1478 rite
3484 1438 3607 1478 cum
3631 1421 3771 1477 Gra-

524 1522 839 1578 Corinthios
885 1522 1209 1592 perscripta.
1238 1521 1371 1586 Quis
1397 1536 1561 1590 porro
1599 1536 1667 1574 ne
1696 1519 1841 1573 illam
1878 1518 2093 1588 quidem
2198 1519 2287 1572 bio
2314 1518 2557 1589 colligas,
2599 1527 2723 1588 post
2764 1533 2939 1573 savum
2983 1516 3200 1572 demum
3240 1516 3483 1587 Dionysii
3523 1524 3771 1571 vertente

523 1610 931 1666 Corinthiorum
964 1610 1182 1664 nomine
1209 1610 1475 1679 signatam
1503 1626 1568 1665 ex
1591 1608 1835 1678 ejusdem
1864 1607 2093 1663 lndiculi
2199 1607 2398 1660 sarculo
2470 1623 2509 1661 ιι
2567 1607 2643 1661 ita
2706 1607 3034 1672 scribentis,
3101 1605 3496 1661 Clementinam
3569 1623 3769 1661 secun-

525 1705 745 1761 silentio
770 1704 892 1771 jure
917 1703 1147 1773 arguat?
1170 1702 1354 1773 Neque
1394 1703 1519 1756 item
1548 1701 1822 1757 silentium
1848 1717 1949 1755 nos
1978 1717 2096 1757 mo-
2198 1698 2321 1752 dam
2357 1697 2527 1753 fuisse
2577 1698 2907 1754 confictam?
2940 1698 3055 1753 Hoc
3090 1714 3259 1753 unum
3307 1699 3515 1754 scilicet
3558 1715 3624 1753 ex
3672 1699 3764 1763 iis,

522 1806 647 1850 veat
694 1793 937 1856 Eusebii,
972 1800 1024 1847 et
1066 1792 1160 1861 qui
1208 1808 1331 1847 eum
1383 1792 1553 1846 secuti
1586 1799 1735 1854 sunt,
1781 1788 2096 1861 Hieronymi
2131 1785 2172 1839 Β
2202 1790 2526 1845 observante
2550 1788 2844 1846 Coutantio
2875 1797 3086 1858 nostro,
3104 1789 3299 1844 confici
3333 1805 3495 1859 posse
3526 1789 3767 1854 videtur,

524 1893 688 1955 atque
714 1884 917 1948 Ruﬁni,
951 1884 1064 1954 qui,
1094 1884 1221 1940 dum
1266 1884 1509 1954 epistola:
1542 1882 1796 1937 secundas
1836 1883 2095 1938 memine-
2199 1884 2372 1940 fuisse
2406 1886 2461 1939 in
2501 1900 2653 1940 more
2683 1885 2945 1957 positum,
2980 1884 3339 1954 institutoque
3371 1883 3624 1939 Ecclesia:
3660 1882 3771 1939 Co-

523 1985 671 2039 runt,
698 1976 951 2036 Ecclesiae
976 1974 1341 2031 C-orinthiacaz
1391 1974 1563 2029 fuisse
1593 1975 1739 2027 illam
1775 1973 2093 2043 inscriptam
2197 1976 2546 2040 rintbiornm,
2591 1978 2829 2048 priorem
2873 1979 3092 2050 quidem
3136 1976 3433 2034 Clementis
3480 1979 3769 2048 epistolam

525 2085 633 2124 non
659 2068 962 2139 perhibent.
993 2065 1127 2121 Cum
1165 2068 1309 2122 enim
1336 2065 1537 2120 laudati
1576 2066 1892 2135 scriptores,
1926 2071 1985 2118 ut
2015 2080 2097 2119 re-
2196 2067 2322 2137 legi,
2350 2068 2709 2138 posteriorem
2742 2085 2849 2124 non
2897 2071 3043 2125 item.
3081 2068 3339 2139 Nunquid
3384 2069 3600 2124 demum
3634 2077 3768 2125 tunc

522 2168 608 2215 cte
637 2158 979 2224 Coutantius,
1006 2166 1309 2214 memorata
1342 2156 1523 2229 priore
1544 2154 1837 2210 Clementis
1866 2153 2093 2224 epistola
2195 2158 2455 2227 temporis
2475 2165 2631 2213 erant
2657 2159 2896 2231 legenda:
2923 2161 2974 2215 in
2997 2161 3230 2232 publicis
3252 2160 3606 2215 ecclesiarum
3632 2176 3770 2213 con-

523 2253 591 2307 ad
620 2251 933 2308 Corinthios
965 2253 1147 2307 statim
1180 2249 1447 2305 subdant:
1483 2249 1651 2319 fertur
1697 2258 1743 2301 el
1773 2248 1961 2311 altera,
1998 2264 2093 2301 ne-
2194 2250 2446 2304 ventibus
2475 2264 2666 2306 omnes
2708 2267 2817 2306 non
2858 2253 3229 2322 apostolorum
3263 2251 3445 2314 modo,
3476 2251 3571 2306 sed
3600 2252 3766 2305 etiam

520 2362 628 2418 que
652 2345 720 2400 ad
741 2344 878 2400 alios
900 2344 1043 2399 hanc
1072 2345 1297 2398 alteram
1327 2342 1588 2411 scriptam
1621 2340 1941 2411 designent;
1972 2353 2091 2393 eam
2195 2342 2619 2409 apostolicorum
2650 2342 2893 2397 virorum
2929 2345 3203 2414 epistolae;
3236 2352 3294 2397 ut
3323 2344 3552 2414 proinde
3582 2350 3766 2415 poste-

522 2452 739 2508 quoque
762 2436 830 2491 ad
862 2436 1081 2490 eosdem
1124 2433 1384 2502 scriptam
1418 2431 1720 2500 intelligere
1750 2430 1945 2485 merito
1974 2429 2091 2483 exi-
2193 2434 2306 2487 rior
2334 2434 2629 2491 Clementis
2660 2436 2933 2491 censenda
2960 2438 3032 2491 sit
3060 2436 3529 2507 pseudepigrapha
3554 2452 3620 2491 eo
3657 2450 3763 2490 no-

521 2533 849 2589 stimantur:
886 2528 1127 2597 alioquin
1178 2528 1225 2580 si
1269 2526 1336 2580 ad
1389 2525 1526 2579 alios
1574 2525 1797 2578 missam
1839 2531 2086 2589 nossent,
2194 2527 2360 2590 niine,
2394 2526 2540 2597 quod
2581 2528 2649 2583 de
2692 2528 2839 2584 illius
2882 2528 3120 2583 lectione
3157 2528 3213 2582 in
3253 2534 3523 2583 conventu
3567 2526 3767 2582 Corin-

522 2637 697 2692 neque
725 2621 778 2675 id
826 2620 1172 2682 innuissent,
1224 2617 1338 2670 haec
1371 2615 1612 2685 ipsorum
1646 2614 1929 2670 reticentia
1966 2613 2091 2685 jure
2191 2619 2375 2674 thiaco
2400 2621 2604 2674 nullam
2647 2618 2857 2690 injiciat
2897 2620 3227 2675 mentionem
3258 2619 3588 2691 Dionysius?
3624 2617 3763 2673 Cum

521 2723 586 2763 ac
613 2709 805 2763 merito
830 2705 1172 2777 negligentia:
1199 2703 1467 2772 culpanda
1492 2704 1787 2758 videretur.
2030 2746 2037 2753 .
2193 2709 2376 2780 itaque
2429 2713 2663 2781 priorem
2719 2712 2938 2781 quidem
2986 2711 3209 2766 minime
3246 2727 3375 2767 vero
3404 2710 3761 2781 posteriorem

592 2798 828 2868 Objectio
868 2798 1041 2866 prima
1076 2806 1261 2849 contra
1289 2794 1617 2848 authentiam
1646 2793 1801 2863 hujus
1833 2793 2087 2863 Ερὶειοιω
2190 2802 2244 2856 in
2275 2809 2418 2858 coetu
2444 2803 2814 2858 ecclesiastico
2842 2803 3041 2874 perlegi
3077 2804 3428 2859 consuevisse
3454 2803 3521 2858 ab
3548 2804 3764 2874 episeo-

519 2889 879 2944 Clemeutinc.
925 2917 993 2927 ——
1044 2886 1283 2941 Joannes
1328 2884 1569 2940 Morinus
1616 2885 1754 2940 hanc
1799 2887 2082 2955 epistolam
2190 2909 2258 2963 po
2285 2893 2693 2949 Corinthiorum
2731 2895 3123 2961 addiscamus;
3158 2896 3285 2950 hinc
3325 2910 3457 2950 sane
3493 2895 3763 2966 perspici-

521 2981 913 3052 suppositionis
945 2990 1249 3050 suspectam
1280 2978 1443 3031 habet
1472 2993 1536 3033 eo
1566 2990 1908 3048 argumento,
1936 2978 2083 3048 quod
2190 3001 2329 3050 mus,
2365 3000 2464 3040 cur
2492 2984 2729 3056 priorem
2762 2988 3009 3041 eximiam
3026 3002 3242 3055 prorsus
3265 2997 3419 3058 atque
3460 2988 3759 3041 mirabilem

520 3073 776 3126 nimirum
810 3072 956 3126 illius
989 3071 1184 3140 stylus,
1215 3085 1325 3123 non
1370 3076 1429 3122 ut
1458 3068 1679 3139 prioris,
1725 3071 1795 3125 sit
1830 3071 2079 3141 simplex,
2113 3128 2153 3149 Π
2191 3078 2473 3146 appellarit
2499 3079 2787 3149 episcopus
2821 3078 3218 3146 Ctesareensis;
3243 3079 3310 3135 de
3333 3079 3636 3149 posteriore
3662 3094 3755 3133 ve-

1042 3128 1059 3140 .
1170 3128 1182 3135 .
1458 3128 1474 3139 .
1668 3128 1677 3132 -
1938 3128 1956 3141 .
2068 3128 2078 3137 .
2227 3128 2470 3146 ηψπ-η
2504 3128 2786 3149 -Γ---τμ-
2831 3128 3218 3146 νω--η----η
3247 3128 3307 3135 η
3333 3128 3633 3149 τμη----ν
3676 3128 3723 3133 --

518 3164 613 3220 sed
644 3165 927 3234 argutulus
961 3162 1096 3234 (79),
1127 3178 1237 3216 non
1268 3169 1460 3231 sponte
1490 3160 1682 3226 fluens,
1716 3162 1809 3216 sed
1854 3178 1954 3233 pro
1985 3178 2082 3218 au-
2112 3128 2155 3186 C
2186 3182 2247 3221 ro
2279 3168 2600 3237 scripserit:
2629 3167 2792 3222 Illam
2820 3171 2990 3223 minus
3016 3177 3195 3223 notam
3222 3168 3407 3239 fuisse,
3427 3186 3586 3240 neque
3611 3187 3643 3223 a
3675 3185 3763 3224 oe-

516 3256 861 3326 ctoriscaptu
896 3254 1139 3310 studiose
1182 3253 1530 3321 elaboratus;
1584 3268 1692 3307 non
1740 3254 2082 3325 ἀπεριοδικὸς
2184 3258 2725 3330 teribususurpatam,

514 3356 569 3403 et
620 3361 1010 3416 nonnunquam
1041 3344 1485 3409 ἁνανταπόδοτος,
1528 3343 1623 3398 sed
1650 3344 1939 3398 verborum
1973 3361 2083 3399 am-
2255 3351 2567 3406 Occurritur
2630 3354 2798 3407 tertiae
2845 3353 3143 3419 obiectioni.
3191 3352 3494 3423 Responsio.
3536 3386 3607 3395 —
3646 3353 3759 3411 Nec

513 3438 707 3501 bitum.
737 3438 1058 3499 antitheses.
1083 3451 1380 3507 earumque
1413 3437 1764 3506 repeliliones
1794 3436 2083 3494 ambitiose
2181 3442 2327 3497 dicat
2355 3443 2436 3497 vir
2479 3444 2746 3508 eruditus,
2795 3444 3189 3513 suppositionis
3234 3444 3601 3514 suspicionem
3649 3446 3759 3501 sibi

512 3529 745 3585 aﬂ'ectet.
773 3528 912 3585 Idem
941 3544 1159 3600 quoque
1183 3538 1567 3599 argumentum
1591 3536 1747 3601 urget
1773 3526 2080 3586 Richardus
2182 3532 2403 3604 injicere
2441 3536 2763 3591 sententiam
2786 3551 2817 3590 e
2848 3536 2987 3590 libro
3006 3537 3240 3607 quodam
3269 3542 3579 3609 apocrypho
3601 3554 3758 3594 acce-

514 3623 790 3679 Simonius
821 3621 954 3693 (80).
2180 3636 2351 3695 ptam,
2382 3644 2502 3698 quae
2528 3629 2583 3683 in
2614 3628 2776 3696 hujus
2803 3628 3047 3698 epistola:
3075 3628 3251 3698 capite
3282 3630 3343 3683 ll
3391 3637 3591 3693 exstat,
3630 3646 3756 3685 cum

586 3720 817 3774 lniieiari
847 3720 1096 3789 equidem
1129 3720 1319 3781 nolim,
1350 3719 1494 3773 haud
1521 3720 1637 3775 leve
1668 3720 1963 3789 aliquando
1991 3734 2081 3775 ar-
2174 3718 2288 3788 jam
2324 3727 2376 3775 et
2401 3723 2453 3774 in
2491 3720 2689 3789 prioris
2722 3721 2900 3790 capite
2926 3721 3017 3785 23,
3057 3722 3251 3791 paucis
3290 3724 3532 3787 mutatis,
3560 3739 3757 3779 occur-

511 3816 829 3878 gumentum
871 3826 937 3864 ex
966 3808 1415 3883 dissimilitudine
1447 3811 1571 3881 styli
1608 3821 1917 3881 suppetere,
1970 3828 2079 3881 quo
2180 3818 2284 3866 rat.
2332 3809 2389 3865 Si
2420 3811 2565 3865 enim
2594 3821 2785 3865 contra
2813 3812 3107 3867 secundam
3148 3812 3440 3881 epistolam
3475 3812 3589 3867 haec
3617 3816 3755 3871 ratio

509 3900 672 3955 alicui
695 3900 946 3970 scriptori
970 3916 1107 3969 opus
1130 3901 1489 3969 abjudicetur,
1527 3902 1729 3972 aliique
1756 3903 2076 3967 addicatur;
2176 3905 2287 3959 vim
2317 3904 2561 3967 haberet,
2593 3903 2704 3973 jam
2736 3904 2803 3958 de
2831 3904 3019 3972 prima:
3048 3919 3263 3973 quoque
3292 3904 3602 3975 integritate
3622 3921 3755 3959 con-

509 3992 805 4047 dummodo
852 3999 1033 4047 tamen
1084 3993 1294 4063 reliqua
1344 3994 1449 4049 rite
1497 3995 1827 4049 cohaereant.
1877 3994 2077 4052 Verum
2179 3996 2468 4049 clamatum
2510 3994 2669 4050 foret.
2706 3995 2877 4057 Adde,
2908 3995 3052 4064 quod
3093 3996 3320 4065 repetita
3350 3996 3592 4065 ejusdem
3626 4014 3753 4053 sen-

507 4098 654 4140 nunc
695 4100 959 4155 canonem
1007 4088 1259 4142 criticum
1308 4105 1417 4143 non
1471 4106 1593 4145 esse
1622 4090 1849 4144 nimium
1881 4106 2079 4160 urgen-
2177 4088 2358 4144 tentite
2425 4088 2611 4143 citatio
2658 4089 2969 4141 nullatenus
3023 4086 3215 4141 idonea
3268 4087 3339 4141 sit
3390 4086 3508 4142 falsi
3570 4090 3754 4158 suspi-

507 4176 659 4240 dum,
684 4192 843 4232 nemo
866 4192 973 4231 non
1010 4178 1191 4245 videt;
1232 4179 1526 4249 siquidem,
1552 4182 1830 4252 utoptime
1866 4180 2077 4236 Cotele-
2176 4180 2335 4235 candi
2364 4194 2551 4243 causa,
2583 4179 2659 4233 ita
2674 4186 2929 4235 censente
2957 4180 3075 4232 viro
3098 4178 3155 4232 in
3187 4194 3247 4234 re
3268 4181 3457 4235 critica
3482 4182 3752 4251 peritissi-

507 4268 646 4331 rius,
679 4284 839 4338 quem
862 4270 1110 4339 sequitur
1138 4279 1193 4325 et
1228 4269 1464 4328 Grabius
1494 4272 1760 4345 (8i),styli
1790 4273 2076 4329 dissimili-
2176 4287 2266 4326 mo
2292 4270 2608 4326 Coutantio.

506 4359 641 4415 tudo
666 4362 733 4415 ab
763 4363 952 4417 eodem
983 4362 1253 4433 scriptore
1282 4380 1381 4434 pro
1410 4367 1671 4422 varietate
1700 4376 2004 4437 temporum
2019 4375 2077 4423 et
2249 4359 2482 4429 Objectio
2495 4368 2707 4429 quarta.
2743 4367 2793 4412 ει
2839 4357 3129 4431 τεδροηδὶο.
3147 4358 3366 4414 -δυηῐ
3390 4359 3631 4431 insuper.
3654 4360 3749 4432 qui

507 4468 797 4508 causarum
830 4455 961 4509 oriri
991 4456 1188 4525 potuit.
2102 4466 2150 4524 υ
2175 4451 2427 4507 secundae
2456 4451 2620 4520 hujus
2669 4450 2911 4520 epistolae
2949 4451 3163 4505 veritati
3191 4451 3367 4505 locum
3412 4451 3674 4520 objiciant
3716 4468 3748 4507 a

580 4544 816 4613 Objectio
839 4547 1067 4599 secunda
1092 4562 1157 4600 ea:
1179 4546 1432 4619 Dionysio
1456 4547 1849 4602 Corinthiorum
1867 4549 2071 4619 episco-
2174 4542 2379 4614 pseudo
2394 4541 2626 4596 «Iustino
2658 4541 3033 4612 desumptum,
3065 4542 3157 4612 qui
3202 4542 3283 4597 sic
3334 4558 3393 4597 se
3439 4544 3633 4597 habet:
3686 4542 3749 4598 Si

502 4649 567 4702 po
588 4632 1074 4707 desumpta.—Vir.
1104 4635 1175 4691 cl.
1198 4632 1441 4690 Joannes
1472 4634 1705 4692 Grahius
1727 4636 1838 4705 (82)
1860 4652 1926 4692 ex
1950 4653 2073 4691 ver-
2171 4636 2441 4706 prazsentis
2469 4651 2644 4688 rerum
2674 4644 2847 4688 status
2885 4636 3005 4703 ﬁnis
3036 4643 3113 4687 est
3149 4635 3430 4702 impiorum
3461 4652 3551 4704 per
3573 4637 3745 4705 ignem

506 4727 589 4781 bis
616 4725 856 4797 Dionysii
894 4725 1301 4782 Corinthiorum
1334 4730 1572 4799 episcopi
1605 4730 1745 4798 apud
1777 4728 2071 4784 Eusebium
2162 4726 2450 4796 judicium,
2476 4734 2633 4794 prout
2669 4735 2930 4779 testantur
2959 4724 3249 4794 Scriptura
3282 4727 3656 4797 prophetarum
3691 4736 3745 4781 et

501 4817 617 4889 (83)
635 4817 826 4873 confici
849 4827 1025 4889 putat,
1046 4833 1209 4872 unam
1237 4819 1551 4874 duntaxata
1575 4820 1637 4874 D.
1657 4819 1932 4875 Clemente
1950 4822 2070 4891 epi-
2171 4819 2551 4887 apostolorum,
2584 4826 2738 4888 atque
2768 4818 2981 4887 insuper
3025 4818 3259 4888 sibyllae,
3289 4826 3347 4870 ut
3389 4819 3465 4871 ait
3511 4817 3575 4873 Β.
3621 4817 3745 4871 Cle~

501 4910 696 4963 stolam
723 4924 845 4963 esse
866 4911 1150 4978 scriptam,
1183 4924 1345 4979 quam
1366 4910 1464 4982 τὴν
1496 4911 1773 4984 προτέραν
1807 4910 1893 4963 διὰ
1923 4911 2072 4982 Κλή-

2170 4927 2312 4965 mens
2344 4913 2396 4964 in
2419 4910 2642 4980 epistola
2670 4908 2738 4963 ad
2778 4907 3102 4971 Corinthios,
3136 4909 3202 4962 ad
3232 4924 3352 4981 quae
3384 4910 3597 4979 quidem
3618 4924 3741 4963 ver-

502 5017 692 5071 μεντος
706 5002 1006 5071 γραφεῖσαν
1024 4998 1319 5071 Dionysius
1341 5002 1756 5071 appellat,quod
1777 5001 2067 5057 scilicetad
2168 5003 2237 5060 ba
2283 5006 2439 5073 plura
2481 5001 2693 5057 erudite
2734 5001 2988 5056 observat
3018 5000 3345 5066 Cotelerius,
3378 5011 3539 5073 atque
3566 5018 3633 5057 ex
3673 5017 3741 5057 eo

569 5173 681 5243 (78)
803 5174 1095 5255 Clementis
1116 5191 1181 5229 ex
1209 5177 1366 5258 epist.
1386 5177 1422 5231 2
1458 5178 1528 5260 ad
1546 5177 2065 5245 Corinth.:¢Quires
2240 5178 2352 5301 (81%
2385 5178 2629 5261 Spicileg.
2658 5187 2696 5233 t.
2730 5176 2771 5237 l.
2792 5193 2923 5301 (pag.
2951 5177 3080 5237 268.

569 5252 785 5298 asseritis
821 5254 944 5297 vna:
972 5255 1273 5301 cmmoscrt.
1306 5250 1579 5301 mtelhalt.
1618 5264 1792 5301 neaue
1820 5266 1906 5301 ea.
1943 5266 2065 5301 ante
2239 5250 2331 5301 (8‘2
2378 5249 2538 5301 ιδιά..
2574 5265 2696 5301 patr.
2720 5249 2788 5301 ‘26
2833 5292 2844 5301 .

502 5248 789 5319 praesentis
821 5248 1273 5319 vitazcognoscit,
1306 5248 1579 5318 intelligit,
1618 5264 1792 5319 neque
1820 5266 1906 5312 ea,
1943 5266 2065 5319 quia
2239 5248 2352 5317 (ὃῖ)
2378 5249 2538 5312 lbid.,
2572 5265 2696 5319 pag.
2720 5248 2844 5319 266,

496 5315 1013 5395 nonnulli-jucunda
1044 5315 1535 5395 reputant,_aliena
1571 5315 1720 5395 esse,
1751 5328 1845 5395 a_ut
1872 5315 2063 5395 procul
2237 5315 2349 5390 (85)
2386 5315 2668 5395 Hodie};
2706 5318 2842 5374 diem
2880 5318 3214 5395 Dominicum
3265 5322 3635 5395 transegimus,
3678 5325 3735 5376 in

496 5381 689 5438 dissita
726 5381 792 5439 ab
823 5386 911 5462 iis,
946 5401 1079 5462 _qua‘.
1107 5381 1240 5441 odio
1264 5381 1630 5462 habenten“.
1668 5381 1710 5443 η’
1733 5460 1741 5462 _
1764 5381 2063 5462 Parallelo:
2163 5381 2264 5459 quo
2295 5381 2515 5462 vestram
2564 5389 2780 5462 legimus
2821 5389 3143 5462 epistolam:
3174 5407 3329 5459 quam
3362 5381 3568 5462 quidem
3614 5381 3733 5461 per-

495 5469 632 5530 131m,
668 5470 789 5524 cap.
819 5454 909 5510 20.
940 5454 1135 5530 Junius
1156 5458 1364 5527 prazfat.
1387 5459 1441 5512 in
1458 5460 1628 5517 Clem.
1661 5460 1846 5530 epist.,
1878 5468 2010 5515 tom.
2041 5458 2061 5513 Ι
2162 5454 2314 5530 petua
2357 5459 2594 5529 deinceps
2612 5454 2877 5529 'legentes'.
2926 5459 3137 5526 perinde
3169 5454 3230 5513 ac
3258 5454 3482 5529 priorem
3514 5454 3662 5516 illam
3697 5480 3733 5517 ιι

494 5522 1182 5611 Patrum—‘apostolicorum',
1211 5544 1333 5653 pag.
1370 5530 1492 5586 152.
1694 5522 1709 5530 ’
1834 5522 1840 5524 '
2014 5602 2027 5614 θ
2162 5522 2427 5584 Clemente
2458 5522 2883 5597 scriptam,unde
2900 5522 3109 5599 optimis
3134 5522 3347 5585 monitis
3376 5534 3729 5601 instruamur,

562 5593 673 5653 (79)
706 5593 995 5653 Exercstat.
1040 5598 1255 5653 Βιὺιιε..
1311 5641 1322 5653 .
1359 5614 1398 5653 1.
1431 5616 1549 5653 can.
1584 5602 1637 5653 4.
1670 5602 1724 5653 5.
1754 5600 1808 5653 9.
1851 5618 2059 5653 exerci-
2163 5600 2434 5653 habemus.
2465 5600 2687 5653 Euseb..
2733 5600 2804 5653 Η.
2834 5600 2921 5653 Ε..
2957 5603 2993 5653 I.
3030 5617 3104 5653 Iv.
3135 5616 3186 5653 c.
3215 5601 3305 5653 23.

562 5593 673 5671 (79)
706 5593 995 5653 Exercitat.
1040 5593 1255 5664 BibliCZ,
1285 5593 1322 5653 Ῐ.
1359 5614 1398 5664 1,
1431 5616 1549 5671 cap.
1584 5602 1637 5665 4,
1670 5602 1724 5666 5,
1754 5600 1808 5667 9,
1851 5602 2059 5658 exerci-
2163 5600 2434 5671 habemus.
2465 5593 2687 5666 Euseb.,
2718 5593 2804 5654 Η.
2834 5593 2993 5668 Ε.,Ἰ.
3030 5617 3104 5671 Iv,
3135 5616 3186 5656 c.
3215 5601 3305 5655 εδ.

494 5665 672 5744 ιηιίρλ
719 5734 831 5744 ____
1002 5739 1013 5744 _
1185 5738 1202 5744 _
1341 5741 1400 5744 μ
1497 5665 1515 5671 ’
1617 5740 1707 5744 UA
1797 5665 1803 5667 “
2233 5670 2344 5741 (84)
2375 5665 2738 5737 Cod.canon.,
2769 5671 2807 5727 l.
2838 5665 3042 5742 tl,'cap.
3067 5670 3121 5736 9,
3154 5671 3181 5743 §
3216 5674 3301 5738 10,
3336 5688 3459 5744 pag.
3494 5674 3616 5733 ΗΒ.

565 5734 678 5803 (80)
713 5734 848 5790 Bibl.
882 5735 1085 5802 Cltot's.,
1116 5747 1154 5792 ι.
1185 5738 1225 5804 1,
1258 5754 1307 5795 (⁵.
1340 5741 1429 5805 38,
1465 5755 1584 5812 pag.
1609 5740 1737 5798 282.
