4052 6332
309 321 406 373 133
1564 319 1901 378 PROCEMIA
1942 315 2323 374 VARIORUM.
3437 322 3537 376 1⁸54

299 433 624 489 Coutantius
645 433 861 503 aliique.
901 430 1101 487 Verum
1137 431 1206 488 iis
1230 433 1435 498 missis,
1463 435 1656 504 conjici
1690 437 1863 506 primo
1892 440 1941 497 Α
2039 435 2273 504 Objectio
2314 442 2483 496 sexta,
2529 442 2579 488 et
2630 437 3005 504 responsio.—
3029 435 3197 491 Instat
3244 450 3407 507 porro
3457 439 3539 491 vir

296 533 497 595 posset,
522 524 784 577 nimirum
814 522 961 577 hunc.
989 523 1312 593 scriptorem
1334 526 1595 579 memoria
1625 525 1873 582 ellluente
1972 528 2219 589 criticus,
2248 534 2410 596 atque
2440 541 2506 581 ex
2524 525 2610 581 his
2637 529 2816 584 verbis
2849 525 3094 597 ejusdem
3121 529 3367 599 epistola:
3388 528 3499 599 (92)
3518 551 3536 587 :

297 613 666 677 existimasse,
700 612 804 667 hoc
823 612 1031 683 sibylla:
1058 613 1449 678 testimonium,
1470 615 1613 684 quod
1643 616 1698 669 in
1736 612 1876 669 Con—
1975 618 2164 673 Plures
2199 618 2329 687 facti
2373 634 2554 671 sumus
2585 619 2672 682 iis,
2701 620 2791 687 qui
2836 618 3002 673 Deum
3032 619 3220 675 habere
3267 634 3541 677 censentur

304 703 659 757 stitutionibus
717 702 1018 772 apostolicis
1045 704 1271 774 legerat,
1316 705 1369 758 in
1398 705 1628 775 epistola
1657 706 1725 761 ad
1758 706 1869 761 Co-

304 798 531 852 rinthios
552 805 797 853 exstare.
835 796 894 853 Si
937 799 1119 854 minus
1148 800 1358 869 placeat
1385 799 1501 855 haec
1535 800 1871 869 conjectura,

298 890 431 946 illud
475 892 674 946 saltem
708 906 833 945 cum
879 890 1214 947 doctissimis
1237 893 1367 946 viris
1399 908 1713 949 asseverare
1764 909 1873 948 non

296 981 583 1046 dubitabo,
615 990 863 1037 nostrum
889 983 1205 1052 scriptorem
1238 984 1458 1037 minime
1486 999 1610 1037 cum
1638 984 1706 1039 iis
1738 983 1875 1040 face-

295 1089 372 1135 re,
410 1074 507 1143 qui
557 1074 682 1143 ejus
713 1075 1024 1130 testimonio
1073 1082 1319 1139 utuntur,
1374 1081 1434 1128 ut
1480 1076 1763 1145 epistolam
1814 1074 1870 1130 S.

294 1165 599 1220 Clementis
616 1165 910 1219 secundam
942 1165 1161 1219 minime
1183 1166 1471 1234 genuinam
1487 1181 1609 1220 esse
1624 1165 1872 1235 probent,

266 1257 386 1311 sed
418 1256 670 1310 hominis
693 1254 884 1318 letum,
924 1255 1012 1309 cui
1042 1255 1155 1309 noti
1177 1262 1334 1309 erant
1373 1254 1615 1325 Sibyllini
1661 1254 1728 1308 de
1769 1269 1864 1308 ex-

293 1348 713 1417 tremojudicio
741 1362 956 1409 versus,
1000 1346 1171 1402 multo
1194 1348 1512 1402 recentioris
1544 1355 1732 1401 sancto
1754 1347 1875 1401 Cle-

290 1451 519 1509 mente;
552 1449 614 1496 ut
630 1443 878 1496 omittam
915 1440 1420 1511 pseudo-Iustinum
1438 1444 1490 1496 in
1516 1442 1767 1511 ambiguo
1789 1457 1876 1496 re-

298 1537 551 1605 liquisse,
579 1540 757 1587 utram
776 1533 952 1588 sancti
971 1531 1264 1587 Clementis
1292 1532 1575 1602 epistolam
1604 1532 1871 1588 citaverit.

302 1626 377 1679 ita
414 1626 526 1681 lere
569 1626 793 1680 disserit
820 1626 905 1678 vir
946 1623 1300 1681 doctissimus
1328 1623 1660 1680 Prudentius
1688 1634 1874 1681 noster

306 1719 487 1774 nam
513 1719 650 1789 (85).

373 1813 613 1881 Objectio
657 1813 844 1883 quinta
885 1812 1125 1868 diluitur.
1150 1843 1220 1854 —
1244 1809 1590 1867 Hermannus
1632 1809 1873 1867 Venema

307 1911 684 1973 argumentum
733 1911 924 1956 contra
973 1902 1305 1957 authentiam
1351 1902 1602 1956 secunda:
1635 1902 1877 1971 epistolae

304 2011 366 2049 eo
394 1994 570 2055 ducit,
602 1995 750 2064 quod
781 2005 970 2049 auctor
996 1995 1236 2064 epistola:
1262 1993 1581 2064 posterioris
1606 2010 1725 2048 sese
1766 1994 1878 2054 οιιὶ-

309 2087 424 2155 gine
459 2086 724 2153 gentilem
757 2093 941 2155 aperte
969 2086 1160 2155 prodat
1182 2085 1315 2155 (86),
1347 2099 1471 2138 cum
1497 2100 1528 2138 e
1560 2096 1751 2138 contra
1780 2098 1878 2139 na-

311 2178 449 2231 tione
474 2174 728 2230 Judzeum
764 2175 934 2231 fuisse
957 2174 1286 2232 Clementem
1316 2176 1555 2232 clamare
1592 2185 1881 2232 censeatur

312 2268 456 2322 locus
485 2267 578 2321 ille
608 2268 816 2337 prioris
844 2267 1109 2337 epistolae,
1142 2268 1233 2322 ubi
1300 2266 1475 2327 Iacob
1552 2276 1755 2337 patrem
1786 2286 1880 2322 no-

305 2368 466 2411 strum
496 2357 740 2427 appellat
767 2357 975 2427 (87).At
1002 2358 1216 2412 clumbe
1240 2356 1481 2427 profecto
1502 2366 1878 2428 argumentum

304 2452 660 2514 istiusmodi,
716 2466 825 2521 quo
864 2450 1225 2505 Corinthiacae
1275 2450 1593 2519 posterioris
1636 2451 1877 2519 epistola:

302 2542 523 2595 tollatur
552 2542 860 2607 integritas.
883 2540 1082 2606 Quidni
1112 2541 1271 2596 sodes
1293 2541 1543 2596 Clemens
1575 2540 1727 2595 Pauli
1759 2559 1881 2594 συν-

300 2632 480 2703 εργός,
582 2631 759 2688 Jacob
820 2641 1023 2699 patrem
1072 2639 1308 2684 nostrum
1358 2646 1423 2685 eo
1466 2646 1633 2686 sensu
1686 2645 1881 2685 vocare

301 2723 558 2793 potuerit,
590 2736 703 2792 quo
732 2724 873 2777 idem
905 2722 1195 2792 Apostolus
1236 2722 1613 2791 promissionis
1654 2722 1793 2778 lilios
1826 2725 1881 2778 in

302 2817 510 2869 semine
543 2814 777 2869 Abrahae
824 2822 877 2869 et
904 2811 1071 2869 lsrael
1101 2815 1403 2885 computari
1432 2815 1613 2881 docet,
1646 2824 1707 2870 ut
1734 2824 1882 2872 recte

300 2904 634 2960 Coutantius
662 2902 773 2976 (88)
800 2910 985 2958 noster
1012 2904 1295 2958 observat?
1339 2904 1461 2960 Non
1502 2907 1659 2970 enim,
1707 2907 1883 2977 inquit

300 3000 522 3053 divinus
534 3014 738 3067 praeco.
758 3013 955 3061 omnes,
971 2997 1060 3064 qui
1078 3012 1140 3049 ea:
1164 2995 1333 3050 Israel
1352 3007 1494 3061 sunt,
1510 2999 1549 3051 ii
1565 3007 1687 3052 sunt
1702 2997 1881 3051 Israe-

304 3090 440 3150 litre;
455 3106 623 3159 neque
639 3089 728 3159 qui
741 3105 909 3142 semen
926 3086 1152 3140 Abraha:
1168 3097 1309 3150 sunt,
1344 3105 1519 3142 omnes
1541 3089 1675 3157 ﬁlii;
1693 3088 1783 3142 sed
1812 3090 1866 3141 in

305 3178 460 3233 Isaac
476 3182 754 3235 vocabitur
769 3181 862 3233 tibi
880 3193 1074 3241 semen;
1087 3178 1139 3231 id
1156 3188 1253 3245 est,
1271 3196 1372 3232 non
1392 3180 1478 3249 qui
1497 3180 1598 3248 ﬁlii
1613 3179 1809 3241 carnis,
1828 3177 1881 3229 hi

305 3272 402 3337 ﬁlii
420 3272 557 3334 Dei;
586 3271 680 3326 sed
696 3272 784 3341 qui
814 3271 915 3339 ﬁlii
930 3270 1445 3337 suntpromissionis,
1466 3272 1796 3325 wstimantur
1826 3270 1880 3323 in

305 3367 498 3420 semine
519 3364 595 3405 ¹-⁹
611 3380 633 3418 :
655 3364 775 3417 hinc
791 3362 920 3417 alibi
934 3364 976 3394 ¹⁰
988 3362 1149 3416 etiam
1179 3363 1391 3431 ipsemet
1416 3362 1697 3431 Apostolus
1711 3360 1883 3414 Israel

306 3455 399 3509 Dei
426 3465 579 3510 vocat
604 3455 809 3509 eosdem
830 3452 1189 3523 promissionis
1212 3451 1372 3520 ﬁlios,
1397 3452 1502 3506 sive
1529 3466 1593 3505 ea:
1612 3451 1883 3504 circumci-

306 3551 450 3604 sione
470 3549 581 3603 sive
612 3564 676 3601 ex
709 3546 964 3617 prwputio
980 3554 1207 3598 vocatos.
1224 3542 1373 3597 Hanc
1396 3544 1560 3613 igitur
1582 3543 1881 3597 doctrinam

309 3639 826 3706 institutionemque
847 3636 1081 3706 primum
1105 3633 1321 3703 quidem
1342 3640 1628 3689 assecutus
1653 3646 1683 3685 a
1716 3630 1884 3684 Paulo

308 3730 558 3784 Clemens
590 3727 893 3789 Romanus,
916 3726 1176 3794 deinceps
1206 3739 1334 3779 vero
1363 3724 1551 3779 volens
1579 3730 1633 3778 et
1655 3724 1770 3793 ipse
1791 3722 1886 3776 iis-

309 3822 429 3876 dem
457 3819 783 3891 apostolicis
814 3818 1058 3874 imbuere
1093 3817 1380 3887 praeceptis
1424 3816 1758 3879 Corinthios,
1787 3815 1875 3869 Ja-

310 3913 503 3967 cobum
520 3921 728 3981 patrem
748 3920 983 3965 nostrum
1002 3912 1232 3974 vocavit;
1250 3908 1704 3980 quemadmodum
1722 3914 1883 3967 etiam

316 4006 536 4067 ibidem,
555 4002 836 4057 nonnullis
856 4002 1380 4071 interjectis,patrem
1396 4012 1627 4056 nostrum
1650 4004 1889 4073 appella-

314 4096 389 4147 vit
415 4094 792 4147 Abrahamum
817 4092 952 4161 (89).
984 4092 1155 4157 Quam
1188 4091 1407 4163 quidem
1438 4092 1740 4147 doctrinam
1758 4109 1882 4148 cum

314 4188 505 4242 deinde
528 4187 833 4257 accepisset
856 4184 1099 4240 Ecclesia
1122 4184 1363 4239 Romana
1392 4186 1505 4239 sive
1532 4186 1600 4239 ab
1612 4186 1884 4255 Apostolo,

1974 709 2194 779 (Iudaeis
2222 708 2391 779 scil.),
2425 708 2649 779 colligit,
2673 718 2947 765 auctorem
2969 727 3035 766 eo
3051 712 3266 767 demum
3299 720 3541 783 tempore

1972 802 2194 865 vixisse,
2225 816 2333 871 quo
2353 799 2803 855 Christianismus
2828 802 2968 857 inter
2996 812 3182 869 gentes
3206 807 3541 860 numerosis-

1974 891 2146 946 simus
2169 898 2285 946 erat
2307 906 2470 960 supra
2489 890 2735 958 Judteos,
2760 893 2903 963 quod
2926 894 3144 962 quidem
3167 934 3182 958 ,
3226 894 3423 964 inquit,
3451 911 3537 949 re-

1974 983 2135 1047 ctius,
2159 998 2322 1053 quam
2352 984 2407 1037 in
2436 982 2752 1047 Clementis,
2781 983 3080 1053 quadratin
3111 983 3354 1053 Trajani,
3377 993 3429 1040 et
3457 1001 3543 1041 se-

1973 1075 2255 1143 quentium
2308 1074 2693 1144 imperatorum
2742 1082 3006 1144 tempora,
3054 1076 3253 1145 quibus
3299 1076 3542 1133 Ecclesia

1986 1168 2223 1237 gentium
2242 1168 2399 1237 longe
2427 1168 2638 1236 lateque
2665 1175 2956 1237 propagata
2987 1176 3091 1223 est.

2043 1257 2184 1325 Quid
2232 1260 2417 1314 multis
2453 1275 2590 1329 opus
2634 1262 2750 1316 est?
2799 1275 2980 1315 nonne
3027 1258 3228 1315 Paulus
3274 1259 3341 1314 ad
3381 1259 3542 1319 Rom.

1976 1351 2223 1405 scribens
2250 1354 2453 1421 gratias
2481 1352 2589 1407 Deo
2618 1354 2829 1424 agebat,
2861 1353 3004 1423 quod
3050 1352 3182 1406 ﬁdes
3212 1367 3400 1407 eorum
3448 1368 3546 1407 an-

1976 1443 2319 1497 nuntiaretur
2347 1444 2402 1498 in
2434 1445 2688 1501 universo
2714 1445 2915 1499 mundo
2940 1445 3015 1498 “?
3035 1443 3225 1499 Nonne
3252 1444 3464 1499 dicebat
3489 1445 3543 1499 in

1976 1550 2179 1587 omnem
2210 1543 2406 1588 terram
2434 1536 2627 1589 exiisse
2655 1535 2810 1590 verba
2833 1552 3012 1590 eorum
3035 1537 3112 1591 ην
3158 1535 3348 1596 Nonae
3376 1535 3543 1591 Deum

1977 1626 2313 1696 gloriﬁcabat
2341 1626 2479 1695 quod
2515 1630 2822 1697 mysterium
2866 1630 3183 1697 temporibus
3216 1630 3426 1684 wternis
3464 1639 3547 1683 ta-

1976 1720 2178 1783 citum,
2229 1720 2553 1788 patefactum
2600 1729 2737 1775 esset
2780 1721 2847 1774 ad
2901 1720 3247 1775 obeditionem
3314 1720 3438 1789 ﬁdei
3485 1724 3541 1775 in

1976 1809 2180 1861 cunctis
2229 1807 2466 1878 gentibus
2511 1808 2587 1862 "?
2629 1808 2828 1864 Eodem
2871 1810 3125 1880 loquendi
3175 1826 3371 1880 genere
3419 1812 3547 1865 alibi

1974 1913 2193 1967 quoque
2218 1899 2390 1951 utitur
2430 1897 2570 1952 idem
2602 1898 2895 1967 Apostolus
2942 1902 3010 1956 ad
3056 1900 3411 1957 Colossenses
3439 1921 3452 1957 :
3482 1902 3547 1955 In

1977 1987 2125 2042 verba
2151 1988 2386 2041 veritatis
2414 1986 2705 2058 Evangelii,
2733 1992 2963 2061 quod....
2998 1994 3051 2046 in
3083 1996 3319 2050 universo
3354 1994 3549 2049 mundo

1974 2090 2073 2143 est,
2101 2087 2149 2131 et
2196 2078 2485 2147 fructiﬁcat
2528 2089 2577 2132 et
2626 2082 2808 2135 crescit
2841 2081 2904 2134 “.
2934 2081 3000 2135 Et
3048 2084 3242 2139 iterum
3270 2106 3281 2140 :
3310 2085 3569 2155 Evange--

1980 2171 2201 2226 lium....
2251 2169 2596 2239 prazdicatum
2642 2181 2722 2225 est
2767 2174 2821 2226 in
2866 2175 3111 2230 universa
3141 2187 3402 2243 creatura,
3435 2194 3551 2247 qua:

1977 2261 2071 2315 sub
2085 2260 2211 2314 calo
2230 2270 2307 2314 est
2333 2261 2397 2323 “,
2414 2260 2480 2313 ad
2495 2258 2838 2316 Timotheum
2864 2264 2991 2318 item
3012 2279 3025 2315 ε
3044 2259 3195 2325 Quod
3206 2268 3550 2334 praedicatum

1976 2360 2056 2406 est
2081 2352 2340 2422 gentibus,
2373 2352 2627 2406 creditum
2656 2363 2733 2407 est
2763 2355 2817 2407 in
2849 2355 3042 2411 mundo
3074 2357 3118 2389 "
3146 2357 3413 2429 (magnum
3444 2362 3553 2415 sci-

1979 2442 2103 2496 licet
2148 2442 2357 2507 pietatis
2405 2444 2840 2514 sacramentum).
2890 2442 3001 2501 Nec
3045 2447 3237 2500 mirum
3285 2464 3445 2515 sane;
3494 2456 3554 2503 ut

1978 2536 2122 2589 enim
2168 2536 2306 2591 alios
2353 2548 2737 2607 przetereamus
2784 2541 3089 2610 apostolos,
3139 2556 3281 2597 unus
3324 2558 3554 2614 magnus

1978 2624 2203 2691 Paulus,
2237 2636 2377 2684 teste
2403 2638 2592 2685 nostro
2616 2630 2891 2686 Clemente
2913 2631 3044 2702 (95),
3078 2648 3255 2702 praeco
3286 2633 3462 2690 factus
3491 2636 3547 2690 in

1979 2715 2201 2775 Oriente
2226 2729 2280 2775 et
2309 2718 2694 2776 Occidentem.
2719 2738 2837 2774 cum
2866 2722 3163 2776 universum
3185 2723 3436 2777 mundum
3458 2724 3556 2778 do-

1980 2811 2171 2865 cuisset
2188 2810 2481 2879 justitiam,
2510 2820 2562 2865 et
2593 2810 2662 2864 ad
2694 2811 2987 2866 Occidentis
3019 2814 3293 2867 terminum
3314 2816 3554 2879 venisset,

1981 2918 2044 2954 ac
2075 2902 2169 2954 sub
2199 2902 2457 2969 prtefectis
2488 2904 2800 2972 martyrium
2823 2920 3009 2973 passus
3032 2914 3187 2968 esset,
3213 2907 3288 2958 ita
3315 2922 3341 2960 e
3363 2907 3557 2960 mundo

1979 2992 2271 3062 emigravit.
2304 2993 2439 3047 Cum
2465 2994 2580 3048 hac
2602 2996 2675 3048 ita
2706 2995 2837 3059 sint,
2862 2996 3049 3066 quidni
3080 3011 3209 3067 ergo
3230 3013 3355 3053 vere
3383 2999 3561 3069 scrip-

1908 3122 1949 3178 C
1982 3086 2114 3139 serit
2143 3085 2195 3138 in
2226 3086 2526 3155 posteriore
2554 3087 2783 3155 epistola
2797 3086 3048 3143 Clemens
3078 3086 3389 3146 Romanus:
3419 3089 3557 3145 Plu-

1983 3194 2066 3232 res
2096 3177 2228 3246 facti
2272 3193 2453 3232 sumus
2500 3176 2706 3232 Judteis
2726 3217 2742 3243 ,
2801 3178 2891 3248 qui
2922 3177 3087 3232 Deum
3114 3178 3303 3235 habere
3339 3197 3557 3235 censen-

1982 3279 2067 3323 tur
2089 3268 2117 3324 ἵ

2050 3357 2289 3411 Diluitur
2336 3355 2557 3425 objectio
2610 3357 2852 3425 septima.
2887 3385 2958 3395 -—
2993 3354 3191 3409 Verum
3237 3356 3305 3410 ad
3356 3359 3558 3412 nodum

1982 3448 2283 3519 graviorem
2328 3447 2645 3503 solvendum
2675 3446 2920 3503 studiose
2952 3462 3331 3517 properemus;
3372 3450 3562 3503 statuit

1981 3542 2127 3597 enim
2140 3541 2224 3595 vir
2244 3540 2315 3595 cl.
2335 3538 2576 3595 Venema
2601 3539 2712 3609 (94)
2734 3539 2977 3611 epistola:
3005 3539 3256 3594 secundae
3277 3548 3557 3595 auctorem

1983 3648 2042 3689 se
2089 3648 2120 3687 a
2163 3632 2442 3687 Clemente
2488 3631 2764 3687 diversum
2814 3646 2879 3686 eo
2933 3632 3053 3701 ipso
3097 3630 3361 3701 proﬁteri,
3408 3630 3557 3701 quod

1984 3725 2185 3781 Christi
2207 3725 2549 3780 divinitatem
2572 3739 2833 3795 expresse
2854 3725 3109 3789 inculcet,
3132 3731 3186 3779 et
3209 3722 3422 3779 Domini
3450 3739 3561 3779 non

1984 3826 2216 3880 tantum,
2250 3817 2345 3872 sed
2377 3815 2471 3871 Dei
2498 3815 2660 3871 etiam
2690 3815 2906 3869 titulum
2933 3816 2983 3870 ei
3008 3816 3246 3870 dandum
3279 3831 3403 3871 esse
3427 3831 3561 3870 con-

1984 3910 2196 3976 tendat;
2227 3924 2351 3964 cum
2396 3924 2561 3964 verus
2598 3906 2847 3963 Clemens
2870 3906 2981 3977 (95)
3028 3906 3080 3961 id
3123 3921 3392 3976 nusquam
3433 3906 3558 3961 data

1986 4015 2148 4069 opera
2180 3999 2390 4064 fecerit,
2418 4014 2519 4053 nec
2560 3998 2665 4053 alio
2695 4013 2758 4051 ac
2803 3997 3014 4052 Domini
3044 3998 3200 4051 titulo
3242 4013 3366 4052 eum
3393 4012 3559 4051 orna-

1984 4090 2142 4155 verit,
2175 4090 2298 4144 licet
2323 4089 2413 4143 bic
2442 4089 2553 4142 illic
2584 4103 2643 4143 se
2666 4086 2872 4143 Christi
2902 4086 3238 4141 divinitatem
3263 4102 3562 4158 agnoscere

1985 4181 2245 4238 insinuet.
2274 4180 2473 4235 Verum
2526 4180 2690 4234 unico
2734 4195 2801 4233 ex
2850 4179 3079 4248 epistola
3130 4180 3302 4249 prima
3349 4180 3561 4249 prolato

316 4286 426 4335 sive
449 4282 518 4334 ab
542 4282 664 4350 ipso
687 4281 846 4333 etiam
872 4278 1166 4340 Clemente,
1192 4283 1436 4331 sanctam
1458 4277 1599 4331 inter
1620 4277 1885 4332 actionem
1987 4277 2109 4330 loco
2138 4282 2251 4329 tota
2299 4273 2522 4329 eliditur
2556 4271 2807 4327 Venemae
2856 4272 3109 4340 objectio.
3159 4269 3249 4325 Sic
3276 4281 3453 4325 autem
3502 4286 3561 4325 se

315 4374 683 4443 precationem
713 4370 1019 4439 hujusmodi
1050 4368 1223 4425 sacris
1252 4366 1519 4422 ministris
1549 4368 1878 4424 recitandam

1988 4370 2151 4425 habet
2176 4387 2189 4422 :
2238 4367 2363 4429 Τοῖς
2387 4365 2615 4435 ἐφοδίοις
2642 4363 2735 4417 τοῦ
2758 4361 2890 4416 Θεοῦ
2920 4362 3242 4434 ἀρκούμενοι
3270 4362 3362 4413 κα).
3392 4378 3563 4432 προσ-

316 4463 509 4517 indixit
530 4461 645 4531 (90)
674 4480 687 4515 :
715 4460 851 4513 Deus
877 4460 1109 4527 ﬁdelium
1138 4459 1300 4513 Pater
1325 4474 1545 4521 summe,
1575 4459 1665 4528 qui
1691 4461 1745 4513 in
1776 4471 1878 4514 tota

1986 4460 2197 4532 έχοντες
2223 4460 2349 4521 τοὺς
2391 4458 2580 4525 λόγους
2608 4454 2773 4509 αὐτοῦ
2803 4452 3073 4523 ἐπιμελῶς
3093 4492 3107 4515 ,
3159 4453 3560 4523 ὲστερνισμένοι

316 4550 438 4605 orbe
479 4560 743 4603 terrarum
783 4550 1144 4615 promissionis
1174 4550 1313 4617 ﬁlios
1346 4548 1544 4615 diffusa
1582 4550 1876 4619 adoptionis

1980 4548 2079 4623 ἦτε
2106 4554 2217 4614 τοῖς
2246 4550 2591 4620 σπλάγχνοις,
2623 4548 2718 4600 καὶ
2744 4546 2811 4598 τὰ
2841 4544 3138 4614 παθήματα
3164 4541 3331 4596 αὐτοῦ
3361 4540 3428 4615 ἦν
3452 4544 3558 4615 πρὸ

316 4643 491 4711 gratia
536 4642 899 4707 multiplices,
950 4650 1000 4693 et
1047 4657 1139 4710 per
1186 4639 1448 4694 Paschale
1492 4650 1879 4695 sacramentum

319 4731 591 4784 Abraham
626 4747 843 4799 puerum
883 4741 1028 4782 tuum
1069 4731 1450 4797 universarum,
1486 4731 1621 4785 sicut
1652 4730 1878 4799 jurasti,

320 4826 548 4893 gentium
571 4823 725 4890 efﬁcis
745 4821 1097 4885 Patrem,etc.
1115 4822 1266 4889 ;alibi
1292 4837 1507 4891 quoque
1550 4822 1752 4877 clarius
1787 4823 1883 4877 ad-

324 4916 427 4969 buc
448 4915 561 4985 (91)
589 4934 601 4967 :
627 4913 788 4967 Pater
808 4913 931 4982 ﬁdei
954 4921 1144 4967 nostris
1168 4912 1435 4965 Abraham
1457 4927 1711 4978 summus,
1734 4912 1887 4967 obtu-

325 5007 384 5059 lit
411 5007 773 5060 holocaustum
800 5022 953 5073 super
980 5004 1148 5057 altare
1176 5020 1270 5072 pro
1299 5004 1431 5072 ﬁlio.

1984 4642 2273 4713 ὀφθαλμῶν
2306 4642 2477 4712 ὑμῶν.
2513 4639 2626 4693 Hoc
2652 4645 2738 4692 est
2764 4656 2776 4691 :
2798 4635 2894 4689 Dei
2924 4634 3112 4688 viatico
3143 4636 3368 4687 contenti
3396 4644 3442 4688 et
3460 4651 3564 4688 ser-

1987 4734 2225 4789 monibus
2254 4734 2403 4787 illius
2449 4731 2723 4802 diligenter
2746 4726 3087 4790 attendentes,
3139 4726 3353 4780 dilatati
3398 4728 3560 4781 eratis

1986 4827 2042 4880 in
2070 4824 2369 4889 visceribus,
2395 4834 2444 4877 et
2466 4824 2735 4893 passiones
2758 4820 2871 4889 ejus
2898 4835 3008 4889 prae
3036 4818 3200 4872 oculis
3232 4818 3372 4873 vobis
3387 4830 3557 4875 erant.

2064 4913 2168 4969 Ubi
2196 4914 2430 4984 primum
2476 4910 2900 4973 observandum,
2944 4908 3228 4964 relativum
3255 4908 3421 4962 αὑτοῦ
3476 4922 3564 4961 re-

1990 5004 2191 5075 spicere
2205 5005 2396 5076 procul
2425 5004 2591 5059 dubio
2620 5002 2865 5073 proxime
2889 4999 3215 5055 antecedens
3237 4998 3392 5053 Θεοῦ.
3422 4998 3559 5055 Cum

393 5118 473 5148 ¹·”
499 5116 656 5171 Rom.
693 5133 768 5178 ιι,
795 5116 847 5177 6,
879 5116 932 5171 8.
1008 5116 1050 5147 ⁸⁸
1071 5114 1246 5187 Colat.
1278 5130 1355 5177 vl,
1384 5115 1589 5187 15.716.
1656 5116 1695 5145 ¹¹
1729 5113 1878 5168 Rom.

1977 5116 2028 5172 8.
2108 5117 2150 5149 "
2175 5117 2331 5173 Item.
2360 5133 2413 5187 κ,
2436 5117 2522 5172 18.
2601 5116 2645 5149 ¹³
2685 5116 2841 5170 Rom.
2861 5130 2973 5179 xvi,
2994 5112 3086 5178 25,
3108 5112 3199 5166 26.
3276 5111 3319 5144 “
3343 5111 3555 5166 Coloss.

328 5202 367 5251 ι,
388 5188 446 5239 6.
542 5188 587 5219 ⁸⁸
618 5188 779 5252 ibid.,
810 5187 902 5240 25.
1006 5187 1049 5218 ¹⁶
1081 5186 1099 5239 l
1126 5186 1269 5238 Tim.
1302 5202 1386 5249 tu,
1417 5185 1503 5239 16.

398 5298 508 5367 (85)
529 5301 586 5355 ln
603 5300 805 5356 noviss.
826 5298 963 5368 Opp.
983 5299 1111 5355 edit.
1142 5298 1198 5353 S.
1243 5296 1443 5352 Justin.
1470 5294 1565 5361 M.,
1601 5294 1786 5350 adnot.
1812 5295 1881 5349 ad

328 5366 470 5420 hunc
497 5372 691 5420 locum.

366 5384 470 5423 UﬂC
497 5384 669 5422 IOCIJHI
679 5411 691 5423 .

397 5440 509 5507 (86)
544 5439 814 5501 Clemens,
848 5439 1005 5506 epist.
1031 5436 1066 5490 2
1115 5437 1181 5490 ad
1209 5436 1480 5500 Corintli.,
1521 5449 1639 5506 cap.
1675 5436 1699 5489 1
1740 5444 1793 5491 et
1821 5435 1879 5491 2.

402 5510 513 5577 (87)
556 5509 721 5571 Idem,
750 5509 910 5576 epist.
946 5510 997 5573 1,
1026 5523 1146 5577 cap.
1178 5507 1231 5562 4.

402 5523 513 5577 (δι)
556 5523 721 5571 mem,
750 5523 910 5576 eplSl.
946 5523 997 5573 1,
1026 5523 1086 5561 ca
1134 5550 1146 5563 .
1178 5523 1231 5562 4.

396 5579 509 5645 (88)
552 5578 717 5647 Epist.
750 5577 895 5631 Rom.
944 5523 1151 5647 pontiﬁ,
1184 5592 1305 5647 pag.
1336 5576 1427 5631 41.

395 5650 509 5719 (89)
548 5649 822 5719 Clemens:
852 5663 937 5717 ep.
971 5650 1024 5709 1,
1055 5664 1172 5716 cap.
1205 5649 1292 5702 5|.

395 5716 509 5791 (90)
549 5718 757 5773 Πὶδεαι.
783 5716 955 5783 Rom.,
983 5718 1215 5774 Sabbato
1238 5716 1514 5785 sancto,ad
1534 5716 1774 5787 prophet.
1825 5716 1877 5771 ι.

2059 5299 2171 5369 (91)
2212 5300 2536 5353 Breviarium
2564 5297 2739 5360 Rom.,
2768 5295 3004 5351 Sabbato
3021 5299 3145 5349 ante
3165 5292 3563 5367 Quinquagesi-

1984 5385 2152 5434 mam,
2185 5371 2249 5424 ad
2284 5370 2607 5439 Magniﬁcat.

2078 5440 2168 5507 92)
2207 5434 2399 5507 Clemf,
2428 5434 2586 5508 epist.
2618 5436 2675 5499 2.
2705 5450 2824 5505 cap.
2857 5434 2913 5491 2.

2078 5510 2167 5579 95)
2206 5510 2377 5591 Epist.
2411 5507 2473 5571 1,
2498 5524 2615 5630 αξξ.
2662 5507 2715 5561 5.

2079 5580 2173 5630 94)
2214 5581 2383 5630 Emst.
2415 5580 2471 5630 2.
2504 5578 2529 5630 Ε
2597 5584 2650 5630 υ.
2680 5592 2715 5630 ι)

2056 5577 2173 5650 (94)
2213 5577 2383 5650 Epist.
2415 5580 2471 5643 2,
2504 5578 2531 5649 §
2560 5577 2650 5644 2U,
2672 5592 2800 5650 pag.
2816 5577 2921 5650 _77.

2058 5585 2151 5650 (94
2213 5585 2383 5650 Epist.
2415 5585 2471 5643 2,
2504 5585 2531 5649 ᾗ
2560 5585 2650 5644 2U,
2680 5592 2800 5647 pag.
2835 5585 2864 5629 7

2058 5585 2173 5725 (95)
2212 5650 2382 5723 Epist.
2414 5650 2470 5716 2,
2508 5662 2629 5718 cap.
2665 5648 2688 5702 1
2724 5657 2778 5703 et
2815 5646 2868 5702 5.
