4070 6340
554 308 653 364 155

1675 306 1764 360 AD
1803 304 1860 362 S.
1900 302 2319 360 CLEMENTEM
2362 303 2380 356 l
2419 299 2647 356 PAPAM

3689 295 3785 348 £36

551 423 1032 494 θυιεηιπαθήματα
1060 424 1209 479 nullo
1238 432 1396 495 pacto
1411 424 1522 480 Deo
1541 423 1689 477 Patri
1730 421 1951 476 attribui
1972 421 2115 490 lpos-
2145 425 2189 481 A
2217 433 2278 473 ea
2309 432 2430 471 cum
2458 416 2600 470 idem
2639 415 2872 470 lrenaeus
2915 410 3282 483 apostolorum
3314 408 3651 478 temporibus
3679 415 3786 460 tam

551 515 681 577 sint,
712 514 980 583 reliquum
1009 523 1093 569 est
1150 524 1206 570 ut
1248 515 1336 569 hic
1375 515 1560 570 Jesum
1607 514 1886 568 Christum
1927 510 2122 565 Filium

550 603 668 670 Dei,
699 604 866 661 Deum
891 606 958 660 de
989 605 1118 671 Deo,
1151 606 1321 662 Deum
1357 621 1547 662 verum
1573 606 1641 662 de
1670 605 1779 660 Deo
1807 619 1935 661 vero
1965 604 2124 659 intel-

550 697 743 752 lexerit
770 705 994 753 sanctus
1026 698 1297 753 Clemens.

1078 787 1475 844 ARTICULUS
1511 788 1600 845 Ill.

620 895 688 932 DE
726 894 972 934 TEIPORB
1009 895 1113 942 QUO
1149 894 1398 942 UTBAQUE
1438 894 1698 934 EPISTOLA
1748 893 2053 934 CORINTHIIS

1132 966 1354 1005 SCRIPTA
1392 965 1540 1005 FUIT.

623 1059 699 1115 De
729 1070 975 1129 tempore,
1004 1078 1104 1130 quo
1134 1064 1305 1131 prima
1336 1063 1436 1132 fuit
1463 1072 1706 1128 exarata,
1739 1064 2004 1132 opiniones
2043 1061 2125 1115 di-

553 1168 730 1207 uerste.
758 1183 828 1192 —
851 1152 1111 1223 Superest
1142 1170 1289 1209 nunc
1319 1163 1532 1225 tempus
1577 1156 1982 1225 inquirendum,
2017 1168 2126 1222 quo

552 1250 781 1312 utraque
825 1245 1055 1312 epistola
1087 1248 1262 1300 sancti
1291 1247 1586 1302 Clementis
1629 1246 1792 1301 fuerit
1826 1245 2126 1299 Corinthiis

551 1335 776 1404 scripta.
828 1335 890 1388 Et
941 1337 1008 1393 de
1070 1340 1252 1408 priore
1295 1339 1510 1408 quidem
1543 1354 1737 1409 magna
1777 1339 1917 1393 inter
1945 1338 2128 1392 erudi-

548 1435 633 1483 tos
666 1427 810 1484 viros
838 1431 1208 1486 controversia
1231 1439 1334 1486 est.
1367 1430 1443 1485 Ac
1473 1432 1597 1486 licet
1623 1431 1796 1501 prima
1827 1431 1972 1485 illius
2003 1447 2126 1484 ver-

549 1518 616 1573 ba
646 1519 712 1574 de
745 1523 1123 1589 persecutione
1149 1523 1293 1576 dicta
1332 1539 1455 1579 esse
1481 1523 1726 1593 plerique
1765 1538 1955 1577 omnes
1995 1538 2129 1577 con-

549 1612 820 1678 sentiant,
855 1628 917 1667 ea
950 1621 1128 1669 tamen
1163 1615 1253 1669 alii
1283 1615 1348 1670 de
1368 1614 1620 1679 Neronis,
1655 1613 1745 1668 alii
1773 1613 1840 1668 de
1873 1613 2130 1668 Domitia-

548 1703 604 1757 ni
635 1706 1011 1774 persecutione
1042 1709 1491 1776 interpretantur.
1523 1706 1592 1761 Et
1627 1707 1765 1761 hanc
1791 1707 2009 1776 quidem
2037 1705 2124 1759 alii

2223 510 2435 562 vicinus
2465 507 2797 560 Clementem
2827 505 2987 559 tertio
3014 504 3133 557 loco
3161 503 3232 557 ab
3261 500 3526 571 apostolis
3548 507 3672 570 post
3699 497 3788 551 Li-

2223 616 2351 655 num
2373 599 2665 670 etCletum,
2684 613 2800 663 seu,
2829 604 2889 650 ut
2904 603 3082 659 vocat,
3110 593 3450 655 Anacletnm,
3471 589 3658 646 Romae
3677 590 3791 660 epi-

2223 698 2500 759 sc0patum
2549 688 2798 742 sortitum
2848 700 2972 740 esse
3007 685 3233 748 scribat,
3285 683 3554 752 reliquum
3591 687 3696 745 est,
3733 691 3791 733 ut

2222 796 2345 836 eum
2373 778 2616 849 pluribus
2650 785 2772 847 post
2801 776 3066 830 Neronem
3103 773 3260 829 annis
3306 773 3563 828 Romanae
3606 771 3792 828 Eccle-

2224 871 2320 926 siae
2365 869 2884 924 administrationem
2936 867 3244 936 suscepisse
3289 865 3599 921 crediderit.
3637 864 3793 919 Hunc

2225 972 2403 1018 autem
2432 977 2496 1017 ea
2542 963 2597 1016 in
2628 977 2687 1017 re
2719 961 2916 1016 falsum
2963 975 3106 1023 esse,
3137 961 3258 1029 quis
3287 959 3390 1013 sibi
3436 958 3795 1028 persuadeat?

2226 1052 2412 1107 Eidem
2441 1051 2807 1121 sulfragantur
2832 1057 2885 1105 et
2918 1049 3166 1120 plerique
3218 1048 3431 1113 Patres,
3462 1050 3557 1118 qui
3591 1048 3795 1102 Roma-

2226 1158 2417 1196 norum
2446 1141 2758 1211 pontificum
2789 1143 2984 1196 seriem
3019 1149 3229 1207 texunt,
3262 1150 3424 1211 atque
3452 1141 3554 1209 ipsi
3583 1151 3794 1195 veteres

2226 1233 2480 1303 catalogi,
2510 1234 2564 1286 in
2600 1234 2796 1302 quibus
2825 1231 2986 1288 Petro
3014 1232 3204 1296 Linus,
3238 1232 3373 1287 Lino
3415 1231 3620 1299 Cletus,
3665 1233 3796 1286 huic

2226 1326 2476 1380 Clemens
2506 1326 2840 1381 successisse
2866 1326 3081 1395 legitur.
3111 1326 3230 1395 Ipsa
3258 1341 3472 1395 quoque
3501 1325 3800 1382 Clementis

2227 1418 2388 1471 verba
2427 1417 2603 1486 capite
2630 1417 2699 1470 44
2728 1416 2892 1486 hujus
2925 1417 3167 1485 epistola:
3195 1417 3540 1471 occurrentia
3573 1417 3666 1484 qui
3696 1431 3796 1469 ex-

2226 1507 2495 1578 ‘penderit,
2530 1509 2619 1562 ubi
2650 1509 2866 1562 laudata
2900 1508 3270 1578 apostolorum
3303 1508 3638 1578 providentia
3670 1507 3799 1562 sub-

2228 1600 2336 1654 dit:
2359 1599 2460 1664 Qui
2479 1599 2639 1670 igitur
2664 1599 2727 1653 ab
2756 1599 2886 1665 illis,
2911 1608 3001 1652 aut
3029 1598 3264 1666 deinceps
3291 1600 3356 1653 ab
3384 1601 3505 1653 aliis
3530 1601 3651 1655 viris
3680 1603 3798 1655 exi-

2231 1692 2351 1744 miis
2386 1692 2656 1744 constituti
2684 1700 2894 1746 sunt....
2933 1708 2995 1744 ac
3038 1690 3190 1761 longo
3219 1699 3443 1760 tempore
3480 1692 3794 1760 praeclarum

547 1793 865 1862 fel-ventem,
904 1797 995 1850 am
1045 1799 1384 1854 desincmcm
1433 1800 1772 1869 intelligunt;
1804 1799 1933 1852 hinc
1977 1799 2125 1852 circa
2156 1777 2197 1830 Β
2225 1783 2289 1835 ab
2328 1781 2567 1835 omnibus
2611 1783 2967 1837 testimonium
3006 1791 3357 1850 reportarunt,
3391 1783 3482 1836 hos
3526 1800 3795 1837 censemus

551 1896 783 1959 tempus,
816 1906 925 1961 quo
955 1893 1182 1960 epistola
1214 1892 1305 1945 illa
1334 1901 1558 1947 exarata
1590 1898 1695 1956 est,
1729 1891 1923 1960 triplex
1951 1890 2125 1944 maxi-

547 1993 635 2032 me
669 1981 864 2035 existit
895 1983 1105 2051 opinio.
1146 1981 1327 2035 Prima
1370 1990 1456 2036 est
1493 1979 1720 2035 Joannis
1748 1979 1960 2034 Ernesti
1989 1978 2125 2033 Gra-

497 2111 502 2115 .
548 2069 620 2123 bii
643 2070 778 2140 (96),
810 2071 957 2143 Pagii
984 2072 1117 2144 (97).
1147 2073 1269 2127 Orsi
1295 2073 1406 2145 (98)
1431 2112 1446 2136 ,
1486 2079 1540 2128 et
1574 2072 1839 2126 Gallandii
1862 2070 1998 2144 (99),
2031 2070 2124 2140 qui

546 2177 664 2216 eam
693 2163 926 2218 Neronis
957 2167 1334 2234 persecutione
1364 2165 1667 2228 desinente,
1715 2163 1961 2232 proxime
2002 2172 2125 2233 post

547 2255 916 2324 apostolorum
933 2254 1078 2309 Petri
1101 2263 1153 2310 et
1171 2255 1323 2308 Pauli
1350 2256 1692 2326 martyrium,
1719 2255 1820 2309 hoc
1847 2263 1955 2322 est,
1980 2270 2125 2310 anno

543 2344 750 2399 Christi
779 2344 847 2399 68
881 2347 963 2399 vel
993 2346 1156 2400 etiam
1192 2346 1260 2400 65
1281 2352 1534 2408 exeunte,
1561 2346 1820 2414 scriptam
1850 2360 1972 2400 esse
1999 2359 2127 2399 con-

545 2437 802 2506 tendunt;
843 2439 1014 2492 altera
1046 2436 1322 2493 Godefridi
1372 2437 1670 2501 Vendelini,
1705 2437 1948 2492 eamdem
1981 2451 2123 2492 anno

544 2527 749 2582 Christi
778 2527 848 2582 95
888 2526 1130 2582 fervente
1169 2528 1458 2582 Domitiani
1486 2527 1865 2597 persecutione
1897 2528 2124 2596 alligan-

548 2617 642 2674 tis.
673 2615 955 2672 Postrema
986 2617 1241 2672 Cotelerii
1272 2627 1433 2688 atque
1461 2618 1810 2682 Tillemontii,
1841 2619 1932 2688 qui
1973 2619 2122 2672 illam

545 2709 830 2765 desinente
864 2709 1110 2777 ejusdem
1159 2709 1504 2780 imperatoris
1555 2712 1935 2781 persecutione
1975 2712 2121 2768 circa

547 2814 751 2854 annum
793 2797 998 2853 Christi
1035 2799 1103 2852 97
1142 2801 1399 2869 scriptam
1452 2802 1809 2857 arbitrantur.
1859 2800 2120 2867 Quartam

545 2890 632 2945 vir
675 2890 1017 2947 clarissimus
1061 2888 1322 2946 Claudius
1366 2890 1560 2962 Fleury
1587 2892 1732 2962 (100)
1773 2895 2118 2959 excogitavit,

545 2995 667 3050 quae
710 2980 777 3035 ad
807 2978 991 3034 Grabii
1035 2981 1359 3034 sententiam
1391 2983 1615 3053 pr0pius
1645 2983 1876 3038 accedit.
1919 2981 2122 3053 Nempe

547 3070 616 3124 ad
645 3072 697 3125 id
742 3079 976 3140 tempus,
1006 3072 1150 3141 quod
1184 3071 1414 3127 Neronis
1462 3072 1739 3128 interitum
1789 3074 2020 3144 excepit,
2066 3083 2120 3128 et

547 3163 1059 3235 Jerosolymitanum
1091 3164 1385 3221 antecessit
1413 3165 1706 3230 excidium,
1735 3165 1925 3220 referri
1957 3181 2120 3236 posse

548 3256 820 3326 opinatur,
866 3263 919 3309 et
948 3270 1108 3310 casus
1151 3255 1429 3318 adversos,
1479 3256 1534 3309 in
1564 3257 1805 3324 epistolae
1852 3257 2120 3326 principio

549 3354 898 3411 memoratos,
932 3348 999 3402 de
1029 3347 1170 3402 bello
1199 3347 1524 3419 civili,quod
1551 3347 1780 3404 Neronis
1809 3364 1957 3403 mors
1980 3348 2124 3403 exci-

550 3438 704 3503 tavit,
730 3438 1136 3507 interpretatur.

619 3527 774 3584 Circa
806 3546 997 3583 annum
1029 3529 1228 3585 Christi
1255 3529 1345 3595 97,
1376 3531 1716 3600 probabiliter
1745 3531 1944 3601 scripta
1981 3531 2120 3585 dici-

550 3629 657 3678 tur.
680 3652 747 3662 —
771 3621 1074 3677 Obscurum
1111 3639 1220 3677 non
1254 3631 1358 3687 est,
1385 3623 1716 3679 Clementem
1747 3625 1820 3678 ibi
1842 3625 1908 3679 de
1930 3639 2122 3678 terum-

550 3716 658 3778 nis,
688 3715 887 3784 quibus
931 3730 1192 3785 oppressa
1239 3721 1356 3770 erat
1399 3714 1643 3770 Romana
1686 3716 1949 3782 Ecclesia,
1996 3732 2121 3771 cum

551 3805 959 3860 Corinthiorum
986 3805 1273 3875 epistolam
1323 3806 1551 3875 accepit,
1582 3806 1678 3861 sed
1719 3821 1751 3860 a
1779 3807 1976 3876 quibus
2031 3821 2124 3862 re-

548 3901 808 3971 spirabat,
829 3913 952 3952 cum
997 3899 1138 3954 hanc
1182 3901 1488 3970 rescripsit,
1542 3901 1741 3955 habere
1792 3915 2119 3964 sermonem,

551 3987 794 4058 adeoque
820 3987 1110 4044 Vcndelini
1140 3990 1207 4045 de
1233 3992 1613 4061 persecutione
1641 3992 1879 4048 fervente
1904 4001 2124 4047 senten-

551 4080 682 4133 tiam
710 4080 933 4136 minime
961 4081 1292 4150 probandam
1324 4097 1465 4138 esse.
1498 4081 1681 4152 Neque
1707 4083 1888 4138 minus
1916 4091 2122 4138 certum

551 4181 618 4220 ex
649 4167 839 4222 eodem
865 4169 1092 4224 exordio
1121 4171 1430 4238 coniicitur,
1458 4187 1730 4227 aerumnas
1761 4172 1880 4227 illas
1907 4173 1974 4228 de
2002 4188 2124 4242 per-

551 4260 832 4316 secutione
852 4260 1082 4318 Neronis
1105 4264 1446 4332 interpretari
1478 4281 1583 4319 non
1609 4266 1789 4321 licere.
1815 4265 1958 4320 Nihil
1979 4267 2124 4320 enim

550 4358 689 4415 erat,
722 4366 820 4405 cur
847 4352 902 4406 in
936 4352 1238 4407 litterarum
1269 4354 1518 4409 tarditate
1540 4353 1833 4409 Corinthiis
1857 4370 2124 4410 excusan-

2145 3113 2191 3174 C

2225 1875 2384 1943 oﬁicio
2414 1874 2609 1942 injuste
2659 1872 2832 1942 dejici.
2867 1873 3012 1937 Haec,
3043 1875 3283 1944 inquam,
3314 1875 3406 1946 qui
3456 1874 3795 1943 expenderit,

2224 1981 2546 2051 persuasum
2579 1965 2681 2021 sibi
2712 1965 2952 2030 habebit,
2983 1966 3269 2035 epistolam
3299 1966 3457 2020 istam
3488 1973 3617 2018 tunc
3650 1973 3794 2019 tem-

2225 2057 2374 2126 poris
2404 2058 2767 2128 conscriptam
2797 2073 2944 2124 esse,
2973 2072 3096 2112 cum
3129 2058 3196 2111 ab
3244 2056 3420 2111 cilicio
3454 2071 3553 2110 suo
3598 2056 3792 2111 remoti

2226 2149 2457 2203 fuissent
2505 2150 2838 2221 presbyteri;
2873 2149 2965 2220 qtti
3024 2164 3134 2203 non
3182 2150 3359 2204 solum
3388 2149 3457 2204 ab
3506 2149 3794 2218 apostolis,

2225 2240 2320 2296 sed
2346 2241 2507 2296 etiam
2538 2241 2606 2296 ab
2633 2241 2756 2297 aliis
2783 2242 3060 2311 deinceps,
3092 2241 3195 2295 hoc
3220 2249 3303 2295 est
3332 2241 3400 2294 ab
3429 2255 3617 2294 eorum
3663 2255 3796 2293 suc-

2223 2331 2535 2387 cessoribus
2578 2332 2831 2396 ordinati,
2880 2347 3079 2387 munus
3128 2348 3286 2388 suum
3343 2332 3505 2401 longo
3550 2341 3797 2400 tempore

2224 2425 2492 2479 obierant.
2527 2423 2791 2478 Standum
2822 2425 2984 2495 igitur
3017 2430 3101 2479 est
3130 2424 3411 2479 sententia:
3465 2423 3700 2486 Eusebii,
3735 2425 3793 2477 in

2224 2517 2381 2586 cujus
2405 2516 2676 2571 Chronico
2700 2518 2775 2586 (3)
2818 2516 3164 2586 pontificatus
3198 2515 3494 2570 Clementis
3542 2516 3695 2569 initia
3722 2517 3795 2570 ad

2225 2615 2527 2678 postremos
2601 2607 2892 2662 Domitiani
2944 2609 3286 2678 imperatoris
3323 2623 3496 2662 annos
3544 2609 3798 2663 referun-

2224 2708 2331 2754 tur.
2360 2697 2514 2754 Undc
2543 2699 2678 2753 nihil
2704 2699 2901 2754 rationi
2928 2701 3100 2771 magis
3133 2707 3556 2755 consentaneum
3599 2715 3799 2755 occur-

2224 2793 2315 2855 rit,
2347 2806 2506 2861 quam
2539 2797 2595 2844 ut
2632 2790 3040 2846 Corinthiorum
3077 2793 3360 2862 epistolam
3391 2793 3647 2847 Steviente
3691 2792 3798 2847 Do-

2222 2885 2426 2938 mitiani
2453 2885 2827 2954 persecutione
2867 2883 3092 2938 Romam
3137 2885 3470 2954 pervenisse,
3500 2894 3660 2957 atque
3687 2887 3800 2942 illis

2220 2976 2406 3032 eadem
2435 2977 2809 3045 persecutione
2830 2975 3113 3032 desinente
3141 2992 3171 3030 a
3201 2977 3479 3033 Clemente
3515 2981 3662 3034 circa
3697 2996 3801 3033 an-

2221 3084 2351 3122 num
2380 3067 2580 3122 Christi
2612 3068 2681 3122 97
2711 3070 3037 3139 rescriptum
3072 3085 3194 3124 esse
3221 3086 3563 3126 censeamus.

2287 3159 2790 3230 Jerosolymitanum
2842 3163 3087 3231 templum
3134 3163 3336 3216 stetisse
3385 3178 3450 3217 ea:
3479 3180 3541 3218 ea
3582 3163 3802 3216 minimc

2221 3252 2516 3320 con/icitur.
2558 3282 2628 3292 -—
2660 3251 2846 3322 Neque
2878 3254 2964 3309 his
2992 3253 3309 3309 adversatur
3340 3254 3470 3309 illud
3497 3254 3801 3310 Clementis

2220 3344 2390 3398 nostri
2415 3345 2526 3416 (4):
2563 3345 2682 3399 Non
2711 3347 2917 3415 ubique,
2950 3346 3162 3415 fratres,
3192 3347 3483 3415 o/feruntur
3525 3349 3800 3416 sacriﬁcia

2212 3437 2388 3507 jugia,
2423 3438 2499 3491 vel
2546 3439 2734 3502 votiva,
2767 3444 2842 3493 vel
2870 3456 2965 3508 pro
2989 3449 3199 3508 peccato
3229 3449 3278 3493 et
3320 3439 3532 3504 delicto,
3564 3441 3653 3494 sed
3699 3437 3804 3494 Je-

2221 3527 2496 3599 rosolymis
2522 3538 2746 3584 tantum.
2776 3529 2927 3585 Licet
2949 3530 3182 3587 Grabius
3214 3531 3340 3584 hinc
3360 3539 3511 3586 certo
3537 3532 3639 3587 sibi
3667 3547 3802 3586 con.

2221 3629 2368 3678 stare
2397 3621 2564 3684 dicat,
2596 3623 2856 3693 templum
2890 3622 3405 3694 Jerosolymitanum
3435 3633 3566 3679 tunc
3608 3626 3800 3681 stetis-

2221 3729 2299 3778 se,
2326 3721 2486 3784 atque
2511 3715 2780 3770 excidium
2811 3716 2976 3779 illius,
3006 3718 3148 3786 quod
3177 3717 3232 3772 in
3262 3731 3462 3772 annum
3488 3718 3553 3772 70
3581 3717 3796 3783 incidit,

2221 3802 2450 3858 necdum
2485 3805 2812 3875 contigisse;
2835 3807 3075 3876 alioquin
3105 3822 3211 3862 non
3236 3809 3548 3876 oﬂ‘eruntur,
3578 3810 3632 3864 in
3661 3825 3800 3880 prte-

2222 3897 2383 3959 senti,
2414 3895 2509 3951 sed
2541 3897 2669 3952 olim
2703 3897 3078 3966 oﬂerebantur,
3115 3898 3309 3955 fuisset
3335 3900 3644 3957 dicendum.

2297 3986 2494 4043 Verum
2535 4003 2644 4043 non
2675 3989 2810 4045 satis
2853 3990 3084 4045 attendit
3123 3991 3204 4045 vir
3233 3991 3480 4048 eruditus
3521 3996 3796 4050 sermonis

2221 4096 2404 4145 usum,
2443 4096 2550 4151 quo
2594 4098 2682 4138 res
2711 4084 3014 4152 praeteritas
3041 4084 3207 4138 veluti
3236 4093 3530 4153 praesentes
3561 4085 3630 4139 ob
3657 4101 3800 4139 ocu-

2223 4173 2304 4227 los
2332 4187 2555 4241 ponere,
2587 4181 2642 4229 et
2671 4190 2768 4244 per
2793 4189 3034 4244 praesens
3065 4182 3280 4243 tempus
3329 4174 3614 4230 enuntiare
3661 4190 3797 4228 nar-

2223 4263 2369 4317 ranti
2397 4264 2540 4319 licet.
2573 4264 2712 4331 Quid
2745 4267 2886 4321 enim
2921 4266 2976 4320 in
3007 4266 3109 4320 hac
3138 4266 3365 4335 epistola
3397 4266 3499 4320 sibi
3528 4266 3660 4328 vult.
3699 4284 3788 4319 sa-

2225 4357 2424 4426 criﬁcia
2452 4373 2554 4411 non
2582 4358 2636 4411 in
2659 4360 2802 4411 omni
2831 4359 2968 4424 loco,
2997 4357 3086 4413 sed
3113 4356 3454 4428 Jerosolymis
3486 4367 3686 4412 tantum
3715 4360 3802 4428 of-

556 4443 626 4498 da
687 4444 793 4498 hoc
838 4452 1136 4509 taceretur,
1195 4444 1414 4500 Petrum
1465 4445 1751 4509 videlicet,
1793 4446 1954 4514 cujus
2001 4454 2119 4500 erat
2154 4445 2196 4500 D
2225 4449 2486 4517 feruntur,
2524 4450 2628 4505 nisi
2681 4451 2842 4515 illud,
2873 4466 2940 4505 ex
2987 4451 3302 4519 praescripto
3350 4451 3481 4521 legis
3520 4451 3792 4505 sacrificia

553 4536 796 4608 ipsorum
820 4539 1137 4595 satisfacere
1156 4540 1572 4610 quaestionibus,
1595 4540 1661 4593 iis
1678 4540 1911 4609 acceptis
1935 4538 2126 4594 deten-

552 4643 690 4694 tum,
723 4650 944 4697 caesum,
973 4643 1028 4688 et
1066 4651 1096 4689 e
1140 4635 1278 4689 vivis
1313 4634 1482 4688 fuisse
1515 4634 1810 4691 sublatum.
1839 4634 2040 4690 Deinde
2068 4637 2123 4691 in

551 4733 671 4780 toto
710 4725 965 4796 Epistolas
993 4734 1248 4780 contextu
1289 4726 1423 4779 illud
1455 4725 1723 4788 innuitur,
1754 4741 1878 4780 eum
1921 4727 2121 4796 ipsum,

552 4817 646 4886 qui
676 4832 824 4870 nunc
861 4817 1140 4881 rescribit,
1172 4817 1325 4885 prius
1357 4815 1766 4871 Corinthiorum
1793 4818 1994 4888 scripta
2033 4834 2124 4874 ac-

553 4909 786 4979 cepisse.
817 4908 1084 4975 Quocirca
1115 4909 1183 4963 ad
1214 4910 1450 4963 litteram
1485 4909 1817 4980 intelligendi
1848 4919 1977 4966 sunt
2010 4919 2123 4965 tum

557 4999 790 5055 lrenzeus
812 5000 911 5070 (l),
937 5009 1052 5054 tum
1082 4999 1414 5069 Hegesippus
1437 4999 1535 5071 (2),
1556 5015 1679 5056 cum
1701 5002 2121 5072 dissensionem,

554 5107 717 5161 quam
749 5091 940 5148 sedare
988 5107 1133 5145 nunc
1172 5103 1399 5146 conatur
1427 5091 1697 5158 Clemens,
1731 5109 1837 5148 non
1871 5097 1974 5150 sub
2021 5095 2123 5150 Pe-

556 5192 660 5246 tro,
682 5183 776 5237 sed
805 5181 1191 5238 subClemente
1214 5191 1389 5237 ortam
1421 5200 1542 5240 esse
1567 5193 1858 5241 testantur.
1890 5185 2126 5241 Praeter-

629 5338 740 5413 (00)
778 5338 1023 5413 S_picileg.
1045 5339 1323 5413 _Patrum.,
1353 5351 1486 5398 tom.
1515 5342 1556 5410 1,
1582 5357 1708 5413 pag.
1741 5341 1846 5396 254
1869 5351 1922 5397 et
1949 5341 2074 5397 255.

882 5412 1001 5464 crit.
1035 5411 1272 5484 Baronii,
1304 5414 1370 5468 ad
1404 5409 1548 5484 anns
1571 5409 1722 5484 78,'§
1753 5413 1807 5468 5.

632 5481 752 5554 (98)
785 5480 990 5536 Histor.
1017 5483 1167 5549 eccl.,
1200 5483 1294 5539 lib.
1325 5500 1385 5549 tt,
1422 5483 1448 5554 §
1481 5483 1569 5547 52,
1602 5480 1735 5539 toni.
1770 5484 1812 5548 l,
1841 5498 1962 5552 pag.
1994 5482 2121 5545 till,

559 5551 689 5605 edit.
720 5550 877 5605 Rom.

631 5621 848 5694 (99)]n
883 5625 1072 5678 noviss.
1113 5623 1361 5678 Biblioth.
1398 5622 1536 5692 PR,
1567 5632 1698 5682 tom.
1732 5623 1773 5689 ἰ,
1805 5624 1859 5678 in
1891 5624 2120 5694 prolcg.,

564 5708 683 5763 pag.
722 5691 806 5756 l9,
847 5709 995 5750 nam.
1024 5695 1076 5748 9.

2222 4539 2573 4612 Jerosolymis
2605 4551 2807 4595 tantum
2856 4543 3182 4611 oﬁerunmr?
3209 4542 3352 4612 quod
3392 4541 3609 4612 quidem
3652 4558 3794 4614 prm-

2224 4635 2486 4704 scriptum
2511 4649 2636 4687 cum
2664 4635 2961 4689 etiamnum
2993 4635 3049 4688 in
3080 4634 3196 4703 lege
3233 4641 3472 4698 maneat,
3509 4633 3624 4702 ipsa
3669 4633 3794 4688 Cle-

2225 4725 2423 4780 mentis
2447 4724 2608 4779 verba
2639 4725 2799 4777 etiam
2828 4724 2986 4780 nobis
3023 4723 3214 4779 efferre
3261 4738 3369 4777 non
3417 4725 3596 4793 inepte
3643 4740 3792 4778 nunc

2224 4817 2428 4871 liceret.
2460 4814 2664 4885 Nempe
2689 4815 2940 4871 Clemens
2970 4814 3376 4885 comparatione
3415 4829 3480 4868 ac
3505 4829 3656 4870 more
3693 4813 3792 4868 Ju-

2224 4909 2484 4972 datorum,
2517 4908 2715 4977 quibus
2757 4906 3150 4960 sacrificiorum
3183 4906 3328 4978 leges
3370 4922 3401 4960 a
3434 4908 3615 4978 Moyse
3653 4923 3791 4976 pra:-

2225 5001 2559 5060 scribuntur,
2593 4998 2919 5053 Christianis
2951 5004 3141 5050 auctor
3170 5005 3274 5062 est,
3308 5004 3368 5052 ut
3397 5005 3452 5053 et
3480 4997 3582 5067 ipsi
3613 5004 3783 5052 statu-

2226 5102 2339 5148 tum
2372 5092 2440 5146 ab
2466 5092 2726 5162 apostolis
2758 5091 3092 5145 oblationum
3122 5098 3176 5144 et
3205 5089 3500 5144 ciliciorum
3543 5091 3784 5144 ordinem

2227 5193 2532 5239 reverenter
2559 5181 2829 5251 accipiant
2859 5196 2922 5235 ac
2949 5189 3184 5236 servent.
3217 5180 3330 5236 Hoc
3357 5187 3556 5244 autem,
3587 5187 3646 5234 ut
3672 5180 3781 5250 ipsa

2294 5340 2440 5410 (lOO)
2482 5338 2664 5394 Tom.l
2697 5337 2843 5394 Eccl.
2875 5338 3022 5410 hist,
3051 5353 3174 5408 pag.
3204 5337 3330 5401 265,
3363 5339 3492 5394 edit.
3535 5338 3720 5410 Latin.

2294 5408 2370 5478 ll)
2408 5410 2524 5463 Lib.
2561 5424 2619 5479 nt
2664 5409 2879 5464 Advers.
2911 5409 3120 5479 Itazres.,
3162 5425 3280 5479 cap.
3316 5411 3369 5474 5,
3403 5419 3456 5464 et
3490 5410 3630 5479 apud
3675 5408 3779 5464 Et»

2224 5481 2454 5542 sebiutn,
2492 5478 2660 5543 Η.Ε.,
2695 5479 2786 5533 lib.
2823 5496 2872 5541 v,
2903 5496 2952 5534 c.
2982 5478 3035 5535 6.

2294 5549 2369 5620 (2)
2410 5551 2563 5619 Apud
2594 5549 2812 5614 Euseb.,
2846 5551 2940 5606 lib.
2973 5565 3046 5614 tv,
3077 5566 3196 5619 cap.
3225 5549 3316 5606 22.

2296 5621 2373 5689 (3)
2411 5620 2544 5688 Cap.
2579 5621 2666 5676 15.

2295 5692 2370 5762 (4)
2411 5691 2577 5762 Epist.
2610 5693 2633 5746 l
2667 5691 2859 5758 Cletn.,
2891 5706 3008 5762 cap.
3039 5689 3126 5745 ll.
