4070 6340
290 394 395 448 157

1531 387 1868 443 Ρηοοεδιιλ
1907 387 2288 446 VARIORUM.

3425 400 3523 455 158

279 509 368 560 vir
396 505 783 560 celeberrimus
812 505 1070 560 Claudius
1105 504 1296 577 Fleury
1328 505 1524 560 fatetur
1548 505 1649 574 (5),
1684 505 1738 560 in
1763 521 1859 560 ex-
1888 507 1930 564 A
1960 506 2050 574 qui
2083 515 2302 577 propter
2335 507 2643 570 exordium,
2677 511 2730 561 in
2761 523 2870 577 quo
2897 509 3154 563 salutatio
3193 524 3315 563 cum
3367 525 3527 580 prece

280 597 543 666 ponendis
574 597 1073 667 comparationibus
1102 613 1204 651 usu
1233 598 1400 661 venit,
1434 606 1493 652 ut
1525 613 1612 652 res
1635 612 1858 668 praeter-

1960 596 2497 666 conjuncta,contra
2529 599 2902 668 apostolorum
2969 609 3134 668 atque
3175 600 3348 669 ipsius
3402 602 3528 656 Cle-

283 689 376 742 it:e
425 688 643 758 perinde
675 705 739 745 ac
766 690 812 745 si
837 698 1131 761 praesentes
1159 690 1432 754 adessent,
1459 689 1528 745 ob
1556 691 1744 746 oculos
1768 705 1863 760 po-
1960 690 2159 744 mentis
2189 693 2594 758 morem,deest,
2626 707 2744 746 eam
2799 694 2851 747 in
2896 693 3240 748 homiliarmn
3299 710 3526 750 censum

279 788 502 833 nantur.

347 871 459 926 Nec
489 874 724 944 sequitur
754 891 820 929 ea:
865 893 948 939 ea,
979 887 1035 930 ut
1063 874 1210 930 Petri
1237 885 1284 930 et
1334 875 1496 930 Pauli
1541 878 1855 947 martyrium

271 966 509 1028 proxime
528 967 1104 1035 exceperit—Frustra
1127 969 1288 1023 etiam
1311 968 1640 1023 Clementem
1673 971 1855 1040 proxi-

275 1071 356 1109 me
386 1065 515 1126 post
539 1057 684 1113 Petri
715 1067 769 1113 et
814 1058 967 1114 Pauli
999 1063 1318 1132 martyrium
1365 1063 1653 1131 scripsisse
1681 1079 1747 1118 ex
1788 1078 1854 1118 eo

276 1149 573 1219 colligitur,
593 1151 738 1220 quod
759 1153 937 1222 capite
957 1153 989 1208 4
1012 1153 1119 1224 (6),
1153 1154 1358 1219 Abelis,
1376 1154 1783 1227 Jacob,.Moysis
1801 1164 1854 1211 et

276 1236 520 1303 Davidis,
563 1241 657 1310 qui
701 1257 796 1311 per
832 1245 1232 1299 aemulationem
1288 1261 1352 1300 ac
1404 1246 1661 1300 invidiam
1686 1249 1853 1301 multa

276 1332 416 1400 passi
453 1341 606 1395 sunt,
640 1335 927 1402 pra’missis
957 1337 1230 1406 exemplis,
1264 1339 1452 1407 capitis
1485 1339 1518 1393 5
1541 1339 1692 1392 initio
1723 1341 1851 1393 sub-

268 1424 413 1491 jicit:
453 1441 471 1472 (
507 1423 610 1478 Sed
642 1426 819 1479 missis
861 1427 1115 1482 veteribus
1159 1431 1406 1497 eremplis
1459 1432 1726 1486 veniamus
1782 1434 1852 1487 ad

275 1513 554 1580 proximos
577 1514 812 1570 athletas
839 1527 886 1568 et
922 1519 1095 1571 wtatis
1126 1529 1319 1573 nostra:
1343 1537 1591 1590 generosa
1613 1525 1851 1592 exempla

272 1619 543 1656 sumamus
569 1605 667 1675 (7),
708 1625 724 1656 ι
753 1621 816 1660 ac
862 1605 1057 1663 deinde
1086 1607 1231 1663 Petri
1259 1618 1311 1665 et
1355 1611 1505 1666 Pauli
1532 1616 1850 1686 martyrium

271 1703 508 1749 enarrat.
539 1695 709 1750 Nemo
741 1697 884 1752 enim
909 1715 1019 1754 non
1041 1701 1214 1766 .videt,
1240 1719 1401 1772 quam
1431 1712 1577 1760 recte
1600 1705 1850 1763 Clemens

274 1786 414 1838 circa
448 1801 654 1841 annum
687 1788 890 1846 Christi
917 1792 986 1846 97
1012 1792 1159 1848 Petri
1210 1809 1274 1847 ac.
1299 1793 1453 1850 Pauli
1503 1801 1845 1870 martyrium,

1957 781 2294 836 referendam
2352 798 2476 837 esse
2519 784 2806 852 judicavit.
2841 783 3039 839 Verum
3101 803 3209 841 non
3251 795 3399 840 tanta
3442 795 3528 841 est

1957 874 2073 928 haec
2111 875 2272 937 ratio,
2321 886 2378 929 ut
2408 885 2675 940 veterum,
2723 878 2814 946 qui
2857 877 3133 945 epistolam
3182 888 3523 949 nuncupant,

1956 982 2172 1022 summo
2199 969 2490 1022 consensui
2522 985 2627 1023 non
2652 969 2828 1022 dicam
2854 970 3132 1035 anteferri,
3165 972 3257 1025 sed
3283 973 3367 1026 vel
3393 987 3526 1026 con-

1959 1057 2087 1111 ferri
2145 1058 2256 1113 ullo
2309 1059 2470 1113 modo
2516 1059 2708 1113 valeat.
2744 1059 2982 1130 Longius
3033 1060 3210 1114 adhuc
3259 1064 3527 1130 processit

1957 1149 2286 1216 Dodwellus,
2323 1153 2825 1224 intemperantioris
2856 1155 3074 1209 critices
3117 1162 3356 1210 sectator
3411 1167 3526 1211 stu-

1955 1239 2324 1306 diosissimus,
2356 1244 2448 1313 qui
2472 1259 2718 1299 asserere
2753 1261 2860 1299 non
2891 1243 3182 1309 dubitavit,
3225 1247 3343 1300 loca
3388 1263 3526 1301 non-

1954 1329 2100 1382 nulla
2128 1330 2372 1400 ejusdem
2395 1332 2640 1401 epistolae
2670 1335 2868 1403 stylum
2916 1335 3248 1404 eclogarium
3279 1334 3524 1407 Hypoty-

1953 1435 2156 1489 poseon
2213 1420 2509 1477 Clementis
2557 1424 2912 1478 Alexandrini
2972 1427 3219 1491 referre,
3281 1429 3526 1498 adeoque

1955 1512 2230 1567 immistos
2261 1513 2495 1568 invicem
2528 1513 2665 1569 duos
2695 1515 2818 1569 illos
2845 1515 3013 1572 fuisse
3041 1517 3369 1573 Clementes.
3418 1518 3523 1573 Sed

1953 1618 2210 1659 censores
2231 1597 2540 1660 istiusm'odi
2572 1607 2876 1672 mittamus,
2903 1608 2992 1677 qui
3041 1624 3072 1662 a
3097 1609 3325 1665 veritate
3369 1610 3526 1681 longe

1952 1695 2204 1751 aberrare
2232 1706 2556 1753 noscuntur.

2023 1787 2142 1841 Duo
2177 1789 2396 1842 maximi
2425 1790 2674 1844 momenti
2703 1790 3017 1845 documenta
3043 1808 3137 1861 pro
3161 1791 3424 1860 ﬁdelibus.
3455 1819 3526 1834 -ο

273 1889 389 1927 cum
429 1879 774 1948 temporibus
820 1880 1062 1946 Davidis,
1113 1880 1335 1954 Moysis,
1370 1883 1539 1941 Iacob
1567 1895 1623 1942 et
1649 1847 1851 1946 JAbelis
1881 1847 1925 1908 Β
1955 1878 2029 1934 Ex
2048 1881 2358 1936 venerando
2380 1882 2484 1937 hoc
2523 1896 2696 1937 sacrae
2750 1884 3093 1954 antiquitatis
3145 1895 3520 1950 monumenta.

270 1976 668 2038 comparatum,
711 1974 1010 2042 proximum
1043 1991 1106 2029 ac
1155 1978 1382 2032 vicinum
1431 1982 1605 2036 tetatis
1655 1994 1850 2040 nostra:

268 2060 489 2117 dixerit.
519 2064 634 2118 lmo
665 2081 842 2136 neque
875 2068 1179 2136 proximum
1212 2072 1279 2126 ab
1307 2087 1374 2126 eo
1403 2072 1603 2129 dicitur
1632 2075 1844 2141 diebus,

269 2152 475 2220 quibus
506 2156 709 2220 scribit,
739 2157 835 2212 sed
864 2159 1010 2213 aetati
1042 2160 1242 2233 (γενεᾷ)
1271 2179 1435 2234 quam
1483 2166 1613 2238 agit,
1646 2183 1742 2223 seu
1791 2171 1846 2225 in

269 2259 382 2313 qua
433 2247 593 2318 degit.
641 2248 867 2304 Demum
898 2253 1074 2322 capite
1125 2255 1541 2326 quadragesimo
1591 2261 1844 2328 septimo,

268 2337 362 2390 ubi
390 2338 459 2392 ad
509 2342 816 2411 evangelica
865 2351 1110 2415 tempora
1156 2347 1398 2402 animum
1444 2348 1631 2414 refert,
1675 2368 1846 2422 eaque

265 2441 390 2479 cum
443 2428 536 2482 illo
569 2433 830 2500 temporis
879 2434 1056 2504 spatio
1086 2435 1316 2500 confert,
1349 2452 1460 2507 quo
1495 2440 1708 2506 scribit,
1741 2442 1847 2496 Co-

267 2518 598 2575 rinthiorum
629 2521 932 2579 Ecclesiam
966 2527 1238 2596 antiquam
1265 2545 1480 2595 vocare,
1513 2539 1568 2586 et
1608 2532 1844 2602 primmn

262 2626 449 2664 eorum
479 2613 790 2678 dissidium,
821 2615 890 2671 de
917 2633 1024 2686 quo
1052 2616 1253 2675 Paulus
1302 2622 1544 2692 loquitur
1566 2624 1627 2691 ⁸⁷,
1680 2631 1739 2678 ut
1788 2625 1843 2678 in

261 2705 519 2771 principio
554 2705 825 2777 Evangelii
852 2721 1024 2764 ortum
1052 2727 1372 2780 memorare,
1404 2715 1684 2787 ipsamque
1712 2734 1844 2788 apo-

262 2797 380 2850 stoli
407 2797 579 2865 hujus
615 2801 922 2869 epistolam,
949 2805 1164 2859 tametsi
1195 2807 1607 2876 quatuordecim
1629 2817 1840 2867 tantum

263 2891 418 2946 annis
471 2893 749 2947 excidium
802 2893 1316 2969 Jerosolymitanum
1368 2906 1729 2971 praecesserit,
1785 2907 1839 2960 in

261 2983 517 3051 principio
573 2984 845 3056 Evangelii
907 2990 1156 3059 scriptam
1201 2991 1386 3048 dicere
1434 3010 1542 3049 non
1605 2996 1837 3053 dubitat.

262 3076 416 3141 Quod
469 3094 603 3133 sane
636 3081 874 3136 evidenti
925 3091 1242 3154 argumento
1272 3092 1376 3149 est,
1409 3103 1556 3151 eum,
1608 3103 1730 3142 cum
1766 3091 1838 3144 ita

263 3171 552 3233 scriberet,
585 3173 798 3243 longius
850 3175 918 3229 ab
956 3178 1145 3232 eodem
1199 3179 1470 3249 principio
1501 3184 1795 3238 recessisse
1819 3203 1836 3238 :
1867 3204 1909 3262 α

262 3275 357 3314 nec
410 3263 617 3318 abhinc
647 3267 940 3322 recessisse
990 3268 1204 3340 longius
1227 3271 1520 3336 videretur,
1549 3273 1622 3338 si,
1641 3283 1697 3328 ut
1727 3279 1842 3331 vult

258 3350 520 3420 Grabius,
549 3357 807 3426 praedicta
836 3359 987 3415 Pauli
1015 3363 1244 3432 epistola
1277 3363 1378 3419 bac
1407 3364 1700 3423 Clementis
1743 3385 1843 3424 no-

263 3459 373 3497 vem
407 3446 696 3511 duntaxat,
731 3450 812 3503 vel
848 3450 915 3504 ad
945 3467 1216 3508 summum
1245 3454 1529 3511 duodecim
1558 3458 1717 3514 annis
1743 3476 1842 3529 po-

261 3537 460 3588 sterior
491 3534 652 3592 foret.

323 3623 406 3676 De
438 3634 704 3692 tempore,
767 3644 868 3698 quo
918 3630 1090 3684 altera
1126 3634 1349 3701 epistola
1403 3637 1620 3704 scripta.
1652 3668 1722 3678 -—
1764 3638 1839 3695 De

259 3718 522 3784 temporis
549 3726 730 3772 autem
760 3722 1058 3786 notatione,
1085 3739 1193 3793 quo
1222 3727 1425 3796 scripta
1463 3728 1626 3783 fuerit
1655 3739 1838 3799 postc-

259 3807 367 3860 rior
401 3808 707 3866 Clementis
736 3814 988 3883 epistola,
1029 3816 1168 3870 nihil
1217 3819 1436 3887 quidem
1469 3823 1605 3876 certi
1658 3839 1723 3878 ex
1771 3841 1834 3880 ea

256 3903 456 3957 elicere
480 3921 809 3973 possumus,
855 3924 981 3964 cum
1038 3913 1229 3966 mutila
1261 3914 1327 3967 ad
1357 3931 1458 3970 nos
1501 3921 1831 3987 pervenerit,

258 3995 404 4048 unde
426 3995 562 4049 illud
596 4005 889 4055 statuatur.
931 4000 1035 4066 Qui
1060 4018 1178 4058 eam
1206 4003 1471 4077 integram
1502 4009 1698 4079 legisse
1728 4027 1830 4080 pu-

257 4095 405 4141 tatur
433 4087 688 4153 Photius,
715 4091 769 4144 in
803 4093 921 4161 ejus
944 4097 1263 4154 recensione
1287 4101 1487 4154 nullam
1514 4101 1643 4157 facit
1668 4105 1833 4160 dissi-

255 4177 327 4231 dii
360 4179 704 4236 Corinthiaci
729 4185 1099 4254 mentionem;
1133 4189 1226 4245 sed
1257 4191 1427 4261 ipsam
1455 4197 1831 4252 tantummodo

255 4272 682 4335 institutionem,
714 4284 766 4330 et
789 4277 1218 4336 admonitionem
1253 4285 1496 4342 melioris
1524 4289 1647 4343 vita:
1670 4289 1830 4343 indu~

255 4381 378 4421 cere
409 4368 609 4421 scribit
635 4369 735 4439 (8).
765 4369 904 4425 Hinc
939 4370 1098 4428 facile
1129 4375 1252 4444 quis
1286 4378 1523 4448 colligat,
1565 4380 1828 4438 Corintho

253 4453 485 4510 Romam
523 4458 724 4514 reduce
755 4459 1074 4527 Fortunato,
1118 4481 1240 4519 cum
1289 4468 1412 4522 aliis
1444 4471 1629 4536 sociis,
1677 4473 1826 4528 schi-

1951 1973 2096 2042 quod
2131 1989 2400 2029 summam
2431 1975 2734 2044 primorum
2759 1973 3200 2030 Christianorum
3254 1978 3521 2046 simplici-

1950 2074 2117 2122 tatem
2146 2068 2310 2136 sapit,
2346 2067 2456 2122 duo
2497 2069 2552 2121 in
2579 2067 2770 2136 primis
2801 2070 3022 2121 maximi
3054 2070 3312 2123 momenti
3350 2069 3522 2124 docu-

1952 2166 2132 2212 menta
2180 2158 2363 2213 fideles
2409 2158 2736 2229 percipiunt.
2785 2157 3027 2212 Primum
3070 2160 3252 2223 enim,
3319 2158 3411 2214 ubi
3463 2157 3519 2213 in

1949 2250 2207 2320 primaria
2239 2250 2502 2315 Ecclesia,
2531 2258 2610 2304 tot
2634 2250 2873 2320 Spiritus
2899 2251 3075 2306 sancti
3106 2250 3268 2305 donis
3293 2258 3518 2314 ornata,

1949 2359 2013 2398 ac
2038 2344 2291 2400 maximis
2321 2347 2694 2416 apostolorum
2732 2345 3025 2402 sudoribus
3051 2345 3288 2407 exculta,
3331 2344 3520 2414 spinas

1948 2434 2354 2490 dissensionum
2374 2445 2598 2492 exortas
2621 2437 2835 2501 vident,
2878 2436 3060 2489 minus
3077 2437 3190 2505 jam
3225 2435 3517 2497 mirantur,

1948 2529 1994 2582 si
2029 2531 2170 2585 inter
2197 2530 2546 2587 Christianas
2577 2531 2892 2595 societates,
2927 2546 3048 2602 quae
3094 2540 3241 2585 recte
3289 2545 3517 2600 compo-

1947 2623 2065 2678 sitae
2087 2623 2338 2688 audiunt,
2364 2624 2678 2694 huiusmodi
2701 2625 2956 2680 scandala
2975 2623 3182 2679 oboriri
3209 2623 3516 2693 contigerit.

1945 2712 2234 2784 Nunquam
2287 2715 2546 2770 nimirum
2587 2715 2824 2785 quiescit
2876 2716 3134 2786 antiquus
3184 2715 3517 2776 zizaniorum

1945 2809 2242 2863 seminator
2272 2815 2326 2862 et
2346 2823 2535 2879 agrum
2567 2805 2780 2862 Domini
2805 2807 3058 2863 infaustis
3086 2808 3385 2862 seminibus
3417 2806 3520 2861 fte—

1944 2900 2074 2954 dare
2128 2915 2240 2954 non
2290 2907 2492 2955 cessat.
2547 2899 2653 2954 Sed
2709 2903 2960 2972 quamvis
2991 2901 3275 2970 antiquum
3309 2901 3381 2955 sit
3412 2900 3523 2956 hoc.

1942 2992 2186 3057 malum,
2227 3007 2337 3046 non
2389 2992 2510 3046 ideo
2549 3000 2728 3046 tamen
2794 2992 2974 3048 minus
3030 2992 3362 3063 lugendum;
3418 2993 3514 3046 sed

1942 3083 2151 3136 nullum
2169 3098 2310 3147 esse,
2338 3084 2425 3137 cui
2457 3084 2756 3138 remedium
2781 3083 2943 3140 citius
3003 3084 3372 3139 adhibendum
3419 3085 3512 3146 sit,

1944 3177 2070 3231 item
2092 3192 2156 3231 ex
2181 3177 2286 3232 hoc
2315 3177 2541 3247 scripto,
2575 3185 2717 3232 utex
2743 3175 2898 3230 Pauli
2933 3176 3190 3247 Epistola,
3221 3175 3514 3245 docemur;

1944 3282 2138 3335 nempe
2177 3267 2326 3320 tenui
2372 3267 2770 3322 discordiarum
2802 3265 3042 3331 ﬂamma,
3069 3269 3176 3323 nisi
3207 3284 3369 3340 quam
3402 3268 3515 3338 pri-

1943 3375 2090 3414 mum
2119 3359 2520 3430 exstinguatur,
2547 3360 2697 3415 brevi
2729 3361 2922 3431 ingens
2961 3361 3270 3416 incendium
3327 3362 3515 3416 conci-

1940 3453 2070 3520 tari,
2104 3454 2350 3525 apprime
2379 3454 2670 3510 callebant.

2456 3566 2852 3624 ARTICULUS
2897 3569 2986 3624 IV.

2170 3676 2468 3724 UTRIUSQUE
2497 3676 2767 3716 EPISTOLJ‘I
2800 3677 2987 3715 BREVIS
3020 3675 3292 3715 ANALYSIS.

2046 3751 2243 3807 Prima:
2275 3753 2342 3806 ad
2387 3752 2688 3808 Corinthios
2711 3753 2831 3876 [diei
2865 3751 3148 3808 Clementis
3174 3752 3407 3820 epistola:

2605 3841 2708 3876 ana
2734 3841 2863 3876 usis.

2605 3841 2863 3894 anatysts.

2006 3915 2240 3970 Sanctus
2284 3915 2560 3980 Clemens,
2619 3923 2906 3986 postquam
2955 3913 3279 3985 Corinthiis,
3314 3913 3505 3970 eodem

1935 4005 2048 4062 fere
2077 4015 2235 4077 pacto
2293 4025 2403 4078 quo
2450 4008 2609 4061 divus
2636 4005 2837 4062 Paulus
2867 4007 3140 4077 Epistolas
3173 4022 3302 4062 suas
3345 4022 3509 4062 exor-

1932 4098 2102 4161 ditur,
2136 4099 2364 4152 salutem
2395 4099 2647 4161 dixisset,
2694 4106 2891 4168 purgat
2942 4114 3002 4153 se
3032 4098 3175 4169 apud
3203 4114 3319 4166 eos,
3354 4099 3504 4170 quod

1931 4190 2224 4260 pr0positis
2255 4191 2690 4247 dubitationibus
2719 4191 2931 4247 tardius
2961 4193 3252 4249 rescribat.
3285 4192 3488 4246 Eorum

1931 4284 2126 4338 deinde
2157 4284 2387 4338 virtutes
2417 4284 2647 4348 extollit,
2669 4283 2792 4338 fidei
2816 4284 3091 4354 prmcipue
3113 4286 3500 4346 constantiam,

1929 4375 2150 4444 pietatis
2179 4377 2580 4443 excellentiam,
2606 4377 2996 4446 hospitalitatis
3018 4377 3501 4446 magnificentiam,

1931 4469 2216 4523 scientiam
2279 4468 2765 4531 absolutissimam,
2822 4469 3099 4524 sincerum
3148 4469 3204 4522 in
3256 4476 3504 4538 pastores

255 4555 430 4602 smate
458 4549 572 4617 jam
605 4551 842 4619 sublato,
873 4562 926 4608 et
956 4555 1124 4624 quieti
1149 4554 1391 4612 Ecclesia
1433 4560 1524 4614 illa
1553 4564 1823 4632 restituta,
1856 4546 1902 4602 Ῑ)
1930 4560 2276 4628 obsequium.
2309 4559 2402 4613 Dei
2432 4559 2584 4613 Verbi
2618 4557 2885 4621 Studium.
2915 4558 3194 4629 egregium
3250 4575 3349 4629 PI'O
3402 4575 3499 4614 sua

257 4638 396 4696 hanc
428 4641 631 4697 deinde
661 4643 830 4699 fuisse
857 4661 887 4699 a
909 4645 1187 4704 Clemente
1205 4651 1563 4721 perscriptam
1613 4657 1822 4725 episto-

255 4735 356 4787 lam
387 4750 533 4790 anno
562 4735 702 4791 torte
729 4737 797 4791 98
829 4739 1150 4809 insequente
1173 4781 1188 4805 ,
1220 4757 1330 4812 quo
1353 4745 1409 4799 in
1462 4761 1596 4815 pace
1651 4751 1824 4820 magis

254 4828 432 4881 adhuc
472 4827 821 4883 ﬁrmarentur
844 4829 1134 4890 Corinthii.

326 4917 471 4971 Nam
507 4919 675 4973 altera
697 4919 979 4976 Clementis
996 4925 1217 4991 epistola
1239 4928 1307 4980 sit
1335 4930 1570 4983 homilia:
1593 4947 1738 5000 pars.
1753 4965 1821 4974 —

257 5006 399 5066 Viris
423 5011 753 5082 quibusdam
780 5013 978 5078 doctis,
1012 5019 1308 5086 praesertim
1333 5019 1630 5077 Vendelino
1659 5032 1821 5094 atque

257 5097 556 5163 Blondello,
581 5103 760 5157 visum
793 5103 916 5170 fuit,
941 5107 1237 5162 secundam
1278 5109 1574 5170 Clementis
1617 5115 1685 5169 ad
1715 5118 1821 5171 Co-

252 5191 486 5247 rinthios
518 5194 804 5263 epistolam
851 5195 1086 5254 homiliae
1113 5201 1295 5270 potius
1330 5211 1531 5273 partem
1554 5221 1697 5271 esse,
1731 5211 1818 5265 cui

253 5283 493 5351 opinioni
522 5283 756 5342 Grabius
781 5304 996 5358 quoque
1047 5291 1428 5349 incunctanter
1465 5295 1814 5369 subscripsit,

323 5549 361 5579 ’τ
395 5547 412 5600 l
443 5548 573 5604 Cor.
606 5567 642 5603 ι.
725 5552 766 5584 ¹⁸
791 5551 947 5607 Deut.
981 5570 1164 5620 xxxii,
1192 5559 1270 5612 l5.

320 5755 389 5838 (lii)
537 5772 737 5838 annum
771 5760 859 5838 69_,
894 5772 1025 5818 tom.
1060 5764 1255 5838 l,_pag.
1287 5767 1412 5824 284.

328 5831 393 5892 tu)
433 5828 604 5881 Clem.
637 5831 796 5899 epist.
824 5834 876 5894 i,
910 5849 1059 5888 num.
1096 5828 1147 5891 ιζ

479 5922 902 5996 ΡΑτιιοι..,(ἰιι.
960 5927 1006 5989 Ι.

1933 4653 2276 4720 aliorumque
2300 4651 2476 4705 salute
2491 4651 2660 4705 animi
2679 4649 2998 4715 candorem,
3029 4661 3190 4720 atque
3213 4651 3267 4706 in
3287 4651 3498 4706 Domini

1927 4742 2140 4811 legibus
2163 4741 2449 4809 servandis
2478 4741 2821 4807 fidelitatem,
2851 4742 3219 4800 commendat.
3237 4743 3318 4798 Ad
3352 4745 3500 4798 schi-

1924 4847 2046 4887 sma
2083 4831 2280 4887 deinde
2300 4832 2596 4896 transiens,
2623 4847 2733 4902 quo
2760 4839 2842 4887 tot
2870 4833 3102 4889 virtutes
3125 4835 3498 4890 obscuraban-

1925 4931 2014 4976 tur
2041 4943 2053 4976 :
2087 4920 2270 4977 Omnis
2300 4923 2494 4994 gloria,
2518 4924 2716 4994 inquit,
2747 4933 2796 4978 et
2825 4927 2975 4994 copia
3012 4926 3153 4980 vobis
3192 4927 3321 4981 data
3357 4938 3493 4988 erat,

1929 5028 2081 5088 atque
2107 5018 2160 5070 in
2191 5015 2333 5071 vobis
2373 5015 2508 5070 illud
2531 5015 2819 5084 Scripturaa
2846 5019 3116 5087 impletum
3139 5033 3253 5074 est:
3300 5039 3316 5070 ι
3344 5018 3490 5083 Edit,

1925 5127 1974 5166 et
2005 5109 2156 5173 bibit,
2192 5118 2240 5163 et
2271 5108 2529 5162 dilatatus
2553 5119 2653 5173 est,
2688 5125 2750 5162 ac
2782 5110 3143 5163 incrassatus:
3171 5119 3219 5164 et
3276 5112 3494 5166 recalci-

1925 5205 2084 5258 travit
2105 5202 2326 5257 dilectus
2353 5202 2416 5256 ¹⁸.
2452 5221 2469 5252 ι
2511 5201 2650 5254 Hinc
2699 5203 2968 5257 wmulatio
3010 5212 3060 5256 et
3107 5201 3396 5270 discordia,
3444 5215 3493 5257 et

1925 5297 2132 5353 seditio.
2164 5294 2254 5352 Sic
2283 5294 2684 5349 insurrexerunt
2715 5295 3013 5350 inhonorati
3039 5307 3224 5352 contra
3265 5297 3493 5351 hortoru-

2017 5771 2068 5837 7)
2108 5770 2300 5827 Clem.,
2327 5769 2486 5840 epist.
2519 5769 2568 5827 1.
2605 5785 2754 5823 num.
2794 5769 2846 5824 5.

2017 5771 2068 5837 7)
2108 5770 2300 5827 Clem.,
2327 5770 2486 5840 epist.
2519 5770 2568 5827 i,
2605 5785 2754 5823 num.

1991 5770 2069 5912 ξε)
2107 5841 2353 5904 Photius,
2393 5840 2580 5895 codice
2608 5851 2787 5892 csxvt.

3203 5935 3242 5995 5
