4070 6340
522 389 622 445 159

1653 381 1742 435 AD
1782 381 1839 439 S.
1874 379 2300 437 'CLEMENTEM
2338 380 2356 435 l
2395 378 2623 436 PAPAM

3653 386 3755 441 iw

520 514 621 565 tos,
656 496 871 570 inglorii
901 503 1087 551 contra
1114 494 1397 565 gloriosos;
1445 494 1747 563 insipientes
1777 504 1961 549 contra
1992 511 2080 548 sa—
2108 498 2153 557 Α
2185 509 2383 565 parcns
2411 494 2610 549 divinae
2635 493 2918 551 electionis
2941 508 3054 550 sua:
3078 494 3373 567 participes
3430 509 3534 551 nos
3560 496 3757 553 enece-

515 597 734 664 pientes,
757 592 970 663 juvenes
985 588 1235 644 adversus
1259 588 1509 643 seniores.
1533 586 1659 642 Ideo
1688 587 1871 657 procul
1894 586 2084 641 absunt

511 685 725 755 justitia
745 693 793 736 et
824 697 961 752 pax;
997 680 1124 733 dum
1142 679 1495 749 unusquisque
1533 679 1771 733 timorem
1802 678 1900 734 Dei
1937 678 2085 734 dese-

514 778 606 840 rit,
639 785 689 830 et
718 776 771 828 in
811 773 915 844 ﬁde
936 773 1083 827 illius
1124 771 1355 836 ccecutit,
1389 787 1480 824 nec
1502 771 1557 825 in
1586 772 1847 825 institutis
1886 788 2082 841 prtece-

510 878 719 937 ptorum
740 866 853 936 ejus
885 864 1145 928 ambulat,
1196 878 1287 916 nec
1317 861 1528 917 Christo
1551 861 1788 916 decenter
1809 879 2084 918 conversa-

515 971 629 1021 tur;
674 957 763 1011 sed
803 956 1157 1027 unusquisque
1204 955 1491 1009 secundum
1537 971 1728 1024 pravas
1772 955 2083 1023 cupiditates

512 1069 637 1106 suas
665 1049 877 1113 incedit,
900 1048 1150 1102 invidiam
1175 1049 1409 1118 iniquam
1432 1057 1481 1102 et
1498 1049 1716 1118 impiam
1746 1048 2081 1114 assumendo,

512 1160 605 1213 per
632 1159 787 1213 quam
819 1151 868 1196 et
900 1158 1038 1195 mors
1072 1141 1289 1194 intravit
1320 1141 1375 1193 in
1412 1138 1683 1195 mundum.

584 1235 840 1289 Pluribus
897 1231 1091 1288 deinde
1133 1230 1342 1286 Veteris
1392 1230 1729 1286 Testamenti
1784 1232 2081 1302 exemplis,

510 1343 632 1399 qua:
670 1324 1013 1381 incommoda
1039 1340 1105 1379 ex
1123 1324 1324 1377 invidia
1347 1323 1615 1389 oriantur,
1636 1324 1912 1392 ostendit;
1943 1325 2086 1380 inter

510 1430 705 1477 caetera
734 1434 863 1475 vero
886 1417 1065 1479 Caini,
1099 1415 1282 1472 Maria:
1312 1416 1520 1471 sororis
1545 1415 1747 1487 Moysis
1773 1423 1827 1472 et
1875 1416 2079 1479 Aaron,

514 1514 730 1568 Dathan
762 1520 817 1568 et
845 1512 1053 1567 Abiron
1077 1510 1322 1580 exempla
1336 1518 1618 1575 recenset;
1645 1518 1810 1580 atque
1840 1517 1899 1563 ut
1943 1524 2085 1565 novo

509 1602 729 1659 invidia:
793 1602 1041 1670 exemplo
1091 1599 1411 1655 Corinthios
1470 1600 1654 1654 acrius
1707 1607 2079 1655 commoveat:

516 1694 742 1763 Propter
792 1693 1030 1761 iniquam
1061 1691 1475 1754 cumulationem,
1509 1690 1707 1760 inquit,
1739 1690 1964 1759 apostoli
1982 1690 2086 1745 Pe-

512 1798 625 1841 trus
655 1798 703 1841 et
736 1786 939 1841 Paulus
964 1785 1281 1856 martyrium
1309 1784 1455 1852 passi
1481 1792 1623 1839 sunt.
1653 1782 1879 1853 Propter
1921 1799 2077 1838 temu-

512 1880 763 1934 lationem
807 1894 1007 1949 quoque
1055 1874 1323 1930 Danaides
1355 1886 1403 1929 et
1464 1874 1621 1928 Dirce
1664 1873 1740 1945 (9)
1779 1874 2085 1944 fortissima:

510 1971 620 2025 illae
643 1970 907 2034 mulieres,
932 1985 1049 2023 cum
1071 1968 1252 2038 gravia
1276 1974 1326 2021 et
1358 1964 1592 2035 nefanda
1616 1966 1876 2035 supplicia
1922 1965 2086 2020 susti-

512 2062 770 2127 nuissent,
791 2076 1013 2115 cursum
1035 2074 1189 2113 suum
1216 2057 1320 2128 ﬁde
1342 2057 1539 2111 invicta
1583 2056 1933 2127 perfecerunt.
1966 2054 2087 2122 Quo

514 2168 640 2208 vero
668 2168 763 2213 eos
794 2152 861 2206 ad
905 2152 1209 2207 vocationis
1259 2165 1373 2204 sua:
1404 2148 1580 2204 cilicia
1610 2156 1774 2219 atque
1798 2150 1864 2205 ad
1909 2149 2088 2220 paeni-

509 2244 734 2299 tentiam
758 2243 1092 2305 hortaretur,
1114 2242 1416 2298 vocationis
1437 2242 1680 2313 ipsorum
1715 2242 2083 2308 sanctitatem,

510 2334 809 2402 pretiosum
862 2333 1066 2389 Christi
1138 2332 1459 2404 sanguinem
1512 2348 1611 2404 pro
1659 2341 1845 2389 nostra
1912 2333 2087 2389 salute

509 2426 743 2483 eﬁ‘usum
793 2426 929 2499 (l0),
960 2426 1324 2481 Ninivitarum
1385 2426 1784 2496 paenitentiam,
1837 2424 2082 2491 Henoch,

512 2519 645 2585 Noe,
677 2519 971 2574 Abrahami
1000 2518 1337 2583 ﬁdelitatem,
1370 2526 1704 2589 casterasque
1748 2518 2086 2589 patriarcha-

510 2630 633 2669 rum
664 2614 918 2677 virtutes,
946 2611 1075 2667 Jesu
1090 2612 1297 2668 Christi
1320 2611 1708 2676 humilitatem,
1756 2611 1896 2681 ejus,
1923 2625 1954 2665 a
1976 2627 2086 2681 quo

510 2707 678 2761 creati
703 2721 916 2769 sumus,
946 2704 1249 2760 bonitatem
1281 2710 1446 2774 atque
1463 2703 1867 2759 miserationem
1890 2720 1905 2770 ;
1932 2702 2086 2772 pacis

511 2808 564 2854 et
582 2797 901 2853 humilitatis
918 2796 1223 2860 commoda,
1243 2795 1666 2850 inanimatarum
1679 2801 2081 2859 creaturarum,

512 2891 667 2954 solis,
700 2890 866 2954 lunae,
894 2889 1198 2951 stellarum,
1226 2888 1393 2943 maris
1419 2896 1471 2943 et
1492 2888 1816 2959 abyssorum
1842 2886 2086 2957 impene-

512 2984 791 3038 trabilium
852 2983 908 3037 in
959 2981 1053 3037 Dei
1082 2982 1228 3051 leges
1264 2982 1369 3036 sibi
1403 2982 1688 3052 impositas
1733 2981 2079 3053 obsequium,

512 3079 787 3140 postremo
823 3069 1037 3125 Domini
1075 3085 1201 3142 erga
1225 3087 1314 3126 res
1338 3087 1528 3127 omnes
1557 3079 1766 3127 creatas
1798 3072 2081 3141 beneﬁcia,

2189 586 2279 651 rit,
2303 595 2359 641 et
2386 586 2567 641 sancti
2596 587 2781 657 populi
2815 588 3059 643 membra
3082 587 3400 652 reddiderit,
3430 587 3566 643 nihil
3596 590 3759 647 nobis

2187 693 2497 749 superesse,
2532 679 2639 734 nisi
2682 686 2742 733 ut
2778 681 3071 752 omnigena
3119 688 3268 736 recta
3315 696 3481 751 opera
3515 682 3759 737 maximo

2184 785 2309 825 cum
2344 771 2512 826 animi
2545 771 2740 827 ardore
2762 781 3144 827 consectemur
3173 773 3241 828 ad
3271 771 3494 828 Patrum
3534 782 3761 830 nostro-

2185 878 2307 917 rum
2338 861 2661 927 Abrahami,
2693 861 2867 918 lsaaci
2896 861 3137 918 etJacob
3158 864 3486 934 exemplum,
3519 878 3759 934 quorum

2186 954 2340 1018 ﬁdes,
2387 954 2692 1011 obedientia
2747 965 2908 1025 atque
2958 955 3233 1011 humilitas
3286 964 3393 1010 tam
3458 956 3761 1024 grandibus

2185 1047 2423 1119 praemiis
2453 1048 2659 1103 aﬂ'ectae
2679 1046 2848 1104 fuere.
2885 1046 2967 1102 Sit
3006 1064 3128 1118 ergo
3166 1048 3337 1102 omnis
3380 1049 3629 1119 gloriatio
3659 1064 3761 1102 no-

2184 1152 2297 1195 stra
2315 1150 2363 1194 et
2392 1140 2590 1210 fiducia
2624 1140 2682 1194 in
2702 1141 2847 1210 ipso:
2871 1141 3133 1195 voluntati
3152 1140 3265 1210 ejus
3296 1140 3644 1209 subjiciamur
3665 1156 3685 1194 :
3708 1149 3761 1196 et

2186 1251 2279 1287 nos
2309 1233 2639 1287 concorditer
2654 1250 2771 1287 cum
2801 1233 2999 1303 angelis
3017 1249 3197 1287 coram
3218 1233 3331 1301 ipso
3354 1232 3611 1295 Sanctus.
3627 1248 3761 1288 san—

2185 1334 2331 1389 ctus,
2351 1332 2578 1380 sanctus
2595 1324 2970 1389 clamantibus,
2991 1325 3257 1379 communi
3271 1340 3548 1389 consensu,
3571 1332 3621 1379 et
3637 1336 3761 1378 tan-

2184 1432 2343 1488 quam
2364 1433 2469 1471 uno
2494 1433 2583 1470 ore
2603 1417 2911 1480 clamemus,
2936 1425 2995 1468 ut
3014 1416 3292 1485 participes
3315 1416 3509 1485 ﬁamus
3535 1432 3760 1487 magna-

2186 1526 2305 1565 rum
2331 1519 2381 1565 et
2401 1509 2725 1580 inclytarum
2756 1508 3173 1579 promissionum
3198 1507 3311 1577 ejus
3333 1546 3348 1571 ,
3379 1522 3610 1578 quarum
3661 1522 3762 1563 ex—

2186 1601 2497 1656 cellentiam
2517 1608 2573 1655 et
2599 1601 2961 1671 quantitatem
2999 1598 3116 1669 ipse
3144 1606 3358 1653 tantum
3390 1597 3694 1668 cognoscit.

2257 1692 2479 1749 Ordinis
2508 1708 2658 1759 vero,
2687 1698 2742 1747 et
2766 1691 2908 1746 inter
2939 1690 3264 1761 praepositos
3313 1696 3477 1763 atque
3507 1688 3759 1745 subditos

2188 1784 2528 1840 discriminis
2551 1782 2934 1840 necessitatem
2963 1783 3019 1837 in
3047 1782 3423 1838 ecclesiastico
3454 1780 3763 1843 ministerio

2117 1845 2158 1898 B
2188 1878 2688 1942 demonstraturus,
2708 1876 2916 1931 militiae
2936 1876 3243 1946 exemplum
3276 1876 3553 1946 proponit.
3579 1872 3763 1945 Neque

2185 1971 2325 2026 enim
2347 1970 2421 2024 ibi
2453 1986 2629 2024 omnes
2676 1968 2912 2040 prafecti
2952 1976 3096 2033 sunt,
3130 1983 3290 2038 neque
3340 1967 3569 2030 tribuni,
3598 1983 3763 2037 neque

2187 2062 2541 2126 centuriones,
2578 2058 2668 2115 sed
2694 2062 3049 2132 unusquisque
3064 2061 3121 2115 in
3155 2076 3252 2115 suo
3293 2061 3474 2113 ordine
3505 2058 3569 2113 ab
3600 2059 3765 2127 impe-

2188 2165 2366 2209 ratore
2394 2163 2444 2209 et
2468 2153 2689 2209 ducibus
2741 2152 3000 2208 mandata
3048 2154 3270 2223 peragit.
3319 2152 3522 2207 Cuncta
3577 2150 3763 2221 itaque

2189 2246 2371 2301 ordine
2398 2245 2641 2299 debemus
2661 2244 2854 2313 facere,
2890 2261 3006 2313 qua:
3044 2261 3138 2299 nos
3163 2243 3419 2298 Dominus
3438 2243 3605 2313 jussit
3641 2258 3764 2312 per-

2190 2356 2361 2410 agere.
2403 2338 2709 2394 Oblationes
2737 2346 2787 2393 et
2818 2338 2986 2407 ofﬁcia
3016 2354 3121 2391 non
3149 2346 3336 2391 temere
3356 2336 3433 2391 vel
3463 2334 3764 2390 inordinate

2188 2432 2306 2501 ﬁeri
2352 2429 2621 2501 prwcepit,
2675 2427 2765 2483 sed
2814 2428 3099 2499 prazﬁnitis
3132 2428 3445 2497 temporibus
3495 2444 3557 2481 ac
3578 2426 3761 2489 horis;

2187 2541 2288 2597 quo
2320 2524 2478 2578 etiam
2508 2524 2640 2590 loco,
2675 2531 2724 2576 et
2755 2539 2789 2575 a
2809 2521 2997 2593 quibus
3032 2520 3286 2576 celebrari
3313 2520 3452 2585 velit,
3508 2521 3616 2588 ipse
3667 2535 3764 2573 ex-

2187 2616 2482 2671 celsissima
2519 2633 2617 2670 sua
2640 2614 2910 2670 voluntate
2932 2614 3193 2685 deﬁnivit,
3243 2622 3301 2667 ut
3329 2629 3456 2684 pure
3482 2622 3533 2666 et
3580 2622 3764 2667 sancte

2189 2712 2368 2765 omnia
2385 2710 2533 2781 facta
2570 2710 2735 2780 juxta
2760 2709 2875 2780 ejus
2902 2708 3283 2778 beneplacitum
3300 2749 3314 2773 ,
3359 2716 3569 2777 accepta
3588 2716 3764 2762 essent

2188 2803 2450 2859 voluntati
2475 2802 2611 2871 ejus.
2634 2802 2739 2870 Qui
2767 2818 2887 2874 ergo
2934 2803 3220 2873 assignatis
3259 2800 3573 2871 temporibus
3612 2799 3765 2854 obla-

2190 2895 2357 2950 tiones
2376 2911 2503 2948 suas
2544 2894 2769 2963 faciunt,
2802 2894 3001 2964 accepti
3025 2903 3075 2948 et
3115 2893 3253 2947 beati
3295 2900 3460 2956 sunt;
3501 2908 3624 2945 nam
3672 2891 3765 2962 qui

2189 2994 2477 3057 sequuntur
2502 2986 2637 3057 leges
2656 2985 2895 3051 Domini,
2919 3002 3023 3041 non
3041 2984 3309 3040 aberrant.
3330 2982 3547 3039 Summo
3575 2983 3763 3053 quippe

2190 3078 2455 3135 sacerdoti
2509 3095 2609 3135 sua
2650 3081 2831 3133 munia
2872 3077 3066 3132 tributa
3096 3087 3260 3142 sunt;
3298 3090 3347 3131 et
3402 3074 3762 3131 sacerdotibus

513 3164 785 3234 praecipue
820 3179 951 3219 vero
976 3165 1031 3218 in
1062 3162 1430 3227 Christianos,
1464 3164 1534 3219 ob
1560 3166 1752 3221 oculos
1804 3168 2079 3236 proponit.
2110 3188 2153 3246 ο
2191 3173 2337 3227 locus
2368 3173 2612 3241 proprius
2639 3172 2939 3242 assignatus
2965 3180 3085 3235 est;
3115 3181 3165 3226 et
3204 3170 3369 3224 levitis
3394 3186 3494 3223 sua
3524 3169 3764 3222 ministe-

515 3256 724 3323 Quibus
747 3256 863 3309 haec
922 3255 1277 3325 superaddit:
1312 3253 1549 3326 rEquum
1580 3256 1743 3327 igitur
1781 3269 1881 3318 est,
1912 3266 1970 3310 ut
2019 3255 2084 3310 ab

510 3347 626 3416 ejus
656 3346 923 3401 voluntate
952 3363 1056 3400 non
1095 3346 1261 3400 simus
1323 3347 1645 3417 transfugia:
1685 3346 1919 3402 homines
1950 3347 2088 3401 stul-

516 3450 617 3503 tos,
643 3439 966 3509 insipientes,
1000 3438 1188 3502 elatos,
1211 3448 1259 3492 et
1279 3437 1567 3509 gloriantes
1601 3438 1654 3493 in
1711 3438 1966 3493 sermonis
2002 3428 2088 3493 sui

512 3534 774 3601 iactantia
806 3531 1132 3601 o/Tendamus
1170 3534 1368 3601 potius,
1399 3548 1556 3602 quam
1610 3531 2087 3587 Deum.Dominum

513 3624 699 3681 Iesum
729 3623 1019 3685 Christum,
1052 3624 1203 3693 cujus
1228 3624 1443 3694 sanguis
1473 3639 1568 3692 pro
1598 3624 1747 3677 nobis
1799 3623 1956 3678 datus
1986 3632 2085 3691 est,

518 3733 837 3772 veneremur.
873 3715 1200 3785 Prwpositos
1231 3724 1439 3769 nostros
1468 3730 1831 3779 revereamur;
1857 3716 2087 3770 seniores

519 3820 725 3865 nostros
767 3809 1114 3871 honoremus;
1145 3807 1360 3878 juvenes
1421 3806 1701 3862 doceamus
1752 3806 2089 3876 disciplinam

520 3901 724 3955 timoris
778 3899 909 3963 Dei;
961 3898 1115 3953 liberi
1183 3899 1354 3953 nostri
1402 3896 1611 3953 discant
1674 3897 1801 3970 quid
1852 3899 2088 3953 charitas

517 3991 659 4060 apud
686 3990 854 4045 Deum
878 3991 1069 4059 possit.

590 4082 851 4139 Hortatur
873 4082 1071 4138 deinde
1089 4090 1313 4139 sanctus
1348 4083 1601 4140 Clemens
1647 4083 1985 4152 Corinthios,
2028 4093 2087 4140 ut

522 4175 810 4231 Dominum
840 4177 1091 4241 timeant,
1131 4183 1294 4248 atque
1324 4176 1380 4231 in
1423 4176 1543 4248 ejus
1575 4178 1819 4235 bonitate
1847 4186 2087 4249 sperent,

521 4280 635 4325 tum
660 4270 730 4325 ob
757 4270 1180 4325 resurrectionis
1204 4269 1481 4335 ﬁduciam,
1499 4271 1659 4341 cujus
1684 4271 1934 4343 exempla
1982 4271 2089 4326 ali-

519 4370 653 4433 quot
680 4361 910 4433 profert,
933 4377 963 4415 a
988 4363 1153 4418 rebus
1183 4363 1527 4418 naturalibus
1558 4364 1748 4434 petita,
1777 4364 2089 4435 cujusmodi

519 4460 605 4508 est
633 4452 763 4507 illud
790 4452 1056 4524 phmnicis
1080 4452 1215 4525 (Η),
1230 4460 1350 4507 tum
1376 4455 1445 4509 ob
1459 4452 1555 4510 Dei
1583 4454 1639 4510 in
1669 4455 1956 4525 promissis
1974 4471 2092 4512 ser-

2187 3266 2271 3319 ria
2297 3264 2603 3318 incumbunt
2626 3279 2644 3328 ;
2666 3263 2820 3318 homo
2838 3263 3007 3317 laicus
3024 3262 3297 3332 praeceptis
3323 3261 3474 3314 laicis
3497 3259 3761 3314 constrin-

2186 3359 2348 3430 gitur.
2373 3356 2737 3427 Unusquisque
2757 3366 3003 3421 vestrum,
3029 3356 3246 3426 fratres,
3271 3357 3325 3408 in
3348 3370 3443 3408 suo
3465 3362 3611 3407 statu
3635 3368 3761 3424 gra-

2190 3453 2291 3508 tias
2335 3450 2445 3505 Deo
2498 3449 2709 3515 habeat,
2757 3451 2811 3505 in
2842 3448 2978 3503 bona
3023 3448 3339 3502 conscientia
3385 3445 3612 3516 degens,
3654 3460 3762 3497 non

2189 3542 2576 3624 transgrediens
2621 3541 2989 3611 prwscriptum
3018 3540 3251 3593 muneris
3302 3536 3562 3608 regulam.
3632 3532 3760 3588 Non

2189 3636 2400 3706 ubique,
2434 3635 2650 3704 fratres,
2681 3632 2976 3701 offeruntur
3001 3630 3269 3700 sacriﬁcia
3289 3630 3466 3700 jugia,
3496 3626 3587 3682 sed
3630 3626 3765 3680 Hie-

2189 3728 2470 3797 rosolymis
2493 3736 2696 3782 tantum
2718 3726 2829 3798 (12)
2859 3735 3013 3797 atque
3041 3726 3153 3779 illic
3181 3741 3285 3779 non
3306 3724 3358 3777 in
3382 3723 3525 3779 omni
3554 3722 3668 3776 loco
3697 3720 3762 3790 ﬁt

2191 3820 2409 3889 oblatio,
2439 3818 2529 3875 sed
2558 3827 2680 3873 ante
2717 3816 2961 3885 templum
2988 3816 3057 3871 ad
3090 3816 3280 3871 altare.

2260 3911 2510 3968 Ostendit
2559 3911 2722 3967 subin
2751 3917 2981 3965 sanctus
3013 3908 3266 3965 Clemens
3298 3948 3313 3975 ,
3366 3907 3537 3963 Deum
3578 3906 3760 3976 ipsum

2189 4003 2579 4062 ecclesiasticae
2629 4000 2953 4057 hierarchiae
3021 4007 3302 4055 auctorem
3362 4014 3520 4065 esse;
3574 3994 3761 4051 Iesum

2191 4099 2460 4156 Christum
2485 4114 2519 4151 a
2557 4096 2702 4160 Deo,
2751 4095 3074 4166 apostolosa
3116 4093 3247 4150 Iesu
3296 4092 3512 4150 Christo
3568 4093 3761 4147 missos

2192 4191 2387 4263 fuisse;
2433 4206 2519 4245 eos
2551 4189 2607 4243 in
2645 4187 2748 4259 ﬁde
2791 4203 2882 4257 per
2921 4186 3178 4257 Spiritum
3206 4196 3448 4241 sanctum
3477 4186 3767 4254 conﬁrma-

2193 4293 2293 4347 tos,
2327 4296 2541 4352 regnum
2568 4279 2661 4334 Dei
2689 4279 3033 4333 adventurum
3060 4294 3172 4332 esse
3191 4277 3379 4347 ubique
3397 4276 3765 4342 annuntians,

2192 4386 2345 4446 atque
2373 4373 2637 4444 primitias
2689 4387 2893 4435 eorum,
2924 4385 3051 4441 quos
3090 4368 3159 4423 ad
3191 4368 3349 4440 ﬁdem
3379 4376 3763 4435 converterant,

2191 4470 2249 4522 in
2286 4468 2553 4537 episcopos
2578 4474 2628 4519 et
2658 4463 2910 4518 diaconos
2936 4478 3140 4528 eorum,
3183 4462 3273 4533 qui
3309 4460 3561 4516 credituri
3584 4468 3763 4526 erant,

523 4544 717 4599 νδηάίδ
755 4544 938 4610 ﬁdem,
969 4553 1023 4601 ⁸⁸
1051 4544 1199 4616 (ιυοά
1222 4545 1561 4616 ίπὶΡοεείδίίθ
1583 4546 1657 4603 8η
1686 4547 2088 4617 PeccatoribuS.
2119 4549 2169 4609 D
2197 4559 2550 4615 constituisse.
2586 4554 2765 4627 Neque
2792 4555 2891 4610 hoc
2914 4570 3136 4610 novum:
3186 4571 3218 4609 a
3244 4554 3425 4609 multis
3445 4554 3583 4608 enim
3632 4562 3768 4608 tem-

522 4635 642 4705 ejus
672 4636 863 4693 oculos
888 4636 1147 4708 eﬁ'ugere.
1178 4635 1362 4704 Addit,
1395 4652 1521 4692 cum
1566 4638 1979 4695 miserationum
2004 4638 2095 4696 ille

598 4880 671 4949 (9i
713 4878 843 4934 Dine
897 4881 979 4934 hac
1028 4880 1285 4937 mulieres
1330 4879 1639 4935 Neroniana
1711 4881 2095 4950 persecutione

525 4952 780 5023 saeviente
797 4966 972 5023 passa:
1006 4950 1626 5023 creduntur._Ruinart.,
1684 4952 1803 5023 Act.
1846 4962 2092 5023 martyr.,

525 5020 862 5112 ιξῗὲῖὲῑέέυι
891 5022 1003 5112 Ψ)
1029 5020 1630 5112 ίιξξθθυῗδέὶοηὲἓίῬῙὶθ
1681 5022 1923 5112 Ξξέίὲδέἓ
1967 5020 2093 5112 131i}-

537 5091 862 5158 i‘illetnont.,
897 5101 1030 5147 tom.
1063 5091 1127 5151 ll.
1155 5107 1278 5162 pag.
1308 5093 1395 5154 55,
1428 5102 1480 5147 et
1510 5100 1624 5146 not.
1681 5092 1711 5144 7
1734 5108 1830 5147 sur
1868 5092 1929 5148 S.
1965 5092 2094 5150 Clé-

524 5173 674 5218 ruent
708 5178 858 5233 pape,
895 5178 1017 5233 pag.
1049 5162 1156 5217 264
1185 5163 1322 5218 dans
1350 5162 1533 5218 l‘Hist.
1558 5162 1742 5233 ecclés.

598 5235 708 5304 (l0)
749 5231 933 5289 Primo
959 5231 1121 5305 igitur
1141 5234 1253 5303 jam
1292 5235 1492 5288 saeculo
1543 5232 1777 5305 credidit
1826 5231 2093 5305 Ecclesia,

522 5304 730 5360 Christi
762 5303 1083 5375 sanguinem
1113 5320 1213 5375 pro
1236 5308 1406 5361 totius
1428 5303 1616 5358 mundi
1642 5304 1817 5360 salute
1862 5304 2094 5361 eﬁusutn

523 5391 663 5431 esse.

601 5447 709 5515 (ll)
749 5443 995 5512 Tacitus,
1018 5446 1114 5502 lib.
1138 5460 1192 5501 νι
1212 5445 1495 5500 Annalium
1525 5445 1794 5515 phmnicis
1811 5445 2096 5502 historiam

523 5519 659 5570 citra
681 5518 865 5586 jocum
889 5517 1508 5572 commemoraLEadetn
1534 5534 1563 5569 a
1588 5515 1946 5580 Tertulliano,
1975 5516 2093 5573 Lib.

523 5588 589 5641 de
620 5597 898 5641 resurrect.
948 5589 1147 5649 carnis,
1181 5603 1301 5657 cap.
1334 5588 1482 5654 12;a
1533 5589 1591 5642 S.
1650 5587 1992 5657 Epiphanio.
2040 5589 2094 5642 in

525 5660 828 5719 Ancorato;
860 5659 927 5712 ab
955 5657 1216 5727 Origene.
1245 5657 1339 5713 lib.
1375 5674 1429 5712 tv
1475 5670 1657 5711 contra
1692 5657 1925 5721 Celsum;
1972 5674 2002 5713 a
2035 5658 2092 5714 S.

525 5728 729 5797 Cyrillo
763 5729 1036 5784 cateches.
1074 5731 1160 5791 18,
1193 5739 1549 5792 memoratur,
1582 5730 1717 5784 adeo
1749 5740 1804 5784 ut
1835 5730 1947 5785 haec
1977 5735 2097 5800 opi-

530 5804 622 5850 nio
644 5800 952 5853 communis
973 5808 1140 5859 εδει-ι,
1168 5808 1329 5868 atque
1361 5800 1505 5853 nulla
1532 5800 1914 5869 disquisitione
1935 5800 2094 5854 iusti-

446 5928 447 5933 η
530 5877 645 5922 tuta
676 5885 743 5926 cx
765 5871 1122 5939 quorumdam
1156 5880 1362 5924 tantum
1390 5885 1566 5924 rerum
1601 5872 1927 5928 naturalium
1966 5890 2093 5945 geu-

2193 4652 2405 4714 poribus
2444 4651 2509 4706 de
2527 4651 2785 4720 episcopis
2813 4659 2861 4705 et
2896 4650 3135 4705 dioconis
3190 4650 3246 4704 in
3277 4647 3555 4719 Scriptura
3612 4664 3765 4703 men-

2195 4896 2371 4965 tilium
2393 4896 2725 4965 scriptorum
2749 4891 2863 4965 ﬁde
2878 4901 3117 4965 recepta.
3137 4893 3274 4965 Quia
3294 4907 3428 4948 vero
3450 4892 3632 4947 Graeca
3659 4910 3763 4951 vox

2196 4963 2390 5036 φοῖνιξ,
2412 4973 2470 5020 ut
2495 4962 2803 5036 observavit
2826 4962 3153 5036 Cotelerius,
3194 4962 3462 5036 LatineAet
3484 4965 3766 5036 unigenam

2196 5032 2362 5099 avem,
2380 5046 2433 5091 et
2453 5036 2687 5105 palmam
2711 5035 3004 5105 signiﬁcat,
3025 5034 3172 5088 locos
3186 5049 3365 5105 sacra:
3387 5032 3683 5105 Scriptura:
3709 5038 3766 5091 in

2194 5108 2396 5179 quibus
2436 5104 2613 5176 φοῖνιξ
2650 5104 2835 5179 Graece
2859 5104 2933 5179 de
2954 5105 3135 5179 palma
3163 5104 3363 5159 dicitur
3381 5144 3396 5166 ,
3426 5104 3495 5160 de
3522 5106 3767 5179 aliteiin-

2195 5175 2582 5249 terpretantes,
2612 5176 2758 5246 quod
2785 5176 2851 5249 de
2882 5175 3265 5249 pbmniceave
3289 5184 3572 5249 narratur,
3594 5178 3763 5232 etiam

2199 5245 2609 5319 Scripturaruni
2634 5245 2967 5302 auctoritate
2994 5246 3097 5300 niti
3129 5245 3289 5301 facile
3315 5246 3421 5301 sibi
3472 5262 3765 5317 persuase-

2196 5315 2523 5374 runt'sancti
2556 5315 2767 5373 Patres.

2268 5389 2381 5461 (12)
2407 5389 2634 5461 Sanctus
2652 5387 3175 5461 Clemens,templum_
3191 5386 3762 5461 Hierosolymitanum,

2196 5458 2311 5514 cum
2336 5458 2611 5529 epistolam
2639 5461 2797 5514 istam
2821 5458 3088 5521 scriberet,
3108 5458 3278 5511 adhuc
3308 5469 3568 5526 superstes
3598 5460 3766 5529 fuisse

2196 5532 2499 5600 signiﬁcare
2535 5529 2773 5595 videtur;
2806 5530 2926 5583 licet
2958 5529 3011 5581 id
3032 5530 3326 5583 necessario
3369 5544 3435 5583 ea:
3457 5530 3571 5597 ejus
3596 5532 3762 5584 verbis

2198 5618 2299 5655 non
2350 5611 2719 5672 consequatur,
2766 5617 2884 5654 cum
2916 5610 3024 5653 tota
3061 5600 3172 5668 ejus
3215 5602 3387 5654 oratio
3436 5602 3763 5669 comparatio

2198 5682 2404 5727 tantum
2425 5671 2522 5727 sit.
2572 5671 2812 5725 Solemus
2843 5681 3017 5725 autem
3049 5671 3101 5723 in
3156 5672 3640 5740 comparationibus
3681 5688 3762 5725 res

2195 5744 2489 5815 pneteritaﬁs
2549 5752 2800 5815 tanquam
2852 5751 3131 5815 prmscntes
3191 5757 3497 5815 proponere.
3540 5742 3758 5815 Fieury,

2202 5815 2342 5869 lIist.
2366 5814 2516 5881 eccl.,
2546 5811 2677 5867 tom.
2713 5811 2751 5877 Ι,
2784 5814 2838 5867 ἱιι
2870 5813 3043 5868 Clem.
3079 5814 3171 5893 lib.
3207 5828 3263 5878 ιι,
3301 5812 3329 5883 §
