4070 6340
323 300 418 356 ιιι

1556 303 1893 361 ΡιίιοοεωΑ
1933 300 2235 361 VARIORU
2248 304 2315 360 Μ.

3248 218 3277 245 ὁ

3454 317 3549 368 149.

317 420 510 472 tionem
565 416 769 484 factam
788 416 971 487 fuisse.
1004 414 1128 472 Mox
1153 418 1526 475 contentiones
1556 419 1626 473 ob
1656 419 1887 474 Aaronis
1916 421 1961 476 Α
1990 417 2046 470 in
2092 417 2217 472 ovili
2258 417 2459 473 Christi
2501 438 2690 491 parvos
2735 434 2786 479 et
2828 426 3074 495 probatos
3106 429 3358 494 inveniri,
3389 448 3545 501 quam

317 508 689 566 sacerdotium
718 509 916 581 Moysis
937 516 1094 564 astate
1120 516 1338 565 exortas
1372 509 1656 575 describit,
1700 518 1753 564 et
1781 509 1885 565 Co-

316 596 550 652 rinthios
571 596 778 665 injuste
807 598 1127 668 episcopatu
1173 598 1473 668 privavisse
1502 615 1618 663 eos,
1673 600 1765 671 qui
1818 600 1887 655 ab

318 688 694 759 apostolorum
740 691 1157 746 successoribus
1219 692 1504 748 constituti
1545 691 1781 755 fuerant,
1830 702 1887 747 et

315 793 541 833 munere
602 793 705 834 suo
756 779 1034 850 inculpate
1083 789 1139 836 et
1181 783 1437 851 praeclare
1495 781 1879 854 fungebantur.

314 868 559 923 Schisma
581 879 834 930 vestrum.
854 872 1056 942 inquit,
1082 875 1274 930 multos
1308 876 1573 944 pervertit;
1605 875 1798 929 multos
1829 876 1885 929 in

311 961 478 1015 animi
508 960 872 1030 dejectionem,
912 964 1105 1018 multos
1156 966 1211 1019 in
1263 966 1671 1031 vacillationem,
1706 984 1883 1022 omnes

310 1070 400 1107 nos
422 1054 479 1107 in
501 1055 778 1108 tristitiam
793 1055 1035 1125 conjecit.
1065 1057 1261 1128 Turpia
1288 1069 1433 1124 sunt,
1452 1059 1651 1124 dilecti,
1668 1069 1718 1115 et
1734 1060 1885 1117 valde

310 1147 510 1213 turpia,
537 1155 591 1200 et
622 1145 929 1202 Christiana
969 1150 1359 1205 conversatione
1397 1151 1634 1222 indigna,
1683 1152 1879 1218 audiri,

310 1237 681 1307 ﬁrmissimam
745 1247 795 1292 et
845 1240 1119 1309 antiquam
1157 1239 1548 1296 Corinthiorum
1592 1242 1881 1298 Ecclesiam

310 1339 523 1399 propter
550 1346 717 1383 unum
746 1339 837 1383 aut
855 1332 1081 1385 alterum
1105 1332 1365 1389 hominem
1393 1345 1578 1389 contra
1618 1335 1880 1407 presbyte-

308 1440 393 1477 ros
421 1422 735 1477 seditionem
758 1441 980 1480 movere.
1016 1426 1185 1495 Atque
1237 1427 1282 1480 is
1324 1443 1502 1481 rumor
1526 1445 1632 1483 non
1676 1438 1881 1485 tantum

308 1516 374 1570 ad
412 1534 512 1570 nos
531 1519 785 1585 pervenit;
816 1518 907 1572 sed
930 1518 1001 1572 ad
1028 1536 1115 1574 eos
1131 1536 1349 1590 quoque,
1374 1521 1516 1591 quia
1538 1521 1687 1577 nobis
1720 1524 1883 1580 alieni

310 1618 429 1662 sunt
460 1610 643 1663 animo
672 1618 723 1663 et
750 1611 1042 1675 sententia;
1071 1612 1200 1667 adeo
1232 1622 1289 1665 ut
1311 1623 1525 1683 propter
1553 1624 1775 1669 vestram
1797 1618 1881 1671 in-

309 1702 635 1769 sipientiam,
659 1704 819 1758 etiam
851 1705 1189 1775 blasphemia:
1208 1714 1258 1760 et
1285 1707 1519 1761 convicia
1543 1711 1743 1764 nomini
1768 1710 1871 1765 Do-

311 1794 433 1847 mini
463 1794 783 1864 inferantur.
816 1796 1137 1865 Auferamus
1162 1797 1327 1867 igitur
1349 1799 1585 1852 celeriter
1606 1798 1701 1854 hoc
1723 1818 1878 1856 scan-

302 1883 513 1950 dalum,
546 1895 601 1939 et
648 1885 877 1940 Domino
905 1886 1209 1942 aocidamus
1237 1898 1286 1941 et
1312 1886 1644 1960 plangamus,
1668 1902 1876 1947 orantes

307 1991 426 2028 eum
469 1984 555 2040 ut,
589 1978 847 2045 propitius
884 1978 1080 2047 factus,
1113 1980 1479 2034 reconcilietur
1524 1981 1672 2037 nobis
1724 1993 1877 2054 atque

308 2066 370 2118 in
395 2068 636 2121 decoram
656 2079 707 2122 et
722 2078 936 2124 castam
952 2070 1180 2141 fraterni
1201 2072 1401 2126 amoris
1432 2072 1569 2127 viam
1596 2091 1689 2129 nos
1722 2073 1877 2128 redu-

310 2165 402 2208 cat
421 2166 473 2211 et
498 2159 749 2213 restituat.

382 2249 672 2307 Cbaritatis
698 2252 896 2309 deinde
924 2254 1114 2311 laudes
1130 2256 1500 2327 persequitur,
1527 2272 1648 2313 eam
1674 2256 1875 2330 Moysis

307 2338 376 2393 ad
406 2340 583 2393 instar
611 2343 1005 2400 commendans
1023 2385 1039 2408 ,
1069 2346 1162 2417 qui
1195 2362 1226 2402 e
1255 2347 1395 2403 libro
1423 2348 1548 2403 vitae
1575 2348 1746 2404 deleri
1778 2364 1876 2403 cu-

303 2429 492 2498 piebat
509 2470 526 2495 ,
556 2431 603 2485 si
632 2432 835 2503 populo
862 2449 963 2490 suo
988 2436 1204 2491 veniam
1228 2452 1339 2492 non
1364 2438 1744 2510 impetrasset;
1776 2442 1875 2496 do-

304 2531 534 2592 cetque,
585 2539 695 2593 qua
738 2525 956 2581 ratione
1002 2526 1148 2582 inter
1195 2528 1346 2599 ipsos
1403 2531 1611 2586 servari
1657 2536 1870 2603 possit;

300 2615 504 2684 quibus
540 2616 826 2684 gentilium
873 2616 1118 2688 ipsorum
1162 2621 1469 2690 exemplum
1519 2623 1870 2693 superaddit,

298 2706 390 2777 qui
448 2706 521 2761 ob
572 2708 852 2778 publicam
897 2710 1184 2766 utilitatem
1224 2719 1453 2768 mortem
1507 2722 1672 2785 atque
1722 2717 1872 2773 exsi-

299 2796 431 2851 lium
460 2796 703 2854 subiere.
725 2797 1002 2855 Fraterna:
1023 2802 1185 2855 etiam
1210 2803 1562 2860 correctionis
1583 2805 1873 2861 utilitatem

300 2896 741 2957 commemorat,
773 2890 1106 2961 subditque:
1152 2891 1254 2947 Vos
1291 2909 1445 2964 ergo,
1476 2895 1568 2965 qui
1596 2894 1872 2951 seditionis

299 2979 653 3049 fundantenta
676 2983 915 3053 jecistis,
946 2984 1144 3039 subditi
1169 2994 1334 3040 estote
1369 2986 1688 3058 presbyteris
1726 2998 1778 3043 et
1815 2989 1871 3042 in

1988 510 2157 563 altum
2184 512 2441 579 sapientes
2470 530 2497 566 e
2528 530 2613 583 spe
2641 516 2787 571 illius
2817 519 2957 587 ejici.
2987 519 3204 573 Claudit
3223 521 3503 589 epistolam
3524 562 3547 592 ,

1986 598 2156 655 Deum
2186 616 2382 665 orans,
2416 610 2475 657 ut
2503 620 2600 673 per
2627 603 2689 660 D.
2725 606 2789 661 N.
2823 606 2874 663 «Ι.
2906 606 3188 665 Christum
3222 610 3329 666 illis
3358 611 3447 667 tlet
3483 613 3549 669 ﬁo

1984 693 2105 750 dem
2129 734 2144 759 ,
2191 693 2443 752 timorem
2465 737 2481 761 ,
2531 712 2720 768 pacem
2742 738 2758 759 .
2805 700 3122 768 patientiam
3145 742 3159 767 ,
3212 712 3548 777 ceterasque

1986 786 2216 843 virtutes
2239 827 2255 853 ,
2287 790 2531 861 petitque
2562 800 2621 845 ut
2653 790 2942 847 Claudium
2966 834 2980 859 ,
3029 794 3307 865 prebum
3327 836 3343 860 ,
3387 797 3549 855 Vale-

1984 879 2125 934 sium
2142 887 2195 937 et
2207 880 2583 952 Fortunatum,
2598 886 2839 954 epistolae
2862 886 3024 955 hujus
3047 888 3376 952 tabellarios,
3396 890 3547 948 brevi

1985 980 2038 1027 et
2067 988 2193 1028 cum
2223 975 2425 1046 gaudio
2454 978 2768 1040 remittant,
2809 986 2867 1032 ut
2905 979 3104 1042 citius,
3141 981 3352 1052 inquit,
3388 991 3545 1053 Opta-

1984 1063 2147 1120 bilem
2186 1067 2451 1136 nobisque
2489 1066 3011 1125 desideratissimam
3065 1086 3252 1140 pacem
3303 1088 3373 1128 ac
3410 1089 3544 1128 cou-

1982 1156 2222 1212 cordiam
2248 1159 2597 1214 annuntient.

2155 1310 2404 1382 Analysis
2440 1312 2677 1382 epistola:
2709 1314 2954 1368 secunda:
2986 1314 3051 1371 D.
3085 1314 3368 1371 Clementis

2546 1383 2615 1437 ad
2646 1382 2968 1440 Corinthios.

2052 1515 2109 1570 In
2145 1516 2313 1572 altera
2337 1518 2405 1573 ad
2427 1518 2742 1578 Corinthios
2776 1522 3036 1593 epistola,
3062 1522 3165 1577 sibi
3190 1525 3539 1594 proposuisse

1976 1611 2195 1666 videtur
2232 1620 2459 1668 sanctus
2497 1613 2783 1679 Clemens,
2827 1624 2887 1669 ut
2921 1615 3239 1673 Corinthios
3273 1618 3341 1673 ad
3374 1618 3538 1673 vitam

1981 1718 2226 1773 ipsorum
2269 1706 2555 1761 vocatione
2599 1707 2819 1777 dignam
2858 1707 3159 1762 ducendam
3207 1709 3539 1766 hortaretur.

1976 1796 2161 1861 Quare
2191 1795 2295 1851 sub
2328 1797 2505 1867 ipsum
2535 1798 2749 1852 initium
2783 1799 2977 1865 docet,
3021 1816 3116 1856 eos
3160 1802 3227 1857 de
3272 1802 3500 1858 Christo
3521 1843 3536 1867 ,

1977 1898 2236 1957 tanquam
2275 1890 2343 1945 de
2381 1890 2491 1945 Deo
2522 1892 2729 1947 sentire
2764 1908 2979 1963 aequum
3018 1909 3175 1957 esse,
3232 1900 3285 1950 et
3330 1906 3535 1966 quanta

1974 1981 2148 2036 eidem
2178 1982 2438 2048 debeant,
2468 1992 2631 2054 atque
2660 1999 2822 2054 quam
2854 1994 3038 2056 gratos
3078 2002 3137 2041 se
3168 1986 3245 2040 illi
3275 1988 3536 2044 exhibere

1975 2081 2261 2143 oporteat,
2304 2075 2450 2146 quod
2492 2090 2588 2132 eos
2630 2077 2698 2131 ad
2751 2077 3024 2149 Evangelii
3070 2077 3244 2134 lucem
3285 2082 3535 2148 vocarit,

1975 2172 2188 2236 gratum
2237 2182 2366 2222 vero
2399 2167 2641 2225 animum
2686 2184 2798 2223 non
2849 2170 3019 2226 solam
3068 2171 3370 2227 divinitatis
3418 2173 3537 2241 ejus

1976 2256 2366 2327 professionem
2396 2259 2575 2329 palam
2607 2259 2817 2315 edendo
2847 2260 3066 2331 probari
3092 2261 3201 2327 ait,
3233 2261 3326 2316 sed
3356 2263 3538 2332 potius

1975 2359 2368 2421 praeceptorum
2399 2351 2519 2420 ejus
2546 2352 2688 2406 viam
2722 2351 3095 2423 ingrediendo.
3146 2350 3344 2406 Subdit
3366 2392 3380 2416 ,
3428 2353 3533 2407 ho-

1974 2442 2140 2498 minis
2174 2442 2339 2497 vitam
2370 2444 2425 2498 in
2455 2444 2566 2499 duo
2596 2451 2871 2515 tempora,
2903 2446 3019 2501 sive
3050 2446 3249 2500 szecula
3293 2445 3435 2499 inter
3476 2461 3537 2501 se

1974 2532 2190 2588 divorsa
2219 2534 2448 2590 divisam
2474 2550 2630 2602 esse,
2654 2552 2894 2606 praesens
2933 2552 3098 2591 unum
3119 2577 3134 2601 ,
3177 2535 3417 2590 futurum
3457 2536 3539 2591 al—

1972 2632 2182 2691 terum,
2232 2642 2353 2698 quas
2400 2628 2665 2699 quasdam
2714 2629 2880 2684 veluti
2932 2629 3247 2683 inimicitias
3303 2628 3534 2683 invicem

1972 2728 2263 2789 exercent;
2290 2721 2444 2791 prius
2491 2722 2696 2777 scelera
2746 2729 2910 2792 atque
2945 2721 3150 2792 ﬂagitia
3193 2722 3534 2791 praedicare;

1974 2814 2245 2882 posterius
2270 2813 2355 2868 bis
2387 2814 2642 2870 omnibus
2670 2815 2924 2868 nuntium
2955 2815 3229 2869 remittere
3255 2833 3269 2881 ;
3296 2830 3535 2883 praesens

1973 2906 2231 2960 saeculum
2260 2906 2595 2975 paenitentia:
2620 2907 2952 2963 destinatum
2973 2946 2989 2971 ,
3025 2916 3188 2977 atque
3223 2906 3322 2962 Dei
3355 2908 3449 2963 ira:
3479 2915 3535 2961 et

1973 2995 2142 3052 futuri
2188 2998 2375 3053 saeculi
2425 2999 2706 3070 suppliciis
2761 2999 3082 3070 edugiendis
3133 3009 3318 3072 aptum
3368 3017 3531 3069 esse,

294 3075 665 3142 penitentiam
694 3078 1025 3148 carripimini
1046 3092 1066 3133 :
1098 3079 1283 3135 melius
1310 3080 1571 3151 siquidem
1608 3081 1753 3138 vobis
1790 3091 1869 3138 est
1895 3125 1938 3180 ϐ
1972 3090 2132 3160 cujus
2164 3089 2309 3148 diem
2338 3100 2500 3161 atque
2527 3099 2742 3163 tempus
2770 3093 2988 3163 penitus
3019 3094 3356 3164 ignoramus.

1740 3314 2085 3335 -

1577 3462 1957 3554 CAPUT
2044 3466 2233 3554 Ill.

1114 3680 1175 3741 S.
1239 3679 1690 3744 CLEMENTIS
1724 3682 2042 3747 ROMANI
2072 3687 2337 3749 OPERA
2388 3687 2650 3750 DUBIA.

369 3846 744 3910 Auricuws
796 3866 1047 3910 UNICUS.
1080 3883 1156 3892 —
1190 3847 1359 3924 Quid
1397 3846 1471 3908 de
1505 3845 1748 3909 duabus
1810 3847 2146 3911 Clementis
2176 3850 2257 3911 ad
2286 3853 2564 3932 virgines
2609 3855 2897 3933 epistolis
2927 3856 3013 3916 sit
3034 3855 3445 3920 sentiendum.

360 4168 500 4236 Quis
525 4167 728 4235 primus
753 4166 849 4222 has
875 4164 1130 4236 epistolas
1158 4163 1426 4225 detexerit.
1449 4198 1519 4209 -—-
1539 4167 1863 4240 Nuperrimc

286 4277 341 4317 τ.
375 4262 454 4316 cl.
484 4258 729 4313 Joannes
765 4257 1000 4313 Jacobus
1056 4255 1393 4313 Wetstenius
1432 4258 1696 4330 (l3)duas
1724 4260 1860 4315 alias

289 4352 555 4424 produxit
586 4350 764 4405 sancti
794 4348 1091 4404 Clementis
1120 4347 1351 4403 Romani
1394 4350 1684 4418 epistolas,
1730 4350 1864 4405 bac-

288 4453 457 4500 tenus
502 4443 760 4497 omnibus
802 4441 1108 4512 incognitas
1129 4481 1144 4506 ,
1174 4456 1315 4511 quas
1342 4443 1489 4497 velut
1520 4443 1766 4498 sinceros
1794 4441 1858 4498 1).

286 4536 593 4591 Clementis
628 4534 769 4589 fetus
796 4534 1016 4605 agnovit
1047 4534 1118 4589 cl.
1166 4534 1365 4598 editor,
1412 4550 1475 4590 ac
1513 4551 1613 4606 pro
1654 4536 1862 4591 viribus

288 4628 467 4684 eidem
499 4642 750 4681 asserere
769 4634 854 4681 est
885 4641 1196 4696 aggressus.
1227 4625 1428 4681 Verum
1457 4627 1595 4682 duos
1623 4643 1733 4699 prae
1759 4643 1863 4683 cae-

284 4726 421 4776 teris
450 4721 605 4775 viros
636 4719 780 4773 haud
814 4719 1116 4774 incelebres
1144 4727 1342 4775 nactus
1369 4728 1453 4776 est
1482 4721 1856 4776 adversarios:

286 4812 528 4868 alterum
581 4812 803 4881 quidem
865 4811 1253 4867 Natbanaelem
1308 4812 1649 4867 Lardnerum
1682 4854 1698 4879 ,
1761 4813 1858 4881 qui

286 4918 429 4957 anno
465 4903 609 4957 1753
636 4904 1075 4959 dissertationem
1117 4902 1187 4957 60
1220 4904 1540 4975 paginarum
1573 4902 1715 4957 in-8°
1746 4902 1858 4956 An-

288 4997 423 5066 glice
474 4994 713 5051 Londini
761 4996 971 5063 edidit;
1020 4997 1378 5067 pluribusque
1426 4997 1485 5051 in
1528 4996 1857 5051 contrariam

289 5088 618 5145 sententiam
652 5087 936 5153 adductis,
970 5088 1025 5142 in
1055 5103 1176 5143 eam
1204 5088 1425 5144 tandem
1469 5089 1857 5159 cogitationem

288 5180 512 5235 devenit
532 5221 546 5243 ,
580 5181 682 5235 has
713 5180 971 5234 nimirum
1001 5180 1261 5251 epistolas
1292 5180 1441 5235 circa
1470 5180 1709 5234 medium
1750 5194 1856 5234 ste-

286 5274 396 5328 culi
423 5274 574 5330 tertii
591 5273 661 5329 ab
678 5272 938 5344 episcopo
954 5270 1250 5329 Orientalis
1272 5271 1530 5328 Ecclesia
1547 5271 1714 5327 fuisse
1736 5284 1859 5342 per-

357 5524 471 5593 (15)
510 5521 571 5576 In
608 5519 760 5575 Novo
794 5516 1359 5593 Testamento_Gr_teco
1382 5531 1505 5572 cum
1528 5515 1851 5593 lectionibus

284 5586 628 5648 variantibus
648 5632 665 5655 ,
692 5590 1085 5646 commentario
1112 5589 1358 5659 pleniore
1385 5604 1463 5659 ex,
1482 5586 1848 5659 scriptoribus

286 5662 529 5789 ζῷς-κίε
559 5703 576 5729 ,
616 5660 822 5718 Graecis
867 5669 922 5718 et
956 5657 1190 5722 Latinis,
1250 5657 1655 5714 Amstaelodami
1706 5657 1837 5713 1751

360 5744 449 5792 ito.

1970 4164 2206 4237 scriptas
2236 4166 2379 4237 (li);
2406 4165 2637 4220 alterum
2679 4181 2804 4220 vero
2838 4164 3207 4223 Ilermannum
3255 4169 3528 4238 Venema,

1966 4258 2060 4329 qui
2091 4273 2235 4313 anno
2268 4259 2592 4328 insequente
2623 4257 2784 4324 1754,
2830 4258 3104 4330 Ηθτιίηεαξ
3146 4261 3382 4333 vulgatis
3421 4266 3525 4319 tri-

1948 4352 2067 4424 jus
2098 4350 2349 4421 epistolis
2368 4389 2383 4415 ,
2414 4350 2551 4406 viris
2580 4351 2904 4405 clarissimis
2932 4351 3330 4425 Wesselingio,
3361 4356 3528 4413 Hem-

1967 4442 2264 4507 sterhusio,
2298 4449 2354 4498 et
2385 4442 2782 4512 Cannegietero
2813 4441 3096 4514 inscriptis
3115 4485 3129 4509 ,
3159 4446 3379 4503 easdem
3409 4450 3529 4520 epi-

1967 4532 2137 4589 stulas
2186 4531 2557 4588 Clementinas
2600 4532 2983 4602 supposititias
3010 4548 3131 4589 esse
3164 4536 3311 4591 omni
3346 4540 3528 4594 studio

1964 4631 2248 4686 contendit
2280 4632 2570 4697 evincere;
2606 4630 2659 4684 in
2693 4630 2762 4685 iis
2792 4629 2935 4684 enim
2969 4629 3112 4684 inter
3154 4632 3258 4686 alia
3299 4631 3361 4688 Ι).
3393 4632 3526 4690 Hie-

1963 4720 2175 4791 ronymi
2207 4720 2405 4791 stylum
2434 4720 2537 4775 sibi
2563 4720 2873 4775 suboluisse
2899 4720 3074 4774 innuit
3100 4719 3309 4792 (15).Ει
3330 4740 3526 4794 quam-

1961 4812 2046 4867 vis
2072 4813 2140 4867 de
2170 4822 2391 4867 auctore
2419 4827 2483 4866 ac
2512 4823 2786 4882 tempore,
2828 4827 2939 4883 quo
2977 4812 3205 4879 vixerit,
3252 4816 3389 4870 nihil
3430 4816 3524 4872 de-

1962 4904 2152 4971 ﬁniat;
2192 4920 2317 4960 eum
2357 4913 2539 4959 tamen
2582 4904 2749 4961 fuisse
2780 4904 3143 4970 Orientalem,
3175 4922 3283 4962 non
3325 4907 3526 4963 Romr

1962 5012 2128 5060 num,
2168 5004 2221 5051 et
2258 4994 2490 5064 Origene
2528 5011 2744 5067 quoque
2782 4998 3135 5065 posteriorem
3173 4998 3354 5069 arguit
3385 5000 3520 5071 (16).

1962 5086 2197 5159 Utrique
2229 5092 2413 5143 statim
2444 5086 2729 5158 respondit
2770 5084 3107 5143 Wetstenius
3127 5128 3142 5153 ,
3177 5089 3519 5161 iterumque,

1959 5195 2098 5251 quas
2125 5179 2299 5235 edidit
2321 5180 2600 5250 epistolas,
2630 5178 2805 5249 magis
2826 5180 3105 5250 magisque
3121 5178 3386 5237 Clementi
3410 5182 3524 5237 Ro-

1958 5286 2119 5326 mano
2166 5270 2504 5326 vindicavit:
2554 5268 2832 5325 Lardnero
2860 5270 3077 5340 quidem
3120 5272 3175 5326 in
3216 5271 3399 5329 Diario
3426 5276 3521 5329 lit-—

2026 5515 2137 5585 (14)
2179 5512 2540 5585 ιητάηθτηΑ
2587 5510 2929 5585 dissertation
2967 5512 3228 5585 upo_n_tlze_
3263 5508 3517 5585 εωοηξρξ-

1955 5581 2077 5641 stles
2112 5581 2347 5639 ascribed
2373 5593 2424 5637 to
2455 5581 2689 5638 Clement
2744 5583 2804 5650 of
2829 5582 2986 5635 Rome
3008 5622 3021 5642 .
3057 5583 3148 5646 '57,
3172 5583 3240 5637 54
3269 5592 3322 5637 et
3350 5584 3439 5637 57.

2027 5658 2137 5726 (15)
2178 5655 2413 5710 Venema
2442 5694 2456 5717 ,
2487 5654 2649 5726 epist.
2673 5653 2752 5726 κῆ,
2786 5652 2929 5723 §27,
2967 5650 2995 5721 §
3025 5652 3113 5706 89.

2027 5670 2137 5726 (15)
2185 5670 2413 5710 venema
2442 5694 2456 5717 ,
2487 5670 2649 5780 ἔριδι.
2683 5670 2752 5715 z,
2786 5670 2813 5723 θ
2838 5670 2929 5715 τι,
2967 5670 2995 5721 3
3025 5670 3113 5706 δυ.

2026 5728 2136 5803 (td)
2176 5726 2354 5791 Idem,
2382 5740 2468 5795 ep.
2550 5766 2564 5789 ,
2601 5722 2628 5795 ᾗ
2667 5723 2730 5778 16
2758 5730 2813 5778 et
2838 5738 3017 5789 seqq,.
3050 5736 3172 5794 pag.
3210 5721 3332 5776 ﬁll.
