4070 6340
527 371 629 426 ηδ

1648 368 1735 422 AD
1774 368 1832 423 S.
1869 364 2288 422 CLEMENTEM
2329 369 2347 422 l
2387 367 2618 422 PAPAM

3624 369 3720 424 ιιι

521 482 722 540 terarlo
749 478 953 537 Gallice
983 482 1247 553 inscripto
1278 481 1638 553 Bibliothéque
1669 483 1938 537 raisonnée
1964 483 2009 553 (l
2023 482 2073 553 Ἰ)
2105 486 2151 545 Α
2178 484 2463 553 epistolam
2502 484 2733 555 primam
2763 482 2829 538 ad
2864 482 3176 541 Corinthios
3202 501 3217 551 ;
3249 483 3497 540 meminit
3533 492 3589 539 et
3637 501 3719 541 se-

522 574 771 630 Venemaa
800 581 979 629 autem
1000 613 1015 638 ,
1069 574 1301 645 epistola
1330 590 1396 630 eo
1427 575 1545 645 ipso
1590 590 1734 629 anno
1771 574 1909 629 1754
1949 574 2080 628 Am-

512 663 1008 721 sttelodamensihus
1038 665 1183 735 typis
1224 664 1546 734 consignata
1570 702 1585 729 ,
1631 679 1792 734 quam
1834 660 2078 733 epistolae

522 757 707 828 primae
736 754 1077 811 Venemiana:
1120 755 1402 827 Opposuit.
1456 754 1755 811 Ulteriores
1806 754 2076 809 vindicias

522 862 621 918 pro
650 847 735 903 his
760 846 1116 902 Clementinis
1147 848 1395 918 epistolis
1423 847 1638 902 demum
1668 864 1720 902 v.
1750 862 1799 902 c.
1829 846 2077 903 Andreas

521 937 836 993 Gallandius
868 937 979 1007 (l8)
1010 940 1277 996 exaravit.
1325 937 1527 995 Verum
1571 940 1906 1010 argumentis
1950 953 2075 993 cum

523 1029 835 1085 intrinsecis
859 1038 972 1085 tum
999 1026 1319 1088 extrinsecis
1338 1031 1393 1085 in
1416 1039 1701 1102 utramque
1729 1039 1937 1102 partem
1959 1034 2079 1089 sine

523 1122 841 1193 praeiudicio
859 1125 1119 1194 expensis
1140 1140 1234 1180 eas
1257 1124 1486 1195 positive
1505 1124 1699 1179 dubias
1720 1139 1875 1193 esse;
1902 1140 2078 1195 neque

524 1215 727 1285 aliquid
759 1230 859 1285 pro
888 1217 971 1271 vel
999 1225 1189 1271 contra
1221 1216 1552 1271 authentiam
1585 1216 1899 1273 earumdem
1927 1225 2077 1272 certe

525 1307 688 1361 statui
719 1320 907 1377 posse,
941 1322 1065 1362 cum
1093 1324 1147 1363 v.
1177 1307 1247 1362 cl.
1279 1306 1399 1363 Joa.
1450 1306 1622 1363 Mansi
1656 1308 1767 1380 (l9)
1800 1310 2073 1365 existimo.

596 1397 970 1467 Argumentum
1002 1414 1098 1468 pro
1126 1399 1395 1452 aut/tentia
1420 1396 1668 1468 primum.
1696 1430 1766 1441 --
1784 1401 2079 1473 Argumen-

525 1488 637 1544 tum
688 1490 920 1560 primum
964 1506 1063 1561 pro
1112 1491 1392 1547 authentia
1434 1491 1631 1545 harum
1676 1490 1739 1547 D.
1783 1492 2077 1550 Clementis

523 1581 872 1651 epistolarum
906 1589 1092 1651 petunt
1120 1582 1329 1654 praefati
1361 1591 1614 1638 auctores
1642 1598 1709 1639 ex
1748 1583 2077 1641 testimoniis

526 1680 839 1729 sanctorum
888 1671 1202 1744 Hieronymi
1238 1682 1291 1727 et
1328 1672 1655 1744 Epiphanii,
1693 1687 1926 1743 quorum
1965 1672 2077 1744 pri-

527 1782 649 1820 mus
684 1764 847 1833 hujus
882 1764 1180 1820 Clementis
1225 1765 1487 1835 epistolas
1518 1780 1549 1818 a
1591 1764 1860 1835 frequenti
1910 1765 2077 1836 virgi-

524 1856 711 1911 nitatis
733 1856 1196 1912 commendatione
1240 1857 1424 1911 laudat
1452 1857 1589 1928 (20),
1622 1857 1759 1913 alter
1798 1872 1928 1912 vero
1958 1859 2072 1922 ait,

527 1965 555 2003 a
586 1958 778 2005 sancto
824 1948 1103 2004 Clemente
1139 1949 1391 2005 laudibus
1437 1948 1615 2003 ell'erri
1661 1948 1866 2012 Eliam,
1918 1948 2078 2003 Davi-

528 2041 649 2095 dem
697 2048 751 2095 et
796 2037 1117 2095 Samsonem
1150 2038 1283 2111 (21).
1328 2038 1569 2109 Utraque
1611 2040 1726 2094 haec
1764 2040 1907 2094 sicut
1945 2055 2079 2094 nus-

530 2133 669 2204 piam
714 2132 766 2185 in
809 2132 1021 2186 duabus
1066 2131 1321 2202 leguntur
1359 2132 1593 2201 vulgatis
1634 2130 1744 2185 divi
1783 2130 2078 2186 Clementis

528 2226 593 2279 ad
625 2224 934 2280 Corinthios
964 2223 1245 2294 epistolis,
1297 2225 1371 2280 ita
1400 2224 1642 2281 vicissim
1688 2223 1974 2294 perspicue
2021 2223 2078 2277 in

528 2319 754 2381 utraque
785 2310 886 2365 hac
915 2318 1194 2381 apparent.

598 2400 892 2457 Secundum
924 2409 1310 2473 argumentum.
1336 2433 1407 2443 ——
1433 2401 1686 2459 Secundo
1718 2404 1950 2473 probant
1982 2419 2081 2459 au-

528 2493 787 2547 thentiam
821 2492 1285 2547 Clementinarum
1320 2508 1384 2547 ex
1416 2492 1797 2549 conformitate
1824 2495 1948 2567 styli
1983 2494 2080 2549 ha-

529 2600 649 2638 rum
677 2585 1027 2655 epistolarum
1060 2598 1184 2639 cum
1217 2582 1431 2640 duabus
1459 2584 1526 2639 ad
1547 2584 1865 2641 Corinthios
1894 2585 2076 2643 datis:

529 2676 821 2732 observant
845 2675 1049 2746 passim
1078 2673 1298 2730 easdem
1325 2676 1646 2739 sententias,
1672 2675 1916 2731 eamdem
1943 2675 2082 2732 scri-

530 2767 726 2832 bendi,
757 2767 1111 2837 exemplaque
1138 2768 1193 2822 in
1235 2767 1471 2823 medium
1514 2766 1848 2837 producendi
1889 2775 1943 2823 et
1989 2782 2080 2822 ra-

533 2858 830 2914 tiocinandi
863 2858 1197 2914 methodum.
1239 2859 1320 2913 Ad
1363 2859 1477 2913 haec
1517 2874 1697 2913 mores
1717 2874 1843 2915 vere
1868 2868 2083 2931 aposto-

535 2951 627 3005 lici
653 2991 668 3015 ,
703 2950 1059 3021 simplicitas,
1090 2950 1383 3014 modestia,
1417 2950 1734 3021 frugalitas,
1776 2950 2081 3022 benignitas

442 3112 445 3117 η
530 3041 720 3096 eadem
754 3040 977 3107 insunt,
1001 3048 1134 3109 etc.;
1164 3057 1271 3096 uno
1292 3042 1480 3106 verbo,
1509 3051 1799 3112 utrumque
1826 3042 2083 3113 epistola-

532 3150 651 3189 rum
683 3150 781 3205 par
825 3136 999 3190 vivam
1045 3135 1340 3199 Clementis
1385 3137 1677 3209 imaginem
1730 3137 1972 3203 referre,
2017 3153 2081 3193 ac

534 3234 743 3281 tantum
772 3242 880 3282 non
911 3229 1119 3299 spirare
1139 3229 1493 3283 arbitrantur.
1521 3228 1743 3285 Demum
1771 3230 1825 3284 in
1854 3240 2082 3299 utraque

536 3317 635 3371 hac
682 3319 908 3389 epistola
956 3320 1092 3374 nihil
1142 3335 1435 3375 occurrere
1483 3323 1791 3391 oppositum
1834 3321 2081 3376 moribus

536 3409 791 3467 Ecclesiae
833 3410 1154 3468 Christianae
1188 3414 1388 3483 prioris
1430 3415 1649 3478 saeculi,
1681 3430 1790 3485 quo
1831 3413 2081 3470 Clemens

533 3502 714 3556 floruit
735 3542 751 3567 ,
806 3499 1145 3559 Wetstenius
1166 3545 1181 3565 .
1212 3506 1412 3575 aliique
1440 3506 1766 3575 persuadere
1791 3513 2079 3561 conantur.

604 3595 921 3663 Argumenta
950 3606 1135 3650 contra
1165 3597 1512 3653 aut/tentiam.
1535 3597 1688 3651 —At
1719 3612 1847 3652 vero
1877 3598 2082 3652 criticis

534 3686 923 3742 morosioribus
966 3688 1197 3742 arduum
1247 3689 1465 3744 videtur
1516 3688 1845 3755 admittere,
1896 3696 1950 3744 et
1984 3704 2084 3759 pro

533 3775 765 3830 sinceris
795 3791 1088 3845 agnoscere
1117 3778 1378 3847 epistolas
1409 3786 1520 3833 tota
1550 3780 1709 3850 plane
1738 3779 2082 3849 antiquitate,

533 3875 587 3922 et
628 3866 695 3921 ad
742 3867 847 3922 hoc
893 3883 1066 3938 usque
1109 3870 1370 3924 saeculum
1417 3870 1651 3941 ignotas.
1699 3869 1884 3941 Neque
1929 3870 2087 3925 facile

534 3958 872 4023 concedunt,
906 3957 1091 4012 divum
1122 3958 1506 4032 Hieronymum
1536 3976 1842 4016 sermonem
1878 3961 1944 4017 de
1975 3962 2086 4018 illis

534 4049 791 4105 habuisse
840 4050 894 4103 in
946 4049 1250 4120 fragmento
1287 4066 1319 4105 a
1376 4049 1676 4111 Wetstenio
1725 4053 1954 4124 ejusque
1996 4069 2086 4109 se-

536 4142 837 4197 ctatoribus
869 4142 1166 4212 producto,
1217 4143 1361 4213 quod
1400 4141 1505 4199 hoc
1548 4152 1867 4215 argumento
1910 4143 2087 4200 evinci

534 4248 696 4305 posse
724 4233 1057 4287 existimant.
1102 4231 1458 4305 Hieronymus
1485 4236 1540 4289 in
1573 4236 1821 4306 catalogo
1854 4235 1929 4290 De
1962 4236 2087 4291 viris

535 4322 827 4378 illustribus
856 4323 1188 4379 Clementem
1220 4340 1330 4379 non
1358 4326 1582 4398 negligit
1602 4366 1617 4392 ,
1647 4326 1942 4398 laudatque
1966 4327 2087 4397 ejus

2082 4419 2141 4469 δ

608 4502 719 4575 (l'i)
760 4500 913 4575 'Ilom.
1042 4510 1194 4575 parte
1224 4518 1296 4565 ιι,
1330 4513 1433 4575 art.
1462 4504 1530 4566 8,
1564 4521 1684 4575 pag.
1720 4505 1841 4560 363.

609 4572 719 4637 (l8)
776 4572 913 4626 Bibl.
953 4570 1063 4626 Vel.
1093 4572 1205 4629 PP.
1255 4582 1383 4628 tom.
1422 4574 1474 4640 ι,
1507 4570 1914 4647 ὶιίριῖοιεεοηιη
1961 4592 2084 4649 pag.

535 4642 607 4695 ΞΟ
636 4651 686 4695 et
718 4658 867 4710 seqq.
1594 4642 1607 4646 ’
1748 4642 1767 4647 Ὗ
1962 4642 1981 4648 ’
2033 4642 2059 4649 ⁷

761 4711 915 4833 'fiom.
948 4712 964 4765 Ι
996 4712 1350 4796 (ῖοηείηρθι.
1378 4714 1476 4769 Md
1506 4724 1558 4769 et
1586 4731 1737 4797 seqq.
2050 4789 2062 4800 ι

774 4851 777 4852 ν
820 4799 837 4835 ι
880 4795 998 4835 sunt
1027 4785 1265 4848 eunuchi,
1297 4802 1424 4852 quos
1450 4795 1697 4839 castravit
1730 4801 1831 4839 non
1863 4803 2060 4841 necesst

633 4780 723 4852 20)
771 4782 838 4853 lii
880 4795 998 4835 sunt
1027 4785 1265 4848 eunuchi,
1297 4802 1424 4853 quos
1450 4780 1715 4839 castravit
1730 4801 1831 4839 non
1863 4789 2089 4841 necessi-

542 4851 780 4925 tasLsed
810 4856 1048 4906 voluntas
1080 4866 1287 4921 propter
1309 4851 1526 4925 regnum
1567 4857 1834 4910 calorum.
1871 4857 1953 4909 Ad
1995 4858 2087 4912 hos

544 4931 594 4975 et
626 4919 862 4975 Clemens
903 4919 1182 4977 successori
1211 4919 1434 4989 apostoli
1470 4925 1648 4984 Petri.
1690 4926 1840 4994 cujus
1885 4926 2086 4981 Paulus

542 4995 809 5059 apostolus
838 4995 1068 5046 meminit
1091 5033 1111 5065 ,Α
1130 4994 1306 5046 scribit
1328 4996 1596 5063 epistolas.
1630 5012 1932 5058 omnemque
1964 5013 2088 5065 pene

542 5078 829 5134 sermonem
875 5081 1025 5116 suum
1078 5063 1140 5117 de
1170 5066 1486 5134 uirginitatis
1527 5076 1755 5133 puritate
1798 5063 2081 5122 contexuit.

544 5132 599 5186 S.
636 5131 880 5193 llicrnn.,
919 5135 1007 5187 lib.
1048 5148 1061 5185 ι
1091 5131 1270 5186 contra
1299 5131 1655 5190 Iovinianum.

632 5202 723 5268 2i)
761 5200 1131 5288 Clemensipse
1157 5204 1393 5288 omnibus
1422 5206 1541 5288 illos
1566 5206 1884 5288 (Ebionwos)
1919 5208 2087 5263 modis

540 5276 805 5395 redaiguit
834 5276 900 5327 iis
928 5276 1157 5341 epistolis
1188 5276 1553 5339 circularibus,
1585 5294 1700 5345 qua:
1730 5278 1783 5330 in
1812 5294 2089 5332 sacrosan-

540 5344 639 5418 ftis
706 5344 919 5418 celesiii
928 5344 1210 5418 leguntur:
1240 5361 1303 5418 ea;
1339 5346 1524 5418 quibus
1559 5356 1794 5418 constat,
1837 5347 1982 5418 longe
2020 5348 2085 5402 ab

542 5413 641 5470 iis,
672 5429 785 5495 qua:
807 5415 859 5466 in
878 5411 1329 5497 Circ'uitibusillis
1350 5411 1553 5487 (Petri)
1592 5416 1687 5470 sub
1725 5419 1839 5485 ejus
1878 5411 2085 5472 nomine

542 5482 835 5536 adulterina
862 5494 1066 5537 exstant
1094 5526 1109 5541 .
1139 5486 1284 5538 illius
1315 5487 1467 5541 ﬁdem
1496 5504 1557 5540 ac
1583 5504 1867 5541 sermonm
1897 5487 2085 5541 abhor-

540 5488 835 5536 adulterina
862 5494 1066 5537 exstant
1094 5526 1109 5549 ,
1139 5488 1284 5538 illius
1314 5488 1467 5553 ﬁdem
1496 5504 1557 5540 ac
1583 5504 1867 5541 sermonem
1897 5488 2087 5541 abhor-

540 5552 744 5625 ηιξκιε-
766 5552 967 5625 Etenim
993 5556 1337 5623 virginitatem
1372 5558 1479 5625 ipse
1508 5556 1790 5624 (Clemens)
1825 5557 2003 5623 docet,
2034 5569 2082 5613 et

539 5622 631 5693 isti
661 5622 675 5689 (
699 5621 989 5693 Ebionitw)
1028 5621 1299 5693 repudiant
1326 5642 1344 5679 :
1370 5621 1459 5681 ille
1479 5621 1650 5681 Eliam
1672 5669 1686 5689 ,
1720 5621 1969 5681 Doridem
1991 5621 2007 5688 ,
2034 5638 2084 5681 et

544 5690 847 5765 Samsonem
877 5690 1150 5765 omnesque
1178 5698 1452 5765 prop/tetas
1481 5698 1845 5760 commendat;
1872 5716 1998 5765 quos
2030 5699 2083 5750 lii

541 5761 882 5819 detestantur.
914 5761 1127 5835 Epipli.,
1151 5761 1385 5834 haer.30,
1413 5768 1439 5839 §
1467 5771 1548 5835 l5,
1578 5770 1712 5840 Opp.
1749 5777 1786 5823 t.
1820 5761 1933 5838 l,p.
1958 5768 2077 5827 l59.

2175 573 2369 628 cundte
2390 614 2405 639 ,
2438 590 2600 645 quam
2633 581 2810 629 tamen
2846 591 2956 629 non
2997 575 3066 630 ab
3102 574 3356 631 omnibus
3393 574 3607 631 admitti
3641 577 3721 631 af-

2177 661 2375 719 firmat.
2407 662 2661 719 Profecto
2690 680 2799 719 non
2830 664 3071 721 siluisset
3110 672 3165 719 et
3207 664 3452 736 geminas
3496 664 3722 729 alias,si

2176 761 2366 808 nosset
2395 753 2529 824 (22).
2559 754 2679 819 Quo
2700 770 2829 825 ergo
2860 757 3125 826 spectavit
3169 754 3225 808 in
3271 755 3584 809 testimonio
3632 755 3723 810 illo

2175 857 2242 898 ex
2273 843 2414 898 libro
2456 854 2638 900 contra
2657 844 2996 901 Jovinianum
3029 847 3326 917 producto}!
3356 846 3589 900 arbitror
3617 859 3721 915 pra

2175 932 2352 990 oculis
2404 935 2660 992 habuisse
2716 938 3003 1008 epistolam
3053 938 3123 993 ad
3175 936 3489 993 Corinthios
3530 950 3729 992 secun-

2176 1025 2334 1092 dam,
2364 1026 2419 1081 in
2452 1042 2559 1098 qua
2600 1027 2739 1085 forte
2786 1028 2855 1085 de
2892 1028 3207 1100 virginitate
3250 1029 3512 1101 prolixior
3546 1043 3727 1083 sermo

2176 1114 2516 1184 habebatur;
2560 1133 2868 1189 quanquam
2891 1121 3037 1175 enim
3071 1120 3118 1176 is
3146 1122 3308 1176 modo
3341 1136 3450 1176 non
3492 1121 3723 1191 legatur,

2174 1224 2283 1263 non
2312 1216 2397 1265 est
2426 1226 2525 1267 cur
2564 1212 2837 1284 quispiam
2882 1214 3151 1281 miretur;
3181 1228 3357 1284 neque
3400 1213 3547 1268 enim
3587 1213 3727 1270 inte.

2173 1318 2269 1375 gra
2310 1301 2378 1357 ad
2424 1317 2524 1358 nos
2563 1304 2843 1374 pervenit,
2884 1312 2943 1358 ut
2976 1304 3206 1360 eruditis
3243 1304 3500 1360 omnibus
3534 1304 3726 1376 explo-

2174 1404 2350 1451 ratum
2384 1405 2485 1452 est.
2512 1395 2623 1450 Nec
2650 1396 2880 1450 multum
2910 1395 3199 1467 Epiphanii
3227 1398 3598 1452 testimonium
3623 1412 3726 1452 nos

2174 1488 2375 1543 morari
2424 1487 2620 1555 debet;
2668 1488 2937 1559 siquidem
2979 1488 3113 1543 illud
3155 1489 3470 1560 expeditum
3524 1496 3608 1544 est
3657 1504 3726 1545 ex

2174 1577 2420 1647 epistolis
2438 1576 2754 1643 Clementis,
2778 1594 2899 1649 qua:
2914 1587 3043 1635 tunc
3062 1579 3364 1651 legebantur
3382 1582 3435 1635 in
3454 1579 3726 1637 Ecclesiis.

2175 1667 2425 1726 Profecto
2452 1687 2519 1727 ex
2550 1672 2862 1728 testimonio
2890 1675 3065 1730 sancti
3094 1672 3407 1745 Hieronymi
3440 1674 3728 1739 discimus,

2178 1760 2355 1817 nullas
2376 1762 2511 1817 alias
2535 1761 2833 1819 Clementis
2863 1764 3124 1835 epistolas
3151 1774 3310 1822 aetate
3337 1766 3427 1823 illa
3462 1768 3515 1821 in
3545 1766 3735 1822 Eccle-

2178 1850 2258 1907 sia
2296 1853 2396 1922 legi
2433 1854 2785 1912 consuevisse
2809 1896 2823 1922 ,
2865 1857 2971 1912 nisi
3020 1857 3087 1911 ad
3120 1858 3436 1913 Corinthios
3464 1858 3730 1930 geminas.

2175 1941 2397 1998 Accedit
2424 1945 2591 2014 quod,
2615 1947 2938 2003 observante
2950 1964 3002 2004 v.
3027 1949 3099 2004 cl.
3132 1947 3408 2004 Lardnero
3436 1949 3569 2021 (25),
3598 1964 3735 2003 neu-

2177 2040 2261 2088 tra
2291 2034 2769 2094 Corinthiacarum
2802 2040 3031 2110 epistola
3063 2042 3272 2112 integra
3306 2040 3373 2095 ad
3406 2057 3506 2096 nos
3541 2057 3753 2112 perve-A

2178 2125 2354 2191 nerit,
2385 2135 2547 2197 atque
2577 2128 2704 2184 inde
2740 2128 2901 2186 facile
2943 2130 3059 2186 fieri
3099 2132 3310 2203 potuit,
3352 2140 3411 2187 ut
3453 2131 3738 2188 Samsonis

2176 2216 2379 2272 mentio
2408 2216 2549 2273 inter
2589 2232 2686 2285 ea,
2729 2235 2850 2291 qua:
2891 2220 2947 2275 in
2981 2221 3173 2277 iisdem
3214 2222 3463 2292 epistolis
3501 2223 3727 2288 desunt,

2178 2308 2412 2363 maxime
2437 2323 2568 2364 vero
2594 2309 2650 2365 in
2670 2312 2929 2377 secunda,
2957 2318 3276 2368 occurrerit.

2246 2396 2329 2450 A‘n
2345 2397 2475 2452 nihil
2499 2398 2729 2454 moribus
2745 2402 2902 2465 primi
2915 2402 3093 2457 surculi
3108 2404 3429 2456 contrarium
3451 2415 3696 2457 occurrat
3712 2404 3741 2459 2

2175 2486 2405 2553 —Quod
2431 2506 2559 2545 vero
2578 2492 2655 2546 ait
2697 2488 3054 2559 Wetstenius,
3083 2496 3213 2550 nihil
3231 2497 3285 2550 in
3305 2504 3535 2567 utraque
3554 2498 3739 2551 littera

2179 2577 2281 2634 hac
2334 2595 2624 2639 occurrere
2656 2598 2687 2638 a
2718 2586 2964 2643 moribus
3006 2588 3182 2643 aetatis
3226 2588 3373 2643 illius
3407 2589 3737 2654 abhorrens,

2179 2685 2352 2742 usque
2381 2672 2517 2731 adeo
2552 2691 2739 2731 verum
2768 2676 2914 2734 haud
2962 2678 3175 2749 iudicat
3219 2681 3625 2737 illustrissimus
3668 2678 3737 2734 D.

2178 2763 2352 2824 Μειηεί
2392 2768 2546 2842 (Ξι);
2576 2785 2644 2827 ex
2675 2787 2864 2827 earum
2884 2773 3027 2829 enim
3059 2773 3291 2830 lectione
3317 2774 3743 2846 deprehendisse

2180 2860 2285 2915 sibi
2329 2862 2481 2917 visus
2539 2870 2644 2929 est,
2703 2865 2890 2921 nescio
2912 2881 3033 2937 quae
3076 2868 3302 2939 vestigia
3346 2867 3739 2933 monachatus,

2180 2966 2375 3022 nempe
2400 2961 2575 3011 coetus
2603 2955 2917 3022 hominum,
2950 2958 3043 3028 qui
3074 2974 3285 3014 morum
3319 2959 3742 3015 sanctimoniam

2182 3044 2511 3113 singularem
2548 3046 2843 3118 elegerint,
2876 3051 3021 3120 quod
3053 3052 3382 3121 permaxime
3414 3052 3589 3109 elucet
3629 3052 3743 3107 illis

2182 3138 2394 3193 verbis:
2424 3158 2442 3190 ι
2467 3136 2524 3192 ld
2557 3140 2701 3210 quod
2731 3158 2839 3197 non
2871 3143 3027 3198 decet
3055 3143 3260 3209 fideles,
3292 3144 3416 3201 illos
3444 3148 3739 3217 praecipue,

2181 3228 2273 3300 qui
2298 3229 2578 3298 elegerunt
2608 3231 2974 3286 sanctitatem.
3009 3250 3028 3282 ι
3076 3230 3466 3286 Monachorum
3495 3240 3674 3287 autem
3707 3248 3742 3286 a

2180 3322 2456 3377 consortio
2484 3321 2721 3376 fidelium
2757 3338 3009 3379 secessus
3036 3326 3307 3379 recentior
3342 3332 3447 3386 est,
3479 3339 3641 3394 quam
3681 3334 3743 3379 ut

2181 3423 2306 3464 cum
2348 3418 2505 3466 aetate
2552 3410 2846 3469 Clementis
2888 3415 3138 3485 componi
3180 3416 3351 3485 possit
3391 3414 3524 3485 (25).
3559 3416 3744 3470 Caete-

2180 3516 2301 3557 rum
2346 3503 2471 3574 styli
2503 3503 2827 3569 similitudo,
2878 3506 3268 3561 sententiarum
3307 3506 3587 3576 aequalitas
3627 3521 3742 3559 non

2183 3608 2395 3663 semper
2424 3596 2672 3650 eumdem
2705 3596 2900 3665 probat
2937 3597 3119 3668 operis
3159 3605 3455 3651 auctorem.
3495 3595 3741 3650 Tandem

2181 3685 2270 3738 vix
2313 3686 2593 3755 probabile
2635 3694 2739 3753 est,
2779 3687 3111 3744 Clementem
3165 3687 3471 3743 Romanum
3517 3686 3744 3759 Syriace

2183 3776 2492 3845 scripsisse.

2253 3866 2389 3924 Aliis
2419 3870 2643 3942 insuper
2677 3874 3014 3943 argumentis
3045 3871 3326 3929 Semlerus
3354 3872 3455 3929 has
3478 3872 3746 3943 epistolas

2183 3969 2480 4032 oppugnat,
2514 3962 2607 4019 sed
2636 3979 2757 4033 quae
2808 3963 2940 4019 mihi
2988 3964 3301 4035 praajudicia
3343 3966 3544 4035 potius,
3574 3980 3743 4035 quam

2183 4051 2425 4107 rationes
2453 4066 2573 4107 esse
2594 4052 2861 4109 videntur.
2883 4053 3033 4109 Talia
3065 4062 3212 4110 certe
3239 4062 3386 4117 sunt,
3415 4053 3557 4125 quod
3585 4053 3745 4124 lgna-

2184 4140 2296 4197 tius
2330 4142 2443 4215 (26)
2496 4144 2759 4201 Clementi
2804 4147 3150 4218 pudicitiam,
3203 4162 3313 4201 non
3352 4147 3743 4218 virginitatem,

2185 4236 2470 4302 concedat,
2494 4245 2548 4293 et
2576 4238 2719 4309 quod
2741 4240 2986 4295 doctrina
3020 4239 3087 4295 de
3112 4237 3381 4310 fugiendis
3408 4240 3743 4305 omnimode,

2184 4330 2349 4386 etiam
2376 4329 2553 4401 quoad
2581 4331 2779 4395 locum,
2803 4329 3145 4397 mulieribus,
3181 4346 3291 4385 non
3322 4332 3495 4401 sapiat
3520 4333 3744 4403 genium

2260 4506 2372 4579 (Ἃ)
2409 4505 2477 4560 At
2498 4520 2640 4583 _pa_ce
2668 4504 3100 4583 adversariorum
3132 4504 3361 4560 dixerim
3382 4548 3397 4571 ,
3432 4508 3747 4583 hocuargu.

2188 4578 2427 4633 mentum
2458 4578 2681 4629 nimium
2712 4578 2940 4644 probare
2960 4616 2975 4638 .
3005 4586 3403 4640 consequenter
3431 4579 3566 4634 nihil
3610 4578 3743 4640 inde

2186 4648 2382 4720 evinci.
2409 4644 2644 4701 Plurima
2666 4647 3069 4720 enim_veterum
3097 4649 3421 4720 scriptorum
3452 4666 3613 4720 opera
3644 4656 3746 4711 abs

2188 4716 2250 4772 D.
2283 4717 2627 4790 Hieronymo
2681 4716 2735 4769 in
2799 4715 2956 4790 Libro
2988 4716 3049 4790 de
3086 4715 3225 4790 virisi
3250 4715 3544 4790 illustribus
3586 4723 3744 4790 prius

2186 4788 2389 4861 omissa
2418 4785 2620 4861 in_a|iis
2649 4795 2835 4861 postea
2868 4785 3336 4861 lucubrationibus
3360 4785 3742 4861 Hieronymia-

2188 4857 2275 4928 nis
2300 4856 2583 4928 enuntiata
2610 4854 2900 4928 observant
2925 4854 3028 4909 viri
3057 4858 3277 4928 eruditi.
3310 4858 3461 4928 Adde
3488 4854 3633 4928 quod
3665 4864 3733 4916 li-

2187 4927 2344 4981 brum
2390 4926 2467 4979 De
2490 4927 2613 4979 viris
2642 4924 2939 4979 illustribus
2970 4938 3113 4979 anno
3143 4927 3344 4982 Christi
3368 4926 3474 4984 592
3494 4924 3744 4988 absolve-

2187 4998 2290 5066 rit,
2321 4996 2663 5066 primumque
2691 4996 3057 5063 subsequente
3093 5012 3236 5052 anno
3269 5000 3433 5054 libros
3476 5002 3741 5059 adversus

2184 5065 2528 5120 Jovinianum
2576 5066 2876 5135 evulgarit,
2931 5068 3387 5133 quemadmodum
3444 5084 3510 5123 ex
3549 5075 3741 5127 eodem

2186 5144 2377 5190 sancto
2405 5136 2627 5190 doctore
2657 5144 2873 5190 constat

2282 5207 2372 5282 ᾖξε)
2410 5207 2451 5282 ἑ
2485 5206 2753 5282 dissertat.
2778 5222 2913 5282 upon
2938 5208 3018 5262 the
3035 5217 3136 5282 two
3158 5207 3352 5282 Epist"
3382 5224 3505 5282 pag.
3534 5212 3621 5268 24.

2282 5214 2372 5272 23)
2412 5214 2451 5259 Α
2485 5214 2753 5260 dissertat.
2778 5222 2913 5273 upon
2938 5214 3131 5262 thetu'o
3158 5214 3315 5275 Epist

2258 5214 2369 5348 (24)
2407 5275 2565 5348 Iom.
2600 5277 2619 5331 ι
2650 5274 3022 5343 Conciliorum,
3057 5278 3161 5333 col.
3196 5279 3315 5333 l57.

2255 5346 2366 5415 (‘25)
2406 5346 2589 5415 Neque
2640 5348 2753 5401 haec
2800 5349 2959 5403 crisis
2991 5360 3071 5405 sat
3108 5350 3261 5402 firmo
3311 5349 3561 5403 innititur
3608 5350 3740 5408 talo.

2187 5417 2316 5483 Quis
2346 5418 2483 5471 enim
2513 5419 2740 5489 ignorat,
2759 5417 2927 5489 jamﬁa
2955 5431 3177 5489 tempore
3198 5421 3553 5487 apostolorum
3578 5423 3744 5474 exsti-

2186 5489 2309 5541 tisse
2333 5498 2554 5551 ascetas,
2577 5488 2672 5560 qui
2704 5490 2837 5543 inter
2855 5488 3181 5544 Christianos
3203 5490 3434 5544 strictius
3455 5490 3739 5560 quoddam,

2185 5575 2248 5611 ac
2285 5560 2508 5630 seuerius
2539 5558 2656 5613 vita:
2685 5576 2843 5630 genus
2872 5562 3099 5630 amplexi
3127 5563 3289 5617 sunt!
3321 5560 3452 5615 Vide
3469 5558 3743 5616 vlontfau-

2184 5629 2424 5699 conium,
2448 5630 2664 5699 dissert.
2689 5630 2767 5683 De
2796 5629 3033 5699 Philonis
3067 5630 3426 5699 Therapeutis.

2256 5698 2367 5767 (26)
2410 5700 2468 5755 S.
2495 5698 3026 5770 lgnatiuspﬁpistola
3062 5701 3129 5755 ad
3162 5698 3498 5771 Philadeth
3529 5719 3651 5776 cap.
3682 5703 3738 5763 6.
