4070 6340
317 316 409 372 H5

1504 313 1843 372 ΡΒΟαΞΜΙΑ
1883 314 2259 373 VARIORUM.

3424 319 3524 374 “6

310 430 686 503 apostolicum,
712 429 1207 486 sedmonasticum.
1234 427 1470 483 Econtra
1529 429 1860 488 Wetstenius
1891 440 1933 494 Α
1962 431 2194 501 Paganis
2222 446 2376 486 sacra
2409 431 2700 502 praelegam
2733 440 2826 486 aut
2858 438 3151 504 exponant,
3194 434 3415 488 ludibrii
3447 437 3528 489 vi-

308 526 402 578 hoc
431 523 610 592 ipsum
652 532 1028 592 argumentum
1077 538 1174 592 pro
1213 520 1506 576 astruenda
1549 525 1861 594 γνησιότητι

307 615 537 676 adhibet,
572 615 662 683 qui
687 615 1015 683 hancipsam
1044 615 1386 671 severitatem
1411 618 1464 671 in
1495 632 1660 672 causa
1687 617 1858 685 ponit,

307 720 402 758 cur
422 704 736 774 refrigerato
781 706 1065 758 caelibatus
1106 705 1306 767 studio,
1339 706 1690 776 immissaque
1722 706 1864 760 inter

308 798 529 851 clericos
555 813 772 866 quoque
815 798 1050 863 luxuria,
1083 797 1271 851 tandiu
1304 799 1552 868 epistola:
1584 799 1688 854 illa:
1728 799 1864 854 deli-

303 889 517 942 tuerint.

361 979 554 1036 Ambae
587 981 667 1034 hae
698 981 940 1050 epistola:
985 985 1289 1050 argumenti
1335 992 1463 1041 sunt
1497 984 1720 1040 ascetici
1762 1000 1862 1039 nec

299 1072 550 1137 multum,
576 1073 722 1143 quod
752 1075 818 1129 ad
843 1074 1125 1142 doctrinm,
1150 1088 1242 1131 aut
1264 1078 1524 1142 historiae,
1559 1086 1653 1132 aut
1691 1078 1860 1134 disci-

297 1163 454 1232 plinae
514 1181 734 1235 quoque
783 1167 1170 1222 ecclesiastica:
1224 1169 1490 1224 rationem
1548 1169 1862 1224 accuratius

298 1257 704 1327 percipiendam
764 1275 1095 1330 magnopere
1160 1259 1337 1325 facit,
1398 1262 1859 1331 complectuntur.

297 1347 473 1402 Prima
504 1352 750 1407 continet
781 1352 990 1408 laudem
1023 1356 1313 1418 castitatis,
1340 1355 1551 1411 scilicet
1577 1355 1863 1425 virginita-

297 1443 380 1504 tis,
419 1456 723 1513 veramque
753 1443 1042 1511 rationem,
1076 1463 1200 1501 cum
1241 1448 1439 1502 virtute
1477 1447 1860 1516 conjunctam;

297 1533 460 1588 altera
488 1536 738 1591 eamdem
771 1537 1018 1608 pluribus
1048 1538 1281 1594 illuStrat
1306 1539 1589 1608 exemplis,
1629 1538 1864 1592 maxime

298 1625 464 1695 ipsius
495 1628 765 1692 auctoris,
801 1630 1140 1700 aliorumque
1184 1631 1286 1700 ipsi
1320 1630 1601 1694 similium,
1629 1645 1862 1700 quorum

306 1716 415 1788 iuga
442 1725 497 1772 et
528 1718 861 1774 abstinentia
886 1735 916 1774 a
939 1720 1153 1776 feminis
1185 1737 1378 1793 magna
1401 1738 1530 1777 sane
1551 1731 1605 1777 et
1631 1721 1863 1778 sollicita

1967 523 2114 578 tandi
2148 539 2332 580 causa.

2037 613 2236 667 Earum
2268 614 2530 679 primitiva
2573 613 3082 683 [iugum—Venio
3128 618 3344 672 illarum
3391 619 3526 672 sim-

1965 706 2084 776 plex
2133 713 2216 761 est
2263 713 2316 760 et
2371 705 2571 769 ﬁdelis,
2611 719 2785 774 neque
2820 714 3002 763 tamen
3037 708 3262 778 Syriaco
3284 708 3526 762 idiomati

1963 799 2038 853 ita
2077 800 2289 864 similis,
2325 806 2382 853 ut
2418 809 2510 853 aut
2552 802 2933 870 perspicuitas,
2965 808 3059 854 aut
3092 802 3288 871 linguae
3326 801 3530 856 Latina

1963 894 2173 962 puritas
2188 893 2394 948 laboret
2428 909 2440 946 :
2465 895 2610 964 quod
2630 903 2809 947 tamen
2834 895 3006 966 magis
3020 895 3074 948 in
3091 894 3258 948 altera
3275 894 3524 964 epistola,

1963 987 2238 1040 nescimus
2262 1002 2370 1054 quo
2391 1001 2544 1049 casu,
2573 986 2796 1054 factum,
2824 995 2881 1041 ut
2919 990 2986 1041 ad
3010 987 3234 1041 verbum
3266 986 3528 1039 translata

1963 1080 2165 1142 omnia,
2193 1076 2554 1133 Schmidianze
2575 1078 2871 1133 Bibliorum
2890 1077 3125 1133 versioni
3149 1085 3332 1132 essent
3356 1076 3530 1132 simil-

1963 1169 2125 1236 lima;
2163 1171 2308 1240 quod
2347 1178 2524 1226 tamen
2556 1171 2762 1226 crebris
2795 1171 2901 1225 illis
2933 1170 2999 1223 ad
3035 1168 3334 1239 Scriptura:
3357 1183 3528 1223 sacrae

1963 1261 2081 1316 loca
2111 1262 2469 1318 allusionibus
2501 1265 2684 1318 datum
2730 1263 2963 1318 videtur.
3014 1260 3302 1329 Carterum,
3346 1260 3532 1316 Graece

1964 1354 2197 1424 scriptas
2219 1354 2474 1424 primitus
2495 1356 2640 1426 quod
2676 1355 2934 1426 epistolas
2974 1363 3126 1426 putat
3174 1351 3527 1414 Wetstenius.

1962 1464 1992 1503 e
2021 1447 2225 1502 Graecis
2253 1448 2553 1512 vocabulis,
2592 1464 2714 1519 quae
2754 1449 2827 1503 ibi
2862 1449 3053 1502 crebra
3097 1447 3384 1517 leguntur;
3427 1444 3530 1498 La-

1964 1541 2074 1596 tine
2104 1539 2338 1610 scriptas
2376 1555 2475 1594 cur
2495 1542 2678 1597 dicere
2725 1557 2834 1596 non
2873 1539 3197 1612 possemus?
3226 1553 3350 1592 cum
3385 1536 3533 1591 Lati-

1963 1646 2094 1686 num
2117 1631 2443 1685 vocabulum
2467 1632 2658 1702 seligo,
2682 1631 2941 1687 saeculum
2973 1630 3132 1685 initio
3149 1629 3392 1699 epistolae
3422 1629 3536 1697 pri-

1965 1738 2065 1776 ma:
2095 1722 2485 1777 invenerimus.
2532 1721 2669 1776 Nam
2715 1722 2996 1792 complura
3027 1736 3057 1776 e
3088 1719 3276 1774 Grzeco
3297 1719 3354 1773 in
3393 1718 3535 1773 banc

305 1809 644 1877 lescrihitur,
680 1813 830 1868 nullo
851 1823 909 1868 ut
932 1814 1051 1868 loco
1074 1825 1353 1870 morentur
1375 1823 1468 1870 aut
1497 1816 1860 1880 diversentur,
1892 1798 1934 1853 Β
1965 1814 2203 1884 linguam
2221 1814 2528 1878 transiisse,
2561 1815 2646 1869 vel
2668 1830 2731 1870 ex
2750 1812 2901 1867 Novo
2921 1811 3268 1868 Testamento
3290 1819 3531 1881 apparet.

306 1901 382 1954 Jbi
409 1910 505 1954 aut
553 1904 692 1956 nulli
723 1903 846 1968 viri,
888 1912 982 1958 aut
1005 1903 1204 1960 femina
1235 1908 1394 1960 unica
1435 1907 1526 1971 sit,
1559 1922 1731 1976 eaque
1769 1907 1866 1961 ab-

305 1995 550 2049 ttinentia
575 1996 965 2066 prOphetarum
989 2013 1139 2068 paene
1159 2001 1404 2055 omnium
1426 2001 1690 2069 exemplis
1709 2015 1864 2054 com-

306 2086 606 2144 .nendatur.
659 2086 949 2146 Monentur
985 2091 1182 2156 etiam,
1217 2092 1286 2146 ad
1336 2107 1476 2162 quos
1532 2092 1744 2156 scribit,
1798 2107 1866 2147 ne

1967 1905 2230 1961 Exaratas
2247 1905 2466 1976 quidem
2492 1905 2725 1962 fortasse
2749 1906 2918 1961 fuisse
2942 1921 3053 1960 non
3074 1905 3232 1974 longe
3257 1919 3288 1958 a
3305 1901 3537 1958 Neronis

1965 1997 2137 2062 obitu,
2163 1996 2291 2051 dum
2324 1995 2565 2051 Ecclesia
2601 1996 2894 2067 tranquilla
2919 2009 3053 2066 pace
3083 1992 3378 2058 frueretur,
3407 2008 3536 2049 cen-

1967 2096 2050 2144 set
2074 2088 2394 2144 Gallandius
2427 2089 2561 2159 (27).

1761 2319 2097 2335 —

1596 2467 1971 2558 CAPUT
2047 2468 2212 2558 IV.

540 2700 649 2760 DE
685 2700 1247 2764 SUPPOSITITIIS
1278 2701 1339 2762 S.
1372 2702 1824 2764 CLEMENTIS
1870 2701 2153 2762 NOMEN
2191 2699 2870 2761 PREFERENTIBUS
2924 2699 3298 2762 SCRIPTIS.

365 3037 582 3092 Przter
624 3035 876 3092 laudatas
927 3036 1193 3093 hactenus
1238 3037 1520 3109 epistolas,
1566 3040 1734 3094 multa
1763 3038 1871 3094 alia
1896 3046 1940 3106 ο
1972 3039 2251 3109 explorata
2284 3044 2369 3092 est
2398 3036 2644 3107 epistolae
2672 3037 2836 3106 hujus
2885 3035 3118 3100 falsitas,
3149 3034 3294 3104 quod
3327 3049 3445 3090 eam
3475 3034 3538 3090 ι).

298 3133 395 3187 sub
407 3131 716 3188 Clementis
729 3129 956 3186 Romani
974 3130 1192 3186 nomine
1208 3131 1669 3188 circumferuntur
1683 3147 1869 3203 opera:

302 3239 493 3294 nempe
517 3223 767 3293 quinque
798 3223 865 3276 ad
912 3222 1159 3278 diversos
1188 3223 1452 3294 epistolae,
1504 3226 1738 3280 humilia;
1768 3242 1873 3282 no~

299 3325 634 3390 vemdecim,
665 3323 849 3379 decem
880 3318 1001 3373 libri
1030 3311 1480 3385 Recognitionum,
1505 3318 1629 3364 octo
1667 3305 1880 3360 Consti-

304 3418 576 3468 tutionum
607 3412 1039 3484 apostolicarum,
1083 3404 1328 3475 Liturgia
1375 3413 1428 3457 et
1470 3400 1708 3456 Canones
1747 3411 1875 3466 apo-

300 3510 603 3570 stolarum;
626 3522 747 3574 quae
772 3503 955 3557 omnia
987 3497 1202 3566 collegit
1237 3495 1474 3550 Joannes
1505 3491 1744 3558 Baptista
1774 3489 1876 3544 Co-

300 3591 552 3653 telerins,
606 3587 867 3645 Sorbonaa
913 3590 1124 3655 doctor,
1173 3599 1226 3646 et
1270 3593 1709 3649 adnotationibus
1753 3595 1876 3649 illu-

297 3691 470 3736 strata
490 3682 686 3739 Graece
707 3692 759 3739 et
781 3683 968 3740 Latine
999 3687 1140 3740 inter
1160 3684 1348 3741 Patres
1380 3687 1708 3756 apostolicos
1731 3704 1875 3744 anno

299 3775 435 3829 19572
469 3777 673 3832 edidit.

862 3914 1256 3971 ARTICULUS
1294 3914 1334 3972 1.

435 4044 510 4085 »ε
555 4043 785 4092 QUINQUE
825 4045 1408 4087 PSEUDO-CLEIENTINIS
1431 4047 1734 4090 ειηετοιιδ.

363 4142 578 4197 Mirum
625 4148 712 4196 est
740 4142 874 4196 viris
912 4142 1250 4204 doctissimis
1294 4143 1589 4210 Turriano,
1643 4145 1802 4200 Binio
1823 4153 1878 4200 et

293 4235 642 4305 quibusdam
675 4235 796 4289 aliis
828 4236 885 4289 in
928 4243 1091 4290 tanta:
1119 4236 1448 4293 eruditionis
1491 4237 1883 4293 ecclesiastica:

291 4328 414 4383 luce
450 4328 689 4398 probari
723 4329 966 4398 potuisse
996 4328 1095 4384 has
1122 4331 1364 4400 quinque
1403 4331 1662 4400 epistolas
1690 4331 1879 4386 decre-

1974 3132 2224 3186 Clemens
2257 3138 2379 3201 post
2412 3130 2720 3199 passionem
2753 3128 2896 3184 Petri
2919 3128 2986 3182 ad
3007 3126 3267 3182 Iacobum
3303 3128 3544 3183 scribere

1975 3223 2228 3294 ﬁngitur;
2257 3238 2419 3292 quem
2442 3229 2567 3275 ante
2587 3220 2809 3276 Petrum
2841 3222 3045 3277 obiisse
3074 3220 3396 3275 indubitatis
3425 3237 3542 3276 mo-

1975 3314 2248 3368 numentis
2278 3323 2464 3368 notum
2489 3313 2741 3368 habetur.
2771 3312 2904 3366 Nam
2925 3311 3186 3366 Iacobum
3214 3327 3358 3366 anno
3386 3313 3544 3368 Chri-

1976 3407 2046 3462 sti
2073 3406 2142 3461 62
2196 3422 2225 3460 a
2255 3404 2459 3462 Iudaeis
2480 3407 2723 3461 occisum
2754 3421 2896 3469 esse,
2929 3421 3120 3461 omnes
3161 3407 3496 3460 conveniunt
3525 3427 3538 3462 :

1975 3496 2195 3551 Petrum
2229 3505 2407 3559 autem
2439 3497 2606 3566 aliqui
2634 3510 2778 3550 anno
2817 3496 2906 3560 65,
2940 3497 3123 3567 plures
3151 3511 3294 3550 anno
3321 3497 3411 3558 66,
3451 3499 3542 3551 alii

1977 3598 2156 3646 autem
2183 3590 2252 3645 68
2291 3598 2385 3645 aut
2415 3589 2502 3655 67,
2534 3590 2666 3644 nulli
2691 3605 2822 3646 sane
2845 3598 2970 3646 ante
2992 3591 3060 3647 65
3089 3607 3293 3645 annum
3323 3607 3541 3662 passum

1977 3681 2311 3736 existimant.

2048 3771 2297 3828 Secunda
2312 3775 2560 3830 eumdem
2590 3782 2836 3829 sanctum
2852 3769 3114 3829 Iacobum
3144 3775 3212 3830 de
3241 3789 3547 3830 sacramen-

1979 3866 2072 3930 tis,
2098 3864 2344 3920 vestibus
2385 3873 2440 3919 et
2482 3865 2630 3921 vasis
2668 3865 2841 3921 sacris
2886 3866 3140 3932 instruit;
3165 3866 3311 3936 quod
3359 3881 3545 3920 verum
3588 3914 3594 3920 .

1979 3958 2310 4013 Clementem
2351 3956 2456 4010 sibi
2492 3971 2782 4028 arrogasse
2824 3959 2878 4012 in
2909 3958 3239 4028 apostolum,
3272 3957 3397 4028 quis
3426 3973 3546 4012 cre-

1978 4050 2107 4106 dat?
2143 4047 2325 4102 Tertia
2351 4047 2495 4102 inter
2521 4050 2657 4103 alios
2682 4049 2844 4103 etiam
2879 4047 3216 4118 principibus
3246 4049 3544 4118 majoribus

1977 4151 2030 4198 et
2051 4139 2376 4204 minoribus,
2406 4155 2506 4196 ceu
2543 4141 2657 4212 jam
2686 4141 2902 4196 Christo
2939 4141 3266 4212 aggregatis,
3291 4141 3544 4197 inscribi-

1979 4243 2089 4298 tur,
2135 4230 2230 4305 qui
2279 4247 2395 4287 εξενο
2443 4233 2738 4290 Clementis
2790 4234 2933 4290 inter
2976 4234 3178 4290 ﬁdeles
3213 4233 3390 4288 adhuc
3411 4237 3544 4290 nulli

1979 4335 2155 4380 erant.
2177 4325 2379 4393 Quarta
2399 4326 2466 4379 ad
2478 4324 2679 4378 Iulium
2705 4332 2759 4380 et
2777 4324 3052 4380 Iulianum
3075 4325 3371 4395 discipulos
3397 4325 3542 4391 data,

290 4419 430 4474 tales
462 4419 738 4474 Clementi
767 4416 1011 4474 Romano
1042 4420 1373 4490 suppositas.
1406 4420 1554 4476 Adeo
1575 4421 1718 4476 enim
1751 4438 1875 4493 per—
1908 4418 1949 4470 D
1975 4417 2383 4488 puriﬁcationes
2439 4433 2534 4473 seu
2575 4417 2884 4471 ablutiones
2926 4415 3184 4470 Iudaicas
3234 4415 3445 4479 suadet,
3494 4427 3547 4470 et

290 4512 624 4580 spicacibus
653 4511 786 4566 viris
807 4511 1079 4568 deformes
1116 4512 1368 4568 videntur
1393 4514 1497 4568 hoc
1524 4515 1714 4571 saltem
1739 4525 1874 4570 tem-

292 4617 448 4671 pore,
498 4610 566 4655 ut
611 4602 762 4655 nulla
794 4610 929 4667 arte,
959 4604 1107 4657 nulla
1149 4619 1394 4670 cerussa,
1428 4613 1522 4659 aut
1549 4606 1874 4678 purpurisso

292 4694 468 4747 fucari
504 4694 750 4762 possint.
777 4691 957 4747 Prima
986 4694 1052 4748 ad
1085 4693 1344 4750 Iacobum
1397 4695 1618 4752 fratrem
1659 4697 1873 4753 Domini

287 4794 340 4838 et
361 4784 887 4854 Hierosolymorum
911 4787 1208 4843 antistitem
1230 4787 1376 4854 data,
1397 4806 1710 4860 quanquam
1741 4793 1876 4849 satis

291 4877 555 4946 antiqua,
589 4874 793 4944 quippe
829 4875 940 4945 jam
971 4892 1002 4930 a
1047 4876 1242 4932 Ruﬁno
1286 4880 1471 4934 saeculi
1513 4883 1692 4950 quarti
1737 4885 1877 4938 scri-

291 4975 448 5036 ptore
485 4969 546 5021 in
581 4967 832 5021 Latinum
863 4971 1148 5034 translata,
1195 4979 1248 5026 et
1280 4973 1559 5030 nonnullis
1583 4975 1743 5030 etiam
1773 4993 1874 5031 an-

289 5061 465 5130 tiquis
509 5075 787 5113 canonum
821 5062 1256 5129 collectionibus,
1305 5065 1739 5137 nominatimque
1783 5083 1876 5122 co-

288 5151 432 5206 dicis
451 5167 484 5204 a
505 5149 808 5207 Paschasio
831 5153 1120 5218 Quesnello
1140 5155 1340 5226 vulgati
1363 5158 1682 5226 quibusdam
1700 5175 1877 5215 exem-

290 5243 554 5310 piaribus
586 5243 788 5295 inserta
821 5241 956 5311 (28),
983 5243 1168 5311 spuria
1192 5251 1370 5298 tamen
1395 5260 1424 5297 a
1454 5246 1730 5301 modernis
1763 5248 1873 5300 cri-

289 5334 416 5390 ticis
453 5349 618 5404 paene
633 5335 886 5389 omnibus
911 5337 1248 5407 agnoscitur.
1282 5334 1408 5392 lnde
1439 5348 1620 5392 autem
1653 5346 1801 5394 certa
1824 5347 1876 5393 et

356 5581 482 5654 (9ft)
522 5578 948 5654 Qiblioth._PP.,
973 5581 1168 5645 tom.l,
1211 5582 1506 5654 prolegom.
1549 5583 1598 5644 ι,
1631 5599 1752 5654 pag.
1781 5584 1870 5640 25.

363 5651 490 5720 (28)
543 5649 696 5704 Unde
732 5650 927 5722 mirum
965 5667 1073 5705 non
1112 5662 1196 5708 est
1216 5649 1684 5722 hanc'epistolain
1704 5649 1876 5708 'auno

295 5722 398 5777 M2
437 5740 472 5776 ει
509 5721 748 5776 concilio
791 5720 1002 5777 Valens:
1031 5738 1070 5789 ι,
1104 5739 1312 5780 canone
1346 5720 1446 5788 l6,
1477 5739 1540 5779 ac
1585 5725 1815 5780 subinde
1844 5742 1878 5779 a

1978 4526 2078 4581 pro
2109 4519 2257 4566 certo
2287 4511 2458 4580 ponit,
2504 4525 2649 4573 eum,
2687 4508 2780 4579 qui
2812 4508 2909 4562 has
2944 4506 3188 4577 negligit,
3221 4521 3322 4560 nec
3355 4505 3422 4559 de
3461 4507 3545 4559 in-

1977 4614 2130 4660 terna
2158 4606 2352 4659 anima:
2381 4603 2621 4674 puritate
2647 4587 2911 4671 cogitare.
2937 4599 3139 4665 Quinta
3173 4598 3408 4668 denique
3435 4597 3546 4652 fra-

1978 4695 2155 4750 tribus
2177 4703 2230 4750 et
2254 4692 2645 4764 condiscipulis
2671 4691 3022 4761 Ierosolymze
3052 4703 3175 4742 cum
3201 4687 3408 4742 Iacobo
3448 4687 3545 4741 ha-

1979 4786 2273 4842 bitantibus
2315 4785 2612 4856 inscripta,
2662 4789 2850 4838 narrat
2893 4780 3224 4836 Clementem
3279 4778 3541 4840 adfuisse,

1977 4878 2106 4934 dum
2158 4879 2396 4933 Ananias
2452 4885 2505 4932 et
2554 4874 2786 4945 Saphira
2836 4875 3099 4942 coniuges
3151 4886 3336 4926 coram
3385 4869 3546 4925 Petro

1977 4970 2174 5024 mortui
2205 4969 2578 5030 conciderunt,
2612 4965 2757 5037 quod
2780 4966 2982 5019 nullam
3015 4961 3542 5018 verisimilitudinem

1979 5063 2176 5117 habere
2204 5062 2420 5117 videtur
2449 5080 2462 5115 :
2489 5067 2543 5115 et
2579 5059 2704 5129 quis
2735 5056 2920 5112 credat
2957 5062 3209 5109 sanctum
3259 5050 3544 5122 (quemad-

1979 5151 2200 5206 modum
2248 5154 2302 5206 in
2350 5152 2452 5205 hac
2500 5150 2730 5221 epistola
2779 5147 2996 5218 legitur)
3033 5146 3307 5208 docuisse,
3358 5159 3540 5197 rerum

1979 5246 2220 5299 omnium
2253 5260 2596 5299 communem
2633 5257 2822 5304 usum,
2858 5233 3205 5309 ipsarumque
3245 5236 3382 5290 adeo
3410 5251 3544 5289 uxo-

1977 5337 2455 5408 rum,intercedcre
2489 5336 2683 5390 debere
2699 5376 2712 5387 .

1978 5589 2198 5645 Nicolao
2227 5591 2268 5654 ι,
2304 5588 2510 5644 Joanne
2528 5585 2638 5640 Vlll
2665 5583 3032 5654 pontiﬁcibus,
3051 5582 3282 5652 aliisque
3309 5583 3536 5640 nomine

1979 5660 2276 5718 Clementis
2302 5660 2471 5715 fuisse
2506 5657 2799 5712 laudatam.
