4070 6340
565 323 661 378 147

1089 436 1480 493 ARTICULUS
1530 437 1595 493 ll.

558 568 626 609 ιι
688 566 1119 607 BECOGNITIONUI
1177 568 1386 615 LIBRIS,
1446 568 1701 609 ιιτυιιοιΑ
1746 568 2119 619 ειεκειςτιω,

838 638 1085 687 Αιιιδρυε
1125 639 1513 681 ευνροειτιτιιε
1552 641 1828 685 ονειιιθυε.

628 716 882 771 Testatur
904 715 1128 773 Photius
1168 716 1278 791 (29)
1308 718 1417 773 duo
1446 720 1721 775 volumina
1748 737 1781 776 a
1801 737 1860 778 se
1886 727 2121 794 perlecta

557 806 748 871 fuisse,
778 823 898 878 qua
927 808 1130 878 scripta
1158 811 1440 881 complura
1483 811 1586 866 sub
1617 813 1789 867 sancti
1828 814 2121 871 Clementis

556 902 779 958 nomine
800 902 1323 972 complectebantur.
1355 901 1531 958 Priori
1571 906 1881 975 apostolica
1918 909 2122 964 consti-

555 996 794 1051 tutiones
817 1035 832 1060 ,
865 1010 1003 1065 Opus
1044 995 1187 1066 apud
1232 996 1542 1052 universam
1571 998 1949 1070 antiquitatem
1980 1002 2121 1056 cele-

555 1082 874 1148 berrimum,
917 1084 1371 1148 continebantur:
1410 1088 1557 1155 quod
1598 1094 1782 1144 tamen
1836 1090 2118 1145 doctorum

553 1171 799 1225 virorum
843 1171 1054 1242 judicio
1086 1174 1245 1245 longe
1284 1183 1407 1244 post
1437 1177 1613 1231 sancti
1646 1177 1810 1248 hujus
1842 1179 2120 1235 Pontiﬁcis

554 1272 795 1333 tempora
830 1265 1201 1336 conscriptum
1241 1266 1342 1321 fuit
1377 1267 1513 1339 (50),
1556 1270 1729 1325 altero
1758 1272 1932 1326 sancti
1975 1270 2122 1327 Petri

553 1370 644 1410 res
671 1363 855 1426 gesta,
883 1358 1111 1429 ejusque
1134 1375 1256 1415 cum
1284 1358 1505 1417 Simone
1534 1360 1690 1434 Mago
1723 1365 1993 1435 colloquia
2025 1367 2121 1422 de-

553 1448 893 1516 scribuntur,
944 1456 997 1506 et
1028 1466 1134 1520 qua
1186 1453 1399 1509 ratione
1443 1456 1620 1510 sancti
1663 1456 1958 1513 Clementis
2005 1459 2120 1529 ipse

553 1547 853 1609 parentem,
898 1544 1308 1613 atquet‘ratres
1351 1562 1483 1602 suos
1530 1550 1925 1620 recognoverit,
1975 1549 2121 1607 unde

551 1629 977 1702 Recognitionum
1011 1635 1299 1706 appellatio
1319 1640 1645 1710 syntagmati
1673 1640 1802 1695 huic
1822 1640 1990 1696 indita
2011 1650 2114 1697 est.

554 1721 703 1776 Solet
749 1733 801 1778 et
830 1723 1054 1791 Itinera,
1084 1735 1179 1781 aut
1217 1725 1566 1781 Itinerarium
1614 1728 1698 1783 vel
1742 1728 2011 1787 Circuitus
2051 1732 2111 1790 S.

1698 323 1782 377 AD
1824 322 1879 379 S.
1921 319 2342 378 CLEMENTEM
2380 322 2402 377 ι
2439 318 2668 379 PAPAM

2153 445 2201 503 Α
2229 437 2362 494 sebii
2388 437 2507 511 (57)-
2520 446 2680 507 atate
2696 436 3033 510 legebantur,
3053 451 3175 494 cum
3205 452 3239 494 a
3261 444 3528 510 scriptore
3548 437 3653 495 isto
3678 456 3789 497 non

3687 325 3789 382 148

2222 531 2345 587 ideo
2363 539 2571 587 tantum
2604 532 2904 603 rejiciatur,
2929 533 3072 603 quod
3088 542 3331 590 veterum
3353 533 3682 589 testimoniis
3697 533 3792 589 ﬁr-

2222 632 2427 679 matum
2477 640 2588 680 non
2619 626 2712 689 sit,
2736 641 2927 681 verum
2954 626 3140 690 etiam,
3167 626 3312 697 quod
3336 625 3648 696 apostolica
3666 625 3790 680 ﬁdei

2223 730 2473 770 normam
2530 732 2641 771 non
2678 725 2941 773 servaret.
2996 715 3275 787 Rejectum
3320 732 3536 788 quoque
3579 715 3679 771 fuit
3723 716 3794 769 ab

2222 819 2445 865 auctore
2466 826 2767 883 synnpseos
2801 819 2978 869 sancti
2997 810 3281 867 Athanasii
3306 811 3418 882 (58)
3437 825 3631 865 nomen
3652 825 3791 880 pra-

2221 906 2465 968 ferentis,
2486 922 2517 960 a
2534 904 2750 960 Gelasio
2769 905 3284 977 papa(59).Sanctus
3301 903 3661 974 Hieronymus
3677 903 3790 971 (ω)

2223 1012 2349 1053 vero
2367 997 2459 1068 qui
2491 997 2548 1052 id
2562 997 2737 1053 sancti
2761 996 3060 1053 Clementis
3078 996 3297 1051 nomine
3318 995 3524 1059 laudat,
3546 994 3687 1049 idem
3706 1002 3792 1048 ta-

2222 1110 2345 1150 men
2372 1102 2633 1164 tanquam
2662 1093 3035 1165 apocryphum
3064 1091 3217 1161 rejici
3261 1097 3463 1145 monet.
3497 1088 3594 1145 Est
3640 1088 3788 1143 enim

2220 1186 2613 1242 commentitiis
2657 1185 2907 1241 historiis
2956 1184 3249 1248 refertum,
3305 1182 3512 1237 nullam
3539 1180 3793 1237 veritatis

2219 1279 2457 1347 speciem
2498 1277 2846 1334 habentibus.
2880 1278 2995 1332 lmo
3021 1283 3075 1332 et
3122 1275 3453 1347 blasphema
3480 1288 3644 1329 voces
3672 1271 3789 1343 (41)

2220 1368 2275 1423 in
2303 1367 2395 1424 Dei
2420 1366 2638 1435 Filium,
2662 1377 2825 1440 atque
2845 1369 3060 1440 ineptia
3085 1368 3338 1439 indigna,
3363 1382 3483 1439 qua
3511 1366 3613 1423 sub
3633 1373 3789 1419 tanto

2218 1460 2439 1517 nomine
2468 1462 2641 1515 lucem
2686 1460 2957 1526 viderent,
3013 1460 3213 1516 ibidem
3267 1467 3585 1515 occurrunt.
3638 1457 3791 1529 Opus

2217 1567 2348 1609 vero
2375 1552 2522 1610 istud
2544 1552 2948 1624 supposititium
2971 1566 3093 1608 esse
3119 1551 3205 1606 vel
3235 1551 3350 1621 ipsa
3385 1549 3636 1620 epistola,
3666 1564 3789 1617 qua

2219 1644 2274 1700 in
2300 1645 2422 1715 ejus
2451 1655 2794 1701 antecessum
2828 1646 3049 1716 legitur,
3083 1650 3407 1716 argumento
3428 1649 3545 1710 est;
3572 1642 3789 1696 nuntiat

2218 1739 2362 1794 enim
2393 1739 2565 1794 sancti
2595 1737 2743 1793 Petri
2766 1746 2994 1794 mortem
3019 1746 3211 1793 sancto
3237 1735 3445 1792 Jacobo
3474 1734 3789 1806 Hierosoly-

552 1812 722 1879 Petri,
768 1825 932 1885 atque
967 1817 1102 1870 Acta
1147 1816 1214 1869 ll.
1254 1815 1405 1871 Petri
1426 1813 1709 1888 appeﬂari.
1747 1819 1924 1877 Fuere
1943 1834 1997 1880 et
2020 1824 2114 1897 qui
2150 1796 2190 1851 Β
2220 1829 2425 1882 iuitano
2451 1830 2713 1899 episcopo
2738 1828 2851 1899 (42)
2886 1828 2980 1899 qui
3027 1827 3274 1899 pluribus
3302 1826 3461 1881 annis
3490 1836 3615 1881 ante
3650 1796 3788 1894 apo-

550 1922 690 1977 opas
739 1910 885 1964 istud
914 1924 1037 1967 cum
1082 1912 1195 1977 illa,
1247 1930 1369 1983 qua
1406 1914 1579 1970 fertur
1604 1917 1779 1971 sancti
1807 1916 1952 1972 Petri
1992 1935 2115 1973 cum

548 2001 779 2071 Apione,
814 2002 1183 2072 disputatione
1224 2005 1593 2064 confuderint.
1644 2008 1713 2061 At
1739 2006 1965 2064 Photius
2001 2008 2116 2081 (51)

548 2108 713 2163 opera
746 2094 860 2149 hac
885 2095 1026 2150 inter
1060 2112 1119 2151 se
1147 2096 1363 2152 diversa
1393 2113 1517 2153 esse
1552 2101 1849 2156 contendit.

628 2184 868 2240 Veterum
896 2185 1112 2256 quidam
1133 2203 1219 2241 eos
1237 2198 1419 2243 sancto
1438 2187 1693 2245 Clementi
1723 2192 2119 2249 tribuerunt.—

547 2276 808 2351 Origenes
826 2280 936 2351 (32)
958 2283 1129 2336 sancti
1154 2282 1450 2339 Clementis
1465 2286 1683 2341 nomine
1696 2287 1815 2341 loca
1833 2290 2117 2359 complura

545 2372 760 2437 recitat,
784 2388 903 2443 qua
921 2373 1086 2429 hodie
1110 2374 1165 2428 in
1199 2373 1628 2445 Recognitiomtm
1656 2378 1810 2435 libris
1843 2380 2112 2452 leguntur.

546 2463 778 2536 Origene
808 2466 981 2536 igitur
1008 2482 1148 2536 opus
1180 2466 1326 2522 istud
1353 2469 1633 2538 antiquius
1661 2480 1765 2535 est,
1802 2481 1966 2544 atque
1996 2475 2115 2544 ejus

544 2565 721 2621 atate,
760 2565 819 2612 ut
873 2559 1278 2630 supposititium
1318 2561 1386 2615 ab
1418 2562 1694 2619 universis
1722 2579 1835 2619 non
1878 2565 2116 2622 habeba-

547 2662 655 2707 tur.
684 2653 833 2707 Idem
863 2668 1083 2723 quoque
1112 2663 1170 2707 ut
1199 2655 1374 2708 sancti
1397 2655 1692 2712 Clementis
1723 2656 1953 2714 Romani
1977 2663 2115 2716 scri-

541 2754 695 2815 ptum
728 2762 758 2801 a
789 2746 853 2803 D.
879 2746 1185 2817 Epiphanio
1211 2756 1266 2803 et
1291 2746 1486 2803 Ruﬁno
1515 2750 1627 2822 (55)
1651 2750 1938 2821 laudatur;
1966 2763 2113 2809 uter-

542 2855 651 2909 que
680 2856 811 2895 vero
841 2842 1218 2911 conqueritur,
1251 2840 1321 2895 ab
1344 2840 1638 2907 hareticis,
1680 2842 1948 2899 Ebionitis
1975 2861 2113 2916 pra-

544 2932 757 2995 sertim,
790 2943 1107 3002 corruptum
1162 2942 1325 3004 atque
1371 2935 1754 3004 interpolatum
1800 2936 1991 3003 fuisse,
2023 2955 2106 2994 er-

543 3040 806 3094 roresque
855 3041 986 3082 suos
1014 3027 1253 3097 undique
1293 3042 1388 3084 eos
1419 3028 1499 3083 illi
1552 3029 1897 3101 inspersisse.
1947 3032 2112 3088 Addit

2218 1922 2480 1975 stolorum
2509 1921 2808 1992 principem
2829 1922 3061 1978 obierat.
3081 1918 3327 1992 Epistola
3344 1919 3458 1974 hac
3478 1916 3659 1972 Photii
3674 1915 3793 1989 (45)

2217 2019 2374 2067 atate
2399 2012 2453 2067 in
2486 2013 2740 2068 omnibus
2770 2011 3201 2083 Recognitionum
3232 2010 3635 2081 exemplaribus
3676 2023 3793 2065 non

2217 2105 2488 2161 exstabat.
2539 2103 2806 2160 Observat
2862 2110 3041 2159 autem
3073 2103 3213 2159 idem
3244 2102 3487 2167 criticus,
3520 2116 3642 2157 eam
3689 2101 3790 2155 ali-

2216 2196 2437 2267 quando
2472 2199 2648 2253 sancti
2679 2198 3005 2265 Clementis,
3043 2195 3498 2269 quemadmodum
3528 2193 3693 2249 hodie
3721 2209 3789 2249 ex

2219 2286 2400 2342 Ruﬁni
2428 2288 2879 2359 interpretatione
2908 2289 3129 2360 legitur,
3160 2289 3297 2345 alias
3328 2303 3459 2345 vero
3483 2287 3658 2345 sancti
3695 2284 3791 2341 Pe-

2218 2383 2285 2437 tri
2310 2383 2531 2439 nomine
2561 2384 2882 2455 inscriptam
2912 2383 3104 2447 fuisse,
3136 2393 3305 2454 atque
3323 2382 3434 2438 duo
3462 2382 3579 2437 hac
3596 2397 3789 2437 exem-

2217 2476 2388 2548 plaria
2418 2484 2650 2531 eventus
2690 2484 2806 2531 toto
2839 2475 2979 2530 calo
3005 2474 3252 2530 diversos
3292 2474 3561 2529 retulisse.
3584 2472 3789 2543 Conje-

2215 2579 2429 2624 cturam
2457 2584 2588 2624 vero
2620 2567 2747 2623 inde
2776 2568 2972 2633 sumit,
3002 2566 3140 2623 duas
3179 2566 3363 2637 operis
3394 2566 3558 2638 hujus
3588 2564 3788 2621 editio-

2215 2676 2313 2716 nes
2344 2660 2579 2715 invicem
2608 2660 2766 2715 valde
2810 2659 3059 2715 diversas
3108 2660 3405 2725 exstitisse,
3458 2673 3621 2714 unam
3680 2658 3789 2713 sub

2214 2755 2389 2809 sancti
2418 2752 2586 2816 Petri,
2624 2754 2848 2807 alteram
2884 2752 2986 2809 sub
3022 2752 3196 2809 sancti
3224 2751 3519 2807 Clementis
3541 2751 3785 2817 nomine,

2213 2860 2391 2917 quaa
2438 2843 2635 2899 Ruﬁno
2684 2844 2897 2899 reddita
2926 2844 3049 2900 fuit.
3100 2842 3211 2899 Nec
3275 2841 3789 2912 injuria:videmus

2211 2937 2355 2993 enim
2385 2951 2471 3001 ea,
2503 2951 2623 3005 qua
2654 2944 2878 2993 sanctus
2899 2935 3236 3007 Epiphanius
3257 2943 3311 2990 et
3340 2942 3565 2990 sanctus
3590 2933 3787 2990 Hiero-

2212 3045 2410 3101 nymus
2429 3043 2495 3085 ex
2523 3026 2985 3099 Recognitionibus
3017 3026 3332 3093 laudarunt,
3356 3026 3411 3081 in
3435 3026 3527 3095 iis,
3549 3042 3673 3098 qua
3696 3040 3789 3082 su-

542 3127 774 3175 sanctus
793 3118 1150 3190 Epiphanius,
1180 3120 1317 3175 nihil
1340 3123 1610 3193 integrum
1640 3122 1837 3179 abillis
1860 3125 2109 3180 relictum
2137 3138 2179 3195 ο
2212 3128 2463 3193 persunt,
2512 3128 2607 3175 aut
2646 3120 2866 3192 penitus
2905 3136 3014 3177 non
3058 3127 3297 3185 exstare,
3344 3125 3439 3173 aut
3467 3119 3625 3191 longe
3674 3120 3789 3175 alia

543 3212 732 3268 fuisse.
778 3210 1015 3268 Sanctus
1062 3213 1423 3285 Hieronymus
1458 3214 1570 3285 (54)
1604 3215 1840 3286 idipsum
1895 3215 1954 3272 S.
1985 3218 2108 3273 Cle-

541 3304 743 3359 mentis
784 3305 1007 3360 nomine
1038 3305 1250 3362 recitat.
1279 3305 1512 3361 Ruﬁnus
1540 3306 1653 3380 (55)
1670 3308 1739 3362 ad
1762 3310 1933 3363 sancti
1961 3307 2109 3363 Gau-

541 3396 709 3450 dentii
770 3412 961 3466 preces
996 3396 1187 3452 Latine
1228 3413 1367 3469 opus
1415 3397 1563 3454 istud
1618 3398 1875 3463 reddidit,
1931 3415 2107 3470 neque

539 3486 838 3557 quidquam
860 3501 893 3540 a
920 3502 980 3542 se
1006 3497 1278 3543 resectum
1312 3493 1509 3556 prater
1534 3486 1652 3541 loca
1682 3488 1944 3555 nonnulla
1963 3489 2107 3544 vires

540 3595 692 3643 snas,
719 3587 882 3650 atque
904 3588 1123 3649 captum
1162 3580 1547 3650 exsuperantia
1573 3588 1982 3635 commemorat.
2008 3581 2107 3633 At-

542 3686 721 3727 tamen
755 3682 951 3743 prater
1006 3670 1407 3737 Ebionitarum,
1449 3671 1913 3727 Eunomianorum
1967 3687 2108 3743 pra-

540 3774 717 3827 terea,
743 3772 907 3835 atque
940 3763 1303 3834 complurium
1352 3764 1587 3819 aliorum
1624 3779 1862 3828 errores,
1906 3765 1999 3834 qui
2041 3762 2112 3817 ab

541 3854 789 3912 Ecclesia
843 3857 1089 3913 damnati
1140 3856 1313 3925 fuere,
1335 3872 1409 3912 eo
1441 3866 1728 3913 contentos
1767 3857 2112 3912 animadver-

568 3951 606 4003 it
630 3951 765 4004 (36).

568 3951 606 4003 it
753 3992 765 4004 .

541 3958 563 4004 ι
614 3949 949 4112 Signiam
975 4051 1197 4098 sunt.—
1210 4041 1412 4099 Eadem
1437 4057 1568 4098 vero
1594 4043 1651 4097 in
1680 4042 1786 4098 hoe
1813 4056 1978 4113 opere
2007 4040 2111 4096 Eu-

612 4176 726 4246 (29)
764 4176 962 4233 Codice
982 4192 1130 4242 cxtu,
1161 4178 1215 4232 in
1239 4193 1336 4235 sua
1372 4177 1712 4234 Bibliotheca.

612 4249 726 4320 (50)
766 4248 954 4320 Invic’ti
986 4250 1292 4320 argumenti
1325 4252 1445 4304 loco
1473 4253 1543 4305 sit
1581 4250 1642 4307 D.
1678 4248 1995 4320 Hieronymi
2027 4251 2107 4306 si-

539 4319 792 4383 lentium,
825 4319 918 4389 qui
953 4327 1012 4374 ut
1040 4319 1407 4389 peritissimus
1450 4320 1790 4389 antiquitatis
1836 4319 2109 4375 scrutator

540 4392 596 4445 in
660 4393 906 4460 catalogo
955 4391 1285 4459 scriptorum
1325 4390 1825 4446 ecclesiasticorum
1874 4393 2105 4445 mentio-

541 4476 663 4516 nem
696 4470 844 4515 certe
878 4477 996 4515 eam
1023 4461 1320 4531 injecisset.
1348 4462 1393 4515 si
1418 4477 1477 4516 se
1496 4462 1709 4517 vivente
1766 4460 2105 4515 constitutio-

542 4548 639 4587 nes
659 4532 716 4585 Ι).
737 4532 1032 4586 Clementis
1050 4546 1244 4587 nomen
1265 4532 1611 4603 praferentcs
1630 4534 1681 4586 in
1697 4531 2102 4603 Catholicorum

540 4604 798 4659 manibus
840 4612 1067 4658 versata
1108 4602 1358 4659 fuissent.
1401 4602 1541 4668 Quid
1568 4604 1710 4672 qoud
1756 4603 1893 4655 liber
1923 4602 2009 4655 hic
2038 4604 2107 4657 ab

542 4676 846 4744 apostolico
869 4676 1067 4730 saeculo
1095 4674 1443 4730 abhorrentia
1460 4675 1852 4744 complectatur
1870 4672 2109 4744 ZAPetrus

538 4742 686 4799 enim
715 4744 1063 4800 Saturninum
1093 4754 1147 4800 et
1173 4745 1461 4799 Basilidcm
1493 4743 1852 4798 absurdorum
1882 4742 2105 4812 dogma-

541 4826 656 4869 tum
700 4824 953 4887 auctores
992 4816 1143 4878 dicit,
1194 4817 1285 4887 qui
1339 4815 1731 4887 Petro‘tamcn
1776 4816 2105 4887 posteriores

541 4895 712 4941 erant.
742 4886 859 4942 Lib.
896 4903 955 4951 ιι,
987 4902 1036 4942 c.
1067 4888 1137 4941 ‘29
1170 4882 1486 4943 decernitur
1500 4882 1735 4939 decimas
1766 4882 1819 4938 et
1836 4884 2105 4953 primitias

540 4958 857 5027 pendendas
886 4958 1181 5027 episcopis,
1210 4972 1347 5027 quas
1374 4956 1619 5026 profecto
1657 4970 1888 5027 nascens
1917 4953 2108 5027 Eccle-

544 5024 625 5083 sia
657 5024 943 5099 ignoravit:
977 5026 1036 5099 L7.
1062 5024 1139 5099 vt,
1175 5024 1703 5099 c.'i5_baptismum_
1726 5024 1794 5078 ab
1830 5025 2105 5099 itareticis

542 5093 798 5154 collatum
845 5098 1029 5153 iterari
1062 5097 1274 5167 jubent.
1322 5097 1378 5151 In
1418 5093 1613 5152 octavo
1657 5093 2104 5167 Constitutionum

546 5172 681 5225 libro
711 5171 1020 5224 continetur
1063 5163 1239 5222 etiam
1276 5168 1492 5239 liturgia
1523 5180 1620 5239 seu
1655 5164 1833 5239 Missa
1860 5163 2107 5218 dicenda

543 5241 746 5315 ration
782 5240 958 5315 capite
997 5242 1204 5315 quinto
1232 5236 1622 5315 usquead”.
1662 5236 1716 5289 in
1767 5236 1879 5315 ﬁne
1922 5242 2105 5315 autem

541 5309 789 5379 ejusdem
837 5305 958 5367 libri
997 5305 1051 5366 in
1079 5305 1703 5368 editione‘Couciliorutn
1746 5322 1797 5379 v.
1820 5306 1904 5379 (cl.
1933 5305 2107 5379 Mansi

542 5375 648 5435 col.
694 5383 819 5447 595,
875 5391 914 5438 t.
948 5384 988 5445 Ι,
1038 5383 1441 5451 subjunguntur
1483 5392 1739 5451 canones
1769 5375 1847 5451 84
1884 5390 1985 5451 c_eu
2012 5375 2107 5441 ,ab

543 5446 811 5522 apostolis
838 5457 1056 5519 sanciti,
1092 5446 1155 5507 ac
1187 5468 1216 5506 a
1244 5446 1305 5507 Β.
1335 5453 1613 5507 Clemente
1640 5448 1871 5522 collecti.
1908 5446 2104 5501 Verum

542 5518 611 5577 de
642 5524 727 5579 his
753 5526 858 5579 alio
885 5526 1002 5580 loco
1038 5518 1091 5580 et
1119 5533 1384 5592 tempore,
1416 5524 1471 5576 in
1500 5536 1608 5591 quo
1642 5534 1742 5573 nos
1764 5518 2107 5592 demonstra-

542 5602 699 5649 turos
726 5596 1072 5661 conﬁdimus,
1104 5588 1441 5664 scripta‘hac
1466 5588 1700 5663 primum
1726 5588 1924 5644 saculo
1945 5588 2109 5644 tertio

544 5666 809 5731 adamata
837 5668 1025 5721 fuisse.

616 5737 729 5806 (51)
770 5736 971 5792 Codice
1002 5738 1123 5792 H5.

616 5801 728 5883 (52)
767 5809 1050 5881 Origenes,
1083 5817 1121 5864 t.
1148 5822 1212 5863 ut
1235 5805 1525 5867 Comment.
1548 5805 1601 5860 iu
1622 5801 1805 5860 Cenes.
1830 5814 2103 5874 capuli,

2207 3217 2416 3271 ratione
2448 3212 2574 3285 legi.

2275 3304 2433 3361 Circa
2473 3305 2686 3360 tertium
2712 3304 2967 3360 sarculum
3011 3306 3195 3375 scripti
3226 3304 3484 3376 [κίνει-
3521 3304 3783 3376 Recogni-

2208 3397 2410 3451 tionum
2436 3398 2683 3454 auctoris
2709 3407 2921 3453 atatem
2950 3407 3207 3453 accurate
3230 3398 3520 3470 designare
3545 3413 3654 3454 non
3685 3414 3786 3453 va-

2208 3488 2417 3556 lemus;
2450 3499 2504 3544 at
2532 3490 2579 3544 si
2601 3504 2741 3559 opus
2783 3489 2929 3545 istud
2979 3488 3159 3557 idem,
3189 3497 3351 3561 atque
3405 3491 3581 3547 sancti
3628 3488 3785 3545 Petri

2210 3596 2333 3635 cum
2362 3580 2571 3652 Apione
2601 3582 2907 3652 disputatio
2921 3581 3081 3646 foret,
3111 3598 3231 3653 qua
3263 3582 3363 3636 fuit
3392 3582 3642 3637 Cotelerii
3663 3583 3785 3652 (44)

2209 3681 2263 3727 et
2294 3672 2589 3743 insignium
2626 3672 2986 3743 quorumdam
3020 3674 3337 3728 criticorum
3380 3674 3672 3738 sententia,
3706 3675 3783 3729 al-

2212 3775 2330 3822 tero
2386 3774 2595 3820 tantum
2646 3766 2848 3821 sacqu
2881 3778 3141 3832 exeunte,
3198 3775 3292 3820 aut
3349 3765 3510 3820 tertio
3554 3766 3782 3822 ineunte

2212 3856 2377 3927 paulo
2425 3864 2551 3911 ante
2600 3855 2888 3926 Origenem
2934 3856 3199 3926 scriptum
3238 3855 3409 3911 fuisse
3442 3855 3780 3910 censendum

2213 3955 2380 4006 esset.
2411 3948 2501 4003 Ait
2529 3950 2673 4005 enim
2705 3947 2973 4003 Eusebius
3011 3948 3121 4018 (45)
3155 3948 3301 4003 haud
3349 3948 3553 4002 dudum
3595 3948 3783 4014 spissa

2210 4038 2459 4111 quaedam
2500 4054 2667 4111 opera
2717 4040 2893 4095 sancti
2940 4038 3239 4096 Clementis
3286 4039 3509 4095 nomine
3562 4040 3783 4110 prolata

2210 4173 2493 4249 Philaeni,
2528 4184 2582 4233 et
2616 4178 2671 4232 in
2700 4193 2819 4249 cap.
2848 4192 2971 4233 xxvi
3012 4176 3205 4249 Matth.

2280 4248 2392 4319 (55)
2413 4248 2703 4319 Epiphan.,
2728 4245 2921 4304 hares.
2941 4250 3030 4317 50,
3052 4266 3108 4304 n.
3135 4248 3233 4316 i5;
3253 4246 3504 4314 Ruﬁnus,
3519 4245 3595 4304 De
3615 4247 3777 4307 adul-

2212 4318 2370 4374 terat.
2396 4318 2527 4374 libr.
2566 4318 2829 4390 Origent's.

2282 4389 2394 4462 (54)
2435 4388 2775 4462 llicronym.,
2807 4388 3301 4462 inEp.ad‘Gala!.

2283 4461 2394 4533 (55)
2431 4460 2587 4533 Ruﬁ,
2626 4459 2920 4533 prolog.rin
2960 4461 3052 4516 lib.
3078 4459 3351 4533 Recognit.

2276 4531 2387 4603 (56)
2430 4531 2592 4603 idem,
2620 4531 2695 4603 De
2726 4532 3033 4593 adulterat.,
3068 4531 3157 4603 l_i_b.
3178 4531 3333 4603 _0_rig.

2279 4601 2390 4669 (57)
2429 4601 2653 4663 Ense-11.,
2686 4602 2721 4655 ι.
2758 4617 2840 4665 m,
2865 4617 2915 4656 c.
2948 4602 3037 4667 58,
3066 4600 3138 4654 Ην.
3169 4600 3237 4658 E‘.

2280 4672 2391 4742 (58)
2431 4672 2558 4742 pag.
2587 4672 2708 4725 154.

2281 4740 2392 4812 (59)
2434 4741 2489 4795 In
2516 4740 2747 4798 decreto.

2269 4810 2380 4885 (40)
2414 4814 2467 4885 In
2504 4813 2748 4881 Catalog.
2775 4826 2823 4863 c.
2857 4810 2943 4863 15.
3042 4880 3051 4885 _
3348 4868 3362 4885 1
3390 4866 3551 4885 “AL
3589 4860 3716 4885 mm.

2416 4884 2679 4953 Refertum
2698 4866 2892 4955 ‘autem
2905 4889 2988 4955 est
3012 4880 3128 4955 hoc
3154 4886 3282 4955 aptis
3301 4866 3774 4955 βᾷξατᾷίξλδξίέξξι

2198 4933 2696 5023 ηοῖι-έὶίιῖῥῖξι-νῖἧὶῖε
2715 4933 2914 5005 iam
2938 4933 3260 5019 opinioue'in
3292 4939 3496 4996 Filium
3526 4933 3770 5003 blaspltea

2199 5030 2318 5081 mis.
2352 5024 2598 5086 Photius,
2629 5024 2748 5079 cod.
2787 5037 2941 5076 cxtu.

2282 5090 2392 5162 (42)
2426 5082 2623 5143 Notum
2646 5089 2741 5143 tibi
2762 5089 2921 5162 facio,
2948 5087 3187 5150 Domine,
3219 5104 3341 5158 quia
3372 5086 3551 5162 Simon
3576 5082 3768 5162 Petrus

2207 5154 2300 5231 pro
2332 5154 2525 5231 pietate
2558 5162 2669 5229 pati
2700 5154 2894 5223 volens,
2918 5154 3410 5225 prasentem'vitam
3448 5156 3635 5227 ﬁniuit.
3667 5154 3765 5225 Ep.

2208 5230 2378 5288 Clem.
2410 5230 2473 5285 ad
2501 5230 2788 5297 Jacob.,n.
2821 5230 2870 5283 l.

2282 5303 2393 5373 (45)
2435 5300 2681 5373 Pltotius,
2705 5299 2825 5355 cod.
2854 5300 2975 5373 1-15ζ

2281 5362 2392 5437 (44)
2430 5362 2755 5431 Cotelerius,
2794 5378 2832 5424 t.
2876 5371 2895 5424 Ι
2938 5369 3156 5427 Patrum
3187 5368 3434 5435 apostol.,
3483 5381 3605 5435 pag.
3637 5362 3765 5419 490.

2281 5445 2391 5514 (45)
2417 5443 2643 5514 Quidam
2673 5457 2828 5514 porro
2863 5442 2971 5495 alia
2999 5444 3156 5495 etiam
3184 5456 3342 5514 opera
3366 5438 3574 5514 prolitca
3602 5447 3649 5514 et
3679 5452 3771 5514 co-

2208 5507 2498 5585 piosa'sub
2545 5507 2892 5582 ejus-nomine
2932 5514 3043 5585 lteri
3081 5527 3143 5585 ac
3171 5510 3583 5585 nudiustertius
3607 5509 3660 5559 in
3686 5507 3771 5585 (u-

2220 5602 2329 5639 cem
2356 5578 2686 5653 protulerunt
2719 5598 2736 5636 :
2770 5594 2899 5650 puta
2950 5581 3099 5635 Petri
3120 5590 3171 5653 et
3198 5580 3411 5649 Apionis
3453 5578 3770 5646 disputatio-

2210 5672 2322 5719 nes,
2348 5652 2571 5726 auarum
2595 5653 2732 5723 apud
2763 5654 3004 5723 antiquos
3036 5652 3187 5726 utilia
3206 5653 3417 5726 omnino
3439 5658 3608 5726 eastat
3627 5663 3771 5726 uten-

2212 5730 2285 5780 tia
2302 5742 2321 5789 ;
2347 5719 2651 5796 nequeenim
2668 5726 2873 5778 sincera
2890 5719 3042 5777 recta
3055 5721 3281 5796 _ﬁdei_ab_
3292 5719 3770 5796 apostolistratti-t‘c

2212 5788 2333 5855 nota
2357 5788 2462 5861 illis
2484 5811 2725 5866 expressa
2747 5796 3019 5864 reperitur.
3052 5788 3250 5851 Euseb.
3269 5792 3306 5851 Ι.
3324 5788 3411 5859 in,
3436 5807 3486 5851 c.
3505 5792 3594 5854 38.
3611 5788 3751 5845 [LE-
