4070 6340
325 282 427 338 N9

1564 282 1897 343 ΡιιοοειιιΑ
1936 287 2314 344 VARIORUM.

3441 286 3538 341 ινδ

3472 324 3498 339 οηι

3472 324 3498 339 οηι

324 401 516 467 fuisse,
530 405 833 473 quassancti
845 402 989 460 Petri
1006 418 1128 459 cum
1156 404 1360 475 Apione
1384 404 1628 476 dialogos
1654 408 1891 476 comple-
1918 411 1964 467 Α
1993 405 2178 461 labore
2212 406 2533 460 levaremus.
2594 404 2761 459 Recte
2780 404 2845 459 de
2898 404 2965 460 iis
3006 398 3375 473 pronuntiavit
3397 398 3541 452 Pho-

316 495 630 550 etebautur.
667 494 893 550 Photius
937 502 1117 549 tamen
1160 511 1325 565 opera
1371 496 1486 551 haec
1536 496 1766 551 invicem
1798 497 1882 552 di-

317 600 479 641 versa
509 584 684 640 fuisse
722 585 994 641 existimat
1025 586 1157 656 (46).
1190 586 1420 642 Exstant
1458 586 1516 640 in
1545 585 1879 657 Recognitio-

319 678 476 731 nibus
504 676 685 746 capita
727 677 979 732 undecim
1012 678 1080 732 de
1137 677 1247 732 tato
1282 693 1347 733 ex
1379 693 1541 747 opere
1584 678 1818 748 quodam
1849 693 1878 732 a

320 769 629 824 Bardesane
669 768 817 823 circa
842 784 1042 823 annum
1088 769 1190 824 170
1226 771 1536 839 conscripto
1574 771 1759 841 petita.
1782 770 1880 825 Mi-

314 862 464 916 nime
491 868 676 916 tamen
704 860 831 915 inde
865 861 1240 929 consequitur,
1283 876 1407 915 eum
1448 859 1878 931 Recognitionum

311 958 599 1005 auctorem
611 966 754 1015 esse,
787 965 909 1005 cum
945 950 1065 1019 ejus
1103 964 1317 1005 errores
1345 950 1413 1005 de
1437 949 1648 1005 duobus
1672 950 1876 1020 princi-

310 1043 415 1113 piis
454 1042 708 1113 pluribus
756 1042 891 1096 locis
918 1040 1116 1095 ibidem
1152 1040 1474 1096 refutentur.
1523 1041 1705 1097 Satius
1749 1054 1878 1095 vero

308 1143 391 1189 est
419 1134 764 1197 existimare,
818 1147 942 1187 eum
994 1132 1086 1201 qui
1120 1146 1258 1201 opus
1286 1130 1430 1187 istud
1464 1132 1871 1201 conscripserit,

307 1242 503 1283 eorum
552 1233 799 1295 partem,
838 1239 959 1293 qua:
994 1222 1329 1279 Bardesanes
1382 1224 1453 1279 de
1492 1224 1602 1279 fato
1652 1224 1873 1292 dixerit,

306 1315 638 1379 inseruisse,
670 1312 813 1383 quod
836 1322 890 1368 et
921 1311 1185 1369 Eusebius
1219 1314 1275 1368 in
1306 1314 1422 1370 suis
1460 1312 1875 1384 Prarparationis

305 1406 638 1476 evangelica:
661 1406 816 1460 libris
841 1405 1113 1475 praestitit,
1146 1405 1241 1459 ubi
1264 1404 1512 1460 eumdem
1545 1406 1723 1461 locum
1750 1406 1875 1477 legi-

305 1512 456 1561 mus,
487 1512 654 1568 quem
680 1496 1113 1567 Recognitiomtm
1137 1504 1328 1551 auctor
1361 1511 1392 1550 a
1421 1496 1730 1554 Bardesane
1759 1513 1874 1551 mu-

303 1597 463 1645 tuum
487 1596 798 1660 acceperat.

374 1700 445 1755 In
473 1710 603 1770 quot
631 1700 792 1754 libros
823 1708 987 1753 totum
1021 1716 1149 1769 opus
1196 1699 1536 1755 distributum
1590 1699 1678 1755 sit.
1726 1698 1867 1766 Quid

303 1793 367 1848 de
394 1794 492 1848 illo
544 1792 966 1847 sentiendum.——
988 1791 1174 1848 Refert
1197 1800 1386 1847 auctor
1408 1792 1570 1847 tertio
1609 1791 1858 1864 Recogni-

306 1887 506 1938 tionum
537 1883 701 1945 libro,
726 1898 784 1937 se
812 1883 996 1938 decem
1021 1882 1156 1937 alios
1178 1884 1350 1937 sancti
1382 1882 1525 1937 Petri
1554 1898 1862 1938 sermonum

302 1964 639 2044 libros,quos
653 1973 909 2028 Caesarea:
926 1972 1208 2037 habuerat,
1235 1973 1301 2026 ad
1323 1980 1573 2028 sanctum
1594 1972 1862 2029 Jacobum

300 2068 543 2121 misisse.
582 2063 619 2119 li
658 2081 787 2119 vero
816 2080 1123 2135 unquamne
1146 2064 1201 2119 in
1242 2065 1436 2135 vulgus
1457 2065 1588 2120 editi
1624 2064 1864 2120 fuerint?

305 2157 619 2228 ignoramus
644 2173 660 2221 ;
698 2154 857 2208 hodie
886 2162 1065 2209 autem
1122 2155 1330 2208 nullum
1360 2171 1547 2210 eorum
1578 2155 1862 2225 vestigium

308 2252 579 2316 superest.
612 2243 1002 2315 Recognitiones
1039 2244 1093 2298 in
1126 2244 1314 2300 decem
1341 2246 1508 2301 libros
1558 2246 1864 2302 distribute

304 2343 456 2390 sunt.
494 2332 668 2388 Priori
720 2333 997 2388 inducitur
1025 2341 1251 2390 sanctus
1293 2334 1544 2391 Clemens
1593 2336 1860 2391 rationem

299 2439 560 2487 namus,
596 2438 702 2494 qua
733 2423 909 2478 sancti
958 2421 1219 2479 Barnabas
1265 2424 1741 2494 praedicationibus
1794 2425 1859 2479 ad

300 2508 463 2571 ﬁdem
499 2516 804 2577 traductus,
835 2523 997 2586 atque
1045 2517 1097 2569 in
1128 2531 1191 2572 ea
1223 2531 1253 2570 a
1276 2525 1466 2571 sancto
1497 2515 1657 2571 Petro
1698 2517 1861 2571 insti-

295 2615 453 2663 tutus
484 2607 669 2663 fuerit.
694 2606 843 2661 Alter
869 2605 1043 2670 sancti
1087 2603 1231 2661 Petri
1263 2620 1385 2661 cum
1429 2605 1652 2662 Simone
1702 2607 1859 2677 Mago

298 2714 609 2755 sermonem
638 2697 1029 2767 complectitur.
1063 2696 1248 2752 Tertio
1279 2698 1439 2756 iidem
1465 2700 1532 2755 de
1568 2708 1764 2754 natura
1790 2700 1858 2755 li-

296 2791 415 2845 beri
467 2790 681 2845 arbitrii
738 2791 1157 2861 colloquuntur,
1213 2807 1321 2862 quo
1382 2803 1606 2849 sanctus
1661 2791 1857 2849 Petrus

296 2886 625 2949 potestatem
655 2879 818 2934 animi
860 2880 1033 2935 nostri
1081 2896 1201 2936 esse
1232 2880 1438 2946 definit,
1467 2881 1692 2953 id,quod
1710 2883 1856 2950 libet,

297 2972 517 3041 agendi.
546 2970 806 3037 Quartus,
832 2988 953 3042 qua:
982 2987 1013 3025 a
1037 2979 1226 3028 sancto
1254 2971 1412 3028 Petro
1439 2974 1493 3029 in
1518 2976 1710 3030 itinere
1735 2974 1860 3029 Tri-

296 3064 408 3134 poli
482 3063 787 3118 Catsaream
852 3072 1106 3135 suscepto
1161 3072 1314 3135 gesta
1369 3074 1521 3131 sunt,
1578 3066 1834 3122 edisserit

293 3162 350 3221 et
399 3155 669 3225 plurimos
715 3154 887 3210 sancti
944 3154 1091 3211 Petri
1143 3158 1544 3214 hortationibus
1594 3160 1661 3214 ad
1696 3159 1856 3215 fidem

295 3246 586 3299 traductos
624 3244 811 3300 refert.
844 3245 1081 3311 Quintus
1121 3250 1480 3319 paraeneticus
1516 3265 1696 3305 sermo
1748 3260 1854 3317 est,

295 3354 407 3409 quo
459 3347 691 3394 sanctus
740 3336 935 3393 Petrus
970 3339 1311 3395 inscientiam
1345 3357 1443 3397 seu
1491 3342 1857 3413 ignorantiam

295 3440 648 3503 peccatorum
687 3431 928 3486 omnium
957 3433 1219 3503 originem
1247 3449 1388 3501 esse,
1419 3433 1689 3490 idolorum
1736 3436 1855 3490 cul-

294 3535 385 3582 tus
433 3524 753 3589 falsitatem,
807 3534 967 3597 atque
1015 3525 1112 3581 Dei
1170 3528 1437 3582 unitatem
1494 3528 1853 3583 demonstrat.

293 3618 461 3675 Sexto
490 3618 746 3688 baptismi
787 3620 1165 3676 necessitatem
1223 3620 1438 3692 probat,
1487 3621 1852 3695 explicatque,

289 3710 573 3782 quomodo
613 3710 681 3765 ad
709 3725 832 3765 eum
879 3726 1203 3767 accessurus
1239 3722 1588 3785 comparatus
1610 3730 1733 3771 esse
1759 3716 1855 3770 de-

286 3801 436 3857 beat.
522 3801 765 3874 Septimo
804 3813 1028 3862 sanctus
1081 3805 1335 3862 Clemens
1386 3806 1568 3862 varios
1625 3814 1856 3863 eventus

288 3900 502 3957 narrat.
533 3895 628 3964 qui
677 3896 835 3950 matri
866 3905 920 3953 et
968 3896 1227 3953 fratribus
1271 3897 1387 3952 suis
1415 3898 1779 3970 contigerunt,
1802 3906 1856 3954 et

288 4000 403 4054 quo
462 3996 626 4056 pacto
657 3987 711 4041 in
762 4003 858 4043 eos
903 4003 1122 4043 rursum
1146 3989 1202 4043 in
1234 3989 1523 4045 Palaestina
1568 3989 1845 4046 inciderit.

292 4077 599 4147 Sequentes
627 4078 734 4134 duo
754 4078 953 4152 dialogi
983 4087 1130 4147 sunt,
1161 4080 1360 4151 quibus
1380 4089 1606 4138 sanctus
1632 4081 1851 4153 Petrus,

290 4168 512 4238 Aquila,
555 4167 793 4236 Nicetas,
822 4179 877 4227 et
906 4178 1128 4228 sanctus
1166 4172 1416 4229 Clemens
1453 4175 1571 4230 seni
1606 4175 1847 4241 cuidam,

288 4275 451 4328 quem
504 4261 678 4315 sancti
722 4260 1015 4318 Clementis
1041 4271 1247 4333 patrem
1269 4279 1394 4319 esse
1440 4273 1631 4334 postea
1680 4281 1852 4335 agno.

288 4352 836 4420 verunt,ostendunt,
872 4354 1026 4410 fateri
1072 4371 1173 4412 nos
1212 4356 1434 4411 omnino
1472 4357 1690 4423 debere,
1716 4375 1853 4413 cun-

1838 3108 1925 3167 ’C

1986 502 2096 556 tius
2128 499 2241 571 (47)
2264 500 2463 571 stylum
2494 506 2657 568 atque
2688 498 3050 553 eruditionem
3102 495 3158 549 in
3204 494 3271 548 iis
3321 490 3541 560 conspi-

1980 606 2138 646 cuam
2168 590 2361 645 merito
2388 604 2512 645 esse
2536 587 3024 643 commendandam
3053 604 3068 651 ;
3094 591 3375 639 auctorem
3404 595 3539 636 vero

1982 684 2285 755 theologia},
2313 693 2475 754 atque
2497 680 2885 738 ecclesiasticae
2924 678 3193 733 doctrina:
3247 673 3537 729 admodum

1979 776 2211 846 peritum
2241 790 2350 830 non
2391 774 2560 829 fuisse
2587 780 2641 828 et
2694 770 3016 827 fabellarum
3044 766 3418 824 inventoribus
3447 779 3539 818 ac-

1977 866 2331 923 censendum.

2482 931 2881 988 ARTICULUS
2922 930 3007 987 Ill.

1975 1022 2043 1060 DE
2064 1020 2417 1061 ειειεΝτιΝιε
2444 1020 2512 1058 ΕΤ
2550 1019 2841 1059 NONNULLIS
2868 1017 3006 1056 ALIIS
3028 1014 3267 1056 SCRIP‘I‘IS
3297 1011 3535 1053 SUPPOSI-

2315 1090 2484 1129 TITIIS
2513 1090 2633 1128 ειυς
2659 1088 2854 1128 NOMINE
2877 1086 3189 1127 INSCRIPTIS.

2045 1164 2382 1221 Clementinw
2419 1164 2590 1216 sancti
2638 1161 2919 1217 Clementis
2968 1176 3153 1214 nomen
3179 1158 3316 1227 falso
3346 1154 3535 1225 pmic-

1971 1256 2412 1313 runt.——Praetcr
2438 1257 2621 1310 decem
2653 1253 3084 1324 Recognitionum
3116 1250 3282 1305 libros
3313 1254 3534 1303 exstant

1972 1348 2075 1405 sub
2102 1346 2276 1402 sancti
2303 1344 2596 1401 Clementis
2643 1347 2862 1399 nomine
2891 1357 3082 1397 novem
3116 1348 3169 1396 et
3203 1338 3387 1394 decem
3433 1337 3533 1391 ho-

1969 1439 2152 1500 milize,
2173 1452 2294 1508 quae
2322 1438 2637 1506 plerumque
2665 1433 3016 1489 Clementinte
3039 1429 3297 1501 appellari
3330 1427 3527 1483 solent.

1968 1528 2253 1583 Existimat
2274 1526 2574 1583 Cotelerius
2598 1524 2709 1597 (48)
2735 1539 2827 1580 eas
2848 1523 3070 1577 alteram
3100 1520 3347 1575 fortassis
3369 1516 3531 1570 Reco-

1967 1620 2261 1691 gnitionum
2282 1616 2575 1673 editionem
2616 1630 2735 1670 esse
2768 1611 2944 1668 sancti
2976 1609 3123 1664 Petri
3170 1623 3369 1663 nomen
3393 1622 3532 1676 pra:-

1973 1711 2265 1775 ferentem;
2290 1708 2421 1763 illud
2454 1723 2583 1763 sane
2610 1712 2845 1769 constat,
2880 1701 3161 1771 complura
3200 1700 3255 1753 in
3296 1698 3527 1752 Itomiliis

1968 1802 2091 1857 istis
2121 1810 2353 1863 exstare,
2384 1814 2503 1868 qum
2543 1798 2598 1851 in
2628 1792 3083 1866 Recognitionibus
3121 1791 3283 1846 etiam
3337 1790 3530 1859 legun-

1963 1894 2305 1959 tur,easdem
2326 1892 2555 1953 fabulas,
2570 1889 2902 1958 eosdemque
2916 1899 3135 1941 errores
3157 1882 3414 1951 utrinque
3437 1897 3531 1936 oc-

1964 2002 2209 2052 currere;
2222 1984 2573 2055 eamdemque
2590 1982 2878 2049 utriusque
2891 1976 3070 2047 operis
3084 1974 3525 2029 distributionem

1964 2079 2154 2134 videri.
2189 2077 2339 2148 Stylo
2357 2086 2483 2131 sunt
2502 2075 2657 2129 valde
2685 2072 2938 2143 eleganti,
2970 2071 3281 2140 praebetque
3330 2077 3523 2122 auctor

1963 2170 2208 2240 plurimae
2237 2169 2559 2225 eruditionis
2610 2166 2922 2236 specimen;
2956 2160 3392 2217 commentitium
3438 2174 3531 2213 au-

1962 2272 2070 2318 tem
2097 2277 2156 2317 se
2189 2276 2331 2325 esse,
2364 2260 2550 2314 multis
2589 2258 2735 2311 notis
2762 2254 2962 2326 prodit.

2033 2350 2271 2422 Epitome
2284 2352 2453 2405 sancti
2477 2349 2622 2403 Petri
2648 2349 2765 2401 vita:
2786 2344 3116 2414 supposititia
3138 2357 3336 2414 quoque
3355 2350 3530 2395 est.—

1963 2443 2059 2499 Est
2085 2443 2248 2498 etiam
2279 2457 2308 2494 a
2339 2440 2607 2495 Cotelerio
2637 2437 2781 2494 edita
2797 2437 2907 2507 (49)
2920 2435 3093 2490 sancti
3108 2434 3398 2489 Clementis
3415 2431 3554 2486 hisr

1960 2534 2121 2598 toria,
2138 2548 2257 2603 quae
2280 2530 2517 2599 Epitome
2539 2528 2709 2583 sancti
2734 2526 2878 2580 Petri
2902 2522 3365 2578 vitariuscribitur.
3387 2519 3529 2573 Scri-

1960 2632 2110 2696 ptum
2126 2624 2226 2678 hoc
2242 2623 2305 2677 ad
2322 2629 2567 2677 sanctum
2582 2618 2840 2673 Iacobum
2855 2612 3399 2684 Hierosolymitanum
3410 2609 3527 2679 epi-

1960 2712 2183 2787 scopum
2202 2716 2386 2770 datum
2402 2729 2521 2769 esse
2543 2713 2949 2783 tingitur,atque
2973 2714 3165 2778 praeter
3180 2720 3267 2759 res
3287 2718 3316 2757 a
3336 2711 3525 2758 sancto

1959 2809 2120 2865 Petro
2141 2815 2343 2879 gestas,
2381 2806 2555 2862 sancti
2574 2802 2867 2860 Clementis
2891 2800 3053 2855 etiam
3078 2798 3200 2852 vita:
3227 2793 3519 2851 historiam

1959 2901 2359 2971 complectitur.
2381 2896 2529 2953 Istud
2568 2911 2697 2951 vero
2728 2894 2862 2949 nihil
2908 2891 3015 2946 nisi
3066 2890 3519 2959 Recognitionum,

1958 2993 2437 3053 Clementinorum,
2454 2989 2710 3044 Actorum
2729 2984 2974 3055 martyrii
2996 2984 3172 3037 sancti
3194 2979 3513 3041 Clementis,

1960 3089 2122 3153 atque
2171 3082 2414 3137 historiae
2461 3080 2527 3135 de
2584 3077 2839 3149 Ephraim
2907 3089 3121 3130 summa
3175 3080 3279 3127 est.
3344 3071 3519 3141 Hujus

1960 3173 2295 3229 collectionis
2338 3178 2528 3226 auctor
2552 3211 2567 3234 ,
2616 3170 2709 3240 qui
2777 3166 3170 3235 Metaphrastes
3218 3164 3328 3233 (50)
3398 3178 3523 3217 esse

1957 3266 2219 3330 creditur,
2254 3280 2340 3329 ea,
2380 3279 2501 3335 quae
2542 3262 2598 3316 in
2628 3260 2869 3329 scriptis,
2895 3256 3039 3311 unde
3068 3255 3183 3308 haec
3211 3254 3507 3323 excerpsit,

1959 3357 2287 3421 redundare,
2314 3364 2406 3410 aut
2431 3354 2566 3409 falsa
2613 3351 3029 3423 perniciosaque
3074 3361 3195 3402 esse
3249 3347 3351 3402 sibi
3401 3346 3519 3403 visa

1956 3459 2105 3515 sunt,
2163 3447 2482 3518 amputavit.

2025 3541 2151 3594 Alia
2179 3538 2515 3608 suppusititia
2548 3535 2718 3588 sancti
2757 3532 3038 3588 Clementis
3075 3547 3260 3585 nomen
3309 3528 3507 3599 ιιι-ατε-

1955 3634 2124 3690 rentia
2147 3631 2366 3695 scripta.
2389 3658 2460 3671 -—-
2486 3627 2611 3684 Fuit
2644 3627 2759 3699 jam
2798 3640 2828 3680 a
2854 3624 3015 3682 nobis
3066 3621 3318 3694 superius
3350 3620 3520 3675 ailno~

1953 3734 2149 3789 tatum,
2184 3722 2615 3793 Recognuionum
2664 3725 2943 3772 auctorem
2998 3714 3285 3777 afﬁrmare,
3330 3712 3517 3765 decem

1954 3819 2131 3874 sancti
2185 3814 2334 3871 Petri
2378 3826 2691 3870 sermonum
2716 3808 2979 3864 Caesarea:
3006 3807 3317 3861 habitorum
3345 3803 3516 3857 libros

1953 3915 2142 3966 sancto
2167 3904 2373 3961 Iacobo
2402 3919 2431 3958 a
2462 3920 2520 3959 se
2555 3903 2752 3957 missos
2779 3900 2968 3956 fuisse.
3017 3898 3211 3952 Decem
3254 3895 3329 3949 illi
3376 3892 3515 3956 libri,

1956 4008 2015 4054 ut
2042 4000 2155 4070 jam
2192 3997 2360 4055 semel
2396 3995 2730 4058 monuimus,
2763 3992 2831 4047 ad
2859 4008 2961 4046 nos
2990 4006 3098 4044 non
3121 3993 3514 4059 pervenerunt;

1953 4100 2189 4146 attamen
2236 4077 2717 4161 pseudo-Clemens
2760 4099 2983 4157 operam
3031 4081 3201 4144 dedit,
3264 4087 3325 4133 ut
3378 4078 3511 4149 quid

1952 4184 2057 4240 illis
2079 4182 2468 4245 contineretur,
2499 4180 2716 4250 penitus
2748 4193 2854 4232 non
2873 4177 3267 4244 ignoraremus.
3297 4169 3376 4225 Ex
3396 4170 3512 4226 illis

1950 4278 2168 4349 quidam
2192 4278 2303 4351 (5|)
2321 4276 2388 4333 de
2419 4275 2532 4331 veri
2552 4275 2831 4346 pr0phetaa
2860 4271 3027 4335 notis,
3074 4277 3236 4339 atque
3262 4269 3329 4322 de
3378 4268 3514 4338 legis

1952 4372 2225 4428 intellectu
2253 4374 2462 4442 agebat.
2513 4369 2835 4425 Anastasius
2865 4368 2976 4438 (52)
3004 4366 3376 4420 Antiochenus
3401 4363 3515 4417 lau-

288 4454 376 4500 cta
429 4446 636 4501 divina:
666 4446 1023 4504 Providentiae
1070 4449 1318 4520 imperio,
1365 4466 1469 4505 non
1519 4466 1651 4507 casu
1713 4454 1847 4523 geri.

1961 4465 2046 4519 dat
2076 4470 2332 4533 praeterea
2375 4463 2547 4517 sancti
2602 4459 2897 4515 Clementis
2942 4458 3160 4511 nomine
3212 4454 3515 4509 orationem

292 4534 548 4589 Decimus
599 4550 663 4589 ac
702 4544 1010 4607 postremus
1062 4540 1202 4595 liber
1229 4540 1478 4613 dialogus
1508 4558 1726 4613 quoque
1769 4552 1855 4599 est

287 4627 432 4680 inter
478 4634 733 4681 sanctum
766 4628 1117 4698 Clementem,
1148 4633 1506 4704 eumdemque
1541 4650 1727 4690 senem
1786 4636 1854 4691 de

290 4713 419 4767 boni
466 4720 522 4769 et
560 4716 686 4770 mali
728 4727 944 4774 natura.
998 4720 1079 4775 Ad
1132 4721 1299 4777 ﬁnem
1352 4724 1475 4779 libri
1528 4726 1595 4781 de
1633 4726 1855 4784 Simone

289 4801 446 4876 uago
475 4807 685 4862 mentio
726 4808 1050 4877 instituitur,
1078 4820 1249 4883 atque
1274 4815 1341 4869 de
1386 4830 1473 4880 ea,
1503 4832 1623 4887 qua:
1646 4818 1719 4872 ibi
1744 4818 1855 4874 fer-

290 4902 398 4961 tur,
428 4897 580 4953 senis
629 4897 795 4969 hujus
825 4900 880 4954 in
905 4901 1144 4959 Simonis
1168 4902 1304 4976 Magi
1332 4906 1538 4960 vultum
1566 4916 1854 4965 metamor-

288 4989 469 5057 phosi.
529 4988 657 5045 Hace
700 5000 849 5059 sunt,
889 5009 1008 5063 qua:
1060 4995 1129 5051 de
1182 4996 1367 5053 decem
1418 4996 1848 5070 Recognitionum

290 5080 446 5134 libris
469 5080 634 5137 hodie
661 5086 1003 5142 exstantibus
1026 5087 1321 5144 lectoribus
1352 5090 1539 5147 leviter
1559 5092 1850 5150 delibanda

288 5174 699 5241 proposuimus,
739 5183 801 5229 ut
852 5192 946 5232 eos
976 5179 1190 5233 inutilia
1248 5179 1358 5236 fere
1395 5184 1596 5253 scripta
1639 5186 1850 5257 legendi

363 5304 476 5440 (lg)
506 5303 757 5374 Photius,
793 5310 980 5365 codice
1008 5325 1157 5364 cxm.

383 5375 417 5428 4
514 5374 662 5430 Loco
694 5380 877 5434 citato.

383 5374 475 5434 47)
514 5374 662 5430 Loco
694 5380 877 5434 citato.

362 5445 479 5520 (ᾗ)
508 5447 775 5520 ξριςξιειιη
804 5458 843 5503 ι.
865 5449 902 5520 l.
936 5465 1057 5520 pag.
1088 5449 1210 5504 607.

362 5515 484 5581 (49)
514 5514 650 5571 tum.
695 5534 825 5581 pag-
848 5514 967 5574 655‘,

362 5585 477 5653 (50;
521 5584 599 5640 Id.
620 5628 636 5652 ,
668 5584 800 5642 ibid.

509 5654 629 5733 Lib.
665 5672 680 5709 ι
717 5656 1093 5733 Recognitipn.,
1117 5678 1171 5714 ιι.
1202 5663 1285 5717 Π.

363 5723 472 5792 (52)
498 5732 715 5793 Anast.,
747 5723 936 5798 quain.
970 5730 1058 5798 96,
1090 5747 1209 5802 pag.
1247 5733 1367 5788 69.6.

1957 4556 2248 4628 quamdam
2310 4554 2373 4609 de
2397 4552 2763 4616 Providentia,
2821 4560 2976 4621 atque
3028 4547 3091 4602 de
3124 4547 3344 4617 justitia
3391 4544 3509 4599 Dei.

1957 4647 2084 4703 lnde
2114 4662 2242 4703 vero
2274 4645 2509 4701 fortasse
2531 4644 2829 4715 fragmenta
2868 4658 2901 4695 a
2924 4640 3193 4697 Cotelerio
3220 4637 3366 4693 edita
3400 4636 3512 4707 (53)

1955 4740 2121 4809 petita
2155 4745 2304 4802 sunt,
2332 4737 2530 4808 quibus
2565 4734 2851 4789 Trinitatis
2882 4731 3197 4804 mysterium
3227 4729 3392 4800 probe
3419 4744 3513 4783 ex-

1955 4830 2206 4900 plicatur.
2238 4827 2460 4883 Veteres
2517 4826 2693 4881 sancti
2736 4824 3028 4880 Clementis
3073 4822 3278 4891 scripta
3323 4835 3511 4875 eorum

1956 4919 2311 4991 appellatione
2336 4932 2445 4971 non
2470 4915 2653 4970 addita
2705 4929 2848 4984 saepe
2889 4914 3199 4975 laudarunt,
3224 4913 3368 4966 inter
3408 4925 3513 4964 cae—

1954 5020 2100 5068 teros
2122 5017 2347 5067 sanctus
2377 5008 2610 5064 Basilius
2638 5007 2751 5078 (54)
2782 5005 3316 5078 pseudooDionysius
3346 5002 3512 5056 Areo-

1953 5098 2152 5168 pagita.
2188 5102 2381 5150 auctor
2430 5093 2820 5164 disputationis
2876 5101 3067 5147 contra
3120 5090 3314 5143 Arium
3367 5088 3511 5141 inter

1953 5204 2117 5260 opera
2153 5188 2326 5244 sancti
2360 5187 2664 5249 Athanasii,
2696 5184 3021 5240 Anastasius
3082 5180 3313 5243 Sinaita.
3348 5179 3503 5234 Nice-

2024 5322 2135 5391 (53)
2160 5319 2392 5375 Coteler.
2414 5361 2430 5385 ,
2465 5316 2587 5372 net.
2618 5318 2683 5371 ad
2710 5316 3147 5391 lierRecognit.
3171 5357 3186 5382 ,
3222 5331 3279 5370 n.
3315 5312 3388 5368 ει
3413 5333 3426 5381 ;
3451 5324 3507 5369 et

1949 5393 2091 5446 inter
2111 5386 2384 5443 testimon.
2422 5399 2663 5443 veterum
2694 5387 2760 5440 de
2790 5386 3114 5441 Clementin.

2020 5459 2419 5530 (54)78asilius,
2441 5459 2533 5513 lib.
2553 5474 2569 5530 ι
2598 5456 2669 5530 De
2688 5456 2889 5530 Spiritu
2905 5464 3112 5530 sancto,
3126 5470 3254 5530 _cap_.
3277 5452 3510 5530 ἓξςιυίο-

1949 5522 2067 5601 nys.
2079 5569 2094 5590 ,
2108 5522 2217 5601 :DeA
2230 5530 2394 5601 divin.
2422 5522 2805 5601 nominibus_._c.
2821 5526 2875 5593 6;
2891 5522 3217 5601 Anastasius
3237 5527 3290 5601 in
3310 5522 3499 5593 Odego.

1948 5594 2070 5669 cap.
2096 5599 2135 5669 2
2159 5618 2173 5665 ;
2199 5598 2541 5669 Nicephur._,
2562 5597 2603 5669 1ἒ
2623 5611 2684 5649 ιιι
2704 5595 2870 5669 Hist.,
2893 5611 2942 5649 c.
2964 5595 3049 5651 tl.
3080 5594 3358 5669 Yidendus
3374 5610 3491 5663 quo

1946 5666 2050 5739 que
2080 5668 2275 5733 Grabe,
2325 5666 2455 5723 tom.
2477 5666 2516 5721 ll
2567 5666 2811 5739 Spicileg.
2843 5710 2857 5734 ,
2894 5681 3014 5738 pag.
3074 5667 3172 5721 l89
3200 5672 3250 5721 et
3276 5681 3430 5735 seqq.
