4070 6340
551 248 646 304 ιδι

1668 244 1757 299 AD
1797 243 1856 300 S.
1898 241 2319 301 CLEMENTEM
2358 242 2377 296 l
2417 240 2647 298 PAPAM

3669 244 3771 298 ιεξ

549 368 756 439 phorus
794 363 1073 430 Callistus,
1117 371 1284 433 atque
1328 363 1576 419 nonnulli
1613 364 1726 419 alii.
1784 363 1859 420 De
1889 363 2110 433 liturgia
2141 368 2186 425 Α
2214 362 2394 418 storias
2432 362 2598 433 hujus
2646 360 2936 416 falsitatem
2968 355 3487 425 demonstrandam;
3529 370 3650 411 cum
3692 358 3774 414 le-

549 456 727 515 sancti
748 454 1063 517 Clementis.
1096 463 1259 525 atque
1286 454 1354 509 de
1383 454 1726 523 collectione,
1761 470 1924 525 quam
1947 455 2014 508 ah
2042 469 2109 509 eo

548 551 855 605 institutam
889 547 1093 613 ferunt,
1119 550 1293 605 sancti
1336 548 1483 605 Petri
1518 549 1938 614 revelationum,
1966 548 2111 605 idem

549 641 831 698 ferendum
871 647 956 696 est
980 641 1270 711 judicium.

1057 731 1456 790 ARTICULUS
1503 732 1596 790 IV.

757 837 822 875 DE
862 838 1020 878 ACTIS
1060 840 1318 879 IARTYRII
1357 839 1545 879 SANCTI
1576 840 1896 879 (ΣΠ-31881⁸18.

612 918 746 971 Acta
790 918 1034 989 martyrii
1064 918 1243 971 sancti
1272 916 1570 972 Clementis
1616 924 1727 970 tam
1773 914 2111 971 admirandis

546 1012 954 1065 narrationibus
986 1016 1101 1062 tota
1150 1005 1386 1061 conflata
1433 1014 1586 1071 sunt,
1631 1012 1693 1061 ut
1746 1021 1887 1077 aegre
1916 1003 2112 1076 legenti

545 1103 888 1173 supposititia
910 1100 1077 1155 videri
1095 1116 1202 1153 non
1222 1099 1451 1169 possint.
1474 1098 1741 1153 Constant
1766 1105 1943 1152 autem
1962 1110 2112 1152 mera

543 1194 933 1247 miraculorum
960 1191 1272 1246 narratione
1294 1208 1309 1258 ;
1333 1205 1456 1261 qua:
1474 1189 1599 1244 licet
1626 1189 1769 1260 stylo
1787 1187 1941 1243 valde
1961 1188 2112 1256 gravi

542 1286 853 1355 conscripta
884 1284 974 1346 sit,
998 1283 1217 1339 nativus
1246 1292 1425 1337 tamen
1458 1281 1547 1335 ille
1563 1280 1908 1349 antiquitatis
1933 1280 2108 1346 color,

542 1374 634 1443 qui
659 1371 711 1425 in
738 1372 987 1441 genuinis
1013 1372 1133 1443 ejus
1158 1372 1334 1429 aetatis
1364 1370 1586 1441 scriptis
1637 1362 1968 1439 censpicuus
2007 1378 2110 1436 est,

549 1461 747 1516 ibidem
781 1477 892 1517 non
919 1470 1218 1531 spectatur.
1270 1458 1461 1513 Refert
1489 1458 1747 1529 primum,
1783 1457 2108 1523 Sisinnium,

542 1553 683 1623 quod
712 1552 1008 1624 ,Theodora
1054 1568 1189 1607 uxor
1218 1552 1578 1608 Christianam
1624 1552 1936 1621 religionem
1984 1566 2112 1621 pro-

542 1644 685 1700 fessa
704 1644 916 1709 fuisset,
933 1643 1087 1699 valde
1105 1644 1460 1714 indignatum,
1480 1644 1767 1708 rationem,
1785 1659 1889 1713 qua
1910 1641 2107 1697 factum

2212 462 2333 511 ctor
2361 454 2518 510 facile
2544 453 2821 524 percipere
2850 450 3057 522 possit,
3101 449 3352 505 fabellam
3381 463 3573 521 sapere
3591 489 3607 513 ,
3654 465 3775 520 quae

2212 548 2280 605 de
2311 546 2551 605 Sisinnio
2587 545 2916 602 referuntur.
2950 543 3082 611 Quis
3126 541 3271 599 enim
3312 542 3499 597 credat
3525 548 3680 597 aetate
3702 542 3773 596 il-

2212 639 2298 704 la,
2327 653 2436 709 qua
2486 637 2680 708 pagani
2727 636 3165 693 Christianorum
3195 634 3365 690 cultui
3396 633 3625 690 vetando
3654 635 3775 705 plu-

2212 731 2412 786 rimum
2441 729 2815 800 invigilabant,
2841 728 3105 784 ecclesias
3123 726 3284 797 vulgo
3304 725 3439 781 adeo
3465 734 3638 789 notas,
3663 736 3778 780 tan-

2213 830 2431 893 tamque
2474 837 2570 877 eas
2598 820 2866 877 subeundi
2896 820 3171 875 licentiam
3200 819 3406 882 fuisse,
3440 825 3499 873 ut
3548 818 3777 891 paganis

2214 914 2346 983 ipsis
2395 913 2577 969 aditus
2620 912 2689 967 ad
2727 927 2823 967 eas
2853 919 3091 983 pateret,
3134 919 3189 967 et
3235 910 3449 966 Domini
3504 909 3777 965 ministris

2212 1007 2288 1061 nil
2329 1006 2762 1077 prohibentibus,
2793 1023 2915 1078 qua:
2960 1007 3016 1061 in
3058 1018 3341 1060 sacrorum
3390 1001 3777 1074 mysteriorum

2211 1100 2579 1155 celebratione
2628 1100 2975 1171 gerebantur,
3021 1097 3357 1168 perlustrare
3386 1095 3671 1150 valerent?
3710 1096 3779 1150 il-

2212 1191 2304 1246 lud
2332 1206 2550 1261 quoque
2585 1191 2899 1247 verosimile
2927 1205 3035 1245 non
3073 1186 3131 1242 fit
3153 1226 3169 1251 ,
3200 1184 3423 1257 Trajani
3451 1192 3611 1241 aetate
3640 1201 3778 1255 pra-

2210 1280 2411 1337 fectum
2454 1282 2625 1336 ullum
2659 1289 2807 1337 tanta
2848 1280 3074 1336 audacia
3107 1278 3317 1345 fuisse,
3343 1277 3437 1348 qui
3481 1276 3777 1333 seditiones

2212 1372 2267 1427 in
2317 1372 2449 1428 urbe
2482 1372 2568 1427 vel
2616 1379 2810 1428 contra
2849 1371 3194 1427 Christianos
3245 1369 3489 1425 excitare
3532 1367 3775 1423 auderet.

2210 1462 2290 1517 Ad
2321 1462 2435 1519 haec
2465 1477 2747 1519 sacrorum
2777 1461 3075 1518 olliciorum
3107 1460 3324 1517 comitis
3354 1458 3645 1531 appellatio
3671 1456 3779 1513 Pu-

2213 1550 2323 1607 blio
2353 1551 2555 1608 tributa
2603 1552 2776 1607 sancti
2827 1551 3126 1607 Clementis
3168 1565 3285 1605 aevo
3332 1549 3550 1620 cognita
3599 1548 3779 1603 adhuc

2214 1660 2320 1699 non
2343 1652 2497 1711 erat;
2533 1645 2627 1700 sed
2656 1643 3013 1699 Constantino
3041 1643 3272 1713 primum
3296 1641 3596 1711 imperante
3617 1655 3781 1695 usur-

542 1738 646 1792 hoc
662 1739 850 1793 ulcisci
880 1751 1085 1807 posset,
1115 1736 1465 1806 quaesivisse;
1497 1752 1620 1789 cum
1652 1750 1781 1789 vero
1823 1731 2108 1789 Theodore
2142 1722 2182 1779 Β
2213 1745 2394 1807 palam
2420 1734 2612 1800 fuisse,
2637 1750 2704 1790 ex
2730 1734 2957 1790 historia
2984 1734 3267 1789 discimus.
3298 1731 3486 1787 Fidem
3512 1731 3675 1785 etiam
3694 1746 3783 1785 su-

542 1825 774 1897 quadam
798 1827 886 1881 die
908 1826 975 1882 ad
1001 1828 1288 1882 ecclesiam
1321 1827 1530 1891 ivisset,
1561 1825 1860 1881 Sisinmum
1893 1841 2110 1896 quoque

539 1932 607 1973 eo
636 1917 1000 1982 contendisse,
1035 1925 1089 1971 at
1116 1934 1212 1988 per
1242 1919 1401 1972 aliam
1430 1926 1643 1989 portam
1677 1918 1928 1983 subiisse,
1973 1933 2111 1973 cun-

542 2022 754 2083 ctaque,
782 2027 903 2083 qua:
924 2012 979 2065 in
1000 2009 1435 2066 Christianorum
1456 2010 1733 2082 mysteriis
1758 2010 2106 2081 gerebantur,

543 2103 762 2157 curiose
807 2101 1097 2156 admodum
1161 2101 1545 2170 perlustrasse.
1614 2098 1874 2156 Precibus
1926 2108 2105 2156 autem

540 2209 570 2248 a
594 2202 783 2250 sancto
802 2193 1079 2249 Clemente
1106 2193 1372 2249 absolutis
1388 2200 1441 2248 et
1466 2193 1667 2264 populo
1692 2194 1857 2246 Amen
1880 2209 2077 2264 respon
2093 2223 2110 2233 -

541 2286 704 2342 dente
744 2284 1044 2349 Sisinnium
1082 2284 1420 2340 curiositatis
1471 2300 1584 2339 suae
1628 2298 1817 2354 poenas
1869 2283 2105 2347 dedisse,

540 2385 595 2435 et
640 2378 848 2450 lingua,
883 2379 1216 2448 auribusque
1265 2376 1413 2431 illico
1467 2387 1687 2447 captum
1720 2376 1911 2430 fuisse.
1969 2374 2106 2429 Eum

542 2487 668 2525 vero
690 2479 799 2525 tam
829 2470 1024 2526 celeris
1054 2469 1278 2525 ultionis
1318 2478 1513 2524 eventu
1552 2468 1861 2539 perculsum
1903 2468 2107 2524 erroris

543 2560 627 2616 sui
656 2561 999 2631 paenituisse,
1043 2566 1097 2615 et
1135 2575 1259 2615 cum
1310 2559 1586 2629 baptismo
1613 2560 1882 2629 corporis,
1914 2560 2109 2615 anima:

540 2668 758 2725 quoque
798 2653 1026 2709 salutem
1050 2659 1403 2709 consecutum
1431 2651 1618 2707 fuisse.
1663 2650 1917 2707 Publium
1961 2651 2103 2706 Tar-

540 2745 862 2817 quinianum
920 2760 1201 2801 sacrorum
1267 2745 1567 2801 ofﬁciorum
1628 2748 1920 2809 comitem,
1981 2760 2106 2799 cum

544 2835 914 2892 Christianam
960 2836 1278 2907 religionem
1304 2844 1487 2891 tantos
1528 2836 1585 2890 in
1614 2835 1749 2891 urbe
1779 2849 2107 2907 progressus

543 2928 720 2983 facere
748 2936 1015 2991 cerneret,
1070 2927 1196 2983 data
1245 2929 1523 2999 regionum
1546 2927 1820 2999 praefectis
1842 2928 2096 2998 pecunia,

2210 1832 2392 1897 perat,
2431 1833 2680 1881 sanctum
2730 1825 3061 1882 Clementem
3113 1825 3258 1890 illos,
3306 1824 3399 1894 qui
3432 1821 3497 1878 ad
3549 1830 3779 1878 mortem

2211 1934 2335 1975 eum
2371 1919 2805 1990 conquirebant,
2846 1935 3001 1974 canes
3037 1919 3091 1972 in
3123 1916 3356 1972 homines
3390 1915 3647 1970 latrantes
3684 1932 3782 1969 vo-

2210 2011 2460 2077 cavisse;
2506 2010 2654 2082 quod
2704 2018 2885 2065 tamen
2917 2011 2984 2066 ab
3016 2024 3082 2066 eo
3111 2007 3523 2081 pronuntiatum
3557 2006 3612 2061 in
3658 2005 3781 2075 ejus

2210 2102 2347 2157 actis
2368 2103 2618 2173 legimus.
2680 2094 2683 2097 λ

2279 2192 2474 2265 lugens
2522 2194 2960 2250 Christianorum
2991 2193 3049 2248 in
3093 2191 3494 2250 Chersonesum
3521 2190 3780 2259 deporta-

2208 2294 2388 2341 torum
2443 2302 2707 2342 numerus
2761 2287 2864 2343 sub
2906 2286 3083 2340 sancti
3132 2283 3427 2340 Clementis
3484 2282 3777 2337 adventum

2210 2387 2530 2451 argumento
2553 2380 2715 2435 etiam
2736 2387 2820 2435 est
2856 2378 3052 2433 horum
3085 2384 3332 2433 actorum
3366 2374 3642 2429 falsitatis.
3676 2372 3780 2427 Ne-

2207 2488 2314 2543 que
2350 2473 2497 2527 enim
2545 2480 2779 2544 tempus,
2825 2487 2934 2543 quo
2962 2471 3094 2525 illuc
3140 2468 3416 2541 deportari
3464 2468 3776 2538 potuerint,

2220 2565 2613 2636 perspicimus.
2657 2565 2872 2622 Etenim
2897 2565 2944 2622 si
2978 2565 3082 2623 sub
3132 2562 3442 2618 Domitiano
3484 2560 3777 2615 damnatos

2208 2655 2478 2721 dicamus,
2505 2657 2695 2729 reponi
2733 2665 2933 2729 potest,
2964 2672 3059 2713 eos
3113 2657 3285 2711 altero
3332 2652 3550 2724 Trajani
3602 2666 3776 2716 anno,

2209 2764 2320 2819 quo
2346 2759 2571 2807 sanctus
2600 2749 2855 2807 Clemens
2876 2764 2942 2805 eo
2974 2749 3247 2819 relegatus
3269 2746 3462 2811 fertur,
3506 2744 3615 2798 illic
3652 2758 3777 2798 ani-

2208 2844 2353 2913 plius
2381 2857 2490 2897 non
2514 2844 2825 2909 exstitisse;
2875 2856 2997 2897 cum
3020 2839 3196 2896 Nerva
3229 2838 3527 2894 Domitiani
3550 2853 3773 2894 succes-

2209 2948 2301 2988 sor
2321 2939 2376 2987 et
2405 2933 2687 3001 proximus
2713 2930 2933 3001 Trajani
2956 2930 3211 2986 decessor
3246 2929 3359 3001 (55)
3388 2944 3575 2986 omnes
3603 2944 3632 2983 a
3660 2927 3775 2984 Do-

541 3028 821 3075 auctorem
885 3021 992 3076 illis
1015 3019 1186 3077 fuisse
1238 3028 1297 3076 ut
1354 3021 1409 3076 in
1453 3021 1801 3077 Christianos
1847 3021 2102 3092 pepulum
2132 3060 2173 3116 C
2210 3024 2437 3081 mitiano
2483 3025 2754 3102 relegatos
2799 3031 2910 3078 tam
2944 3023 3325 3086 Christianos,
3354 3036 3518 3093 quam
3548 3021 3777 3078 alterius

540 3112 897 3168 concitarent.
921 3111 1252 3171 Clementem
1294 3114 1459 3186 igitur
1488 3115 1721 3185 primum
1741 3114 1918 3171 adorti
1947 3123 2096 3180 sunt,

541 3222 664 3262 eum
695 3205 762 3262 de
802 3207 1111 3277 sacrilegio,
1143 3207 1209 3263 de
1240 3207 1537 3278 impietate,
1582 3216 1746 3280 atque
1790 3207 1858 3263 de
1886 3207 2104 3265 violatis

542 3298 910 3377 Augustorum
956 3300 1153 3356 edictis
1182 3308 1524 3356 accusantes.
1577 3299 1848 3371 Trajanus
1879 3300 1963 3356 his
1983 3316 2105 3357 om-

543 3392 706 3447 nibus
761 3407 791 3444 a
822 3390 1142 3447 Mamertino
1190 3393 1346 3447 urbis
1392 3392 1650 3463 praefecto
1701 3392 1942 3463 acceptis
1975 3407 2106 3447 sane

542 3490 688 3538 ctum
746 3482 1062 3540 Pontiﬁcem
1118 3486 1173 3540 in
1221 3485 1622 3541 Chersonesum
1682 3485 1825 3541 ultra
1875 3485 2105 3549 Pontum

544 3576 814 3632 Euxinum
839 3577 1118 3650 relegavit.
1160 3576 1367 3634 invenit
1390 3594 1517 3634 vero
1544 3579 1617 3635 ibi
1636 3579 1778 3634 ultro
1797 3578 1906 3633 duo
1937 3579 2106 3633 millia

542 3667 978 3723 Christianorum
1002 3666 1114 3737 jam
1144 3668 1234 3723 diu
1260 3667 1327 3722 ad
1352 3667 1596 3723 caedendi
1650 3669 1939 3723 marmoris
1968 3683 2109 3739 opus

547 3761 954 3814 damnatorum.
1002 3756 1147 3814 Inter
1170 3762 1404 3813 maxima
1444 3766 1623 3812 autem
1646 3758 1837 3813 horum
1872 3758 2107 3813 lldelium

544 3849 889 3905 incommoda
914 3847 1045 3903 illud
1101 3857 1239 3911 erat,
1270 3848 1414 3920 quod
1444 3859 1594 3905 sexto
1621 3849 1874 3905 milliario
1911 3865 2107 3919 aquam

544 3938 789 3994 humeris
812 3939 929 3993 suis
953 3937 1241 4009 deportare
1291 3939 1570 3994 deberent.
1634 3937 1881 3993 Pontifex
1931 3947 2109 3992 autem

542 4046 735 4086 eorum
811 4031 1161 4085 miseratione
1214 4037 1436 4096 tactus,
1486 4046 1609 4085 cum
1644 4031 1767 4101 agni
1823 4029 2107 4101 cujusdam

544 4123 737 4188 ductu,
779 4122 872 4178 ubi
902 4121 1026 4197 fons
1054 4129 1220 4185 esset,
1252 4122 1619 4193 cognovisset,
1654 4137 1796 4184 eam,
1826 4131 1883 4176 ut
1910 4120 2111 4177 effode-

544 4222 695 4282 rent,
717 4212 1046 4269 Christianis
1098 4214 1359 4269 ostendit.
1411 4212 1619 4279 Quibus
1640 4212 2007 4284 nequidquam
2030 4213 2109 4265 la-

543 4306 868 4362 borantibus
904 4314 1131 4362 sanctus
1169 4305 1422 4361 Clemens
1457 4321 1577 4360 eum
1628 4304 1807 4360 locum
1860 4304 1975 4376 ipse
2002 4303 2107 4358 levi

2207 3115 2586 3188 cujuscunque
2615 3116 2834 3189 generis
2858 3116 3216 3181 revocaverit,
3273 3114 3547 3185 quomodo
3597 3115 3773 3171 sancti

2204 3209 2433 3268 Joannis
2475 3211 2724 3283 exemplo
2763 3210 3044 3267 docemur.
3069 3209 3173 3266 Sed
3201 3224 3379 3280 neque
3408 3207 3511 3265 sub
3549 3206 3773 3277 Trajani

2208 3303 2423 3375 imperii
2450 3304 2733 3360 exordium
2759 3305 2834 3359 illi
2858 3304 3099 3359 damnati
3132 3302 3304 3367 fuere,
3329 3316 3453 3356 cum
3486 3300 3534 3356 is
3558 3300 3774 3356 decimo

2207 3403 2421 3452 tantum
2450 3397 2665 3467 imperii
2690 3398 2775 3453 sui
2812 3412 2958 3451 anno
2986 3396 3319 3467 quaestiones
3338 3394 3395 3451 in
3424 3392 3774 3449 Christianos

2208 3491 2407 3547 habere
2431 3490 2679 3561 cmperit,
2701 3488 3156 3560 quemadmodum
3174 3489 3243 3544 ah
3259 3486 3496 3545 Eusebio
3512 3485 3569 3540 in
3598 3484 3775 3541 Chro-

2207 3585 2334 3640 nico
2355 3582 2635 3638 docemur.

2275 3673 2496 3730 Fabulis
2521 3688 2737 3744 quoque
2760 3680 2840 3730 est
2864 3670 3352 3735 annumerandum,
3376 3668 3520 3741 quod
3547 3668 3604 3724 in
3634 3668 3779 3723 actis

2207 3763 2330 3823 istis
2353 3765 2606 3830 refertur,
2633 3765 2774 3819 intra
2797 3764 2926 3819 anni
2967 3764 3131 3820 unius
3160 3762 3396 3833 spatium
3429 3760 3781 3831 septuaginta

2206 3856 2472 3915 ecclesias
2520 3856 2578 3911 in
2626 3855 2975 3911 Chersoneso
3028 3853 3281 3910 conditas
3325 3851 3517 3908 fuisse.
3585 3849 3781 3922 Neque

2208 3949 2352 4003 enim
2378 3948 2553 4003 inscio
2596 3946 2812 4003 Caesare
2858 3945 3105 4000 construi
3134 3944 3462 4015 potuissent.
3511 3940 3671 4007 Quod
3730 3941 3781 3997 si

2210 4038 2481 4108 Traianus
2509 4037 2564 4093 id
2619 4040 2898 4100 rescisset,
2940 4050 3065 4090 cum
3098 4034 3426 4091 Christianis
3470 4039 3618 4089 esset
3665 4031 3780 4088 ini-

2207 4134 2367 4204 quior
2390 4171 2419 4197 ,η
2449 4129 2597 4202 quod
2636 4146 2767 4186 sane
2802 4139 2922 4184 acta
2961 4129 3075 4184 haec
3106 4128 3323 4184 sincera
3351 4141 3474 4182 esse
3498 4124 3778 4180 afﬁrman-

2208 4232 2291 4280 tes
2316 4222 2590 4278 fateantur
2624 4237 2849 4277 necesse
2877 4230 2981 4285 est,
3014 4235 3109 4275 eas
3141 4227 3291 4275 tanto
3318 4233 3546 4273 numero
3596 4215 3778 4271 aedili-

2211 4316 2326 4371 cari
2357 4330 2556 4386 passus
2580 4330 2690 4369 non
2722 4314 2936 4369 fuisset.
2986 4312 3239 4396 Accedit,
3286 4319 3624 4380 compertum
3671 4324 3779 4367 nos

544 4400 656 4453 ictu
707 4398 998 4469 percussit,
1042 4408 1097 4454 et
1124 4398 1245 4454 fons
1274 4399 1417 4453 illico
1460 4397 1679 4453 exsiliit.
1711 4395 1818 4451 'Ad
1862 4395 2107 4450 miraculi

2214 4408 2434 4472 habere,
2463 4404 2806 4462 Christianos
2838 4405 2905 4459 ad
2936 4404 3079 4459 tertii
3110 4395 3321 4457 tantum
3342 4402 3526 4457 seculi
3555 4401 3778 4456 initium

544 4491 711 4561 hujus
737 4490 937 4545 famam
959 4498 1073 4546 tota
1102 4491 1380 4562 provincia
1411 4498 1751 4555 accurrente,
1783 4490 2109 4558 cunctisque

545 4584 612 4637 ad
656 4583 814 4639 ﬁdem
846 4583 1115 4639 traductis
1146 4591 1199 4639 et
1229 4584 1516 4653 baptizatis
1538 4582 1680 4637 intra
1709 4582 1838 4637 anni
1870 4581 2108 4652 spatium

546 4676 889 4747 septuaginta
934 4676 1181 4731 ecclesiae
1211 4685 1564 4741 constructas,
1600 4676 1740 4731 idola
1766 4674 1948 4729 omnia
1976 4688 2109 4728 con-

545 4766 758 4832 fracta,
820 4768 1018 4837 templa
1077 4767 1516 4836 circumjacentis
1593 4766 1831 4837 regionis
1890 4765 2105 4830 diruta,

543 4858 845 4931 omnesque
880 4859 987 4913 luci
1014 4874 1188 4930 usque
1242 4858 1309 4912 ad
1357 4866 1601 4914 trecenta
1630 4856 1885 4912 milliaria
1914 4856 1969 4911 in
1999 4857 2110 4910 cir-

544 4956 698 5011 cuitu
726 4957 936 5011 concisi
965 4955 1136 5011 fuere.
1192 4954 1465 5026 Trajanus
1493 4970 1644 5018 vero,
1682 4961 1741 5008 ut
1786 4961 1997 5009 tantum
2027 4952 2107 5008 rei

543 5045 871 5102 Christiana:
926 5061 1274 5117 progressum
1326 5046 1577 5108 sisteret,
1619 5044 1949 5100 Clementem
2010 5058 2109 5098 an-

543 5137 715 5191 chora
743 5137 809 5192 ad
856 5137 1055 5192 collum
1090 5132 1250 5206 ligata
1274 5134 1329 5189 in
1359 5150 1509 5189 mare
1535 5133 1775 5204 demergi
1807 5130 2108 5188 mandavit.

544 5230 614 5283 At
642 5229 779 5284 mari.
804 5244 978 5298 usque
1007 5226 1074 5281 ad
1105 5227 1284 5282 locum
1307 5266 1321 5290 ,
1346 5241 1457 5296 quo
1486 5223 1766 5280 Pontificis
1796 5239 1996 5293 corpus
2018 5223 2107 5293 ja-

544 5321 736 5385 cebat,
786 5321 1106 5385 recedente,
1156 5316 1289 5373 illud
1345 5319 1554 5372 tumulo
1599 5332 1764 5373 saxeo
1806 5316 1862 5371 in
1905 5315 2111 5386 templo

544 5412 779 5483 quodam
802 5427 1110 5468 marmoreo
1131 5410 1411 5466 conditum
1443 5408 1742 5465 Christiani
1764 5409 2105 5465 invenerunt.

618 5503 782 5559 Multa
802 5512 996 5572 autem
1027 5503 1415 5579 disquisitione
1434 5517 1585 5573 .opus
1636 5516 1745 5557 non
1775 5510 1857 5558 est
1878 5538 1894 5567 ,
1925 5499 1993 5555 ad
2024 5499 2107 5555 hi-

619 5666 728 5729 (3:5)
763 5664 878 5728 Din,
906 5664 1045 5716 libro
1068 5676 1257 5724 vam,
1288 5676 1409 5731 pag.
1439 5660 1558 5713 769.

2209 4499 2495 4565 ecclesias,
2539 4496 2607 4551 ad
2664 4512 2802 4570 quas
2843 4496 3021 4567 palam
3063 4493 3448 4557 convenirent,
3489 4491 3776 4548 habuisse.

2210 4588 2531 4644 Aufidianus
2588 4602 2812 4657 passes,
2866 4586 2961 4656 qui
3000 4583 3293 4653 a'l‘rajano
3349 4583 3416 4637 ad
3447 4580 3778 4637 Christianae

2212 4678 2429 4750 pietatis
2447 4686 2795 4748 augmentum
2827 4675 3224 4747 prohibendum
3264 4675 3321 4728 in
3364 4673 3776 4728 Chersonesum

2212 4773 2416 4830 missus
2447 4771 2637 4835 fertur,
2672 4771 2844 4827 solius
2901 4768 3077 4825 sancti
3105 4767 3404 4823 Clementis
3436 4773 3609 4822 morte
3637 4780 3774 4820 cou-

2212 4872 2397 4920 tentus
2419 4880 2529 4920 non
2562 4862 2773 4926 fuisset,
2804 4860 2900 4917 sed
2927 4876 3052 4915 eum
3076 4876 3178 4930 pro
3201 4875 3300 4915 sua
3332 4858 3388 4913 in
3409 4857 3540 4913 deos
3568 4857 3775 4927 pietate

2210 4972 2419 5027 suoque
2443 4956 2497 5010 in
2519 4955 2751 5011 Caesaris
2776 4953 2930 5023 jussa
2957 4952 3222 5021 obsequio
3249 4949 3683 5021 quamplurimas
3703 4964 3773 5003 ex

2211 5048 2507 5103 rebellibus
2536 5046 2647 5101 illis
2674 5044 2906 5101 Caesaris
2955 5042 3230 5098 mandatis
3261 5056 3455 5113 parere
3487 5040 3771 5094 renuenti-

2210 5141 2333 5204 bus,
2365 5139 2743 5209 idolorumque
2784 5137 2971 5192 cultus
2994 5134 3267 5199 hostibus,
3306 5133 3541 5204 plectere
3582 5132 3773 5202 utique

2207 5230 2503 5285 debuisset.

2280 5320 2435 5388 Quod
2472 5320 2539 5375 de
2570 5318 2801 5374 mirifico
2832 5318 2926 5373 illo
2965 5316 3114 5372 fonte
3141 5324 3259 5371 acta
3293 5314 3397 5371 ista
3438 5316 3765 5379 memorant,

2207 5413 2302 5485 qui
2329 5412 2394 5466 ad
2420 5411 2595 5467 sancti
2633 5410 2931 5467 Clementis
2958 5426 3149 5481 preces
3198 5409 3494 5473 emanavit,
3542 5389 3765 5479 praeter-

2207 5503 2446 5561 eundum
2476 5501 2634 5559 nobis
2654 5517 2775 5559 esse
2795 5517 3121 5568 censemus;
3152 5500 3380 5573 singula
3397 5499 3543 5557 enim
3569 5515 3765 5555 narra-
