4070 6340
273 262 385 319 1τὸ

1490 262 1825 321 ΡΒΟἝΜΙΑ
1861 262 2243 323 VABIORUM.

3400 266 3497 321 ιπι

272 378 440 432 tionis
464 374 628 446 hujus
662 382 845 449 partes
901 392 960 433 se
992 376 1140 448 ipsas
1188 375 1445 434 falsitatis
1506 385 1827 449 coarguunt.
1859 381 1905 439 Α
1931 375 2191 433 Clementi
2214 388 2371 429 sacra
2392 372 2459 427 ad
2478 374 2581 427 tria
2597 372 2763 428 millia
2779 388 3038 445 passuum
3058 374 3311 430 recedere
3326 377 3349 430 τ
3366 376 3499 444 Qui-

269 468 414 524 ldem
447 470 792 523 sentiendum
818 469 996 525 estde
1024 470 1115 534 iis,
1156 484 1275 540 quae
1308 476 1428 523 acta
1462 469 1563 525 ista
1603 468 1829 535 addunt,

266 574 394 614 cum
419 560 673 630 discipuli
704 561 895 631 paucis
922 567 1045 631 post
1076 561 1252 616 sancti
1308 560 1601 616 Clementis
1630 568 1834 632 marty-

266 652 413 704 rium
443 650 632 705 diebus
665 650 732 704 ad
766 651 967 715 locum,
998 665 1107 721 quo
1141 652 1231 705 ille
1251 651 1307 706 in
1353 665 1522 721 aquas
1551 651 1834 707 demersus

266 743 469 808 fuerat,
497 744 884 809 accessissent,
924 745 1101 801 tribus
1138 745 1347 801 scilicet
1368 760 1399 798 a
1429 744 1615 799 littore
1636 744 1835 799 millia-

264 835 420 889 ribus
446 849 597 889 mare
626 836 951 901 recessisse,
1008 843 1171 907 atque
1226 851 1320 891 eos
1363 836 1537 891 sancti
1579 836 1835 907 martyris

263 927 525 1013 reliquias
574 929 788 983 tumulo
838 930 1052 999 lapideo
1103 930 1351 985 conditas
1408 931 1463 984 in
1526 944 1835 987 marmoreo

264 1018 467 1088 templo
497 1018 794 1073 invenisse.
827 1019 931 1085 Qui
960 1020 1103 1074 enim
1136 1019 1251 1074 fieri
1282 1027 1491 1090 posset,
1514 1026 1571 1073 ut
1596 1035 1683 1074 res
1699 1019 1835 1075 adeo

269 1108 606 1165 admirandae
660 1110 927 1165 universae
960 1110 1270 1181 antiquitati
1304 1111 1524 1180 ignotae,
1574 1118 1737 1181 atque
1766 1111 1836 1166 ab

268 1200 521 1256 omnibus
572 1201 959 1257 ecclesiasticae
1023 1202 1266 1257 historiae
1333 1201 1697 1273 scriptoribus
1754 1202 1836 1255 al-

267 1292 478 1347 tissimo
531 1292 750 1348 silentio
799 1293 1023 1363 sepultae
1076 1292 1320 1348 fuerint?
1351 1292 1493 1347 haud
1545 1292 1838 1348 difiitemur

266 1382 505 1455 quidem,
538 1385 660 1455 ejus
691 1386 772 1439 rei
797 1386 852 1439 in
881 1386 1145 1456 opusculo
1167 1385 1403 1456 quodam
1438 1385 1553 1456 (56)
1576 1384 1834 1457 Ephraim

266 1476 558 1532 Cbersonis
586 1477 841 1547 episcopo
870 1478 1075 1533 tributo
1100 1477 1433 1534 mentionem
1466 1478 1610 1533 fieri:
1644 1493 1832 1533 verum

265 1568 527 1636 scriptum
545 1568 680 1622 illud
703 1568 922 1624 levioris
940 1568 1199 1639 ponderis
1219 1584 1341 1626 esse
1356 1570 1591 1625 videtur.
1614 1569 1689 1623 Ex
1715 1571 1834 1640 ipso

264 1660 408 1715 enim
474 1659 619 1731 stle
676 1660 1092 1731 dignoscimus,
1137 1662 1272 1717 illud
1313 1660 1485 1717 Graaci
1548 1662 1831 1731 cujusdam

1932 468 2035 524 bus
2067 466 2307 523 universi
2359 480 2677 537 reposuere,
2710 467 2825 523 haec
2852 467 2956 523 sibi
2982 466 3251 524 hactenus
3289 468 3499 525 incom-

1932 571 2087 635 perta
2118 561 2289 619 fuisse
2327 560 2462 634 (57).

2004 654 2301 712 Obscurior
2327 663 2607 725 praeterea,
2632 661 2729 707 aut
2755 652 2938 723 potius
2976 660 3237 723 tanquam
3266 668 3498 726 apocry-

1934 748 2042 821 pha
2068 755 2124 803 et
2152 747 2525 803 commentitia
2564 762 2597 801 a
2636 745 2701 804 Ι).
2731 744 2981 817 Gregorii
3010 743 3080 800 Μ.
3118 760 3294 823 usque
3337 754 3499 816 aetate

1934 842 2163 900 historia
2190 842 2306 897 haec
2330 841 2515 895 habita
2554 838 2690 907 fuit;
2720 853 2846 893 cum
2878 846 3069 894 sancto
3111 836 3340 908 Eulogio
3381 838 3501 909 epi-

1935 950 2103 1005 scopo
2162 932 2529 989 Alexandrino
2604 940 2904 1002 martyrum
2956 938 3077 986 acta
3134 930 3204 983 ab
3264 928 3500 985 Eusebio

1934 1022 2266 1079 Caasareensi
2298 1022 2524 1075 collecta
2547 1020 2819 1090 expetenti
2848 1018 3097 1074 Pontifex
3123 1018 3211 1073 ille
3236 1017 3495 1073 doctissi-

1933 1130 2056 1169 mus
2101 1112 2482 1184 responderit:
2516 1130 2533 1162 ι
2561 1110 2766 1166 Praeter
2806 1110 2924 1175 illa,
2973 1124 3094 1180 qua:
3144 1109 3200 1162 in
3252 1108 3495 1178 ejusdem

1935 1205 2152 1265 Eusebii
2182 1204 2336 1258 libris
2364 1203 2431 1258 de
2461 1202 2642 1258 Gestis
2674 1209 2988 1257 sanctorum
3027 1209 3325 1271 martyrum
3357 1217 3493 1255 con-

1933 1292 2196 1354 tinentur,
2227 1292 2375 1345 nulla
2404 1292 2460 1346 in
2490 1291 2728 1346 Archivo
2784 1291 2949 1360 hujus
2999 1298 3202 1345 nostra.
3240 1289 3498 1346 Ecclesia:

1934 1384 2018 1439 vel
2050 1384 2105 1438 in
2156 1382 2415 1439 Romana:
2464 1382 2617 1438 urbis
2669 1381 3019 1438 bibliothecis
3065 1397 3190 1437 esse
3244 1382 3497 1451 cognovi,

1936 1475 2039 1530 nisi
2070 1489 2243 1545 pauca
2267 1475 2518 1545 quaedam
2551 1474 2606 1529 in
2638 1474 2803 1530 unius
2831 1474 3042 1528 codicis
3081 1474 3357 1529 volumine
3382 1475 3499 1527 col-

1934 1568 2094 1623 lecta.
2116 1566 2226 1623 Nos
2249 1574 2427 1621 autem
2458 1581 2609 1640 paene
2632 1567 2874 1620 omnium
2902 1574 3196 1637 martyrum
3223 1564 3499 1621 distinctis

1935 1674 2033 1728 per
2060 1658 2177 1715 dies
2210 1659 2457 1729 singulos
2485 1657 2837 1728 passionibus
2869 1656 3099 1712 collecta
3143 1656 3197 1709 in
3253 1670 3364 1710 uno
3405 1670 3500 1709 co-

266 1748 429 1803 medii
476 1750 579 1804 aevi
608 1764 746 1820 opus
776 1766 919 1807 esse.
978 1750 1241 1807 Eumdem
1271 1767 1445 1823 atque,
1492 1766 1556 1808 ac
1584 1760 1829 1807 actorum
1863 1742 1904 1798 Β
1933 1749 2054 1806 dice
2085 1751 2305 1805 nomina
2341 1751 2630 1814 habemus,
2663 1757 2827 1821 atque
2853 1748 3195 1820 quotidianis
3220 1748 3413 1803 diebus
3441 1748 3521 1803 in’

264 1842 508 1912 martyrii
525 1842 704 1897 sancti
722 1842 1019 1899 Clementis
1040 1852 1319 1899 auctorem
1343 1843 1557 1900 fabellis
1569 1844 1832 1900 delectari

265 1932 385 1987 inde
413 1933 794 2004 intelligimus,
825 1934 971 2005 quod
1000 1934 1213 2006 singula
1248 1935 1319 1991 ab
1367 1952 1433 1991 eo
1466 1936 1637 1991 relata
1682 1952 1713 1991 a
1741 1953 1834 1993 ve-

263 2025 363 2081 teri
386 2026 625 2097 quodam
647 2026 908 2096 episcopo
938 2025 1303 2083 Constantino
1334 2029 1606 2099 appellato
1625 2068 1639 2093 ,
1671 2028 1832 2099 cujus

264 2126 391 2172 acta
420 2134 454 2171 a
474 2116 732 2172 Bollando
780 2116 924 2172 edita
955 2126 1114 2185 sunt,
1142 2117 1269 2173 falsi
1302 2118 1727 2189 redarguantur.
1780 2120 1833 2176 is

262 2210 414 2266 enim
455 2225 576 2265 cum
618 2210 767 2264 circa
800 2222 1003 2263 annum
1037 2209 1142 2266 850
1183 2208 1524 2265 Chersonem
1551 2209 1829 2281 profectus

261 2311 436 2367 esset,
458 2302 665 2357 incolas
697 2302 986 2371 diligenter
1021 2300 1334 2356 sciscitatus
1354 2308 1458 2364 est,
1483 2310 1831 2358 constaretne

264 2392 389 2456 sibi,
408 2390 532 2463 quae
561 2390 863 2455 ferebatur,
899 2389 1065 2455 fama,
1096 2391 1275 2446 sancti
1306 2389 1606 2447 Clementis
1630 2408 1831 2462 corpus

261 2492 571 2540 marmoreo
593 2490 949 2539 monumento
992 2483 1048 2538 in
1093 2485 1297 2555 templo
1344 2486 1413 2540 ab
1442 2485 1650 2555 angelis
1698 2500 1832 2540 con-

262 2574 375 2631 dito
406 2584 689 2648 repertum
722 2579 911 2643 fuisse,
941 2584 997 2633 et
1038 2592 1191 2634 mare
1222 2578 1517 2650 quotannis
1535 2578 1623 2633 die
1637 2584 1826 2633 sancto

1936 1856 2125 1896 eorum
2176 1844 2523 1898 veneratione
2582 1841 2870 1898 Missarum
2934 1840 3199 1897 solemnia
3267 1840 3495 1911 agimus.

1934 1930 2054 1987 Non
2099 1943 2281 1989 tamen
2328 1936 2384 1989 in
2413 1933 2603 1991 eodem
2648 1933 2948 1997 volumine,
2977 1932 3126 2003 quis,
3159 1931 3394 2003 qualiter
3418 1932 3493 1988 sit

1936 2040 2132 2096 passus
2162 2024 2455 2091 indicatur,
2487 2024 2583 2080 sed
2632 2021 3011 2079 tantummodo
3069 2038 3291 2086 nomen,
3323 2022 3498 2089 locus,

1934 2124 1989 2171 et
2021 2116 2138 2171 dies
2160 2116 2431 2187 passionis
2464 2116 2706 2187 ponitur.
2745 2135 2763 2169 ι
2804 2114 2928 2170 lich
2952 2128 3086 2170 sane
3112 2121 3338 2170 sanctus
3366 2110 3503 2167 Gre-

1939 2208 2126 2279 gorius
2176 2208 2288 2279 (58)
2337 2208 2646 2279 scripturus
2699 2224 2808 2263 non
2870 2206 3084 2270 fuisset,
3115 2206 3161 2261 si
3206 2216 3350 2269 acta,
3380 2220 3502 2275 qua!

1934 2301 2097 2357 hodie
2132 2301 2236 2357 sub
2265 2302 2437 2357 sancti
2468 2301 2765 2357 Clementis
2795 2299 3016 2354 nomine
3051 2305 3291 2361 exstant,
3316 2298 3501 2354 novis—

1938 2404 2038 2460 set,
2070 2394 2165 2449 ubi
2194 2410 2304 2448 non
2335 2392 2455 2449 dies
2487 2393 2651 2449 modo
2681 2402 2735 2449 et
2764 2393 2923 2449 locus
2957 2390 3234 2462 passionis
3264 2390 3384 2460 ejus
3429 2390 3505 2445 le-

1938 2487 2105 2558 gitur,
2134 2484 2229 2541 sed
2259 2485 2543 2556 complura
2574 2485 2702 2551 alia,
2736 2501 2857 2556 qua:
2908 2487 3057 2541 circa
3114 2484 3235 2555 ejus
3269 2492 3499 2539 mortem

1938 2594 2187 2644 evenere,
2221 2579 2537 2651 singillatim
2567 2578 2971 2635 describuntur.

1580 2903 1959 2995 CAPUT
2061 2908 2179 2997 V.

1261 3093 1675 3157 DOCTRINA
1709 3096 1991 3158 SANCTI
2026 3096 2513 3159 CLEMENTIS.’

1838 3265 1901 3276 ...-

822 3360 1217 3419 ARTICULUS
1245 3362 1286 3420 l.

266 3469 714 3513 οιςειητιοηε
738 3469 1059 3510 DOGIATICA-Z
1078 3472 1130 3509 ιη
1150 3471 1259 3509 DIVI
1298 3469 1597 3511 CLEIBNTIS
1631 3470 1834 3510 ιιοκΑΜ

738 3541 1025 3581 εριετοιλε
1060 3541 1341 3582 GENUINAS.

469 3638 503 3711 ᾗ
538 3638 579 3695 l.
614 3638 695 3695 De
727 3648 913 3694 sancta
941 3638 1215 3709 Scriptura
1235 3646 1285 3692 et
1317 3636 1622 3693 traditione.

325 3730 405 3786 Ex
436 3734 623 3802 prima
660 3730 769 3787 divi
805 3732 1101 3787 Clementis
1156 3731 1225 3786 ad
1264 3730 1578 3785 Corinthios
1608 3730 1836 3801 epistola

262 3826 621 3882 utilissimum
671 3825 914 3880 eruimus
963 3826 1016 3879 in
1065 3824 1303 3879 favorem
1325 3835 1605 3879 sacrarum
1635 3824 1837 3878 littera-

261 3933 377 3972 rum
436 3919 858 3986 testimonium;
895 3917 995 3974 has
1045 3918 1317 3988 siquidem
1369 3916 1607 3987 Spiritus
1654 3917 1828 3971 sancti

261 4012 482 4068 oracula
507 4019 704 4067 vocat:
730 4010 1042 4081 Diligenter,
1064 4012 1261 4081 legitur
1283 4010 1379 4075 ibi,
1417 4010 1658 4079 inspicite
1690 4008 1837 4063 Scri-

261 4115 469 4172 pturas.
503 4102 743 4173 Spiritus
790 4104 963 4155 sancti
1010 4119 1132 4156 vera
1187 4102 1404 4157 oracula
1434 4116 1453 4154 :
1481 4102 1591 4165 Τὰς
1621 4099 1837 4171 ἀληθεῖς

265 4196 449 4263 ptest;
482 4192 800 4263 Πνεῦματος
817 4191 909 4245 τοῦ
941 4192 1095 4261 ἁγίου
1127 4192 1261 4263 (59).
1287 4192 1375 4245 Ait
1400 4190 1565 4247 etiam
1612 4201 1837 4246 sanctus

261 4283 553 4341 Pontifex:
589 4284 776 4338 Nostis
818 4285 980 4347 enim,
1010 4293 1061 4338 et
1107 4283 1267 4353 probe
1319 4284 1486 4338 nostis
1533 4281 1835 4351 Scripturas

261 4394 469 4439 sacras,
506 4376 729 4439 dilecti,
790 4385 837 4429 et
886 4376 1088 4443 penitus
1138 4377 1194 4429 in
1251 4374 1429 4430 divina
1485 4376 1713 4447 eloquia,
1756 4374 1837 4428 Τὰ

262 4468 415 4537 λόγια
463 4468 561 4520 τοῦ
610 4467 766 4531 Θεοῦ,
803 4468 1210 4537 introspexistis.
1243 4466 1383 4533 Quid
1424 4470 1602 4538 aptius
1631 4466 1697 4520 ad
1733 4464 1832 4521 SS.

266 4558 675 4632 Scripturarum
714 4575 836 4615 cum
871 4560 1279 4630 inspirationem
1300 4600 1317 4624 ,
1352 4568 1465 4613 tum
1495 4558 1834 4614 divinitatem

265 4652 731 4722 comprobandam
753 4649 992 4722 proferri
1021 4650 1240 4721 potest?
1266 4648 1383 4705 Non
1431 4649 1606 4705 solum
1653 4656 1835 4703 autem

1860 3365 1904 3426 C
1939 3380 2079 3427 mus,
2125 3363 2221 3420 sed
2268 3363 2516 3420 eumdem
2576 3371 2828 3418 sanctum
2880 3361 3188 3435 pontificem
3240 3369 3499 3433 tanquam

1936 3465 2127 3513 testem
2177 3472 2286 3512 non
2342 3454 2802 3511 contemnendum
2855 3454 3167 3524 apostolica:
3185 3450 3502 3525 Evangelio~

1935 3564 2057 3603 rum
2087 3548 2316 3619 originis
2339 3562 2464 3601 cum
2494 3547 2618 3602 viro
2659 3546 2984 3603 doctissimo
3013 3544 3126 3617 (60)
3149 3557 3339 3600 contra
3370 3544 3502 3601 Fre—

1938 3647 2117 3695 retum
2148 3639 2259 3711 (61)
2295 3640 2350 3693 in
2391 3638 2565 3695 aciem
2592 3637 2975 3710 producimus;
3008 3638 3062 3691 in
3094 3646 3325 3709 utraque
3354 3640 3499 3693 enim

1934 3748 2033 3790 sua
2076 3731 2306 3804 epistola
2338 3731 2520 3787 verbis
2565 3732 3022 3803 evangelistarum
3056 3733 3367 3801 frequenter
3395 3733 3503 3786 uti-

1934 3832 2045 3881 tur.
2075 3823 2332 3890 Quinimo
2367 3839 2435 3878 ex
2479 3823 2653 3894 ipsius
2696 3822 2917 3893 scriptis
2954 3821 3331 3877 demonstrare
3364 3837 3502 3891 pos-

1936 3932 2126 3972 sumus
2142 3923 2331 3971 contra
2359 3915 2616 3986 antiquos
2638 3921 2691 3969 et
2719 3912 3055 3968 recentiores
3076 3912 3499 3971 bibliomacbos.

1935 4023 2045 4061 non
2076 4022 2280 4077 paucos
2311 4017 2514 4063 sanctae
2546 4005 2846 4078 Scriptura;
2871 4006 3043 4062 libros
3088 4005 3291 4061 habere
3313 4014 3505 4060 aucto-

1935 4101 2152 4155 ritatem
2178 4100 2524 4156 canonicam.
2557 4098 2838 4169 Siquidem
2869 4099 2945 4152 ait
2979 4097 3282 4165 :Prwcipue
3312 4114 3505 4151 inemo-

1938 4208 2020 4246 res
2052 4208 2348 4246 sermonum
2374 4190 2587 4244 Domini
2612 4191 2765 4253 Jesu,
2789 4206 2918 4259 quos
2952 4189 3156 4242 locutus
3203 4196 3279 4241 est
3313 4186 3503 4239 docens

1936 4284 2391 4339 mansuetudinem
2435 4293 2485 4338 et
2515 4283 2978 4355 a’quanimitatem.
3014 4280 3102 4335 Sic
3151 4282 3288 4334 enim
3318 4279 3452 4331 dixit
3482 4296 3504 4334 :

1943 4396 1961 4427 ε
1993 4375 2175 4431 Estote
2212 4374 2594 4437 misericordes,
2642 4383 2699 4426 ut
2750 4371 3170 4426 misericordiam
3228 4385 3511 4439 consequa-

1939 4468 2105 4531 ntini;
2135 4466 2406 4530 dimittite,
2440 4474 2499 4519 ut
2530 4465 2833 4519 dimittatur
2868 4462 3008 4517 vobis
3038 4461 3171 4531 (62).
3200 4480 3217 4513 ι
3263 4460 3304 4513 Ε
3350 4460 3509 4516 libris

1938 4559 2221 4615 canonicis
2256 4558 2324 4613 ad
2352 4557 2643 4631 Evangelia
2676 4556 2910 4611 Matthaai
2940 4570 3004 4609 ac
3036 4554 3195 4608 Luca:
3235 4553 3502 4623 respexit.

1938 4654 2004 4711 Et
2030 4655 2160 4711 dum
2189 4653 2318 4709 dicit
2348 4653 2527 4723 capite
2548 4650 2791 4708 secundo
2833 4648 3033 4720 prioris
3065 4645 3309 4716 epistola:
3336 4664 3347 4699 :
3378 4643 3504 4699 0m-

270 4743 367 4798 SS.
387 4715 700 4799 litterarum
719 4715 1057 4800 divinitatem
1074 4758 1141 4799 ex
1161 4742 1287 4797 (ἰίνο
1304 4740 1581 4797 Clemente
1603 4739 1837 4797 ostendi-
1866 4715 1912 4773 Β
1942 4765 2031 4803 ne;
2061 4756 2237 4802 autem
2290 4715 2481 4801 humili
2526 4745 2703 4798 animo
2734 4715 2939 4811 “cra-(is,
2981 4715 3285 4794 ηυιιξιιεηιη
3324 4752 3509 4805 ευμεν.

340 4921 451 4985 (56)
486 4921 645 4976 Tom.
677 4921 696 4974 Ι
726 4920 961 4991 Operum
991 4920 1267 4984 Cotelerii,
1303 4936 1425 4991 pag.
1457 4918 1580 4991 8_l5.

266 4993 454 5114 ι,(1617)
504 4992 640 5046 Acta
686 4988 858 5046 sancti
912 4990 1247 5046 Constantini
1278 4988 1421 5061 apud
1472 4988 1743 5054 Bolland.,
1797 4990 1831 5045 9

318 5078 346 5113 a
407 5080 467 5114 ιι.

318 5064 467 5117 artii.

337 5134 453 5197 (58)
480 5131 537 5186 S.
571 5130 799 5201 Cregor.
834 5132 927 5192 Μ..
960 5133 1055 5187 lib.
1076 5146 1173 5186 vm
1200 5129 1827 5202 Epistol.,indictionel,

268 5203 500 5271 epistola
532 5202 624 5263 9.9,
654 5203 736 5255 Ad
760 5202 1041 5269 Eulogium
1068 5201 1360 5257 Alexandr.

269 5274 458 5397 ⁸⁵(59)
491 5274 549 5328 S.
597 5273 850 5329 Clemens
880 5274 1061 5338 Rom.,
1097 5289 1183 5344 ep.
1220 5273 1245 5327 l
1292 5272 1358 5327 ad
1400 5271 1675 5338 Corintb.,
1704 5287 1825 5343 cap.

346 5412 462 5482 (60)
490 5412 813 5469 Vincentius
868 5413 1150 5469 Fassinius
1200 5414 1253 5466 in
1284 5412 1425 5466 libro
1456 5413 1718 5482 singulari
1749 5412 1845 5466 ad-

274 5499 469 5554 versus
492 5482 771 5538 Freretum
798 5484 871 5539 De
885 5485 1177 5547 apostolica
1196 5482 1600 5554 Evangeliorum
1622 5484 1841 5554 origine,

278 5550 499 5606 Liburni
532 5554 682 5607 edito
709 5554 865 5619 i775,
891 5556 1050 5609 iii—4'.

349 5622 469 5697 (61)Δ
500 5623 801 5697 L‘lfxamen
832 5628 1051 5696 critique
1082 5626 1169 5680 des
1200 5625 1512 5697 npologistes
1539 5624 1601 5680 de
1631 5624 1683 5679 la
1720 5625 1840 5679 reli-

279 5709 399 5753 vIon
420 5695 735 5753 chreticnne.

2010 4922 2121 4994 (62)
2152 4921 2218 4977 D.
2254 4920 2545 4994 Clemens,_
2571 4935 2670 4994 ep._
2703 4919 2729 4973 l
2766 4917 2833 4973 ad
2871 4916 3001 4994 Cor.
3027 4930 3211 4994 ,_cap_._
3232 4915 3299 4969 t5
3320 4934 3345 4994 ε
3389 4914 3511 4994 Μεί-

1936 4983 2453 5078 λιεὲτὼμεμνημένοι
2480 4990 2587 5044 τῶν
2604 4983 2786 5059 ’λόγων
2805 4986 2898 5042 τοῦ
2929 4987 3133 5059 Κυρίου
3150 4983 3347 5055 ³1ησοῦ
3368 5023 3382 5045 ,
3413 4983 3510 5047 οὓς

1939 5064 1981 5078 ιε
2011 5065 2048 5078 οι
2246 5065 2269 5078 κ
2473 5063 2486 5076 ε
2599 5062 2611 5078 1
2854 5061 2867 5078 \
2913 5056 3283 5078 _,__4A_-n,._-!._x.
3326 5052 3510 5078 ΛΗ--.Δ

1935 5052 2162 5134 ὲλάληᾷε
2192 5052 2453 5134 διδᾶὲκων
2471 5052 2765 5134 ὲπιξίκείᾳν
2785 5061 2877 5134 ita}
2908 5052 3304 5134 μαξίρφθυμίέν.
3326 5052 3513 5134 ῼῦτῳξ

1935 5133 2044 5207 γὰρ
2075 5124 2243 5207 ἑῐπεν·
2282 5133 2536 5207 Ἑλι-ῖιεῖτεζ
2561 5132 2647 5185 ἵνα
2674 5124 2951 5207 ἑλεηθῇτέ,
2980 5124 3185 5207 sane.
3218 5126 3303 5207 ’ςνα
3323 5124 3510 5207 ἐφεθῇ

1938 5195 2084 5274 ὗμῖνσ
2120 5205 2196 5268 ὼς
2226 5207 2449 5266 ποιεῖτε,
2480 5202 2623 5256 οὕτω
2653 5195 3006 5274 ποιηθᾼήὸεται
3031 5195 3182 5274 υμῖν·
3216 5195 3508 5274 ὠςᾼᾷίδοτεέ

1935 5265 2077 5330 οὕτω
2123 5265 2405 5346 δοθήσεται
2440 5265 2591 5346 νύμίυι
2624 5274 2713 5346 ὠςμ
2729 5265 2961 5342 κρίυετε,
2997 5265 3164 5346 eiii-3
3190 5265 3510 5346 κριθήςεῖειι

1951 5349 2101 5436 ξμῑνί
2132 5346 2207 5409 ὼς
2232 5336 2630 5436 ἀρηστεύέσθει,
2658 5336 2839 5429 οὖτρς.
2865 5336 3329 5436 χρηστειέρίλσέται
3358 5336 3508 5436 ξμξνο

1947 5407 2001 5487 ᾤ’
2039 5407 2508 5540 μέτίῴᾜιέτρεῖτε
2529 5454 2544 5476 ,
2591 5416 2649 5467 ὲν
2701 5407 3302 5483 αὐτῷ”μὲτρηθήάεται
3358 5407 3507 5477 ὑμῖν.

1946 5490 2111 5561 Conf.
2177 5501 2265 5541 uc.
2295 5504 2369 5550 vi,
2396 5485 2487 5561 56-,
2510 5485 2578 5540 38
2599 5502 2613 5549 ;
2638 5492 2691 5537 et
2721 5479 2908 5561 Matth.
2935 5496 3030 5543 vu.
3144 5478 3321 5561 Taceo
3351 5478 3508 5561 plura

1946 5561 2051 5614 alia
2100 5559 2240 5619 loca,
2291 5548 2411 5629 quae
2459 5548 2514 5610 in
2568 5548 2806 5629 secunda
2840 5549 3145 5610 Clementis
3182 5548 3410 5621 cpistola
3439 5561 3507 5602 ex

1944 5630 2293 5701 evangelistis
2309 5624 2492 5685 'relata
2516 5624 2947 5697 conspiciuntur.
