4070 6340
272 304 374 360 I51

1502 294 1837 353 PROCEMIA
1875 291 2262 351 VARIORUM.

3395 290 3489 345 I58

266 419 336 475 tri
363 414 623 487 Epistolas
655 411 958 471 sententias
989 426 1098 467 non
1147 425 1277 468 raro
1328 410 1601 478 imitatur;
1638 410 1827 482 prima:
1855 412 1900 471 Α
1926 409 2062 479 ejus,
2093 410 2229 465 dixit
2260 407 2433 466 :Cum
2462 407 2566 463 duo
2608 416 2761 463 erunt
2791 423 2973 471 unum,
3000 415 3053 461 et
3076 405 3217 478 quod
3248 405 3402 477 foris,
3433 416 3492 462 ut

265 508 505 581 quidem,
536 522 663 561 cum
707 505 886 576 inquit
912 520 925 557 :
956 503 1202 559 Charitas
1231 505 1395 575 operit
1442 502 1826 558 multitudinem

266 608 594 668 peccatorum
615 594 761 665 (77);
785 602 873 650 et:
911 591 1273 664 Unusquisque
1311 592 1625 662 subjiciatur
1649 592 1829 661 proxi-

269 706 352 741 mo
380 686 621 756 suo(78).
658 684 848 739 Omnes
877 685 1062 739 humili
1088 694 1260 739 autem
1288 685 1462 738 animo
1487 686 1669 750 eratis,
1704 684 1827 738 nul-

268 782 470 833 latenus
498 778 875 846 superbientes,
907 778 1074 846 magis
1098 777 1337 846 subjecti,
1364 793 1523 847 quam
1547 776 1829 845 subjicien-

266 884 339 924 tes
377 870 518 939 (79).
554 870 821 924 Secunda:
854 883 982 923 vero
1011 868 1137 923 dum
1174 871 1366 926 scribit
1394 889 1407 925 :
1444 868 1560 924 Noe
1580 870 1829 940 paeniten—

265 965 390 1017 tiam
420 962 730 1030 pradicavit
747 977 767 1025 ;
801 970 851 1015 et
877 962 966 1031 qui
987 961 1307 1024 obedierunt,
1326 964 1519 1017 servati
1547 971 1668 1016 sunt
1693 961 1826 1033 (80).

267 1055 491 1124 Propter
535 1054 951 1123 hospitalitatem
980 1062 1030 1108 et
1069 1055 1313 1123 pietatem
1368 1054 1469 1111 Lat
1510 1073 1538 1110 e
1586 1054 1830 1130 Sodomis

266 1146 437 1199 saltus
470 1146 656 1209 evasit,
690 1160 808 1197 cum
864 1152 977 1197 tota
1024 1144 1163 1213 regio
1195 1146 1569 1215 circumjacens
1624 1146 1740 1215 igne
1783 1154 1832 1198 et

268 1238 512 1305 sulphure
552 1238 807 1292 damnata
836 1245 988 1291 esset.
1020 1235 1211 1290 Palam
1239 1236 1360 1307 fecit
1386 1236 1546 1301 Deus,
1565 1236 1701 1307 quod
1726 1252 1835 1307 spe-

269 1341 437 1385 rantes
458 1333 512 1384 in
540 1348 596 1385 se
618 1348 720 1384 non
756 1330 1088 1401 derelinquit,
1123 1347 1210 1385 eos
1234 1347 1371 1395 vero,
1403 1332 1492 1401 qui
1540 1331 1594 1384 in
1632 1339 1835 1383 contra-

268 1426 341 1479 ria
369 1423 668 1487 declinant,
702 1425 973 1493 punitione
1002 1440 1064 1477 ac
1088 1423 1341 1492 supplicio
1372 1423 1529 1493 afﬁcit
1571 1421 1706 1494 (81).

330 1515 426 1571 Ha:
460 1524 642 1569 autem
687 1515 1041 1585 allegationes
1073 1514 1182 1569 divi
1214 1512 1514 1569 Clementis
1556 1528 1623 1567 eo
1656 1513 1834 1583 majus

268 1609 469 1664 habere
503 1608 664 1662 nobis
697 1607 953 1663 videntur
984 1605 1217 1677 pondus,
1254 1605 1399 1676 quod
1436 1606 1490 1660 in
1523 1605 1699 1676 prima
1735 1620 1835 1662 sua

270 1700 497 1771 epistola
530 1699 740 1752 nullum
771 1696 1138 1768 apocryphum
1168 1712 1307 1766 Opus
1338 1705 1639 1761 memoret;
1682 1697 1835 1749 locus

270 1792 411 1846 enim
455 1790 549 1844 ille
591 1788 789 1858 capitis
834 1787 1084 1842 vicesimi
1133 1787 1281 1840 tertii
1323 1784 1525 1857 (miseri
1581 1795 1722 1847 sunt,
1750 1784 1839 1854 qui

268 1884 444 1937 animo
472 1888 595 1934 sunt
611 1876 864 1949 duplices)
885 1892 1251 1947 nequaquam,
1278 1883 1337 1929 ut
1359 1875 1591 1929 Grahius
1618 1874 1727 1946 (82)
1752 1889 1840 1927 ar-

270 1977 501 2030 bitratus
556 1978 675 2034 est,
744 1986 776 2024 e
831 1969 1101 2039 scriptura
1161 1968 1469 2039 apocrypha
1520 1966 1840 2036 desumptus

269 2076 378 2129 est,
430 2065 548 2128 sed,
584 2070 642 2117 ut
672 2064 812 2118 bene
861 2061 1072 2115 notavit
1113 2058 1431 2115 Gallandius
1475 2060 1609 2131 (85),
1638 2060 1840 2114 ibidem

274 2158 339 2214 ι),
365 2157 613 2212 Pontifex
665 2154 856 2210 alludit
902 2154 970 2209 ad
1016 2168 1235 2208 versum
1292 2160 1542 2208 octavum
1579 2152 1775 2224 capitis
1822 2167 1840 2206 ι

270 2251 533 2323 Epistula:
558 2250 667 2305 divi
710 2247 921 2310 Jacobi,
968 2257 1130 2317 atque
1175 2246 1244 2301 ad
1286 2262 1481 2301 versus
1525 2245 1744 2300 tertium
1778 2261 1841 2300 ac

268 2351 526 2415 quartum
556 2341 752 2412 capitis
774 2339 1107 2395 msecundae
1138 2337 1201 2393 Ι).
1221 2337 1367 2393 Petri
1387 2338 1659 2409 Epistolas.

338 2433 399 2489 In
430 2435 602 2488 altera
642 2432 862 2502 quidem
901 2432 1080 2485 sancti
1103 2430 1407 2485 Clementis
1438 2430 1505 2484 ad
1530 2428 1842 2485 Corinthios

270 2523 512 2596 Epistola
546 2522 817 2594 duplicem
849 2520 1315 2576 oﬂ'enduntcntici
1342 2520 1521 2575 locum
1547 2535 1612 2575 ex
1637 2521 1843 2592 scripto

271 2616 587 2687 apocrypho
653 2614 944 2683 prolatum.
1015 2610 1235 2665 Primus
1287 2612 1367 2665 sic
1418 2626 1477 2666 se
1516 2610 1719 2679 habet;
1770 2614 1844 2665 ait

270 2712 471 2780 quippe
499 2708 763 2762 Dominus
803 2706 858 2759 in
890 2704 1223 2775 Evangel‘io:
1252 2703 1315 2758 Si
1353 2720 1570 2773 parvum
1599 2721 1702 2758 non
1734 2720 1846 2758 ser-

271 2803 457 2866 castis,
482 2801 602 2870 quis
631 2813 877 2867 magnum
919 2795 1066 2848 dabit
1095 2795 1276 2850 vobis?
1325 2794 1441 2849 dico
1482 2796 1639 2849 enim'
1663 2795 1844 2851 vobis:

274 2893 376 2959 Qui
407 2892 584 2962 ﬁdelis
610 2900 685 2945 est
726 2890 779 2943 in
813 2889 1049 2953 minimo,
1081 2897 1130 2943 et
1160 2888 1217 2940 in
1250 2887 1444 2957 majori
1468 2887 1639 2957 ﬁdelis
1665 2898 1742 2943 est
1774 2889 1838 2943 ¹⁹.

272 2990 476 3045 Lectum
511 3000 693 3041 autem
732 2985 878 3040 hunc
915 3000 946 3038 a
975 2993 1164 3039 sancto
1194 2982 1353 3036 Patre
1380 2982 1534 3035 velut
1579 2998 1646 3036 ex
1672 2982 1846 3037 Evan-

1926 504 2063 573 quod
2100 503 2265 567 intus,
2310 510 2360 557 et
2408 500 2697 554 masculum
2738 516 2855 553 cum
2890 498 3110 569 femina,
3150 515 3307 568 neque
3353 515 3488 562 mas,

1928 612 2087 666 neque
2115 596 2330 665 femina.
2364 592 2562 649 Verum
2592 608 2701 647 non
2730 592 2905 657 video,
2929 592 3021 662 qui
3050 591 3164 646 ﬁeri
3195 591 3401 661 possit,
3432 597 3493 646 ut

1928 698 2210 760 propterea
2231 687 2391 757 hujus
2412 685 2585 740 sancti
2613 685 2885 753 pontiﬁcis
2914 684 3283 739 testimonium
3314 682 3493 754 quoad

1929 782 2165 853 genuina
2201 787 2514 837 sanctorum
2546 778 2916 849 apostolorum
2958 778 3162 849 scripta
3203 776 3495 847 repudiari.

1928 871 2058 927 dum
2089 871 2161 928 sit
2188 870 2429 926 omnino.

2001 962 2295 1019 Historiam
2320 962 2480 1017 etiam
2503 958 2690 1015 Judith
2719 959 2879 1015 divus
2910 958 3165 1016 Clemens
3204 976 3317 1015 sua:
3350 961 3499 1015 inse-

1931 1058 2042 1114 ruit
2096 1055 2340 1128 epistola:
2391 1069 2622 1110 numero
2672 1069 2769 1109 seu
2820 1054 2999 1123 capite
3049 1042 3499 1123 quinquagesimo

1933 1152 2161 1223 quinto;
2218 1164 2452 1220 cumque
2502 1149 2678 1205 eidem
2743 1148 2930 1206 statim
3000 1148 3295 1218 subjungat
3355 1146 3500 1201 facta

1934 1242 2199 1307 Estheris,
2223 1256 2335 1297 non
2369 1241 2721 1295 inverosimili
2753 1239 3145 1310 consequentia
3175 1237 3371 1293 exinde
3399 1238 3499 1294 de-

1933 1336 2173 1397 ducitur,
2204 1332 2490 1389 eumtanti
2519 1332 2820 1388 aestimasse
2852 1332 3054 1386 librum
3076 1328 3287 1394 Iudith,
3310 1330 3500 1399 quanti

1935 1427 2130 1483 librum
2152 1424 2408 1481 Estheris.
2438 1423 2635 1480 Verum
2668 1424 2867 1479 librum
2893 1422 3084 1479 Esther
3106 1439 3174 1479 ex
3196 1422 3501 1478 divinarum

1938 1518 2346 1589 Scripturarum
2378 1514 2501 1570 albo
2537 1514 2831 1570 excludere
2868 1528 3011 1567 nunc
3054 1527 3214 1567 nemo
3238 1511 3505 1566 Christia-

1935 1625 2153 1675 norum,
2187 1614 2414 1678 excepto
2443 1606 2561 1661 solo
2592 1603 2953 1677 hypercritico
2983 1601 3226 1657 Semlero
3251 1602 3388 1673 (87),
3407 1616 3505 1654 au-

1937 1701 2062 1769 det;
2110 1716 2345 1771 eumque
2380 1695 2481 1754 ceu
2510 1697 2752 1752 divinum
2790 1696 2988 1750 librum
3032 1710 3063 1747 a
3089 1700 3349 1748 nascente
3392 1692 3505 1761 jam

1940 1793 2185 1847 Ecclesia
2225 1791 2466 1863 agnitum
2514 1788 2707 1852 fuisse,
2742 1801 2932 1841 omnes
2963 1785 3073 1841 fere
3106 1800 3212 1838 uno
3246 1798 3339 1838 ore
3380 1798 3509 1852 pro-

1942 1886 2160 1938 titentur
2187 1880 2387 1937 eruditi
2425 1900 2437 1936 :
2479 1895 2576 1937 cur
2607 1894 2715 1933 non
2749 1892 2968 1949 quoque
3016 1876 3216 1930 librum
3244 1872 3431 1926 Iudith
3476 1886 3509 1925 a

1940 1976 2065 2032 divo
2113 1973 2393 2030 Clemente
2463 1972 2604 2027 inter
2665 1986 2854 2026 sacras
2909 1967 3223 2041 Scripturas
3280 1966 3508 2021 relatum

1942 2067 2111 2123 fuisse
2156 2064 2485 2121 concludere
2516 2061 2833 2134 possimus?

2012 2158 2107 2214 Est
2153 2165 2349 2228 praeter
2390 2156 2675 2224 hucusque
2720 2152 2975 2207 adnotata
3021 2150 3162 2205 alius
3194 2156 3511 2205 sanctorum

1942 2251 2212 2322 pracipue
2236 2248 2335 2303 arvi
2360 2247 2642 2319 apostolici
2664 2245 2887 2301 Patrum
2915 2259 3049 2300 usus
3078 2242 3132 2297 in
3162 2240 3509 2305 illustrando,

1941 2340 2423 2411 eonﬁrmandoque
2458 2346 2612 2394 textu
2658 2351 2839 2401 sacro,
2883 2335 3042 2405 cujus
3074 2334 3150 2389 rei
3190 2332 3301 2404 jam
3335 2332 3514 2403 speci-

1943 2435 2088 2489 mina
2141 2433 2391 2505 quaedam
2438 2430 2651 2486 damus.
2702 2427 2891 2484 Medos
2939 2425 3197 2496 loquendi
3254 2441 3285 2480 e
3338 2421 3514 2479 sacris

1942 2527 2097 2583 libris
2163 2527 2355 2581 ductos
2424 2523 2581 2577 divus
2651 2520 2929 2585 Clemens,
2969 2517 3109 2571 alios
3170 2515 3315 2570 inter
3393 2513 3515 2584 plu-

1943 2636 2053 2684 res,
2073 2612 2675 2689 sequentes’usurpavit
2706 2627 2719 2664 :
2749 2612 2923 2682 primo
2960 2624 2989 2663 a
3019 2607 3296 2663 Clemente
3328 2612 3516 2661 nostro

1944 2712 2144 2766 κανόνα
2177 2709 2288 2780 (88)
2323 2707 2390 2763 de
2420 2705 2619 2760 ﬁnibus
2656 2700 2905 2757 muneris
2949 2706 3003 2754 et
3040 2697 3335 2768 provinciae
3379 2694 3513 2757 dici,

1945 2809 2154 2864 clarum
2184 2813 2267 2858 est
2294 2817 2391 2873 per
2420 2798 2669 2872 phrasin,
2699 2796 2862 2865 idque
2894 2793 3058 2847 habet
3095 2806 3161 2845 ex
3192 2788 3235 2842 Il
3264 2785 3514 2843 Corinth.

1946 2917 1997 2957 c.
2022 2917 2076 2965 x,
2106 2894 2392 2966 ν.13;Μὴ
2422 2890 2799 2965 παρεκϐαίνων
2827 2885 3129 2959 ὡρισμένον
3152 2883 3251 2954 τῆς
3280 2881 3520 2953 λειτουρο

1946 2994 2071 3061 γίας
2099 2987 2263 3044 αὐτοῦ
2294 2986 2511 3041 κανόνα.
2572 2982 2625 3037 Ν
2630 3001 2695 3038 οη
2742 2979 3128 3052 transgrediens
3157 2976 3519 3046 praescriptam

272 3083 413 3158 gelio
443 3079 783 3149 descriptum
843 3076 1037 3131 recitat
1079 3089 1297 3145 quoque
1346 3073 1403 3128 S.
1431 3071 1666 3129 Irenaaus
1700 3074 1836 3145 (84),

1944 3083 2167 3140 muneris
2198 3080 2281 3135 sui
2313 3078 2568 3149 regulam.
2613 3073 2865 3129 Secundo
2893 3071 3126 3141 explicat
3162 3066 3519 3138 sequentibus

271 3176 362 3233 ubi
387 3172 631 3228 Grabius
662 3169 886 3239 conjicit
920 3167 1053 3240 (85),
1079 3166 1192 3221 haec
1224 3181 1287 3221 ex
1319 3164 1611 3235 Evangelia
1652 3182 1851 3221 secun~

273 3268 404 3324 dum
430 3265 723 3335 Egyptios
769 3261 942 3315 fuisse
971 3259 1316 3328 deprompta.
1364 3256 1471 3312 Sed
1504 3259 1661 3313 nobis
1697 3260 1850 3314 vide-

276 3368 363 3412 tur
392 3374 508 3410 non
541 3357 647 3409 nisi
679 3352 875 3407 allusio
912 3350 977 3404 ad
1008 3365 1203 3405 versus
1242 3349 1510 3407 decimum
1542 3357 1596 3404 et
1625 3352 1851 3407 undeci-

276 3467 423 3505 mum
455 3448 657 3517 capitis
683 3462 767 3500 xv:
803 3443 1074 3514 Evangelii
1114 3442 1411 3497 secundum
1443 3440 1666 3498 Lucam.
1698 3444 1852 3499 Alter

276 3544 455 3607 locus,
490 3556 654 3610 quem
687 3539 849 3593 etiam
876 3535 1232 3594 doctissimus
1275 3534 1590 3593 Lardnerus
1628 3537 1741 3608 (86)
1783 3555 1849 3593 ex

276 3632 575 3703 Evangelia
598 3627 975 3699 Egyptiorum
1005 3624 1350 3695 desumptum
1381 3635 1588 3689 censet,
1618 3642 1852 3681 consen-

278 3725 545 3782 tientibus
580 3719 693 3774 fere
724 3716 979 3774 omnibus
1018 3715 1249 3778 criticis,
1284 3715 1340 3770 in
1385 3716 1489 3771 line
1526 3717 1689 3787 hujus
1731 3719 1850 3789 epi-

278 3817 434 3874 stolze
478 3813 679 3883 legitur
736 3810 840 3863 hoc
868 3807 1029 3862 modo
1071 3823 1089 3865 ε
1135 3804 1502 3875 Interrogatus
1553 3809 1688 3862 enim
1745 3810 1854 3880 ipse

278 3907 542 3965 Dominus
585 3920 619 3956 a
647 3899 895 3973 quodam,
925 3897 1132 3970 quando
1168 3907 1441 3955 venturum
1477 3912 1610 3957 esset
1640 3917 1852 3974 regnum

368 4065 411 4097 "
443 4061 583 4116 Luc.
622 4076 733 4126 xvx,
770 4057 857 4113 10.

285 4242 489 4295 anticus
521 4246 756 4291 vocatus.
788 4233 956 4289 Clem.
994 4234 1155 4304 epist.
1182 4233 1234 4297 1,
1258 4248 1380 4303 cap.
1416 4234 1482 4289 10
1509 4242 1561 4289 et
1592 4235 1678 4293 17.
1707 4235 1845 4294 Coll.

284 4329 406 4366 cum
438 4308 635 4363 Jacob.
662 4306 830 4376 Epist.
884 4319 932 4358 c.
962 4303 1092 4376 tl,:V.
1132 4303 1222 4376 25.
1254 4304 1597 4376 Ταλαίπωροί
1625 4309 1778 4370 εἰσιν,
1802 4309 1852 4360 οἱ

283 4382 519 4451 cepam,
550 4379 603 4429 oi.
630 4375 966 4451 δισταζοντες
1000 4373 1098 4445 τὴν
1122 4374 1323 4451 φιλικὴν.
1356 4373 1541 4451 Miseri
1574 4387 1750 4451 ιιιένεε,Δ
1764 4379 1844 4451 qui

1954 4380 2078 4441 τοὺς
2118 4378 2174 4451 δὲ
2217 4377 2303 4451 ετξ

288 4445 465 4506 animo
491 4456 614 4501 sunt
640 4446 870 4514 duplices
888 4453 933 4496 et
948 4445 1328 4514 incerti.Clem.
1345 4461 1431 4514 ep.
1456 4446 1509 4507 1,
1531 4461 1581 4499 c.
1609 4445 1850 4503 25.C0ll.

287 4539 411 4577 cum
440 4519 565 4574 Jac.
599 4532 647 4571 c.
681 4512 719 4578 ι,
754 4533 804 4570 v.
849 4514 903 4568 8.
942 4512 1247 4587 desogjdzp,
1276 4512 1459 4587 φησὶν,
1490 4516 1856 4587 ὑπερηφάνοις

286 4592 691 4657 ἀντιτάσσεται,
716 4585 991 4657 (ταπεινοῖς
1020 4582 1075 4657 οὲ
1100 4582 1482 4657 δίᾼδιοσιίχᾶριν.
1510 4582 1665 4657 Deus
1683 4582 1855 4650 enim,

291 4663 490 4730 inquit,
508 4656 750 4730 superbis
766 4653 983 4730 resistit,
1010 4653 1291 4730 humilibus
1311 4653 1593 4730 autemdat
1610 4659 1856 4727 gratiam.

290 4722 464 4786 Clem.
499 4722 671 4798 Epist.
708 4726 733 4778 1
758 4766 772 4789 ,
808 4741 857 4780 c.
885 4722 1144 4798 50_._Coll.
1178 4738 1311 4798 cum
1332 4724 1450 4780 Jac.
1490 4724 1589 4794 Ep.
1611 4722 1673 4780 ἒ.
1704 4743 1779 4790 Iv,
1805 4744 1857 4798 γ.

290 4804 343 4867 6,
370 4803 503 4855 item
536 4792 745 4867 courier.
776 4810 896 4867 cap.
938 4792 1027 4857 50,
1062 4794 1212 4867 ep._l
1253 4793 1424 4849 Clem.
1476 4792 1598 4849 cum
1656 4812 1773 4866 cap.
1799 4796 1854 4859 2,

292 4862 342 4926 νζ
374 4871 439 4923 2t
492 4862 940 4939 AEpXJaeobi—‘et
967 4877 1015 4917 c.
1051 4862 1120 4917 49
1156 4862 1325 4920 Clem.
1362 4882 1448 4935 ep.
1501 4881 1624 4919 cum
1649 4862 1767 4939 cap.
1805 4868 1858 4931 5,

200 5002 203 5003 ν
291 4958 343 4995 v.
372 4940 446 4993 20
613 4937 670 4990 S.
703 4934 907 5007 Jacobi.

365 5010 481 5080 (77)
524 5003 743 5080 igitur;
782 5004 1042 5080 καλρπτει
1073 5003 1275 5080 πλῆρος
1329 5006 1628 5078 ἁμαρτιῶν.
1684 5008 1857 5063 Clem.

295 5073 474 5152 Ep'tt,’
505 5073 679 5152 c._l9.
709 5073 848 5152 Coll:
882 5073 1138 5152 1-Pet.|v,
1173 5076 1226 5152 8_.
1258 5145 1277 5152 _
1448 5073 1459 5078 ’
1596 5080 1605 5086 ’

371 5150 481 5218 (78)
520 5147 757 5219 Ιιιοῐιιιε.
784 5146 896 5219 5βέ
917 5145 1330 5219 ’Υποτα-σσέσθω
1360 5146 1587 5211 ἕκαστος
1615 5148 1691 5219 τῷ
1725 5145 1862 5219 πληη

300 5214 414 5279 σξον
446 5214 631 5272 αὑτοῦ.
665 5217 783 5271 Col.
819 5215 835 5267 1
864 5214 980 5269 Pet.
1016 5234 1067 5278 ν,
1098 5216 1149 5269 5.

374 5288 482 5359 (79)
504 5288 670 5359 Idem,
696 5302 747 5341 c.
767 5286 835 5359 2r:
857 5286 1065 5359 Ildtv‘cs;
1083 5303 1142 5337 τε
1172 5286 1867 5359 ἐταπελινοφρονεῖτε,γμηδὲν

301 5355 765 5428 ωᾴζονευόμενοι,
800 5356 1223 5428 ὑποτασσόμενοι
1256 5355 1511 5428 μᾶλλονῆ
1533 5355 1866 5411 ὑποτάσσον-

300 5446 412 5490 τες.
442 5428 579 5481 Coll.
600 5425 628 5479 1
652 5425 765 5481 Pet.
792 5442 845 5481 γ.
871 5425 923 5479 8.

377 5498 485 5581 (80)
523 5497 601 5557 Id.
632 5513 684 5581 ς.
812 5495 931 5548 Νῶε
960 5492 1524 5581 Ξκῄρυςξνὶμζετάνοιαν
1552 5496 1644 5549 καὶ
1665 5497 1869 5549 οίὺπα-

304 5563 601 5629 χώσαντες
630 5565 927 5636 ἐσώθησαν.
958 5563 1097 5636 Coll.
1119 5565 1177 5636 ill
1202 5563 1314 5619 Pet.
1347 5582 1407 5627 ιι,
1430 5565 1482 5619 5.

1948 3175 2133 3233 verbis
2163 3172 2491 3230 sententiam
2525 3168 2679 3223 Pauli
2719 3166 2785 3221 ad
2814 3164 3190 3234 Philippenses
3224 3177 3273 3217 c.
3308 3175 3369 3225 ιι,
3401 3176 3454 3214 v.
3485 3159 3520 3214 6

1948 3277 2002 3326 et
2034 3270 2065 3323 7
2101 3287 2115 3323 :
2164 3264 2369 3338 Ἰησοῦς
2397 3265 2497 3318 οὐκ
2531 3259 2692 3334 ἦλθεν
2719 3261 2776 3313 ὲν
2804 3258 2999 3329 κόμπῳ
3028 3254 3361 3318 ἀλαζονείας,
3401 3250 3521 3305 οὐδὲ

1951 3360 2344 3434 ὑπερηφανίας,
2394 3357 2594 3428 καίπερ
2638 3353 2948 3423 δυνάμενος,
2992 3347 3126 3402 ἀλλὰ
3167 3359 3523 3415 ταπεινοφρο-

1950 3455 2055 3510 νῶν
2086 3452 2222 3525 (89).
2255 3450 2444 3522 Cyrill.
2477 3447 2691 3503 Hieros.
2740 3444 2859 3500 Cat.
2893 3456 2956 3504 ιι,
3004 3456 3058 3510 p.
3104 3455 3179 3494 m.
3217 3437 3323 3491 222
3352 3446 3519 3491 extr.:

1950 3544 2016 3597 Τί
2057 3544 2200 3596 ἐστιν
2230 3541 2414 3611 ἕτερον
2442 3536 2707 3606 γινῶσκον
2747 3534 2815 3586 τὰ
2845 3530 2982 3603 βάθη
3012 3527 3108 3582 τοῦ
3135 3525 3268 3582 Θεοῦ
3292 3544 3307 3593 ;
3333 3525 3354 3578 ι
3390 3525 3519 3581 Cor.

1952 3653 2014 3702 ιι,
2044 3636 2138 3702 10;
2191 3631 2336 3689 unde
2379 3636 2547 3700 patet,
2593 3627 2649 3682 in
2696 3625 2859 3680 verbo
2901 3622 3125 3695 ὲρευνᾷν
3155 3619 3361 3676 nullam
3408 3633 3523 3672 em-

1954 3725 2163 3797 phasim
2191 3736 2315 3779 esse
2351 3720 2417 3774 ab
2456 3733 2522 3774 eo
2556 3715 2861 3788 quaesitam,
2886 3726 3005 3783 qua:
3035 3725 3137 3764 nec
3166 3709 3241 3764 ibi
3267 3716 3390 3763 est:
3423 3720 3523 3776 pro

1952 3832 2126 3889 coque
2152 3814 2403 3871 Clemens
2435 3809 2547 3883 (90)
2588 3825 2602 3862 :
2660 3804 3004 3876 Ἐγκύπτειν,
3036 3799 3398 3872 ἐγκεκυφότες
3444 3799 3525 3889 είς

1953 3885 2188 3981 σιὰ-βάθη
2226 3903 2326 3974 τῆς
2354 3901 2503 3965 Θείας
2529 3899 2629 3972 τῆς
2657 3896 2909 3968 γνώσεως
2932 3932 2948 3960 ,
2988 3891 3132 3947 unde
3168 3896 3225 3948 et
3256 3894 3427 3961 patet,
3454 3885 3524 3941 τὰ

1957 4238 2046 4293 διὰ
2085 4237 2259 4309 πυρὸς
2279 4237 2389 4309 κα).Δ
2409 4233 2573 4288 θείου·
2604 4230 2872 4309 πρόδηλον
2900 4230 3135 4309 ποιήσας
3161 4230 3191 4283 ό
3224 4229 3520 4309 Δεσπόςτης,

1958 4309 2038 4391 ὅτι
2082 4300 2565 4391 τοξὶς.⁷ὲλπίζοντσ;ς
2621 4300 2726 4391 sar!
2751 4300 2915 4355 αὐτὸν
2967 4300 3067 4391 οὐκ
3118 4301 3521 4391 ιέηξασιῖαλείςτιειἔ

1961 4380 2078 4441 τοὺς
2118 4370 2303 4430 δὲίιτε
2374 4376 2570 4438 κλινεῖς
2624 4372 2736 4426 ὐπά
2773 4387 2964 4441 χοντας
3008 4372 3086 4432 είς
3130 4370 3380 4431 κόλασιν,
3430 4372 3525 4424 καὶ

1961 4448 2214 4518 αἰκισμὺν
2241 4394 2439 4517 eliget.
2466 4442 2688 4518 Cplllll
2720 4390 2834 4496 get.
2867 4455 2929 4503 ιι,
2959 4438 3078 4518 6,_9
3109 4448 3162 4493 et
3188 4438 3341 4518 Juda:
3364 4440 3425 4515 7.,

2035 4509 2145 4586 (82)
2175 4509 2424 4586 Spicileg.
2454 4514 2557 4586 SS.
2580 4512 2844 4586 Patrum,
2872 4518 3002 4586 tom.
3026 4509 3069 4586 _l,
3108 4509 3313 4586 p.268.

2032 4580 2144 4656 (85)
2176 4580 2538 4645 Biblioth.SS.
2570 4583 2747 4656 Patr.,
2779 4593 2917 4656 _l_ut_n.
2940 4580 2993 4656 _l,
3025 4580 3079 4632 in
3110 4581 3254 4656 hunc
3281 4581 3481 4634 locum.

2032 4650 2144 4781 (84)
2187 4657 2443 4713 Similiter
2467 4655 2721 4708 Dominus
2754 4651 2889 4704 dixit
2932 4650 3155 4720 ingratis
3190 4651 3244 4704 in
3273 4666 3389 4704 eum
3411 4652 3525 4704 exi-

2032 4729 2114 4781 rnti
2151 4744 2211 4781 us
2236 4742 2254 4780 :
2279 4728 2337 4781 Si
2365 4728 2419 4781 in
2441 4725 2643 4779 modico
2675 4723 2851 4781 ﬁdeles
2881 4738 2983 4774 non
3012 4720 3211 4781 fuistis,
3242 4721 3378 4781 quod
3410 4739 3524 4775 ma-

1961 4720 2211 4784 stentibus
2236 4742 2254 4780 :
2279 4728 2337 4782 Si
2365 4728 2419 4781 in
2441 4725 2643 4779 modico
2673 4723 2851 4794 ﬁdeles
2881 4738 2983 4794 non
2998 4720 3211 4794 fuistis,
3242 4721 3378 4794 quod
3410 4739 3524 4775 ma-

1960 4807 2247 4871 gnum__est
2301 4798 2417 4867 quis
2464 4796 2609 4849 dabit
2650 4790 2838 4848 vobis?
2884 4790 2941 4846 S.
2996 4790 3262 4857 lrenaaus,
3314 4793 3407 4847 lib.
3455 4807 3519 4857 ιι,

1963 4868 2442 5026 ῗῗῗέῖξάδηώίυε,
2475 4933 2722 5004 Spicileg.
2756 4929 2857 4987 SS.
2884 4930 3128 4997 Patrum,
3155 4938 3286 4985 tom.
3316 4930 3359 4998 Ι,
3396 4946 3519 5001 pag.

2001 5031 2032 5064 ἱ)

2035 5080 2146 5143 (86)
2201 5077 2259 5131 ln
2297 5076 2394 5131 der
2440 5070 2912 5143 Glaubwurdigkeit
2978 5068 3072 5143 d_e_r
3134 5064 3521 5137 evangelischen

1965 5137 2282 5210 Geschichte,
2341 5153 2481 5216 part.
2515 5158 2576 5207 ιι,
2607 5151 2738 5197 ῑοιη.
2766 5140 2808 5203 l,
2838 5154 2958 5209 pag.
2994 5137 3080 5192 74.

2038 5222 2150 5289 (87)
2188 5208 2357 5289 Libro'
2371 5217 2434 5270 de
2452 5229 2669 5289 c_anone,
2716 5208 2876 5289 parte
2910 5222 2970 5289 ιι,
3001 5223 3125 5289 pag:
3162 5208 3258 5263 561
3308 5216 3363 5264 et
3397 5223 3516 5279 seq.

2034 5277 2147 5357 (88}
2182 5288 2432 5343 Clemens
2460 5277 2872 5352 Rom.,epi‘stola
2902 5278 2955 5357 _i,
2978 5293 3032 5357 .c.
3058 5277 3146 5357 11.

2037 5347 2149 5430 (89)
2181 5357 2337 5412 Iesus
2368 5347 2635 5430 Christus"
2655 5347 2758 5406 non
2789 5349 2937 5430 _venit_
2973 5348 3026 5399 in
3058 5347 3329 5430 ‘jactantia
3372 5364 3526 5430 arro-

2001 5419 2178 5492 antiae,
2213 5444 2371 5498 neque
2410 5425 2686 5498 superbire,
2730 5419 2937 5498 etiamsi
2982 5426 3160 5487 potens
3207 5421 3305 5483 sit;
3342 5419 3431 5474 sed
3472 5420 3525 5472 in

2001 5447 2178 5492 omne,
2213 5447 2371 5498 neque
2410 5447 2686 5497 superutw,
2730 5447 2870 5476 cum:

1965 5447 2280 5553 iuncilitate.
2306 5498 2478 5552 Clem.
2515 5512 2600 5565 ep.
2635 5494 2673 5565 I,
2705 5508 2755 5565 c.
2784 5491 2870 5545 16.

2037 5570 2147 5641 (90)
2178 5568 2244 5623 In
2262 5567 2452 5641 divina:
2473 5556 2777 5641 cognitionis
2799 5556 3061 5633 profunda
3090 5562 3520 5632 introspicientes.

378 5638 489 5716 (81)
523 5636 601 5716 id.
634 5652 683 5716 ε.
706 5633 816 5716 ⁵11,
847 5635 945 5688 Διὰ
960 5633 1284 5716 ,φιλοξενίαν
1315 5637 1407 5688 καὶ
1437 5634 1718 5716 ξὺσέὸειαν

1967 5633 2140 5707 Idem,
2156 5656 2241 5711 ep.
2271 5639 2319 5705 1,
2350 5651 2469 5711 cap.
2493 5633 2582 5693 40.

310 5704 485 5778 loiqu
528 5709 591 5763 ἐκ
635 5705 893 5781 Σοδόμων,
927 5707 1022 5778 τῆς
1062 5704 1359 5779 περιχώρου
1392 5705 1567 5778 nam;
1594 5706 1869 5779 κριθείσης
