4070 6340
257 354 341 407 161

1452 350 1787 412 PROCEMIA
1828 350 2211 410 VARIORUII.

3342 351 3446 407 162

250 466 487 523 hostibus
548 464 777 521 ﬁdenter
833 465 1032 535 obiecit
1074 465 1207 536 (99).
1273 465 1329 522 In
1386 468 1622 522 secunda
1677 466 1791 537 epi-
1823 472 1859 526 Α
1889 466 2078 519 sentire
2092 463 2154 518 de
2181 472 2364 517 nostra
2383 462 2573 527 salute,
2592 470 2642 515 et
2665 460 2731 516 de
2755 462 2869 527 illo,
2892 461 3151 532 quihusz
3165 462 3354 517 salutis
3370 474 3447 519 est

249 552 546 622 stolaUOO)
574 561 764 608 auctor
800 554 904 608 iste
932 568 1033 608 nos
1069 554 1250 618 docet,
1292 562 1352 608 ut
1391 556 1694 610 sentiamus
1724 554 1791 610 de

247 646 369 701 Jesu
391 644 612 700 Christo
642 652 897 715 tanquam
927 644 994 700 de
1013 644 1143 709 Deo,
1167 652 1220 699 et
1245 652 1497 714 tanquam
1525 645 1591 699 de
1606 646 1791 715 judice

251 740 479 791 vivorum
528 744 581 789 et
628 743 964 789 mortuorum
1016 754 1030 789 :
1068 733 1308 797 Fratres,
1364 735 1440 788 ait
1487 735 1600 801 ipse
1637 735 1791 791 initio

250 828 384 883 illius
403 825 666 895 epistolae,
696 826 775 878 ita
804 826 993 879 sentire
1014 843 1107 879 nos
1136 835 1331 893 oportet
1358 825 1420 879 de
1434 824 1561 880 Iesu
1582 824 1789 881 Christo

248 929 485 988 tauquam
514 917 579 976 de
616 918 727 972 Deo
754 919 847 989 (ὡς
874 919 999 990 περὶ
1032 917 1210 989 Θεοῦ),
1254 928 1503 987 tanquam
1534 917 1598 971 de
1615 918 1791 987 judice

245 1011 463 1064 virorum
487 1017 539 1062 et
566 1017 888 1062 mortuorum
906 1015 1070 1072 ;——et
1097 1023 1322 1062 numero
1349 1007 1438 1072 56,
1464 1023 1549 1077 ep.
1566 1008 1592 1061 1
1610 1016 1790 1076 aperte

245 1100 360 1154 dicit
386 1099 580 1155 Jesum
609 1098 887 1153 Christum
918 1113 947 1151 a
976 1096 1088 1153 Deo
1110 1113 1231 1154 esse
1248 1098 1529 1152 secundum
1558 1112 1788 1152 carnem:

257 1188 330 1255 Ἐξ
352 1188 527 1244 αὐτοῦ
554 1189 583 1243 6
608 1186 809 1260 Κύριος
850 1185 1051 1258 Ἰησοῦς
1074 1186 1135 1239 τὸ
1162 1187 1300 1241 κατὰ
1337 1186 1532 1258 σάρκα.

302 1279 500 1336 Nescio
536 1294 605 1333 an
639 1279 842 1334 clarius
884 1277 1055 1348 possit
1082 1277 1205 1348 quis
1243 1276 1311 1332 de
1350 1278 1630 1333 divinitate
1662 1274 1789 1333 Jesu

249 1371 437 1427 Christi
488 1369 861 1426 testimonium
913 1368 1178 1439 proferre.
1231 1368 1498 1438 Expresse
1525 1370 1653 1424 alibi
1696 1370 1793 1425 de-

248 1462 424 1524 clarat,
450 1457 637 1516 Iesum
664 1458 945 1515 Christum
988 1459 1231 1527 spiritum
1258 1458 1446 1521 fuisse,
1473 1459 1790 1530 priusquam

246 1569 356 1610 caro
406 1553 565 1609 fieret
601 1571 616 1608 :
654 1550 812 1607 Iesus
868 1548 1110 1606 Christus
1155 1549 1231 1621 (1)
1266 1549 1625 1634 ὐοιιιὲηιιιηε
1672 1566 1791 1605 cum

244 1646 458 1713 primum
509 1653 644 1697 esset
697 1640 917 1711 spiritus
970 1655 1095 1695 caro
1143 1640 1316 1709 factus
1342 1650 1421 1695 est
1443 1640 1542 1712 (ἓ).
1575 1639 1655 1697 Ex
1681 1657 1791 1713 quo

246 1732 520 1788 deducitur
556 1730 818 1784 adversus
855 1726 1118 1799 quosdam
1149 1734 1459 1783 nostrorum
1484 1735 1789 1800 temporum

1892 568 2096 612 auctor.
2126 557 2290 612 Docet
2308 557 2531 626 insuper
2546 570 2645 610 nos
2663 570 2910 626 peccare,
2938 557 2984 610 si
3012 557 3266 611 nescimus
3313 557 3447 612 unde

1887 657 1938 703 et
1963 648 2217 719 quomodo
2238 648 2406 702 vocati
2424 662 2625 709 sumus,
2648 656 2695 699 et
2724 663 2757 698 a
2776 662 2896 716 quo,
2920 655 2967 699 et
2993 647 3048 699 in
3068 662 3214 715 quem
3236 645 3407 700 locum
3426 663 3447 712 ;

1888 749 1937 792 et
1963 748 2159 809 quanta
2186 740 2435 793 sustinuit
2476 736 2631 791 Iesus
2672 735 2915 790 Christus
2952 738 3066 804 pati
3090 748 3301 806 propter
3330 754 3444 792 nos.

1888 826 1967 881 En
1997 829 2229 883 maxima
2258 827 2538 891 beneficia,
2570 842 2691 897 quae
2722 842 2751 880 a
2781 827 2966 880 divino
2999 827 3099 881 hoc
3136 826 3433 891 Salvatore,

1888 926 1948 971 ut
1970 918 2134 971 tradit
2164 926 2387 973 sanctus
2410 916 2682 981 Clemens,
2709 919 3039 987 recepimus!
3069 917 3257 972 Lucem
3287 918 3434 973 nobis

1889 1010 2109 1079 largitus
2128 1018 2205 1064 est
2227 1024 2244 1061 :
2269 1018 2517 1079 tanquam
2546 1019 2696 1077 pater
2715 1010 2854 1078 ﬁlios
2875 1027 2966 1063 nos
2993 1011 3301 1078 appellavit;
3319 1026 3438 1079 per-

1886 1112 2062 1155 euntes
2116 1117 2209 1155 nos
2237 1102 2477 1155 servavit.
2508 1099 2792 1154 Miseratus
2812 1110 2889 1154 est
2930 1118 3044 1164 nos,
3081 1113 3129 1155 et
3153 1102 3432 1157 visceribus

1888 1201 2194 1253 commotus,
2229 1190 2402 1244 salvos
2414 1190 2554 1259 fecit,
2584 1207 2700 1244 cum
2720 1192 2771 1244 in
2791 1190 2937 1245 nobis
2960 1192 3178 1244 multum
3206 1208 3435 1247 errorem

1889 1298 1952 1335 ac
1979 1282 2249 1336 interitum
2278 1292 2560 1352 spectasset
2585 1297 2604 1345 ;
2629 1299 2720 1337 nec
2761 1282 2950 1337 habere
2986 1299 3079 1337 nos
3108 1283 3274 1336 ullam
3308 1300 3449 1352 spem

1890 1371 2103 1439 salutis,
2132 1373 2236 1426 nisi
2265 1388 2403 1437 eam,
2447 1388 2563 1443 qua:
2607 1372 2672 1425 ab
2718 1374 2852 1441 ipso.
2888 1372 3105 1426 Vocavit
3146 1373 3283 1426 enim
3332 1390 3451 1438 nos,

1887 1463 1978 1533 qui
2030 1479 2132 1517 non
2176 1479 2407 1527 eramus,
2454 1473 2502 1518 et
2554 1464 2736 1532 voluit,
2788 1481 2821 1517 a
2855 1464 3017 1517 nihilo
3049 1481 3161 1518 esse
3198 1481 3312 1519 nos.
3342 1464 3439 1519 Hic

1890 1554 2257 1624 apertetradit
2288 1554 2562 1619 Clemens,
2592 1556 2737 1626 quod
2758 1554 3093 1626 Augustinus
3120 1565 3305 1626 postea
3331 1555 3437 1611 fre-

1889 1659 2066 1713 quens
2091 1644 2300 1709 docuit,
2338 1653 2562 1702 vocatos
2585 1661 2685 1702 nos
2714 1661 2744 1699 a
2773 1644 2904 1711 Deo,
2934 1662 3057 1701 cum
3091 1648 3241 1701 nulla
3267 1647 3319 1701 in
3341 1663 3444 1701 no-

1893 1733 1977 1789 bis
2008 1734 2221 1799 merita,
2256 1734 2366 1791 imo
2401 1743 2456 1791 et
2483 1736 2651 1790 multa
2682 1737 2944 1793 demerita
2974 1740 3366 1807 conspexisset.

245 1824 484 1890 Asianos,
519 1819 716 1875 Filium
744 1819 837 1875 Dei
868 1819 1147 1876 exstitisse
1172 1827 1296 1875 ante
1337 1834 1493 1875 suam
1538 1820 1792 1875 incarna-
1819 1808 1863 1864 Β
1960 1823 2179 1879 Miseria
2195 1824 2415 1880 hominis
2436 1836 2556 1882 ante
2574 1828 3005 1884 incarnationem.
3037 1859 3108 1869 ——
3135 1828 3309 1884 Verba
3332 1830 3447 1886 haec

246 1919 457 1971 tionem.

304 2007 572 2076 Beneﬁcia
604 2005 758 2061 Verbi
800 2005 1065 2059 incarnati
1097 2002 1242 2057 circa
1277 2000 1530 2057 homines.
1553 2032 1622 2042 —
1646 2002 1793 2060 Nihil

242 2096 520 2151 movendis
560 2096 757 2149 animis
807 2094 988 2164 aptius
1034 2092 1141 2147 dici
1172 2099 1354 2162 potest
1401 2091 1489 2155 iis,
1525 2109 1647 2163 quae
1687 2100 1796 2148 tra-

243 2186 321 2241 dit
347 2195 565 2242 sanctus
590 2182 841 2239 Clemens
870 2184 925 2238 in
949 2195 1178 2252 utraque
1199 2182 1425 2251 epistola
1455 2183 1600 2237 circa
1624 2184 1792 2239 bene-

242 2276 381 2339 ﬁcia,
436 2293 555 2347 qua:
598 2291 697 2347 pro
746 2275 1058 2330 hominibus
1100 2289 1169 2328 ex
1227 2274 1596 2329 incarnatione
1630 2273 1793 2330 Verbi

240 2376 363 2425 sunt
408 2376 722 2423 consecuta.
756 2366 844 2420 Ait
871 2366 1014 2421 enim
1067 2364 1121 2418 in
1165 2365 1372 2434 prima,
1410 2354 1510 2420 nos
1560 2365 1614 2419 in
1662 2364 1793 2422 Jesu

238 2460 452 2517 Christo
482 2461 725 2517 salutare
752 2467 999 2514 nostrum
1038 2457 1411 2524 adinvenisse;
1455 2459 1630 2529 ipsum
1671 2476 1794 2516 esse

240 2555 559 2608 oblationum
597 2561 900 2607 nostrarum
946 2566 1242 2620 supremum
1264 2548 1601 2619 Pontiﬁcem;
1644 2552 1793 2621 inﬁr-

240 2645 429 2700 mitatis
459 2653 1067 2713 nostraessepatronum
1094 2654 1142 2697 et
1171 2642 1539 2698 auxiliatorem
1562 2642 1660 2714 (5).
1690 2642 1794 2699 Per

239 2739 383 2802 hunc,
416 2738 600 2809 pergit
631 2744 855 2792 sanctus
884 2735 987 2792 iste
1024 2734 1287 2805 pontifex,
1310 2737 1365 2790 in
1399 2736 1646 2790 caelorum
1676 2736 1795 2790 alti-

240 2830 435 2883 tudines
461 2827 648 2882 oculos
668 2826 983 2897 deﬁgemus;
1010 2843 1102 2897 per
1134 2826 1270 2881 hunc
1313 2827 1713 2883 immaculatum
1742 2836 1793 2883 et

240 2942 537 2993 supremum
578 2925 725 2979 illius
780 2924 982 2978 vultum
1043 2923 1469 2993 speculabimur;
1514 2941 1607 2994 per
1656 2924 1792 2978 hunc

241 3019 367 3071 oculi
398 3016 583 3071 cordis
608 3016 777 3070 nostri
806 3016 977 3085 aperti
1006 3024 1159 3079 sunt;
1188 3032 1281 3085 per
1311 3014 1445 3070 hunc
1470 3016 1717 3086 insipiens
1743 3025 1792 3071 et

240 3108 520 3162 obscurata
554 3124 696 3161 mens
729 3117 910 3161 nostra
960 3107 1013 3160 in
1060 3106 1426 3161 admirabilem
1469 3106 1582 3177 ejus
1627 3107 1793 3162 lucem

240 3201 551 3264 repullulat;
580 3214 672 3267 per
699 3198 835 3252 hunc
864 3199 1023 3253 uoluit
1050 3198 1328 3264 Dominus,
1359 3206 1419 3252 ut
1448 3199 1796 3255 immortalem

239 3290 583 3359 cognitionem
605 3298 959 3359 gustaremus.
984 3288 1085 3355 Qui
1106 3304 1222 3343 cum
1251 3290 1323 3343 sit
1353 3288 1524 3359 (addit
1554 3288 1796 3360 insuper)

240 3382 483 3449 splendor
531 3380 824 3449 majestatis
867 3380 1001 3449 ejus,
1044 3388 1191 3434 tanto
1232 3379 1407 3449 major
1447 3389 1523 3433 est
1559 3380 1756 3451 angelis
1780 3419 1796 3444 ,

239 3480 426 3539 quanto
458 3469 805 3525 excellentius
846 3486 1029 3523 nomen
1066 3469 1284 3524 sortitus
1326 3478 1424 3523 est.
1456 3467 1612 3535 Quod
1640 3469 1799 3539 quasi

240 3561 300 3615 de
325 3562 500 3616 verbo
529 3561 600 3615 ad
633 3560 855 3616 verbum
886 3576 952 3615 ex
967 3558 1205 3629 Epistola
1232 3558 1302 3614 ad
1332 3559 1587 3615 Hebraeos
1612 3576 1801 3615 excer-

239 3664 380 3724 ptum
426 3664 546 3719 est,
605 3655 663 3709 in
692 3670 796 3724 qua
829 3653 1121 3723 Apostolus
1167 3653 1359 3709 iisdem
1400 3652 1568 3708 ferme
1620 3654 1801 3708 verbis

238 3746 469 3816 elogium
501 3743 636 3801 Jesu
674 3744 877 3800 Christi
924 3742 1189 3798 ell‘ormat.
1236 3742 1375 3798 Hinc
1417 3742 1683 3799 Eusebius
1723 3742 1799 3814 (4)

237 3838 494 3902 advertit,
554 3837 610 3891 in
656 3836 831 3907 prima
877 3835 977 3889 hac
1020 3836 1196 3889 sancti
1243 3834 1537 3890 Clementis
1571 3835 1802 3905 epistola

237 3928 414 3982 haberi
462 3929 753 3983 nonnullas
803 3928 1083 3982 sententias
1114 3925 1368 3995 Epistolte
1410 3925 1515 3980 divi
1544 3925 1705 3979 Pauli
1734 3923 1802 3979 ad

238 4018 496 4075 Hebraeos
526 4029 577 4074 et
604 4018 912 4091 quandoque
925 4019 1081 4073 etiam
1113 4018 1375 4086 expositas
1405 4017 1586 4071 iisdem
1614 4018 1800 4083 verbis,

235 4112 419 4181 quibus
449 4112 629 4165 utitur
654 4110 935 4175 Apostolus
968 4125 986 4163 :
1014 4108 1151 4179 quod
1181 4108 1387 4179 quidem
1416 4109 1660 4174 ostendit,
1682 4125 1806 4179 per-

234 4214 309 4275 git
339 4203 644 4272 Eusebius,
660 4202 955 4273 Epistolam
975 4205 1045 4259 ad
1078 4201 1326 4256 Hebrwos
1353 4218 1676 4272 nequaquam
1695 4219 1806 4258 esse

234 4314 361 4365 opus
405 4313 616 4358 recens,
646 4306 696 4350 et
727 4296 851 4365 jure
889 4296 1172 4366 meritoque
1217 4294 1338 4349 aliis
1386 4294 1541 4349 istius
1582 4296 1806 4365 apostoli

230 4389 476 4459 epistolis
510 4387 750 4457 adjungi.

1892 1914 2119 1970 mirifice
2172 1918 2467 1991 ostendunt
2517 1920 2809 1973 maximam
2878 1920 3117 1975 hominis
3170 1922 3451 1978 miseriam

1892 2012 2018 2059 ante
2050 2005 2506 2071 incarnationem,
2555 2019 2986 2080 extremamque,
3031 2026 3139 2080 qua
3171 2012 3452 2067 detineba-

1892 2102 2003 2160 tur,
2035 2098 2417 2154 necessitatem
2437 2100 2780 2156 medicinalis
2796 2103 2983 2172 gratiae
3014 2104 3316 2159 Salvatoris
3339 2106 3452 2176 (5);

1892 2188 2056 2242 tradit
2083 2190 2246 2243 etiam
2275 2191 2439 2260 paulo
2482 2191 2732 2258 inferius,
2783 2195 3007 2263 gentiles
3033 2205 3159 2251 ante
3200 2197 3455 2252 incarna-

1892 2278 2091 2334 tionem
2144 2278 2273 2335 Jesu
2323 2281 2528 2335 Christi
2587 2281 2664 2334 ita
2694 2290 2873 2337 mente
2923 2290 3112 2353 captos
3167 2284 3358 2351 fuisse,
3394 2294 3454 2340 ut

1892 2369 2181 2428 adorarent
2230 2371 2459 2441 lapides,
2503 2373 2721 2443 lignum,
2770 2391 2979 2439 aurum,
3023 2386 3315 2445 argentum,
3371 2387 3454 2432 at.-

1891 2479 1987 2533 que
2017 2479 2110 2523 tes,
2144 2478 2301 2531 opera
2336 2463 2639 2531 hominum;
2675 2466 2899 2536 insuper
2938 2467 3084 2537 quod
3118 2476 3228 2522 tota
3261 2484 3451 2525 eorum

1893 2552 1998 2605 vita
2027 2552 2106 2605 nil
2133 2553 2281 2607 aliud
2309 2568 2425 2608 erat
2464 2572 2621 2626 quam
2666 2573 2807 2610 mors
2837 2572 2856 2610 :
2882 2565 2931 2610 et
2964 2556 3210 2623 tenebris,
3238 2568 3287 2612 et
3316 2560 3453 2613 cali-

1891 2644 2009 2715 gine
2039 2646 2470 2710 obvolvebantur;
2499 2648 2644 2718 quod
2680 2647 2921 2704 Ecclesia
2955 2650 3144 2720 paucis
3170 2653 3456 2707 constabat

1894 2733 2167 2802 ﬁdelibus,
2198 2752 2261 2790 ac
2291 2738 2492 2807 populo
2525 2736 2969 2794 circumdabatur
3004 2739 3238 2809 ingrato,
3266 2749 3319 2797 et
3360 2742 3457 2796 he-

1892 2826 2206 2882 neflciorum
2239 2827 2333 2884 Dei
2365 2829 2691 2886 immemori.
2725 2830 2858 2897 Quae
2903 2832 3124 2901 quidem
3165 2832 3232 2887 de
3282 2834 3456 2889 idolo-

1893 2933 2014 2973 rum
2046 2919 2348 2975 cultoribus
2401 2920 2757 2991 intelligenda
2790 2928 2950 2989 sunt;
2979 2923 3182 2994 quippe
3213 2931 3340 2979 ante
3370 2925 3459 2979 in-

1894 3010 2269 3065 carnationem
2336 3011 2406 3066 ad
2461 3011 2762 3068 Ecclesiam
2832 3029 2944 3068 non
3009 3014 3349 3084 spectabant,
3402 3025 3459 3071 et

1896 3098 2063 3155 Deum
2094 3101 2435 3172 ignorabant.
2464 3101 2616 3168 Quod
2638 3102 2773 3157 dixit
2802 3102 3155 3175 (Scriptura),
3188 3105 3264 3160 ait
3300 3105 3460 3161 Pater

1898 3192 2000 3248 iste
2024 3192 2123 3262 (6),
2165 3192 2366 3260 laetare,
2403 3212 2518 3266 qua:
2554 3213 2658 3251 non
2702 3198 2871 3266 paris,
2915 3213 3009 3251 nos
3040 3196 3178 3249 dixit
3207 3212 3227 3250 :
3252 3196 3460 3253 Sterilis

1895 3285 2081 3356 quippe
2107 3294 2222 3339 erat
2246 3284 2486 3340 Ecclesia
2520 3297 2724 3351 nostra,
2755 3296 3032 3358 antequam
3054 3285 3169 3340 dati
3199 3297 3369 3342 essent
3400 3289 3465 3342 li-

1898 3374 2026 3430 beri.
2052 3375 2222 3445 lgitur
2252 3372 2442 3431 inferri
2480 3377 2691 3446 nequit,
2739 3387 2863 3431 ante
2890 3377 3321 3430 incarnationem
3364 3393 3462 3431 ne-

1897 3466 2096 3522 minem
2129 3468 2339 3536 justum
2397 3466 2662 3524 adfuisse.
2712 3466 2800 3522 Sic
2842 3476 2892 3521 et
2929 3465 3193 3531 Christus,
3246 3468 3462 3537 egregie

1898 3558 2176 3613 concludit
2223 3562 2358 3629 ipse,
2404 3560 2569 3613 voluit
2595 3576 2802 3614 servare
2849 3562 3141 3628 pereuntia,
3179 3569 3228 3613 et
3270 3563 3461 3615 multos

1898 3649 2139 3712 servavit,
2178 3648 2305 3702 dum
2352 3649 2509 3716 venit,
2551 3647 2776 3720 dumque
2797 3666 2890 3703 nos
2918 3647 3040 3716 jam
3074 3659 3344 3718 pereuntes
3372 3665 3463 3703 vo-

1899 3741 2033 3794 cavit
2054 3738 2154 3811 (7).
2698 3786 2701 3791 .

1967 3831 2415 3887 Animadvertere
2449 3830 2540 3885 hic
2586 3836 2799 3902 oportet
2843 3844 2969 3884 cum
3003 3836 3197 3884 nostro
3226 3828 3318 3900 pio
3359 3845 3462 3884 au-

1900 3934 2069 3989 ctore,
2112 3926 2309 3980 debere
2341 3940 2443 3979 nos
2470 3940 2659 3987 veros,
2698 3937 3098 3994 germanosque
3137 3923 3277 3992 grati
3296 3923 3465 3979 animi

1903 4030 2102 4071 sensus
2133 4031 2261 4086 erga
2310 4014 2647 4070 Salvatorem
2678 4014 2943 4070 enutrirc.
2969 4011 3347 4082 Conﬁtebimur
3368 4029 3466 4065 au-

1904 4118 2006 4161 tem
2036 4108 2189 4161 illum
2214 4108 2477 4179 faciendo,
2505 4124 2621 4178 quae
2652 4108 2801 4171 dicit,
2825 4117 2873 4161 et
2898 4107 3151 4160 mandata
3189 4108 3333 4161 illius
3362 4124 3466 4161 non

1903 4200 2226 4268 spernendo;
2249 4216 2340 4254 nec
2381 4201 2551 4255 solum
2577 4198 2732 4253 labiis
2762 4214 2879 4253 eum
2913 4197 3242 4261 honorando,
3281 4197 3373 4252 sed
3400 4212 3466 4252 ea:

1906 4301 2013 4345 toto
2042 4291 2215 4355 corde,
2244 4307 2309 4346 ea:
2335 4300 2448 4346 tota
2469 4300 2655 4346 mente.
2684 4289 2734 4343 Ν
2741 4308 2805 4344 on
2838 4289 2992 4344 modo
3026 4290 3208 4359 igitur.
3239 4288 3315 4342 ait
3334 4304 3430 4343 san
3451 4318 3465 4329 -

1905 4394 2027 4439 ctus
2056 4384 2145 4439 hic
2189 4383 2430 4454 pontifex
2477 4384 2576 4455 (8),
2625 4384 2795 4453 ipsum
2818 4399 3052 4437 uocemus
3078 4381 3382 4448 Dominum,
3411 4381 3465 4435 id

297 4480 359 4536 In
415 4480 670 4538 secunda
706 4478 933 4549 epistola
982 4493 1091 4533 non
1136 4479 1319 4534 minus
1357 4486 1511 4550 urget
1560 4478 1805 4550 ingentes
1836 4498 1880 4554 ι)
1906 4477 2045 4531 enim
2072 4493 2177 4531 non
2202 4475 2425 4531 salvabit
2448 4493 2543 4530 nos
2575 4490 2594 4538 ;
2620 4476 2710 4530 sed
2740 4476 2795 4529 in
2825 4473 3068 4544 operibus
3100 4474 3271 4543 ipsum
3295 4475 3462 4542 con/i-

236 4573 514 4629 utilitates
560 4569 973 4626 incarnationis.
1024 4566 1181 4625 Vetat
1225 4571 1401 4642 primo
1438 4571 1559 4626 loco
1585 4570 1806 4625 humilia

300 4729 417 4797 (99)
458 4726 777 4783 Notandum
818 4727 908 4783 hic
957 4727 1130 4782 obiter
1172 4726 1494 4797 gravissimo
1540 4726 1593 4779 in
1623 4741 1811 4782 errore

233 4796 449 4854 sersari
500 4798 773 4861 Photium,
814 4799 941 4853 dum
989 4796 1235 4852 asserere
1279 4812 1387 4850 non
1417 4797 1709 4859 erubescit,
1754 4796 1808 4850 in

236 4881 433 4924 sancto
449 4870 738 4925 Clemente
752 4869 887 4922 nihil
904 4866 1204 4921 adinveniri
1219 4866 1285 4920 ad
1302 4865 1600 4921 Salvatoris
1613 4866 1807 4920 divini-

236 4950 405 4994 tatem
446 4938 1067 5009 comprobandam._lta
1104 4952 1254 5009 sane
1274 4951 1552 5009 nunquam
1594 4936 1811 5009 locutus

238 5009 460 5074 luisset,
497 5010 544 5064 si
574 5006 736 5065 uerba
768 5008 1103 5067 attendisset,
1136 5006 1296 5060 modo
1321 5021 1350 5059 a
1374 5007 1531 5061 nobis
1555 5006 1737 5066 allata,
1756 5007 1811 5059 in

235 5081 440 5151 quibus
463 5088 694 5151 sanctus
718 5077 963 5151 Pontifex
989 5087 1256 5151 tanquam.
1285 5084 1489 5151 certum
1524 5084 1821 5151 ratumque

237 5146 562 5211 constituit,
591 5151 645 5204 in
663 5147 792 5204 Jesu
829 5148 1048 5203 Christo
1083 5161 1188 5199 una
1215 5146 1376 5200 simul
1404 5161 1529 5201 cum
1559 5147 1812 5200 humani-

237 5228 346 5274 tate
377 5221 730 5274 divinitatem
754 5219 1075 5272 inhabitare.

306 5292 471 5359 (100)
517 5288 755 5359 Epistola
781 5289 835 5351 2,
858 5304 979 5358 cap.
1012 5288 1064 5341 1.

305 5361 389 5429 (1)
435 5360 604 5417 lbid..
632 5374 751 5428 cap.
781 5359 833 5413 9.

303 5425 386 5501 (Ξ)
434 5431 558 5485 Hoc
578 5441 682 5491 est,
699 5425 835 5501 'cum
860 5436 1006 5501 esset
1031 5426 1191 5501 Deus.
1225 5425 1458 5495 Spiritus
1483 5426 1624 5481 enim
1651 5441 1815 5480 voca-

238 5497 431 5557 bulum
469 5514 615 5570 ssepe
637 5500 779 5571 apud
813 5500 1067 5571 antiquos
1088 5497 1322 5571 divinam
1342 5508 1815 5571 naturam_son_are

239 5565 575 5641 praefatione
600 5565 835 5639 generali
863 5570 916 5621 in
947 5565 1548 5641 novissjniam_operum
1580 5565 1637 5619 S.
1664 5565 1815 5620 Hila-

239 5635 301 5695 ini
332 5640 557 5695 Pictav.
586 5635 878 5694 editionem
907 5654 1058 5691 num.
1089 5637 1158 5691 62
1179 5644 1232 5690 et
1263 5635 1332 5689 65
1358 5637 1603 5704 pluribus
1632 5652 1816 5691 exeun-

240 5714 342 5779 plis
394 5712 842 5765 demonstratum
882 5717 964 5763 est
1012 5722 1041 5760 a
1073 5707 1631 5779 Cogitanli_o__nostro_;
1674 5706 1815 5761 unde

242 5774 373 5836 illud
392 5781 694 5850 Augustini
721 5780 878 5852 epist.
910 5778 1028 5842 140,
1064 5794 1118 5832 ιι.
1150 5776 1236 5841 il,
1266 5775 1331 5830 ad
1352 5774 1642 5833 Clementis
1664 5790 1815 5831 men-

1913 4580 2155 4637 teamur;
2188 4572 2242 4625 in
2270 4570 2533 4642 diligendo
2555 4572 2653 4625 alii
2681 4571 2837 4632 alios,
2863 4570 2917 4623 in
2948 4585 3051 4623 non
3094 4567 3464 4633 adulterando,

1907 4733 2015 4780 tem
2032 4725 2204 4795 magis
2216 4724 2675 4795 accommodatum
2690 4722 3049 4795 exscribimus
3062 4740 3089 4795 _:7
3104 4720 3324 4795 Verbum
3342 4738 3467 4776 cara

1908 4797 2104 4866 factum
2130 4792 2233 4859 est,
2262 4804 2311 4848 et
2351 4794 2619 4866 habitauit
2645 4794 2697 4866 in
2731 4792 3142 4866 nobis;_reddite
3179 4792 3364 4866 picem,
3417 4802 3467 4846 et

1907 4862 2163 4935 eﬂicimini
2194 4865 2421 4933 Spiritus
2460 4874 2507 4918 et
2533 4865 2764 4917 habitate
2799 4864 2853 4916 in
2878 4864 3006 4935 illo:
3036 4862 3191 4931 quasi
3236 4863 3464 4935 diceret,

1922 4933 2141 4990 Verbum
2170 4951 2294 4989 cum
2327 4944 2473 4989 esset
2503 4936 2751 5003 spiritus,
2784 4949 2880 4988 seu
2915 4933 3078 4992 Deus,
3115 4948 3239 5003 carro
3269 4933 3468 5001 factum

1908 5018 2008 5069 est,
2040 5012 2287 5059 naturam
2328 5002 2676 5074 suscipiendo
2701 5004 3029 5068 humanam;
3059 5002 3272 5074 reddite
3287 5004 3466 5074 vicem,

1910 5085 1964 5131 et
1991 5078 2081 5145 qui
2112 5090 2240 5129 caro
2272 5075 2426 5136 estis,
2459 5071 2739 5146 eﬂicimini
2763 5074 2995 5146 quadam
3028 5072 3186 5125 modo
3238 5071 3467 5146 Spiritus

1912 5161 1976 5200 ac
2010 5141 2175 5209 Deus,
2215 5154 2461 5199 naturam
2486 5141 2794 5199 "induendo?
2833 5143 3103 5205 divinam,
3146 5152 3197 5195 et
3239 5141 3471 5195 habitate

1912 5219 1965 5269 in
1998 5217 2128 5272 Deo.

1985 5220 2353 5357 (gfogalutare
2380 5296 2617 5342 nostrum
2644 5284 2942 5357 invenimus
2962 5280 3145 5357 Iesum
3179 5278 3467 5357 Christum,

1914 5352 2223 5426 Pontiﬁcem
2237 5358 2555 5411 oblutionum
2575 5363 2894 5426 nostrarum,
2924 5352 3249 5426 inﬁrmitatis
3276 5362 3470 5426 nostris

1914 5420 2194 5496 patronum
2216 5437 2263 5480 et
2288 5429 2682 5496 auxiliatorem.
2718 5422 2966 5496 Epistli
2988 5423 3187 5488 Clem.,
3222 5437 3343 5493 cap.
3374 5420 3466 5476 36.

1985 5499 2062 5561 (4)
2105 5498 2220 5552 Lib.
2255 5514 2311 5550 ιιι
2350 5497 2491 5551 Hist.
2516 5495 2722 5557 eccles.,
2751 5509 2871 5563 cap.
2902 5493 2991 5548 38.

2009 5567 2062 5631 5)
2100 5567 2269 5637 Epist.
2297 5566 2351 5637 2,
2378 5582 2497 5635 cap.
2524 5566 2582 5637 Al.

2009 5641 2062 5706 ti)
2102 5634 2267 5707 Epist.
2290 5636 2344 5695 2.
2368 5634 2485 5706 cap.
2516 5634 2571 5689 2.

1988 5702 2065 5776 (7)
2105 5702 2273 5763 Clem.
2309 5702 2488 5769 Itoni,
2520 5721 2605 5775 ep.
2637 5704 2699 5776 72,
2732 5717 2848 5773 cap.
2883 5702 2937 5758 2.

1989 5722 2042 5776 (7
2105 5722 2273 5763 mem.
2309 5722 2488 5769 nom.,
2520 5722 2605 5775 ep.
2645 5722 2699 5767 τ,
2732 5722 2848 5773 cap.
2883 5722 2937 5758 z.

1989 5722 2065 5852 (δέ
2105 5779 2270 5845 Idem,
2300 5776 2453 5843 ibid.,
2487 5792 2607 5845 cap.
2633 5775 2684 5831 5.
2970 5778 2973 5783 ’
