4070 6340
633 351 738 406 165

1746 352 1836 407 Ᾱῐ)
1874 351 1937 407 S.
1977 347 2395 407 CLEMENTEM
2434 347 2454 403 ί
2486 349 2715 405 PAPAM

3723 349 3823 405 16l-

634 486 793 539 neque
821 468 1156 525 obtrectando
1183 469 1421 532 iniicem,
1452 484 1612 539 neque
1638 466 1965 531 tumulando;
1987 465 2076 521 sed
2102 466 2177 520 vi-
2205 470 2248 528 Α
2276 482 2431 537 quam
2460 475 2693 531 mustos,
2713 463 2800 535 qui
2832 476 3059 534 unquam
3082 463 3217 533 justi
3234 462 3465 533 fuerunt.
3487 462 3820 532 justiﬁcavit.

628 563 791 619 vendo
821 564 873 617 in
907 563 1245 626 continentia,
1282 560 1668 627 misericordia,
1697 568 1748 614 et
1791 560 2042 625 bonitate,
2068 566 2175 615 etc.

636 654 712 725 (9)
746 653 871 707 Ha’c
926 652 1123 724 agendo
1164 663 1493 721 acceptorum
1524 651 1887 721 beneﬁciorum
1929 665 2177 704 memores

627 750 821 801 erimus
852 762 983 808 vere,
1015 745 1169 799 sicuti
1197 743 1523 799 Christianos
1555 742 1717 797 decet.

697 835 850 891 Jesus
899 836 1139 891 Christus
1172 853 1272 890 non
1320 836 1420 903 fuit
1458 835 1610 889 homo
1656 834 2037 902 phantasticus,
2086 834 2175 890 sed

629 943 797 990 verus,
826 928 1061 999 quamvis
1090 937 1397 994 non‘purus.
1419 955 1492 967 —
1516 927 1573 980 In
1606 926 1778 996 prima
1815 941 1913 981 sua
1948 928 2175 995 epistola

626 1026 849 1075 sanctus
876 1018 1125 1073 Clemens
1153 1017 1282 1073 Iesu
1309 1017 1528 1073 Christo
1559 1032 1799 1080 carnem,
1826 1018 2171 1087 sanguinem,

626 1118 679 1167 et
729 1110 964 1163 animam
1013 1109 1299 1165 manifeste
1344 1108 1612 1163 attribuit.
1672 1106 1738 1162 In
1781 1109 2055 1174 charitate,
2085 1110 2174 1164 in-

624 1203 741 1272 quit
765 1201 898 1270 (ill).
929 1202 1210 1270 assumpsit
1239 1218 1330 1255 nos
1361 1200 1619 1254 Dominus
1640 1199 1777 1253 Deus
1798 1210 1973 1256 noster
1998 1218 2063 1255 ea:
2084 1218 2174 1258 vo-

624 1293 825 1345 luntate
854 1292 971 1354 Dei,
1002 1292 1307 1362 sanguinem
1333 1308 1487 1345 suum
1523 1304 1617 1352 pro
1651 1289 1798 1345 nobis
1850 1291 2092 1358 tradidit,
2124 1301 2174 1347 et

622 1400 832 1436 carnem
880 1400 972 1452 pro
1010 1400 1167 1437 carne
1212 1393 1413 1448 nostra,
1439 1393 1491 1437 et
1522 1383 1751 1437 animam
1777 1398 1871 1451 pro
1899 1383 2171 1441 animabus

622 1475 835 1529 nostris.

693 1565 933 1621 Christus
985 1584 1080 1636 pro
1130 1566 1370 1621 omnibus
1420 1575 1677 1621 mortuus.
1714 1597 1784 1607 —
1839 1565 2169 1640 Sanguinem

619 1657 818 1711 Christi
853 1674 952 1726 pro
983 1660 1151 1713 totius
1183 1657 1368 1713 mundi
1399 1659 1575 1713 salute
1605 1658 1834 1714 effusum
1868 1676 2010 1725 esse,
2037 1662 2169 1731 quin

2276 554 2511 610 Sanctus
2525 553 2684 611 Pater
2701 553 2866 609 tradit
2879 552 2970 607 hic
2986 552 3315 621 conjunctim
3331 556 3576 624 egregias
3599 560 3709 608 tres
3728 568 3824 608 vc-

2275 637 2492 713 ritates;
2538 648 2713 717 primo
2758 652 3000 702 nostram
3041 644 3385 699 vocationem
3415 642 3483 698 ad
3520 643 3677 699 ﬁdem
3704 661 3827 702 esse

2274 739 2567 809 gratuitam
2608 752 2672 791 ex
2707 745 2862 807 parte
2899 736 3015 799 Dei,
3043 751 3167 791 cum
3192 737 3262 791 sit
3295 735 3519 791 effectus
3556 736 3711 792 bona:
3729 753 3825 790 vo—

2274 833 2499 886 luntatis
2528 846 2660 894 suae,
2690 844 2754 885 ac
2781 828 3171 884 misericordia:
3190 843 3317 898 erga
3344 843 3445 883 nos
3476 847 3489 882 :
3530 830 3639 882 Καὶ
3666 832 3828 900 ἡμεῖς

2272 920 2364 977 οὖν
2391 923 2477 977 διὰ
2505 921 2801 993 Θελήματος
2827 920 2990 973 αὐτοῦ
3019 919 3322 991 κληθέντες.

2343 1013 2593 1071 Secundo
2627 1029 2818 1069 omnes
2857 1019 3085 1068 conatus
3114 1012 3403 1077 humanos,
3434 1021 3487 1068 et
3517 1012 3634 1083 ipsa
3659 1013 3827 1067 etiam

2272 1105 2487 1176 pietatis
2525 1119 2711 1174 opera,
2747 1105 2792 1159 si
2826 1103 2881 1158 in
2904 1119 2963 1158 se
2993 1102 3126 1172 ipsis
3153 1109 3486 1172 spectentur,
3500 1111 3554 1157 et
3575 1102 3827 1171 seiuncta

2272 1212 2301 1252 a
2340 1197 2461 1261 ﬁde,
2484 1213 2581 1268 per
2600 1212 2765 1268 quam
2796 1196 3161 1259 viviﬁcantur,
3202 1209 3544 1264 nequaquam
3578 1193 3829 1250 sufﬁcere

2270 1290 2338 1343 ad
2390 1289 2830 1358 justiﬁeationem
2880 1286 3291 1358 promerendam
3327 1305 3341 1341 :
3384 1287 3459 1340 υὺ
3506 1286 3573 1340 δι’
3616 1285 3828 1341 ἑαυτῶν

2266 1380 2636 1453 δικαιούμεθα,
2664 1381 2782 1435 οὐδὲ
2807 1380 2893 1434 διὰ
2919 1380 3019 1451 τῆς
3047 1380 3321 1451 ἡμετέρας
3349 1379 3559 1448 σοφίας,
3612 1378 3647 1451 ἢ
3699 1397 3827 1433 συν-

2268 1471 2452 1535 έσεως,
2492 1471 2525 1543 ἢ
2563 1471 2865 1534 εὐσεϐείας,
2904 1469 2938 1541 ἢ
2998 1469 3169 1541 ἔργων
3217 1462 3291 1522 ὧν
3348 1468 3825 1541 κατειργασάμεθα

2266 1564 2324 1617 ὲν
2352 1564 2583 1636 ὁσιότητι
2610 1565 2852 1637 καρδίας.

2336 1652 2520 1708 Tertio
2546 1669 2643 1724 per
2673 1653 2827 1708 ﬁdem
2858 1667 2957 1708 nos
2982 1652 3161 1722 justos
3192 1651 3351 1718 emci,
3392 1662 3445 1709 et
3475 1652 3633 1708 ﬁdem
3677 1653 3827 1708 hanc

620 1749 688 1802 ab
723 1751 821 1802 hac
858 1750 1032 1819 gratia
1063 1751 1370 1804 mortalium
1396 1751 1539 1805 ullus
1568 1750 1892 1820 excipiatur,
1943 1762 2165 1809 sanctus

2268 1745 2414 1798 omni
2472 1751 2716 1814 tempore
2772 1745 2841 1799 ad
2899 1745 3131 1799 salutem
3196 1746 3561 1801 necessariam
3615 1744 3822 1812 fuisse;

619 1840 709 1894 hic
739 1816 979 1911 pontifex
1022 1843 1223 1897 diserte
1262 1841 1487 1896 afﬁrmat
1530 1816 1857 1913 (ll):'Fia:is
1873 1816 2057 1910 oculis,
2088 1862 2165 1900 re-

2270 1832 2468 1901 quippe
2497 1846 2594 1901 per
2622 1830 2762 1886 hanc
2792 1830 2934 1887 Deus
2966 1831 3285 1901 justiﬁcavit
3323 1841 3550 1889 cunctos
3594 1835 3685 1905 qui
3718 1851 3828 1889 un-

618 1933 898 2000 spiciamus
928 1933 980 1985 in
1012 1934 1316 2002 sanguinem
1346 1933 1564 1996 Christi,
1596 1949 1984 2005 cernamusque,
2013 1952 2169 2007 quam

618 2024 876 2092 pretiosus
904 2025 972 2076 sit
995 2024 1107 2092 ejus
1131 2025 1367 2094 sanguis,
1398 2026 1488 2095 qui
1515 2035 1723 2094 propter
1753 2035 1990 2080 nostram
2018 2027 2169 2081 salu-

571 2124 581 2133 ’
618 2124 717 2169 tem
743 2116 938 2183 e/fusus
968 2119 1061 2170 toti
1098 2116 1291 2170 mundo
1319 2118 1634 2185 paenitentice
1660 2119 1888 2188 gratiam
1916 2119 2117 2172 attulit.

682 2206 837 2261 Jesus
906 2207 1145 2262 Christus
1191 2208 1359 2277 judea:
1416 2211 1647 2263 vivorum
1704 2218 1754 2265 et
1817 2220 2163 2266 mortuorum.

617 2294 906 2351 Eternitas
936 2300 1310 2367 suppliciorum
1342 2308 1390 2354 et
1420 2302 1773 2369 prwmiorum.
1825 2300 2077 2356 Meritum
2115 2311 2167 2358 et

614 2390 894 2444 necessitas
928 2389 1179 2446 bonarum
1219 2392 1507 2449 actionum.
1536 2422 1607 2433 —
1636 2391 1869 2449 Sanctus
1915 2394 2166 2452 Clemens

612 2479 798 2536 Iesum
837 2482 1117 2537 Christum
1157 2484 1391 2553 appellat
1419 2499 1633 2554 quoque
1655 2483 1886 2552 judicem
1934 2486 2165 2540 vivorum

611 2583 658 2623 et
682 2583 1005 2625 mortuorum
1028 2572 1161 2643 (l2),
1191 2574 1317 2627 item
1366 2588 1647 2644 poenarum
1677 2574 2027 2629 aeternitatem
2055 2578 2166 2631 cla-

612 2663 834 2718 rissimo
880 2664 1194 2718 testimonio
1255 2664 1510 2729 afﬁrmat,
1551 2665 1679 2720 dum
1726 2665 1792 2720 ad
1848 2665 2163 2727 Corinthios

612 2755 805 2811 scribit
830 2755 940 2825 (l3)
970 2769 982 2805 :
1011 2752 1283 2809 Facientes
1312 2757 1451 2809 enim
1482 2754 1680 2810 Christi
1708 2756 2046 2822 voluntatem,
2077 2775 2163 2812 re-

609 2850 779 2921 quiem
822 2846 1154 2901 inveniemus.
1184 2848 1282 2901 Sin
1318 2848 1488 2901 minus
1519 2848 1690 2902 :nihil
1717 2865 1809 2903 nos
1852 2847 1917 2902 ab
1970 2860 2163 2905 arterno

610 2939 867 3010 supplicio
893 2938 1094 3007 eripiet,
1129 2938 1175 2991 si
1199 2937 1455 2992 mandata
1486 2939 1631 2993 illius
1659 2950 2050 2995 contemnamus
2070 2957 2160 3005 ;...

610 3029 739 3101 quid
769 3028 911 3083 vobis
944 3027 1185 3085 videtur?
1218 3031 1307 3101 qui
1336 3032 1736 3102 incorruptionis
1769 3043 2027 3088 certamen
2046 3050 2163 3089 cor-

2270 1938 2430 1993 quam
2454 1922 2589 1992 justi
2621 1921 2838 1977 fuerunt
2868 1940 2883 1978 :
2950 1922 3112 1975 Ἀλλὰ
3138 1922 3223 1976 διὰ
3252 1923 3350 1993 τῆς
3377 1923 3628 1986 πίστεως,
3656 1923 3722 1977 δι’
3755 1919 3827 1995 ἧς

2268 2012 2471 2076 πάντας
2484 2012 2576 2066 τοῦ
2590 2014 2668 2067 ἀπ
2683 2012 2887 2076 ἀἰῶνος
2898 2013 2927 2065 ὁ
2941 2012 3328 2085 παντοκράτωρ
3346 2012 3476 2076 Θεὸς
3487 2013 3825 2073 ἐδικαίωσεν.

2337 2120 2632 2178 Fatendum
2665 2121 3017 2178 nihilominus
3046 2129 3150 2188 est,
3185 2122 3240 2177 in
3284 2122 3447 2177 allato
3488 2130 3635 2179 textu
3677 2140 3825 2179 non-

2268 2214 2414 2268 nulla
2440 2213 2603 2270 verba
2631 2212 2842 2277 haberi,
2875 2227 2994 2282 qlia
3022 2221 3243 2283 possent
3285 2213 3543 2268 lectorem
3589 2215 3821 2283 morari,

2267 2307 2371 2362 nisi
2404 2305 2642 2376 perfecte
2666 2304 2860 2360 calleat
2898 2320 3026 2360 vera
3058 2303 3233 2361 sancti
3278 2304 3572 2362 Clementis
3611 2306 3825 2377 princi-

2266 2400 2375 2471 pia.
2412 2396 2537 2456 Haec
2585 2405 2767 2451 autem
2810 2396 2977 2451 verba
3024 2396 3169 2451 haud
3207 2397 3281 2450 ita
3316 2399 3601 2468 perspicua
3646 2407 3821 2466 sunt,

2265 2507 2384 2563 quae
2427 2498 2774 2560 sequuntur:
2810 2486 3002 2555 Opera,
3056 2504 3171 2557 qua:
3218 2489 3272 2542 in
3314 2489 3487 2543 cordis
3535 2491 3822 2546 sanctitate

2268 2578 2965 2655 (ἐνὸσίοτητιτῆςκαρδὶας)
2991 2579 3196 2646 operati
3221 2577 3434 2630 sumus!
3482 2576 3557 2631 Ex
3613 2577 3819 2648 quibus

2266 2672 2466 2727 inferre
2495 2669 2618 2741 quis
2642 2674 2838 2739 potest,
2869 2674 3116 2722 sanctum
3157 2668 3302 2743 hunc
3348 2668 3655 2736 pontiﬁcem
3684 2670 3818 2740 reji-

2264 2778 2388 2819 cere
2430 2761 2680 2815 meritum
2722 2758 2989 2814 bonorum
3035 2773 3281 2829 Oper-um.
3327 2759 3603 2815 Immerito
3631 2768 3817 2815 autem

2262 2856 2403 2911 hanc
2428 2853 2719 2908 illationem
2750 2851 2872 2922 quis
2900 2850 3162 2917 inferret;
3195 2859 3247 2905 et
3277 2850 3378 2905 hoc
3394 2859 3536 2906 esset
3564 2852 3820 2907 recedere

2264 2959 2296 2998 a
2324 2950 2503 2999 mente
2533 2942 2705 2996 sancti
2740 2938 3043 3002 Pontiﬁcis,
3077 2940 3168 3010 qui
3218 2956 3327 2995 non
3369 2941 3424 2995 in
3449 2956 3556 2995 uno
3603 2942 3723 2997 loco
3762 2950 3820 2998 et

2263 3032 2515 3087 meritum
2563 3040 2617 3087 et
2644 3032 3021 3086 necessitatem
3050 3030 3311 3086 bonorum
3337 3046 3561 3102 operum
3592 3032 3816 3090 fatetur.

609 3122 829 3192 ruperit,
853 3120 979 3191 quid
1020 3123 1286 3191 patietur?
1315 3123 1390 3178 De
1418 3124 1482 3179 iis
1507 3126 1664 3190 enim,
1694 3126 1782 3196 qui
1808 3127 2039 3198 sigillum
2060 3144 2162 3182 ηοπ
2189 3143 2231 3202 c
2266 3117 2405 3184 Quid
2435 3119 2594 3188 igitur
2619 3117 2891 3185 faciemus,
2913 3118 3150 3188 fratres!
3185 3127 3407 3175 sanctus
3448 3121 3523 3175 ait
3564 3121 3652 3177 ille
3690 3132 3820 3193 post

609 3219 959 3273 servaverunt,
1008 3212 1081 3265 ait
1122 3229 1138 3267 :
1199 3210 1398 3267 Vermis
1452 3229 1631 3266 eorum
1710 3231 1812 3267 non
1873 3216 2163 3288 exstingue-

610 3311 699 3355 tur
728 3303 792 3357 ²¹.
826 3301 1011 3371 Itaque
1039 3302 1232 3372 fratres
1256 3303 1377 3367 mei,
1410 3303 1540 3358 alibi
1562 3304 1753 3359 scribit
1782 3304 1916 3377 (Η),
1947 3307 2161 3362 omnino

610 3413 672 3451 ne
696 3395 1015 3459 vacillemus,
1040 3394 1129 3449 sed
1155 3406 1422 3465 sperantes
1447 3398 1819 3462 sustineamus,
1852 3408 1909 3451 ut
1941 3408 1991 3453 et
2020 3415 2162 3454 mer-

607 3489 781 3543 cedem
831 3497 1179 3558 reportemus.
1216 3486 1417 3541 Fidelis
1464 3488 1604 3541 enim
1630 3497 1727 3554 est,
1767 3490 1858 3560 qui
1896 3490 2162 3559 pollicitus

605 3590 701 3645 est,
743 3596 797 3634 se
824 3580 1095 3650 unicuique
1124 3578 1498 3633 retributurum
1527 3596 1741 3648 operum
1771 3582 2158 3639 retributiones.

2263 3211 2427 3265 allata
2449 3210 2699 3280 superius
2724 3210 2887 3265 verba
2911 3210 2959 3281 (l
2971 3210 3053 3281 7);
3080 3210 3398 3265 cessabimus
3454 3228 3489 3265 a
3516 3211 3664 3267 bonis
3694 3230 3819 3282 ope-

2262 3304 2429 3368 ribus,
2454 3312 2505 3359 et
2532 3303 2840 3357 charitatem
2882 3302 3334 3372 derelinquemus?
3363 3302 3681 3376 Neutiquam
3717 3306 3819 3361 hoc

2262 3412 2295 3450 a
2324 3395 2469 3450 nobis
2498 3395 2615 3464 ﬁeri
2637 3395 2906 3464 permittat
2934 3394 3223 3459 Dominus;
3258 3393 3348 3449 sed
3374 3411 3491 3449 cum
3544 3396 3816 3467 diligentia

2261 3496 2311 3541 et
2350 3486 2629 3540 alacritate
2669 3485 2970 3553 festinemus
3003 3501 3151 3539 omne
3188 3500 3317 3553 opus
3341 3486 3710 3556 'perﬁcere.....
3740 3490 3817 3542 vi-

2262 3577 2498 3640 deamus,
2529 3576 2665 3646 quod
2686 3576 2741 3629 in
2773 3575 2918 3629 bonis
2945 3574 3184 3645 operibus
3212 3577 3389 3631 ornati
3411 3578 3607 3646 fuerint
3637 3595 3814 3633 omnes

608 3671 668 3726 Si
696 3688 816 3742 ergo
847 3671 1119 3741 fecerimus
1164 3670 1430 3739 justitiam
1464 3687 1643 3725 coram
1689 3671 1820 3737 Deo,
1849 3675 1905 3726 in
1944 3690 2161 3743 regnum
2251 3670 2409 3741 justi.
2430 3669 2499 3723 Et
2521 3670 2629 3738 ipse
2647 3684 2769 3738 ergo
2790 3666 3069 3731 Dominus,
3098 3685 3215 3721 cum
3243 3686 3297 3724 se
3316 3669 3553 3739 operibus
3578 3670 3818 3726 decoras-

605 3761 973 3833 ingrediemur,
1001 3769 1049 3814 et
1077 3760 1386 3828 accipiemus
1414 3760 1808 3831 promissiones,
1859 3780 1989 3834 quas
2015 3783 2035 3816 ι
2065 3780 2164 3819 au-

606 3854 680 3907 ris
719 3869 824 3907 non
875 3851 1096 3918 audivit,
1123 3868 1213 3906 nec
1236 3852 1417 3908 oculus
1447 3852 1593 3916 vidit.
1623 3870 1837 3926 quazque
1857 3855 1911 3911 in
1943 3873 2034 3912 cor
2062 3857 2159 3914 ho-

606 3946 761 3999 minis
800 3962 904 3999 non
939 3944 1283 3999 ascenderunt
1312 3946 1377 4001 ²³.
1415 3965 1434 3999 ι

676 4036 854 4093 Verba
898 4037 1102 4092 faciens
1140 4045 1363 4094 sanctus
1392 4037 1643 4097 Clemens
1672 4038 1741 4097 de
1776 4042 1967 4114 gratiis
2021 4060 2160 4115 quas

603 4136 817 4185 veteres
859 4129 1183 4200 patriarcha:
1220 4130 1504 4186 consecuti
1553 4140 1702 4196 sunt,
1752 4142 1939 4205 aperte
1977 4136 2157 4205 docet,

604 4218 705 4274 has
732 4234 922 4274 omnes
949 4217 1117 4273 Deum
1148 4219 1320 4290 gratis
1362 4221 1613 4292 largitum
1639 4222 1831 4289 fuisse,
1863 4233 1917 4282 et
1963 4226 2159 4283 horum

603 4312 841 4366 virorum
906 4311 1136 4375 meritis,
1194 4326 1259 4367 ac
1312 4312 1472 4369 bonis
1525 4316 1785 4384 operibus
1828 4318 1995 4374 tribui
2050 4336 2159 4376 non

604 4417 780 4473 posse.
816 4400 867 4456 Ii
892 4417 1010 4473 ergo
1042 4418 1239 4467 omnes,
1280 4402 1355 4457 ait
1377 4403 1463 4459 ille
1493 4404 1624 4478 (i5).
1648 4407 1870 4477 gloriam
1900 4419 1948 4464 et
1971 4413 2161 4481 ampli-

605 4494 834 4548 tudinem
862 4496 1123 4550 consecuti
1152 4506 1294 4562 sunt,
1325 4514 1429 4551 non
1458 4512 1550 4567 per
1577 4515 1632 4553 se
1673 4500 1836 4569 ipsos,
1868 4510 1963 4555 aut
2003 4519 2158 4572 opera

601 4603 720 4648 sua,
753 4595 843 4641 aut
861 4586 1039 4656 justas
1068 4590 1318 4653 actiones,
1357 4606 1487 4659 quas
1511 4590 1764 4656 fecerunt,
1801 4592 1889 4647 sed
1929 4610 2021 4663 per
2064 4614 2156 4651 vo-

603 4678 854 4732 luntatem
899 4678 1033 4748 ejus.
1083 4679 1163 4735 Ex
1211 4681 1410 4751 quibus
1458 4683 1758 4753 praemissis
1808 4684 1949 4741 hanc
1993 4686 2158 4744 infert

602 4771 898 4825 illationem
946 4771 1058 4843 (ιε)
1090 4790 1102 4827 :
1155 4771 1225 4826 Et
1254 4789 1349 4828 nos
1381 4773 1544 4844 igitur
1579 4788 1646 4828 ea:
1680 4774 1945 4832 voluntate
1988 4779 2156 4849 illius,

601 4863 722 4917 scil.
756 4861 872 4923 Dei.
892 4862 944 4915 in
965 4862 1173 4918 Christo
1196 4861 1325 4919 Jesu
1351 4866 1540 4930 vocati,
1574 4882 1677 4921 non
1704 4881 1794 4935 per
1814 4871 2155 4940 nosmetipsos

594 4952 729 5022 justi
777 4953 1057 5023 efﬁcimur;
1096 4970 1255 5025 neque
1282 4970 1373 5023 per
1395 4957 1711 5026 sapientiam
1758 4966 2014 5026 nostram,
2063 4970 2154 5016 aut

600 5044 1014 5114 intelligentiam,
1044 5052 1136 5097 aut
1160 5044 1422 5112 pietatem,
1469 5057 1563 5100 aut
1594 5062 1771 5116 opera,
1816 5064 1932 5119 qua:
1960 5050 2013 5104 in
2038 5066 2157 5106 cor-

599 5133 681 5189 dis
725 5136 1003 5190 sanctitate
1045 5136 1248 5205 operati
1299 5153 1511 5203 sumus;
1557 5137 1649 5193 sed
1697 5154 1790 5209 per
1836 5138 2017 5210 fidem,
2063 5158 2155 5213 per

2260 3770 2357 3825 set,
2388 3761 2595 3830 gavisus
2636 3768 2735 3815 est.
2775 3759 3038 3814 Habentes
3073 3760 3250 3831 itaque
3276 3760 3371 3815 hoc
3402 3763 3688 3831 exemplar,
3713 3763 3816 3816 im-

2259 3851 2402 3921 pigre
2430 3849 2499 3903 ad
2522 3848 2838 3903 voluntatem
2863 3848 2977 3917 ejus
3010 3846 3353 3912 accedamus;
3377 3864 3442 3902 ea:
3476 3850 3597 3903 totis
3618 3848 3815 3903 viribus

2261 3940 2455 3995 nostris
2508 3954 2779 4008 operemur
2820 3952 2951 4005 opus
2992 3936 3231 4001 iustitiae.
3282 3934 3349 3990 Et
3375 3938 3563 4008 paucis
3593 3937 3818 4008 interie-

2258 4035 2383 4100 ctis,
2420 4034 2500 4090 sic
2527 4034 2802 4089 concludit
2832 4035 2944 4107 (18)
2972 4053 2985 4090 :
3013 4033 3230 4104 Oportet
3246 4049 3367 4104 ergo
3396 4048 3488 4087 nos
3518 4031 3585 4086 ad
3614 4032 3814 4087 bonum

2258 4126 2563 4183 faciendum
2602 4137 2839 4197 prompto
2867 4127 3042 4181 animo
3064 4142 3175 4180 esse
3200 4140 3219 4179 :
3250 4140 3314 4178 ea:
3332 4124 3428 4179 hoc
3467 4124 3603 4179 enim
3636 4124 3819 4177 omnia

2258 4228 2520 4274 constant.
2572 4216 2849 4274 Sullieiant
2896 4218 3031 4284 haec,
3080 4226 3139 4273 ut
3180 4215 3433 4273 omnibus
3485 4214 3815 4282 innotescat,

2259 4313 2389 4386 quid
2418 4319 2641 4368 sanctus
2672 4312 2922 4369 Clemens
2947 4312 3180 4368 senserit
3214 4311 3281 4366 de
3326 4308 3519 4366 merito
3545 4316 3601 4364 et
3623 4323 3817 4365 neces-

2262 4407 2424 4463 sitate
2461 4405 2727 4459 bonorum
2774 4419 3021 4474 operum.
3068 4404 3341 4459 Caeterum
3387 4401 3609 4473 quando
3655 4400 3813 4467 dicit,

2188 4490 2232 4546 Ῑ)
2261 4514 2362 4555 nos
2392 4513 2487 4568 per
2510 4498 2652 4552 bona
2680 4511 2843 4567 opera
2884 4512 2991 4552 non
3037 4497 3225 4551 venire
3252 4495 3319 4551 ad
3342 4492 3813 4566 justiﬁeationem,

2260 4591 2314 4646 id
2346 4590 2507 4646 unice
2536 4589 2792 4653 intendit,
2819 4589 2963 4645 bona
3006 4587 3222 4659 pietatis
3258 4602 3423 4658 opera
3466 4588 3521 4642 in
3573 4602 3633 4642 se
3680 4586 3817 4657 ipsis

2257 4692 2505 4754 accepta,
2535 4688 2591 4738 et
2620 4680 2743 4737 ﬁdei
2785 4680 2978 4753 spiritu
3009 4678 3297 4744 destituta,
3347 4680 3510 4736 sicuti
3560 4681 3815 4751 superius

2256 4772 2514 4836 diximus,
2564 4772 2779 4843 operari
2806 4787 2913 4827 non
2963 4786 3122 4842 posse
3169 4782 3413 4827 nostram
3460 4771 3813 4842 iustiﬁcatio-

2256 4880 2404 4931 nem,
2440 4872 2495 4921 et
2524 4880 2592 4921 ex
2636 4864 2752 4921 sola
2801 4863 2926 4927 ﬁde.
2955 4878 3064 4934 qua
3108 4878 3275 4935 opera
3316 4871 3503 4920 nostra
3535 4864 3817 4919 viviﬁcan-

2261 4964 2372 5018 tur.
2424 4956 2673 5012 effectum
2718 4954 2864 5009 hunc
2913 4969 3076 5026 posse
3114 4955 3438 5027 exspectari.
3493 4954 3607 5012 Hoc
3654 4964 3818 5028 pacto

2261 5057 2482 5104 sanctus
2526 5046 2773 5103 Pontifex
2801 5045 2932 5102 satis
2970 5061 3240 5118 superque
3281 5048 3598 5120 comprobat
3635 5049 3819 5105 excel-

2261 5141 2507 5198 lentiam.
2540 5148 2594 5195 et
2622 5138 2915 5195 efﬁcaciam
2939 5137 3063 5195 ﬁdei
3088 5137 3432 5195 Christiane.

669 5285 871 5344 ".lsai.
923 5304 1070 5347 Lm.
1116 5289 1210 5347 24.
1286 5290 1331 5323 ’⁸
1360 5289 1483 5347 lsai.
1517 5308 1665 5362 utv,
1718 5294 1774 5363 ις
1804 5303 1859 5353 et
1893 5294 1913 5350 Ι
1945 5296 2071 5355 Cor.
2094 5299 2179 5367 fit,
2227 5299 2283 5356 9.

673 5466 771 5543 ﬁt)“
818 5466 989 5543 Clem.
1017 5467 1200 5543 Rom.,
1229 5470 1390 5541 epist.
1421 5469 1476 5538 2,
1510 5487 1628 5543 cap.
1653 5474 1704 5529 4.

696 5538 781 5610 i9)
820 5539 988 5610 idem,
1010 5542 1183 5610 ep.ri,
1211 5538 1329 5610 cap.
1355 5544 1445 5600 49.

703 5557 761 5591 IU
822 5557 1040 5622 mem,e
1073 5583 1097 5623 '.
1131 5557 1183 5604 ι,
1211 5557 1329 5610 cap.
1355 5557 1390 5596 4

822 5608 987 5681 idem,
1013 5557 1165 5671 ibid"
1192 5626 1312 5681 cap.
1340 5613 1392 5667 7.

669 5678 781 5745 (ιε)
824 5678 991 5748 Epist.
1022 5680 1079 5742 2,
1106 5695 1225 5748 cap.
1260 5678 1313 5736 't.

673 5747 782 5811 (15)
821 5747 979 5813 lbid.,
1011 5766 1128 5816 cap.
1167 5747 1199 5804 6
1225 5758 1274 5805 et
1308 5752 1359 5805 7.

2329 5479 2440 5550 (it)
2478 5476 2647 5549 Epist.
2671 5480 2726 5540 2.
2758 5494 2877 5550 cap.
2906 5482 2988 5537 ll.

2329 5550 2441 5621 (l5)
2478 5550 2650 5621 Epist.
2677 5552 2728 5615 i,
2753 5567 2873 5621 cap.
2899 5553 2987 5607 52.

2328 5619 2441 5691 (ιδ)
2480 5619 2612 5691 Ibid.

2329 5689 2441 5762 (υ)
2480 5689 2637 5762 una"
2668 5705 2788 5762 cap.
2813 5692 2902 5746 ss.

2328 5760 2440 5831 (l8)
2480 5760 2641 5817 lbid..
2668 5760 2790 5833 cap.
2823 5762 2910 5817 34.
