4070 6340
246 354 360 412 {65

672 465 703 538 ᾗ
743 469 830 524 111.
874 467 948 524 De
989 470 1385 526 resurrectione.

314 558 642 619 Resurrectio
671 566 867 620 carnis.
896 595 966 604 -—
987 563 1061 620 De
1088 566 1487 623 resurrectione
1518 583 1810 639 corporum

243 655 523 724 expressis
570 658 818 713 terminis
870 657 1115 727 loquitur
1158 665 1383 714 sanctus
1419 657 1694 715 Clemens.
1742 658 1813 713 Ut

245 748 525 814 possimus
564 748 721 803 facile
756 747 974 803 veritati
1004 747 1132 801 huic
1152 747 1310 803 ﬁdem
1335 757 1616 820 praestare,
1641 749 1814 804 utitur

243 847 470 894 sanctus
526 840 614 894 hic
669 839 913 911 pontifex
952 841 1008 896 in
1049 842 1277 909 epistola
1324 843 1497 913 prima
1533 841 1810 912 aliquibus

242 935 725 999 similitudinibus,
765 951 887 1006 quae
935 935 1171 991 humiles
1199 943 1346 1001 sunt,
1374 943 1429 989 et
1460 937 1641 991 minus
1674 935 1814 1005 peri-

239 1033 419 1100 torum
454 1034 677 1096 captum
719 1042 830 1081 non
876 1035 1155 1095 superant.
1197 1024 1382 1080 Primo
1414 1025 1467 1080 id
1510 1026 1705 1095 probat
1743 1042 1810 1081 ex

242 1117 351 1187 ipsa
374 1120 784 1175 resurrectione
811 1116 1131 1183 Salvatoris,
1160 1134 1225 1173 ac
1244 1118 1377 1172 dicit
1404 1116 1592 1173 Jesum
1644 1118 1810 1173 Chri-

246 1216 378 1263 stum
396 1211 715 1267 ostendisse
743 1212 901 1267 nobis
927 1213 979 1265 in
1000 1227 1097 1266 sua
1121 1212 1523 1266 resurrectione
1545 1212 1811 1281 primitias

244 1304 669 1360 resurrectionis
714 1312 938 1362 nostrae.
978 1304 1233 1358 Secundo
1279 1304 1476 1373 probat
1502 1304 1609 1358 hoc
1646 1305 1809 1360 ducta

245 1398 470 1467 puritate
500 1413 532 1452 a
572 1404 735 1452 nocte
764 1404 819 1452 et
847 1397 937 1453 die
965 1396 1069 1453 sibi
1110 1397 1342 1451 invicem
1386 1398 1809 1454 succedentibus

244 1488 377 1559 (l9);
410 1490 582 1544 tertio
608 1506 673 1546 ex
705 1489 1025 1561 quotidiana
1054 1490 1411 1560 experientia,
1450 1506 1556 1561 qua
1587 1491 1809 1562 conspi-

240 1581 412 1634 cimus
444 1580 623 1645 arida,
657 1590 710 1635 et
738 1579 885 1635 nuda
920 1580 1129 1636 semina
1158 1580 1214 1635 in
1245 1588 1447 1636 terram
1476 1582 1646 1651 jacta,
1692 1597 1809 1636 ina-

239 1688 336 1743 gna
360 1673 725 1743 providentia:
752 1670 970 1728 Domini
996 1673 1198 1728 virtute
1227 1688 1544 1744 exsurgere,
1588 1687 1653 1727 ac
1691 1672 1809 1727 fru-

238 1769 378 1816 etum
408 1761 679 1832 proferre.

1471 355 1808 414 PRO€EMIA
1846 357 2224 419 VARIORUM.

1836 480 1881 537 Α
1909 477 2077 534 altera
2108 496 2236 536 vero
2264 483 2608 553 omnipotens
2638 493 2742 551 est,
2766 493 2825 542 ut
2852 503 2975 561 quae
3020 491 3289 562 promisit,
3314 493 3495 553 adim-

3391 375 3493 430 (εδ

1912 570 2057 640 pleat
2083 592 2099 628 :
2130 590 2262 646 ergo
2287 576 2493 648 absque
2542 578 2652 632 ulla
2695 587 3067 640 controversia
3111 602 3342 657 corpora
3388 605 3494 645 nu-

1912 671 2027 719 stra
2067 677 2372 739 resurgent.
2422 670 2819 743 Argumentum
2870 676 2993 739 hoc,
3040 678 3217 733 dicam
3268 681 3489 751 iterum,

1911 758 2177 829 cujusque
2200 761 2464 817 increduli
2500 767 2865 835 pervicaciam
2892 781 3186 840 expugnat.

1982 850 2049 905 In
2058 855 2271 923 propria
2284 871 2439 910 carne
2452 860 2645 911 mortui
2660 861 3081 931 resurgent.—In
3096 866 3334 920 secunda
3353 884 3488 923 vero

1910 943 2021 1015 (24)
2052 945 2279 1015 epistola
2302 961 2559 1016 expresse
2582 951 2798 1013 asserit,
2831 951 2975 1020 quod
3006 952 3060 1005 in
3085 956 3301 1025 propria
3325 972 3490 1015 carne

1911 1045 2100 1091 nostra
2125 1054 2492 1109 resurgemus,
2511 1043 2733 1111 proprio
2756 1052 2944 1098 nostro
2965 1060 3193 1115 corpore
3220 1048 3488 1105 bonorum

1908 1142 2137 1196 operum
2166 1130 2467 1185 mercedem
2494 1132 2837 1202 recipiemus.
2867 1133 2980 1188 Nos
3013 1136 3068 1189 in
3096 1137 3194 1191 hac
3222 1156 3399 1205 carne,
3430 1144 3490 1198 ἐν

1906 1217 2079 1287 ταύτῃ
2120 1221 2186 1289 τῇ
2231 1220 2423 1291 σαρκί.
2454 1220 2739 1275 mercedem
2788 1224 3113 1291 recipiemus.
3169 1225 3390 1282 Summa
3431 1228 3489 1283 in

1908 1325 2076 1380 parvo
2106 1310 2207 1363 hoc
2246 1318 2393 1365 textu
2427 1313 2674 1381 praecisio
2704 1315 2997 1383 reperitur,
3036 1322 3091 1371 et
3139 1317 3271 1371 nulli
3318 1320 3482 1391 tergi-

1910 1400 2203 1454 versationi
2237 1400 2392 1455 locus
2431 1410 2697 1460 remanet.

2216 1488 2242 1561 §
2281 1490 2368 1545 IV.
2402 1491 2479 1545 De
2508 1492 2802 1547 hierarchia
2828 1495 3203 1550 ecclesiastica.

1978 1579 2217 1635 Plurima
2237 1581 2381 1636 haud
2410 1583 2544 1639 levis
2566 1585 2824 1639 momenti
2840 1586 3005 1639 tradit
3020 1595 3267 1642 vetustus
3282 1588 3370 1643 hic
3382 1588 3489 1645 Pa-

1905 1680 1988 1729 ter
2001 1675 2146 1729 circa
2166 1676 2596 1730 ecclesiasticum
2622 1678 2892 1733 ordinem.
2950 1678 3133 1734 Primo
3162 1682 3275 1734 vult
3302 1682 3489 1739 omnia

1909 1764 1964 1819 in
1994 1765 2235 1821 Ecclesia
2287 1767 2535 1822 ordinate
2584 1768 2721 1822 fieri.
2756 1767 2980 1833 Cuncta,
3022 1770 3199 1840 inquit
3230 1772 3319 1826 ille
3349 1773 3486 1843 (25),

304 1828 580 1906 Fabulosa
610 1852 835 1907 historia
866 1851 1421 1919 phaenicis.—Quarto
1443 1867 1508 1908 ex
1554 1852 1802 1911 fabulosa
1834 1828 1877 1883 Β
1906 1857 2088 1912 ordine
2121 1857 2365 1913 debemus
2388 1859 2581 1929 facere,
2615 1876 2731 1929 qua:
2764 1877 2857 1914 nos
2895 1828 3151 1916 Dominus
3173 1863 3337 1931 jussit
3352 1828 3487 1935 per:

239 1940 464 1995 historia
497 1942 774 2012 phomicis
802 1941 937 2012 (20).
956 1942 1014 1996 ln
1031 1943 1393 1997 orientalibus
1408 1943 1565 2007 locis,
1593 1944 1804 2000 scilicet

238 2034 289 2088 in
312 2035 728 2099 Arabia,tradit
746 2044 970 2091 sanctus
1000 2035 1275 2102 Clemens,
1294 2045 1379 2093 est
1398 2038 1514 2095 avis
1536 2039 1663 2102 ista,
1683 2053 1805 2109 quae

232 2133 465 2178 vocatur
480 2126 728 2195 phrenix,
760 2143 879 2197 quae
902 2126 1197 2197 singularis
1226 2136 1280 2183 et
1308 2129 1541 2200 unigena
1562 2130 1804 2186 existens

232 2232 415 2272 annos
431 2219 560 2272 vivit
583 2220 931 2290 quingentos.
958 2219 1093 2275 Cum
1115 2220 1226 2291 jam
1256 2230 1431 2277 morte
1460 2222 1803 2280 dissolvenda

229 2317 336 2373 est,
370 2310 608 2365 loculum
658 2312 758 2368 sibi
790 2312 1011 2368 coniicit
1053 2330 1083 2369 e
1112 2315 1293 2378 thure,
1339 2316 1559 2387 myrrha
1592 2323 1645 2371 et
1676 2318 1804 2373 reli-

226 2402 353 2471 quis
376 2403 737 2463 aromatibus.
768 2421 928 2476 quem
963 2407 1203 2461 loculum
1251 2409 1519 2478 completo
1560 2415 1803 2480 tempore

230 2493 535 2564 ingreditur
565 2502 622 2549 et
646 2496 780 2551 obit.
809 2495 885 2550 Ex
917 2512 1085 2552 carne
1128 2498 1249 2568 ejus
1272 2499 1573 2568 putrefacta
1601 2501 1801 2557 vermis

229 2588 474 2643 nascitur
499 2588 750 2658 quidam,
780 2588 875 2659 qui
905 2589 1162 2646 animalis
1184 2590 1431 2646 defuncti
1455 2591 1684 2648 humore
1705 2610 1803 2648 nu-

229 2682 390 2736 tritus
411 2681 734 2751 plumescit,
764 2689 817 2737 et
838 2682 943 2736 alia
969 2681 1194 2753 phoenix
1226 2684 1469 2739 omnium
1507 2685 1679 2741 oculis
1700 2702 1798 2757 apo

230 2782 401 2845 paret.
461 2772 772 2829 Nonnullas
814 2774 949 2828 alias
981 2775 1150 2830 miras
1179 2776 1623 2831 circumstantias
1657 2778 1800 2832 reci—

230 2871 305 2915 tat
329 2863 400 2918 de
431 2864 689 2933 phoenice
726 2871 950 2918 sanctus
970 2860 1243 2928 Clemens,
1268 2880 1390 2935 qua:
1424 2865 1589 2919 sicuti
1639 2864 1801 2920 modo

1904 1965 2097 2021 agere:
2127 1952 2341 2005 statutis
2384 1951 2701 2021 temporibus
2733 1952 3022 2007 oblationes
3064 1963 3113 2007 et
3157 1956 3323 2024 oﬂicia
3369 1973 3482 2025 per-

1903 2043 2013 2111 ﬁci,
2058 2059 2219 2113 neque
2267 2052 2453 2097 temere
2483 2043 2560 2097 vel
2592 2042 2891 2098 inordinate
2939 2046 3058 2115 ﬁeri
3107 2050 3370 2117 prcecepit,
3394 2050 3487 2104 sed

1902 2136 2180 2205 praeﬁnitis
2208 2134 2525 2204 temporibus
2554 2143 2604 2188 et
2629 2134 2771 2189 horis
2796 2151 2813 2189 :
2837 2135 2925 2189 ubi
2950 2138 3107 2191 etiam
3142 2148 3191 2192 et
3234 2157 3267 2192 a
3298 2139 3485 2211 quibus

1902 2226 2154 2281 celebrari
2182 2228 2310 2291 vult,
2344 2229 2452 2297 ipse
2494 2243 2591 2282 sua
2619 2226 3060 2282 excellentissima
3091 2230 3358 2285 voluntate
3394 2231 3489 2286 de-

1902 2320 2093 2388 ﬁnivit,
2120 2330 2178 2373 ut
2208 2338 2336 2391 pure
2363 2331 2413 2375 et
2455 2329 2631 2375 sancte
2677 2336 2854 2373 omnia
2883 2320 3027 2389 facta
3056 2323 3111 2377 in
3141 2323 3481 2392 beneplaeito,

1903 2422 2113 2481 accepta
2154 2423 2326 2467 essent
2365 2415 2622 2468 voluntati
2664 2415 2801 2484 ejus.
2848 2414 3072 2485 Semper
3099 2416 3265 2487 igitur
3296 2416 3349 2470 in
3382 2417 3486 2471 Εοι

1901 2503 2064 2557 clesia
2118 2519 2217 2572 pro
2267 2505 2632 2561 celebratione
2684 2507 2854 2561 divini
2899 2506 3157 2561 sacrificii
3198 2500 3484 2579 'assignata

1902 2592 2125 2649 fuerunt
2156 2595 2293 2658 loca,
2322 2604 2567 2665 tempora
2599 2614 2663 2653 ac
2692 2614 2957 2668 personae.

1972 2684 2142 2757 Magis
2171 2694 2351 2742 autem
2394 2688 2583 2755 instat,
2622 2691 2800 2759 quoad
2830 2690 3253 2746 ecclesiasticam
3287 2690 3487 2745 subor-

1900 2775 2271 2831 dinationem:
2305 2776 2522 2831 Summo
2551 2779 2751 2849 quippe
2776 2778 3059 2842 sacerdoti,
3102 2782 3176 2833 ait
3224 2780 3312 2836 ille
3342 2780 3481 2852 (26),

1899 2885 1997 2923 sua
2026 2871 2207 2922 munia
2255 2869 2453 2923 tributa
2499 2879 2643 2935 sunt,
2692 2880 2741 2925 et
2788 2870 3144 2926 sacerdotibus
3178 2871 3319 2925 locus
3357 2886 3483 2940 pro-

231 2959 405 3011 aliaue
453 2957 843 3011 commentitiat
903 2964 1051 3012 sunt.
1111 2955 1325 3011 Erravit
1352 2972 1483 3028 ergo
1526 2956 1796 3023 Pontifex,
1896 2961 2043 3030 prius
2070 2962 2371 3030 assignatus
2400 2970 2497 3023 est,
2530 2970 2579 3015 et
2612 2963 2777 3017 levitis
2829 2981 2926 3017 sua
2958 2964 3249 3017 ministeria
3278 2966 3479 3017 incum-

231 3050 350 3104 dunt
411 3050 729 3118 hujusmodi
773 3050 1016 3105 historiae
1058 3052 1271 3120 plenam
1319 3051 1477 3106 ﬁdem
1516 3051 1793 3117 adhibuit;

228 3152 488 3197 ueterum
520 3142 724 3197 erravit
752 3158 875 3196 cum
919 3143 1198 3213 plerisque
1250 3142 1669 3213 spectatissimis
1698 3158 1796 3197 au-

228 3231 474 3287 ctorihus
493 3233 743 3295 vetustis,
762 3231 1251 3303 Citristianisaeque
1269 3248 1331 3287 ac
1358 3233 1650 3303 gentilibus
1665 3233 1797 3307 (21).

291 3321 502 3389 Quinto
549 3321 767 3377 tandem
807 3329 1027 3378 sanctus
1061 3321 1311 3377 Pontifex
1337 3322 1529 3391 probat
1556 3337 1803 3377 resurre-

228 3416 459 3472 ctionem
496 3424 833 3470 mortuorum
873 3416 940 3470 iis
978 3414 1272 3486 Scriptura:
1320 3415 1474 3479 locis,
1510 3415 1565 3469 in
1602 3415 1801 3486 quibus

227 3522 403 3562 sentio
427 3515 522 3562 est
548 3507 616 3561 de
646 3507 747 3561 hac
768 3508 1013 3571 veritate,
1045 3508 1222 3577 iisque
1244 3508 1414 3562 utitur
1436 3507 1714 3576 aptissime
1732 3505 1802 3560 ad

226 3601 377 3655 fidem
406 3609 467 3655 et
497 3615 649 3669 spem
677 3615 839 3668 super
876 3599 1023 3653 hunc
1057 3600 1345 3653 articulum
1376 3600 1431 3652 in
1468 3599 1625 3654 nobis
1653 3598 1801 3652 exci-

225 3692 471 3746 tandum.
492 3691 656 3756 Deus,
677 3692 767 3762 qui
789 3708 850 3745 ne
866 3692 1179 3744 mentiamur
1197 3692 1460 3761 prascepit,
1486 3692 1698 3762 egregie
1720 3695 1798 3745 ait

225 3785 310 3839 ille
333 3784 480 3855 (22),
506 3784 671 3838 multo
700 3784 867 3853 magis
891 3800 995 3837 non
1020 3784 1286 3839 mentitur.
1310 3783 1459 3837 Nihil
1488 3784 1671 3853 quippe
1692 3783 1799 3838 Deo

222 3877 569 3944 impossibile,
598 3886 946 3948 praaterquam
980 3877 1208 3943 mentiri.
1242 3875 1606 3931 Exsuscitetur
1627 3878 1801 3947 itaque

223 3965 274 4017 in
301 3966 455 4019 nobis
480 3964 616 4033 ﬁdes
638 3965 773 4034 ejus,
801 3965 1079 4021 concludit
1099 3966 1237 4036 ipse,
1267 3975 1315 4020 et
1345 3969 1626 4037 cogitemus
1664 3968 1800 4038 quod

220 4060 394 4111 omnia
426 4058 531 4126 ipsi
575 4058 863 4128 propinqua
910 4067 1036 4115 sint.
1085 4057 1151 4112 In
1198 4058 1349 4113 verbo
1402 4061 1800 4131 magniﬁcentia:

220 4164 327 4200 suae
350 4148 631 4202 constituit
662 4150 860 4212 omnia,
893 4157 943 4202 et
978 4150 1031 4201 in
1063 4148 1213 4203 uerbo
1236 4157 1403 4217 potest
1432 4152 1528 4203 illa
1556 4162 1796 4208 evertere.

219 4238 350 4292 Cum
377 4239 574 4301 uoluit,
614 4249 766 4309 atque
809 4249 869 4292 nt
917 4240 1100 4303 voluit,
1140 4241 1317 4294 omnia
1361 4240 1591 4294 condidit
1639 4241 1795 4312 (25):

218 4345 376 4397 neque
403 4330 697 4400 quidquam
735 4329 799 4383 ab
825 4346 884 4385 eo
909 4329 1170 4386 decretum
1198 4333 1481 4400 praeteribit
1508 4347 1527 4386 :
1558 4334 1799 4389 universa

218 4436 395 4473 coram
432 4422 550 4490 ipso
588 4431 729 4485 sunt,
772 4421 1000 4493 nihilque
1039 4423 1315 4477 consilium
1359 4425 1472 4506 ejus
1510 4425 1654 4481 latet.
1687 4425 1799 4481 Hac

1900 3056 2060 3117 bunt;
2086 3052 2238 3107 homo
2270 3054 2457 3120 laicus,
2478 3053 2661 3118 λαϊκὺς
2693 3055 2995 3126 ἄνθρωπος,
3027 3056 3299 3122 ρταιεεριὶε
3330 3055 3480 3110 laicis

1903 3145 2296 3215 constringitur.
2328 3144 2404 3199 Εἰς
2434 3146 2635 3215 quibus
2681 3148 2956 3201 concludit
2995 3146 3105 3218 (27)
3135 3164 3148 3201 :
3189 3145 3482 3217 Unusquis-

1900 3252 1998 3306 que
2025 3244 2272 3299 vestrum,
2302 3236 2517 3304 fratres,
2543 3238 2596 3290 in
2620 3246 2763 3291 statu
2788 3255 2883 3291 suo
2908 3239 3110 3308 gratias
3136 3237 3242 3291 Deo
3264 3238 3476 3304 habeat,

1901 3327 1955 3381 iu
1987 3326 2122 3383 bona
2152 3330 2469 3385 conscientia
2508 3330 2716 3398 degens,
2750 3346 2851 3383 non
2902 3330 3289 3401 transgrediens
3341 3346 3480 3395 pra:-

1901 3419 2149 3488 scriptam
2185 3421 2414 3474 ntuneris
2440 3421 2523 3473 sui
2545 3419 2799 3489 regulam,
2829 3421 2882 3473 in
2914 3420 3197 3475 honestate.
3225 3420 3478 3475 Conside-

1902 3528 2071 3565 remus
2116 3527 2224 3573 eos,
2272 3510 2433 3564 habet
2478 3507 2594 3577 ipse
2638 3507 2768 3561 alibi
2809 3508 2944 3579 (28).
2975 3508 3065 3579 qui
3128 3507 3221 3561 sub
3258 3507 3477 3563 ducibus

1901 3605 2094 3659 nostris
2140 3609 2356 3666 merent,
2388 3617 2547 3671 quam
2586 3600 2846 3665 ordinate,
2870 3616 3027 3670 quam
3058 3610 3287 3660 strenue.
3318 3616 3476 3670 quam

1900 3696 2157 3753 submisse
2177 3695 2435 3765 imperata
2461 3700 2827 3763 exsequantur.
2855 3690 2978 3745 Non
2997 3708 3172 3745 omnes
3193 3701 3311 3744 sunt
3339 3707 3478 3760 prte-

1900 3789 2042 3858 fecti,
2069 3803 2228 3858 neque
2275 3787 2490 3849 tribuni,
2541 3800 2700 3855 neque
2741 3783 3088 3848 centuriones,
3114 3798 3274 3853 neque
3320 3783 3476 3852 quin-

1899 3883 2150 3954 quaginta
2178 3881 2405 3935 militum
2425 3879 2680 3949 prcefecti,
2720 3894 2880 3949 neque
2907 3877 3326 3947 consequentium
3349 3892 3476 3946 gra-

1899 3975 2095 4037 duum;
2129 3971 2217 4028 sed
2248 3972 2597 4042 unusquisque
2641 3970 2695 4023 in
2729 3986 2823 4023 suo
2859 3968 3038 4022 ordine
3075 3968 3138 4021 ab
3165 3968 3475 4036 imperatore

1898 4076 1946 4121 et
1970 4064 2189 4119 ducibus
2218 4061 2474 4117 mandata
2505 4062 2726 4131 peragit.
2770 4059 2908 4115 Hinc
2942 4059 3265 4128 conjicimus
3294 4060 3474 4131 qualis

1899 4164 2043 4213 esset
2073 4156 2262 4227 primis
2308 4154 2565 4210 Ecclesiae
2600 4152 2937 4223 temporibus
2972 4152 3370 4216 subordinatio,
3412 4152 3470 4208 in

1899 4247 2204 4303 ministerio
2255 4252 2309 4302 et
2365 4244 2752 4302 ecclesiasticis
2793 4243 3181 4314 dignitatibus;
3225 4242 3470 4313 episcopi

1898 4343 2107 4398 scilicet
2136 4339 2446 4396 eminebant
2481 4354 2645 4408 super
2691 4338 2966 4407 simplices
3011 4336 3341 4399 sacerdotes,
3373 4349 3468 4391 sa-

1899 4431 2146 4485 cerdotes
2175 4445 2303 4485 vero
2349 4444 2513 4500 super
2539 4429 2820 4494 diaconos,
2859 4437 2911 4483 et
2950 4428 3245 4499 generatim
3277 4426 3465 4483 clerici

218 4511 704 4577 doetrina,veritas
759 4514 826 4568 de
852 4530 959 4584 qua
983 4515 1213 4586 agimus,
1242 4532 1357 4571 mea
1397 4518 1651 4587 opinione
1682 4519 1797 4573 evi-
1831 4546 1875 4601 ι)
1901 4534 2062 4588 super
2092 4520 2282 4577 laicos.

219 4605 545 4661 dentissinte
582 4607 932 4677 comprobata
976 4615 1080 4665 est.
1131 4609 1471 4680 lmpossibile
1513 4620 1597 4667 est
1636 4612 1798 4683 hujus

220 4699 530 4768 argumenti
558 4698 668 4752 vim
694 4715 800 4753 non
829 4701 1062 4767 sentire;
1095 4700 1236 4756 Deus
1266 4702 1320 4755 in
1348 4699 1646 4772 Scripturis
1683 4707 1799 4763 suis

218 4805 514 4860 corporum
550 4792 1006 4847 resurrectionem
1036 4792 1297 4861 spondet;
1331 4794 1425 4849 sed
1468 4793 1610 4851 Deus
1648 4813 1800 4853 men-

220 4882 306 4936 tiri
337 4883 556 4953 nequit,
589 4884 715 4953 quia
752 4884 866 4953 ipse
896 4883 1110 4940 Veritas
1146 4892 1231 4941 est
1269 4900 1334 4939 ex
1365 4900 1471 4941 una
1498 4895 1691 4958 parte;
1731 4905 1799 4946 ex

289 5078 403 5147 (19)
448 5078 573 5130 Dies
602 5086 652 5131 et
673 5093 777 5131 nox
813 5078 961 5131 nobis
1010 5078 1438 5131 resurrectionem
1469 5078 1743 5139 declarant
1772 5099 1792 5138 :

221 5148 371 5201 cubat
403 5163 511 5217 nos:
528 5151 554 5202 ?
586 5150 821 5217 exsurgit
848 5148 957 5201 dies
978 5164 995 5208 ;
1022 5147 1132 5200 dies
1157 5150 1310 5203 abit?
1334 5164 1437 5203 nox
1458 5150 1683 5206 aduenit.
1705 5152 1792 5205 Vi-

220 5219 439 5271 deamus
470 5216 643 5287 fruges
666 5232 684 5269 :
709 5216 992 5272 seminatio
1017 5219 1171 5287 grani
1201 5218 1457 5287 quomodo
1481 5221 1596 5287 ﬁat.
1642 5220 1792 5275 Exiit

223 5290 533 5351 seminator,
581 5298 627 5341 et
658 5288 787 5357 jecit
831 5304 1001 5342 semen
1040 5289 1092 5359 in
1149 5300 1363 5349 terram,
1400 5289 1664 5359 jactisque
1710 5309 1793 5347 se-

224 5360 473 5420 minibus,
509 5375 626 5428 quar
678 5360 833 5412 arida
868 5370 919 5413 et
964 5357 1107 5412 nuda
1147 5359 1440 5412 cecaderunt
1478 5361 1529 5413 in
1572 5357 1788 5425 terram,

223 5428 616 5501 dissolvuntur;
652 5428 837 5483 deinde
860 5447 922 5483 ea
958 5444 1023 5483 ex
1043 5429 1410 5491 dissolutione,
1443 5447 1637 5501 magna
1680 5432 1789 5485 Do-

224 5500 348 5551 mini
377 5499 720 5568 providentia:
746 5510 976 5568 potestas
1028 5501 1342 5560 resuscitat;
1393 5499 1546 5569 atque
1584 5517 1647 5554 ea:
1686 5519 1790 5556 uno

224 5569 459 5643 fructum
483 5570 723 5643 pluribus
759 5581 972 5643 auctum
999 5569 1215 5639 profert.
1250 5569 1421 5641 Epist.
1451 5571 1502 5635 1,
1534 5586 1656 5643 cap.
1696 5574 1786 5629 24.

290 5640 406 5704 (2ο)
442 5641 606 5702 11›ἰ‹1.,
634 5656 754 5710 cap.
788 5640 878 5695 25.

288 5710 404 5777 (21)
446 5710 767 5776 Tiliemont,
815 5719 946 5766 tom.
973 5711 1037 5773 ll,
1089 5710 1361 5766 Mémoires
1389 5727 1521 5779 pour
1553 5714 1715 5766 servir
1756 5714 1789 5766 ὰ

226 5780 498 5835 ("fatain
536 5782 699 5837 ecclés
735 5823 749 5851 ,
792 5798 911 5854 pag.
962 5782 1081 5848 117,
1129 5783 1403 5846 observat,
1434 5782 1490 5837 S.
1526 5784 1785 5855 Cyrillum

448 5075 573 5130 Dies
602 5086 652 5131 et
673 5093 777 5131 nox
813 5078 961 5131 nobis
1010 5078 1438 5131 resurrectionem
1469 5076 1743 5139 declarant
1772 5099 1793 5138 :

1970 4611 2157 4666 Missio
2186 4612 2542 4681 apostolorum
2571 4622 2619 4667 et
2642 4612 3019 4682 episcoporum,
3050 4612 3140 4683 qui
3165 4612 3216 4666 in
3235 4612 3467 4681 (illorum

1900 4703 2070 4758 locum
2094 4705 2300 4774 suffecti
2324 4714 2465 4760 sunt.
2492 4736 2563 4745 —
2587 4703 2851 4772 Quoniam
2881 4705 2947 4758 de
2980 4704 3349 4759 ecclesiastico
3373 4720 3467 4759 or-

1897 4794 2023 4849 dine
2068 4795 2361 4864 loquimur,
2415 4795 2469 4849 id
2516 4795 2571 4849 in
2621 4796 2855 4850 medium
2900 4795 3092 4849 aﬂ‘erre
3138 4811 3460 4865 possumus,

1896 4885 2041 4955 quod
2060 4885 2227 4949 .docet
2271 4894 2500 4941 sanctus
2526 4886 2778 4941 Clemens
2804 4886 2950 4941 circa
2983 4886 3294 4942 missionem
3326 4902 3461 4956 apo-

1896 5083 2448 5157 Hierosolymitanum
2496 5087 2639 5141 inter
2681 5094 2906 5142 cieteros
2946 5085 3048 5140 hoc
3098 5100 3256 5140 nsum
3290 5084 3461 5157 fuisse

1896 5155 2005 5209 divi
2026 5155 2320 5213 Clementis
2354 5158 2507 5222 loco;
2540 5158 2747 5227 absque
2775 5172 2861 5219 eo,
2895 5157 3039 5226 quod
3076 5156 3460 5227 illumerroris

1897 5227 2174 5280 insimulet
2203 5245 2214 5278 :
2241 5229 2384 5296 quod
2423 5227 2641 5297 quidem
2661 5225 2880 5352 peregit
2907 5225 2960 5280 in
2994 5243 3092 5282 sua
3120 5225 3339 5282 Cathes.
3369 5226 3457 5282 l8.

1966 5297 2078 5352 (22)
2113 5296 2283 5352 Eoist.
2318 5298 2342 5350 1
2381 5297 2775 5352 Clement.cao.
2844 5298 2893 5351 7.

1986 5297 2078 5361 22)
2113 5296 2283 5365 Epist.
2318 5298 2342 5350 1
2381 5296 2775 5367 ClemenLcap.
2805 5296 2893 5352 27.

1985 5367 2074 5428 23)
2106 5367 2327 5434 Quando
2358 5368 2466 5421 vult
2492 5376 2541 5421 et
2564 5366 2815 5432 quomodo
2844 5368 2970 5432 vult,
3000 5368 3177 5422 omnia
3205 5366 3381 5435 faciet.

1966 5438 2076 5506 (24)
2113 5437 2280 5506 Epist.
2308 5438 2363 5499 2.
2390 5454 2510 5506 cap.
2541 5437 2595 5492 9.

1965 5507 2076 5577 (25)
2108 5507 2278 5576 Epist.
2312 5509 2364 5571 1,
2391 5523 2511 5577 cap.
2536 5508 2625 5563 40.

1984 5578 2076 5647 26)
2108 5578 2240 5633 Ibid.

1982 5646 2074 5716 an
2104 5647 2264 5710 lbid-.,
2289 5662 2409 5716 cap.
2433 5646 2523 5700 tt.

1983 5710 2074 5790 es)
2108 5718 2269 5785 una,
2295 5710 2416 5790 ca'p.
2452 5717 2541 5773 37.

1962 5574 1981 5792 ἒ
