4070 6340
562 383 664 440 (εἴ

1687 371 1775 426 AD
1817 368 1876 424 S.
1913 363 2338 424 CLEMENTEM
2377 361 2398 416 l
2430 362 2659 418 PAPAM

3700 354 3798 411 163

561 501 822 556 stolarum
849 504 904 552 et
931 497 1330 568 episcoporum,
1358 489 1451 563 qui
1483 489 1630 562 ipsos
1665 495 1794 544 sunt
1822 481 2120 543 subsecuti.
2151 485 2200 543 Α
2226 482 2493 550 proprium
2524 496 2711 549 corpus
2762 479 3061 536 seditionem
3113 476 3356 546 facimus,
3397 477 3800 568 eoquevesanice

563 588 703 646 Dicit
746 603 872 660 ergo
925 587 1062 658 quod
1106 584 1333 655 apostoli
1374 581 1521 637 nobis
1567 577 2050 648 euangelizaverant
2102 591 2136 627 a

561 683 785 737 Domino
813 680 941 735 Jesu
971 679 1182 734 Christo
1219 677 1390 740 missi,
1419 683 1469 729 et
1502 671 1659 727 Iesus
1688 669 1928 724 Christus
1963 683 1996 720 a
2027 665 2136 720 Dee

562 781 786 841 missus;
824 777 1036 848 ideoque
1066 784 1149 830 est
1195 775 1385 828 missus
1414 770 1567 825 Iesus
1610 767 1850 822 Christus
1873 782 1905 818 a
1934 762 2062 828 Deo,
2085 771 2138 818 et

561 869 788 939 apostoli
835 885 866 920 a
911 866 1154 928 Christo;
1200 872 1420 933 utraque
1455 869 1629 914 autem
1675 858 1856 912 missio
1885 856 2029 926 facta
2058 863 2138 910 est

562 959 847 1013 ordinatim
903 972 966 1010 ea:
1006 956 1270 1010 voluntate
1313 952 1432 1006 Dei.
1464 950 1690 1018 Insuper
1724 946 1870 1018 quod
1913 944 2140 1016 apestoli

563 1050 786 1119 acceptis
812 1048 1097 1112 mandatis,
1128 1056 1176 1100 et
1223 1055 1363 1099 certo
1409 1044 1648 1114 persuasi
1687 1057 1774 1111 per
1800 1038 2141 1103 resurrectio-

563 1161 677 1197 nem
703 1143 913 1196 Domini
942 1142 1106 1194 nostri
1139 1138 1268 1192 Jesu
1299 1137 1516 1200 Christi,
1548 1146 1595 1190 et
1631 1137 1684 1189 in
1716 1134 1818 1205 ﬁde
1840 1128 2142 1202 conﬁrmati

562 1251 652 1303 per
677 1232 884 1286 verbum
917 1230 1034 1294 Dei,
1072 1246 1188 1281 cum
1229 1229 1399 1282 sancti
1448 1227 1678 1296 Spiritus
1715 1223 2036 1292 plenitudine
2079 1237 2142 1273 ac

563 1326 843 1379 securitate
861 1323 1057 1392 egressi
1081 1331 1225 1383 sunt,
1259 1321 1631 1374 annuntiantes
1667 1318 2012 1371 adventuram
2033 1329 2144 1366 esse

565 1432 780 1485 regnum
810 1414 906 1467 Dei
938 1429 954 1466 :
986 1412 1330 1482 prwdicantes
1366 1411 1548 1481 igitur,
1582 1408 1796 1462 tandem
1842 1403 2140 1467 concludit,

566 1523 656 1575 per
693 1506 922 1576 regiones
961 1515 1012 1558 et
1051 1503 1224 1568 urbes,
1271 1504 1539 1572 primitias
1577 1517 1757 1556 earum
1799 1499 1986 1568 spiritu
2026 1514 2144 1550 cum

563 1598 893 1666 probassent,
925 1599 977 1650 in
1006 1597 1268 1664 episcopos
1298 1605 1346 1649 et
1370 1595 1619 1648 diaconos
1650 1607 1829 1647 eorum
1858 1591 1946 1660 qui
1972 1589 2144 1644 credi-

569 1691 676 1743 turi
729 1698 900 1753 erant,
955 1688 1359 1742 constituerunt.
1408 1685 1588 1755 Neque
1629 1684 1724 1739 hoc
1756 1699 1966 1746 novum,
1995 1681 2146 1736 addit

567 1789 791 1838 sanctus
835 1780 1075 1852 pontifex
1103 1799 1116 1835 :
1150 1797 1182 1833 a
1212 1777 1389 1832 multis
1433 1778 1572 1830 enim.
1595 1774 1914 1846 temporibus
1942 1774 2006 1829 de
2032 1774 2146 1842 epi-

567 1875 738 1941 scopis
769 1882 818 1928 et
862 1872 1101 1927 diaconis
1145 1872 1397 1938 scriptum
1420 1869 1730 1937 fuerat;sic
1759 1867 1898 1923 enim
1943 1865 2145 1921 alicubi

565 1966 696 2021 dicit
726 1965 999 2034 Scriptura
1022 1981 1040 2018 :
1061 1964 1393 2019 Constituam
1415 1963 1680 2032 episcopos
1703 1977 1882 2015 eorum
1907 1962 1961 2014 in
1981 1960 2148 2030 justi-

571 2059 645 2111 tia
671 2069 721 2112 et
750 2057 1000 2111 diaconos
1028 2072 1206 2110 eorum
1238 2056 1292 2108 in
1321 2052 1423 2124 ﬁde
1454 2052 1586 2124 (29).
1614 2051 1691 2106 Ex
1721 2052 1876 2108 Isaiae
1909 2067 2031 2121 cap.
2054 2067 2144 2115 Lx,

569 2167 731 2206 versu
763 2151 850 2212 l7,
876 2149 1089 2203 videtur
1118 2155 1298 2202 textus
1327 2147 1429 2202 iste
1452 2155 1763 2216 excerptus,
1794 2144 1884 2200 ubi
1907 2143 2039 2214 quid
2071 2145 2149 2198 si-

578 2243 700 2296 mile
737 2242 967 2312 legitur;
1000 2241 1090 2295 alii
1122 2247 1302 2294 autem
1333 2239 1485 2293 illum
1515 2253 1584 2293 ex
1621 2238 1803 2308 aliquo
1838 2235 2151 2309 apocrypha

572 2332 716 2388 libro
748 2332 1080 2402 exscriptum
1109 2340 1320 2402 putant.

637 2422 832 2480 Paucis
863 2425 1164 2493 interiectis
1206 2424 1272 2479 de
1312 2423 1534 2494 iniustis
1566 2423 1834 2477 bonorum
1863 2427 2148 2491 pastorum

571 2516 1001 2588 depositionibus
1034 2516 1183 2570 addit
1228 2524 1450 2571 sanctus
1469 2515 1738 2578 Pontifex,
1762 2513 1899 2585 quod
1928 2513 2153 2583 apostoli

570 2617 934 2678 cognoscentes
962 2624 1051 2677 per
1077 2607 1360 2660 Dominum
1386 2616 1623 2661 nostrum
1647 2606 1830 2660 Jesum
1859 2604 2150 2668 Christum,

569 2699 709 2772 quod
744 2700 986 2768 temporis
1016 2697 1237 2753 decursu
1270 2707 1402 2753 esset
1444 2699 1701 2752 contentio
1724 2696 1786 2751 de
1816 2698 2023 2751 nomine
2046 2697 2155 2766 epi-

573 2801 853 2861 scopatus;
879 2791 939 2846 ob
964 2808 1077 2845 eam
1107 2809 1323 2845 causam
1366 2800 1577 2860 accepta
1609 2791 1837 2859 perfecta
1865 2790 2155 2860 cognitione

572 2901 895 2938 successores
925 2884 1027 2937 sibi
1050 2885 1451 2949 constituerunt,
1477 2894 1523 2939 et
1546 2884 1782 2954 deinceps
1813 2883 2005 2952 futura:
2036 2898 2157 2936 suc-

574 2977 827 3031 cessionis
865 2977 1098 3047 regulam
1126 2975 1457 3032 tradiderunt
1483 2977 1594 3047 ('50)
1625 2987 1682 3030 ut
1719 2993 1836 3030 cum
1872 2976 1954 3030 illi
1981 2973 2156 3028 deces-

574 3070 788 3131 sissent,
821 3069 1170 3123 ministerium
1194 3085 1374 3123 eorum
1398 3087 1460 3124 ac
1491 3087 1679 3123 munus
1705 3069 1799 3123 alii
1827 3069 1924 3122 viri
1947 3065 2157 3137 probati

2235 573 2552 637 devenimus,
2581 581 2638 625 ut
2663 572 2794 627 alios
2834 571 3058 625 aliorum
3099 568 3331 624 membra
3370 584 3481 622 esse
3526 567 3802 622 oblivisca-

2238 668 2392 721 mur?
2431 664 2793 719 Recordamini
2845 662 3114 718 verborum
3164 661 3376 714 Domini
3423 662 3591 714 nostri
3641 659 3805 725 Jesu;

2237 757 2374 810 dixit
2404 757 2541 810 enim
2570 771 2589 811 :
2625 775 2643 807 ι
2664 755 2754 810 γω
2786 755 2984 809 homini
3008 753 3088 807 illi
3112 769 3202 822 per
3220 769 3371 825 quem
3391 751 3699 806 scandalum
3725 767 3808 805 ve—

2241 851 2318 904 nit
2349 850 2392 880 ¹⁵
2423 848 2437 902 ι
2474 846 2662 901 bonum
2690 856 2804 901 erat
2837 848 2906 910 ei,
2945 847 2995 900 si
3023 855 3179 900 natus
3210 862 3310 899 non
3349 845 3533 914 fuisset
3559 845 3626 908 ",
3651 861 3810 914 quam

2242 950 2296 994 ut
2329 957 2488 994 unum
2508 956 2572 994 ea:
2610 939 2785 995 electis
2817 940 2942 994 meis
2963 939 3344 992 scandalizaret
3363 953 3381 990 .'
3405 937 3588 991 melius
3611 946 3724 990 erat
3754 944 3810 988 ut

2240 1034 2288 1086 ei
2335 1033 2473 1086 mola
2539 1035 3014 1103 circumponeretur
3049 1039 3099 1084 et
3135 1033 3186 1084 in
3229 1047 3371 1084 mare
3410 1030 3812 1097 demergeretur,

2241 1141 2399 1195 quam
2449 1134 2506 1178 ut
2556 1142 2716 1178 unum
2756 1125 2819 1180 de
2857 1125 3062 1193 pusillis
3102 1125 3228 1178 meis
3268 1123 3650 1176 scandalizaret
3679 1122 3747 1174 ’⁷.
3788 1139 3809 1173 s

2243 1215 2488 1272 Schisma
2517 1228 2746 1272 vestrum
2792 1218 2986 1271 multos
3017 1217 3294 1286 pervertit;
3339 1215 3532 1268 multos
3565 1217 3616 1267 in
3647 1211 3814 1266 animi

2243 1311 2600 1380 dejectionem,
2635 1319 2831 1364 'omnes
2888 1327 2982 1363 nos
3033 1309 3087 1362 in
3122 1309 3392 1362 tristitiam
3421 1306 3638 1375 conjecit
3673 1304 3814 1376 (52).

2248 1402 2443 1471 Turpia
2489 1410 2631 1465 sunt,
2667 1401 2863 1464 dilecti,
2895 1401 3242 1470 prosequitur
3291 1407 3512 1454 sanctus
3540 1395 3814 1458 Clemens,

2243 1511 2308 1547 ac
2368 1494 2516 1549 valde
2559 1495 2756 1562 turpia,
2800 1502 2850 1547 et
2880 1491 3186 1547 Christiana
3249 1490 3636 1544 conversatione
3680 1488 3822 1541 indi—

2246 1605 2369 1658 gna,
2421 1587 2598 1640 audiri
2633 1586 2992 1656 ﬁrmissimam
3043 1593 3091 1638 et
3132 1584 3403 1654 antiquam
3423 1580 3822 1636 Corinthiorum

2247 1679 2537 1734 Ecclesiam
2562 1688 2771 1749 propter
2800 1694 2962 1731 unum
2983 1687 3074 1730 aut
3097 1677 3320 1730 alterum
3343 1675 3596 1728 hominem
3633 1683 3823 1727 contra

2245 1772 2568 1843 presbyteros
2598 1770 2902 1826 seditionem
2940 1787 3156 1825 movere.
3197 1770 3368 1840 Atque
3414 1771 3458 1823 is
3501 1785 3680 1822 rumor
3717 1785 3825 1821 non

2248 1873 2450 1918 tantum
2479 1863 2548 1917 ad
2571 1880 2665 1918 nos
2693 1864 2940 1932 pervenit,
2970 1861 3060 1917 sed
3083 1862 3151 1916 ad
3174 1878 3260 1917 eos
3282 1879 3481 1933 quoque
3499 1862 3588 1932 qui
3613 1878 3646 1914 a
3669 1861 3824 1916 nobis

2248 1956 2406 2011 alieni
2430 1965 2549 2010 sunt
2576 1956 2752 2010 animo
2773 1965 2822 2010 et
2845 1957 3123 2019 sententia,
3148 1955 3280 2010 adeo
3302 1969 3359 2009 ut
3373 1965 3579 2024 propter
3596 1965 3826 2010 vestram

2248 2049 2602 2118 insipientiam
2616 2049 2776 2102 etiam
2801 2048 3136 2113 blasphemia:
3165 2057 3211 2102 et
3236 2049 3469 2102 convicia
3491 2048 3688 2102 nomini
3713 2047 3827 2100 Do—

2255 2143 2386 2196 mini
2411 2142 2727 2211 inferantur.
2751 2161 2768 2193 ι
2801 2141 2956 2196 Vobis
2979 2150 3150 2196 autem
3167 2142 3452 2211 periculum
3472 2150 3701 2200 creatur.
3735 2159 3827 2196 oc-

2252 2235 2517 2288 casionem
2531 2234 2672 2288 hisce
2702 2233 3035 2304 blasphemiis
3049 2234 3342 2303 prwbendo.
3366 2254 3382 2287 ι
3405 2233 3525 2288 Haec
3539 2242 3621 2290 est
3644 2234 3830 2304 imago

2249 2342 2412 2397 quam
2437 2327 2503 2381 de
2524 2327 2974 2394 schismate,etde
2997 2327 3154 2381 malis
3196 2342 3315 2397 quae
3333 2326 3456 2382 inde
3478 2342 3831 2397 consequun-

2253 2426 2362 2482 tur,
2387 2431 2609 2476 sanctus
2645 2421 2747 2476 iste
2785 2419 3026 2491 pontifex
3050 2418 3310 2488 depingit.
3342 2418 3635 2476 Videamus
3663 2420 3831 2475 modo

2252 2525 2498 2580 quaenam
2526 2511 2762 2567 remedia
2800 2510 3100 2566 Corinthiis
3129 2511 3447 2581 praescribat
3488 2518 3548 2566 ut
3584 2527 3615 2566 a
3661 2512 3832 2583 spiri-

2254 2602 2387 2656 tuali
2430 2602 2531 2656 hac
2563 2604 2886 2673 centagione
2909 2603 3226 2657 liberentur.

2324 2692 2568 2748 Remedia
2599 2704 2781 2748 contra
2803 2695 3050 2750 schisma.
3078 2694 3336 2749 Hortatur
3359 2694 3499 2759 illos,
3519 2702 3579 2748 ut
3601 2694 3831 2749 Domino

2254 2786 2498 2840 accidant
2517 2796 2566 2840 et
2593 2786 2867 2857 plangant,
2906 2795 3113 2840 orantes
3139 2795 3349 2851 eum,ut
3372 2787 3626 2856 propitius
3652 2787 3829 2856 factus

2253 2879 2613 2932 reconcilietur
2639 2879 2770 2942 illis,
2812 2888 2966 2950 atque
3007 2880 3062 2932 in
3102 2879 3347 2932 decoram
3387 2887 3436 2933 et
3477 2888 3679 2932 castam
3706 2879 3827 2948 fra-

2256 2971 2390 3025 terni
2424 2973 2619 3025 amoris
2659 2973 2791 3025 viam
2841 2972 2959 3026 illos
2996 2973 3212 3026 reducat
3256 2972 3389 3043 (33).
3428 2970 3556 3025 Vult
3584 2972 3752 3042 igitur
3775 2981 3834 3024 ut

2255 3062 2476 3116 humiles
2498 3080 2553 3118 se
2578 3063 2714 3133 ipsos
2741 3064 3007 3132 praebeant
3048 3081 3148 3118 non
3189 3064 3360 3118 solum
3387 3063 3514 3125 Deo,
3537 3064 3626 3118 sed
3653 3073 3702 3118 et
3735 3065 3835 3116 toti

575 3161 862 3228 exciperent
894 3159 1026 3230 (5i).
1055 3158 1384 3215 Constitutos
1414 3162 1592 3232 itaque
1621 3160 1685 3214 ab
1710 3160 1818 3214 illis
1847 3157 2154 3230 (prosequi-
2182 3187 2226 3248 Ο
2257 3164 2519 3209 terrarum
2557 3157 2707 3220 orbi,
2749 3165 2806 3210 ut
2852 3155 3113 3225 publicam
3158 3157 3440 3210 utilitatem
3479 3155 3834 3225 peculiaribus

575 3261 665 3306 tur
691 3259 913 3306 sanctus
942 3249 1212 3322 Pontifex)
1242 3251 1318 3304 vel
1357 3252 1596 3321 deinceps
1625 3251 1690 3306 ab
1730 3251 1852 3306 aliis
1882 3253 2005 3306 viris
2041 3254 2154 3308 exi-

577 3345 721 3408 miis,
747 3342 1096 3397 consentiente
1122 3361 1183 3398 ac
1207 3344 1576 3412 comprobante
1604 3348 1850 3401 universa
1884 3347 2153 3414 Ecclesia;

576 3437 666 3506 qui
696 3435 960 3504 inculpate
983 3437 1106 3491 ovili
1139 3436 1340 3492 Christi
1371 3439 1802 3495 ministraverunt
1829 3459 1946 3496 cum
1977 3442 2155 3498 humi-

576 3529 745 3594 litate,
779 3530 967 3600 quiete,
998 3545 1089 3584 nec
1121 3530 1474 3596 illiberaliter,
1520 3533 1707 3603 quique
1735 3533 1887 3604 longo
1929 3542 2155 3604 tempore

577 3619 642 3672 ab
670 3619 908 3673 omnibus
942 3621 1295 3674 testimonium
1325 3622 1638 3691 prteclarum
1679 3634 2032 3694 reportarunt,
2061 3627 2154 3682 hos

576 3717 821 3777 putamus
854 3710 1017 3778 oﬂicio
1064 3710 1257 3779 injuste
1302 3710 1457 3780 dejici
1486 3725 1504 3763 :
1531 3728 1690 3783 neque
1735 3715 1872 3767 enim
1920 3715 2024 3769 leve
2055 3718 2155 3770 erit

576 3809 864 3867 peccatum,
895 3801 941 3852 si
965 3817 1052 3854 eos
1078 3802 1166 3870 qui
1194 3802 1330 3854 citra
1352 3803 1616 3872 querelam
1643 3816 1692 3858 et
1715 3816 1892 3860 sancte
1930 3809 2155 3877 olferunt

577 3891 738 3955 dona,
769 3893 1064 3960 episcopatu
1107 3895 1503 3961 privaverimus.
1539 3895 1714 3952 Habes
1758 3899 1920 3954 modo
1950 3917 2070 3971 qua!
2099 3903 2153 3957 in

580 3991 772 4038 sancto
799 3983 1075 4039 Clemente
1100 3994 1396 4040 memoratu
1421 3988 1553 4042 mihi
1576 3989 1694 4043 visa
1721 3988 1939 4046 fuerant
1969 3993 2152 4064 digna,

577 4075 758 4148 quoad
779 4076 1024 4131 ordinem
1055 4076 1168 4131 sive
1197 4078 1622 4134 ecclesiasticam
1656 4079 2039 4140 hierarehiam.

655 4166 941 4221 lnstructio
973 4166 1219 4221 adversus
1247 4168 1628 4225 schismaticos.
1655 4200 1725 4210 -—
1751 4170 2055 4243 Antequam
2088 4174 2156 4229 ad

583 4274 796 4313 morum
854 4259 1147 4325 veritates,
1204 4275 1341 4329 quas
1393 4260 1558 4314 tradit
1608 4271 1832 4319 sanctus
1882 4264 2155 4330 Clemens,

582 4350 807 4420 gradum
829 4349 1110 4414 faciamus,
1133 4352 1414 4416 nonnulla,
1437 4368 1557 4423 qua:
1574 4355 1817 4410 schisma
1835 4356 2154 4426 respiciunt,

585 4449 712 4495 sunt
755 4441 843 4496 hic
876 4443 1189 4499 asserenda.
1241 4441 1457 4514 thuid,
1497 4446 1688 4501 scribit
1727 4448 1816 4502 ille
1857 4449 1923 4502 ad
1959 4448 2156 4504 Corin-

2254 3263 2433 3300 eorum
2483 3249 2770 3303 commodis
2801 3248 3104 3319 prazferant,
3138 3264 3199 3301 ac
3230 3249 3534 3302 charitatem
3579 3249 3832 3318 diligant,

2256 3342 2492 3396 divinam
2537 3341 2747 3398 scilicet
2786 3342 3039 3397 virtutem
3082 3342 3248 3404 illam,
3291 3359 3411 3413 quae
3465 3344 3836 3399 cSSentialiter

2255 3441 2337 3489 est
2385 3432 2603 3487 inimica
2648 3432 2952 3488 schismati.
3005 3432 3105 3486 Vos
3162 3433 3342 3503 igitur,
3391 3434 3523 3489 dicit
3579 3435 3829 3505 insuper,

2255 3525 2344 3594 qui
2372 3523 2639 3577 seditionis
2662 3522 3004 3592 fundamenta
3032 3521 3254 3591 jecistis,
3281 3521 3477 3577 subditi
3517 3533 3677 3578 estote
3711 3541 3837 3593 pre-

2255 3613 2498 3684 sbyteris,
2511 3625 2559 3668 et
2582 3616 2635 3668 in
2652 3614 3005 3684 paenitentiam
3021 3615 3362 3684 corrigintini,
3381 3615 3641 3682 ﬂectentes
3661 3633 3835 3686 genua

2255 3707 2428 3762 cordis
2455 3709 2643 3771 vestri;
2685 3707 2871 3762 discite
2910 3708 3119 3779 subjici,
3143 3708 3452 3778 deponentes
3495 3722 3838 3780 arrogantem

2255 3809 2306 3854 et
2343 3799 2616 3870 superbam
2648 3800 2838 3871 linguae
2868 3800 3417 3869 vestrazjactantiam;
3460 3803 3646 3855 melius
3669 3803 3839 3870 siqui-

2256 3893 2373 3949 dem
2402 3894 2541 3948 vobis
2566 3903 2664 3959 est,
2695 3895 2749 3947 in
2779 3894 2901 3948 ovili
2929 3891 3124 3950 Citisti
3151 3909 3336 3962 parvos
3354 3935 3368 3958 ,
3393 3904 3440 3948 et
3471 3896 3716 3964 probatos
3751 3897 3840 3948 in-

2257 3986 2438 4048 veniri,
2465 4002 2618 4055 quam
2672 3985 2840 4038 altum
2881 3985 3139 4054 sapientes
3165 4001 3192 4038 e
3219 4000 3306 4053 spe
3332 3985 3477 4039 illius
3506 3985 3677 4054 dejic‘i.
3714 3983 3838 4039 Uti-

2257 4093 2382 4134 nam
2406 4078 2585 4148 gravis
2617 4077 2732 4130 hacc
2766 4077 2968 4132 veritas
3003 4079 3112 4131 vim
3147 4077 3368 4132 haberet
3403 4093 3567 4146 super
3613 4078 3834 4132 illorum

2259 4173 2517 4237 animum,
2545 4169 2636 4241 qui
2667 4185 2725 4225 se
2759 4170 2827 4224 ab
2855 4169 3099 4224 Ecclesia
3147 4167 3423 4240 separant!
3452 4170 3715 4226 Caeterum
3767 4186 3836 4225 ex

2259 4263 2408 4318 hisee
2434 4262 2666 4328 eruitur,
2690 4261 3066 4317 schismaticos
3088 4261 3154 4316 ab
3177 4261 3433 4317 Ecclesia:
3455 4277 3684 4332 corpore
3709 4277 3840 4318 esse

2261 4356 2487 4420 divisos,
2517 4355 2666 4408 omni
2698 4354 2948 4423 adempta
2985 4355 3178 4409 salutis
3208 4370 3324 4425 spe,
3341 4355 3653 4426 quandiuin
3677 4355 3837 4410 dam-

2259 4447 2426 4503 nabili
2456 4447 2558 4502 hac
2588 4447 2858 4505 divisione
2882 4447 3242 4517 perstiterint.

587 4533 728 4589 thios
753 4534 818 4599 ",
842 4535 978 4589 inter
1001 4552 1092 4588 nos
1115 4546 1234 4589 sunt
1265 4539 1633 4604 contentiones,
1663 4539 2152 4607 irw,dissensiones,
2187 4529 2230 4584 Ῑ)
2261 4555 2290 4627 §
2322 4554 2386 4611 v_
2419 4555 2496 4609 De
2526 4556 2824 4625 ρωηξιεηιία
2861 4565 3014 4626 alque
3053 4557 3406 4612 observauone
3437 4557 3834 4615 mandatorum.

585 4628 869 4682 schismata
918 4641 967 4682 et
991 4627 1181 4682 bellum
1200 4632 1225 4684 ?
1251 4645 1417 4685 nonne
1447 4648 1607 4685 unum
1633 4631 1802 4686 Deum
1838 4633 2086 4689 habemus
2109 4644 2158 4690 et

586 4735 745 4772 unum
776 4718 1085 4777 Christum?
1111 4732 1264 4793 atque
1307 4740 1441 4778 unus
1468 4731 1545 4778 est
1571 4722 1798 4794 Spiritus
1829 4711 2037 4797 gratiae,
2071 4729 2159 4797 qui

585 4810 782 4877 effusus
829 4819 905 4865 est
954 4829 1107 4880 super
1154 4830 1247 4868 nos
1295 4813 1383 4885 (en
1435 4815 1688 4886 explicita
1733 4817 2008 4874 confessio
2055 4818 2155 4874 SS.

586 4901 891 4967 Trinitatis.
917 4913 968 4960 et
992 4907 1158 4961 trium
1191 4907 1244 4961 in
1275 4924 1382 4962 una
1412 4917 1606 4964 natura
1629 4910 2007 4967 distinctarum
2031 4911 2161 4968 Per-

586 4999 844 5051 sonarum
871 4997 1024 5067 fides)
1077 5009 1128 5054 et
1185 5018 1290 5055 una
1344 5004 1542 5056 vocatio
1571 5004 1625 5057 in
1655 5002 1905 5062 Christo?
1962 5023 2056 5060 cur
2076 5006 2158 5061 di-

585 5087 824 5142 ducimus
872 5099 921 5143 et
963 5090 1308 5146 distrahimus
1354 5095 1584 5147 membra
1631 5094 1854 5162 Christi,
1894 5106 1944 5151 et
1974 5107 2160 5152 contra

653 5203 696 5232 ’λ
727 5199 745 5253 l
776 5201 902 5256 Cor.
931 5216 1032 5266 xu,
1067 5200 1157 5257 20.

660 5312 770 5383 (29)
802 5312 962 5376 lbid.,
993 5327 1114 5383 cap.
1155 5312 1247 5366 42.

661 5383 772 5452 (50)
802 5383 964 5443 lbid..
989 5398 1109 5452 cap.
1141 5384 1229 5437 44.

662 5453 773 5530 (βῆ
802 5453 1046 5530 Videtnr_
1067 5454 1152 5530 hic
1178 5454 1233 5508 ὃ.
1266 5453 1517 5511 Clemens
1545 5457 1771 5530 innuere
1799 5460 1867 5514 ab
1894 5462 2155 5530 apostolis

594 5527 726 5595 ipsis
748 5524 998 5578 traditam
1025 5524 1346 5600 fuissedeam
1375 5529 1738 5600 successionis
1770 5533 1823 5584 in
1846 5524 2155 5600 episcopatu

593 5609 861 5658 normam,
889 5611 1011 5665 qua:
1041 5595 1312 5664 prioribus
1355 5599 1568 5653 saeculis
1598 5595 1933 5665 servabatur,
1963 5595 2157 5655 ut'sci-

595 5612 861 5658 normam,
889 5612 1011 5716 qua:
1041 5612 1312 5664 pI'IOI‘lDllS
1355 5612 1568 5653 saeculis
1598 5612 1933 5665 servabatur,
1963 5613 2021 5655 ut
2051 5612 2153 5655 sct-

595 5668 840 5745 licetper
865 5681 894 5719 c
917 5681 1070 5746 erum
1121 5666 1270 5746 fieret
1297 5667 1488 5746 electio
1527 5672 1884 5746 prmserttibus
1913 5672 2153 5746 ejusdem

595 5738 884 5809 provinciae
913 5738 1203 5809 episcopis,
1227 5738 1341 5806 qui,
1377 5741 1575 5809 populo
1595 5738 1986 5805 consentiente,
2009 5743 2152 5796 illam

592 5807 998 5872 confirmarent,
1029 5815 1082 5861 et
1103 5807 1331 5863 electum
1372 5807 1818 5880 inetropolitanus
1864 5827 2153 5869 consecra-

1237 5203 1281 5234 "
1307 5201 1497 5259 Matth.
1526 5220 1684 5272 xvm,
1720 5206 1770 5261 7.
1847 5207 1894 5239 “
1923 5206 2113 5264 Matth.
2153 5225 2301 5274 xxvr,
2322 5210 2411 5266 24.

2288 4627 2365 4681 De
2380 4629 2701 4697 confessione
2714 4636 3044 4696 peccatorum
3062 4644 3122 4680 ac
3145 4628 3443 4682 earumdem
3469 4631 3801 4685 remissione.

2331 4729 2665 4785 Poenitentise
2704 4729 2923 4798 agendae
2973 4736 3026 4784 et
3070 4729 3430 4786 confessionis
3486 4739 3836 4801 peccatorum

2261 4821 2520 4876 faciendae
2548 4837 2763 4894 quoque
2786 4822 3112 4877 mentionem
3139 4823 3299 4878 habet
3329 4822 3390 4879 D.
3415 4823 3688 4888 Clemens,
3719 4839 3832 4879 non

2261 4929 2372 4968 uno
2400 4913 2642 4984 quidem,
2673 4914 2766 4969 sed
2794 4915 3041 4985 pluribus
3082 4916 3239 4980 locis,
3272 4917 3617 4986 potissimum
3648 4925 3833 4971 autem

2261 5007 2574 5062 numerisSl
2595 5018 2646 5061 et
2657 5007 2725 5062 52
2742 5024 2830 5078 ep.
2855 5009 2880 5062 1
2901 5009 3034 5080 (54),
3053 5009 3302 5080 hancque
3321 5009 3717 5065 confessionem
3733 5008 3835 5064 Do-

2267 5099 2474 5153 minum
2506 5097 2672 5154 Deum
2713 5101 2927 5170 exigere
2971 5101 3166 5171 probat
3209 5117 3276 5157 ex
3311 5101 3562 5158 adductis
3601 5103 3834 5175 quibus-

2490 5213 2533 5243 ³⁷
2565 5210 2696 5266 Luc.
2729 5226 2861 5281 xvn,
2883 5215 2939 5271 2.

2261 5335 2361 5377 ret.
2394 5323 2451 5377 Id
2480 5335 2664 5401 tamen
2698 5340 2804 5379 non
2837 5323 3020 5390 ollicit,
3049 5343 3156 5396 quo
3201 5327 3382 5401 minus
3433 5330 3587 5400 lapsu
3620 5337 3832 5401 tempe.

2260 5395 2766 5470 rumAmAutarijazc
2803 5409 2990 5470 norma
3023 5395 3289 5470 patuerit:
3319 5413 3442 5470 cum
3484 5395 3547 5454 ea
3594 5395 3842 5470 qum‘ad.

2260 5465 2882 5541 disciplinam_Ecc|esiae
2900 5468 3189 5541 pertinent,
3219 5469 3355 5522 citra
3387 5469 3505 5541 fidei
3525 5465 3830 5540 periculum

2261 5535 2546 5589 mutationi
2577 5537 2812 5592 obnoxia
2841 5535 2960 5592 esse
2991 5540 3122 5593 satis
3154 5546 3389 5593 constet.

2333 5605 2445 5678 (βξ)
2469 5606 2638 5678 Clem.
2665 5606 2847 5668 Rom..
2872 5623 2958 5676 ep.
2990 5607 3042 5672 l,
3074 5623 3194 5678 cap.
3224 5609 3312 5663 45.

2333 5676 2445 5750 (ῥᾷ)
2475 5676 2647 5750 Epist.
2676 5679 2728 5741 1,
2750 5694 2870 5750 cap.
2899 5679 2987 5734 57.

2333 5746 2444 5815 ('56)
2470 5749 2734 5819 Quotquot
2760 5746 2918 5818 igitur
2942 5763 3032 5817 per
3050 5749 3325 5819 quemdam
3363 5750 3656 5806 adversarii
3706 5753 3834 5806 illa-

2260 5832 2411 5885 psum
2449 5817 2790 5887 deliquimus,
2809 5820 3008 5873 veniam
3049 5817 3406 5888 postulemus;
3451 5822 3533 5876 illi
3574 5839 3693 5879 vero
3739 5822 3832 5896 qui
