3916 6326
461 310 573 365 Ατι

1585 312 1676 366 AD
1715 314 1774 369 S.
1813 312 2238 370 CLEMENTEM
2275 314 2295 368 ι
2333 314 2564 372 ΡΑΡΑΜ

3624 328 3721 384 179.

477 433 678 484 sacula
710 435 861 483 certo
884 438 1125 501 tempore
1156 428 1210 483 in
1241 429 1472 500 publicis
1501 433 1861 489 conventibus
1889 434 2049 489 Chriv
2078 439 2124 495 Α
2151 432 2388 490 Joannes
2426 436 2709 506 apostolus
2739 444 2794 491 et
2815 439 3150 510 evangelista
3169 479 3187 504 ,
3232 439 3473 495 dilectus
3514 439 3719 497 Christi

462 524 782 578 .stianorum
808 523 948 577 lecta
978 522 1161 585 fuerit,
1197 529 1359 592 prout
1384 538 1448 576 ex
1478 520 1737 593 Dionysio
1760 524 2049 581 Corinthio

476 621 701 670 enarrat
756 612 1061 681 Eusebius,
1098 621 1153 667 ct
1182 629 1285 668 suo
1327 614 1508 669 adhuc
1549 622 1793 685 tempore
1846 616 2048 671 factum

473 722 600 762 esse
628 707 792 761 divus
819 705 1184 777 Hieronymus
1211 713 1444 762 testatur
1470 726 1484 761 :
1519 709 2049 780 spectabantnempe

473 799 745 855 Corinthii
777 799 919 853 hanc
958 799 1245 869 epistolam
1278 808 1535 869 tanquam
1565 798 1922 855 fortissimum
1950 817 2049 855 an-

475 893 710 948 tidotum
754 891 1016 946 adversus
1063 890 1277 945 futuras
1320 890 1648 958 seditiones;
1675 892 2048 961 deprehende—

472 988 606 1043 bant
634 989 790 1059 plura
818 988 872 1042 in
912 1004 975 1043 ea
1016 1003 1187 1044 sacra
1226 988 1527 1057 Scriptura
1564 989 1683 1043 loca
1716 989 1920 1044 clarius
1946 1005 2043 1045 ex-

472 1084 675 1154 posita,
708 1091 763 1138 et
794 1083 1039 1138 moribus
1080 1083 1438 1138 emendandis
1482 1082 1714 1140 feliciter
1751 1084 1994 1139 adhibita
2026 1103 2039 1139 :

469 1176 823 1231 inveniebant
873 1175 1207 1244 apostolicas
1248 1174 1571 1230 traditiones
1613 1191 1642 1229 a
1684 1176 2044 1231 celeberrimo

468 1270 840 1339 apostolorum
863 1269 1132 1338 discipulo
1159 1267 1262 1322 sibi
1292 1268 1667 1339 conscriptas;
1699 1268 1947 1339 legebant
1986 1269 2043 1323 in

458 1361 657 1418 eadem
688 1362 837 1433 leges
865 1360 1170 1431 disciplina
1206 1360 1318 1430 jam
1364 1360 1432 1414 ab
1472 1375 1588 1416 avo
1631 1360 1931 1430 apostolico
1956 1360 2043 1414 in-

464 1454 784 1522 troductas;
835 1464 997 1526 atque
1036 1463 1120 1511 sat
1157 1455 1303 1509 clare
1333 1470 1398 1509 ex
1428 1454 1617 1510 eadem
1648 1453 1910 1509 Romana
1938 1452 2042 1509 Ec-

460 1549 649 1604 clesia
701 1565 868 1620 supra
915 1556 1140 1604 cateras
1182 1549 1512 1619 colligebant
1560 1548 2037 1619 principalitatem.

459 1642 575 1697 Cur
603 1642 747 1697 enim
782 1641 1020 1697 Ecclesia
1051 1641 1335 1696 Corinthia
1363 1641 1431 1695 ad
1460 1639 1762 1695 Romanam
1792 1639 2038 1710 confugit

462 1735 794 1803 Ecclesiam;
824 1734 927 1790 nisi
962 1733 1015 1788 in
1044 1733 1147 1787 hac
1176 1733 1294 1804 ipsa
1321 1732 1577 1804 superius
1609 1730 1883 1802 quoddam
1914 1745 2035 1784 ma-

460 1827 763 1896 gisterium,
788 1834 881 1880 aut
911 1826 1323 1882 eminentiorem
1344 1825 1636 1896 quamdam
1659 1824 2035 1878 auctoritatem

457 1919 809 1988 agnovisset?
851 1918 1042 1973 Nonne
1084 1917 1313 1973 aderant
1340 1917 1651 1987 complures
1700 1917 1858 1987 longe
1898 1914 2036 1969 vici~

459 2010 649 2065 niores
693 2009 954 2065 Ecclesia:
994 2011 1200 2081 pariter
1241 2010 1311 2064 ab
1339 1996 1601 2080 apostolis
1643 2007 1881 2064 fundata
1906 2048 1921 2071 ,
1967 2007 2034 2061 ad

446 2118 597 2174 quas
630 2103 923 2176 confugere
949 2105 1107 2175 longe
1139 2103 1354 2159 facilius
1377 2103 1663 2174 potuisset,
1697 2103 1744 2157 si
1778 2102 2036 2172 agnovis~

446 2205 539 2250 set
567 2198 619 2250 in
651 2197 730 2252 eis
757 2196 1019 2266 aqualem
1048 2196 1272 2250 omnino
1310 2210 1432 2251 cum
1457 2194 1702 2249 Romana
1739 2194 2035 2249 auctorita-

446 2290 606 2342 tem?
652 2287 842 2343 Nonne
883 2288 975 2343 illo
1009 2296 1285 2358 tempore,
1319 2303 1430 2359 quo
1458 2287 1704 2343 Ecclesia
1746 2286 2033 2343 Corinthia

454 2382 527 2436 ad
559 2379 857 2434 Romanam
896 2378 1162 2450 confugit,
1204 2378 1272 2432 ad
1302 2378 1517 2449 imperii
1562 2378 1775 2432 clavum
1808 2378 2032 2433 sedebat

452 2473 823 2537 Domitianus,
858 2486 1195 2543 persequens
1224 2471 1526 2526 crudeliter
1553 2471 1933 2534 Christianos,
1973 2472 2029 2526 in

452 2567 592 2622 urbe
621 2566 867 2620 Romana
898 2564 1246 2635 potissimum
1285 2562 1576 2617 dominans
1602 2569 1654 2617 et
1683 2561 2029 2617 Christianos

452 2659 657 2714 ibidem
679 2657 986 2728 exagitans,
1018 2667 1076 2711 ut
1096 2673 1163 2711 ex
1196 2656 1429 2711 Eusebio
1458 2655 1757 2711 discimus?
1778 2654 1890 2710 Cur
1904 2670 2029 2709 cum

450 2760 606 2806 tanto
655 2751 899 2823 periculo
940 2750 1071 2804 illuc
1110 2749 1318 2821 legatos
1365 2754 1458 2802 aut
1500 2749 1691 2803 saltem
1741 2747 2029 2818 epistolam

452 2842 643 2908 mittit,
682 2842 787 2898 nisi
812 2841 1107 2899 Ecclesiam
1140 2840 1462 2905 Romanam,
1495 2839 1828 2909 reliquarum
1856 2838 2029 2909 magi-

450 2945 624 2992 stram
667 2935 860 2991 fuisset
912 2931 1426 2990 venerata?Nonne
1475 2931 1578 2984 hoc
1625 2931 1743 3000 ipso
1784 2938 2028 3000 tempore

449 3028 719 3084 ﬂorebant
764 3027 904 3082 varii
956 3026 1137 3081 adhuc
1184 3025 1472 3096 apostolici
1538 3024 1673 3086 viri,
1733 3030 1788 3079 et
1841 3022 2025 3094 plures

2151 528 2456 599 discipulus
2481 568 2496 592 ,
2530 530 2621 598 qui
2653 528 2734 601 (ut
2760 529 2950 599 phrasi
2980 530 3241 586 Ecclesia
3272 532 3488 606 loquar)
3524 534 3721 602 ﬂuenta

2151 617 2425 690 Evangelii
2451 620 2517 673 de
2544 622 2656 688 ipso
2681 639 2836 676 sacro
2873 622 3135 677 Dominici
3158 627 3384 694 pectoris
3414 625 3560 693 [ante
3580 636 3724 695 pota-

2149 711 2257 773 vit,
2301 712 2395 782 qui
2441 727 2606 782 porro
2636 720 2877 769 testante
2897 714 3022 769 divo
3054 701 3388 787 Hieronymo
3425 716 3538 788 (38)
3581 723 3723 774 totas

2147 801 2292 857 Asiae
2332 802 2614 868 fundavit,
2663 806 2918 876 rexitque
2945 804 3228 862 Ecclesias
3261 826 3274 861 :
3309 806 3496 862 Roma
3540 816 3723 863 autem

2143 892 2260 963 jam
2288 896 2550 967 martyrio
2586 895 2821 953 affectos
2848 913 2972 954 esse
3000 899 3157 954 divos
3189 900 3469 970 apostolos
3497 900 3722 955 Petrum

2147 995 2202 1042 et
2230 986 2496 1053 Paulum,
2529 989 2583 1044 id
2619 999 2768 1045 certe
2799 989 3101 1046 Ecclesiam
3130 992 3469 1048 Corinthiam
3499 994 3724 1048 minime

2146 1078 2368 1134 latebat.
2413 1079 2480 1135 Et
2517 1081 2877 1136 nihilominus
2915 1097 3023 1136 non
3062 1083 3389 1154 legationem
3429 1083 3495 1137 ad
3534 1083 3722 1139 divum

2142 1167 2432 1236 Joannem,
2463 1173 2558 1229 sed
2584 1174 2651 1228 ad
2674 1173 2976 1230 Ecclesiam
2994 1175 3294 1230 Romanam
3313 1184 3369 1230 et
3389 1175 3456 1229 ad
3472 1174 3723 1245 ejusdem

2143 1260 2438 1320 Prasulem
2466 1266 2744 1321 destinant
2766 1266 3053 1322 Corinthii.
3084 1268 3219 1334 Quis
3249 1283 3317 1323 ex
3345 1268 3449 1322 hoc
3474 1282 3583 1334 non
3607 1268 3724 1321 col-

2144 1354 2297 1425 ligat,
2329 1353 2645 1411 Corinthios
2686 1358 2872 1412 divqu
2914 1358 3255 1414 Clementem
3289 1374 3392 1413 ceu
3419 1358 3587 1413 totius
3616 1358 3722 1413 Ec-

2142 1446 2327 1503 clesia
2354 1456 2539 1518 caput,
2565 1456 2619 1504 et
2656 1450 2900 1505 omnium
2928 1449 3369 1506 Christianorum
3425 1458 3635 1521 patrem
3665 1460 3722 1505 et

2143 1539 2426 1596 doctorem
2454 1540 2628 1596 fuisse
2661 1544 2992 1598 veneratos?
3012 1552 3067 1599 et
3087 1560 3185 1616 per
3216 1545 3357 1599 hanc
3380 1548 3553 1614 ipsam
3584 1548 3639 1599 in
3658 1561 3721 1600 re

2142 1633 2315 1688 ardua
2344 1634 2654 1690 cessionem
2690 1651 2753 1689 ac
2781 1635 3170 1700 obedientiam,
3203 1638 3294 1692 ubi
3320 1639 3472 1692 zelus
3500 1637 3721 1693 invidia

2136 1723 2250 1793 jam
2294 1734 2581 1780 exarserat
2613 1735 2762 1788 ante,
2808 1727 2981 1782 fuisse
3033 1727 3357 1792 confessus,
3420 1728 3566 1800 quod
3611 1729 3720 1800 ipsi

2071 1793 2112 1849 Β
2141 1818 2268 1873 divo
2299 1816 2555 1873 Clementi
2582 1819 2634 1873 in
2661 1820 2812 1875 beato
2865 1819 3022 1875 Petro
3069 1822 3358 1889 pascendi,
3408 1793 3476 1875 εξ·
3506 1793 3721 1892 regendi

2141 1908 2309 1981 (quod
2342 1910 2649 1979 spiritualia
2678 1912 2894 1982 attinet)
2926 1921 2974 1965 et
3003 1912 3330 1983 gubernandi
3368 1913 3719 1967 uniuersalem

2140 2001 2432 2056 Ecclesiam
2458 2003 2611 2071 plena
2635 2013 2864 2072 potestas
2895 2007 2966 2059 sit
2992 2006 3231 2063 tradita?
3261 2025 3279 2058 ι
3304 2004 3582 2061 Hactenus
3603 2007 3722 2060 cla-

2138 2096 2394 2151 rissimus
2425 2094 2711 2152 Fuldcnsis
2764 2097 3067 2169 theologus.

2691 2207 3092 2287 annotinos
3128 2207 3194 2265 ιι.

2553 2315 2986 2358 OBSERVATIONES
3025 2318 3289 2358 IORALES.

2138 2393 2166 2466 ς
2204 2391 2246 2449 Ι.
2283 2392 2360 2448 De
2381 2393 2709 2468 humilitate,
2730 2404 2781 2449 et
2805 2395 3085 2461 charitate,
3121 2396 3347 2467 vitioque
3367 2395 3532 2451 eidem
3557 2413 3723 2468 oppo-

2663 2467 2787 2532 sito,
2818 2468 3174 2522 azmulatione.

2208 2557 2523 2614 Humilitas.
2550 2556 2865 2628 Exemplum
2902 2559 3221 2614 humilitatis
3272 2561 3328 2614 in
3363 2569 3550 2614 sancta
3582 2559 3721 2615 Per-

2132 2665 2266 2704 sona
2288 2648 2607 2708 Salvatoris.
2637 2680 2706 2690 —
2739 2651 2932 2718 Quoad
2963 2653 3225 2708 moralem
3255 2655 3432 2709 sancti
3460 2653 3717 2710 Clemen-

2133 2741 2206 2797 tis
2238 2742 2578 2807 doctrinam,
2610 2760 2679 2800 en
2716 2745 3031 2815 pulchriora
3061 2746 3214 2808 loca,
3247 2763 3369 2818 qua
3402 2763 3467 2802 ex
3496 2748 3720 2803 duabus

2130 2837 2382 2907 epistolis
2397 2845 2655 2907 excerpta
2677 2852 2797 2893 eam
2812 2838 3135 2909 respiciunt.
3157 2838 3423 2911 Loquitur
3449 2841 3632 2911 primo
3647 2842 3719 2897 de

2130 2928 2441 2984 humilitate
2471 2928 2786 2983 Christiana
2807 2970 2822 2994 ,
2856 2931 3088 3001 ejusque
3124 2934 3335 3002 praxim
3367 2942 3593 2989 sanctus
3627 2934 3720 2988 hic

2137 3017 2381 3087 pontifex
2430 3017 2683 3074 ﬁdelibus
2727 3020 3107 3087 commendat;
3145 3023 3365 3078 exhibet
3400 3026 3717 3095 exemplum

449 3120 660 3176 Christi
690 3129 745 3175 et
768 3119 1136 3189 apostolorum
1165 3117 1421 3188 discipuli
1445 3117 1468 3171 ?
1498 3117 1564 3171 ad
1594 3130 1732 3187 quos
1762 3116 1923 3185 longe
1943 3112 2025 3168 fa-
2052 3128 2101 3192 ε
2130 3108 2414 3178 ipsiusmet
2439 3107 2569 3165 Jesu
2595 3110 2836 3176 Christi,
2865 3114 2933 3168 de
2958 3130 3068 3183 quo
3091 3115 3207 3171 hac
3230 3116 3395 3171 habet
3417 3116 3528 3186 (59)
3552 3138 3565 3172 ;
3585 3118 3721 3173 Sco.

448 3212 610 3267 cilius
649 3212 917 3281 potuisset
946 3210 1245 3265 accedere?
1274 3225 1372 3264 cur
1400 3210 1469 3263 ab
1500 3208 1651 3264 hisce
1696 3222 1806 3262 non
1848 3206 2028 3277 potius

447 3302 715 3359 auxilium
744 3300 917 3373 petit?
959 3299 1068 3355 nisi
1112 3300 1195 3355 vel
1221 3300 1277 3354 hi
1308 3300 1415 3370 ipsi
1443 3314 1473 3353 a
1502 3297 1753 3352 Romana
1783 3296 2026 3352 Ecclesia

448 3394 741 3467 quamdam
778 3392 1198 3462 dependentiam
1251 3390 1483 3448 fuissent
1528 3390 1797 3463 professi;
1844 3404 2028 3445 nonne

450 3490 545 3544 ille
576 3488 711 3559 ipse,
738 3487 793 3540 in
824 3501 986 3557 quem
1032 3485 1351 3541 fundaverat
1377 3501 1531 3541 suam
1569 3483 1871 3539 Eeclesiam
1905 3482 2026 3537 Sal-

443 3588 605 3635 vator
634 3586 822 3633 noster
846 3576 1009 3634 Jesus
1040 3578 1314 3639 Christus,
1356 3576 1536 3647 quoad
1556 3591 1847 3646 personam
1864 3589 2022 3631 suam

438 3672 555 3743 jam
604 3671 896 3726 defunctus
943 3676 1062 3724 erat
1115 3684 1239 3724 cum
1289 3668 1417 3724 divo
1462 3668 1632 3725 Paulo
1684 3670 2024 3725 zelosissimo

442 3763 683 3833 gentium
736 3762 978 3834 apostolo
999 3762 1022 3816 ?
1043 3768 1096 3817 et
1129 3762 1484 3817 nihilominus
1513 3762 1583 3817 ab
1610 3763 1800 3818 eadem
1830 3762 2023 3819 Eccle-

444 3854 549 3919 sia,
599 3855 656 3909 in
690 3868 797 3924 qua
829 3853 1035 3908 crudeli
1080 3854 1460 3921 persecutione
1502 3854 1670 3908 vitam
1722 3860 2023 3924 posuerant

442 3947 604 4002 ambo
636 3946 890 4017 apostoli,
924 3944 1228 4000 subsidium
1251 3954 1305 4001 et
1338 3945 1750 4002 instructionem
1777 3954 2024 4017 tempore

442 4037 733 4095 seditionis
758 4044 812 4092 et
852 4038 1219 4093 contentionis
1290 4038 1430 4093 inter
1482 4040 1631 4108 ipsos
1672 4038 2019 4095 Christianos

442 4139 648 4187 exorta
673 4134 807 4200 petit
837 4129 1081 4185 Ecclesia
1120 4129 1437 4185 Corinthia!
1476 4140 1529 4186 et
1566 4146 1664 4186 cur
1697 4131 1828 4185 illud
1854 4173 1868 4194 ,
1909 4132 2020 4188 nisi

442 4222 500 4278 in
526 4222 644 4294 ipsa
663 4221 905 4279 Ecclesia
934 4221 1181 4278 Romana
1220 4230 1547 4293 potestatem
1589 4224 1699 4278 divi
1746 4223 1892 4279 Petri
1923 4225 2018 4279 ad-

441 4317 551 4374 huc
590 4325 705 4371 tum
734 4317 920 4388 vigere
950 4317 1231 4373 novisset?
1252 4323 1307 4371 et
1338 4317 1577 4381 demum,
1613 4317 1781 4381 unde,
1808 4332 2014 4388 quaso,

440 4418 631 4466 tantus
677 4410 807 4465 huic
850 4411 1095 4481 epistola
1135 4407 1466 4477 Clementis,
1509 4418 1603 4465 aut
1645 4409 2014 4466 Romanorum

2132 3210 2311 3272 ptrum
2334 3204 2632 3274 majestatis
2649 3204 2769 3268 Dei,
2795 3205 3053 3262 Dominus
3070 3218 3246 3263 noster
3264 3209 3421 3264 Jesus
3439 3209 3715 3273 Christus,

2132 3311 2237 3349 non
2270 3297 2406 3351 venit
2449 3297 2503 3351 in
2532 3298 2802 3367 jactantia
2833 3302 3155 3372 arrogantia
3177 3341 3193 3366 ,
3240 3319 3402 3374 neque
3427 3303 3714 3373 superbiat.

2130 3403 2250 3442 cum
2271 3397 2454 3457 potens
2478 3391 2551 3443 sit
2591 3392 2727 3454 ;sed
2781 3392 2836 3445 in
2886 3392 3214 3459 humilitate,
3263 3396 3716 3464 quemadmodum

2129 3477 2364 3550 Spiritus
2398 3490 2614 3537 sanctus
2648 3482 2712 3537 de
2737 3483 2851 3553 ipso
2896 3485 3099 3540 locutus
3138 3494 3239 3542 est.
3271 3486 3540 3559 Deinceps
3582 3499 3718 3560 post

2128 3571 2363 3626 adducta
2394 3572 2484 3627 illa
2516 3574 2796 3645 propheta
2822 3573 2976 3631 Isaia
3003 3577 3121 3632 loca
3144 3617 3157 3641 ,
3191 3580 3248 3634 in
3269 3580 3469 3650 quibus
3495 3582 3563 3637 de
3591 3590 3717 3636 tor-

2127 3665 2328 3719 mentis
2359 3673 2415 3720 et
2444 3666 2847 3735 abjectionihus
2892 3666 3193 3726 Salvatoris
3234 3680 3318 3726 est
3361 3688 3579 3737 sermo,
3628 3674 3716 3730 ita

2127 3758 2439 3816 concludit.
2480 3760 2549 3814 ad
2588 3761 2901 3817 Corinthios
2953 3778 3267 3820 sermonem
3327 3776 3659 3823 convertens
3694 3789 3709 3824 :

2123 3848 2375 3917 Cernitis,
2401 3853 2503 3907 viri
2533 3854 2703 3919 ehari,
2736 3856 2873 3927 quod
2903 3858 3171 3927 exemplar
3200 3858 3349 3914 nobis
3376 3859 3563 3914 datum
3591 3863 3661 3916 sit
3682 3867 3715 3922 2

2122 3958 2247 3996 nam
2285 3946 2333 3998 si
2361 3944 2623 4003 Dominus
2666 3947 2797 4003 adeo
2823 3949 3095 4005 humiliter
3130 3968 3186 4006 se
3217 3954 3418 4022 gessit,
3471 3954 3599 4023 quid
3624 3956 3719 4025 fa-

2121 4034 2318 4088 ciemus
2346 4053 2464 4102 nos,
2497 4040 2587 4108 qui
2604 4039 2700 4093 sub
2716 4041 2909 4110 jugum
2931 4042 3124 4112 gratia:
3151 4042 3266 4112 ejus
3298 4059 3391 4112 per
3422 4044 3597 4113 ipsum
3618 4062 3716 4101 ve.

2119 4126 2292 4181 nimus
2311 4131 2336 4184 .9

2189 4217 2316 4271 Alia
2336 4221 2575 4291 exempla
2598 4221 2919 4277 humilitatis
2955 4224 3009 4279 in
3038 4225 3361 4292 patriarchis
3390 4236 3443 4282 et
3474 4231 3716 4298 prophe-

2118 4312 2208 4367 tis.
2234 4343 2305 4351 —
2326 4311 2457 4367 Post
2484 4313 2728 4369 divinum
2752 4315 2856 4370 hoc
2886 4315 3230 4381 humilitatis,
3264 4318 3712 4391 abjectionisquc

2117 4404 2428 4475 exemplar,
2470 4415 2694 4461 sanctus
2742 4406 2991 4463 Pontifex
3029 4410 3188 4465 nobis
3217 4412 3288 4467 ob
3313 4411 3503 4467 oculos
3546 4416 3713 4483 ponit

439 4501 685 4568 effectus,
719 4510 778 4557 ut
810 4503 867 4558 in
896 4502 1139 4559 Ecclesia
1165 4502 1453 4559 Corinthia
1480 4504 1863 4559 contentiones
1892 4519 2017 4560 ces-

2132 4495 2420 4565 perfectam
2483 4497 2847 4555 humilitatem
2920 4510 3237 4556 sanctorum
3305 4504 3709 4572 prophetarqu

428 4602 584 4663 sent,
614 4595 901 4651 seditionis
925 4596 1067 4666 ignis
1094 4595 1493 4666 exstinguatur,
1526 4610 1631 4666 pax
1661 4596 1896 4652 redeat?
1919 4612 2021 4653 cur

438 4684 551 4741 divi
571 4685 865 4742 Clementis
883 4685 1113 4757 epistola
1142 4693 1294 4742 tanta
1322 4688 1674 4743 veneratione
1695 4688 2014 4759 suscipitur,

440 4786 504 4835 ut
529 4779 857 4850 quantocius
879 4779 1061 4833 cuncti
1091 4778 1267 4835 eidem
1296 4779 1596 4838 obediant?
1630 4794 1731 4837 cur
1758 4788 1909 4835 tanta
1935 4780 2017 4837 ei-

438 4870 561 4926 dem
593 4868 853 4924 tribuitur
873 4870 1197 4933 reverentia,
1236 4876 1298 4923 ut
1328 4875 1451 4939 post
1475 4869 1632 4940 plura
1662 4868 1862 4925 sacula
1889 4883 2009 4923 eam

437 4962 494 5017 in
518 4960 875 5017 conventibus
901 4959 1135 5031 publicis
1165 4960 1368 5031 legant,
1396 4962 1503 5016 nisi
1532 4960 1717 5015 divum
1757 4961 2011 5017 Clemen-

435 5064 545 5110 tem
579 5068 679 5109 ceu
701 5052 876 5109 sancti
906 5051 1053 5109 Petri
1083 5053 1455 5124 aposwlorum
1489 5052 1762 5124 Principis
1789 5068 2012 5111 succes-

435 5161 618 5202 sorem
660 5145 899 5202 fuissent
936 5148 1221 5211 venerati,
1271 5146 1379 5201 nisi
1417 5160 1529 5216 prae
1570 5146 1798 5217 reliquis
1845 5146 2010 5201 etiam

436 5239 805 5295 sanctissimis
830 5238 968 5293 viris
997 5237 1261 5308 majorem
1305 5238 1595 5309 quamdam
1627 5237 2008 5294 auctaritatem

436 5334 614 5388 eidem
653 5332 1017 5387 tribuissent?
1058 5331 1171 5387 Hoc
1213 5334 1332 5402 ipso
1377 5348 1511 5388 sane
1541 5323 1823 5403 tempore,
1854 5340 1913 5386 ut
1941 5348 2010 5387 ex

438 5422 674 5483 Eusebio
721 5425 1020 5488 discimus,
1077 5425 1291 5480 vivebat
1359 5425 1565 5479 adhue*
1597 5424 1799 5497 Ephesi
1850 5425 2009 5480 divus

513 5586 557 5617 ³⁸
587 5583 722 5641 Gen.
776 5602 933 5647 xvut.
965 5587 1055 5641 27.
1133 5588 1176 5619 ’θ
1207 5586 1308 5641 Job
1335 5603 1445 5652 xw,
1476 5571 1531 5644 ι’.
1610 5587 1654 5620 ⁸⁸
1680 5586 1851 5643 Exod.
1873 5587 2061 5654 1",“.

511 5721 623 5792 (38)
666 5719 1079 5795 palll‘eronym.
1111 5722 1189 5795 De
1215 5725 1396 5793 script.
1428 5722 1613 5781 ιρι-εισι.
1646 5724 1702 5779 in
1731 5723 2005 5795 Catalogo.

512 5796 623 5865 βυ)
666 5791 836 5864 Epist.
874 5793 926 5859 1,
959 5791 1081 5865 cap.
1113 5794 1207 5850 l6.

2124 4587 2270 4653 Elia,
2290 4588 2530 4646 Elisaiet
2552 4589 2873 4646 Ezechielis.
2904 4591 3136 4647 Abraha
3151 4593 3512 4650 humilitatem
3544 4612 3710 4651 com-

2119 4682 2342 4738 mendat
2385 4683 2499 4755 (ιο)
2550 4682 2606 4737 in
2654 4684 2777 4739 istis
2822 4683 3071 4754 ejusdem
3101 4685 3427 4756 patriarcha
3456 4689 3643 4745 verbis
3680 4709 3707 4750 :

2119 4775 2233 4847 Ego
2262 4786 2439 4831 autem
2488 4794 2606 4831 sum
2645 4787 2787 4833 terra
2826 4787 2876 4833 et
2925 4780 3057 4834 cinis
3088 4782 3168 4848 ⁹⁸;
3199 4781 3556 4837 humilitatem
3591 4781 3710 4839 Job

2119 4871 2177 4924 in
2217 4870 2505 4926 verissima
2559 4871 2682 4939 hac,
2735 4888 2903 4943 quam
2940 4874 3138 4939 tradit,
3180 4875 3414 4930 veritate
3460 4895 3474 4931 :
3523 4875 3708 4932 Nemo

2117 4960 2343 5016 mundus
2374 4979 2407 5015 a
2437 4962 2623 5027 sorde,
2654 4964 2774 5019 etsi
2805 4965 2960 5019 unius
2986 4966 3091 5021 diei
3119 4968 3188 5021 sit
3215 4968 3319 5025 vita
3347 4968 3460 5038 ejus
3489 4971 3564 5037 ”;
3593 4972 3707 5025 hu-

2088 5054 2405 5125 .militatem
2435 5054 2638 5126 Moysis
2675 5056 2731 5111 in
2774 5058 3060 5114 aversione
3081 5098 3096 5122 ,
3124 5073 3284 5129 quam
3313 5057 3426 5113 Deo
3456 5068 3703 5118 testatus

2085 5156 2226 5209 -est,
2258 5164 2292 5201 a
2324 5148 2591 5203 sumendo
2619 5149 2886 5220 regimine
2925 5153 3113 5222 populi
3152 5151 3441 5207 lsraelitici
3475 5154 3517 5185 ’°
3539 5173 3557 5209 ι
3591 5156 3706 5209 hu-

2086 5241 2406 5313 jmilitatem
2439 5240 2663 5297 Davidis
2683 5283 2699 5307 ,
2732 5259 2853 5315 qua
2880 5246 3118 5299 maxime
3147 5245 3199 5299 in
3225 5245 3437 5315 psalmo
3469 5261 3499 5299 ι.
3529 5260 3700 5316 repe—

2082 5324 2095 5332 ’
2117 5335 2279 5403 ritur,
2306 5335 2399 5390 ubi
2433 5351 2596 5391 verus
2630 5337 2718 5391 hic
2770 5339 3043 5409 panitcns
3089 5338 3450 5395 humilitatem
3506 5338 3699 5395 cordis

2118 5428 2203 5481 sui
2233 5427 2544 5482 manifestat
2568 5427 2701 5497 (41).

2102 5710 2107 5714 ’
2194 5718 2307 5792 (te)
2343 5718 2503 5792 ibid,
2535 5733 2657 5790 cap.
2698 5720 2786 5792 η,

2182 5789 2301 5856 (Η)
2342 5789 2440 5857 Ep.
2474 5790 2527 5855 l,
2557 5789 2679 5855 cap.
2714 5790 2801 5848 18.
