3916 6326
251 393 347 446 173

1477 377 1819 438 ΡΒΟΠΞΜΙΑ
1857 374 2243 432 νΑιιιοιιυΜ.

3383 382 3482 436 174

287 478 558 558 (Pulchra:
589 500 858 558 sententia
890 501 954 556 de
979 500 1295 556 humilitate.
1318 531 1388 540 —-
1418 498 1812 570 Splendidissi-

1923 493 2214 548 5chismata
2255 509 2446 549 eorum
2491 510 2659 551 causa
2698 497 2928 553 excitari
2975 497 3479 568 deprehenderunt.

237 597 343 647 tuis
370 595 522 648 hisce
553 591 878 646 humilitatis
897 590 1226 645 Christianae
1257 589 1523 659 exemplis
1564 587 1813 657 adjungit

241 697 460 740 sanctus
491 684 746 740 Clemens
772 684 1066 738 nonnullas
1093 683 1288 740 breves
1333 682 1637 737 sententias
1664 681 1813 734 circa

243 777 382 829 hanc
404 773 655 830 eamdem
675 775 956 830 virtutem.
985 773 1130 828 Laus
1161 783 1368 836 nostra,
1396 773 1593 843 inquit,
1617 772 1671 824 in
1704 769 1811 823 Deo

238 870 328 928 sit,
356 876 406 922 et
449 884 554 922 non
581 885 618 923 ι
661 867 811 922 nobis
854 868 983 937 ipsis
1007 866 1144 940 (42).
1191 867 1431 932 Etenim,
1479 865 1630 920 addit
1659 865 1812 935 ipse,

241 961 382 1014 Deus
398 960 510 1013 edit
529 977 614 1015 eos
659 961 749 1031 qui
765 961 1066 1029 semetipsos
1089 959 1398 1028 pratdicant.
1435 957 1813 1012 Testimonium

235 1054 358 1106 coni
385 1053 558 1121 operis
588 1053 758 1107 nostri
792 1050 858 1105 ab
882 1052 1007 1106 aliis
1029 1050 1298 1104 tribuatur
1326 1049 1504 1116 nobis,
1527 1049 1685 1102 sicuti
1722 1064 1815 1102 ex-

236 1145 461 1198 hibitum
488 1152 566 1198 est
596 1142 851 1198 Patribus
900 1142 1118 1198 nostris.
1153 1141 1472 1205 Temeritas,
1505 1138 1816 1210 arrogantia

232 1251 280 1293 et
319 1239 578 1303 audacia,
622 1239 914 1292 maledictis
951 1255 989 1292 a
1037 1238 1178 1303 Deo;
1224 1238 1515 1292 moderatio
1551 1246 1726 1290 autem
1764 1245 1815 1289 et

237 1331 520 1383 humilitas
543 1340 592 1383 et
618 1327 961 1382 mansuetudo
977 1328 1119 1396 apud
1149 1329 1292 1393 illos,
1331 1331 1419 1398 qui
1456 1345 1489 1380 ιι
1526 1327 1630 1385 Deo
1665 1327 1816 1380 bene-

231 1423 366 1475 dicti
399 1431 525 1475 sunt
567 1463 579 1475 .
624 1461 640 1473 .
686 1462 699 1475 .
746 1417 1143 1490 Unusquisque,
1171 1420 1333 1475 habet
1367 1420 1496 1474 alibi
1524 1419 1667 1488 (45),
1691 1433 1816 1486 pro-

236 1513 384 1564 ximo
402 1527 501 1564 suo
530 1509 847 1579 subjiciatur
889 1550 901 1561 .
949 1546 966 1562 .
1007 1547 1022 1561 .
1065 1507 1280 1560 humilis
1300 1524 1406 1560 non
1433 1507 1534 1560 sibi
1576 1509 1815 1561 testimo-

238 1605 387 1656 nium
414 1602 575 1670 ferat,
599 1600 689 1655 sed
718 1601 883 1662 sinat,
908 1608 968 1652 ut
998 1598 1133 1652 alter
1161 1599 1263 1668 ipsi
1281 1597 1546 1666 perhibeat
1581 1598 1818 1652 testimo-

241 1696 386 1746 nium
419 1708 439 1746 :
460 1695 550 1763 qui
566 1709 722 1747 carne
742 1701 918 1746 castus
945 1699 1043 1756 est,
1066 1707 1126 1745 ne
1150 1691 1447 1756 insolescat,
1466 1693 1632 1745 sciens
1649 1690 1817 1744 alium

1916 584 2173 640 Dicamus
2203 588 2364 642 etiam
2388 627 2402 649 ,
2453 603 2645 641 omnes
2677 589 2958 645 ministros
2998 589 3212 644 Domini
3250 587 3484 658 idipsum

1915 679 1971 732 in
2002 677 2196 732 iisdem
2221 677 2655 734 circumstantiis
2686 696 2946 753 peragere
2969 683 3202 748 debere;
3235 683 3486 737 ﬁdelibus

1913 768 2057 822 enim
2089 769 2328 838 praebere
2351 779 2608 826 tenentur
2630 773 2877 842 exempla
2906 773 3210 837 charitatis,
3247 790 3368 841 ignee
3385 791 3489 846 pu-

1915 861 2135 916 rissima
2169 863 2261 925 sit,
2293 871 2347 918 et
2372 863 2659 918 commoda
2695 879 2805 918 non
2835 875 3064 936 quaerat.
3103 865 3186 921 Ne
3213 880 3490 922 vereantur

1915 955 2078 1023 igitur
2105 953 2158 1007 id
2186 953 2387 1024 agendo
2415 955 2717 1009 necessaria
2751 958 2993 1011 amittere
3022 973 3040 1008 :
3081 958 3185 1024 Qui
3221 960 3362 1012 enim
3392 959 3488 1013 hoc

1917 1046 2170 1109 fecerit...
2203 1046 2510 1116 pemptime
2535 1048 2611 1103 ait
2634 1058 2858 1105 sanctus
2883 1049 3131 1106 Pontifex
3149 1053 3284 1122 (48),
3317 1054 3489 1106 omnis

1917 1139 2062 1194 locus
2081 1156 2200 1194 eum
2227 1141 2473 1210 suscipiet
2501 1155 2522 1194 :
2551 1140 2766 1197 Domini
2788 1143 2928 1197 enim
2956 1155 3034 1198 est
3055 1155 3216 1210 terra,
3246 1155 3294 1200 et
3314 1147 3490 1216 pleni-

1917 1233 2042 1286 tudo
2063 1233 2198 1301 ejus.

1988 1324 2060 1380 Ut
2079 1325 2337 1382 ostendat
2362 1334 2589 1383 sanatis
2613 1327 2897 1394 Clemens,
2946 1330 3288 1400 impossibile
3319 1334 3494 1386 haud-

1913 1430 2191 1485 quaquam
2221 1430 2368 1481 esse,
2401 1418 2546 1487 quod
2577 1417 2833 1487 superius
2861 1419 3070 1483 docuit,
3093 1422 3339 1490 exempla
3368 1437 3494 1491 pro-

1919 1507 2022 1561 fert
2055 1507 2324 1575 gentium,
2358 1523 2423 1564 ac
2464 1519 2673 1576 narrat,
2705 1511 2909 1565 multos
2935 1527 3091 1582 reges
3117 1527 3181 1566 ac
3211 1513 3491 1583 principes

1917 1597 2197 1654 exstitisse
2215 1615 2283 1653 ex
2327 1600 2610 1667 gentibus,
2645 1603 2739 1672 qui
2768 1618 2830 1658 se
2865 1604 3015 1672 ipsos
3056 1605 3218 1658 morti
3251 1605 3493 1661 tradide-

1918 1694 2081 1752 runt,
2116 1699 2175 1744 ut
2215 1691 2363 1745 cives
2391 1706 2492 1745 suo
2520 1693 2790 1762 sanguine
2837 1693 3154 1749 liberarent.
3200 1695 3287 1747 Ait
3339 1695 3494 1750 insu-

235 1804 373 1846 esse,
403 1787 496 1855 qui
519 1787 568 1838 ei
593 1785 969 1838 continentiam
991 1783 1176 1838 donat.
1204 1782 1519 1852 Reputemus
1538 1799 1680 1853 ergo,
1705 1783 1817 1853 fra-
1844 1829 1889 1890 Β
1920 1795 2016 1850 per
2047 1780 2160 1852 (49)
2190 1802 2202 1835 :
2236 1781 2434 1837 Multos
2467 1783 2602 1838 inter
2637 1802 2730 1838 nos
2758 1785 3092 1855 cognovimus
3111 1826 3127 1849 ,
3173 1787 3261 1856 qui
3291 1788 3492 1854 seipsos

241 1889 368 1941 tres,
397 1893 467 1931 ea:
503 1893 608 1947 qua
637 1877 862 1930 materia
884 1875 1048 1929 creati
1073 1877 1276 1940 simus;
1300 1876 1389 1946 qui
1411 1915 1427 1940 ,
1476 1885 1525 1929 et
1547 1875 1728 1945 quales
1760 1876 1814 1930 in

237 1970 496 2024 mundum
529 1970 751 2040 ingressi
775 1970 963 2033 simus,
995 1977 1246 2039 tanquam
1271 1985 1299 2023 e
1321 1968 1558 2037 sepulcro
1579 1978 1628 2023 et
1670 1978 1815 2023 tene-

239 2064 380 2127 bris;
433 2074 620 2116 auctor
639 2073 691 2117 et
716 2063 888 2132 opifex
930 2071 1106 2116 noster
1139 2063 1193 2114 in
1238 2060 1492 2114 mundum
1528 2077 1680 2115 suum
1722 2078 1816 2116 nos

239 2155 558 2218 introduxit,
592 2156 930 2224 pra'paratis,
965 2163 1248 2224 antequam
1280 2169 1632 2217 nasceremur,
1661 2152 1816 2206 bene-

243 2247 405 2315 factis
433 2248 564 2302 suis.
595 2246 678 2301 Sit
709 2247 904 2317 aliquis
935 2246 1128 2315 ﬁdelis,
1154 2247 1221 2298 sit
1243 2254 1424 2314 potens
1447 2245 1501 2298 in
1516 2245 1817 2298 enarranda

235 2339 536 2407 cognitione
578 2380 592 2392 .
633 2380 646 2392 .
694 2379 707 2392 .
752 2347 897 2391 tanto
921 2337 1170 2390 humilior
1191 2351 1304 2406 esse
1321 2334 1490 2398 debet,
1519 2351 1621 2404 quo
1643 2336 1817 2404 major

234 2446 350 2484 esse
383 2431 592 2484 videtur
619 2431 768 2502 (44);
797 2431 921 2503 quia
943 2469 957 2492 ,
989 2437 1046 2483 ut
1077 2429 1185 2482 alio
1211 2429 1332 2482 loco
1353 2427 1486 2481 dicit
1543 2426 1688 2497 (45),
1714 2443 1816 2495 quo

236 2523 434 2590 majori
485 2523 780 2594 cognitione
822 2522 969 2593 digni
1009 2537 1190 2576 sumus
1232 2520 1436 2584 habiti,
1485 2534 1544 2573 eo
1584 2519 1815 2587 periculo

234 2615 470 2684 graviori
495 2615 710 2669 obnoxii
733 2631 934 2669 sumus.

310 2706 387 2760 De
410 2708 698 2762 charitate.
720 2706 1069 2762 Characteres
1123 2705 1424 2761 charitatis.
1460 2735 1529 2746 -—
1557 2703 1713 2772 Quod
1749 2705 1817 2760 de

231 2797 511 2852 charitate
541 2798 700 2853 docet
730 2805 955 2852 sanctus
979 2796 1250 2860 Pontifex,
1284 2806 1337 2852 et
1363 2797 1428 2851 ad
1456 2797 1708 2866 pietatem
1738 2796 1818 2849 al-

235 2890 383 2950 licit,
415 2899 476 2944 et
505 2903 726 2943 omnem
769 2898 1014 2944 nostram
1047 2896 1390 2959 promeretur
1436 2887 1813 2943 attentionem.

237 2982 450 3038 Divina:
489 2983 654 3052 hujus
678 2983 901 3037 virtutis
933 2983 1281 3038 characteres
1307 2990 1438 3036 sunt
1467 2990 1764 3052 sequentes
1799 3003 1812 3039 :

233 3073 497 3128 Charitas
526 3091 621 3128 nos
647 3073 755 3128 Deo
783 3073 1102 3145 agglutinat,
1151 3092 1170 3125 ι
1210 3076 1444 3128 charitas
1485 3075 1649 3143 operit
1677 3076 1818 3130 mul-

1918 1876 1975 1928 in
2009 1875 2217 1928 vincula
2239 1875 2570 1944 conjecerunt
2589 1915 2604 1939 ,
2638 1886 2695 1929 ut
2721 1878 2856 1931 alios
2882 1877 3215 1934 redimerent.
3247 1877 3410 1931 Multi
3439 1897 3495 1934 se

1918 1968 2057 2036 ipsos
2084 1968 2136 2020 in
2159 1969 2461 2021 servitutem
2490 1968 2745 2022 dederunt
2771 2009 2786 2033 ,
2833 1979 2883 2024 et
2927 1980 3136 2039 accepto
3164 1973 3329 2038 pretio
3370 1976 3455 2025 sui
3475 2013 3491 2033 ,

1917 2059 2053 2112 alios
2073 2058 2335 2114 cibarunt.
2355 2058 2582 2129 Egregia
2610 2059 2724 2112 haec
2746 2060 2999 2128 perfectae
3019 2061 3303 2118 charitatis
3319 2079 3496 2118 exem-

1919 2150 2005 2218 pla
2035 2166 2144 2219 prae
2165 2150 2341 2204 oculis
2371 2149 2606 2205 habeant
2633 2147 2892 2205 Ecclesiae
2919 2152 3178 2218 ministri,
3198 2169 3268 2208 ac
3292 2165 3496 2212 attente

1917 2241 2282 2298 considerent.

1990 2334 2067 2388 De
2087 2334 2450 2390 aemulatione.
2495 2333 2730 2403 Effectus
2765 2335 3142 2391 mmulationis.
3174 2368 3244 2377 —
3275 2337 3495 2392 Tertius

1917 2428 2183 2481 articulus
2219 2425 2402 2496 quoad
2437 2441 2654 2490 mores,
2684 2442 2846 2496 quem
2893 2428 2948 2482 in
2994 2439 3187 2484 sancto
3214 2429 3498 2486 Clemente

1917 2520 2179 2574 observat
2211 2519 2282 2574 cl.
2311 2517 2586 2574 Marechal
2611 2518 2674 2574 Ο.
2701 2519 2758 2574 S.
2787 2518 2873 2584 8.,
2898 2528 2983 2576 est
3013 2521 3161 2575 circa
3191 2522 3452 2577 invidiam
3477 2564 3494 2587 ,

1919 2622 2016 2663 seu
2051 2609 2475 2664 aemulationem.
2528 2608 2877 2666 Demonstrat
2922 2610 3264 2674 Corinthiis,
3311 2615 3494 2683 quod,

1920 2708 2212 2771 postquam
2250 2702 2381 2756 huic
2404 2703 2650 2772 passioni
2684 2718 2744 2758 se
2772 2711 2889 2759 toto
2928 2705 3113 2760 animo
3133 2705 3458 2761 dediderunt
3480 2748 3496 2769 ,

1913 2792 2110 2861 procul
2154 2793 2299 2847 absit
2322 2792 2540 2863 justitia
2564 2800 2618 2848 et
2654 2809 2759 2863 pax
2797 2811 2810 2849 :
2848 2792 3214 2865 Unusquisque
3258 2797 3498 2850 timorem

1919 2885 2019 2940 Dei
2042 2886 2257 2951 deserit,
2290 2897 2339 2942 et
2365 2888 2420 2941 in
2448 2886 2554 2956 ﬁde
2583 2888 2728 2942 illius
2759 2891 2970 2944 ctecutit
2991 2928 3008 2955 ,
3045 2907 3135 2944 nec
3161 2891 3216 2944 in
3236 2891 3498 2945 institutis

1918 2990 2298 3051 pra'ceptorum
2319 2982 2435 3051 ejus
2458 2980 2696 3036 ambulat
2715 3022 2730 3046 ,
2756 2999 2847 3036 nec
2879 2981 3091 3037 Christo
3112 2982 3350 3037 decenter
3375 3000 3501 3036 con-

1920 3084 2189 3139 versatur;
2219 3075 2310 3129 sed
2340 3077 2693 3145 unusquisque
2722 3075 3005 3130 secundum
3027 3092 3217 3145 pravas
3239 3077 3500 3145 cupidita-

235 3166 523 3219 titudinem
554 3178 888 3233 peccatorum
910 3167 952 3196 ³¹
978 3181 996 3218 :
1017 3168 1253 3220 charitas
1277 3169 1454 3220 omnia
1483 3168 1674 3221 tolerat
1701 3167 1766 3232 ³¹,
1793 3186 1814 3220 s
1845 3187 1888 3244 ρ
1924 3175 1996 3222 tes
2041 3185 2167 3222 suas
2223 3169 2440 3223 incedit.
2501 3167 2708 3223 Deinde
2767 3169 3031 3222 nonnulla
3084 3184 3151 3223 ex
3197 3167 3500 3238 Scripturis

233 3260 419 3312 omnia
447 3275 598 3328 sequo
625 3259 726 3328 fert
748 3261 923 3312 animo
946 3275 966 3321 ;
991 3261 1045 3313 in
1071 3261 1327 3315 charitate
1348 3261 1478 3315 nihil
1522 3261 1818 3329 sordidum,

238 3350 378 3402 nihil
403 3350 692 3418 superbum
711 3389 728 3414 ,
769 3350 1004 3405 videlicet
1038 3351 1448 3406 moderationem
1491 3352 1544 3405 in
1574 3351 1818 3407 omnibus

234 3451 436 3504 servat,
468 3442 707 3494 charitas
737 3443 968 3497 schisma
999 3460 1101 3497 non
1133 3443 1316 3508 habet,
1347 3443 1586 3498 charitas
1611 3445 1822 3500 seditio-

233 3551 353 3587 nem
380 3549 493 3586 non
522 3533 772 3597 concitat,
801 3536 1038 3589 charitas
1067 3536 1245 3588 omnia
1264 3535 1394 3604 facit
1423 3537 1478 3588 in
1493 3538 1778 3592 concordia
1797 3553 1819 3592 :

229 3630 289 3681 in
318 3628 589 3681 charitate
610 3644 790 3682 omnes
820 3628 918 3682 Dei
937 3630 1089 3683 electi
1120 3630 1336 3699 perfecti
1362 3638 1507 3686 sunt.
1542 3630 1670 3687 Sine
1693 3633 1822 3688 cha-

229 3721 398 3773 ritate
424 3720 562 3773 nihil
592 3729 859 3788 acceptum
884 3730 964 3775 est
995 3719 1102 3774 Deo
1132 3721 1269 3791 (46).

309 3811 698 3866 Pulcherrimo
728 3812 858 3867 huic
885 3813 1177 3867 charitatis
1205 3814 1401 3885 elogio.
1432 3814 1682 3885 ejusdem
1710 3819 1822 3872 vir-

229 3904 375 3957 tutis
413 3904 729 3973 exemplum
775 3903 926 3959 addit
972 3913 1198 3960 sanctus
1242 3905 1531 3973 Pontifex,
1579 3909 1822 3980 illudque

227 3997 708 4051 considerandum
745 3998 1001 4067 proponit
1031 3999 1088 4052 in
1125 3998 1343 4071 Moyse,
1390 4003 1484 4072 qui
1531 4004 1661 4058 olim
1691 4021 1820 4061 suas

233 4089 304 4141 ad
345 4086 523 4142 Deum
561 4085 700 4140 fudit
728 4103 955 4158 preces,
994 4095 1054 4142 ut
1084 4101 1174 4144 aut
1207 4089 1507 4149 dimitteret
1535 4105 1820 4165 peccatum

234 4181 424 4250 populi
458 4178 582 4243 sui,
609 4187 704 4233 aut
743 4179 947 4234 deleret
980 4196 1104 4235 eum
1140 4181 1209 4236 de
1251 4183 1391 4239 libro
1422 4186 1721 4244 viventium
1752 4189 1817 4246 ⁸⁸.

233 4270 375 4336 Quis
417 4285 544 4339 ergo
584 4270 720 4322 inter
761 4286 850 4324 vos
892 4272 1218 4339 generosus?
1273 4275 1552 4330 concludit
1594 4287 1820 4336 sanctus

230 4362 499 4416 Clemens
528 4362 664 4432 (47),
679 4364 794 4432 quis
819 4364 1162 4420 misericors?
1183 4367 1298 4436 quis
1317 4367 1575 4423 charitate
1593 4372 1820 4440 pimus?

227 4455 383 4508 dicat
414 4469 436 4504 :
473 4455 538 4506 Si
571 4463 781 4523 propter
819 4471 900 4510 me
925 4456 1117 4511 seditio
1151 4467 1270 4512 orta
1295 4469 1372 4514 est
1394 4471 1476 4524 ,et
1517 4463 1815 4530 discordia,

1922 3264 2168 3332 exempla
2197 3262 2383 3324 aﬂ'ert,
2414 3261 2612 3330 quibus
2639 3274 2852 3314 morum
2879 3261 3321 3330 depravationem
3350 3264 3500 3316 omni

1921 3361 2169 3425 tempore
2200 3354 2256 3408 in
2289 3354 2602 3409 hominibus
2621 3354 2902 3407 inductam
2925 3353 3172 3407 ostendit
3199 3369 3266 3408 ex
3299 3353 3402 3407 hoc
3427 3355 3502 3408 vi-

1921 3447 2002 3502 tio
2029 3467 2042 3502 :
2075 3446 2230 3513 Quod
2249 3457 2462 3516 propter
2484 3446 2898 3510 aemulationem,
2930 3447 3006 3499 ait
3035 3446 3128 3500 hic
3148 3453 3373 3500 sanctus
3395 3445 3500 3500 Pa-

1922 3550 2005 3596 ter
2037 3538 2174 3611 (50),
2200 3538 2555 3609 fratricidium
2571 3539 2615 3570 "
2635 3539 2972 3593 commissum
2989 3539 3060 3592 sit
3086 3526 3298 3608 propter
3328 3554 3498 3592 temu-

1922 3629 2173 3683 lationem
2191 3627 2355 3682 Pater
2374 3637 2551 3682 noster
2569 3627 2738 3682 Iacob
2781 3644 2813 3681 a
2851 3627 2988 3696 facie
3009 3627 3196 3696 fratris
3228 3627 3374 3681 Esau
3399 3645 3500 3681 auv

1927 3723 2060 3793 fugit
2080 3722 2150 3785 ";
2175 3721 2447 3777 (emutatio
2472 3722 2666 3790 effecit,
2697 3730 2756 3774 ut
2774 3719 2972 3789 Ioseph
3000 3721 3070 3776 ad
3093 3730 3310 3776 mortem
3337 3738 3500 3792 usque

1919 3817 2332 3882 persecutionem
2351 3816 2633 3869 sustineret
2664 3815 2708 3846 ³⁵
2730 3824 2780 3868 et
2813 3814 2870 3867 in
2895 3816 3201 3869 servitutem
3231 3815 3503 3870 addicere-

1925 3921 2031 3964 tur.
2085 3907 2389 3963 .«Emulatio
2445 3906 2679 3977 Moysem
2729 3924 2762 3960 a
2819 3908 2955 3976 facie
3005 3906 3302 3962 Pharaonis
3362 3909 3499 3978 regis

1933 4000 2155 4072 Egypti
2185 4000 2362 4072 fugere
2392 3999 2644 4068 compulit
2709 4015 2830 4053 cum
2897 4000 3202 4069 popularem
3231 4017 3385 4054 suum
3411 4003 3502 4054 di-

1923 4104 2123 4148 centem
2147 4093 2353 4147 audiret
2378 4106 2396 4145 :
2430 4092 2562 4158 Quis
2598 4102 2646 4146 te
2671 4091 2950 4146 constituit
2979 4093 3264 4160 principem
3287 4101 3337 4146 et
3347 4092 3503 4161 judi-

1921 4203 2034 4241 cem
2060 4202 2216 4255 super
2237 4188 2371 4241 nos?
2393 4185 2627 4254 nunquid
2660 4194 2716 4236 tu
2738 4186 2812 4238 vis
2848 4200 2930 4237 me
2957 4186 3219 4251 occidere,
3250 4184 3502 4254 quemad-

1931 4275 2146 4328 modum
2175 4273 2416 4327 occidisti
2437 4273 2549 4325 heri
2566 4269 2880 4341 Egyptium
2901 4271 2988 4324 "i
3019 4269 3244 4337 Propter
3279 4267 3499 4322 aemula-

1930 4366 2122 4419 tionem
2144 4367 2322 4419 Aaron
2344 4374 2393 4417 et
2431 4362 2610 4416 Maria
2636 4363 2678 4394 ³⁸
2697 4374 2849 4416 extra
2870 4372 3048 4416 castra
3065 4361 3323 4431 segregati
3349 4360 3502 4412 habi-

1925 4463 2132 4509 tarunt.
2167 4451 2470 4507 Emulatio
2492 4452 2708 4508 Dathau
2737 4461 2787 4506 et
2821 4453 3023 4506 Abiron
3054 4453 3097 4483 ³⁹
3136 4454 3275 4506 vivos
3315 4453 3383 4506 ad
3420 4449 3525 4505 ιιι-ί

230 4554 285 4597 et
335 4545 656 4609 schismata,
686 4545 918 4610 discedo,
959 4548 1087 4602 abeo
1159 4565 1465 4620 quocunque
1505 4554 1818 4621 potueritis;
1853 4535 1898 4590 Ῑ)
1928 4548 2067 4617 feros
2097 4548 2344 4611 detrusit,
2369 4546 2506 4616 quod
2534 4562 2654 4599 cum
2685 4543 2869 4616 Moyse
2890 4545 2988 4599 Dei
3023 4544 3226 4613 famulo
3251 4544 3506 4598 seditione

233 4644 286 4686 et
325 4635 472 4702 facio
523 4635 860 4704 quceaplebe
885 4638 1247 4702 mandantur;
1274 4641 1446 4694 solum
1467 4645 1598 4699 ovile
1624 4645 1825 4704 Christi
1924 4645 2312 4705 contenderent.
2373 4639 2450 4696 0b
2494 4641 2890 4696 cumulationem
2932 4639 3104 4694 David
3151 4657 3255 4694 non
3297 4649 3502 4694 tantum

235 4729 294 4780 in
320 4744 452 4795 pace
479 4727 656 4798 degat,
686 4745 805 4782 cum
829 4732 1131 4786 constitutis
1159 4733 1499 4804 presbyteris.
1531 4737 1657 4794 Haec
1690 4756 1823 4799 sane

233 4828 323 4872 est
353 4817 604 4889 perfecta
634 4820 910 4887 Charitas,
939 4837 1061 4893 quae
1112 4825 1264 4880 nullo
1299 4827 1528 4895 privata:
1568 4831 1823 4889 utilitatis

231 4912 431 4967 studio
485 4912 738 4980 ducitur;
769 4913 1000 4984 ejusque
1038 4914 1264 4971 ductum
1291 4922 1468 4975 secuti
1514 4931 1641 4978 sunt
1685 4941 1823 4980 non-

233 5004 382 5058 nulli
446 5005 623 5058 sancti
678 5005 962 5076 episcopi,
1013 5008 1236 5078 quando
1286 5009 1711 5090 dissensiones,
1759 5032 1823 5072 ac

1922 4742 2230 4813 alienigenis
2259 4741 2484 4800 invisus,
2517 4736 2606 4790 sed
2639 4737 2801 4790 etiam
2836 4752 2870 4788 a
2905 4734 3041 4791 Saul
3084 4752 3200 4806 rege
3251 4735 3424 4791 Israel
3456 4736 3502 4770 ⁸⁸

1923 4839 2028 4906 fuit
2071 4844 2309 4889 vexatus.
2365 4829 2467 4885 Sed
2518 4838 2574 4882 ut
2616 4839 2792 4883 vetera
2835 4827 3076 4897 exempla
3112 4828 3498 4899 relinquamus,

1923 4928 2276 5000 prosequitur
2293 4931 2520 4979 sanctus
2533 4920 2783 4976 Pontifex
2802 4920 2936 4990 (ei),
2951 4923 3221 4976 veniamus
3235 4923 3304 4976 ad
3317 4922 3500 4991 proxi-

1930 5041 2041 5077 mos
2075 5021 2323 5080 athletas,
2348 5027 2396 5071 et
2428 5015 2611 5072 seculi
2641 5016 2811 5070 nostri
2837 5031 3088 5086 generosa
3112 5015 3348 5083 exempla
3379 5033 3502 5083 pro-

322 5208 365 5284 ξ
392 5206 509 5263 Jac.
541 5225 594 5273 v,
632 5208 723 5276 20;
749 5208 934 5284 IPeLr.
974 5226 1050 5284 tv,
1074 5211 1126 5266 8.
1184 5211 1252 5284 ί³ν²
1283 5210 1451 5284 lCor.
1477 5230 1596 5280 χιιι,
1631 5217 1690 5271 4.
1765 5219 1811 5252 ³³

1925 5223 2014 5276 od.
2058 5235 2241 5282 χχχιι,
2267 5217 2356 5272 52.
2437 5216 2482 5248 ³⁸
2505 5214 2642 5271 Gen.
2668 5214 2880 5276 tv,3.8.
2958 5214 3004 5246 "
3033 5211 3168 5269 Gen.
3202 5231 3375 5284 xxvu,
3407 5218 3495 5274 si.

237 5280 291 5312 ⁸⁸
323 5279 462 5334 Gen.
492 5295 708 5336 xxxvu.
784 5281 828 5311 "
859 5280 1034 5337 Exod.
1084 5297 1145 5348 tt,
1176 5283 1266 5341 M.
1342 5284 1387 5317 ³⁸
1411 5279 1711 5360 Nullum,
1753 5293 1805 5347 4.

324 5503 434 5574 (42)
476 5503 576 5574 Ep.
612 5504 664 5567 1,
696 5519 816 5574 cap.
851 5506 937 5563 50.

321 5576 434 5644 (ts)
472 5574 636 5646 lbid.,
662 5590 783 5646 Cap.
815 5577 903 5631 ss.

317 5645 432 5718 ut)
472 5644 637 5718 bis.
668 5644 772 5718 εει
819 5647 909 5718 .48.

318 5713 434 5786 (ιε)
470 5713 640 5786 ιδιά..
659 5713 778 5785 cap.
803 5716 892 5773 ti.

321 5785 436 5858 (te)
467 5785 632 5852 ιδιά..
664 5801 786 5856 cap.
815 5788 902 5844 49.

1908 5291 1955 5321 ”
1985 5288 2149 5345 Nutu.
2179 5305 2289 5354 xw,
2310 5291 2398 5345 35.

2474 5293 2518 5320 δο
2555 5290 2728 5362 lites.
2760 5306 2916 5357 xvm,
2940 5296 2994 5347 8.

2001 5507 2113 5580 (47)
2142 5501 2418 5580 _E_pis_t.._i_,
2444 5515 2565 5570 cap.
2592 5498 2681 5554 54.

2001 5572 2113 5646 (ts)
2142 5572 2248 5646 Id},
2278 5572 2408 5626 ibid.

2000 5641 2114 5713 (49)
2143 5645 2304 5705 lbid.,
2326 5657 2448 5712 cap.
2479 5641 2572 5713 ὅςῆ.

2022 5710 2112 5781 50)
2150 5715 2311 5779 lbid.,
2341 5710 2464 5782 cap.
2495 5710 2551 5765 4.

2022 5718 2112 5781 50)
2150 5718 2311 5779 lbid.,
2341 5729 2464 5782 cap.
2495 5718 2551 5765 ι.

1997 5718 2118 5860 iiii)
2150 5786 2321 5857 Epist.
2350 5784 2400 5846 i,
2427 5799 2477 5836 c.
2507 5783 2556 5836 5.
