3916 6326
456 339 562 396 1⁵75

1563 338 1658 393 AD
1698 337 1759 400 S.
1799 337 2226 397 CLEMENTEM
2266 341 2287 396 ι
2324 340 2559 398 PAPAM

3610 350 3712 407 176

450 469 729 525 ponamus.
762 450 986 521 Propter
1009 450 1401 505 azmulationem
1426 458 1474 505 et
1502 452 1781 516 invidiam,
1806 456 1896 523 qui
1931 452 2031 511 Ec-
2061 460 2108 516 Α
2139 456 2390 524 thalium,
2423 460 2625 530 quibus
2660 474 2780 515 eam
2829 460 3264 525 maculavimusi
3307 462 3447 531 Nos,
3493 467 3599 521 nisi
3623 465 3709 525 ba-

378 587 383 592 .
450 548 626 607 clesia:
646 555 796 599 erant
827 543 1008 616 ﬁdeles
1037 553 1090 598 et
1111 544 1432 613 justissimw
1470 544 1729 599 columna:
1749 586 1763 607 ,
1791 547 1862 600 ad
1889 562 2033 600 mor-

452 649 554 695 tem
581 655 743 710 usque
772 637 1015 692 acerbam
1037 638 1448 706 persecutionem
1486 639 1634 707 passi
1674 647 1817 692 sunt.
1852 637 2032 691 Ponao

448 747 567 784 mus
608 728 758 783 nobis
805 736 927 782 ante
974 727 1153 782 oculos
1208 736 1420 782 sanctos
1465 730 1756 797 apostolos.
1803 727 2031 798 Propter

450 823 840 879 mulationem
865 821 1101 891 iniquam
1124 820 1315 874 Petrus
1344 837 1446 875 non
1476 838 1642 875 unum
1666 831 1759 875 aut
1779 823 2026 887 alterum,

449 915 539 969 sed
567 914 741 984 plures
767 914 972 967 labores
994 912 1234 974 sustulit,
1265 920 1421 982 atque
1450 911 1530 964 ita
1554 914 1873 983 martyrium
1900 929 2029 982 pas-

444 1024 536 1062 sus
564 1010 619 1061 in
645 1006 877 1062 debitum
899 1004 1086 1076 glorier
1115 1004 1287 1058 locum
1321 1004 1578 1059 ascendit.
1612 1003 1838 1073 Propter
1868 1021 2028 1059 temu-

444 1100 694 1154 lationem
738 1098 949 1153 Paulus
991 1098 1259 1167 patientia:
1304 1097 1580 1165 praemium
1619 1096 1874 1160 obtinuit,
1905 1115 2023 1152 cum

442 1203 655 1249 catenas
685 1192 871 1260 septies
893 1198 1180 1259 portasset,
1212 1193 1537 1257 vapulasset,
1560 1190 1830 1257 lapidatus
1858 1200 2023 1244 esset:

441 1300 615 1354 prwco
645 1283 818 1352 factus
843 1281 900 1334 in
923 1280 1135 1335 Oriente
1179 1322 1191 1334 .
1240 1321 1253 1334 .
1299 1321 1311 1333 .
1358 1288 1522 1333 totum
1556 1280 1810 1334 mundum
1832 1282 2023 1337 docens

430 1377 726 1446 justitiam,
765 1382 815 1428 et
846 1372 914 1428 ad
951 1372 1247 1428 Occidentis
1281 1375 1561 1426 terminum
1589 1374 1817 1435 veniens,
1845 1384 1894 1428 et
1925 1374 2021 1427 sub

434 1469 760 1542 principibus
791 1470 1110 1538 martyrium
1132 1483 1342 1537 passus,
1369 1467 1446 1519 ita
1477 1482 1504 1519 e
1527 1465 1719 1519 mundo
1751 1468 2018 1537 migravit,

436 1574 591 1634 atque
614 1564 667 1616 in
682 1562 852 1616 locum
864 1570 1106 1615 sanctum
1127 1557 1279 1615 abiit.
1294 1559 1563 1627 patientia:
1580 1576 1829 1628 magnum
1840 1576 2019 1614 exem-

432 1659 555 1727 plar
586 1656 782 1726 factus.
836 1653 1016 1709 Locus
1056 1653 1159 1707 iste
1203 1658 1411 1707 attenta
1458 1652 1900 1708 consideratione
1935 1654 2019 1707 di-

432 1766 573 1821 gnus
602 1756 685 1805 est
704 1765 719 1815 ;
741 1749 915 1819 primo
935 1746 1079 1802 enim
1099 1759 1441 1815 expressum,
1460 1752 1514 1798 et
1531 1743 1677 1798 omni
1701 1746 2017 1817 exceptione

2131 552 2328 619 ptisma
2376 569 2567 621 purum
2603 563 2652 607 et
2704 555 3107 609 immaculatum
3150 557 3527 613 servaverimus
3552 601 3568 627 ,
3614 578 3709 630 qua

2133 643 2454 712 conﬁdentia
2476 644 2795 700 intrabimus
2822 648 2878 700 in
2904 650 3104 717 regiam
3129 647 3227 703 Dei
3285 650 3433 721 (54)?

2202 734 2245 787 A
2279 736 2514 790 terribili
2575 736 2677 790 hac
2727 736 2973 803 veritate,
3027 753 3150 808 quae
3195 739 3479 796 evidenter
3521 746 3713 813 probat

2130 824 2515 880 necessitatem
2573 826 2960 897 perseverandi
3020 827 3075 881 in
3122 827 3438 885 Christiana
3473 832 3709 901 justitia.

2129 926 2348 988 sumpta
2372 919 2666 975 occasione
2693 920 2948 976 stimulos
2977 920 3136 976 nobis
3164 922 3337 988 addit,
3356 933 3416 979 ut
3434 934 3711 983 certamen

2128 1010 2380 1066 ineamus
2422 1026 2546 1066 cum
2592 1012 2844 1068 hostibus
2887 1020 3092 1067 nostra:
3140 1015 3357 1072 salutis.
3393 1016 3508 1073 Nos
3549 1020 3712 1090 igitur

2124 1112 2408 1167 certemus,
2442 1104 2518 1157 ait
2564 1104 2655 1160 ille
2684 1104 2821 1177 (55),
2852 1114 2911 1158 ut
2954 1122 3133 1161 omnes
3174 1123 3428 1163 coronam
3471 1122 3706 1182 reporte-

2125 1213 2312 1252 mus...
2343 1206 2393 1250 et
2423 1199 2472 1251 si
2500 1215 2605 1252 non
2648 1215 2928 1268 possumus
2976 1215 3155 1255 omnes
3197 1204 3466 1266 coronari,
3519 1205 3706 1260 saltem

2122 1304 2282 1357 prope
2302 1303 2551 1342 coronam
2580 1289 2766 1343 simus.
2792 1289 3072 1345 Postrema
3099 1293 3213 1346 haec
3228 1294 3391 1347 verba
3415 1296 3705 1351 maximam

2123 1382 2318 1437 ali'erre
2359 1382 2559 1436 debent
2600 1384 3034 1437 consolationem
3068 1384 3135 1440 iis
3164 1385 3309 1441 haud
3361 1389 3495 1442 satis
3539 1390 3707 1445 ﬁrmis

2120 1473 2473 1537 Christianis,
2501 1475 2593 1544 qui
2626 1475 2921 1545 perfectam
2951 1486 3232 1548 nequeunt
3262 1479 3330 1533 de
3369 1480 3706 1536 vehementi-

2122 1566 2225 1620 bus
2250 1565 2603 1636 passionibus
2633 1566 2915 1623 victoriam
2945 1577 3248 1640 reportare,
3280 1570 3408 1625 licet
3437 1573 3589 1627 omni
3610 1588 3705 1627 co-

2120 1665 2253 1711 natu
2280 1658 2334 1711 in
2361 1657 2411 1711 id
2434 1657 2682 1713 tendant.

2193 1751 2324 1807 Post
2350 1750 2486 1804 hanc
2522 1752 2684 1805 vitam
2715 1751 2921 1806 nullum
2948 1753 3265 1823 paenitentiae
3294 1762 3513 1823 tempus.
3534 1784 3610 1794 -—-
3631 1753 3704 1809 Ut

430 1844 611 1913 majus
640 1842 885 1897 continet
908 1838 1286 1895 testimonium
1326 1836 1573 1908 martyrii
1601 1836 1834 1892 duorum
1862 1839 2013 1908 prin-
2044 1818 2088 1877 Β
2116 1851 2299 1897 autem
2337 1842 2612 1898 efﬁcacius
2642 1843 2708 1898 ad
2739 1844 2842 1900 hoc
2880 1852 3155 1900 certamen
3190 1860 3293 1901 nos
3316 1855 3554 1907 moveat,
3586 1853 3706 1900 tra-

427 1935 612 2005 cipum
641 1933 1033 2004 apostolorum,
1065 1927 1165 1984 SS.
1199 1944 1276 1983 sc.
1305 1926 1449 1983 Petri
1474 1934 1530 1982 et
1560 1927 1735 1985 Pauli.
1760 1928 2012 1985 Secundo

426 2025 635 2089 tradit,
670 2034 1005 2095 postremum
1040 2022 1187 2075 hunc
1232 2020 1539 2090 apostolum
1572 2020 1641 2075 ad
1674 2021 1810 2076 lines
1838 2037 2014 2092 usque

426 2117 744 2174 Occidentis
771 2118 1080 2187 migrasse;
1110 2114 1310 2185 quibus
1340 2113 1551 2176 verbis,
1584 2122 1645 2168 ut
1667 2114 2011 2169 animadver-

426 2211 493 2264 tit
518 2211 686 2265 abbas
718 2208 938 2280 Fleury,
963 2214 1017 2264 et
1041 2214 1164 2277 post
1194 2221 1319 2261 eum
1347 2204 1843 2261 reverendissimus
1868 2206 2012 2262 αθη-

426 2305 548 2369 lier,
575 2303 849 2375 designari
886 2308 1072 2371 posset
1101 2302 1277 2354 sancti
1320 2297 1487 2367 hujus
1531 2298 1760 2368 apostoli
1806 2298 1911 2353 iter
1952 2300 2009 2355 in

424 2396 765 2468 Hispaniam.
805 2394 878 2450 De
909 2394 1013 2447 hoc
1058 2399 1238 2446 autem
1280 2390 1549 2461 judicium
1593 2390 1737 2461 apud
1784 2390 2009 2448 criticos

422 2502 573 2549 esto:
614 2491 670 2545 id
706 2488 852 2545 enim
899 2487 1234 2557 perpendere
1290 2485 1344 2539 in
1388 2485 1552 2540 linem
1597 2485 1759 2542 nobis
1809 2486 1917 2541 isto
1952 2486 2009 2542 in

422 2600 586 2655 opere
618 2581 959 2654 propositum
995 2593 1103 2631 non
1133 2576 1331 2632 tendit.

674 2673 701 2746 §
733 2672 798 2729 ll.
836 2671 911 2725 De
941 2670 1121 2740 oﬂ'iciis
1152 2668 1598 2734 Christianorum,
1647 2677 1754 2726 etc.

495 2767 570 2822 De
617 2766 810 2821 strculo
842 2764 1089 2835 prtesenti
1122 2771 1173 2817 et
1224 2761 1426 2831 futuro.
1468 2761 1806 2832 Contemptus
1850 2762 2006 2833 hujus

419 2860 625 2923 surculi,
658 2867 708 2913 et
735 2874 887 2911 amor
919 2856 1109 2925 futuri.
1142 2852 1267 2909 Non
1287 2870 1564 2924 possumus
1596 2854 1871 2909 amborum
1894 2873 2007 2910 esse

422 2952 600 3007 amici.
622 2982 693 2992 —
718 2950 797 3004 En
822 2949 1005 3019 aliqua
1040 2953 1156 3002 loca
1181 2948 1235 3002 in
1270 2946 1512 3003 secunda
1543 2948 1772 3017 epistola
1799 2949 1867 3003 ad
1892 2947 2003 3003 Co-

416 3044 674 3108 rinthios,
707 3057 830 3114 qua:
860 3040 928 3096 ad
959 3056 1141 3095 mores
1173 3039 1472 3111 pertinent.
1505 3039 1711 3095 Anetor
1735 3040 1826 3096 hic
1865 3041 2000 3096 hor-

2115 1935 2216 2000 dit,
2246 1934 2392 2006 quod
2423 1934 2565 1991 Deus
2594 1936 2860 1992 concedat
2880 1936 3041 1993 nobis
3069 1938 3387 2007 temporalis
3416 1937 3583 2007 hujus
3612 1940 3702 1992 vi-

2112 2034 2181 2080 ta:
2212 2034 2449 2096 tempus,
2504 2034 2563 2080 ut
2602 2026 2923 2096 pmnitentia
2969 2026 3258 2082 ducamur.
3302 2026 3513 2097 Quippe
3561 2038 3705 2097 post-

2111 2135 2270 2190 quam
2298 2135 2326 2172 e
2347 2118 2542 2172 mundo
2565 2120 2845 2184 exivimus,
2878 2119 2954 2174 ait
2995 2120 3113 2189 ipse
3138 2119 3275 2190 (56),
3319 2138 3424 2174 non
3468 2121 3700 2190 amplius

2109 2227 2391 2281 possumus
2416 2211 2492 2265 ibi
2510 2212 2772 2282 conﬁteri,
2799 2220 2892 2264 aut
2918 2212 3278 2282 penitentiam
3309 2211 3489 2266 adhuc
3521 2229 3700 2282 agere.
3799 2246 3805 2253 ε

2111 2299 2242 2354 Vult
2268 2316 2422 2371 ergo,
2454 2307 2515 2354 ut
2552 2299 2796 2371 quandiu
2822 2300 2875 2354 id
2901 2300 3062 2356 nobis
3085 2299 3230 2356 Deus
3258 2300 3535 2366 tribuerit,
3564 2303 3701 2357 totis

2111 2391 2322 2447 viribus
2378 2407 2641 2449 conemur
2679 2392 2855 2447 nostri
2904 2392 3162 2463 baptismi
3206 2393 3528 2448 munditiem
3576 2410 3702 2450 ser-

2108 2498 2266 2550 vare,
2318 2494 2414 2540 aut
2474 2486 2718 2540 maculas
2773 2500 2868 2555 per
2923 2492 3149 2556 peccata
3200 2485 3459 2542 inductas
3510 2487 3699 2553 deter-

2107 2591 2255 2648 gere.

2179 2666 2621 2726 Christianorum
2680 2668 2855 2725 oﬂicia
2913 2676 3141 2725 sanctus
3189 2667 3442 2724 Pontifex
3500 2672 3696 2740 paucis

2106 2764 2428 2835 complexus
2452 2770 2539 2818 est
2561 2763 2768 2825 omnia,
2792 2762 2922 2817 dum
2947 2761 3022 2815 ait
3048 2760 3479 2832 Corinthiosque
3505 2763 3696 2818 adum-

2104 2864 2200 2913 net
2232 2856 2369 2928 (57),
2390 2864 2449 2908 ut
2492 2854 2781 2908 Dominum
2835 2852 3020 2909 Jesum
3060 2853 3330 2909 Christum
3359 2866 3692 2920 venerentur,

2102 2950 2413 3021 prcrpositos
2465 2960 2818 3012 revereantur,
2871 2949 3099 3002 seniores
3142 2946 3418 3013 honorent,
3467 2948 3692 3018 juvenes

2110 3041 2336 3096 doceant
2366 3040 2712 3109 disciplinam
2739 3040 2946 3095 timoris
2974 3039 3072 3094 Dei
3098 3052 3114 3097 :
3142 3054 3331 3095 uxores
3364 3057 3489 3095 suas
3518 3040 3589 3093 ad
3632 3039 3692 3093 id

415 3147 566 3196 tatur
594 3134 931 3198 Corinthios,
980 3140 1042 3187 ut
1085 3140 1305 3187 terrena
1345 3133 1530 3186 omnia
1570 3132 1895 3203 despiciant,
1946 3140 2003 3189 et
2030 3173 2073 3232 ϐ
2105 3132 2244 3205 quod
2273 3132 2466 3186 bonum
2504 3142 2582 3185 est
2608 3131 2900 3195 inducant;
2930 3130 3183 3185 amabiles
3209 3132 3477 3186 castitatis
3514 3149 3690 3186 mores

415 3230 659 3286 cmlestia
676 3225 1018 3283 solummodo
1035 3224 1457 3295 concupiscant;
1476 3223 2003 3295 validissima,quam

415 3325 593 3385 affert,
619 3320 783 3382 ratio,
816 3328 875 3373 ut
899 3319 1022 3373 illos
1047 3316 1113 3371 ad
1140 3317 1193 3371 id
1223 3317 1592 3387 peragendum
1625 3324 1997 3380 moveat,est:

411 3417 538 3487 quia
570 3415 695 3470 dum
722 3413 822 3467 illa
858 3410 1124 3481 possidere
1152 3410 1582 3477 concupiscimus
1616 3410 1859 3482 (terrena
1890 3411 2001 3467 sci-

411 3506 888 3580 licet),e:t:cidimus
916 3521 949 3557 a
984 3504 1069 3557 via
1099 3502 1252 3572 justa
1291 3500 1436 3573 (52);
1476 3501 1602 3557 inde
1633 3517 1764 3557 vero
1808 3501 1995 3567 infert,

414 3598 559 3671 quod
592 3612 822 3666 praesens
854 3594 1106 3650 sa'culum
1127 3602 1177 3647 et
1206 3592 1447 3661 futurum
1481 3602 1603 3646 sunt
1634 3591 1737 3646 duo
1763 3592 1994 3659 inimici;

411 3690 538 3761 quia
566 3687 817 3743 swculum
864 3701 1096 3755 prwsens
1134 3682 1393 3752 prwdicat
1424 3682 1769 3749 adulterium,
1808 3701 1995 3738 corru-

408 3783 626 3854 ptelam,
683 3778 964 3833 avaritiam
995 3785 1046 3831 et
1089 3775 1372 3846 fraudem;
1417 3775 1657 3843 futurum
1701 3791 1831 3832 vero
1874 3777 1993 3832 istis

412 3872 715 3927 renuntiat.
758 3869 931 3924 Porro
963 3868 1058 3922 hoc
1095 3867 1349 3922 sa'culum
1381 3878 1431 3921 et
1460 3865 1700 3937 futurum
1736 3876 1858 3923 sunt
1885 3869 1992 3923 duo

408 3964 678 4020 inimici...
707 3961 831 4017 Non
859 3978 980 4033 ergo
1003 3976 1304 4024 possumus,
1336 3959 1613 4015 concludit
1636 3960 1771 4031 ipse,
1808 3961 1992 4015 ambo-

407 4074 525 4112 rum
555 4056 713 4111 amici
752 4071 886 4111 esse.
926 4054 1144 4123 Oportet
1175 4062 1372 4115 autem,
1402 4062 1463 4107 ut
1492 4052 1836 4109 valedicentes
1882 4056 1986 4123 illi,

402 4151 502 4205 hoc
531 4160 748 4206 utamur
777 4147 912 4220 (55).
946 4145 1166 4202 Veritas
1216 4144 1333 4200 haec
1391 4146 1527 4201 satis
1584 4147 1740 4200 ﬁrma
1788 4157 1874 4202 est
1921 4163 1989 4204 ac

403 4242 756 4315 gravissima;
809 4246 863 4295 et
917 4239 962 4295 si
1008 4237 1424 4309 probationibus
1474 4237 1763 4308 indigeret,
1815 4254 1985 4295 unum

402 4334 674 4391 subiceret
730 4332 786 4386 in
829 4330 1066 4387 medium
1098 4328 1291 4384 afferre
1324 4326 1625 4382 Salvatoris
1658 4328 1980 4385 oraculum:

405 4425 576 4482 Nemo
609 4434 778 4495 potest
804 4422 1010 4477 duobus
1038 4421 1268 4475 dominis
1299 4422 1491 4475 servire
1514 4421 1579 4475 δι.
1610 4420 1801 4487 Quoad
1830 4421 1974 4476 futuo

2106 3223 2407 3288 ostendant,
2441 3223 2732 3293 simplicem
2760 3239 2820 3277 ac
2840 3224 3100 3277 sincerum
3122 3222 3541 3277 mansuetudinis
3570 3240 3691 3283 sua:

2102 3316 2424 3372 voluntatem
2470 3315 2846 3378 demonstrent,
2897 3314 3307 3369 moderationem
3347 3315 3540 3387 lingure
3568 3332 3691 3372 sua:

2103 3412 2313 3467 silentio
2348 3410 2686 3479 manifestam
2725 3409 2959 3478 faciant;
3006 3407 3317 3463 charitatem
3360 3425 3511 3463 suam
3573 3426 3689 3465 non

2099 3504 2385 3560 secundum
2434 3502 2599 3557 animi
2642 3501 3033 3571 propensiones,
3080 3499 3170 3554 sed
3222 3501 3463 3556 omnibus
3506 3500 3687 3556 Deum

2099 3607 2283 3651 sancte
2323 3586 2625 3650 timentibus
2663 3592 2917 3664 wqualem
2958 3592 3247 3661 prtebeant.
3282 3592 3457 3649 Liberi
3507 3597 3687 3651 nostri

2095 3691 2394 3761 disciplina:
2442 3687 2645 3745 Christi
2674 3688 2953 3756 participes
2998 3689 3137 3754 sint,
3165 3686 3375 3742 discant
3425 3688 3551 3758 quid
3573 3690 3686 3743 Itu-

2094 3783 2297 3839 militas
2327 3781 2467 3851 apud
2497 3780 2665 3834 Deum
2698 3780 2892 3841 valeat,
2926 3777 3053 3849 quid
3076 3789 3228 3834 casta
3265 3779 3501 3835 obaritas
3531 3782 3682 3851 apud

2092 3877 2263 3934 Deum
2283 3877 2469 3945 possit,
2498 3874 2757 3946 quomodo
2791 3874 2952 3928 timor
2967 3876 3081 3943 ejus
3110 3873 3370 3945 (Domini)
3396 3873 3561 3931 bonus
3593 3886 3682 3932 est

2091 3988 2155 4026 ac
2194 3985 2415 4040 magnus
2441 3977 2489 4023 et
2512 3983 2724 4022 servans
2763 3982 2939 4020 omnes
2985 3966 3075 4037 qui
3100 3966 3154 4021 in
3177 3965 3291 4034 ipso
3311 3976 3587 4021 versantur
3616 3970 3681 4025 its

2087 4081 2225 4136 pm
2250 4073 2438 4117 mem
2619 4127 3014 4185 ARTICULUS
3047 4128 3135 4186 ιιι.

2229 4244 2297 4284 DE
2324 4240 2557 4281 ERBATIS
2579 4239 2739 4280 VEBIS
2765 4238 2866 4277 νει.
2897 4238 3080 4277 FALSIS
3112 4238 3159 4278 S.
3194 4238 3523 4282 CLEIENTIS.

2159 4320 2301 4388 Quid
2349 4318 2571 4373 Pltotius
2615 4317 2672 4369 in
2704 4315 2823 4368 divo
2868 4312 3135 4369 Clemente
3184 4315 3558 4384 reprehendat.
3594 4347 3672 4359 —-

2086 4414 2215 4469 Tria
2246 4415 2302 4468 in
2342 4411 2511 4483 priori
2557 4409 2624 4463 ad
2657 4407 2975 4464 Corinthios
3004 4408 3233 4478 epistola
3264 4406 3490 4464 Photius
3547 4410 3668 4480 (58)

399 4534 523 4574 rum
552 4517 810 4573 smculum
844 4523 1035 4567 auctor
1064 4514 1167 4567 iste
1202 4510 1367 4565 tradit
1395 4510 1470 4573 id,
1504 4526 1613 4581 quo
1654 4510 1979 4568 deberemus
2011 4526 2055 4581 ι)
2084 4505 2455 4580 reprehendit.
2499 4501 2767 4563 Primum,
2820 4500 2966 4570 quod
3006 4507 3200 4555 auctor
3248 4501 3481 4558 mundos
3521 4502 3666 4561 alios

398 4609 874 4665 vehementissime
896 4605 1265 4666 commoveri,
1313 4604 1545 4669 scilicet,
1588 4605 1733 4674 quod
1764 4621 1869 4660 non
1896 4607 1979 4659 in-

401 4700 656 4755 trabimus
690 4700 743 4754 in
763 4713 976 4769 regnum
1001 4696 1119 4761 Dei,
1148 4696 1252 4751 nisi
1281 4711 1473 4765 purum
1498 4704 1546 4749 et
1578 4696 1977 4750 immaculatum

396 4795 774 4850 servaverimus
821 4799 1061 4845 nostrum
1102 4788 1399 4855 baptisma,
1445 4788 1551 4843 hoc
1592 4790 1830 4853 est,nisi
1872 4804 1978 4843 no-

398 4893 568 4942 stram
604 4883 861 4955 baptismi
897 4880 1265 4936 innocentiam
1290 4878 1716 4941 servaverimus,
1748 4886 1843 4932 aut
1870 4877 1976 4933 nisi

393 4991 495 5049 per
529 4973 908 5048 pmnitentiam
954 4970 1429 5041 impetraverimus
1472 4969 1857 5049 remissionem
1901 4971 1981 5027 Ie-

467 5113 511 5147 “
546 5111 743 5167 Matth.
765 5124 844 5173 vt,
879 5106 974 5163 24.

467 5248 579 5320 (52)
608 5245 783 5320 Epist.
818 5240 875 5307 2,
891 5255 1014 5320 cap.
1031 5240 1085 5294 5.

464 5316 577 5385 (55)
610 5316 770 5385 lbid.,
813 5329 935 5383 cap.
969 5317 1021 5365 ti.

468 5386 579 5463 (si)
611 5384 745 5463 ibit!-

468 5453 581 5527 (55)
612 5458 770 5516 lb;d.,
796 5453 1003 5527 cap.__7.

469 5474 559 5527 (as
612 5474 770 5516 m;a.,
796 5474 915 5524 cap.
962 5474 1003 5507 ι.

469 5474 581 5603 (56;
615 5530 672 5583 S.
704 5528 874 5603 Clem.
917 5522 1100 5603 Ιξυῃι..
1127 5537 1213 5603 _ep.
1241 5520 1276 5573 2
1307 5519 1373 5575 ad
1401 5518 1674 5603 Corinth,
1710 5533 1870 5599 num.
1913 5516 1969 5573 8.

396 5589 532 5656 uit...-
556 5589 896 5670 prmvertitur
922 5589 1176 5670 Origenis
1200 5608 1377 5654 error,
1400 5591 1631 5670 ejusque
1654 5589 1970 5670 sequacium

396 5659 777 5726 modernorum
837 5659 1176 5735 theista‘rpm,
1196 5679 1326 5735 quo,
1358 5670 1416 5716 ut
1434 5659 1686 5732 loquitur
1708 5659 1967 5735 Justinia-

394 5760 519 5808 nus,
558 5750 689 5795 tom.
729 5738 763 5790 Υ
810 5735 1011 5791 Coucil.
1041 5732 1356 5808 _Lab.'666,
1388 5737 1632 5808 omnium
1671 5733 1960 5808 impiorum
2012 5756 2025 5767 ο

393 5800 670 5871 hominum
684 5822 729 5866 et
752 5816 1008 5881 praetcrea
1021 5805 1323 5859 daetnonum
1339 5817 1553 5874 pinnam
1572 5803 1727 5856 linem
1746 5800 1809 5855 ha
1819 5800 1960 5855 bitu-

2086 4601 2230 4656 ultra
2280 4609 2549 4654 oceanum
2596 4608 2717 4649 esse
2765 4593 3080 4647 existimare
3128 4591 3396 4647 videatur.
3455 4591 3667 4653 Deinde

2082 4688 2226 4760 quod
2260 4685 2328 4739 ad
2348 4698 2637 4753 corporum
2653 4682 3109 4737 resurrectionem
3140 4681 3473 4753 probandam
3504 4683 3665 4753 plate-

2082 4782 2224 4837 nieis
2257 4776 2665 4848 comparatione
2692 4782 2918 4839 .utatur,
2969 4779 3129 4847 quasi
3177 4775 3295 4831 avis
3334 4776 3428 4831 illa
3467 4792 3660 4833 revera

2081 4874 2361 4934 existeret,
2406 4876 2463 4925 et
2488 4883 2575 4931 ea,
2602 4882 2724 4938 quae
2752 4866 2820 4923 de
2849 4868 2941 4922 illa
2978 4868 3248 4936 feruntur,
3272 4884 3402 4924 vera
3431 4870 3659 4925 omnino

2086 4964 2285 5019 forent.
2315 4961 2621 5024 Postremo,
2666 4957 2838 5030 quod,
2864 4959 2959 5013 ubi
2985 4958 3053 5044 de
3084 4958 3217 5017 Jesu
3259 4959 3481 5016 Christo
3519 4961 3652 5033 agit,

2072 5248 2185 5288 ram
2235 5248 2385 5306 esse,
2435 5232 2861 5306 restitutumque
2902 5230 2968 5287 iri
3010 5241 3134 5306 tum
3175 5224 3649 5306 impios'homines

2070 5315 2184 5358 tum
2215 5304 2490 5358 dannones
2526 5308 2577 5357 in
2611 5304 2904 5372 pristinum
2925 5303 3172 5358 ordinem
3210 5303 3369 5356 suum
3408 5306 3644 5361 censuit.

2073 5375 2198 5429 llaec
2222 5376 2366 5429 enim
2398 5375 2515 5428 sine
2539 5373 2738 5444 praevia
2767 5375 3085 5442 pomitentia
3108 5372 3317 5444 admitti
3346 5384 3643 5444 nequeunt.

2068 5445 2423 5514 Rursumque
2450 5442 2578 5497 dum
2595 5458 2823 5498 numero
2848 5443 3097 5514 sequenti
3125 5442 3405 5511 docemur,
3432 5442 3643 5499 nullum

2071 5526 2195 5587 post
2227 5517 2367 5569 hanc
2408 5514 2574 5587 vitam
2623 5529 2910 5587 superesse
2948 5523 3182 5587 tempus,
3229 5514 3283 5568 in
3316 5531 3426 5585 quo
3458 5514 3643 5571 sanari

2072 5585 2372 5648 valeamus,
2410 5586 2501 5638 illa
2542 5585 2595 5638 in
2648 5585 2937 5654 pristinum
2982 5585 3231 5640 ordinem
3263 5601 3422 5641 suum
3462 5602 3644 5642 rever-

2073 5657 2221 5712 tendi
2254 5671 2379 5725 spes
2411 5654 2592 5724 impiis
2616 5669 2841 5725 prorsus
2878 5656 3147 5711 anfertur.
3278 5666 3281 5667 '

2145 5694 2848 5799 {3'7rgi“ci;.'.'.'.;:.;'az,:.‘;:
2878 5694 3147 5796 23:1";21'
3173 5725 3326 5792 ρον..
3366 5694 3521 5785 tum.
3548 5728 3638 5784 ει.

2141 5796 2253 5868 (58)
2283 5797 2528 5859 Photius,
2560 5796 2749 5850 codice
2772 5812 2955 5853 cxxvt.
3050 5802 3053 5807 ’
