3916 6326
403 294 506 348 179

1505 294 1594 348 AD
1635 295 1694 351 S.
1735 295 2161 352 CLEMENTEM
2201 297 2226 351 Ι
2258 296 2488 354 ΡᾹΡΑΜ

3560 310 3663 368 180

478 405 616 463 Usus
639 409 741 476 fuit
789 412 1021 465 versione
1063 409 1215 464 LXX
1258 413 1617 477 interpretum.
1647 445 1717 454 —
1745 412 1981 470 Sanctus
2011 421 2055 476 Α
2086 414 2287 470 fatetur
2316 417 2369 471 in
2407 416 2750 487 przefa‘tione.
2782 426 2838 474 et
2861 419 3075 477 litteras
3100 427 3377 478 vetustate
3429 437 3662 492 exesas,

402 499 659 555 Clemens
692 500 1046 572 Septuaginta
1096 501 1456 574 lnterpretum
1489 507 1742 561 versione
1780 506 1835 561 in
1868 507 1975 575 epi-

403 592 564 646 stolis
608 592 726 648 suis
779 593 977 659 utitur;
1031 609 1221 648 verum
1276 596 1601 666 plerumque
1657 597 1983 652 sententiam

406 684 609 751 potius.
633 700 798 754 quam
826 687 990 741 verba
1023 686 1140 757 ipsa
1169 697 1542 757 repraesentat.
1572 688 1833 743 Invidiam
1856 704 1986 745 vero

405 789 846 831 columem-aus
880 777 937 831 in
968 777 1236 833 Aaronem
1250 779 1321 834 ob
1344 778 1711 833 sacerdotium
1742 779 1985 833 concita-

406 873 542 928 tam,
574 867 856 935 complura
882 866 1069 930 refert,
1098 882 1219 937 qua:
1247 867 1304 921 in
1329 866 1691 922 Numerorum
1722 867 1863 921 libro
1878 882 1988 921 non

405 959 683 1027 leguntur.
716 957 904 1028 Itaque
932 973 964 1013 e
988 958 1299 1014 Judaeorum
1338 958 1631 1015 traditione
1662 959 1733 1014 ab
1752 974 1818 1015 eo
1838 973 1990 1013 acce-

407 1061 497 1119 pta
526 1049 696 1105 fuisse
726 1050 1140 1117 existimamus;
1170 1051 1629 1121 quemadmodum
1661 1058 1715 1105 et
1742 1051 1889 1121 quod
1922 1050 1990 1107 de

405 1144 600 1199 Rabab
617 1145 814 1207 habet,
848 1159 968 1200 eam
998 1145 1067 1200 de
1104 1145 1513 1216 exploratorum
1560 1144 1648 1200 via
1671 1143 1784 1216 (74)
1816 1144 1990 1199 inter-

408 1246 685 1306 rogatam,
717 1236 877 1307 longe
927 1238 1098 1291 aliam
1121 1238 1533 1294 demonstrasse
1563 1237 1631 1293 ab
1658 1252 1748 1303 ea,
1776 1252 1885 1307 qua
1912 1236 1990 1291 illi

410 1328 640 1384 redituri
677 1339 862 1396 erant;
907 1329 1055 1401 quod
1103 1331 1162 1385 in
1210 1330 1352 1386 libro
1398 1328 1587 1393 Iosue,
1625 1329 1720 1384 ubi
1759 1329 1992 1385 historia

410 1423 526 1476 haec
560 1421 910 1485 describitur,
948 1422 1174 1478 minime
1218 1422 1483 1478 occurrit.
1528 1420 1809 1479 Hactenus
1836 1432 1889 1477 ν.
1918 1422 1990 1477 cl.

409 1512 568 1570 Remi
599 1512 838 1570 Ceillier.
877 1513 1081 1569 Verum
1105 1515 1249 1585 quod
1281 1514 1348 1569 de
1375 1514 1464 1569 via
1493 1513 1774 1571 contraria
1805 1512 1995 1582 explo-

409 1609 690 1663 ratoribus
729 1624 759 1662 a
799 1608 992 1664 Rabab
1018 1608 1413 1672 demonstrata,
1458 1624 1527 1663 ex
1572 1621 1801 1664 erronea
1843 1603 1995 1659 Junii

410 1703 647 1757 lectione
677 1702 845 1772 hujus
874 1700 1201 1756 Clementini
1234 1701 1341 1756 loci
1373 1699 1749 1771 deprompsit;
1792 1696 1995 1752 Junius

411 1794 557 1846 enim
589 1792 737 1862 quod
778 1792 867 1848 hic
906 1792 963 1847 in
1012 1790 1311 1862 archetypo
1337 1790 1702 1853 desideratur,
1767 1789 1996 1845 studens
2029 1776 2069 1833 Β

412 1886 690 1955 supplere,
706 1884 953 1940 ediderat
972 1883 1130 1957 (ὁδὸν)
1148 1884 1570 1937 ὑποδεικνύουσα
1596 1883 1783 1944 αὐτοῖς
1809 1881 1997 1948 ὲ(ναν-

412 1977 582 2048 τίαν),
594 1986 648 2032 et
673 1976 866 2032 Latine
893 1996 907 2031 :
934 1977 1074 2031 viam
1099 1974 1373 2031 ostendens
1385 1976 1460 2030 eis
1476 1975 1822 2029 contrariam.
1840 1971 2000 2040 Quod

414 2083 540 2122 cum
576 2067 883 2123 Cotelcrius
910 2066 1371 2122 animadverteret
1400 2078 1707 2135 repugnare
1743 2062 2001 2119 Historia:

414 2174 609 2223 sacrae,
646 2173 769 2228 quae
798 2157 1175 2227 exploratores
1204 2172 1237 2213 e
1275 2156 1444 2212 domo
1484 2154 1676 2211 Rahab
1706 2164 1823 2211 tum
1856 2171 1999 2211 non-

413 2252 550 2306 dum
580 2250 799 2314 exiissc,
820 2249 917 2306 sed
948 2249 1003 2303 in
1032 2265 1095 2304 ea
1115 2248 1296 2303 adhuc
1325 2248 1540 2303 latitare
1569 2246 1760 2315 docet;
1787 2248 1886 2319 οὐχ
1903 2262 2002 2317 pro

410 2345 550 2407 ὁδὸν,
592 2344 874 2414 ὲ(κείνους)
924 2358 1020 2414 pro
1059 2340 1350 2413 ὲ(ναντίαν)
1398 2342 1701 2397 substituit.
1753 2340 1863 2396 Nec
1899 2341 2003 2395 du-

414 2438 589 2501 bium,
635 2436 767 2504 quin
811 2435 933 2504 ejus
975 2433 1244 2489 correctio
1271 2432 1523 2488 Junianze
1552 2434 1625 2488 sit
1663 2431 2003 2502 praeferenda

415 2530 668 2584 lectioni:
707 2529 942 2583 maxime
982 2543 1107 2581 cum
1139 2528 1281 2582 hanc
1310 2526 1378 2581 ad
1404 2527 1781 2596 exploratores
1811 2523 2001 2590 Josue,

413 2622 616 2692 quibus
648 2622 777 2676 unis
797 2619 989 2674 Rahab
1018 2620 1161 2673 viam
1189 2620 1526 2675 contrariam
1556 2619 1865 2675 ostendisse
1890 2633 2006 2673 me-

418 2724 693 2777 moratur,
737 2714 933 2769 referri
972 2713 1246 2769 orationis
1282 2712 1455 2769 series
1487 2728 1596 2766 non
1630 2714 1797 2767 sinat.
1829 2711 2005 2767 Antea

413 2808 580 2861 etiam
612 2806 753 2861 forte
778 2805 1064 2877 legendum
1112 2806 1205 2858 καὶ
1234 2802 1337 2857 ποῦ
1359 2802 1701 2876 πορεύονται,
1736 2804 1838 2856 οὐκ
1863 2797 2003 2866 οἶδα,

414 2907 595 2968 etquo
620 2909 839 2969 pergant
868 2898 1070 2961 nescio,
1092 2895 1364 2966 conjectat
1398 2912 1450 2951 v.
1478 2895 1548 2950 cl.
1574 2894 1922 2962 Coutantius,
1951 2903 2008 2949 at

418 3005 734 3060 perperam;
782 3004 907 3043 nam
942 2989 1108 3059 hujus
1149 2987 1515 3060 supplementi
1557 3002 1733 3058 capax.
1764 3004 1875 3044 non
1923 2998 2008 3044 est

418 3083 778 3153 manuscripti
793 3083 987 3137 lacuna
998 3123 1011 3137 .

955 3193 1354 3251 ARTICULUS
1379 3192 1467 3250 ιν.

457 3305 631 3345 VARI/8
662 3304 959 3346 BDITIONBS‘
989 3304 1367 3345 EPISTOLAIHJII
1403 3303 1451 3343 S.
1484 3298 1793 3343 ειειιειητιθ
1829 3302 1965 3342 IOI.

1035 3376 1360 3417 PONTIFICIS.

490 3456 790 3512 Clementis
812 3454 1047 3508 Romani
1074 3452 1143 3508 ad
1165 3453 1485 3508 Corinthios
1504 3454 1772 3524 epistolae,
1798 3452 2006 3525 quanto

420 3550 653 3620 reliquis
677 3549 789 3604 sub
812 3548 935 3617 ejus
964 3547 1190 3601 nomine
1213 3546 1456 3616 vulgatis
1482 3545 1822 3602 sinceriores
1851 3552 2004 3610 sunt,

422 3652 477 3698 et
501 3659 533 3697 a
555 3644 812 3713 primaeva
840 3640 1203 3711 simplicitate
1235 3640 1421 3694 minus
1452 3640 1664 3709 alienae,
1698 3648 1853 3697 tanto
1884 3641 2007 3711 plus

422 3753 603 3806 opera:
625 3736 817 3791 iisdem
832 3733 1086 3799 edendis,
1109 3732 1165 3787 in
1191 3732 1327 3787 alias
1346 3732 1562 3803 linguas
1586 3731 2005 3797 transferendis,

425 3839 481 3883 et
514 3827 857 3882 illustrandis
889 3826 1272 3894 impenderunt
1297 3826 1399 3879 viri
1431 3826 1785 3893 antiquitatis
1825 3823 2010 3878 eccle-

424 3924 664 3982 siasticae
684 3916 937 3975 studiosi.
967 3910 1244 3967 Laudatur
1276 3906 1382 3962 hoc
1411 3901 1631 3959 nomine
1664 3900 1716 3953 in
1746 3895 2001 3954 Gallandi

424 4010 833 4086 Prolegomenis
857 4005 1118 4063 Patritius
1141 4000 1337 4057 Junius
1371 3996 1568 4054 Scottis
1611 3992 1749 4062 (75),
1780 3991 1997 4047 hetero-

424 4113 605 4167 doxus
646 4105 895 4175 quidem.
926 4111 1014 4156 ast
1045 4096 1313 4155 eruditus,
1344 4100 1398 4148 et
1421 4087 1802 4158 antiquitatum
1838 4098 1996 4137 scru-

426 4218 574 4261 tator
599 4199 903 4258 indefessus
929 4213 944 4260 ;
977 4194 1071 4265 qui
1105 4190 1319 4260 insigne
1347 4186 1450 4241 hoc
1476 4181 1652 4238 aetatis
1678 4176 1995 4249 apostolica:

426 4301 840 4352 monumentum
889 4286 989 4341 diu
1023 4279 1267 4339 tenebris
1300 4272 1677 4343 eonsepultum
1701 4309 1717 4334 ,
1768 4282 1800 4323 e
1835 4275 1997 4321 vetu-

422 4390 676 4447 stissimo
699 4400 807 4440 ms.
833 4378 1021 4438 codice
1046 4369 1433 4435 Alexandrino,
1469 4378 1630 4437 quem
1655 4376 1818 4417 manu
1851 4356 1996 4414 The-

423 4479 523 4534 elae
553 4475 760 4531 nobilis
780 4472 995 4527 feminae
1028 4463 1296 4536 Egyptia:
1322 4459 1469 4514 circa
1507 4452 1723 4510 concilii
1748 4449 1950 4506 Niczeni
1976 4465 1993 4504 ι

422 4578 672 4639 tempora
704 4570 1008 4625 exaratum,
1057 4554 1296 4627 Cyrillus
1336 4547 1604 4639 Lucaris,
1651 4558 1718 4599 ex
1760 4542 1998 4639 Alex—an-

422 4628 583 4714 drino
629 4647 1267 4719 Constantinopolitanus
1322 4636 1664 4711 patriarcha,
1719 4646 1814 4703 per
1855 4628 1998 4685 Tho-

424 4766 570 4808 mam
604 4751 878 4805 [towazum
911 4759 980 4799 es
1006 4740 1227 4796 Oriente
1255 4733 1508 4791 reducem
1533 4768 1549 4792 ,
1581 4725 1783 4782 Carolo
1811 4723 1852 4786 l,
1882 4722 1999 4777 An-

421 4846 543 4917 glia:
569 4841 681 4914 regi
711 4842 859 4897 dono
886 4837 1126 4895 miserat,
1167 4844 1311 4885 anno
1342 4825 1512 4889 1653,
1558 4819 1754 4917 onnii
1787 4817 2002 4917 primus

422 4910 593 4995 edidit
634 4910 787 4989 ιιι-4ο
838 4930 1027 4986 Grzecc
1080 4940 1147 4979 ac
1210 4920 1449 4977 Latine:
1498 4914 1731 4986 priorem
1773 4910 1992 4980 quidem

422 5030 711 5102 epistolam
764 5024 951 5080 addita
1000 5017 1194 5074 Latina
1239 5012 1522 5102 versione,
1570 5007 1825 5102 notisque
1872 5003 1997 5057 illit-

420 5095 686 5182 stratum;
739 5110 1064 5188 posterioris
1123 5122 1255 5161 vero
1293 5100 1553 5171 reliquias
1613 5095 1801 5152 Graece
1866 5104 1989 5149 tan-

445 5231 535 5269 um
579 5213 645 5268 ad
682 5210 884 5265 calcem
928 5202 1181 5272 reiectas.
1224 5196 1345 5265 Quo
1400 5205 1530 5247 vero
1557 5201 1725 5242 suum
1762 5199 1994 5255 pensum

421 5311 523 5365 site
546 5304 858 5362 absolveret
893 5296 1093 5359 editor,
1134 5304 1295 5346 voces
1316 5284 1648 5357 deperditas.
1676 5288 1738 5335 ut
1766 5280 1997 5348 ipsemet

516 5463 609 5529 ‘14)
642 5461 699 5516 S.
728 5455 1314 5529 CientensARomxep.
1348 5450 1399 5514 i,
1435 5462 1588 5502 num.

519 5514 610 5601 tsi
640 5514 798 5586 iam.
829 5529 847 5585 I
884 5527 1026 5601 Bibl.
1059 5524 1161 5601 ss.
1185 5514 1593 5601 Ράιτωῃηςειε.
1622 5514 1707 5569 ιι.

642 5583 1315 5674 ἦνιιίιριι.-εηρι·οιεςοηι.κ
1340 5591 1407 5674 ad
1435 5583 1626 5674 bibl;-
1663 5583 1956 5674 ptlt‘ly‘glttil:
1972 5621 1998 5644 τ

421 5643 1495 5745 κὲί.”ἒι,’ξ’ὲζῖζἰιὶιιῐιέιζξιῖιῇιζιζιιιῃιειν
1522 5643 1990 5745 editiflffpp;

423 5721 577 5814 ἱὲἕῖῖ,
665 5721 731 5810 ιδ,
1022 5721 1312 5809 pag-256;
1345 5721 1522 5787 Cra-be
1543 5769 1565 5798 ,
1589 5725 1891 5803 Prolegom.
1919 5721 1993 5778 ad

2089 508 2284 575 spatiis
2323 518 2379 563 et
2433 508 2745 566 interstitiis
2774 512 3193 569 accuratissime
3234 512 3503 571 dimensis
3534 532 3664 589 sup—

2090 598 2277 667 plevit,
2309 607 2365 654 et
2405 601 2577 656 minio
2608 601 2777 657 rubro
2813 602 3055 670 notavit;
3083 618 3149 659 eo
3189 604 3453 660 nimirum
3482 608 3671 663 consi-

2089 690 2165 744 lio
2189 730 2203 753 ,
2237 698 2295 745 ut
2324 709 2447 762 qua:
2480 694 2535 748 in
2567 695 2765 751 laceris
2790 696 3130 753 membranis
3155 698 3425 768 temporis
3466 699 3673 770 injuria

2089 793 2417 855 consumpta
2445 786 2928 850 desiderabantur,
2954 788 3025 843 ab
3052 787 3143 854 iis,
3180 803 3301 858 qua:
3335 789 3543 854 addita,
3586 793 3673 846 vel

2092 876 2338 945 suppleta
2365 876 2586 941 fuerint,
2617 878 2848 935 lectores
2881 878 3099 936 facilius
3125 891 3502 939 secernerent.
3538 882 3677 949 Quae

2091 964 2311 1032 quidem
2341 968 2717 1038 supplementa
2751 966 2985 1026 Juniana
3023 970 3361 1041 posteriores
3402 972 3674 1039 editores,

2095 1066 2154 1112 ut
2181 1058 2461 1115 uncinulis
2494 1060 2683 1116 clausa
2720 1063 2864 1132 typis
2916 1062 3388 1134 imprimerentur,
3436 1063 3675 1135 diligen-

2093 1155 2179 1204 ter
2210 1158 2498 1205 curarunt.
2534 1151 2727 1223 Magna
2782 1155 3087 1221 enimvero,
3131 1164 3186 1209 et
3227 1154 3499 1211 laudanda
3524 1152 3675 1210 Junii

2095 1246 2344 1310 solertia,
2375 1247 2422 1302 si
2456 1245 2591 1302 fides
2615 1249 2719 1319 ipsi
2751 1249 3083 1306 adhibenda.
3120 1248 3319 1305 Verum
3349 1265 3513 1306 secus
3554 1264 3680 1307 sen-

2096 1338 2243 1392 tiunt
2265 1339 2334 1393 de
2361 1355 2449 1404 eo,
2480 1339 2656 1410 deque
2687 1340 2809 1411 ejus
2839 1342 3029 1397 labore
3070 1342 3128 1396 in
3154 1341 3521 1398 describenda
3560 1357 3674 1397 ms.

2093 1430 2466 1486 Alexandrino
2492 1433 2596 1486 viri
2627 1433 2788 1504 longe
2816 1432 3123 1488 doctissimi
3150 1431 3444 1488 Wottonus
3476 1430 3530 1485 in
3561 1430 3679 1502 pri-

2095 1524 2223 1588 mis,
2251 1522 2455 1580 Millius
2480 1534 2535 1579 et
2553 1524 2788 1580 Grabius
2814 1524 2950 1596 (76),
2973 1532 3034 1578 ut
3060 1523 3294 1595 proinde
3323 1523 3505 1579 minus
3529 1534 3683 1579 recte

2097 1616 2373 1671 censuerit
2401 1615 2582 1671 Fellus
2611 1615 2724 1686 (77)
2763 1634 2775 1669 :
2815 1634 2832 1667 ‹
2858 1616 3077 1679 Actum,
3118 1616 3353 1677 scilicet,
3394 1615 3552 1669 irrito
3590 1630 3689 1671 co-

2099 1719 2230 1762 natu
2298 1716 2549 1762 acturum
2608 1707 2782 1764 fuisse
2833 1709 3008 1771 illum,
3037 1707 3128 1778 qui
3164 1716 3285 1778 post
3336 1706 3558 1768 Junium
3610 1706 3683 1761 ad

2098 1797 2377 1868 exemplar
2414 1797 2845 1853 Alexandrinum
2887 1798 3071 1853 omnia
3104 1799 3341 1869 denique
3367 1799 3678 1870 exegisset:

2100 1894 2390 1963 siquidem,
2406 1896 2613 1957 subdit,
2635 1911 2698 1951 ea
2721 1895 2953 1952 habetur
2970 1898 3036 1953 de
3060 1895 3389 1961 eruditione,
3408 1896 3682 1952 industria

2100 1993 2155 2041 et
2189 1985 2293 2040 fide
2316 1985 2381 2042 D.
2415 1985 2564 2042 Junii
2591 1989 2734 2059 apud
2768 2004 2963 2045 omnes
2994 1988 3161 2052 fama,
3198 1997 3257 2042 ut
3283 1990 3532 2045 eamdem
3581 2006 3684 2045 su-

2102 2077 2352 2147 spicione
2373 2078 2557 2150 aliqua
2590 2080 2921 2136 labefactare
2950 2096 3060 2137 non
3086 2080 3305 2139 incivile
3328 2080 3493 2137 modo
3517 2121 3535 2147 ,
3583 2080 3691 2137 sed

2102 2169 2352 2239 iniquum
2383 2186 2611 2241 prorsus
2644 2171 2914 2228 videatur.
2956 2193 2977 2225 ι

2175 2257 2245 2312 At
2277 2261 2516 2329 pretium
2542 2261 2708 2317 fuerit
2726 2279 2909 2334 operae
2940 2264 3029 2318 hic
3056 2264 3114 2318 in
3146 2265 3382 2320 medium
3409 2263 3672 2336 proferre

2101 2368 2227 2422 quis
2251 2354 2304 2407 in
2326 2350 2562 2407 Juniana
2585 2353 3051 2410 Clementiuarum
3069 2356 3423 2427 epistularum
3444 2358 3694 2414 editione

2106 2441 2259 2498 fuere
2292 2444 2361 2497 ab
2379 2443 2501 2513 ipso
2527 2442 2997 2517 Grabio(78-100)
3011 2445 3268 2501 adnotata
3287 2446 3392 2503 :sic
3416 2456 3598 2502 autem
3627 2463 3695 2503 se

2105 2533 2346 2589 habent:
2368 2553 2386 2585 ι
2408 2536 2541 2601 Quae
2574 2551 2641 2589 ex
2673 2536 2967 2592 collatione
2991 2553 3097 2593 ms.
3128 2537 3338 2594 codicis
3357 2539 3693 2595 Alexandri-

2107 2626 2165 2681 ni
2189 2626 2630 2681 emendationem
2661 2627 2928 2698 praehent,
2961 2627 3031 2682 ad
3074 2628 3191 2683 haec
3230 2627 3346 2684 fere
3383 2630 3565 2701 capita
3599 2646 3694 2685 re-

2106 2717 2403 2772 ducuntur.
2431 2715 2619 2771 Primo
2636 2717 2901 2771 nonnulla
2926 2717 2978 2771 in
3009 2717 3172 2772 editis
3188 2718 3540 2781 omittuntur,
3563 2732 3698 2787 qua:

2108 2807 2166 2861 in
2197 2815 2489 2879 prototypo
2518 2814 2762 2872 exstant,
2795 2816 2856 2862 ut
2883 2825 2950 2863 ex
2990 2809 3252 2865 versione
3304 2807 3501 2866 Latina
3551 2824 3697 2864 con-

2108 2907 2253 2967 stat;
2283 2900 2528 2956 secundo
2560 2899 2709 2954 haud
2735 2915 2909 2970 pauca
2944 2901 3211 2957 vocabula
3255 2902 3459 2957 litteris
3485 2902 3694 2955 minia-

2109 2992 2181 3048 tis
2205 2993 2468 3057 eduntur,
2519 3008 2642 3063 qum
2671 2992 2727 3047 in
2758 2992 2947 3049 codice
2983 3001 3245 3058 exstant,
3293 2993 3441 3063 quod
3482 2991 3698 3048 factum

2107 3099 2233 3141 esse
2274 3100 2307 3139 a
2362 3086 2660 3156 typothetis
2700 3087 2996 3143 verisimile
3040 3097 3157 3154 est;
3187 3088 3349 3145 tertio
3393 3095 3521 3143 sunt
3542 3086 3699 3142 haud

2109 3192 2303 3248 pauca,
2335 3193 2458 3248 quae
2498 3193 2609 3235 non
2669 3188 2819 3235 recte
2871 3181 3170 3252 exscripsit
3212 3180 3428 3248 editor;
3490 3191 3700 3252 quarto

2107 3272 2373 3326 nonnulla
2395 3272 2555 3329 aliter
2584 3272 2789 3344 scripta
2816 3281 2968 3335 sunt,
2984 3290 3152 3345 quam
3176 3273 3355 3329 editor
3378 3287 3707 3343 repraesen-

2108 3364 2246 3418 tavit
2271 3380 2339 3420 ex
2373 3365 2642 3437 singulari
2669 3366 2907 3437 quadam
2934 3367 3057 3438 ejus
3082 3368 3386 3439 Opinione;
3438 3382 3547 3439 qua
3590 3366 3700 3421 ad-

2107 3453 2236 3510 duci
2301 3472 2415 3511 non
2473 3458 2681 3528 potuit,
2711 3466 2773 3513 ut
2831 3459 3185 3531 scriptionem
3236 3468 3478 3516 veterem
3530 3459 3702 3514 aliter

2108 3548 2411 3615 exhiberet,
2435 3566 2599 3621 quam
2624 3550 2929 3607 secundum
2955 3553 3235 3624 vulgarem
3254 3551 3532 3609 scribendi
3567 3567 3696 3607 mo-

2109 3659 2252 3709 rem;
2283 3646 2477 3716 quinto
2496 3660 2639 3715 saape
2661 3640 2787 3700 cuin
2821 3646 2939 3716 ipse
2967 3646 3110 3700 male
3138 3646 3517 3716 exscripserit,
3550 3662 3687 3702 cor-

2112 3737 2416 3793 rectionem
2453 3752 2521 3792 ex
2552 3735 2873 3806 conjectura
2901 3735 3053 3791 addit
3080 3735 3151 3791 ad
3178 3740 3511 3807 marginem;
3568 3752 3701 3807 quas

2111 3829 2385 3883 correctio
2412 3827 2468 3882 in
2498 3827 2619 3897 ipso
2645 3827 2835 3883 codice
2863 3830 3158 3900 reperitur.
3193 3847 3215 3881 ›
3242 3827 3520 3885 Hactenus
3551 3827 3701 3885 Gra-

2112 3922 2256 3978 bius.
2288 3920 2498 3987 Quibus
2516 3936 2646 3992 ergo
2680 3921 2831 3976 vitiis
2860 3920 3114 3975 laborant
3132 3921 3406 3977 editiones
3429 3920 3545 3977 fere
3569 3936 3700 3977 om-

2116 4028 2239 4079 nes,
2281 4020 2469 4085 utpote
2490 4028 2613 4083 qua:
2645 4012 2798 4067 fuere
2835 4012 2904 4067 ad
2933 4011 3230 4067 Junianam
3258 4022 3485 4069 exactze.
3533 4012 3708 4067 Eam-

2113 4104 2237 4161 dem
2251 4104 2541 4160 Junianam
2565 4103 2860 4160 editionem
2880 4102 3418 4160 Helmstadiensibus
3435 4104 3579 4177 typis
3598 4121 3703 4160 ex-

2115 4198 2287 4269 primi:
2322 4198 2538 4255 curavit
2587 4196 2908 4252 Joachimus
2948 4194 3189 4252 Joannes
3240 4195 3496 4253 Maderus
3552 4213 3708 4253 anno

2117 4290 2285 4355 1654,
2337 4299 2391 4345 et
2424 4305 2565 4346 nova
2600 4289 2923 4359 praefatione
2984 4288 3172 4343 addita
3217 4289 3519 4359 genuinum
3572 4305 3711 4345 esse

2122 4382 2269 4438 hunc
2299 4382 2601 4439 Clementis
2633 4382 2825 4447 fetum,
2856 4390 3051 4437 contra
3091 4380 3384 4452 quemdam
3428 4379 3710 4436 Lutheras

2049 4459 2095 4516 Ῑ)
2126 4490 2209 4529 ure
2231 4472 2638 4528 communionis
2668 4472 2981 4543 theologum
3010 4470 3435 4527 demonstravit.
3454 4468 3707 4527 Joannes

2122 4563 2315 4622 Pelius
2338 4564 2731 4621 Osoniensium
2802 4562 3032 4620 antistes
3080 4577 3226 4617 anno
3258 4561 3399 4617 1669
3421 4561 3620 4617 Oxonii
3647 4571 3707 4617 et

2122 4657 2262 4712 1687
2305 4655 2542 4711 Londini
2578 4654 2724 4710 in-8°
2743 4662 3035 4723 utramque
3071 4652 3373 4709 Clementis
3405 4652 3473 4707 ad
3501 4651 3709 4707 Corin-

2121 4752 2267 4806 thios
2295 4748 2609 4821 epistolam,
2645 4747 2848 4803 minori
2891 4745 3115 4819 quidem
3140 4745 3360 4812 -forma,
3398 4744 3491 4801 sed
3553 4743 3706 4799 notis

2120 4858 2233 4899 non
2259 4842 2445 4897 minus
2475 4840 2654 4896 doctis
2687 4839 3045 4908 conspicuam
3076 4834 3513 4909 repraesentavit.
3544 4834 3707 4890 Prior

2121 4937 2193 4993 ad
2211 4935 2533 4991 Corinthios
2572 4932 2804 5003 epistola
2832 4930 3027 4986 Latine
3059 4930 3327 4986 duntaxat
3349 4929 3494 4984 inter
3535 4926 3708 4983 Fran-

2120 5030 2257 5085 cisci
2279 5028 2429 5084 licus
2456 5027 2623 5082 Mella
2642 5027 2866 5082 Patrum
2898 5025 3128 5081 Londini
3155 5023 3297 5080 ιιι-ὃν
3326 5022 3465 5078 1650
3485 5023 3710 5093 conspi-

2120 5122 2287 5178 citur.
2309 5121 2470 5177 Anno
2499 5120 2662 5187 i672,
2683 5121 2784 5177 has
2809 5119 3072 5191 epistolas
3090 5132 3229 5173 nova
3252 5116 3710 5187 interpretatione

2123 5214 2396 5284 novisque
2436 5214 2584 5268 notis
2617 5212 2917 5267 adornatas
2966 5209 3144 5265 Paris.
3196 5208 3381 5265 ιιι-[οι.
3422 5208 3478 5263 in
3524 5207 3705 5264 lucent

2125 5306 2315 5363 emisit
2342 5305 2509 5362 Joan.
2532 5304 2842 5361 Cotelerius
2883 5304 3081 5359 doctor
3104 5300 3372 5357 Sorbonae
3427 5300 3483 5355 in
3537 5314 3711 5373 opere

2124 5461 2430 5517 versionem
2448 5461 2585 5517 LXX
2603 5461 2900 5524 seniorum,
2925 5473 3047 5530 cap.
3074 5457 3129 5530 2,
3168 5457 3196 5527 ᾗ
3229 5457 3281 5513 1.

2179 5532 2309 5619 ,ς’ῃ)
2344 5531 2564 5587 Praefat.
2598 5532 2665 5588 ad
2696 5522 3045 5603 epistolam'l
3089 5522 3289 5597 Clem,
3320 5526 3454 5584 edit.
3480 5522 3663 5582 Oxon.
3688 5564 3704 5588 ,

2125 5599 2849 5745 ib?%‘im)ﬁmbitts,apud
2877 5672 3220 5733 Wottonum.
3252 5669 3318 5727 ad
3337 5669 3543 5727 calcem
3582 5666 3709 5739 Epin

2126 5747 2278 5804 stolae
2322 5745 2615 5812 Glemcnt.,
2645 5760 2699 5818 p.
2727 5746 2851 5801 10L
