3916 6326
1514 300 1803 359 ιιιιοοειιι
1818 302 1854 357 λ
1891 301 2273 360 VARIORUM.

3417 266 3522 367 is:

262 417 627 473 celeberrimo
675 417 744 472 de
796 416 1053 472 Patribus
1099 415 1437 487 apostolicis.
1479 415 1587 471 Eas
1622 432 1842 486 quoque
1871 421 1919 477 Α
1950 434 2175 487 parasse
2204 428 2504 488 asseveret,
2541 431 2595 478 et
2625 426 2829 495 passim
2848 442 2917 483 ex
2944 441 3010 483 eo
3030 426 3339 484 accuratior
3360 430 3520 485 reddi

259 509 541 565 recensuit
588 523 655 563 ac
702 517 957 562 notarmn
1001 508 1344 578 spicilegium
1378 508 1598 579 collegit
1634 508 1839 562 Paulus

254 600 605 655 Colomesius
628 613 773 653 anno
797 598 932 651 1687
954 596 1188 651 Londini
1212 600 1265 651 in
1282 598 1378 663 ~8°,
1398 614 1518 666 qua:
1543 598 1710 652 editio
1734 598 1839 651 ite-

254 703 377 747 rata
412 708 475 747 ac
492 692 785 747 emendata
812 691 1015 761 prodiit
1045 690 1226 746 denuo
1254 690 1391 744 1691
1423 691 1648 745 ibidem.
1681 690 1840 744 Cote-

253 787 374 841 lerii
408 783 923 853 interpretationem
953 782 1186 852 adjectis
1214 782 1333 837 suis
1370 782 1575 837 notulis
1612 782 1837 851 evulga-

248 880 328 932 vit
375 875 628 933 Clericus
672 876 1001 945 Antwerpia:
1048 890 1145 929 seu
1206 874 1390 929 verius
1428 872 1835 930 Amstzelodami

246 984 401 1024 anno
434 968 574 1022 1698
599 968 655 1021 in
684 966 1010 1021 collectione
1037 964 1260 1020 Patrum
1292 965 1747 1035 apostolicorum,
1782 971 1836 1019 et

253 1062 479 1114 auctius
510 1058 689 1113 adhuc
713 1072 859 1111 anno
887 1057 1025 1111 1724
1059 1057 1258 1111 ibidem
1296 1056 1480 1112 in-l‘ol.
1512 1055 1833 1109 Collectioni

250 1153 483 1223 insuper
536 1150 895 1205 conciliorum
935 1166 1059 1204 cum
1100 1149 1402 1205 Labheauae
1440 1157 1556 1203 tum
1597 1148 1835 1203 Mansia-

250 1264 348 1308 nae,
407 1264 473 1302 ac
526 1246 702 1319 primo
733 1230 1002 1299 volumini
1074 1241 1433 1312 Epistolarum
1466 1240 1821 1295 Romanorum

245 1338 561 1408 pontiﬁcum
655 1337 937 1393 Coutantii
1012 1336 1261 1406 epistolae
1323 1335 1560 1405 prtel'atte
1611 1335 1831 1389 inserta

247 1440 399 1484 sunt.
439 1429 603 1483 Anno
652 1428 823 1492 1718,
868 1425 1336 1496 Cantabrigiensis
1376 1426 1510 1480 satis
1548 1425 1829 1479 luculenta

246 1524 444 1577 harum
479 1522 837 1592 epistolarum
869 1520 1038 1575 editio
1064 1520 1118 1573 in
1147 1520 1343 1589 vulgus
1374 1519 1576 1589 prodiit
1616 1534 1829 1575 summa

240 1631 378 1670 cura
428 1613 650 1669 Henrici
694 1610 938 1667 Wottoni
984 1611 1292 1676 elaborata;
1337 1624 1457 1664 eam
1490 1612 1635 1665 enim
1683 1611 1830 1665 haud

244 1707 413 1762 semel
442 1706 669 1777 exigens
702 1722 752 1761 v.
796 1704 866 1758 cl.
905 1703 971 1757 ad
1005 1702 1162 1758 Iidem
1211 1718 1317 1757 ms.
1356 1702 1564 1758 codicis
1596 1702 1829 1758 Alexan-

1944 512 2113 566 editio
2142 515 2403 582 potuerit,
2441 523 2580 571 teste
2609 516 2915 574 Callandio.

2014 603 2199 674 Nuper
2234 606 2452 661 tandem
2482 624 2534 663 v.
2560 610 2630 663 cl.
2661 609 2912 665 Andreas
2940 611 3261 667 Gallandius
3292 612 3521 683 presby-

1941 705 2025 749 ter
2047 700 2489 768 congregationis
2513 699 2750 755 Oratorii
2776 701 2833 755 S.
2862 701 3098 773 Philippi
3121 702 3523 766 Nerii,antecev

1940 790 2185 844 dentium
2240 792 2484 845 omnium
2534 793 2837 847 editionum
2899 793 3149 849 subsidio
3183 792 3514 857 instructus,

1940 882 2418 939 emendatissimas
2456 892 2511 939 et
2537 886 2995 957 castigatissimas
3026 886 3189 941 edere
3219 885 3368 940 omni
3397 892 3518 941 stu-

1932 974 2028 1030 dio
2062 990 2127 1029 ac
2156 991 2318 1046 opere
2361 976 2587 1032 adnisus
2628 986 2711 1032 est
2742 978 2907 1033 hasce
2934 977 3228 1034 Clementis
3256 977 3516 1047 epistolas

1939 1066 1993 1122 in
2026 1082 2125 1121 sua
2184 1066 2506 1123 Bibliotheca
2528 1079 2752 1125 veterum
2777 1068 3003 1125 Patrum
3076 1084 3240 1139 opere
3292 1070 3370 1123 uti
3420 1085 3517 1124 ex-

1936 1158 2364 1223 cellentissimo,
2398 1166 2453 1214 et
2502 1161 2773 1225 utilitatis,
2825 1176 2989 1229 quam
3033 1160 3387 1216 scientiarum
3422 1175 3516 1216 ec—

1937 1248 2371 1305 clesiasticarum
2399 1253 2664 1309 studiosis
2692 1253 2951 1309 omnibus
2982 1253 3171 1308 afferat
3194 1255 3515 1310 cumulatis-

1935 1341 2152 1403 simam,
2180 1342 2339 1397 laude
2369 1345 2842 1413 priestantissimo;
2878 1345 2952 1398 ita
2974 1353 3320 1415 sumptuoso,
3348 1348 3514 1401 char-

1936 1436 2004 1482 tae
2059 1430 2280 1499 insuper
2306 1431 2486 1487 nitore
2535 1441 2589 1487 et
2618 1434 2993 1489 characterum
3036 1444 3322 1491 venustate
3352 1438 3515 1492 undi-

1935 1535 2041 1589 que
2069 1523 2309 1591 expolito
2339 1539 2407 1578 ex
2462 1526 2821 1596 typograpbia
2853 1525 2970 1582 Joa.
2995 1526 3223 1581 Albrizii
3270 1527 3523 1586 Venetiis

1936 1611 2094 1666 11765.
2131 1612 2408 1678 Quantum
2436 1630 2566 1669 vero
2598 1616 2803 1671 laboris
2841 1634 2905 1672 ac
2938 1618 3235 1689 diligentiae
3262 1620 3314 1673 in
3348 1621 3510 1675 ador-

1935 1706 2116 1760 nanda
2140 1707 2243 1761 hac
2267 1708 2507 1763 editione
2534 1710 2883 1779 impenderit,
2912 1713 3161 1782 pluribus
3190 1716 3411 1784 exponit
3451 1716 3519 1772 in

241 1801 413 1863 drini.
455 1799 708 1853 adhibito
746 1798 909 1852 etiam
948 1795 1097 1850 Junii
1147 1795 1296 1850 edilo
1339 1810 1463 1849 cum
1496 1795 1688 1850 eodem
1729 1810 1827 1849 co-
1859 1793 1903 1847 B
1933 1798 2381 1870 Prolegomenis,
2442 1809 2607 1872 atque
2662 1805 2828 1859 simul
2888 1806 3085 1861 ibidem
3146 1808 3509 1877 epistolarum

241 1892 408 1947 dicea
433 1891 606 1945 Millio
629 1899 794 1959 atque
819 1887 1019 1943 Grabio
1032 1889 1257 1954 collato,
1277 1886 1574 1942 Iunianum
1592 1895 1824 1953 textum,

238 2000 405 2053 quem
454 1983 639 2038 caeteri
687 1982 924 2037 editores
968 1990 1097 2036 sunt
1142 1981 1341 2045 secuti,
1372 1982 1614 2052 octogies
1642 1997 1829 2036 cmen-

239 2077 396 2131 davit
419 2077 821 2147 supplevitque;
856 2091 976 2145 quae
1000 2090 1132 2130 vero
1170 2074 1400 2129 aberant
1431 2091 1461 2128 a
1491 2090 1595 2131 ms.
1636 2089 1825 2129 exem-

241 2174 387 2242 plari
416 2180 574 2242 atque
609 2185 641 2223 a
674 2167 840 2223 Junio
872 2168 1069 2223 litteris
1097 2167 1340 2223 miniatis
1370 2166 1822 2237 designabantur,

236 2263 637 2318 minutioribus
684 2261 826 2332 typis
869 2259 1231 2329 imprimenda
1286 2260 1522 2322 curavit,
1563 2260 1825 2316 lectiones

231 2363 289 2409 et
346 2356 722 2425 conjecturas,
753 2351 927 2415 Junii.
961 2351 1150 2414 Boisii,
1193 2350 1474 2416 Cotelerii,
1518 2350 1671 2417 Felli,
1718 2350 1826 2408 Co-

234 2448 451 2503 lomesii
516 2462 581 2503 ac
633 2444 835 2501 Clerici
890 2445 1035 2500 inter
1089 2445 1368 2499 variantes
1420 2443 1682 2499 lectiones
1724 2457 1823 2513 po-

231 2542 363 2596 suit.
416 2537 578 2593 Hanc
633 2544 817 2591 autem
876 2535 1293 2591 Wottonianam
1333 2534 1631 2589 editionem
1693 2535 1821 2592 licet

230 2632 483 2687 omnium
542 2629 1017 2685 accuratissimam
1054 2668 1069 2693 ,
1149 2629 1246 2699 qui
1304 2627 1564 2696 deinceps
1616 2627 1822 2697 episto-

231 2727 311 2780 las
363 2722 748 2777 Clementinas
802 2720 946 2792 typis
1010 2720 1371 2787 excuderunt,
1427 2720 1531 2774 viri
1591 2722 1815 2785 eruditi,

228 2816 275 2870 si
310 2813 661 2869 Ricbardum
714 2811 1027 2868 ltusselium
1061 2820 1116 2867 et
1153 2810 1501 2867 Gallaudium
1547 2813 1812 2884 excipias,

230 2909 553 2979 praeteriere
618 2908 1013 2962 inconsultam.
1074 2904 1233 2971 Quod
1297 2905 1523 2975 quidem
1579 2906 1812 2973 mirum,

228 3004 311 3057 sin
370 3000 565 3056 minus
617 2998 685 3055 de
739 2999 1007 3069 reliquis,
1075 2998 1269 3054 saltem
1318 2997 1386 3054 de
1431 2997 1664 3063 Clerico,
1720 3002 1814 3070 qui

224 3099 483 3153 eamdem
530 3111 641 3167 pne
674 3095 930 3149 manibus
977 3094 1207 3161 habuit;
1260 3111 1328 3151 ex
1379 3111 1443 3155 ea
1484 3096 1630 3152 enim
1669 3096 1810 3152 selc-
1839 3133 1883 3191 ο

225 3194 434 3245 ctiores
466 3189 637 3244 Boisii
667 3189 1051 3244 adnotationes
1072 3204 1103 3242 a
1134 3187 1396 3245 Wottono
1430 3199 1543 3245 tum
1569 3192 1810 3262 primum

223 3284 401 3339 editas
414 3283 738 3353 descripsit,
772 3297 909 3351 quas
934 3281 988 3334 in
1016 3281 1313 3337 secundam
1329 3281 1814 3339 Amstaalodamenu

225 3393 335 3431 sem
392 3375 622 3428 Patrum
682 3375 1108 3444 apostolicorum
1165 3375 1459 3429 editionem
1512 3374 1813 3432 Coteleria-

221 3485 347 3524 nam
381 3467 699 3521 transtulit.
724 3466 793 3519 At
828 3481 892 3520 eo
925 3466 980 3519 in
1014 3467 1209 3537 primis
1232 3467 1451 3521 nomine
1483 3467 1628 3521 illam
1657 3469 1813 3524 insu-

223 3577 317 3629 per
354 3559 630 3613 habuisse
660 3557 877 3612 videtur
907 3555 1181 3624 Clericus,
1206 3559 1355 3629 quod
1388 3558 1567 3615 editor
1605 3559 1810 3615 Canta-

224 3651 530 3722 hrigiensis
582 3663 697 3704 tum
746 3648 982 3703 Eduardi
1030 3649 1291 3704 Bernardi
1334 3651 1571 3716 notulas,
1612 3653 1811 3721 quibus

220 3749 478 3818 epistola:
511 3746 702 3817 primte
738 3745 1025 3800 αὑθεντίαν
1063 3748 1277 3802 elevare
1310 3752 1540 3801 conatus
1568 3755 1685 3809 est,
1716 3762 1811 3800 ex-

220 3841 481 3902 suﬂlarit,
522 3849 637 3893 tum
674 3838 969 3909 ipsummet
996 3838 1268 3893 Clericum
1319 3838 1615 3894 identidem
1664 3839 1811 3894 haud

220 3932 505 3987 immerito
537 3930 841 4000 castigarit.
892 3928 1051 3983 Anno
1092 3929 1250 3994 1742,
1291 3928 1451 3984 Joan.
1495 3929 1810 3989 Ludovicus

218 4022 357 4095 Frey
401 4024 681 4093 epistolas
718 4022 940 4076 Patrum
973 4023 1405 4091 :ipostolicorum
1430 4024 1573 4095 typis
1603 4024 1809 4081 Basile-

218 4119 455 4172 ensibus
485 4116 851 4184 consignavit,
885 4115 1297 4170 Wottonianum
1327 4119 1635 4188 exemplar,
1661 4120 1809 4190 quod

217 4210 447 4281 quidem
502 4211 833 4279 exoptabat,
898 4212 1132 4280 primum
1183 4211 1457 4278 obtinuit,
1513 4227 1638 4267 cum
1692 4213 1807 4283 jam

216 4300 515 4371 epistolal
568 4299 951 4356 Clementisc
1009 4303 1162 4371 prelo
1211 4303 1509 4369 evasisset;
1564 4311 1622 4358 ut
1679 4321 1809 4376 pro-

217 4394 345 4449 inde
383 4393 747 4463 posteriorem
772 4393 1147 4448 tantummodo
1176 4394 1338 4463 paulo
1376 4395 1803 4453 emendatiorem

1931 1894 2162 1950 istarum
2185 1897 2583 1965 praestantiam,
2619 1898 3010 1969 integritatem,
3045 1916 3109 1955 ac
3128 1903 3514 1961 sinceritatem

1931 1986 2152 2041 invictis
2180 1989 2522 2053 argumentis
2564 1998 2772 2055 tuetur,
2802 2006 2865 2044 ac
2895 1992 3137 2048 vindicat
3167 2012 3181 2060 ;
3214 1995 3378 2066 cujus
3422 1998 3508 2052 la-

1929 2080 2062 2135 bore
2091 2096 2189 2135 nos
2213 2098 2430 2151 quoque
2465 2082 2761 2152 plurimum
2796 2099 2926 2141 usos
2956 2085 3146 2154 fuisse,
3184 2088 3241 2142 in
3285 2090 3513 2161 signum

1926 2174 2280 2247 gratitudinis
2313 2176 2489 2245 palam
2522 2174 2775 2230 fatemur.

1996 2264 2224 2334 Anglice
2240 2264 2539 2322 Clementis
2570 2265 2804 2322 Romani
2828 2268 3074 2339 epistola:
3093 2272 3160 2327 ad
3182 2272 3511 2331 Corinthios.

1927 2372 2025 2428 per
2062 2356 2206 2413 Guil.
2254 2357 2603 2424 Burtonium,
2630 2375 2755 2415 cum
2805 2362 2955 2417 notis
2981 2364 3224 2433 copiosis
3259 2381 3321 2420 ac
3354 2365 3501 2423 Guil.

1925 2450 2086 2506 Cavei
2123 2450 2335 2521 judicio
2380 2451 2616 2508 Londini
2660 2454 2818 2519 1647,
2883 2464 3046 2525 atque
3104 2458 3300 2513 iterum
3352 2460 3501 2517 Guil.

1925 2540 2146 2597 Wakan
2178 2542 2498 2613 interprete,
2536 2560 2641 2599 una
2673 2561 2796 2600 cum
2823 2546 3107 2613 Barnabae,
3147 2550 3361 2622 lgnatii,
3396 2551 3503 2607 Po-

1922 2636 2131 2707 lycarpi
2182 2637 2432 2706 epistolis
2481 2645 2645 2708 atque
2685 2637 2898 2695 Hermae
2946 2639 3173 2696 Pastore
3214 2644 3399 2699 itidem
3445 2647 3506 2700 iu

1921 2744 2229 2783 sermonem
2248 2727 2537 2800 Anglicum
2565 2732 2847 2788 conversis
2876 2734 2978 2789 sub
2996 2735 3155 2790 titulo
3177 2756 3190 2793 :
3212 2754 3230 2787 ι
3246 2736 3503 2808 Epistolas:

1922 2824 2175 2893 genuina:
2214 2822 2439 2878 Patrum
2472 2825 2907 2894 apostolicorum
2953 2827 3007 2880 in
3039 2828 3326 2899 Anglicum
3373 2847 3498 2887 ser-

1920 2931 2135 2969 monem
2188 2917 2466 2971 translatae
2502 2916 2733 2972 Londini
2769 2917 2926 2986 1695,
2948 2940 2967 2972 ι
3005 2920 3181 2989 ἰιι-8⁰;
3215 2929 3269 2977 et
3300 2922 3507 2978 iterum

1919 3006 2120 3061 ibidem
2152 3007 2289 3062 1710
2319 3007 2663 3077 prodierunt.
2696 3008 2755 3062 In
2785 3008 3049 3063 Gallicam
3085 3012 3326 3084 linguam
3376 3028 3499 3067 am-

1917 3098 1998 3154 ba:
2045 3115 2076 3153 a
2132 3098 2321 3155 Gratio
2368 3099 2603 3155 Oratorii
2645 3101 3169 3169 sodale,conversze
3218 3105 3391 3170 fuere,
3443 3114 3500 3162 et

1916 3202 2115 3265 quarto
2140 3193 2473 3248 Gallicorum
2520 3193 2821 3249 Bibliorum
2855 3202 3026 3261 tonio,
3064 3213 3207 3253 anno
3240 3198 3378 3253 1717
3410 3199 3498 3253 in-

1917 3284 2012 3340 fol.
2046 3283 2275 3339 Parisiis
2305 3284 2547 3338 inserta).
2580 3282 2811 3338 Easdem
2846 3285 2900 3337 in
2936 3285 3138 3339 idioma
3194 3283 3501 3342 Germano-

1917 3394 2039 3432 rum
2069 3376 2356 3431 transtulit
2384 3374 2614 3430 Jo.0tto
2638 3372 3374 3447 Clusingllamburgi1725,
3408 3379 3499 3433 in-

1912 3472 1990 3536 8°,
2022 3485 2147 3525 cum
2174 3468 2425 3539 epistolis
2443 3478 2495 3522 et
2519 3468 2739 3538 scriptis
2772 3468 3014 3522 virorum
3034 3469 3491 3538 apostolicorum.

1910 3562 2201 3632 Antiquior
2230 3559 2408 3614 adhuc
2438 3559 2667 3617 habetur
2694 3559 2983 3614 conversio
3013 3558 3066 3612 in
3117 3557 3308 3615 Bibliis
3359 3558 3493 3616 Ger—

1914 3653 2147 3708 manicis
2176 3651 2476 3722 Hamburgi
2506 3651 2671 3706 editis
2700 3665 2845 3706 anno
2894 3650 3053 3705 1710.
3087 3649 3287 3705 Nostra
3333 3658 3503 3708 astate

1912 3757 2200 3816 utramque
2230 3745 2405 3800 edidit
2434 3744 2760 3800 Germanice
2792 3742 2983 3798 Simon
3015 3741 3283 3815 Grynzeus
3336 3744 3491 3800 Basi-

1913 3842 2008 3896 lea:
2050 3840 2187 3894 1782
2227 3839 2371 3894 iii-8°
2416 3855 2540 3893 cum
2601 3838 2723 3893 aliis
2781 3836 3005 3892 Patrum
3057 3838 3491 3909 apostolicorunt

1910 3932 2303 3997 monumentis,
2333 3931 2600 4001 appositis
2637 3930 2968 4001 quibusdam
2989 3930 3195 3985 notulis
3223 3930 3403 3985 dubia:
3428 3929 3493 3983 ll-

1910 4026 1996 4082 dei
2019 4044 2032 4080 :
2061 4024 2186 4079 inde
2217 4024 2443 4085 factum,
2465 4033 2522 4077 ut
2548 4022 2610 4078 P.
2630 4021 2821 4078 Vitalis
2848 4021 3014 4078 Moesi
3032 4023 3334 4079 monachus
3352 4021 3486 4077 0rd.

1914 4116 1972 4173 S.
1990 4115 2272 4171 Benedicti
2302 4112 2606 4186 Salisburgi
2625 4114 2690 4168 ad
2706 4113 2765 4169 S.
2781 4113 3030 4182 Petrum,
3051 4130 3160 4186 quo
3186 4115 3488 4171 faciliorem

1910 4222 2075 4283 atque
2106 4208 2440 4266 securiorem
2460 4207 2760 4265 Catholicis
2786 4210 2952 4264 etiam
2975 4208 3197 4264 Patrum
3217 4211 3448 4280 apostoli
3461 4241 3495 4257 ον

1909 4320 2100 4359 corum
2132 4302 2421 4357 lectionem
2465 4292 2739 4365 redderet,
2773 4301 3046 4367 eamdem,
3066 4302 3258 4374 paucis
3291 4312 3486 4360 contra

1912 4398 2071 4453 iidem
2099 4396 2421 4450 catholicam
2454 4395 2838 4461 militantibus,
2866 4395 3190 4460 immutatis,
3222 4397 3493 4469 Augustas

213 4486 553 4541 exhibuerit.
616 4484 1061 4554 Qualemcunque
1104 4494 1284 4540 tamen
1337 4486 1500 4554 hujus
1538 4487 1798 4544 editionis
1831 4501 1877 4556 ι)
1914 4486 2497 4551 Vindelicorumd'l'lzl
2530 4486 2710 4541 denuo
2744 4487 3150 4557 procudendam
3182 4490 3410 4546 curarit.

216 4576 508 4649 Freyanze,
544 4576 789 4647 alioquin
842 4576 978 4632 satis
1003 4577 1208 4641 nitidae,
1242 4577 1516 4632 delectum
1548 4580 1804 4649 supplere

214 4670 454 4725 annisus
476 4676 563 4722 est
585 4667 669 4721 vir
686 4667 935 4723 eruditus
968 4668 1240 4723 Antonius
1261 4669 1474 4726 Birrius
1503 4669 1558 4724 in
1584 4670 1803 4725 Publica

215 4761 507 4827 tpecimine
562 4756 751 4813 itidem
806 4758 1033 4814 Basilea:
1082 4776 1225 4815 anno
1256 4761 1395 4815 17-11-
1438 4763 1609 4828 edito,
1638 4772 1804 4835 atque

212 4850 560 4919 conjecturis
587 4849 733 4904 haud
764 4852 1101 4921 pcenitendis
1130 4853 1198 4907 ad
1248 4863 1457 4908 textum
1508 4854 1805 4912 Clementi-

216 4959 344 4996 uum
367 4942 635 4997 editionis
658 4941 1028 5000 Wottoniaua:
1059 4946 1289 5002 ulterius
1310 4946 1489 5002 adhuc
1515 4948 1803 5020 detergen-

213 5038 341 5090 dum
369 5035 596 5091 relerto.
634 5035 922 5093 Russelius
959 5038 1016 5092 in
1035 5038 1152 5094 suis
1196 5037 1418 5094 Patrum
1462 5042 1801 5110 apostolico-

213 5144 335 5182 rum
395 5130 661 5198 operibus
690 5130 944 5199 genuinis
973 5130 1211 5186 Londini
1256 5148 1402 5187 anno
1469 5134 1607 5187 1716
1642 5135 1799 5189 evul-

211 5221 379 5289 gatis,
418 5218 829 5275 Wottonianam
856 5222 1152 5278 editionem
1180 5240 1291 5295 pra:
1329 5225 1544 5281 caeteris
1573 5228 1678 5282 sibi
1720 5243 1801 5282 se-

213 5311 492 5380 quendam
520 5312 646 5381 jure
680 5314 929 5383 censuit;
977 5317 1067 5386 qui
1099 5324 1152 5371 et
1184 5317 1252 5372 ad
1293 5319 1506 5373 calcem
1539 5321 1810 5377 secundae

218 5402 396 5468 partis
429 5402 723 5458 voluminis
752 5404 915 5474 primi
963 5405 1223 5460 laudabili
1265 5407 1499 5462 consilio
1538 5408 1808 5479 pleraque

221 5495 466 5563 subjecit
518 5495 781 5551 adnotata
811 5513 878 5551 ex
909 5495 1027 5552 Joa.
1090 5497 1243 5552 Millii
1280 5500 1605 5571 apographe
1636 5517 1798 5556 accu-

217 5596 334 5639 rate
361 5588 427 5640 ad
461 5603 566 5642 uis.
618 5588 826 5645 codicis
870 5589 1099 5645 Alexan.
1129 5591 1288 5646 [idem
1333 5602 1537 5648 exacto.
1584 5593 1795 5649 descri—

220 5684 343 5744 pta;
378 5695 501 5747 quae
522 5680 742 5750 quidem
775 5682 1032 5736 adnotata
1060 5682 1351 5739 Wottonus
1410 5686 1788 5754 praetermisit,

221 5769 477 5835 quamvis
499 5779 553 5826 et
598 5771 713 5845 ipse
740 5773 1111 5843 apngraphum
1146 5773 1453 5830 Milliantutt
1500 5774 1610 5831 sibi
1638 5792 1788 5831 com-

1990 4581 2414 4654 Recognitiouum
2462 4579 2585 4635 libri
2617 4594 2647 4632 a
2675 4577 2873 4635 Ruﬁno
2902 4580 3093 4636 Latine
3138 4581 3337 4637 redditi
3388 4582 3488 4637 Ba-

1908 4679 2059 4735 sileze
2087 4690 2209 4729 cum
2242 4670 2846 4741 pseudo-decretalibus
2883 4688 3028 4727 anno
3055 4673 3211 4737 1526,
3255 4673 3479 4741 in-l‘ol.,

1907 4781 1960 4825 et
1982 4766 2141 4823 subin
2166 4764 2392 4818 Parisiis
2425 4762 2555 4816 15M
2588 4769 2642 4817 et
2671 4762 2829 4829 1568,
2856 4764 3099 4819 Colonia:
3130 4764 3288 4820 1569.
3334 4764 3482 4837 Lug-

1905 4859 2040 4917 duni
2071 4858 2126 4911 in
2164 4856 2284 4913 PP.
2314 4855 2639 4912 Bibliotheca
2673 4869 2827 4917 anno
2869 4855 3007 4911 1677
3061 4865 3188 4912 sunt
3219 4856 3477 4927 evulgati.

1905 4948 2249 5009 Coloniensis
2306 4946 2474 5003 editio
2526 4952 2724 5015 praeter
2792 4946 3218 5020 Recoglnitionum
3306 4950 3483 5006 libros

1903 5043 2247 5102 Clementina
2292 5055 2531 5111 quoque,
2557 5046 2612 5093 et
2638 5036 2696 5093 S.
2724 5037 2867 5092 Petri
2899 5047 3175 5109 gestorum
3205 5058 3486 5100 summam.

1904 5154 1936 5191 a
1959 5135 2210 5193 Perionio
2237 5147 2559 5190 conversam
2590 5146 2714 5185 eum
2760 5132 2905 5186 notis
2953 5130 3206 5188 Venradii
3236 5138 3477 5207 comple-

1903 5230 2091 5284 ctitur.

1971 5317 2191 5373 Primus
2218 5316 2507 5371 Turnebus
2536 5316 2781 5369 eamdem
2809 5314 2996 5371 Graece
3024 5325 3080 5371 et
3116 5316 3310 5374 Latine
3356 5321 3478 5377 edi-

1899 5409 1979 5464 dit
2004 5408 2232 5464 Parisiis
2262 5408 2582 5463 ann01551
2611 5405 2761 5461 ιιι-4⁸.
2803 5405 3126 5462 Clementina
3155 5419 3210 5463 et
3238 5408 3483 5478 Epitome

1899 5504 1991 5561 illa
2016 5510 2235 5556 exstant
2259 5502 2423 5556 etiam
2453 5503 2505 5555 in
2529 5500 2871 5556 Coteleriana
2897 5499 3239 5567 collectione;
3273 5501 3341 5558 de
3370 5518 3478 5573 qua

1898 5595 2153 5665 superius
2179 5594 2383 5649 mentio
2412 5609 2444 5647 a
2473 5593 2631 5663 nobis
2663 5591 2913 5647 instituta
2939 5600 3046 5655 est,
3069 5609 3192 5651 cum
3220 5597 3475 5665 supposi-

1897 5686 2034 5741 titiis
2070 5686 2246 5741 sancti
2276 5684 2574 5740 Clementis
2604 5683 2802 5742 litteris
2834 5682 2899 5737 ad
2928 5691 3180 5741 sanctum
3209 5685 3471 5743 Jacobqu

1895 5781 2211 5847 episcopum
2243 5777 2815 5846 llierosolymitanum.
