3916 6326
466 256 565 311 183

1574 260 1662 315 AD
1702 251 1774 316 Sf
1803 260 2234 320 CLEMENTEM
2273 264 2291 318 1
2333 265 2564 322 PAPAM

3605 273 3703 353 εει

550 474 3681 516 Ἢ

648 637 793 726 DE
900 638 1365 729 DUABUS

1470 639 2103 734 EPISTOLIS
2210 646 2894 736 CLEMENTIS
2996 646 3505 743 ROMANI.

1210 832 1443 895 (Hirtius,
1470 834 1676 884 Patrum
1708 835 2086 898 apostolicorum
2110 838 2292 900 Opera,
2317 839 2575 902 Tubingze,
2599 839 2739 899 18H,
2761 841 2934 901 in-8'.)

518 1136 557 1190 Ι.
588 1135 920 1190 Clementem
968 1135 1273 1193 Romanum
1317 1137 1567 1192 eumdem
1598 1153 1722 1194 esse
1773 1152 1897 1193 cum
1928 1154 2016 1201 eo.
2046 1145 2094 1200 Α
2119 1138 2275 1194 daica
2303 1155 2429 1197 esse
2463 1139 2693 1194 editum.
2740 1138 2844 1210 Ipsi
2893 1138 3128 1209 primum
3176 1140 3416 1194 accessit
3443 1138 3694 1196 Coutan-

444 1242 605 1297 quem
651 1226 707 1282 S.
741 1225 943 1282 Paulus
969 1228 1024 1282 in
1068 1226 1167 1298 Ep.
1192 1229 1261 1283 ad
1305 1226 1540 1298 Philipp.
1568 1244 1642 1293 Iv,
1682 1230 1737 1297 5,
1769 1228 2024 1285 laudibus

441 1321 595 1374 cli'ert
629 1320 734 1390 (l),
760 1318 870 1389 jam
913 1320 1173 1391 Origenes
1197 1320 1274 1392 (2)
1296 1363 1311 1387 ,
1340 1320 1605 1376 Eusebius
1647 1324 1754 1391 (5),
1787 1321 2025 1395 Epipha-

442 1414 566 1466 nius
585 1412 682 1481 (4),
705 1409 1074 1483 Hieronymus
1096 1412 1170 1483 (5)
1199 1420 1252 1468 et
1280 1413 1371 1465 alii
1396 1421 1637 1467 veterum
1663 1414 2018 1470 aﬂirmarunt.

440 1504 596 1569 Quod
622 1506 668 1559 si
702 1521 793 1559 res
815 1509 889 1561 ita
922 1520 981 1560 se
1008 1505 1188 1566 habet,
1215 1503 1374 1559 lacile
1409 1512 1655 1576 apparet,
1681 1505 2020 1561 Clementem

442 1594 500 1650 ὃ.
540 1594 722 1656 Pauli,
768 1595 1030 1665 Philippis
1076 1596 1132 1650 in
1176 1594 1494 1651 Macedonia
1543 1596 1785 1653 secundo
1826 1598 2020 1653 itinere

440 1688 741 1755 apostolico
782 1708 830 1745 a.
863 1688 1029 1744 55-55
1059 1690 1183 1759 (el'r.
1203 1691 1324 1747 Act.
1353 1690 1468 1757 xw)
1498 1688 1847 1761 Evangelium
1880 1704 2019 1759 pne-

440 1780 698 1845 dicantis,
738 1780 948 1835 socium
990 1798 1052 1837 ac
1097 1782 1472 1853 coadjutorcm
1518 1783 1721 1852 optime
1762 1782 2017 1836 meritum

437 1878 632 1933 fuisse.

506 1970 930 2040 Chrysostomus
1008 1969 1061 2023 in
1135 1969 1546 2025 Commentario
1595 1969 1660 2023 ad
1711 1968 1730 2020 ι
1772 1967 2010 2021 Timoth.

437 2061 770 2131 suspicatur,
794 2061 1152 2124 Clementem,
1189 2064 1391 2130 pariter
1419 2077 1485 2116 ac
1514 2061 1715 2115 Lucam
1741 2067 1795 2113 ct
1823 2058 2015 2112 Timo~

436 2152 641 2215 theum,
660 2161 976 2222 perpetuum
998 2152 1212 2206 itineris
1226 2152 1481 2206 comitem
1506 2150 1616 2205 divi
1646 2149 1798 2203 Pauli
1817 2149 2007 2204 fuisse.

506 2242 632 2297 Mihi
672 2252 852 2297 autem
904 2243 1157 2300 Clemens
1210 2228 1540 2297 civis'urbis
1589 2241 2012 2310 Philippensium

437 2334 607 2389 fuisse
660 2336 893 2400 videtur,
938 2335 1033 2405 qui
1090 2350 1121 2388 a
1169 2332 1371 2396 Paulo,
1420 2332 1687 2403 Philippis
1734 2340 2008 2395 morante,

435 2443 747 2489 conversus,
777 2428 895 2497 ipse
937 2442 1244 2498 praeconem
1283 2426 1559 2497 Evangelii
1593 2427 1649 2480 in
1679 2440 1845 2495 opere
1875 2439 2012 2494 apo-

2128 1233 2235 1288 tius
2266 1233 2321 1288 in
2360 1232 2719 1289 celeberrima
2750 1247 2850 1289 sua
2886 1230 3131 1286 editione
3192 1230 3551 1299 Epistolarum
3594 1231 3697 1285 Ro-

2120 1342 2394 1382 manorum
2420 1328 2726 1396 pontiﬁcum
2754 1368 2770 1395 ,
2796 1334 2837 1383 t.
2900 1322 2944 1388 ι,
2987 1340 3042 1394 p.
3081 1324 3178 1391 ii;
3214 1332 3405 1395 postea
3448 1341 3579 1380 vero
3624 1327 3696 1395 (Ι.

2122 1432 2173 1472 c.
2205 1433 2257 1487 p.
2282 1418 2372 1486 41)
2405 1418 2489 1471 vir
2516 1416 2873 1472 doctissimus
2904 1430 3059 1470 suam
3087 1416 3319 1471 mutavit
3343 1418 3695 1472 sententiam.

2121 1505 2451 1563 Tillemontii
2501 1506 2829 1562 sententiam
2898 1504 3185 1574 amplexus
3233 1511 3320 1559 est
3380 1502 3701 1558 Herum“:-

2122 1616 2301 1663 nema,
2327 1609 2385 1654 ut
2413 1598 2610 1655 exinde
2638 1607 3019 1669 argumentum
3053 1596 3351 1652 deduceret
3376 1607 3565 1653 contra
3579 1596 3699 1667 cpio

2120 1692 2312 1746 stolam
2340 1692 2718 1761 posteriorem,
2743 1689 2903 1759 cujus
2933 1689 3172 1759 scriptor
3191 1691 3402 1761 origine
3442 1691 3701 1759 gentilem

2120 1793 2307 1854 aperte
2336 1800 2394 1839 se
2424 1783 2622 1853 prodit.

2186 1875 2565 1931 Tillemontius
2596 1875 2801 1930 addere
2841 1882 3074 1944 poterat,
3103 1872 3439 1928 Clementem
3466 1889 3576 1927 non
3606 1890 3703 1929 so-

2119 1969 2226 2043 lum
2259 1984 2379 2039 cap.
2405 1969 2463 2033 4,
2495 1968 2590 2023 sed
2616 1975 2669 2021 et
2699 1982 2819 2037 cap.
2852 1967 2914 2021 3|
2950 1965 2999 2037 (ὁ
3027 1964 3210 2037 πατὴρ
3231 1965 3388 2036 ἡμῶν
3423 1965 3701 2037 Ἀϐραάμ.)

2116 2059 2483 2129 patriarcham
2514 2049 2824 2113 Judzeorum
2851 2068 3056 2126 patrem
3086 2066 3324 2111 nostrum
3349 2057 3653 2128 appellare.

2184 2150 2450 2207 Prteterea
2469 2150 2723 2207 Clemens
2758 2166 2811 2206 c.
2837 2150 2906 2204 55
2949 2148 3019 2204 de
3049 2164 3241 2203 amore
3280 2164 3411 2218 erga
3462 2148 3703 2221 patriam

2113 2244 2421 2314 disputans,
2458 2225 2724 2313 exemplis
2769 2241 3002 2311 gentium
3040 2240 3290 2311 prolatis,
3336 2239 3405 2294 ad
3443 2241 3703 2311 exempla

2111 2352 2300 2392 eorum
2334 2337 2599 2407 procedit,
2639 2350 2801 2405 quos,
2835 2342 2897 2387 ut
2941 2333 3100 2398 dicit,
3137 2334 3276 2387 inter
3303 2350 3396 2387 nos
3434 2333 3704 2404 cognovi-

2112 2446 2257 2485 mus.
2284 2430 2494 2497 Quibus
2526 2444 2650 2483 cum
2671 2427 2926 2497 judaicas
2966 2426 3251 2492 mulieres,
3284 2425 3472 2481 .Iudith
3504 2436 3560 2481 et
3592 2425 3701 2481 Es-

435 2519 629 2572 stolico
657 2495 862 2588 Optime
893 2495 1125 2590 adjuvit,
1156 2518 1327 2574 Paulo
1351 2495 1535 2573 autem
1575 2518 1831 2581 abeunte,
1861 2515 2007 2571 domi
2040 2495 2083 2549 Β
2112 2523 2253 2587 iber,
2284 2495 2561 2579 ascribere
2590 2495 2864 2586 videatur,
2896 2522 3014 2592 ipse
3052 2520 3108 2575 in
3138 2526 3295 2576 ortus
3323 2519 3531 2591 judaici
3600 2537 3703 2607 βυ-

436 2611 721 2673 remansit,
746 2610 889 2667 inter
920 2627 1051 2667 suos
1075 2611 1282 2667 Christi
1313 2624 1536 2666 causam
1570 2624 1758 2679 agens.

503 2701 758 2760 Pluribus
782 2704 1099 2774 conjectura
1125 2711 1313 2758 nostra
1343 2701 1565 2772 probari
1595 2708 1792 2770 potest.

503 2796 555 2863 a)
596 2793 733 2849 Cum
780 2793 984 2849 Paulus
1018 2793 1301 2864 Philippos
1348 2798 1686 2863 properaret,
1733 2790 2005 2845 neminem

605 2887 712 2940 nisi
765 2884 968 2950 Silam,
1016 2885 1365 2940 Timotheum
1406 2893 1460 2938 et
1499 2882 1705 2940 Lucam
1752 2883 2005 2938 comitem

606 2980 865 3035 habuisse
894 2980 1131 3034 videtur.
1161 2978 1277 3033 Cfr.
1311 2978 1432 3032 Act.
1458 2992 1569 3032 xvn.

504 3072 558 3141 b)
596 3072 799 3128 Nullibi
833 3089 990 3127 sacra
1041 3073 1324 3142 Scriptura
1378 3070 1677 3126 Clementis
1727 3068 2003 3133 meminit,

609 3165 916 3235 apostolum
945 3163 1173 3218 Paulum
1200 3165 1258 3218 in
1285 3162 1572 3219 itineribus
1596 3161 1931 3217 comitantis.

503 3254 555 3325 c)
598 3254 674 3309 Ex
728 3255 965 3327 Philipp.
1005 3272 1078 3319 tv,
1124 3257 1194 3317 5.
1246 3260 1397 3309 clare
1443 3263 1703 3326 apparet,
1761 3262 2005 3325 tempore

610 3350 796 3419 prima:
824 3349 977 3404 Pauli
1005 3350 1336 3421 captivitatis
1373 3348 1631 3405 Romana:
1670 3348 2004 3405 Clementem

611 3441 873 3513 Philippis
905 3442 1141 3513 degisse.

502 3536 558 3607 d)
596 3534 831 3605 Philipp.
859 3552 932 3599 iv,
956 3536 1010 3602 ὅ,
1041 3534 1338 3589 Clementis
1368 3549 1477 3589 non
1507 3533 1663 3590 aliter
1691 3531 1749 3587 lit
1778 3534 2000 3598 mentio,

608 3645 673 3683 ac
698 3645 911 3693 eorum,
940 3630 1033 3699 qui
1067 3630 1215 3684 cives
1246 3613 1624 3699 Philippenses
1654 3628 1863 3698 absque
1898 3628 2002 3683 du-

605 3722 693 3777 bio
716 3723 955 3777 fuerunt.

2110 2611 2407 2682 Spicionem
2430 2611 2679 2669 incurrit.

2182 2706 2290 2763 Sed
2331 2723 2442 2761 non
2471 2706 2628 2761 valde
2656 2705 2843 2776 gravia
2876 2705 2989 2759 hare
3031 2712 3162 2759 sunt
3200 2712 3546 2775 argumenta.
3582 2702 3702 2757 No-

2110 2811 2223 2857 tum
2251 2799 2397 2855 enim
2424 2807 2530 2862 est,
2552 2806 2607 2854 et
2632 2799 2769 2853 alios
2797 2797 3009 2859 Patres,
3035 2814 3174 2868 quos
3200 2814 3229 2852 e
3258 2798 3514 2869 gentibus
3536 2806 3700 2853 ortos

2106 2904 2231 2945 esse
2258 2904 2418 2943 nemo
2446 2889 2647 2947 nescit.
2683 2888 2864 2957 justas
2903 2886 3119 2942 Veteris
3162 2886 3499 2942 Testamenti
3551 2904 3693 2958 pcr-

2109 2996 2275 3035 sonas
2316 2980 2434 3036 suis
2483 2979 2763 3035 ascribere
2794 2978 3121 3049 majoribus.
3150 2977 3211 3033 Ε.
3253 2994 3305 3049 g.
3346 2976 3699 3048 Theophilus

2110 3074 2204 3127 lib.
2231 3086 2292 3125 III
2340 3070 2406 3125 ad
2434 3071 2643 3134 Autol.,
2684 3087 2740 3126 n.
2772 3069 2873 3134 24,
2924 3069 3118 3124 scribit
3153 3089 3166 3125 :
3214 3066 3467 3140 Ἀϐραὰμ
3511 3069 3540 3121 ὁ
3584 3086 3701 3121 πα-

2106 3162 2370 3236 τριάρχης
2425 3161 2603 3233 ἡμῶν,
2634 3177 2691 3215 n.
2721 3160 2836 3215 27:
2890 3159 3139 3232 Ἀϐραὰμ
3184 3158 3280 3213 τοῦ
3343 3159 3702 3231 προπάτορος

2107 3255 2286 3327 ἡμῶν,
2311 3266 2367 3309 et
2397 3270 2453 3308 n.
2484 3254 2554 3308 94
2590 3273 2603 3308 :
2635 3252 2797 3306 Aa6't6
2824 3254 2852 3305 ὁ
2881 3253 3145 3324 πρόγονος

2177 3346 2333 3413 Quod
2381 3353 2566 3401 autem
2597 3353 2897 3401 memorata
2930 3345 3128 3415 capitis
3172 3343 3242 3399 55
3274 3343 3524 3414 exempla
3556 3344 3695 3399 atti-

2106 3446 2221 3503 net,
2256 3437 2591 3492 monendum
2632 3444 2916 3507 praeterea,
2940 3434 3280 3490 Clementem
3316 3432 3555 3489 fortasse
3582 3435 3701 3505 pri-

2105 3543 2254 3582 mum
2286 3543 2317 3582 e
2359 3526 2633 3597 gentibus,
2672 3535 2785 3579 tum
2825 3541 2856 3579 e
2885 3524 3238 3587 Christianis,
3262 3522 3498 3595 denique
3533 3541 3564 3580 e
3590 3522 3699 3580 Ju-

2104 3620 2238 3674 daais
2266 3618 2515 3689 exempla
2544 3618 2755 3672 amoris
2786 3618 2975 3688 patriae
3008 3616 3326 3687 protulisse.

2173 3710 2529 3772 Clementem,
2560 3709 2933 3780 apostolorum
2963 3708 3317 3778 discipulum,
3346 3725 3377 3764 a
3404 3708 3697 3766 Clemente

501 3812 750 3874 Quando,
780 3812 870 3865 ubi
900 3819 954 3865 et
988 3824 1451 3903 quonam-genere
1480 3816 1639 3861 ortus
1679 3806 1839 3863 fuerit
1875 3807 2005 3903 Cle:
2026 3837 2075 3903 ο
2102 3802 2473 3903 Alexandrino
2506 3801 2746 3903 Apostoli
2786 3800 3005 3903 nomine
3062 3801 3386 3871 insignitum
3420 3801 3531 3874 (6),
3573 3801 3695 3858 Ro-

440 3908 597 3949 mens
632 3901 838 3960 noster,
862 3890 1157 3948 nescimus.
1205 3890 1365 3948 Liber
1394 3893 1715 3965 pontiﬁcalis
1734 3936 1750 3962 ,
1777 3889 2008 3963 catalogl
2031 3889 2075 3903 “’
2104 3909 2276 3947 manu:
2307 3891 2559 3946 Ecclesiae
2600 3891 2763 3960 fuisse
2791 3892 3109 3960 episcopum,
3139 3893 3428 3949 unanimes
3459 3894 3699 3949 tradunt

435 3985 812 4041 Romanorum
841 3987 1180 4056 pontiﬁcum,
1222 3986 1281 4041 S.
1332 3984 1636 4041 Eucherius
1677 3983 2008 4055 Lugdunen-

436 4080 516 4135 sis
555 4087 611 4134 et
652 4078 981 4134 Breviarium
1024 4080 1321 4136 Romanum
1361 4096 1428 4135 ex
1472 4077 1928 4149 Recognitionibus
1952 4085 2006 4131 et

434 4173 675 4227 homiliis
707 4172 1259 4241 pseudoclementinis
1280 4172 1583 4228 fabulosam
1606 4172 1752 4227 illam
1788 4184 2005 4240 recepe-

431 4271 559 4316 runt
587 4264 982 4329 narrationem,
1036 4279 1159 4332 quae
1187 4262 1456 4319 Clementi
1489 4280 1668 4335 genus
1696 4263 1882 4320 Romae
1910 4280 2000 4321 se-

428 4354 731 4420 natorium,
787 4363 1104 4427 patremque
1158 4354 1481 4411 Faustinum
1512 4373 1580 4413 ex
1614 4357 1785 4428 stirpe
1810 4356 1997 4414 Caesa-

425 4465 549 4505 rum
584 4448 853 4504 vindicat.
878 4446 1030 4502 Talia
1063 4448 1393 4505 refutatione
1422 4466 1531 4505 non
1561 4450 1828 4521 indigent.

498 4535 876 4593 Tillemontius
907 4536 1209 4609 (Mémoires
1239 4538 1304 4602 ll,
1335 4555 1387 4610 p.
1418 4541 1543 4606 M9)
1570 4557 1637 4597 ex
1668 4543 1842 4613 prima
1873 4542 1999 4600 Cle-

427 4634 627 4687 mentis
663 4634 926 4703 epistola,
971 4650 1093 4706 cap.
1123 4636 1161 4690 4
1202 4636 1409 4708 (πατὴρ
1432 4636 1591 4708 ἡμῶν
1633 4637 1849 4707 Ἰακώϐ)
1885 4639 2001 4693 col-

424 4724 583 4796 legit,
629 4726 804 4781 virum
848 4736 1097 4783 nostrum
1148 4730 1511 4799 apostolicum
1558 4746 1626 4787 ex
1672 4730 1845 4802 stirpe
1893 4730 1999 4786 Ju-

494 4902 569 4974 (l)
589 4905 718 4987 ,Κίρ
745 4906 935 4987 ἐρῳτῶ
962 4910 1056 4987 xui
1086 4910 1165 4987 at:
1199 4909 1405 4987 etiCuys
1429 4912 1999 4987 yvﬁcts_'__au).).a96d-

422 4990 513 5025 νου
540 4975 982 5057 ειύτᾳῖςε.ὰ¹ἵτινες
1009 4979 1068 5031 ὲν
1093 4979 1170 5057 τῷ
1191 4975 1491 5057 εραγςθελίοδ
1515 4975 1744 5057 ὰυνήθλη
1754 4975 1993 5057 σάν’μοι,

422 5044 692 5133 esca,
715 5034 1533 5133 Kkﬂp‘ewpsnxa‘ihnzw'iomdw
1869 5034 1993 5129 £03:

420 5114 591 5192 timid
608 5114 850 5192 ῥνόματᾶ
870 5119 929 5172 ἐν
953 5118 1125 5192 βξόλῳ
1144 5119 1307 5192 ζωῆς.

493 5186 569 5276 (εξ)
611 5173 855 5276 ιιιξρεηπιἶ
884 5173 1037 5276 1,39,
1071 5173 1306 5263 opb."'i;
1329 5191 1425 5259 tv,
1449 5209 1503 5263 ι).
1533 5194 1656 5259 155,
1685 5196 1773 5251 ed.
1841 5198 1947 5256 se.
2023 5199 2073 5259 υ
2170 5173 2246 5276 (ἧς

493 5255 571 5322 (3)
607 5254 678 5312 ΙῙ.
706 5255 769 5310 Ε.
796 5274 881 5321 nt,
909 5260 997 5315 15.

492 5324 570 5402 (gf)
612 5325 815 5402 lieres.
839 5330 933 5394 26,
964 5348 1019 5387 n.
1044 5333 1097 5388 6.

423 5465 432 5476 _
492 5396 568 5462 (5)
610 5399 1001 5477 Catutzseript.
1025 5402 1197 5477 (eth,
1266 5419 1317 5477 c.
1347 5405 1435 5477 15.
1468 5404 1813 5477 Opinionem,
1844 5408 1988 5466 hanc

422 5468 743 5549 impugnari}
761 5468 1241 5549 Gieseler,__Lehrl_i.
1264 5468 1769 5549 d._liirchéngesch.
1797 5476 1835 5543 l,
1860 5479 1991 5544 121,

417 5534 668 5620 Guerilije,
688 5535 903 5620 Ha_ndb_.
935 5534 1081 5620 d_.'K.
1106 5542 1171 5599 ϐ.
1199 5543 1241 5611 l,
1272 5545 1376 5600 167
1418 5555 1482 5620 et_
1501 5534 1617 5610 alii:
1646 5549 1713 5603 ad
1748 5534 1984 5615 quorum

420 5604 726 5686 augendam
745 5607 1143 5686 dubitationem
1178 5604 1433 5686 maguum
1458 5604 1799 5674 Jacobsonus
1828 5604 1985 5673 accc;

420 5672 550 5728 dere
583 5682 734 5741 putat
766 5682 983 5749 pondus
1014 5699 1080 5739 ex
1108 5700 1198 5750 eo,
1224 5672 1373 5757 quod
1418 5686 1687 5756 tremens,
1713 5672 1807 5761 quvi
1832 5672 1995 5747 omni

2103 3993 2348 4051 veteres;
2381 3984 2479 4040 sed
2510 3991 2712 4055 quotus
2742 3984 2937 4040 ordine
2963 3983 3269 4039 Romanam
3296 3984 3563 4041 insederit
3596 4003 3696 4042 ca-

2101 4079 2375 4141 thedram,
2402 4088 2560 4132 vetus
2589 4087 2642 4132 et
2669 4076 2849 4132 adhuc
2881 4076 2985 4133 sub
3010 4075 3199 4147 judice
3227 4077 3295 4132 lis
3325 4085 3430 4133 est.

2174 4173 2225 4227 1.
2265 4171 2598 4228 Clementem
2653 4171 3029 4227 immediatum
3093 4169 3243 4226 Petri
3299 4186 3690 4227 successorem

2104 4264 2295 4327 fuisse,
2332 4264 2575 4335 plerique
2598 4252 2919 4319 Latinorum
2949 4262 3150 4334 priscis
3170 4264 3285 4335 jam
3315 4265 3687 4335 temporibus,

2099 4368 2237 4414 teste
2268 4356 2599 4429 Hieronymo
2624 4357 2724 4429 (7),
2749 4357 3107 4413 amrmarunt.

2175 4449 2309 4503 Eum
2339 4467 2369 4503 a
2393 4448 2556 4505 Petro
2580 4451 2699 4521 ipso
2730 4449 2903 4506 fuisse
2931 4450 3269 4516 ordinatum,
3296 4449 3683 4508 Tertullianus

2098 4541 2249 4596 addit
2278 4541 2377 4610 (8).
2428 4540 2794 4614 Hieronymus
2844 4544 2979 4613 ipse,
3025 4544 3278 4614 quamvis
3324 4544 3379 4597 in
3415 4541 3687 4615 Catalogo

2097 4632 2430 4689 Clementem
2462 4631 2598 4688 Lino
2646 4642 2701 4690 et
2733 4632 2997 4689 Anacleto
3038 4636 3440 4705 postposuerit,
3485 4645 3684 4704 postea

2098 4726 2424 4781 sententiam
2454 4734 2722 4792 mutasse,
2764 4727 3089 4799 ueterisque
3116 4725 3328 4783 Latinis
3368 4728 3685 4787 accessisse

2097 4923 2256 4980 laude
2286 4923 2618 4981 Clementem
2648 4935 2896 4981 nostrum
2927 4928 3192 4991 cumulat,
3215 4930 3283 4985 de
3306 4931 3396 4983 tali
3422 4946 3485 4984 ac
3513 4939 3679 4987 tanto

2098 4997 2415 5072 testimonio
2449 4995 2706 5067 (Philipp.
2736 5014 2806 5065 iv,
2838 4998 2893 5069 5)
2934 5015 3001 5054 ne
3032 5001 3259 5055 verbum
3304 5000 3525 5072 quidem
3575 5002 3677 5057 ha-

2096 5065 2238 5120 beat.

2170 5138 2249 5206 (6)
2283 5135 2486 5207 Strom.
2513 5152 2587 5193 iv.
2619 5138 2706 5203 l7,
2743 5153 2795 5207 p.
2820 5139 2947 5203 609,
2971 5139 3058 5195 ed.
3093 5139 3234 5197 Pott.

2300 5205 2476 5262 Catal.
2514 5208 2667 5285 script.
2706 5205 2863 5269 eos!”
2890 5226 2940 5264 c.
2968 5211 3070 5265 15:
3104 5210 3412 5285 Clemens...
3443 5227 3673 5285 quartus

2090 5287 2209 5350 post
2254 5276 2470 5350 Petrum
2522 5278 2698 5331 Iloma:
2745 5294 3047 5349 episcopus;
3091 5282 3349 5350 siquidem
3401 5276 3669 5341 secundus

2089 5346 2255 5401 Linus
2277 5347 2599 5424 fuit,t_ertius
2622 5346 2927 5424 Anqcletus,
2956 5346 3166 5406 tametsi
3182 5353 3415 5424 plerique
3445 5354 3663 5410 Latino-

2089 5434 2219 5496 rnum
2240 5418 2525 5472 secundum
2552 5430 2668 5487 post
2701 5419 2917 5475 Petrum
2945 5418 3243 5490 apostolum
3280 5418 3462 5494 putent
3500 5427 3671 5496 fuisse

2088 5486 2425 5543 Clementem.

2159 5558 2350 5636 (8).!){1
2365 5559 2676 5636 prwscript.
2719 5561 2871 5628 Iura,
2903 5579 2953 5619 c.
2984 5563 3054 5636 32
3082 5583 3093 5618 :
3133 5564 3491 5622 Romanorum
3524 5568 3657 5636 (Ec-

2090 5629 2279 5701 clesia)
2310 5626 2627 5685 Clementem
2658 5652 2688 5685 «ι
2724 5626 2885 5688 I'ctro
2916 5634 3222 5691 orlinatum
3248 5638 3375 5693 edit.
