3916 6326
252 300 346 357 185
752 298 755 301 ’
1486 290 1798 348 eumn

1931 287 2252 349 iRlORUH.
3377 293 3477 352 ιω

248 409 465 465 videtur.
499 404 753 459 scribens
780 422 794 458 :
835 400 905 455 Et
933 400 1194 464 Clemens,
1223 403 1304 456 vir
1340 401 1683 471 apostolicus,
1712 400 1805 471 qui
1829 404 1881 464 Α
2081 401 2558 473 comprehenderis,
2585 420 2690 457 non
2718 402 2820 458 sibi
2848 418 3075 458 consono
3100 402 3483 472 respondebunt

243 508 350 571 post
391 496 609 551 Petrum
642 494 936 549 Romanam
984 491 1279 548 Ecclesium
1313 493 1473 559 rexit,
1518 492 1705 549 scribit
1734 490 1805 547 ad
2086 493 2215 547 anni
2267 494 2582 563 pontiﬁcum
2632 491 2991 548 Romanorum
3046 492 3201 547 annis
3253 492 3489 564 inspersu

243 590 531 649 Corinthios
558 589 658 659 (9).
2085 592 2278 640 torum.

304 684 355 738 9..
396 682 731 738 Clementem
760 687 1013 734 nostrum
1045 673 1182 733 Lino
1206 675 1426 733 demum
1470 676 1809 733 successisse
1978 674 2036 747 γ)
2079 673 2222 729 Beda
2274 674 2631 739 venerabilis,
2682 672 2969 740 Rabanus,
3019 673 3229 747 Haymo
3276 684 3332 733 et
3366 676 3484 735 alit.

244 782 462 830 censent
492 770 834 843 Augustinus
868 767 1007 842 (10),
1026 766 1261 838 Optatus
1294 767 1639 824 Milevitanus
1667 766 1804 836 (Η),
2085 767 2201 823 Cir.
2226 766 2463 822 Coteler.
2498 765 2587 823 ed.
2664 764 2780 821 PP.
2810 777 3005 836 apost.,
3032 775 3077 824 t.
3108 769 3128 823 l
3158 808 3175 835 ,
3208 785 3264 841 p.
3294 768 3402 825 492
3427 778 3484 828 et

245 868 653 925 Constitutiones
679 861 1038 934 apostolorum
1063 860 1178 930 (12)
1202 868 1256 915 et
1284 856 1577 929 Catalogus
1602 856 1805 915 Roma-
2084 872 2138 927 p.
2174 856 2301 913 587.

244 976 432 1017 uorum
464 959 810 1030 pontilicum,
838 972 870 1013 a
897 952 1241 1010 Bollandistis
1271 951 1323 1006 in
1348 950 1626 1025 Propylteo
1647 967 1802 1009 men-
1976 949 2322 1020 Conjectura:
2359 948 2487 1003 huic
2532 948 2803 1006 Eusebius
2843 952 3057 1015 obstat,
3096 952 3324 1019 docens,
3357 955 3486 1012 Cle-

243 1056 315 1111 sis
346 1051 479 1106 Maii
514 1051 820 1121 evulgatus.
1908 1044 2144 1094 mentem
2176 1052 2322 1092 anno
2343 1037 2561 1095 demum
2592 1038 2662 1093 92
2691 1039 2874 1095 sedem
2902 1041 3269 1114 episc0palem
3296 1060 3488 1101 ascen-

305 1144 357 1204 3.
401 1142 649 1211 Denique
679 1156 788 1196 non
814 1138 1011 1194 Linum
1044 1136 1245 1199 solum,
1274 1135 1367 1190 sed
1396 1141 1450 1187 et
1469 1131 1679 1189 Cletum
1702 1148 1801 1190 seu
1906 1131 2077 1195 disse,
2109 1130 2180 1185 2‘
2213 1130 2378 1188 annis
2410 1147 2439 1185 a
2470 1138 2647 1187 morte
2676 1130 2734 1187 S.
2758 1130 2904 1187 Petri
2938 1137 3325 1207 praeterlapsis,
3353 1154 3489 1210 quo-

243 1236 559 1291 Anacletum
577 1242 703 1288 ante
718 1233 1049 1289 Clementem
1066 1236 1313 1283 nostrum
1335 1224 1591 1279 Romana:
1619 1224 1801 1283 Eccle-
1906 1238 2029 1277 rum
2060 1222 2128 1277 12
2154 1221 2313 1288 LinO.
2350 1229 2406 1278 et
2454 1222 2659 1293 pariter
2688 1224 2756 1278 1‘2
2781 1224 3081 1285 Anencleto
3109 1230 3482 1301 assignantur.

244 1319 329 1371 sta:
372 1316 744 1387 gubernacula
782 1317 1046 1381 tenuisse,
1100 1314 1337 1373 irenaeus
1369 1313 1481 1386 (l3)
1512 1313 1811 1371 contendit:
1908 1315 2015 1372 Sed
2051 1316 2142 1371 vix
2168 1315 2410 1379 credam,
2443 1314 2739 1372 Eusebium
2774 1318 2850 1383 id,
2881 1319 3227 1377 documentis
3264 1322 3483 1389 fultum,

235 1408 665 1478 θεμελιώσαντες
701 1407 795 1464 οὖν
835 1414 929 1465 καὶ
960 1411 1408 1485 οἰκοδομήσαντες
1448 1411 1500 1463 οἱ
1548 1409 1781 1482 μακάριο

1937 1408 2221 1479 cripsisse.
2262 1408 2520 1466 Fortasse
2554 1426 2651 1481 per
2682 1413 3035 1471 traditionem
3080 1415 3184 1485 ipsi
3228 1417 3483 1471 innotue-

245 1502 550 1555 Ἀπόστολοι
580 1502 1025 1575 τὴνἙκκλησίαν,
1054 1504 1201 1576 Λίνῳ
1228 1503 1329 1575 τὴν
1371 1501 1470 1572 τῆς
1501 1502 1791 1572 ἐπισκοπῆς

1940 1508 2013 1559 at.
2049 1499 2243 1555 Linum
2272 1504 2713 1561 etAnencletum
2753 1505 2820 1559 12
2863 1521 3037 1563 annos
3068 1506 3369 1562 Romanam
3398 1523 3486 1564 re-

234 1591 566 1665 λειτουργίαν
584 1594 937 1665 ἐνεχείρισαν.
970 1594 1171 1649 Τούτου
1199 1592 1294 1647 τοῦ
1318 1593 1479 1647 Λίνου
1509 1591 1722 1656 Παῦλος
1747 1592 1780 1644 ὲι

1946 1593 2053 1648 isse
2100 1591 2423 1651 Eeclesiam.
2491 1594 2627 1650 Cum
2671 1604 2849 1651 autem
2884 1598 3062 1668 ipsum
3102 1599 3315 1663 lateret,
3361 1600 3486 1656 illos

231 1689 339 1749 ταῖς
368 1686 512 1757 πρὸς
533 1685 796 1757 Τιμόθεον
808 1686 1146 1750 Ἐπιστολαῖς
1179 1685 1452 1758 μέμνηται
1472 1701 1485 1715 ο
1505 1684 1777 1756 διαδέχετα

1942 1683 2255 1752 onjunctos,
2292 1701 2399 1738 una
2428 1701 2547 1738 cum
2577 1687 2775 1741 vivente
2801 1688 2972 1743 adhuc
3004 1689 3185 1755 Petro,
3215 1692 3487 1762 guberna-

232 1778 279 1832 δὲ
305 1745 471 1831 aiath
491 1745 506 1750 -
526 1745 878 1851 Ἀνέγκλητος
895 1796 908 1807 ⁸
950 1778 1089 1850 μετὰ
1126 1745 1321 1831 τοῦτον
1348 1745 1416 1830 ’δὲ
1460 1776 1630 1849 τρίτῳ
1653 1745 1778 1829 τόπι

1944 1745 2029 1828 ula
2063 1745 2336 1843 tenuis—se;
2386 1776 2502 1832 ﬁeri
2543 1785 2781 1849 poterat,
2814 1789 2903 1844 ut,
2936 1745 3257 1853 Catalogutii
3295 1781 3485 1840 Irenzi

232 1873 327 1925 ἀπὸ
350 1872 467 1925 τῶν
508 1871 845 1925 Ἀποστόλων
872 1872 970 1944 τὴν
998 1872 1304 1943 ἐπισκοπὴν
1337 1868 1634 1941 κληροῦται
1662 1869 1777 1941 Κλή

1940 1869 2231 1938 espiciens,
2275 1885 2490 1925 summa
2523 1870 2721 1926 ﬁducia
2754 1887 2909 1927 suam
2953 1873 3112 1930 nobis
3154 1882 3486 1946 proponeret

232 1984 349 2037 μης,
378 1968 412 2019 ὁ
442 1966 539 2019 καὶ
560 1954 821 2037 ἑωρακὼς
837 1964 964 2028 τοὺς
985 1964 1289 2036 μακαρίους
1320 1961 1693 2025 Ἀποστόλους,
1714 1979 1778 2015 κα

843 1964 964 2028 τοὺς
985 1964 1289 2036 μακαρίους
1320 1961 1693 2025 Ἀποστόλους,
1714 1963 1809 2016 καὶ
1908 1958 2389 2027 computationem.

231 2056 617 2128 συμὸεϐληκὼς
659 2057 863 2120 αὐτοῖς,
916 2057 1011 2109 καὶ
1054 2055 1135 2109 ἔτι
1179 2055 1397 2107 ἔναυλον
1437 2053 1499 2106 τὸ
1546 2054 1777 2125 κήρυγψ

1978 2052 2033 2107 5.
2074 2051 2184 2108 Nec
2225 2051 2296 2107 de
2327 2051 2619 2123 Epiphanii
2666 2054 2984 2124 conjectura
3037 2063 3341 2121 taceamus,
3387 2055 3485 2129 qui

230 2151 330 2203 τῶν
368 2148 733 2214 Ἀποστόλων,
772 2149 866 2202 καὶ
906 2148 1007 2218 τὴν
1045 2147 1340 2218 παράδοσιν
1370 2145 1477 2218 πρὸ
1513 2145 1776 2216 ὀφθαλμῶ

1962 2140 2158 2204 Clem.,
2188 2155 2239 2197 c.
2274 2141 2342 2197 54
2362 2181 2379 2207 ,
2412 2143 2554 2199 male
2597 2144 3010 2215 interpretatus,
3052 2146 3418 2215 Clementem,
3447 2162 3484 2205 ι

233 2242 359 2312 ἔχων
384 2262 441 2296 κ,
470 2260 523 2296 τ,
563 2241 615 2297 λ,
1908 2231 2071 2288 Petro
2098 2233 2434 2300 ordinatum,
2470 2236 2622 2307 pacis
2649 2252 2815 2293 causa
2860 2238 3097 2294 cessisse
3145 2237 3281 2293 Lino
3321 2248 3488 2294 autu-

300 2332 436 2388 Cum
461 2329 670 2385 Irenaeo
699 2324 1094 2384 statEusebius
1115 2323 1213 2395 (H.
1237 2323 1303 2379 Ε.
1324 2340 1409 2391 nt,
1441 2324 1529 2389 13,
1566 2324 1655 2387 15,
1683 2326 1800 2395 34),
1908 2332 2050 2391 mat;
2098 2324 2233 2381 Lino
2266 2335 2448 2382 autem
2491 2329 2831 2386 successisse
2878 2330 3091 2384 Cletum
3113 2372 3128 2397 ,
3170 2331 3327 2386 Cleto
3360 2331 3489 2388 Cle-

231 2423 451 2485 docens,
475 2421 672 2476 Linum
692 2420 761 2475 ab
792 2432 936 2473 anno
963 2417 1033 2473 68
1072 2431 1248 2487 usque
1271 2416 1339 2472 ad
1373 2432 1467 2471 an.
1492 2415 1582 2483 80,
1617 2417 1800 2472 Anen-
1907 2427 2143 2471 mentem
2177 2425 2459 2488 resumpto
2490 2421 2839 2488 pontiﬁcatu,
2868 2422 3171 2478 arbitratur
3196 2423 3333 2496 (16).
3370 2423 3487 2481 Noe

230 2517 423 2571 delum
452 2512 646 2579 80-92,
669 2510 1003 2567 Clementem
1036 2508 1231 2564 92-101
1278 2524 1333 2578 p.
1387 2506 1490 2563 Cb.
1528 2524 1583 2562 n.
1612 2507 1797 2565 sedem
1906 2506 2048 2561 hanc
2075 2508 2432 2578 quaestionem
2477 2511 2676 2565 iterum
2722 2512 3078 2584 attingemus,
3105 2515 3174 2570 de
3215 2524 3484 2587 tempore,

230 2607 531 2663 Romanam
561 2604 823 2660 tenuisse.
1904 2614 2017 2668 quo
2063 2596 2083 2652 l
2129 2598 2428 2659 Clementis
2486 2602 2720 2673 epistola
2777 2606 2981 2675 scripta
3032 2606 3236 2673 fuerit,
3289 2607 3488 2681 dispu-

294 2698 558 2754 Eamdem
613 2690 934 2751 sententiam
1009 2690 1375 2763 Hieronymus
1424 2691 1479 2746 in
1536 2689 1797 2761 Catalogo
1904 2695 2107 2745 tantes.

222 2793 545 2861 scriptorum
572 2787 1046 2844 ecclesiasticarum
1076 2801 1125 2842 c.
1152 2785 1219 2839 15
1246 2784 1516 2851 tuebatur,
1540 2792 1598 2838 ut
1627 2798 1795 2855 supra
1974 2776 2094 2832 lam
2131 2778 2202 2835 de
2228 2792 2400 2835 morte
2432 2781 2733 2841 Clementis
2761 2784 2928 2840 verba
2982 2785 3266 2845 iaciamus.
3311 2788 3487 2847 Euse-

224 2886 450 2941 ﬁdimus
487 2884 627 2951 (η).
1904 2866 2029 2923 bius
2074 2870 2376 2933 contendit,
2420 2870 2756 2929 Clementem
2805 2892 2984 2930 novem
3030 2894 3207 2935 annos
3253 2894 3487 2940 munera

282 2967 335 3020 4.
376 2965 583 3021 Varias
624 2965 725 3020 bas
769 2964 1074 3021 sententias
1124 2965 1199 3020 ita
1244 2968 1651 3038 componebant
1697 2969 1803 3026 viri
1904 2960 2203 3033 episcopali
2229 2962 2499 3027 Γυῐιειυιην
2527 2966 2692 3020 ιεηίο
2713 2965 2939 3037 Traiani
2964 2984 3112 3024 anno
3134 2969 3252 3042 (101
3278 2987 3329 3042 p.
3353 2969 3485 3044 Cb)

222 3061 357 3114 docti
403 3070 463 3115 et
509 3060 821 3131 priscorum
850 3067 908 3115 et
948 3062 1315 3117 recentiorum
1368 3070 1703 3134 temporum.
1740 3074 1801 3120 ut
1830 3095 1873 3152 ρ
1906 3059 2139 3152 ¹¹¹οιίιξ¹ι¹
2170 3054 2394 3110 θωίδεθ-
2426 3055 2510 3110 Ad
2540 3071 2603 3111 ⁸³
2637 3066 2843 3124 autem:
2874 3076 2997 3128 qua?
3024 3077 3190 3132 ευρηι
3218 3062 3484 3131 άίιίωιιιο

221 3153 595 3221 corijicerent,
648 3152 841 3211 Linum
895 3160 950 3208 et
998 3155 1207 3212 Cletum
1262 3155 1573 3212 viventibus
1624 3158 1767 3213 adhu

1939 3154 1965 3200 :t
1995 3145 2137 3202 infra
2162 3148 2428 3216 dicemus,
2467 3151 2835 3218 attendentes,
2864 3168 3046 3209 novem
3073 3156 3292 3226 quidem
3340 3158 3485 3228 regi-

222 3246 482 3315 apostolis
512 3243 685 3299 Paulo
705 3252 759 3301 et
781 3244 941 3301 Petro
963 3245 1336 3301 Romanorum
1367 3246 1609 3303 ﬁdelium
1636 3249 1808 3305 fuisse
1909 3240 2074 3296 minis
2112 3257 2290 3299 annos
2332 3244 2602 3299 Clementi
2648 3245 2942 3302 tribuimus
2991 3248 3080 3317 (a.
3121 3248 3313 3323 68-77)
3357 3265 3485 3307 cum

221 3336 496 3391 antistites
516 3331 877 3401 ;Clementem
895 3341 1098 3400 autem,
1118 3334 1230 3391 illis
1257 3334 1489 3393 tortasse
1510 3339 1807 3409 defunctis,
1906 3335 2106 3402 Cavea,
2143 3335 2441 3401 Dodwello,
2470 3335 2689 3394 Fleurio
2719 3346 2775 3394 et
2816 3338 2970 3407 aliis;
2998 3354 3122 3394 eum
3153 3349 3336 3397 autem
3368 3342 3486 3413 jam

220 3440 307 3480 seu
341 3426 451 3480 sub
482 3423 705 3480 Nerone
734 3425 997 3497 martyrio
1036 3428 1315 3483 coronatis
1368 3428 1507 3498 (15),
1559 3446 1589 3485 a
1620 3430 1805 3494 Petro.
1908 3427 2013 3482 sub
2042 3425 2384 3498 Vespasiano
2410 3428 2730 3484 defunctum
2761 3445 2886 3486 esse
2915 3439 3190 3501 putamus.
3217 3431 3322 3497 Qui
3350 3447 3491 3489 vero

219 3518 278 3571 ad
309 3525 551 3573 mortem
596 3525 942 3587 properante,
982 3516 1245 3576 Romana:
1278 3519 1537 3580 Ecclesia:
1590 3520 1808 3592 episco—
1906 3516 2142 3574 Eusebio
2177 3518 2336 3574 ﬁdem
2368 3520 2573 3576 habere
2610 3522 2763 3585 velit,
2796 3537 2923 3576 cum
2960 3523 3082 3593 ipso
3108 3524 3298 3578 credat
3324 3539 3491 3596 opor-

219 3623 339 3677 pum
366 3626 504 3667 esse
535 3610 870 3667 ordinatum.
1906 3615 2005 3674 tet,
2054 3609 2204 3665 brevi
2237 3618 2504 3681 tempore,
2550 3630 2603 3668 a.
2638 3612 2897 3677 101-153,
2928 3628 3044 3668 non
3091 3614 3275 3670 minus
3317 3628 3487 3685 quam

283 3702 436 3758 Hanc
468 3703 802 3759 sententiam
839 3702 965 3758 tuiti
998 3714 1130 3761 sunt
1905 3707 2114 3772 septem
2142 3717 2240 3757 seu
2266 3709 2394 3757 octo
2424 3704 2707 3773 pontiﬁces
2734 3703 2920 3759 sedem
2956 3702 3258 3760 Romanam
3288 3720 3491 3762 ascen-

279 3798 334 3863 α)
378 3794 621 3850 Ruﬁnus
670 3793 860 3865 (Praei.
911 3797 968 3850 in
1013 3793 1075 3851 S.
1111 3795 1413 3855 Clementis
1453 3796 1753 3871 Recognit.)
1786 3818 1804 3859 :
1905 3793 2075 3862 disse.
2096 3794 2347 3865 quamvis
2370 3810 2478 3849 una
2504 3802 2717 3851 tantum
2752 3795 3062 3867 persecqu
3085 3796 3190 3851 hoc
3219 3796 3491 3868 temporis

386 3885 567 3955 Cujus
598 3887 674 3939 rei
712 3886 847 3940 hanc
878 3888 1174 3957 accepimus
1202 3905 1317 3945 esse
1347 3890 1632 3957 rationem,
1662 3893 1805 3963 quod
1904 3886 2143 3958 spatium
2173 3889 2571 3957 perturbasset.

384 3979 561 4032 Linus
599 3986 649 4032 et
681 3977 862 4032 Clelus
898 3978 1112 4047 fuerunt
1153 3979 1365 4051 quidem
1408 3992 1531 4037 ante
1559 3981 1805 4039 Clemen-
1978 3976 2247 4034 Eusebius
2267 3990 2322 4035 et
2358 3979 2726 4053 Hieronymus
2758 3980 2884 4052 (1.1.
2907 3996 2960 4036 c.
2985 3981 3064 4051 c.)
3096 3987 3328 4036 mortem
3356 3979 3493 4037 Cie-

386 4084 497 4125 tem
522 4072 748 4139 episcopi
772 4072 829 4125 in
853 4071 979 4125 urbe
993 4071 1181 4137 Roma,
1207 4073 1298 4128 sed
1319 4076 1599 4143 superstite
1619 4075 1803 4143 Petro,
1904 4071 2104 4127 mentis
2132 4073 2283 4128 nulla
2322 4073 2392 4129 de
2422 4074 2688 4145 martyrio
2730 4076 3007 4131 mentione
3044 4074 3293 4129 instituta
3329 4089 3491 4129 com-

382 4164 650 4227 ridelicet,
682 4172 741 4217 ut
778 4163 861 4218 illi
906 4166 1242 4235 episcopatus
1296 4183 1483 4221 curam
1528 4178 1802 4238 gererent,
1902 4177 1928 4217 Il

1941 4169 2233 4219 nemorant.
2262 4162 2501 4220 Irenazus
2544 4180 2766 4235 quoque
2795 4164 2908 4235 (lli,
2939 4166 3018 4236 3),
3066 4165 3355 4237 pontiﬁces
3386 4179 3487 4221 us-

384 4258 501 4323 ipse
542 4272 665 4310 vero
712 4257 1041 4324 apostolatus
1087 4258 1325 4327 impleret
1371 4260 1614 4329 ofﬁcium.
1652 4260 1805 4318 Sicut
1901 4267 2011 4323 que
2039 4252 2107 4308 ad
2142 4252 2515 4309 Eleutherium
2550 4269 2867 4319 recensens,
2910 4270 3101 4310 eorum
3147 4268 3487 4325 quemquam

388 4348 664 4401 invenitur
711 4349 876 4402 etiam
913 4348 1054 4419 apud
1095 4348 1398 4406 amurcam
1448 4351 1663 4422 [θείαις
1709 4353 1803 4409 ιιρε
1901 4346 2226 4416 martyrium
2250 4361 2473 4416 passum
2501 4354 2696 4417 praeter
2718 4345 3113 4416 Telesphorum
3144 4344 3290 4400 haud
3316 4345 3482 4416 signi-

385 4457 515 4493 cum
542 4441 652 4508 ipse
708 4451 841 4498 esset
873 4459 1128 4511 priesens,
1160 4442 1444 4499 Zaclueum
1475 4455 1651 4501 tamen
1677 4464 1712 4501 a
1747 4465 1804 4503 se
1833 4451 1879 4508 1)
1908 4438 2054 4495 ﬁcat.
2098 4439 2144 4493 A
2192 4438 2393 4494 Ruﬁno
2435 4455 2567 4494 vero
2608 4450 2664 4495 et
2717 4438 2939 4497 Zosimo
2985 4438 3244 4495 Clemens
3290 4445 3490 4493 noster

381 4533 707 4587 ordinatum
757 4533 982 4588 habebat
1027 4537 1349 4606 episcopum.
1400 4535 1469 4590 Et
1497 4537 1594 4593 hoc
1642 4538 1797 4593 modo
1900 4541 2107 4603 martyr
2133 4532 2438 4603 appellatur
2470 4532 2604 4602 (17).

386 4638 679 4696 utrumque
710 4642 885 4681 verum
915 4626 1177 4682 videbitur
1198 4641 1217 4676 :
1251 4636 1309 4681 ut
1335 4638 1386 4683 et
1416 4629 1500 4683 illi
1527 4639 1650 4685 ante
1685 4629 1804 4688 Cie.
1971 4621 2048 4677 Ex
2079 4622 2234 4678 Actis
2262 4623 2531 4696 martyrii,
2559 4622 2681 4679 sine
2702 4622 2872 4678 dubio
2903 4621 3294 4692 supposititiis,
3318 4620 3485 4676 Lum-

382 4730 617 4773 mentem
647 4729 988 4774 numerentur
1032 4720 1291 4791 episcopi,
1337 4729 1388 4775 et
1418 4721 1658 4777 Clemens
1710 4734 1798 4778 ta-
1898 4731 2065 4786 perus
2116 4716 2399 4771 historiam
2446 4716 2693 4788 martyrii
2726 4714 2785 4770 S.
2828 4714 3127 4770 Clementis
3175 4716 3262 4770 his
3292 4713 3486 4790 verbis

385 4830 510 4866 men
529 4811 866 4879 postobitum
882 4811 1027 4866 Petri
1047 4811 1268 4866 docendi
1284 4816 1571 4882 susceperit
1600 4814 1794 4871 sedem.
1898 4807 2103 4863 refert:
2133 4826 2153 4860 ι
2182 4807 2539 4873 Clementem,
2569 4825 2598 4863 a
2632 4806 2978 4869 Mamertino,
3012 4806 3165 4862 urbis
3191 4805 3473 4878 praal’ecto,

281 4906 332 4975 β)
372 4903 696 4957 Chronicou
725 4901 942 4958 Damasi
970 4922 985 4958 :
1020 4901 1145 4957 Nisi
1177 4914 1412 4972 tempora
1455 4906 1799 4976 pontiﬁcatus
1899 4898 2024 4954 ﬁdei
2054 4915 2221 4955 causa
2252 4908 2603 4963 accusatum,
2657 4899 2930 4972 Trajanus
2961 4901 3016 4955 in
3065 4897 3482 4956 Chersonesum

391 4993 521 5046 Lini
547 5002 703 5064 atque
726 4991 864 5049 Cleti
892 4992 988 5048 sub
1011 4994 1183 5065 spatio
1206 4995 1525 5065 prcsulatus
1560 4995 1621 5050 Β.
1649 4995 1798 5051 Petri
1899 4989 2041 5046 ultra
2087 4988 2320 5045 Pontum
2365 4989 2638 5045 Euxinum
2682 4991 2964 5063 relegavit.
3000 4989 3213 5047 Invenit
3239 5004 3371 5045 vero
3397 4987 3481 5071 ibi

281 5150 363 5278 $9)
402 5148 627 5232 ln‘lsai.
678 5165 849 5206 c.t.n.
1534 5228 1545 5239 .
1657 5225 1667 5236 .

313 5222 402 5278 Ml)
449 5220 549 5278 hu.
576 5222 646 5275 55
674 5221 740 5275 ad
786 5220 1048 5278 Generos.
1080 5242 1094 5277 :
1130 5221 1288 5278 Petro
1318 5234 1569 5278 successit
1598 5224 1792 5278 Linus.

1970 5149 2084 5274 (:35)
2136 5148 2268 5206 Adv.
2292 5149 2454 5214 luem,
2486 5149 2523 5206 Ι.
2552 5166 2636 5218 ut,
2668 5167 2720 5207 c.
2746 5151 2816 5219 3,
2866 5151 3013 5223 apud
3077 5148 3273 5206 Euseb.
3304 5144 3475 5205 ILE.

1929 5248 1967 5278 ν.
2040 5263 2051 5274 .
2138 5246 2141 5249 -

313 5222 402 5278 10)
449 5220 549 5291 Ep.
576 5222 646 5275 55
674 5221 740 5275 ad
786 5220 1048 5278 Cencros.
1080 5242 1094 5277 :
1130 5221 1288 5279 Petro
1318 5228 1569 5280 successit
1598 5224 1792 5290 Linus,
1909 5248 1967 5289 ν,
1996 5220 2073 5291 6,
2135 5246 2141 5291 ς

218 5294 346 5357 Lino
370 5288 639 5352 Clemens,
673 5292 927 5346 Clementi
955 5292 1259 5348 Anacletus.
1779 5288 1785 5290 ⁷
1956 5288 2082 5357 (Η)
2122 5288 2239 5360 Cir.
2273 5303 2439 5360 supra
2461 5300 2575 5360 not.
2620 5289 2719 5360 (7).

278 5364 394 5435 tll)
435 5360 556 5435 Lib.
589 5376 669 5435 tt:
702 5362 975 5435 Catltedra
997 5382 1104 5417 una
1131 5375 1245 5435 est;
1270 5366 1562 5435 seditprior
1578 5364 1794 5433 Petrus,
1910 5430 1932 5435 _
1953 5360 2083 5435 _(15)
2123 5358 2402 5435 Ridiculus
2458 5358 2641 5435 Rom.
2667 5359 2869 5418 Pontif.
2902 5377 3077 5435 supra
3114 5370 3475 5435 memoratur.

214 5434 299 5507 cui
314 5429 575 5507 successit
590 5431 923 5507 Linus,Lino
938 5434 1197 5507 C_leme_ns_.
1198 5429 1793 5507 glemen'tiydnacletus,
1899 5429 2090 5507 Linum
2118 5429 2385 5507 Capitone
2425 5439 2479 5486 et
2508 5430 2653 5485 Rufo
2694 5447 2839 5507 coss.
2873 5434 2933 5506 (i.
2958 5429 3007 5489 ὁ.
3060 5451 3109 5489 a.
3133 5433 3226 5503 67,
3259 5450 3312 5505 p.
3335 5433 3466 5507 Ch.)

286 5503 404 5565 (l2)
443 5501 561 5576 Lib.
587 5518 687 5576 νη.
720 5520 772 5576 c.
796 5504 870 5576 746
904 5521 915 5554 :
1180 5501 1462 5573 Ῥωμαίων
1476 5505 1798 5576 Ἐκκλησίας

1290 5501 1462 5573 μαίων
1476 5505 1798 5576 Ἐκκλησίας
1897 5517 1930 5558 e
1962 5502 2102 5576 vivis
2125 5500 2445 5576 decessisse
2478 5510 2725 5576 annotat.
2824 5500 2831 5509 ’

218 5572 370 5649 ei”;
404 5573 508 5649 μὲν
540 5574 569 5624 ὁ
586 5573 872 5649 limites
892 5571 1114 5649 mitias-
1140 5571 1519 5649 iﬁbﬁsilow
1554 5571 1764 5649 ,Κλήμη

1338 5576 1519 5649 abies,
1554 5571 1796 5649 ﬁmum
1969 5572 2085 5649 (19:)
2124 5571 2329 5649 flueres.
2353 5588 2527 5649 xxvii,
2562 5574 2695 5649 n._6.
2736 5641 2748 5649 _
2832 5642 2841 5649 _

218 5590 370 5634 Αινος
453 5590 508 5623 εν
540 5590 569 5624 ο
604 5590 872 5638 nauata;
892 5592 1105 5644 πρωτος
1140 5590 1245 5627 υπο
1286 5590 1519 5639 ιιαυλου,
1570 5590 1762 5649 lumen

216 5637 267 5691 δὲ
289 5590 545 5709 μετῖτδν
573 5644 735 5697 Λίνου
771 5642 996 5700 Θάνατον
1026 5646 1117 5699 ὑπ’
1150 5644 1284 5718 ἐμοῦ
1317 5647 1522 5717 Πέτρου
1549 5645 1762 5718 δεύτερο

219 5713 679 5783 κεχειροτόνηται.

1969 5590 2062 5639 (ιο
2124 5590 2329 5627 meres.
2353 5590 2527 5636 xxvu,
2562 5590 2618 5627 n.
2641 5590 2695 5628 ο.
2884 5606 2885 5611 η

1920 5590 2085 5783 ΡἻῤ
2122 5640 2379 5717 Lumper.
2430 5643 2674 5701 Historia
2706 5641 3225 5715 theologica-critica,
3311 5651 3352 5701 t.
3403 5641 3466 5712 Ι,

219 5726 679 5785 salsamentum

537 5731 679 5785 ηται.
1903 5729 1957 5785 p.
1996 5726 2083 5772 ιο.
