3916 6326
461 275 562 332 187

1559 265 1652 323 AD
1692 263 1750 321 S.
1788 253 2212 320 CLEMENTEM
2249 254 2272 311 l
2308 253 2542 311 PAPAM

3568 260 3655 319 188

459 393 602 448 ultra
623 389 734 445 duo
756 388 927 443 millia
953 384 1418 448 Christianorum,
1442 381 1555 452 jam
1574 380 1667 434 diu
1694 381 1760 434 ad
1790 373 2011 434 caedend

2137 392 2303 465 plevit
2323 399 2380 447 et
2406 391 2578 445 minio
2602 386 2831 443 notavit.
2859 384 2963 440 Sed
2997 383 3172 457 ipsius
3196 385 3375 448 editio,
3397 396 3448 442 et
3471 405 3655 462 omnes,

458 482 749 539 marmoris
777 496 914 551 Opus
954 478 1360 533 damnatorum.
1396 474 1540 530 Inter
1565 474 1801 528 maxima
1849 477 2030 526 autem

459 575 656 630 horum
698 572 936 627 fidelium
976 568 1323 624 incommoda
1356 566 1491 622 illud
1521 574 1661 630 erat,
1687 564 1834 635 quod
1874 570 2031 619 sexto

456 664 714 720 milliario
740 678 937 732 aquam
972 660 1218 716 humeris
1249 659 1367 713 suis
1410 658 1702 728 deportare
1746 654 2027 710 deberent.

454 755 703 811 Pontifex
752 762 931 810 autem
990 768 1184 808 eorum
1240 751 1594 806 miseratione
1648 756 1865 815 tactus,
1901 761 2029 803 cum

453 850 576 921 agni
616 847 906 918 cujusdam
940 848 1131 909 ductu.
1165 845 1257 901 ubi
1290 844 1414 900 fons
1457 849 1626 908 esset,
1656 841 2026 913 cognovisset,

450 958 595 1005 eam,
632 950 688 995 ut
712 939 1029 1003 ell‘oderent,
1055 938 1388 994 Christianis
1415 936 1674 993 ostendit.
1706 934 1916 1002 Quibus
1940 949 2032 991 ne-

449 1033 749 1103 quidquam
778 1032 1156 1087 laborantibus
1187 1029 1247 1086 S.
1271 1029 1523 1087 Clemens
1554 1031 1672 1101 ipse
1697 1045 1822 1087 eum
1848 1029 2029 1084 locum

451 1123 556 1179 levi
588 1127 697 1180 ictu
736 1124 1032 1193 percussit,
1063 1130 1119 1178 et
1164 1123 1288 1179 fons
1319 1122 1465 1177 illico
1494 1121 1717 1177 exsiliit.
1749 1122 1832 1177 Ad
1862 1121 2030 1176 mira-

449 1220 561 1275 culi
598 1220 763 1289 hujus
810 1218 1007 1275 l‘amam
1044 1228 1157 1275 tota
1206 1220 1487 1291 provincia
1522 1228 1864 1287 accurrente,
1891 1237 2031 1277 cun-

450 1310 663 1379 ctisque
703 1311 768 1366 ad
804 1309 964 1365 ﬁdem
1003 1309 1274 1365 traductis
1302 1317 1357 1365 et
1383 1310 1698 1382 baptizatis,
1726 1310 1868 1366 intra
1898 1312 2028 1368 anni

449 1401 690 1471 spatium
749 1399 1094 1471 septuaginta
1156 1399 1405 1458 ecclesiae
1467 1408 1830 1468 constructae,
1880 1401 2029 1457 idola

445 1502 631 1556 omnia
682 1501 996 1567 confracta,
1049 1502 1253 1573 templa
1307 1498 1751 1569 circumjecentis
1788 1493 2028 1568 regionis

446 1594 652 1659 diruta,
682 1610 985 1666 omnesque
1031 1596 1138 1650 luci
1169 1610 1344 1665 usque
1375 1593 1441 1648 ad
1484 1599 1729 1649 trecenta
1767 1588 2027 1646 milliaria

2134 485 2201 539 ad
2232 481 2524 538 Junianam
2573 488 2801 544 exactae,
2844 478 2991 533 vitiis
3038 478 3285 534 laborant
3326 496 3428 537 non
3473 488 3654 553 paucis.

2132 576 2252 644 Quo
2306 575 2508 630 factum
2559 581 2677 637 est,
2722 580 2783 628 ut
2835 570 3107 629 Henricus
3159 571 3656 642 Wottonus,eColl.

2134 668 2192 725 S.
2225 667 2384 724 Joan.
2427 666 2635 738 Evang.
2672 666 2739 721 A.
2784 664 2852 720 Μ.
2900 664 3148 719 codicem
3197 675 3391 720 mstum
3432 668 3494 723 de
3536 686 3659 726 novo

2132 770 2387 817 accurate
2416 759 2736 832 inspiceret,
2779 766 2834 813 et
2863 764 3081 813 textum
3114 755 3401 812 Iunianum
3444 763 3661 833 octogies

2131 852 2445 909 emendaret
2460 861 2516 908 et
2540 852 2839 923 suppleret.
2862 849 2954 905 Sic
2972 848 3175 921 prodiit
3190 850 3323 906 1718
3334 849 3661 924 Cantabrigia:

2130 945 2296 1001 editio
2311 943 2685 1009 Wottoniana,
2710 944 2767 998 in
2791 958 2920 1014 qua,
2937 957 3059 1011 quae
3072 942 3296 997 aberant
3309 960 3337 996 a
3354 952 3487 998 msto
3509 960 3665 999 exem-

2129 1037 2290 1108 plari,
2328 1036 2715 1092 minutioribus
2757 1034 2901 1107 typis
2954 1034 3223 1104 impressa
3268 1033 3488 1089 invenis.
3534 1033 3666 1091 Hanc

2128 1128 2423 1184 editionem
2466 1126 2786 1183 Gallandius
2817 1127 2924 1183 sibi
2955 1124 3290 1197 sequendam
3340 1140 3538 1180 summo
3559 1126 3668 1195 jure

2128 1222 2377 1290 censuit,
2417 1221 2512 1293 qui
2559 1222 2786 1291 insuper
2826 1220 2975 1277 notis
3004 1227 3059 1275 et
3092 1218 3421 1289 conjecturis
3461 1219 3666 1275 aliorum

2128 1314 2375 1371 virorum
2423 1313 2787 1380 eruditorum,
2823 1313 3001 1378 Millii,
3037 1310 3193 1378 Birii,
3223 1308 3419 1383 Freyii,
3462 1318 3581 1375 etc...
3617 1312 3667 1368 in

2127 1405 2588 1464 elaboranda‘sua
2628 1406 2868 1462 editione
2897 1412 2982 1460 est
3015 1420 3171 1460 usus.
3203 1402 3442 1473 Denique
3477 1417 3527 1458 a.
3548 1403 3668 1458 1859

2128 1498 2328 1557 Oxonii
2354 1516 2385 1556 e
2415 1499 2786 1571 typographeo
2830 1497 3143 1554 academico
3175 1495 3376 1567 prodiit
3403 1494 3557 1550 editio
3582 1483 3672 1551 ele-

2129 1591 2453 1665 gantissima
2488 1590 2766 1646 Guilielmi
2810 1587 3129 1654 Jacobsoni,
3174 1587 3272 1658 qui
3304 1585 3535 1641 codicem
3563 1585 3673 1641 Ale-

447 1688 505 1742 in
532 1687 766 1743 circuitu
793 1688 1001 1744 concisi
1028 1687 1201 1744 fuere.
1234 1686 1509 1756 Trajanus
1538 1700 1691 1749 vero,
1722 1692 1781 1739 ut
1807 1690 2022 1738 tantum
2058 1727 2102 1782 Β
2128 1683 2459 1739 xandrinum
2493 1684 2691 1738 iterum
2733 1681 2963 1746 evolvit,
3011 1688 3223 1735 textum
3272 1676 3470 1748 passim
3510 1691 3674 1731 emen-

446 1780 527 1835 rei
555 1778 884 1836 Christianae
906 1795 1259 1852 progressum
1290 1778 1530 1843 sisteret,
1560 1775 1899 1833 Clementem
1928 1789 2028 1828 an-

443 1873 611 1928 chora
642 1873 708 1927 ad
740 1873 943 1928 collum
977 1874 1139 1943 ligata
1170 1873 1226 1927 in
1259 1887 1411 1927 mare
1454 1869 1696 1940 demergi
1724 1867 2025 1926 mandavit.

444 1963 515 2019 At
543 1966 680 2020 mari
710 1981 887 2036 usque
913 1964 980 2019 ad
1020 1965 1223 2028 locum,
1261 1977 1372 2032 quo
1398 1960 1683 2017 Pontiﬁcis
1717 1975 1919 2030 corpus
1939 1958 2028 2031 ja-

443 2057 639 2121 cebat,
690 2055 1008 2122 recedente,
1060 2054 1196 2110 illud
1234 2053 1447 2108 tumulo
1500 2062 1668 2108 saxeo
1709 2049 1767 2106 in
1825 2052 2027 2122 templo

440 2147 676 2221 quodam
726 2162 1038 2204 marmoreo
1091 2146 1379 2204 conditum
1439 2142 1743 2204 Christiani
1797 2144 2023 2201 invene-

440 2250 570 2299 runt
600 2240 781 2314 (18).»

510 2333 575 2391 ll.
616 2334 912 2391 Clementis
959 2333 1298 2403 temporibus
1350 2346 1477 2391 eum
1523 2329 1855 2402 gravissima
1901 2328 2021 2387 dis-

440 2429 628 2486 sensio
659 2427 909 2484 Corinthi
934 2434 1126 2481 exorta
1170 2433 1317 2482 esset
1347 2426 1490 2481 inter
1521 2423 1721 2480 lratres
1745 2422 1884 2494 (19),
1917 2421 2023 2478 Ec-

439 2522 606 2577 clesia
648 2519 897 2574 Romana
947 2518 1441 2575 luculentissimam
1487 2518 1775 2589 epistolam
1824 2515 2021 2571 Corin~

440 2611 572 2666 thiis
612 2611 866 2681 scripsit,
907 2625 1017 2680 qua
1064 2625 1160 2665 eos
1198 2608 1266 2664 ad
1312 2623 1502 2680 pacem
1557 2606 2022 2678 concordiamque

440 2712 754 2769 revocaret,
796 2713 851 2761 et
902 2704 1060 2759 Iidem
1106 2704 1359 2767 illorum,
1391 2709 1446 2759 et
1494 2718 1661 2774 quam
1708 2716 1903 2757 recens
1949 2702 2019 2757 ab

452 2796 719 2868 apostolis
748 2806 1112 2867 susceperant
1156 2796 1509 2853 traditionem
1562 2803 1911 2852 renovarent.
1940 2792 2019 2849 Ita

438 2887 675 2945 lrenzeus
711 2889 846 2961 (20).
872 2888 1025 2945 Hanc
1051 2890 1342 2961 epistolam
1372 2888 1595 2944 nomine
1620 2886 1881 2944 Ecclesiae
1908 2886 2019 2942 Ro-

439 2996 615 3036 manae
642 2980 976 3038 Clementem
1021 2989 1273 3038 nostrum
1311 2980 1605 3052 scripsisse
1642 2978 1812 3035 refert
1844 2978 2018 3035 Euse-

2127 1776 2297 1841 davit,
2327 1775 2676 1846 conjecturas
2718 1774 2913 1829 doctas
2942 1770 3260 1843 proposuit,
3304 1777 3359 1825 et
3399 1768 3677 1821 annotatio-

2127 1868 2291 1926 nibus
2322 1868 2555 1923 aliorum
2584 1883 2717 1923 suas
2756 1866 2957 1937 adjecit
2996 1863 3135 1938 (24).

2195 1960 2307 2017 Nos
2335 1977 2460 2017 cum
2487 1959 2774 2016 Gallandio
2812 1968 2867 2015 et
2908 1957 3244 2020 Jacobsono,
3277 1969 3361 2022 ea,
3404 1968 3519 2027 qua:
3555 1952 3678 2023 apud

2127 2052 2475 2119 Wottonum,
2506 2062 2652 2109 msto
2681 2051 2861 2109 codici
2892 2051 3051 2122 plane
3080 2047 3469 2112 adhaerentem,
3505 2045 3681 2099 vitioso

2123 2148 2212 2204 vel
2256 2148 2508 2205 obsoleto
2548 2162 2703 2203 more
2734 2145 2941 2216 scripta
2982 2142 3429 2205 inveniebantur,
3473 2138 3682 2192 mutavi—

2122 2254 2281 2312 mus;
2304 2255 2467 2297 voces
2490 2246 2547 2296 et
2575 2240 2811 2303 litteras,
2844 2253 2965 2310 qua:
2997 2236 3055 2291 in
3085 2234 3281 2291 codice
3307 2233 3520 2295 desunt,
3544 2230 3684 2286 uncis

2121 2330 2486 2402 inclusimus,
2529 2342 2584 2389 et
2619 2330 2988 2388 Jacobsonum
3031 2328 3287 2399 aliosque
3330 2325 3475 2380 viros
3515 2322 3685 2378 doctos

2121 2422 2293 2480 duces
2330 2424 2645 2481 habuimus.

2194 2517 2278 2572 Ill.
2322 2515 2657 2572 Clementem
2701 2514 3012 2571 Romanum
3050 2513 3121 2569 ad
3160 2510 3488 2567 Corinthios
3533 2510 3686 2577 scrip-

2121 2612 2295 2679 sisse,
2335 2624 2496 2666 nemo
2531 2608 2770 2680 negabit.
2812 2606 2987 2663 Fuere
3036 2614 3249 2672 tamen,
3288 2604 3381 2675 qui
3424 2603 3683 2673 epistolam

2119 2714 2366 2762 nostram
2411 2717 2523 2757 non
2564 2702 2849 2773 genuinam
2883 2707 3142 2771 putarent
3190 2715 3300 2754 nec
3330 2698 3477 2752 illam
3517 2710 3688 2750 cense-

2118 2805 2263 2865 rent,
2295 2812 2461 2869 quam
2493 2796 2707 2868 antiqui
2738 2794 2932 2851 Patres
2969 2793 3271 2850 laudarunt
3300 2802 3357 2850 et
3386 2792 3685 2863 allegarunt.

2116 2891 2428 2950 Praesertim
2448 2888 2533 2947 Jo.
2560 2888 2838 2946 Tolandus
2863 2889 2999 2963 (25),
3022 2888 3235 2944 Christ.
3267 2886 3410 2960 Aug.
3428 2884 3566 2956 Salig
3592 2883 3689 2954 (26)

2117 2994 2174 3043 et
2205 2985 2494 3043 Gisbertus
2528 2983 2781 3050 Voetius,
2859 2982 3024 3040 theol.
3065 2981 3357 3054 professor
3404 2981 3459 3035 in
3500 2979 3689 3033 Acade-

440 3073 721 3142 biuslil);
754 3076 1022 3146 multique
1049 3074 1141 3130 alii
1166 3081 1414 3129 veterum
1445 3073 1609 3143 hujus
1635 3072 1882 3143 epistola;
1908 3088 2017 3129 me-
2042 3097 2085 3157 C
2118 3078 2226 3135 mia
2272 3078 2634 3148 Ultrajectina
2666 3077 2780 3149 (27)
2818 3076 3159 3132 authentiatn
3216 3076 3472 3147 epistolae
3506 3080 3692 3128 nostra:

438 3166 737 3222 minerunt.
772 3165 880 3222 Sed
912 3177 1036 3223 ante
1063 3182 1190 3224 επ.
1219 3182 1331 3222 xvn
1357 3181 1550 3222 omnes
1585 3166 1748 3223 medii
1790 3177 1843 3224 et
1879 3166 2014 3224 inle-

438 3258 602 3316 rioris
628 3262 728 3317 aevi
763 3260 1001 3332 theologi
1033 3261 1176 3316 hanc
1202 3259 1385 3316 Patris
1408 3259 1696 3331 apostolici
1723 3260 2014 3331 epistolam

435 3350 769 3423 deperditam
800 3354 1077 3426 lugebant.
1682 3373 1691 3381 ·

509 3445 666 3501 Anno
705 3453 887 3502 autem
931 3445 1073 3501 1652
1115 3445 1359 3517 Cyrillus
1404 3444 1655 3510 Lucaris,
1698 3444 2010 3516 patriarcha

434 3537 1099 3609 Constantinopolitanus,
1129 3538 1429 3609 Anglorum
1479 3538 1597 3610 regi
1630 3539 1830 3595 Carolo
1860 3536 1881 3592 l
1912 3555 2013 3594 an-

434 3628 805 3699 tiquissimum
838 3627 905 3684 V.
944 3638 1002 3683 et
1035 3627 1100 3683 N.
1139 3627 1203 3683 Τ.
1251 3630 1497 3685 codicem
1539 3629 1685 3685 dono
1726 3632 1913 3700 misit;
1958 3640 2014 3689 et

434 3734 584 3785 ecce,
616 3721 682 3774 ad
715 3720 920 3775 calcem
958 3721 1401 3791 praestantissimi
1445 3721 1611 3791 hujus
1658 3723 1866 3779 codicis
1885 3724 2009 3784 Ale-

436 3808 687 3864 sandrini
714 3808 946 3880 epistola
977 3811 1066 3866 illa
1096 3810 1414 3877 Clementis.
1439 3812 1646 3867 dudum
1673 3813 2008 3883 desiderata,

435 3899 818 3955 inveniebatur
832 3901 945 3973 (22)
967 3918 1094 3958 cum
1120 3902 1426 3975 fragmento
1448 3905 1674 3960 alterius
1696 3906 2009 3978 libri,quem

434 3993 719 4063 catalogus
747 3994 922 4048 codici
949 3997 1201 4066 przelixus
1235 3997 1319 4054 bis
1349 3999 1546 4054 litteris
1577 3998 1795 4071 signat:

436 4102 682 4149 ..ηεντΟς
703 4086 889 4158 ὲ....λη
912 4087 971 4141 Β.
1005 4087 1116 4160 (25)
1140 4089 1191 4144 id
1221 4100 1305 4145 cst
1324 4091 1637 4163 Κλήμεντος
1664 4092 1918 4164 ἐπιστολὴ
1940 4093 2005 4164 β’.

510 4176 804 4249 Utramque
843 4178 984 4235 hanc
1007 4178 1304 4238 Clementis
1333 4182 1620 4254 epistolam
1651 4200 1715 4240 ex
1753 4187 2009 4240 vetustis-

431 4269 571 4323 simo
602 4268 695 4322 illo
725 4269 916 4325 codice
950 4273 1161 4341 primus
1183 4274 1426 4327 omnium
1452 4273 1648 4330 Oxonii
1674 4277 1813 4331 16⁸55
1836 4277 2008 4333 edidit

430 4354 703 4413 Patricius
741 4358 960 4424 Junius,
990 4362 1135 4432 regis
1170 4362 1471 4433 Anglorum
1521 4365 2002 4436 bibliothecarius;

2116 3181 2406 3244 negarunt,
2440 3173 2519 3227 illi
2544 3172 2839 3243 imperiose
2869 3170 3019 3226 nulla
3039 3168 3342 3226 aﬂerentes
3366 3174 3690 3240 argumenta,

2114 3264 2205 3320 hic
2236 3264 2721 3341 hallucinationem
2749 3265 2951 3339 potius,
2979 3278 3141 3335 quam
3175 3262 3691 3319 demonstrationem

2115 3356 2419 3429 proferens.
2453 3357 2630 3425 Quam
2665 3357 2806 3413 male
2847 3363 3233 3427 praeconcepta
3271 3355 3535 3427 opinione
3565 3354 3690 3408 duc-

2113 3455 2207 3505 tus
2239 3448 2293 3504 id
2327 3450 2519 3521 egerit,
2550 3449 2699 3505 audi.
2730 3447 3099 3514 Admiramur,
3136 3448 3345 3520 inquit,
3387 3447 3694 3520 singularem

2120 3541 2358 3618 divinam
2388 3544 2793 3613 providentiam,
2824 3559 2942 3615 qua:
2973 3544 3200 3609 curavit,
3236 3553 3297 3597 ut
3331 3544 3399 3598 ab
3440 3541 3693 3613 apostolo-

2114 3652 2233 3690 rum
2260 3636 2558 3706 discipulis,
2605 3636 2835 3707 virisque
2866 3635 3202 3706 apostolicis,
3249 3644 3298 3690 et
3342 3634 3695 3699 apostolorum

2113 3729 2308 3785 saeculo
2335 3730 2617 3799 proximis,
2646 3738 2740 3782 aut
2772 3727 2905 3787 nihil
2936 3728 3282 3792 scriberetur,
3311 3736 3408 3781 aut
3434 3725 3566 3780 nihil
3586 3741 3695 3778 con-

2111 3834 2410 3877 servaretur
2434 3830 2483 3875 et
2515 3819 2584 3875 ad
2610 3829 2847 3889 posteros
2876 3828 3141 3884 manaret,
3176 3828 3278 3873 aut
3343 3820 3538 3874 saltem
3574 3814 3696 3870 nihil

2113 3914 2178 3967 ab
2206 3914 2361 3968 initio
2391 3911 2643 3968 Ecclesiae
2669 3929 2829 3984 usque
2871 3914 2925 3966 in
2956 3911 3094 3965 hunc
3123 3910 3272 3966 diem
3296 3920 3610 3981 superesset,
3637 3907 3696 3962 de

2109 4022 2211 4077 quo
2235 4022 2337 4060 non
2358 4004 2717 4070 dubitaretur,
2739 4013 2831 4058 aut
2858 4003 2997 4075 quod
3030 4020 3122 4073 per
3166 4005 3350 4059 tineas
3382 4003 3694 4073 blattasque,

2112 4107 2203 4152 aut
2230 4097 2397 4153 alium
2427 4099 2657 4170 quemvis
2691 4096 2788 4153 Dei
2814 4097 3104 4152 exercitum
3137 4098 3456 4151 mutilatum
3490 4114 3592 4150 non
3619 4112 3697 4149 es-

2108 4199 2187 4245 set
2209 4206 2228 4244 :
2260 4200 2317 4245 ut
2347 4191 2452 4245 soli
2477 4190 2768 4260 Scriptura:
2798 4199 2949 4244 tanto
2981 4189 3280 4244 evidentius
3306 4207 3413 4244 sua
3441 4195 3700 4243 constaret

2109 4286 2436 4349 auctoritas,
2469 4284 2651 4355 illique
2679 4284 2782 4338 soli
2810 4292 2945 4338 esset
2969 4283 3191 4353 propria
3211 4282 3695 4352 incorruptibilitas

2109 4385 2160 4431 et
2192 4377 2486 4432 wternitas.

429 4463 593 4541 νοέω
621 4448 932 4520 deperditus
952 4458 1008 4506 et
1036 4451 1245 4508 litteras
1271 4460 1543 4511 vetustate
1570 4471 1786 4523 exesas,
1813 4456 2006 4527 spatiis
2036 4479 2082 4534 ι)
2178 4469 2291 4526 Nos
2319 4470 2600 4534 eamdem,
2631 4484 2795 4541 quam
2828 4468 3081 4525 Clemens
3112 4469 3451 4541 scripserit,
3507 4470 3700 4525 habere

430 4548 488 4596 et
518 4540 834 4599 interstitiis
861 4551 1139 4610 accurate,
1177 4555 1236 4600 ut
1274 4546 1520 4616 putabat,
1551 4546 1837 4617 dimensis,
1869 4566 2004 4624 sup-

658 4679 1075 4759 {iis‘t-oriatheol.
1122 4683 1271 4750 erit.,
1304 4691 1344 4741 t.
1370 4685 1413 4749 I,
1440 4702 1493 4757 p.
1516 4687 1587 4743 52
1616 4704 1699 4759 sq.

528 4751 619 4822 19)
662 4749 871 4834 Seditio
897 4759 1050 4834 mota
1092 4749 1271 4834 iuerat
1326 4749 1524 4834 contra
1548 4749 1899 4834 presbyteros
1927 4762 2000 4834 (c.

540 4861 555 4885 ,
578 4818 691 4899 “qui
743 4821 949 4899 injuste
991 4825 1319 4899 muneribus
1347 4828 1464 4899 suis
1493 4818 1896 4899 dejicieb'antur
1924 4818 1999 4899 (c.

426 4890 540 4959 μ).
576 4890 938 4947 SChenkelius
983 4890 1061 4959 (in
1097 4890 1368 4952 Ullmanni
1393 4890 1777 4955 Stud.2tlirit.
1838 4890 1969 4959 isti

428 4944 608 5044 ξειὲεεξ
619 4944 683 5044 ξ
697 4944 753 5032 ii.
763 4944 970 5044 '53ng
980 4944 1860 5044 .)ἶ]ᾷιὗίίἰεῖὶῖξῑιρὶὶῖἆιὶὲἶιῖίίίἰξὶιη,’
1870 4944 2004 5044 ’ἆῖιέιέ

425 5030 633 5105 Christi
663 5030 788 5089 esse
832 5030 1194 5105 gloriabatur,
1226 5036 1516 5101 revixisse.
1554 5048 1608 5093 et
1638 5041 1781 5096 sicut
1809 5030 2003 5100 a'uc'to-

428 5101 648 5159 ritatem
686 5101 1269 5187 apostolorumnitanet
1296 5110 1678 5187 auctoritatem
1712 5113 2001 5187 presbyte-

429 5175 759 5253 rorur_n,_qui
791 5175 861 5253 a_b
892 5174 1157 5253 apostolis
1186 5174 1402 5253 fuerant
1435 5174 2002 5253 institutil'sprev'isse

427 5257 492 5298 ac
506 5244 783 5315 rejecisse.
802 5245 909 5303 Sed
922 5244 1173 5302 Clemens
1186 5246 1303 5317 ipse
1316 5256 1670 5307 recentiorem
1682 5244 2002 5312 Corinthiu-

428 5328 551 5387 rum
572 5316 895 5374 seditionem
920 5317 988 5372 ab
1018 5316 1109 5371 illa
1143 5318 1313 5387 priori
1339 5319 1475 5377 bene
1495 5322 1804 5387 distinguit,
1830 5342 1880 5382 c.
1905 5327 1995 5384 47.

502 5364 1804 5507 ἓέὁῖῖὶὶὶῖιζῖὲνῖ⁷ιιῖῖδῖ’Χρἱἇίὲὖῶὖῖῖῖιῖἐὶἶ
1830 5364 1998 5467 Vell:

427 5470 482 5521 ν,
502 5470 556 5509 υ.
1394 5470 1402 5481 ν

365 5528 381 5543 ’
498 5525 611 5595 (21)
649 5526 719 5581 Η.
750 5526 815 5581 Ε.
850 5528 1027 5592 "1,16
1052 5537 1105 5583 et
1132 5528 1222 5584 58.

499 5596 839 5678 (ﬁl-Colles.
870 5615 971 5654 ms.
990 5599 1650 5678 _epigra_phen_pra2stat_:
1681 5603 1997 5678 Κλήμεντος

499 5615 613 5667 (π)
640 5615 820 5653 boues
870 5615 971 5654 ms.
1008 5615 1334 5670 epigrapnen
1359 5615 1592 5728 lprazstat
1634 5617 1650 5653 :
1681 5615 1994 5678 Κλήμεντος

424 5667 1264 5812 ῗὲἒέεηκεριιῇῗέῧέπιστολή.
1310 5669 1353 5727 C
1379 5686 1427 5729 r.
1473 5670 1767 5743 Jacobson,
1805 5677 1994 5732 Patres

581 5778 623 5808 .,
658 5778 697 5795 ..
726 5778 767 5805 .,
794 5778 849 5808 ν.
884 5778 1007 5795 -w.

2103 4562 2421 4634 epistolam,
2456 4562 2655 4618 exinde
2695 4561 2829 4618 satis
2855 4562 3137 4633 probatur,
3160 4562 3300 4632 quia
3327 4578 3421 4629 ea,
3463 4577 3586 4633 quae
3615 4576 3701 4617 ve.

2176 4697 2290 4769 (‘23)
2315 4697 2430 4753 Cfr.
2446 4696 2702 4757 Jacobson
2718 4697 2987 4768 1.ε..ρ.ιι.
3008 4696 3411 4769 lnscriptionis
3438 4700 3496 4754 in
3529 4698 3702 4754 fronte

2103 4770 2349 4843 epistolae
2370 4770 2546 4843 ipsius
2572 4787 2637 4843 ne
2668 4774 2906 4843 litteram
2930 4769 3151 4843 quidem
3179 4771 3468 4843 integram
3500 4773 3700 4841 praebet

2103 4835 2242 4895 Cod.
2272 4835 2455 4909 mstus
2480 4835 2790 4909 Jacobson‘,
2819 4839 2857 4896 ι.
2884 4835 3025 4909 cfp.
3048 4840 3175 4896 2M.

2177 4909 2315 4981 (24ὶᾷ
2338 4909 2396 4963 S.
2420 4906 2716 4964 Clementis
2741 4906 3003 4981 Romani,
3037 4909 3095 4965 S.
3122 4911 3325 4981 lgnatii
3359 4919 3417 4967 et
3460 4910 3701 4981 S.Poly—

2103 4978 2258 5049 carpi
2290 4978 2988 5060 Patrum‘apostolicorum,
3008 4997 3130 5051 qua:
3150 4978 3500 5050 supersunt.
3531 4978 3699 5036 Acca.

2102 5048 2239 5123 dunt
2259 5048 2316 5103 S.
2342 5048 2531 5119 lgnatii
2555 5058 2611 5123 et
2630 5047 2980 5123 S.Polycarpt
3001 5053 3289 5123 martyria.
3307 5055 3393 5106 Ad
3425 5054 3589 5108 ﬁdem
3609 5066 3701 5106 co-

2101 5119 2286 5175 dicum
2319 5120 2614 5180 recensuit,
2645 5119 3094 5177 adnotationibus
3134 5119 3430 5178 variorum
3480 5133 3537 5180 et
3583 5127 3699 5179 suis

2117 5184 2426 5247 illustravit,
2481 5186 2750 5242 indicibus
2777 5187 3034 5242 instruxit
3056 5187 3394 5243 Cuilielmns
3428 5185 3699 5241 Jacobson

2110 5254 2468 5329 A.__M.,_aplze
2505 5254 2566 5329 Β.
2600 5255 2784 5329 Mariae
2823 5255 3171 5329 Magdalente
3197 5253 3702 5329 vice-principalis,

2109 5324 2321 5395 collegii
2336 5324 2673 5395 AExouiensis
2697 5342 2867 5395 nuper
2891 5329 3093 5381 socius.
3127 5325 3171 5379 ll
3203 5324 3374 5382 tomi'.

2180 5394 2291 5470 (25)
2332 5393 2390 5450 In
2437 5393 3006 5470 Catalogo_lil_irorum
3054 5396 3280 5470 Christo
3323 5406 3385 5452 et
3433 5394 3701 5470 apostolis

2107 5466 2466 5537 ascriptorum
2497 5486 2545 5520 (τ.
2576 5464 2659 5521 18ῖ
2691 5464 2756 5521 Τ.
2791 5465 2806 5519 Ι
2834 5468 2996 5537 0pp.,
3027 5483 3079 5537 p.
3111 5467 3236 5522 592.

2179 5536 2311 5610 (26)-
2333 5534 2406 5590 De
2427 5537 2686 5610 diptgchis
2720 5534 2943 5610 merum
2963 5579 2978 5602 ,
3109 5538 3163 5603 5,
3196 5539 3223 5609 ᾗ
3254 5538 3292 5593 4
3313 5578 3330 5604 ,
3365 5555 3426 5610 p.
3461 5539 3556 5595 39.
3583 5535 3698 5592 Cir.

2109 5604 2392 5676 Muslieim.
2429 5604 2606 5661 ltum.
2640 5608 2886 5676 majores,
2922 5624 2976 5676 p.
3003 5608 3128 5662 215.

2181 5674 2515 5750 (2ηδε1ινεζ.
2568 5674 2769 5750 dispar.
2795 5718 2808 5740 ,
2866 5674 2936 5750 p.‘
2962 5694 2975 5733 ι
3002 5721 3017 5745 ,
3049 5693 3100 5750 p.
3156 5678 3281 5733 105.
3334 5679 3461 5736 Cir.
3511 5675 3703 5736 anii

2107 5746 2382 5820 Spicilrg.,
2414 5757 2452 5803 t.
2478 5746 2515 5815 Ι,
2546 5765 2598 5820 p.
2621 5744 2747 5803 260.
