3916 6326
272 305 381 363 189

264 523 455 565 nostra
489 517 856 584 reperiuntur.

263 624 345 693 (ει)
383 620 503 677 Jam
534 624 592 680 S;
613 623 969 699 Polycarpus,
998 638 1057 685 ut
1083 630 1404 690 Gallandius
1431 636 1664 700 monuit,
1688 651 1841 692 eam-

405 717 533 780 dem
550 716 966 805 ‘Clementinam
996 726 1280 795 epistolam
1308 744 1474 784 manu
1506 730 1766 795 versavit,
1789 737 1841 785 et

404 809 671 865 nonnulla
723 825 792 867 ex
829 824 893 868 ea
940 831 1077 886 pene
1113 819 1442 877 verbotenus
1491 821 1547 878 in
1582 837 1738 879 suam
1771 822 1842 878 ad

1529 315 1867 375 ριιοοειιιΑ
1902 311 2293 382 VARIORUM.

273 434 418 473 teres
440 410 702 475 Ecclesia:
719 419 989 481 Patresex
1012 426 1407 499 dictajepistola
1435 429 1758 502 allegarunt,
1785 430 1841 485 in
1869 434 1918 493 Α

405 899 789 975 Philippenses
812 908 1097 979 epistolam
1120 913 1415 970 transtulit.

425 1082 605 1156 Epist.
631 1086 649 1140 l
676 1085 848 1145 Clem.

324 1264 389 1321 C.
415 1267 471 1320 1.
497 1267 747 1333 Γυναιξίν
765 1286 891 1324 τε...
910 1288 1021 1325 πα-

246 1362 627 1433 ρηγγέλλετε,
688 1365 1022 1438 στεργούσας
1092 1380 1356 1441 γυναῖκας
1397 1375 1620 1445 ὑμῶν...
1682 1389 1840 1445 στερ-

252 1455 613 1525 καθηκόντως
652 1459 781 1521 τοὺς
821 1458 1022 1530 ἄνδρας
1091 1470 1294 1539 γούσας
1332 1468 1458 1531 τοὺς
1495 1465 1704 1520 ἑαυτῶν
1744 1464 1839 1519 άν-

1236 1092 1409 1166 Epist.
1438 1094 1626 1167 Polyc.

1161 1272 1223 1330 C.
1257 1276 1309 1331 4.
1333 1278 1708 1351 Διδάξωμεν...
1738 1279 1841 1344 τὰς

2085 441 2215 489 atra:
2234 433 2495 504 epistola.
2530 434 2613 491 En
2650 438 2818 494 verba
2849 439 3007 510 ejus:
3050 442 3174 496 Ἐπὶ
3199 441 3389 496 τούτου
3431 440 3527 500 οὖν

2080 524 2176 579 τοῦ
2207 527 2540 598 Κλήμεντος,
2573 528 2813 594 στάσεως
2838 533 2938 586 οὐκ
2955 531 3144 605 ὀλίγης
3180 538 3291 599 τοῖς
3318 536 3378 589 ὲν
3419 537 3527 590 Κο-

2084 618 2251 690 ρίνθῳ
2271 620 2567 692 γενομένης
2595 621 2860 692 ἀδελφοῖς,
2876 626 3185 680 ἐπέστειλεν
3200 629 3235 696 ή
3250 630 3309 681 ὲν
3339 628 3526 705 Ῥώμῃ

2092 710 2383 783 Ἐκκλησία
2413 714 2747 787 ἱκανωτάτην
2776 717 2992 790 γραφὴν
3030 722 3141 782 τοίς
3185 721 3522 792 Κορινθίοις,

2079 805 2166 869 εις
2191 803 2439 872 εἰρήνην
2478 806 2923 875 συμϐιϐάζουσα
2960 810 3201 878 αὐτοὺς,
3246 812 3344 867 καί
3381 816 3525 869 ἀναρ

2076 894 2301 949 νεοῦσα
2328 896 2443 966 τὴν
2468 899 2679 953 πίστιν
2704 899 2923 966 αὐτῶν,
2944 902 3044 955 καὶ
3062 900 3375 969 ἦννεωστὶ
3403 907 3523 962 ἀπὸ

2076 985 2196 1042 τῶν
2236 989 2616 1045 Ἀποστόλων
2640 990 2975 1061 παράδοσιν
3000 993 3251 1063 εἰλήφει.

1944 1169 2020 1244 (ο)
2057 1174 2311 1233 Clemens
2325 1173 2726 1232 Alexandrinus
2767 1181 2970 1231 ωυιιοε
2993 1175 3238 1246 epistolae
3276 1174 3520 1232 Clemen-

2083 1264 2217 1321 tina:
2239 1266 2388 1322 locos
2412 1266 2616 1335 laudat,
2640 1267 2737 1340 qui
2766 1267 2948 1324 adhuc
2978 1268 3034 1323 in
3064 1269 3294 1340 epistola
3327 1278 3519 1328 nostra

2078 1360 2445 1430 reperiuntur.

2008 1470 2211 1529 Strom.
2247 1489 2286 1538 ι,
2325 1490 2378 1531 c.
2420 1475 2471 1542 7,
2512 1490 2565 1546 p.
2605 1475 2749 1532 559:
2779 1476 2988 1531 Αὐτίκα
3016 1478 3045 1531 6
3072 1476 3305 1551 Κλήμης
3348 1479 3409 1532 ὲν
3445 1481 3516 1553 τῇ

252 1551 559 1604 ἐαυτῶνηη
606 1552 747 1606 πάνυ
786 1570 1020 1639 γσωφρο-
1091 1562 1223 1634 δρας
1282 1561 1341 1613 ὲν
1402 1558 1551 1631 πάσῃ
1609 1556 1838 1627 ἀληθείᾳ
1936 1562 2074 1636 πρὸς
2101 1565 2423 1636 Κορινθίους
2452 1567 2710 1641 ἐπιστολῇ
2739 1567 2881 1622 κατὰ
2912 1569 3055 1634 λέξιν
3096 1570 3249 1641 φησὶ,
3279 1568 3377 1634 τὰς
3402 1551 3517 1624 Sta;

246 1650 342 1702 νού
350 1666 473 1712 σας.

316 1740 382 1793 C.
439 1738 496 1793 5.
543 1739 816 1811 Πέτρος...
874 1740 1017 1796 οὕτω

246 1925 336 1977 τὸν
363 1924 715 1995 ὀφειλόμενον
732 1926 898 1980 τόπον
919 1929 1015 2000 τῆς

242 2019 425 2090 δόῇς.

314 2111 378 2167 C.
410 2113 469 2166 7.
499 2114 594 2167 Διὸ
609 2113 994 2186 ἀπολείπωμεν

246 2205 348 2270 τὰς
407 2207 575 2272 κενὰς
628 2209 725 2261 καὶ
769 2208 1006 2279 ματαίας

245 2298 542 2368 φροντίδας
561 2338 577 2363 ,
624 2299 719 2353 καὶ
761 2299 1003 2369 ἔλθωμεν

240 2394 337 2446 ἐπὶ
366 2395 464 2447 τὸν
502 2394 700 2467 εὐκλεῆ
740 2397 834 2449 καὶ
876 2413 1005 2467 σεμ-

238 2491 328 2543 νὸν
388 2493 494 2563 τῆς
544 2494 705 2562 ἁγίας
762 2494 1005 2566 κλήσεως

241 2585 275 2652 ἡ
282 2584 401 2653 μῶν
434 2586 660 2639 κανόνα.

306 2676 371 2728 (1.
434 2677 489 2731 9.
550 2676 640 2730 Διὸ
678 2676 1001 2731 ὑπακούσω-

244 2790 341 2842 μεν
370 2775 444 2844 τῇ
472 2773 883 2845 μεγαλοπρεπεῖ
906 2776 999 2829 καὶ

235 2865 439 2937 ἐνδόξῳ
521 2866 769 2939 βουλήσει
832 2853 998 2922 αὐτοῦ

237 2958 494 3029 (Θεοῦ>...
520 2959 872 3023 ἀπολιπόντες
900 2960 999 3033 τήν

236 3054 663 3124 ματαιοπονίαν,
683 3056 783 3127 τήν
802 3072 863 3108 τε
883 3055 1020 3128 ἔριν,

236 3168 289 3204 κ.
322 3168 376 3203 τ.
404 3149 462 3204 λ.

303 3246 372 3301 C.
400 3246 497 3301 15.
528 3246 879 3319 Μεμνημένοι
894 3245 1001 3301 τῶν

232 3336 412 3406 λόγων
438 3336 537 3391 τοῦ
560 3338 764 3410 Κυρίου
799 3338 993 3411 Ἰησοῦ,

233 3430 326 3495 οὓς
343 3430 618 3503 ἐλάλησεν
636 3430 942 3486 διδάσκων·.
975 3471 990 3485 .

232 3514 278 3589 ᾦ
302 3522 501 3593 μέτρῳ
528 3525 795 3593 μετρεῖτε,
818 3523 875 3575 ὲν
898 3523 997 3576 αὐ-

234 3616 311 3687 τῷ
335 3619 751 3689 μετρηθήσεται
779 3618 929 3687 ὑμῖν.

312 3728 381 3782 c.
434 3725 530 3780 ει.
575 3724 833 3796 Ἴδωμεν,
882 3723 1001 3787 πῶς

235 3822 412 3891 ἐγγύς
458 3820 610 3871 ὲστιν
662 3816 709 3888 (6
751 3814 997 3887 Κύριος),

232 3916 331 3969 καὶ
357 3914 448 3966 ὅτι
477 3908 629 3963 οὐδὲν
659 3905 880 3977 λέληθεν
900 3906 998 3959 αὐ-

232 4004 328 4059 τὸν
377 4000 494 4055 τῶν
550 3997 768 4051 ὲννοιῶν
818 3995 994 4068 ἡμῶν,

232 4094 356 4149 οὐδὲ
377 4092 492 4145 τῶν
510 4087 895 4159 διαλογισμῶν,
922 4081 997 4141 ὧν

233 4178 569 4250 ποιούμεθα.
670 4174 997 4248 Ἑρευνητὴς

232 4274 347 4345 γάρ
369 4275 524 4327 ἐστιν
544 4268 762 4323 ἐννοιῶν
792 4267 887 4323 καὶ
913 4266 1000 4320 ὲν-

234 4363 559 4434 θυμήσεων.

305 4474 451 4531 Ibid.
503 4474 645 4537 Τοὺς
682 4472 838 4535 νέους
877 4488 1003 4525 παι-

231 4566 525 4637 δεύσωμεν
591 4563 692 4636 τὴν
756 4560 1004 4615 παιδείαν

235 4655 334 4710 τοῦ
364 4656 536 4726 φόὸου
564 4652 659 4708 τοῦ
704 4650 865 4715 Θεοῦ,
905 4649 1006 4716 τὰς

237 4750 515 4816 γυναῖκας
571 4742 728 4815 ἡμῶν
782 4742 878 4795 ἐπὶ
943 4742 1007 4795 τὸ

238 4838 455 4907 ἀγαθὸν
472 4833 914 4909 διορθωσώμεθα.
931 4834 1004 4887 Τὸ

238 4928 624 5000 ἀξιαγάπητον
654 4928 755 4999 τῆς
783 4927 1004 4996 ἁγνείας

238 5018 378 5093 ἦθος
404 5004 864 5085 ἐνδειξάσθωσαν·

238 5117 341 5188 τὴν
358 5113 583 5185 ἀγάπην
603 5112 782 5167 αὐτῶν
805 5112 879 5184 μὴ
902 5130 1002 5166 κα-

240 5204 324 5264 τεῖ
346 5205 869 5282 προσ-κλίσεις,ωά
895 5207 1003 5260 πᾶ-

241 5319 331 5357 σιν
363 5305 475 5366 τοῖς
508 5300 675 5372 φοδου
682 5300 866 5373 μένοις
911 5300 1003 5353 τὸν

238 5396 385 5449 θεὸν
410 5393 597 5460 ὁσίως,
626 5394 751 5466 ἴσην
772 5392 1003 5464 παρεχέ-

241 5503 453 5542 τωσαν.

1088 1655 1248 1709 καὶ...
1265 1653 1321 1705 ὲν
1348 1652 1495 1724 πάσῃ
1519 1649 1829 1723 ἐγκρατείᾳ.

1935 1656 2107 1728 φορὰς
2133 1656 2474 1728 ἐκτιθέμενος
2494 1659 2603 1712 τῶν
2624 1659 2763 1713 κατὰ
2773 1662 2873 1734 τὴν
2887 1660 3211 1733 Ἐκκλησίαν
3239 1662 3474 1734 δοκίμων
3491 1677 3515 1699 ο

1158 1744 1219 1800 C.
1242 1746 1295 1801 9.
1329 1744 1533 1844 Πέτρος
1561 1743 1663 1844 καὶ.
1685 1741 1832 1795 Παῦ-
1859 1787 1905 1844 Β
1939 1748 2094 1803 Ἠτω
2112 1767 2201 1815 τις
2219 1751 2450 1815 πιστὸς,
2473 1750 2594 1821 ἤτω
2610 1751 2867 1820 δυνατός
2884 1771 2974 1820 τις
2990 1753 3217 1823 γνῶσιν
3230 1755 3512 1821 ἐξειπεῖν,

252 1831 615 1901 μαρτυρήσας
635 1831 903 1903 ἐπορεύθη
937 1836 1016 1896 είς
1086 1837 1241 1899 λος...
1271 1837 1352 1899 εἰς
1379 1834 1470 1888 τὸν
1488 1833 1828 1906 ὀφειλόμενον
1859 1831 1904 1844 ν
1931 1840 2053 1910 ἤτω
2078 1842 2271 1911 σοφὸς
2294 1842 2365 1897 ἐν
2390 1842 2681 1912 διακρίσει
2709 1846 2927 1914 λόγων,
2948 1846 3070 1915 ἤτω
3096 1848 3307 1917 γοργὸς
3332 1848 3402 1902 ἐν
3426 1849 3516 1917 ἐρ-

1085 1932 1268 1993 αὐτοῖς
1314 1929 1476 1983 τόπον
1532 1927 1638 1982 εἰσὶ
1676 1925 1829 1999 παρὰ

1078 2025 1157 2097 τῷ
1183 2023 1394 2096 Κυρίῳ.

1147 2116 1209 2172 C.
1246 2116 1300 2169 7.
1344 2115 1435 2170 Διὸ
1473 2114 1828 2180 ἀπολιπόντες

1074 2209 1175 2282 τὴν
1205 2192 1537 2281 ματαιότητα
1565 2206 1675 2260 τῶν
1699 2206 1828 2259 πολ-

1072 2301 1197 2356 λῶν.
1231 2341 1245 2355 .
1295 2302 1388 2354 ἐπὶ
1424 2300 1516 2354 τὸν
1549 2298 1609 2365 ἐξ
1653 2299 1827 2372 ἀρχῆς

1077 2396 1209 2466 ἡμῖν
1249 2393 1620 2466 παραδοθέντα
1665 2392 1823 2458 λόγον

1075 2486 1508 2559 ἐπιστρέψωμεν.

1143 2688 1205 2744 C.
1220 2690 1274 2743 2.
1292 2688 1383 2743 Διὸ
1411 2686 1821 2759 ἀναζωσάμενοι

1069 2783 1169 2848 τὰς
1206 2782 1412 2854 ὀσφύας
1429 2822 1444 2848 ,
1500 2780 1684 2835 δουλεύ
1693 2797 1822 2835 σατε

1069 2875 1150 2947 τῷ
1177 2874 1295 2947 Θεῷ
1314 2876 1372 2928 ὲν
1391 2875 1541 2946 φόϐῳ
1564 2875 1660 2930 καὶ
1687 2873 1820 2945 ἀλη-

1072 2966 1212 3038 θείᾳ,
1242 2967 1595 3031 ἀπολιπόντες
1611 2967 1710 3038 τὴν
1731 2982 1824 3019 κε-

1070 3053 1167 3125 νὴν
1197 3054 1600 3125 ματαιολογίαν,
1614 3054 1709 3107 καὶ
1720 3052 1819 3125 τὴν

1068 3143 1178 3199 τῶν
1219 3144 1428 3200 πολλῶν
1458 3144 1688 3217 πλάνην.

1141 3236 1203 3292 C.
1245 3237 1299 3291 2.
1338 3236 1822 3308 Μνημονεύσαντες

1068 3329 1124 3385 δὲ
1152 3324 1226 3385 ὧν
1254 3325 1406 3384 εἷπεν
1426 3329 1822 3403 όΚύριοςδιδά-

1067 3433 1244 3471 σκων·
1445 3420 1505 3473 ὲν
1548 3414 1593 3489 ᾧ
1636 3420 1821 3493 μέτρῳ

1071 3515 1341 3584 μετρεῖτε,
1359 3514 1823 3588 ἀντιμετρηθήσε-

1069 3623 1162 3661 ται
1191 3608 1343 3679 ὑμῖν.

1140 3717 1202 3771 C.
1234 3716 1288 3770 4.
1323 3716 1624 3773 Γινώσκ....
1655 3719 1735 3773 ὄτι
1772 3721 1821 3791 (6

1070 3808 1222 3879 Θεὸς)
1239 3809 1416 3863 πάντα
1430 3809 1585 3882 ἡμῶν
1602 3815 1819 3866 σκοπεῖ-

1066 3918 1181 3965 ται,
1226 3903 1320 3956 καὶ
1370 3902 1592 3975 λέληθεν
1652 3906 1817 3959 αὑτὸν

1067 3992 1238 4057 οὐδὲν,
1254 3993 1375 4047 οὔτε
1387 3994 1681 4068 λογισμῶν,
1696 3996 1820 4049 οὔτε

1068 4085 1307 4151 ἐννοιῶν,
1330 4086 1451 4141 οὔτε
1479 4106 1531 4142 τι
1551 4089 1661 4142 τῶν
1682 4107 1818 4162 κρυ-

1071 4178 1228 4233 πτῶν
1255 4178 1353 4251 τῆς
1382 4177 1627 4252 καρδίας.

1151 4476 1287 4537 lbid.
1318 4478 1691 4553 Διδάξωμεν...
1721 4476 1823 4542 τὰς
1846 4461 1900 4527 ι)

1076 4577 1340 4642 γυναῖκας
1384 4574 1537 4645 ὑμῶν
1571 4570 1822 4645 (πορεύε-

1078 4665 1223 4739 σθαι)
1237 4668 1295 4722 ὲν
1306 4672 1374 4741 τῇ
1393 4668 1606 4742 δοθείσῃ
1627 4670 1821 4733 αὑταῖς

1078 4761 1261 4815 πίστει
1316 4761 1410 4814 καὶ
1473 4760 1661 4831 ἀγάπῃ
1726 4759 1823 4814 καὶ

1076 4852 1333 4925 ἁγνείᾳ...
1380 4852 1475 4905 καὶ
1520 4850 1821 4919 ἀγαπώσας

1074 4941 1282 5006 πάντας
1311 4941 1372 5007 ἐξ
1428 4942 1543 4995 ίσου
1576 4942 1636 4995 ὲν
1672 4940 1824 5013 πάσῃ

1074 5036 1389 5107 ἐγκρατείᾳο
1427 5036 1523 5089 καὶ
1558 5034 1629 5089 τά
1654 5035 1822 5090 τέκνα

1073 5127 1345 5183 παιδεύειν
1414 5127 1514 5201 τὴν
1573 5128 1823 5186 παιδείαν

1073 5219 1166 5274 τοῦ
1184 5219 1349 5291 φόϐου
1375 5219 1470 5274 τοῦ
1491 5218 1647 5276 Θεοῦ.

246 5594 329 5692 ὼ)
363 5618 492 5687 Quae
527 5617 766 5676 lrenaaus
801 5619 872 5675 de
901 5619 1131 5689 epistola
1169 5617 1429 5676 Romana
1466 5618 1723 5676 Ecclesia
1755 5619 1823 5675 ad

396 5712 720 5771 Corinthios
737 5711 924 5782 refert,
943 5714 1147 5787 optime
1172 5712 1501 5786 respondent
1522 5712 1691 5771 indoli
1717 5727 1819 5771 no-

1947 5731 2020 5768 :att
2044 5712 2102 5767 δὲ
2131 5710 2225 5766 καὶ
2253 5706 2407 5783 παρὰ
2430 5708 2544 5773 τοῖς
2571 5705 2801 5774 ἔθνεσιν,
2830 5705 2914 5760 ὅτι
2954 5696 3135 5759 πολλοί
3163 5717 3311 5768 τινες
3334 5698 3504 5771 λοιμο-

1928 1951 2075 2004 τοις.
2108 1933 2309 1990 Eadem
2332 1935 2521 2003 verba,
2551 1952 2618 1992 ex
2648 1935 2671 1990 l
2705 1936 2881 1998 Clem.
2911 1953 2963 1994 c.
2989 1939 3059 1994 48
3086 1940 3398 2013 desumpta,
3422 1958 3515 1999 re-

1930 2027 2066 2096 petit
2101 2023 2505 2083 Alexandrinus
2535 2025 2739 2086 Strom.
2765 2028 2855 2097 Vl,
2894 2046 2947 2089 c.
2971 2031 3028 2098 8,
3052 2048 3107 2105 p.
3134 2032 3260 2093 773.

2001 2139 2204 2199 Strom.
2245 2138 2337 2207 Ν,
2384 2157 2436 2197 c.
2486 2142 2577 2208 17,
2610 2144 2826 2215 p.609,
2873 2145 3159 2201 610:Na‘t
3205 2147 3313 2221 μήν
3357 2148 3513 2224 ὲντῇ

1930 2233 2069 2306 πρὸς
2096 2234 2418 2308 Κορινθίους
2446 2236 2702 2309 ἐπιστολῇ
2730 2240 2759 2291 6
2823 2238 3116 2304 ἀπόστολος
3134 2238 3385 2314 Κλήμης,
3417 2243 3514 2298 καὶ

1926 2326 2089 2392 αὐτὸς
2120 2328 2251 2399 ἡμῖν
2278 2326 2447 2382 τύπον
2474 2326 2595 2383 τινὰ
2620 2328 2713 2383 τοῦ
2732 2329 3035 2399 γνωστικοῦ
3064 2332 3395 2403 ὑπογράφων
3421 2334 3512 2389 λι-

1924 2436 2043 2489 γειο
2081 2422 2177 2487 Τίς
2218 2422 2331 2490 γὰρ
2375 2421 2873 2492 παρεπιδημήσας
2913 2424 3062 2493 πρὸς
3096 2423 3335 2495 ὑμᾶς,κ.
3374 2443 3426 2480 τ.
3455 2426 3507 2481 λ.

1925 2510 2026 2568 Hic
2060 2513 2464 2569 Alexandrinus
2505 2515 2750 2585 epistola:
2787 2524 2987 2571 nostra:
3024 2524 3201 2587 capita
3246 2519 3298 2583 1,
3330 2518 3384 2582 9,
3416 2519 3508 2585 10.

1933 2605 2023 2670 11,
2057 2605 2147 2673 12,
2188 2606 2277 2671 17,
2322 2606 2415 2670 18,
2444 2606 2538 2677 21,
2570 2607 2770 2676 22,56,
2805 2608 2896 2674 58,
2920 2608 3015 2677 40,
3054 2608 3146 2676 41,
3180 2609 3271 2676 48,
3296 2609 3390 2679 69,
3413 2611 3507 2678 50,

1937 2696 2028 2763 5|,
2054 2698 2144 2763 55,
2170 2698 2462 2769 excerpsit.

1997 2811 2203 2870 Strom.
2226 2812 2293 2876 ν,
2320 2829 2371 2870 c.
2401 2814 2490 2881 l2,
2537 2830 2592 2886 p.
2625 2814 2732 2870 695
2765 2831 2779 2869 ε
2834 2816 2994 2871 Ἀλλὰ
3014 2818 3114 2872 κάν
3142 2820 3208 2890 τῇ
3238 2818 3375 2891 πρὸς
3402 2819 3512 2873 Κο-

1924 2904 2160 2977 ρινθίους
2198 2906 2484 2979 Ῥωμαίων
2511 2908 2768 2980 ἐπιστολῇ
2802 2926 2817 2941 ·
2862 2910 3138 2977 Ὠκεανὸς
3167 2911 3500 2981 ἀπέραντος

1921 2999 2251 3066 ἀνθρώποις
2290 2999 2621 3073 γέγραπται,
2652 3002 2752 3055 καὶ
2794 3001 3011 3072 οι.μετ’›
3042 3003 3231 3057 αὐτὸν
3271 3004 3506 3073 κόσμοι.

1845 3123 1891 3186 ο
1922 3092 2036 3149 Cir.
2078 3092 2100 3147 Ι
2128 3094 2303 3152 Clem.
2336 3111 2387 3151 c.
2425 3094 2517 3155 20.

1994 3208 2197 3266 Strom.
2236 3207 2325 3274 Vl,
2358 3225 2409 3264 ο.
2442 3209 2496 3275 8,
2535 3226 2591 3280 p.
2633 3210 2737 3266 775
2767 3230 2782 3266 :
2819 3212 3088 3281 Τοσούτῳ
3132 3211 3242 3281 γὰρ
3264 3210 3510 3281 μᾶλλον

1921 3301 2408 3371 ταπεινοφρονεῒν
2438 3300 2664 3371 ὀφείλει
2687 3341 2703 3367 ,
2734 3302 2859 3369 ὅσῳ
2903 3302 3070 3356 δοκεῖ
3102 3302 3343 3373 μᾶλλον
3378 3302 3510 3374 μεί-

1921 3391 2033 3454 ζων
2057 3393 2231 3458 εἶναι,
2260 3395 2289 3448 6
2318 3392 2548 3465 Κλήμης
2590 3394 2649 3447 ὲν
2695 3396 2761 3466 τῇ
2804 3394 2942 3466 πρὸς
2986 3394 3306 3467 Κορινθίους
3348 3397 3503 3467 φησί.

1920 3484 2036 3541 Cir.
2062 3485 2088 3540 1
2127 3485 2329 3551 Clem.,
2350 3501 2402 3541 c.
2425 3486 2516 3542 48.

1994 3600 2199 3655 Strom.
2231 3615 2270 3665 I,
2311 3616 2363 3656 e.
2398 3601 2453 3664 7,
2484 3616 2539 3671 p.
2575 3600 2718 3655 559:
2765 3599 2890 3655 Ἐὰν
2916 3600 2974 3653 δὲ
3000 3601 3101 3673 τὴν
3135 3601 3419 3673 βασιλικήν
3443 3620 3506 3655 τε

1921 3695 2016 3749 καὶ
2044 3693 2366 3764 αὐθεντικὴν
2387 3694 2589 3747 εἴσοδον
2606 3692 2795 3766 ζητῇς,
2817 3692 3026 3767 ἀκούσῃ
3050 3711 3063 3723 ·
3092 3696 3246 3762 Αὕτη
3268 3697 3307 3763 ἠ
3336 3696 3503 3764 πύλη

1918 3787 2026 3841 τοῦ
2051 3788 2295 3856 Κυρίου,
2326 3786 2542 3841 δίκαιοι
2568 3789 3018 3841 εἰσελεύσονται
3045 3788 3116 3841 ἐν
3141 3787 3314 3856 αὐτῇ.
3344 3790 3504 3842 Πολ-

1919 3877 2047 3934 λῶν
2075 3880 2283 3935 τοίνυν
2321 3878 2709 3949 ἀνεῳγμένων
2756 3877 2969 3934 πυλῶν
3011 3879 3082 3932 ἐν
3127 3878 3504 3950 δικαιοσύνῃ.

1921 3972 2075 4042 αὕτη
2107 3973 2191 4044 ἦν
2219 3973 2291 4028 ἐν
2317 3971 2569 4043 Χριστῷ.
2601 3972 2715 4028 Cl‘r.
2739 3971 2760 4025 ι
2781 3971 2979 4037 Clem.,
3003 3986 3053 4027 c.
3078 3971 3168 4028 48.

1922 4134 2003 4209 (d)
2023 4133 2306 4205 Origenes,
2329 4132 2406 4190 De
2423 4131 2715 4204 principiis,
2740 4147 2800 4202 ιι,
2823 4147 2874 4187 c.
2905 4132 2961 4201 5,
3000 4147 3058 4186 ιι.
3098 4129 3163 4201 6,
3184 4140 3226 4190 t.
3260 4128 3301 4198 1,
3329 4145 3383 4199 p.
3406 4128 3500 4193 82,

2063 4228 2152 4284 ed.
2202 4229 2353 4286 138.:
2409 4224 2650 4281 Meminit
2678 4226 2806 4281 sane
2848 4224 3087 4279 Clemens
3138 4223 3502 4292 apostolorum

2061 4317 2355 4390 discipulus
2397 4319 2557 4374 etiam
2589 4334 2792 4381 eorum,
2833 4332 2962 4387 quos
2986 4314 3304 4386 ἀντίχθονας
3331 4311 3507 4369 Crwci

2063 4413 2427 4477 nominarunt,
2456 4419 2612 4477 atque
2656 4410 2795 4464 alios
2822 4417 3003 4479 partes
3041 4407 3184 4462 orbis
3228 4417 3405 4471 terra,
3429 4406 3503 4460 ad

2061 4520 2194 4575 quas
2220 4518 2380 4575 neque
2401 4511 2705 4559 nostrorum
2728 4501 3007 4572 quisquam
3035 4498 3279 4554 accedere
3309 4507 3504 4570 potest,

2060 4611 2222 4667 neque
2239 4609 2305 4649 ea:
2326 4594 2457 4659 illis,
2479 4594 2569 4663 qui
2594 4593 2668 4648 ibi
2694 4601 2838 4657 sunt.
2875 4592 3153 4663 quisquam
3182 4592 3409 4646 transire
3430 4602 3504 4649 ad

2062 4705 2193 4753 nos;
2228 4706 2357 4760 quos
2384 4696 2435 4742 et
2475 4689 2615 4757 ipsos
2642 4684 2864 4741 mundos
2888 4685 3194 4755 appellarit,
3233 4700 3352 4738 cum
3384 4684 3502 4739 ait:

2067 4798 2087 4834 s
2127 4780 2368 4838 Oceanus
2395 4777 2848 4835 intransmeabilis
2874 4788 2953 4833 est
2983 4776 3315 4841 hominibus,
3342 4790 3395 4832 et
3420 4775 3506 4842 hi,

2066 4891 2087 4926 ι
2123 4874 2214 4944 qui
2244 4882 2394 4928 trans
2439 4873 2612 4941 ipsum
2649 4878 2772 4925 sunt
2809 4870 3015 4933 mundi,
3060 4871 3150 4941 qui
3188 4869 3267 4924 his
3301 4868 3502 4925 eisdem

2070 4984 2089 5020 s
2119 4966 2471 5023 dominatoris
2493 4964 2591 5019 Dei
2611 4963 3049 5035 dispositionibus
3063 4963 3443 5034 gubernantur.
3472 4983 3497 5020 ι

2064 5060 2180 5118 Cl'r.
2208 5058 2229 5115 Ι
2259 5060 2433 5117 Clem.
2457 5074 2510 5116 c.
2537 5058 2629 5117 20.

2000 5243 2151 5316 Orig.
2183 5243 2241 5298 in
2280 5240 2481 5298 Ezech.
2515 5254 2568 5297 c.
2601 5238 2635 5295 8
2660 5277 2678 5303 ,
2705 5245 2749 5294 t.
2790 5235 2892 5303 Ill,
2930 5251 2985 5309 p.
3027 5235 3134 5291 622
3166 5250 3181 5287 :
3209 5236 3351 5308 φησι
3386 5236 3507 5292 διε
3562 5312 3565 5317 ί

1922 5338 2158 5409 Κλήμης
2178 5352 2194 5368 ο
2241 5333 2519 5401 Ὠκεανὸς
2560 5330 2893 5400 ἀπέραντος
2927 5327 3279 5398 ἀνθρώποις,
3325 5327 3424 5382 καί
3450 5324 3575 5562 01E

1922 5429 2043 5501 μετ’
2074 5428 2262 5485 αὐτὸν
2300 5428 2517 5498 κόσμοι
2562 5425 2884 5490 τοσαύταις
2921 5421 3227 5491 διαταγιιῑς
3266 5421 3374 5477 τοῦ
3402 5425 3506 5477 Asc
3563 5424 3568 5439 ⁵

1925 5527 2158 5562 ﬁction“
2189 5521 2570 5562 λιηιινηῧντιιι.
2603 5520 2715 5562 Ωΐν.
2742 5517 2762 5562 1
2790 5520 2959 5562 Clam.
3003 5534 3053 5562 Ω-

1918 5429 2043 5501 μετ’
2074 5428 2262 5485 αὐτὸν
2300 5428 2517 5498 κόσμοι
2562 5425 2884 5490 τοσαύταις
2921 5421 3227 5491 διαταγιιῑς
3266 5421 3374 5477 τοῦ
3402 5425 3506 5477 Asc

1925 5527 2158 5583 σπότου
2189 5521 2572 5578 διοικοῦνται.
2603 5520 2717 5576 σιτ.
2742 5517 2765 5574 1
2790 5520 2963 5575 Clem.
3003 5534 3056 5575 c.
3083 5517 3177 5574 20.

1996 5618 2143 5675 Idem
2173 5618 2229 5673 in
2257 5616 2454 5673 Joann.
2479 5613 2524 5679 ι,
2562 5612 2655 5678 29,
2678 5618 2723 5670 t.
2753 5609 2846 5676 IV,
2874 5627 2930 5683 p,
2965 5610 3097 5666 153:
3132 5609 3504 5681 Μεμαρτύρη-
3526 5604 3548 5629 ⁸
