3916 6326
478 252 574 311 Hii

1590 258 1681 314 AD
1719 256 1779 317 S.
1818 254 2246 317 CLEMENTEM
2282 258 2305 315 Ι
2340 260 2575 319 PAPMI

3605 272 3692 330 ιη

471 370 585 466 auiis
629 370 1015 444 ὲνσκηψάντων
1052 374 1374 447 νοσημάτων
1402 374 1627 440 ἑαυτοὺς
1656 375 1863 447 σφάγια
1899 372 2056 445 ιὺπὲρ
2082 377 2131 435 Δ
2158 382 2199 433 ι.
2228 375 2319 445 ΙΙΙ,
2343 395 2397 450 p.
2420 379 2513 445 6i,
2551 381 2643 439 ed.
2679 381 2742 439 Β.
2769 382 2831 440 Β.
2858 384 3084 441 scribit:
3132 382 3293 439 Ἀλλὰ
3318 384 3415 440 καὶ
3436 386 3465 440 ὁ
3490 386 3692 466 Κλήμης

466 464 566 519 τοῦ
621 465 801 521 κοινοῦ
842 466 1294 540 παραδεδώκασι·
1337 471 1433 525 καὶ
1478 470 1843 543 παραδέχεται
1892 468 2049 525 ταῦθ’

467 558 643 624 οὕτως
668 561 947 630 γεγονέναι
974 562 1077 618 οὐκ
1104 562 1314 633 ἀλόγως
1328 563 1624 629 πιστεύσας
1636 565 1758 629 ταῖς
1786 564 2050 637 ῑστορίαις

466 653 497 707 δ
527 654 719 719 πιστὸς
745 654 998 729 Κλήμης,
1022 656 1127 712 ὑπὸ
1141 657 1354 712 Παύλου
1374 656 1838 733 μαρτυρούμενος,
1865 659 2050 730 λέγον-

464 759 576 809 τοςο
621 746 785 801 Μετὰ
810 747 1241 819 Κλήμεντοςμ.
1260 767 1312 805 τ.
1342 751 1392 805 λ.
1415 750 1530 808 Cfr.
1555 750 1577 806 Ι
1608 752 1780 811 Clem.
1806 769 1858 810 c.
1883 754 1973 811 55.

466 834 543 909 (e)
580 836 869 900 Eusebium
897 841 1147 898 eamdem
1184 859 1307 914 quae
1344 860 1491 900 nunc
1523 854 1727 911 exstat,
1749 846 2047 905 Clementis

605 931 895 1001 epistolam
926 942 1055 991 ante
1083 936 1277 992 oculos
1310 936 1595 1005 habuisse,
1618 938 1787 995 verba
1810 939 1932 1012 ejus
1955 956 2047 996 sa-

604 1023 675 1078 tis
699 1024 1103 1084 demonstrant:

537 1111 679 1200 Hist.
703 1118 840 1173 eccl.
866 1117 954 1181 Ill.
990 1119 1057 1175 16
1088 1138 1103 1177 :
1136 1121 1353 1177 Τούτου
1377 1122 1441 1197 δὴ
1486 1118 1579 1179 οὖν
1605 1123 1701 1180 τοῦ
1732 1124 2049 1198 Κλήμεντος

462 1208 865 1285 ὁμολογουμένη
913 1214 1009 1285 μία
1039 1216 1294 1289 ἐπιστολὴ
1335 1217 1593 1290 φέρεται,
1627 1218 1835 1291 μεγάλη
1863 1236 1925 1273 τε
1952 1220 2047 1273 καὶ

464 1299 763 1372 θαυμασία,
808 1305 874 1375 ἣν
904 1305 980 1369 ὡς
1023 1307 1130 1361 ἀπὸ
1156 1309 1255 1380 τῆς
1296 1310 1578 1382 Ῥωμαίων
1620 1310 1942 1382 Ἐκκλησεας
1977 1315 2044 1385 τῇ

462 1394 768 1466 Κορινθίων
795 1397 1189 1465 διετυπώσατο,
1222 1402 1465 1468 στάσεως
1489 1405 1744 1476 τηνικάδε
1775 1405 1920 1459 κατὰ
1944 1407 2046 1480 τὴν

461 1487 725 1559 Κόρινθον
754 1491 1072 1564 γενομένης.

530 1579 668 1639 Ibid.
707 1582 811 1650 ΙΙΙ,
834 1585 904 1639 38
947 1603 962 1642 :
1013 1584 1121 1640 Τοῦ
1166 1587 1479 1660 Κλήμεντος
1517 1590 1577 1644 ὲν
1603 1593 1670 1662 τῇ
1697 1591 2045 1665 ἀνωμολογη-

463 1672 781 1777 ιίιένῃιπαρὰ
828 1680 1013 1745 πᾶσιν,
1067 1681 1135 1752 ἣν
1181 1682 1245 1735 ἐκ
1288 1682 1577 1754 προσώπου
1619 1684 1720 1756 τῆς
1758 1687 2041 1758 Ῥωμαίων
2072 1719 2119 1777 Β

471 1764 796 1839 Ἕκκλησίας
810 1773 876 1843 τῇ
895 1773 1196 1845 Κορινθίων
1210 1775 1597 1832 διετυταῦσατο.
1629 1778 1717 1832 Ἐν
1788 1779 1887 1851 τῆς
1906 1779 2043 1851 πρὸς

464 1858 755 1931 Ἐϐραίους
783 1863 954 1918 πολλὰ
980 1869 1226 1939 νοήματα
1256 1869 1543 1941 παραθεὶς,
1560 1870 1659 1941 ἤδη
1680 1870 1734 1925 δὲ
1761 1872 1855 1926 καὶ
1881 1872 2042 1926 αὐτο-

454 1948 597 2015 λεξεὶ
629 1955 811 2024 ῥητοῖς
839 1955 899 2020 ἐξ
916 1958 1087 2029 αὐτῆς
1113 1959 1544 2031 χρησάμενος,κ.
1569 1979 1620 2017 τ.
1652 1962 1701 2017 λ.

528 2045 826 2115 Epistolam
850 2059 1096 2107 nostram
1127 2069 1271 2125 saepe
1294 2055 1489 2111 iisdem
1514 2056 1699 2112 verbis
1717 2052 1819 2121 uti,
1837 2072 1959 2128 qua:
1984 2058 2040 2114 in

458 2135 700 2224 Epistula
730 2143 798 2197 ad
822 2142 1080 2201 Hebraeos
1109 2146 1486 2216 inveniuntur,
1507 2165 1667 2205 nemo
1696 2150 1874 2205 nescit
1903 2151 2036 2224 (28).

456 2222 520 2305 (Ι)
565 2234 801 2304 Cyrillus
827 2236 1367 2309 Hierosolymitanus,
1385 2242 1608 2300 Catech.
1637 2243 1790 2301 18.c.
1816 2246 1870 2310 8,
1890 2222 2042 2300 fabu-

599 2329 704 2381 lam
735 2328 803 2385 de
834 2332 1089 2400 phoenice
1129 2332 1171 2406 (I
1195 2332 1367 2390 Clem.
1400 2335 1513 2408 25),
1546 2344 1608 2392 ut
1636 2337 1751 2410 ipse
1782 2346 2036 2408 testatur,

597 2438 663 2478 ex
695 2426 934 2487 epistola
958 2426 1256 2484 Clementis
1287 2429 1515 2500 profert.

455 2500 529 2599 ξε)
563 2518 895 2590 Epiphanius
928 2520 1059 2576 haer.
1089 2520 1181 2585 27,
1210 2538 1265 2576 n.
1291 2522 1325 2575 6
1347 2542 1359 2577 :
1382 2523 1553 2593 Λέγει
1584 2527 1696 2595 γὰρ
1719 2525 2028 2599 (Clemens)

457 2594 466 2607 ’
594 2609 664 2662 ἐν
686 2609 796 2680 μιᾷ
846 2611 965 2667 τῶν
990 2613 1330 2668 ἐπιστολῶν
1376 2616 1595 2671 αὐτοῦ’
1635 2635 1654 2669 ι
1706 2618 2036 2689 Ἀναχωρῶ,

602 2704 829 2774 ἄπειμι,
857 2703 1204 2773 ἐνσταθήτω
1251 2708 1285 2761 ὀ
1311 2705 1462 2774 λαὸς
1490 2706 1597 2762 τοῦ
1649 2709 1817 2766 Θεοῦ.
1857 2728 1877 2763 ι
1918 2709 2034 2768 Cfr.

595 2799 842 2864 lClem.,
874 2814 926 2855 c.
955 2798 1044 2853 54.

457 2875 536 2961 (li)
574 2888 935 2962 Hieronymus
977 2889 1153 2946 Catal.
1191 2892 1373 2960 script.
1405 2894 1530 2949 eccl.
1573 2908 1625 2949 c.
1654 2892 1760 2950 I5:
1805 2893 2036 2965 Scripsit

598 2984 895 3053 (Clemens)
918 2998 981 3039 ex
1008 2999 1231 3053 persona
1262 2983 1515 3041 Romana:
1544 2985 1797 3043 Ecclesia:
1834 2988 1903 3042 ad
1929 2988 2034 3043 Ec-

2148 470 2552 547 ἀρχαῖκώτερον
2580 473 2640 545 (f.
2672 477 3098 551 ἁρχαῖκώτερος)
3118 495 3132 511 ο
3152 476 3261 548 Ζῇ,
3292 478 3474 549 φησὶν,
3498 483 3530 535 ὀ
3553 483 3693 562 Θεὸς,

2148 563 2248 619 καὶ
2274 567 2309 620 ὀ
2324 566 2537 636 Κύριος
2577 569 2813 639 Ἰησοῦς
2854 570 3130 640 Χριστὸς,
3161 570 3262 627 καὶ
3303 570 3370 626 τὸ
3393 572 3616 646 Πνεῦμα
3636 578 3697 634 τὸ

2147 656 2318 730 ἄτιον
2346 657 2480 732 (29).
3380 738 3383 739 ν

2221 750 2330 809 Sed
2383 752 2569 810 futiles
2608 762 2738 811 sunt
2775 754 2993 811 illorum
3025 757 3292 826 rationes,
3344 758 3441 830 qui
3471 758 3601 817 hanc
3633 762 3695 818 ob

2147 858 2373 901 causam
2404 848 2740 901 authentiam
2774 848 3023 919 epistolae
3052 857 3257 907 nostra:
3284 851 3691 926 Timpugnarunt;

2147 936 2386 994 fortasse
2425 939 2569 994 enim
2601 954 2791 996 omnes
2838 940 2892 995 hi
2934 941 3063 1006 loci,
3112 959 3347 1013 quorum
3393 961 3585 1016 parvus
3621 957 3696 1007 est

2146 1044 2429 1095 numerus,
2460 1031 2589 1086 olim
2618 1042 2739 1103 post
2763 1042 2926 1104 caput
2951 1034 3020 1089 57
3046 1036 3386 1106 legebantur,
3413 1038 3500 1093 ubi
3528 1038 3692 1097 folium

2146 1119 2418 1193 integrum
2434 1123 2656 1179 excidit.
2680 1125 2841 1181 Certe
2858 1124 3044 1196 ῥῆσις
3060 1128 3153 1182 illa
3178 1128 3389 1192 Basilii.
3417 1138 3477 1184 ut
3494 1130 3694 1205 Freyius

2146 1215 2380 1280 monuit,
2414 1225 2824 1289 peropportune
2855 1219 2934 1273 illi
2963 1220 3086 1277 loco
3115 1222 3401 1287 convenit,
3425 1234 3480 1278 et
3506 1239 3696 1281 accom-

2145 1309 2355 1364 modari
2390 1318 2567 1381 potest
2596 1311 2649 1365 in
2677 1312 2906 1381 epistola
2937 1312 3006 1367 ad
3032 1314 3193 1369 linem
3225 1314 3571 1372 decurrente.

2217 1402 2282 1458 V.
2308 1401 2426 1458 Jam
2453 1405 2520 1458 de
2546 1405 2843 1475 integritate
2865 1404 3158 1461 dicendum
3189 1415 3294 1463 est.

2146 1493 2222 1567 (a)
2255 1494 2455 1551 Eodem
2490 1511 2634 1550 anno
2667 1497 2827 1563 1635,
2860 1514 2971 1568 quo
3000 1499 3236 1568 primum
3263 1499 3494 1570 epistola
3529 1508 3694 1558 nostra

2285 1587 2429 1658 typis
2456 1588 2806 1659 vulgabatur,
2839 1586 3061 1645 Hieron.
3086 1587 3403 1660 Biguonius,
3428 1589 3573 1650 Jctus
3604 1593 3695 1649 Pa-

2287 1680 2515 1746 risinus,
2547 1683 2910 1753 integritatem
2956 1683 3079 1753 ejus
3125 1684 3181 1738 in
3214 1684 3440 1741 dubium
3482 1688 3699 1754 vocavit,

2281 1773 2467 1845 plures
2495 1774 2774 1829 clausulas
2805 1782 2859 1829 et
2883 1789 3045 1831 voces
3071 1775 3318 1846 epistola:
3346 1779 3588 1848 genuina:
3615 1779 3699 1834 ad-

2281 1867 2426 1922 ditas
2439 1881 2561 1922 esse
2577 1874 2795 1938 putans.
2808 1864 3118 1923 Praesertim
3137 1868 3254 1923 viro
3264 1868 3576 1926 doctissimo
3595 1872 3697 1929 dis-

2277 1958 2512 2029 plicebat

2212 2051 2294 2122 (α)
2331 2053 2578 2107 narratio
2600 2053 2667 2109 de
2703 2051 2960 2123 phrenice
2988 2068 3039 2107 c.
3074 2052 3166 2108 25.

2210 2143 2287 2216 (β)
2325 2144 2641 2216 frequentia
2682 2146 3076 2218 epithetoruiu.

2209 2238 2289 2309 (γ)
2323 2254 2431 2294 vox
2457 2238 2646 2303 λαῖκός
2672 2255 2723 2294 c.
2755 2239 2826 2295 40
2851 2249 2905 2295 et

2210 2331 2281 2404 (δ)
2318 2333 2473 2389 locus
2518 2333 2715 2404 capitis
2738 2334 2847 2390 47:
2899 2333 2989 2389 ubi
3021 2332 3271 2391 Ecclesia
3300 2334 3698 2392 Corinthiorum

2135 2424 2341 2497 ἀρχαία
2370 2438 2616 2483 vocatur.

2207 2518 2314 2591 Ipsi
2361 2521 2643 2591 respondit
2674 2518 2830 2592 Hugo
2851 2518 3093 2591 Grotius,
3118 2522 3257 2593 (50),
3284 2523 3434 2578 inter
3466 2523 3570 2578 alia
3592 2537 3697 2576 mo-

2135 2630 2275 2671 nens
2302 2614 2639 2673 Clementem
2668 2617 2789 2672 sine
2816 2617 2984 2672 dubio
3007 2632 3162 2688 atque
3190 2600 3253 2673 ac
3279 2626 3571 2673 auctorem
3588 2617 3694 2687 Epi-

2137 2708 2292 2763 stolas
2339 2707 2408 2763 ad
2440 2706 2698 2766 Hebraeos
2727 2707 2977 2764 Graecum
3021 2725 3331 2766 sermonem
3377 2726 3454 2765 ex
3486 2709 3701 2767 eruditis

2134 2802 2453 2858 auctoribus
2469 2803 2740 2867 hausisse,
2761 2802 2993 2873 ideoque
3010 2802 3258 2857 liberiori
3289 2801 3554 2867 dictione,
3581 2816 3699 2868 non,

2134 2901 2196 2949 ut
2248 2893 2614 2967 ἑϐραῖζουσιν,
2662 2895 2720 2950 in
2754 2894 3015 2951 minutias
3061 2895 3307 2961 concisa,
3358 2895 3463 2950 sed
3514 2894 3702 2966 largius

2134 2985 2346 3054 fluenti,
2377 3002 2541 3043 usum
2572 3003 2720 3043 esse.

595 3078 810 3132 clesiam
861 3075 1259 3132 Corinthiorum
1305 3077 1457 3133 valde
1502 3079 1683 3135 utilem
1722 3081 2024 3150 epistolam,
2050 3081 2100 3144 α
2198 3078 2351 3145 Quod
2384 3080 2754 3135 narrationem
2790 3078 2859 3134 de
2905 3078 3157 3150 phoenice
3198 3079 3414 3145 attinet,
3464 3080 3555 3135 alii
3578 3094 3703 3149 quo-

597 3186 715 3240 qua:
770 3179 820 3224 et
858 3170 914 3223 in
952 3168 1220 3225 nonnullis
1251 3168 1381 3225 locis
1422 3169 1627 3240 publice
1668 3173 1878 3245 legitur,
1915 3192 2031 3246 qua:

595 3265 725 3319 mihi
754 3264 960 3320 videtur
988 3265 1287 3321 characteri
1315 3266 1573 3336 epistola,
1608 3285 1727 3338 quia
1748 3270 1845 3324 sub
1868 3270 2033 3326 Pauli

595 3361 807 3415 nomine
838 3360 907 3414 ad
962 3359 1216 3418 Hebraeos
1259 3364 1451 3433 fertur,
1495 3363 1789 3420 convenire.
1836 3363 1946 3420 Sed
1983 3376 2035 3420 et

592 3454 773 3508 multis
796 3453 860 3508 de
880 3455 1061 3510 eadem
1082 3456 1328 3526 epistola,
1342 3476 1447 3512 non
1465 3459 1637 3514 solum
1660 3458 1923 3526 sensibus,
1941 3459 2031 3516 sed

583 3549 747 3617 juxta
769 3548 1043 3603 verborum
1063 3566 1267 3621 quoque
1300 3551 1537 3607 ordinem
1560 3552 1819 3609 abutitur.

446 3660 447 3663 η
525 3640 667 3696 Idem
715 3641 811 3696 lib.
875 3654 968 3696 xxv
1030 3640 1830 3715 Comment.in!sai.,c.u|,l5
1861 3664 1875 3699 :
1907 3643 2032 3701 Cle-

452 3751 620 3795 mens,
652 3733 733 3787 uir
770 3733 1115 3802 apostolicus,
1146 3735 1237 3805 qui
1274 3744 1392 3802 post
1422 3734 1641 3790 Petrum
1682 3738 1818 3790 rexit
1850 3736 2033 3792 Eccle-

442 3825 808 3889 -siam,scribit
836 3822 904 3878 ad
919 3823 1223 3881 Corinthios
1246 3841 1264 3879 :
1284 3845 1302 3878 ‹
1328 3825 1603 3896 Sceptrum
1630 3827 1745 3892 Dei,
1776 3828 2033 3887 Dominus

448 3919 607 3973 Jesus
635 3916 907 3983 Christus,
938 3936 1043 3972 non
1068 3920 1203 3974 venit
1236 3920 1291 3974 in
1310 3920 1583 3989 jactantia
1607 3920 1885 3990 superbia,
1912 3939 2032 3977 cum

448 4012 614 4081 possit
646 4012 846 4076 omnia,
866 4010 955 4066 sed
985 4012 1039 4067 in
1064 4011 1384 4069 humilitate.
1412 4033 1430 4067 ι
1457 4012 1571 4067 Cfr.
1598 4012 1618 4067 Ι
1648 4013 1912 4078 Clem.,c.
1942 4014 2030 4071 16.

442 4110 447 4115 ’
524 4105 669 4162 Idem
703 4106 802 4161 lib.
843 4117 863 4160 ι
895 4105 1203 4162 Comment.
1221 4106 1275 4160 in
1290 4105 1388 4176 Ep.
1405 4111 1476 4164 ad
1490 4107 1839 4178 Eph.,c.n,2
1865 4126 1879 4165 :
1908 4106 2032 4165 Cle-

444 4184 617 4263 rmens,
645 4200 699 4254 in
733 4198 960 4269 epistola
988 4215 1087 4253 sua
1111 4199 1333 4253 scribit:
1359 4198 1600 4255 Oceanus
1624 4207 1675 4253 et
1705 4198 1911 4266 mundi,
1942 4201 2035 4273 qui

434 4274 601 4351 {trans
626 4293 799 4363 ipsum
832 4301 977 4347 sunt.
1007 4290 1124 4346 Cfr.
1154 4290 1174 4345 Ι
1202 4290 1374 4348 Clem.
1406 4308 1459 4347 c.
1487 4291 1581 4348 20.

522 4386 666 4443 Idem
696 4384 831 4441 ibid.
886 4384 983 4440 lib.
1027 4402 1086 4451 n,
1131 4384 1199 4439 ad
1228 4386 1423 4446 c.Iv.t
1463 4403 1478 4441 :
1519 4383 1686 4457 Cujus
1716 4388 1792 4441 rei
1822 4394 1872 4441 et
1905 4384 2024 4442 Cle-

435 4479 592 4534 'mens
623 4477 691 4532 ad
723 4476 1023 4534 Corinthios
1048 4478 1195 4532 testis
1226 4487 1306 4533 est
1328 4491 1347 4530 :
1376 4495 1395 4530 ι
1437 4477 1716 4533 Vinculum
1737 4479 2020 4537 charita'tis

438 4566 548 4627 Dei
569 4572 684 4643 quis
714 4572 903 4641 poterit
932 4573 1224 4626 enarrare?
1262 4589 1282 4624 ι
1316 4569 1431 4626 Cfr.
1466 4570 1675 4627 lClem.
1698 4587 1750 4628 c.
1777 4571 1870 4631 49.

517 4663 858 4720 Testimonia
891 4664 1255 4735 posteriorum
1290 4670 1592 4720 taceamus.
1854 4672 1859 4677 ‘

432 4758 438 4769 '
518 4754 608 4811 IV.
638 4755 897 4811 Nonnulli
928 4765 1174 4811 veterum
1218 4756 1369 4810 locos
1397 4755 1643 4827 epistolae
1668 4756 2024 4816 Clementina:

446 4851 697 4916 laudant,
727 4851 821 4921 qui
847 4850 904 4905 in
944 4850 1153 4905 nostris
1172 4849 1587 4921 exemplaribus
1608 4865 1717 4905 non
1742 4850 2020 4923 leguntur.

431 4929 512 5003 ’E.
544 4962 599 5018 κ.
631 4943 896 5008 Basilius,
927 4944 1024 5000 lib.
1058 4943 1127 5000 de
1169 4941 1377 5014 Spiritu
1406 4952 1599 4999 sancto
1620 4958 1671 5000 c.
1703 4943 1796 5011 ea,
1840 4959 1896 5000 ιι.
1929 4944 2021 5009 72,

428 5166 757 5239 '(28)'Multi
790 5173 1182 5239 .autumarunt,
1201 5174 1300 5220 aut
1326 5165 1660 5239 Clementem
1698 5166 1878 5239 ipsum
1903 5168 2025 5239 epi-

591 5240 789 5294 stolam
835 5238 901 5293 ad
950 5235 1207 5292 Hebraeos
1240 5238 1553 5307 scripsisse,
1593 5247 1687 5292 aut
1718 5235 1870 5295 certe
1902 5235 2022 5295 eam

590 5311 645 5364 in
683 5324 785 5364 sua
810 5307 1101 5381 scribenda
1132 5309 1801 5381 ante_oc_ti_los_habiiisse.
1839 5307 2025 5381 Longe

591 5381 752 5435 aliter
778 5377 1016 5449 coniicit
1032 5377 1305 5449 ADrJlack
1347 5374 1615 5446 (Tubing.
1644 5375 1806 5433 tbeol.
1844 5374 2023 5449 Quare

599 5445 1081 5522 talschrift'1838,
1150 5446 1286 5505 fasc.
1351 5464 1444 5512 ιιι.
1492 5445 1562 5529 ρ.
1608 5449 1716 5505 385
1752 5450 1921 5575 sam),
1969 5448 2023 5504 id

599 5536 783 5575 aaens.
828 5528 887 5572 ut
922 5518 1084 5572 nobis
1117 5523 1398 5575 ostendat.
1442 5521 1732 5575 epistolam
1825 5520 2023 5575 Iemen-

593 5536 783 5588 agens.
820 5518 887 5572 ἰιι
922 5518 1084 5572 nobis
1117 5523 1398 5581 ostendat,
1442 5518 1732 5588 epistolam
1778 5518 2025 5576 Clemen-

595 5593 665 5660 tis
681 5588 920 5657 Epistola
945 5588 1011 5660 ad
1045 5588 1304 5660 "eburnos
1326 5588 1497 5644 fuisse
1525 5589 1784 5660 priorem,
1811 5600 1866 5645 et
1885 5590 2026 5647 hanc

595 5659 662 5734 ad
694 5659 995 5734 Clementis
1024 5659 1331 5734 epistolam
1353 5660 1491 5715 bene
1532 5660 1675 5731 apud
1705 5659 2023 5734 Corinthios

599 5728 1070 5786 iutroduceudam’
1105 5728 1434 5798 confectam,
1491 5728 1699 5787 et'una
1726 5746 1852 5787 cum
1897 5728 2022 5791 Cle-

2133 3186 2241 3241 que
2278 3179 2544 3239 veterum,
2574 3187 2624 3228 e.
2656 3188 2708 3243 g.
2742 3170 2966 3228 Tacitus
3000 3171 3221 3244 (Annal.
3256 3189 3330 3236 vi,
3375 3172 3480 3243 28)
3512 3183 3563 3228 et
3604 3171 3702 3225 Pli-

2133 3263 2261 3319 nius
2290 3261 2395 3334 (H.
2419 3261 2493 3317 Ν.
2514 3277 2610 3332 vn,
2643 3264 2712 3320 49
2748 3280 2764 3331 ;
2796 3277 2915 3329 xm,
2945 3261 2977 3318 9
3008 3280 3023 3331 ;
3055 3278 3204 3330 xxxx,
3234 3262 3288 3335 9)
3316 3264 3500 3320 eidem
3521 3264 3704 3320 fabula:

2133 3354 2293 3410 Iidem
2331 3354 2622 3411 habebant.

2203 3443 2504 3502 Ecclesiam
2554 3446 2966 3503 Corinthiorum
3010 3446 3123 3517 jam
3172 3461 3203 3500 a
3261 3446 3581 3513 Clemente,
3625 3462 3705 3503 re-

2134 3549 2323 3610 spectu
2355 3541 2584 3595 aliarum
2611 3539 3006 3604 Ecclesiarum,
3038 3538 3274 3611 ἀρχαίαν
3303 3541 3573 3612 appellari
3611 3554 3692 3611 p0-

2132 3633 2328 3698 tuisse,
2359 3650 2520 3690 nemo
2549 3636 2787 3705 negabit.

2206 3724 2448 3798 Denique
2469 3727 2536 3783 de
2560 3744 2691 3784 voce
2716 3730 2928 3799 λατκός
2950 3744 3072 3802 qua:
3088 3728 3323 3785 dicenda
3349 3737 3509 3797 sunt,
3536 3730 3592 3785 in
3614 3742 3707 3783 no-

2136 3819 2207 3875 tis
2237 3819 2303 3873 ad
2333 3836 2383 3876 c.
2410 3820 2481 3877 40
2506 3823 2771 3893 reperies.

2136 3912 2216 3984 (b)
2248 3912 2425 3985 Supra
2459 3915 2571 3985 jam
2602 3915 2864 3982 diximus,
2895 3917 3229 3974 Clementem
3275 3917 3707 3974 Alexandrinum

2276 4008 2445 4062 multa
2461 4009 2706 4080 epistolae
2735 4017 2940 4065 nostra:
2969 4010 3150 4081 capita
3179 4011 3255 4078 (l.
3278 4010 3483 4065 9-12,
3502 4011 3590 4065 17.
3625 4008 3707 4064 18.

2272 4099 2361 4155 2|.
2409 4100 2500 4159 2‘3.
2531 4101 2619 4156 56.
2655 4102 2744 4157 58.
2776 4103 2868 4158 41).
2914 4103 3004 4158 ΔΙ.
3037 4103 3128 4159 48.
3169 4104 3392 4161 49.50.
3440 4105 3531 4161 5|.
3574 4103 3706 4172 53.),

2276 4200 2419 4248 tecto
2460 4192 2691 4249 Romani
2722 4194 3020 4251 Clementis
3052 4198 3293 4260 nomine,
3326 4196 3707 4267 excerpsisse,

2273 4295 2326 4343 et
2376 4286 2695 4342 abbreviata
2753 4288 2898 4343 libro
2959 4296 3157 4359 quarto
3215 4287 3561 4344 Stromatum
3629 4287 3710 4342 in-

2277 4381 2519 4437 texuisse
2545 4380 2681 4452 (51).
2708 4378 2995 4437 Eduardus
3021 4380 3477 4437 veroBernardus
3513 4391 3567 4437 et
3591 4377 3709 4434 Cle-

2269 4472 2421 4529 ricus
2456 4473 2510 4527 in
2555 4481 2789 4546 utraque
2818 4472 3330 4530 Amstzelodamensi
3359 4474 3707 4530 Coteleriana

2263 4566 2502 4623 editione
2530 4565 2753 4622 Patrum
2781 4568 3230 4637 apostolicorum,
3272 4569 3709 4639 suspicabantur

2267 4676 2462 4717 omnes
2488 4660 2591 4716 hos
2622 4661 2771 4717 locos
2816 4659 3247 4715 Alexandrinum
3280 4660 3467 4732 ipsum
3507 4660 3707 4715 habere

2266 4761 2569 4819 auctorem,
2598 4770 2629 4810 e
2656 4754 2818 4824 cujus
2849 4754 2990 4809 libro
3027 4753 3416 4826 interpolatam
3453 4770 3586 4811 esse
3609 4768 3708 4809 uo-

2266 4858 2432 4904 stram
2458 4848 2746 4921 epistolam
2773 4848 3130 4904 contendunt.

2194 4939 2309 4999 Illis
2339 4941 2579 4999 accessit
2604 4939 2930 4999 Laurentius
2943 4938 3204 4997 Mosheim
3228 4936 3297 4996 γ.
3328 4939 3393 4996 C.
3433 4939 3576 5013 (32).
3602 4938 3705 5012 Ipsi

2266 5167 2468 5225 mentis
2489 5166 2722 5238 epistola
2744 5165 2926 5221 datam
2947 5180 3073 5222 esse
3091 5163 3159 5219 ad
3184 5164 3531 5223 Corinthios.
3562 5166 3704 5220 Mac—

2266 5238 2414 5286 Irinm
2469 5238 2804 5286 immmnavit
2852 5233 2921 5286 W
2985 5230 3049 5286 Γ.
3091 5235 3266 5286 Rinck
3310 5237 3362 5286 in
3434 5236 3710 5286 Ullmanni

2263 5238 2414 5294 Itium
2468 5233 2804 5321 impugnavit
2852 5233 2921 5288 W
2985 5233 3049 5286 F.
3091 5235 3266 5318 [thick
3309 5237 3362 5293 in
3434 5236 3710 5293 Ullmanui

2263 5309 2417 5366 Stud.
2446 5308 2658 5366 ethru.
2720 5308 2887 5365 1859.
2922 5301 3056 5362 fasc.
3113 5322 3194 5370 tv,
3222 5324 3275 5378 p.
3306 5306 3447 5362 1002
3473 5324 3561 5376 sq.
3639 5376 3678 5378 __

2196 5381 2312 5453 (29)
2353 5381 2614 5453 Reliquos
2672 5379 2823 5435 locos
2873 5376 3503 5449 reperiesiniCalland.
3560 5376 3699 5433 Bibl.

2157 5463 2197 5510 t.
2224 5452 2267 5513 I.
2294 5451 2357 5523 'p.
2389 5451 2459 5506 44
2481 5468 2565 5521 sq.

2194 5522 2310 5592 (50)
2339 5520 2478 5577 Vide
2510 5536 2698 5592 supra.
2732 5520 2839 5592 col.
2869 5519 2960 5592 t7.

2218 5591 2310 5648 51)
2344 5592 2459 5647 Cir.
2490 5591 2613 5647 Not.
2644 5592 2680 5645 2
2708 5591 2774 5643 ml
2807 5605 2856 5645 c.
2888 5591 2942 5646 9.
3310 5622 3313 5625 η

2218 5594 2310 5661 51)
2344 5594 2459 5647 Cir.
2490 5594 2613 5647 Not.
2644 5594 2680 5645 2
2708 5594 2774 5643 ml
2807 5605 2856 5645 c.
2888 5594 2942 5646 9.
3310 5622 3313 5625 η

2194 5594 2316 5739 Ιὸἓ)
2350 5661 2527 5729 Instit.
2555 5664 2681 5722 hist.
2704 5662 2815 5719 chr.
2838 5660 3098 5736 majores,
3152 5676 3207 5728 ι).
3240 5656 3363 5715 ili.
3393 5672 3487 5729 sq.
