3916 6326
253 367 355 423 493

242 587 472 645 quorum
508 571 656 625 nulla
683 578 768 625 est
797 585 920 623 cum
949 570 1206 633 consilio,
1238 569 1554 624 Corinthios
1583 569 1652 623 ad
1679 585 1814 624 con-

241 664 484 721 cordiam
515 663 772 725 vocandi,
823 664 1098 733 cognatio.
1132 662 1349 728 Priora,
1398 663 1597 732 inquit,
1641 659 1818 715 decem

238 759 414 826 capita
459 757 702 827 quwdam
747 753 939 809 habent
966 756 1184 826 vestigia
1225 772 1417 809 manus
1460 755 1696 823 fallacis,
1727 754 1817 808 sed
1898 781 1901 788 -

238 869 338 904 non
373 852 457 903 ita
491 850 660 902 multa
687 864 705 902 :
732 850 1062 919 persequitur
1093 859 1280 902 auctor
1308 858 1615 904 constanter
1644 850 1820 904 consi-

239 946 366 998 lium
395 961 575 999 suum.
619 945 688 998 At
718 944 888 1012 capite
919 942 968 995 X
976 942 1003 996 1
1031 952 1081 996 et
1119 942 1167 996 X
1175 941 1238 996 11
1272 943 1342 996 ad
1383 943 1539 1013 ﬁdem
1566 952 1616 997 et
1643 942 1822 1012 hospi-

238 1038 500 1090 talitatem
531 1035 1000 1090 commendandam
1033 1035 1253 1100 accedit,
1282 1037 1338 1090 in
1367 1053 1468 1106 quo
1489 1037 1638 1090 nulla
1663 1038 1820 1106 plane
1897 1059 1904 1062 ·

239 1138 456 1196 apparet
488 1129 806 1182 cohazrentia
834 1144 953 1180 cum
975 1127 1407 1198 praecedentibus.
1429 1128 1693 1194 Quocirca
1721 1143 1817 1198 pa-

237 1237 348 1272 rum
375 1219 552 1284 abest,
593 1222 718 1290 quin
760 1220 870 1275 hac
893 1221 1068 1285 capita
1109 1220 1400 1274 existimem
1437 1221 1645 1274 intrusa
1685 1237 1815 1275 esse.

240 1312 387 1366 Redit
439 1314 507 1366 ad
553 1315 854 1366 institutum
900 1312 1138 1367 Clemens
1170 1314 1339 1381 capite
1373 1311 1552 1376 XIII,
1597 1322 1646 1367 et
1673 1315 1727 1367 in
1758 1330 1818 1367 eo

235 1407 403 1476 pergit
442 1407 509 1458 ad
531 1423 580 1460 τ.
611 1405 804 1460 XXII.
839 1404 956 1459 Hoc
977 1423 1095 1460 vero
1121 1405 1292 1475 capite
1314 1414 1540 1475 repente,
1565 1405 1714 1459 nulla
1737 1406 1818 1475 ip-

236 1515 347 1550 sum
362 1501 577 1552 ratione
599 1500 871 1563 invitante,
895 1497 964 1551 ad
981 1507 1343 1568 argumentum
1363 1499 1510 1568 longe
1527 1498 1674 1552 aliud
1693 1512 1818 1566 pro-

237 1599 405 1658 perat,
450 1590 520 1642 ad
557 1591 994 1644 resurrectionem
1047 1607 1329 1659 corporum
1357 1600 1711 1654 mortuorum,
1753 1594 1817 1644 de

236 1700 332 1752 qua
355 1682 434 1735 ad
456 1693 612 1751 caput
631 1699 795 1750 usque
821 1682 923 1736 XX
938 1681 1083 1736 VIII
1098 1681 1332 1738 disserit.
1350 1682 1536 1752 Capite
1555 1682 1815 1737 XXVIII

235 1776 470 1828 instituti
500 1777 586 1829 sui
609 1774 878 1829 recordari
896 1775 1099 1830 videtur
1124 1775 1348 1838 iterum;
1377 1785 1530 1845 atque
1548 1775 1702 1845 hujus
1723 1793 1816 1829 ca-

234 1869 350 1935 pitis
379 1868 601 1921 initium
628 1867 753 1922 bene
775 1869 1006 1922 concinit
1032 1869 1128 1938 ﬁni
1160 1869 1353 1938 capitis
1382 1867 1544 1930 XXI,
1569 1867 1818 1938 difﬁcilli-

236 1978 311 2014 me
336 1977 462 2014 vero
484 1977 605 2014 cum
631 1961 777 2015 exitu
801 1961 992 2030 capitis
1018 1960 1123 2013 XX
1138 1960 1246 2014 VII
1274 1961 1429 2032 jungi
1449 1971 1640 2030 potest.
1669 1962 1817 2029 Qua-

237 2063 448 2120 propter
471 2068 590 2122 que
614 2053 678 2106 de
702 2052 1016 2106 cadaverum
1043 2054 1097 2106 in
1123 2055 1285 2107 vitam
1311 2053 1481 2107 reditu
1506 2055 1819 2124 prmeipiun-

243 2154 323 2197 tur
348 2161 444 2198 sea:
471 2146 763 2214 capitibus,
797 2145 1031 2214 subjecta
1069 2145 1308 2199 videntur
1335 2163 1447 2200 esse
1485 2145 1813 2204 Clementi...

244 2237 422 2308 Neque
442 2240 634 2293 melius
657 2240 902 2292 existimo
930 2237 993 2293 de
1017 2238 1280 2308 capitibus
1303 2237 1399 2292 XL
1418 2239 1597 2293 —-XL
1613 2240 1652 2294 V
1680 2250 1729 2294 et
1752 2241 1817 2296 de

239 2333 406 2396 capite
439 2329 538 2384 LV
582 2331 769 2401 quibus
816 2347 878 2384 ea
914 2330 1080 2397 legas,
1113 2346 1231 2401 qua
1277 2331 1412 2385 nulli
1439 2341 1722 2400 potuerunt
1761 2334 1817 2388 in

235 2433 459 2476 mentem
506 2424 679 2477 venire
715 2424 819 2476 nisi
861 2422 1081 2489 homini,
1127 2424 1207 2476 rei
1233 2440 1392 2493 quant
1439 2425 1572 2494 agit,
1598 2440 1816 2493 prorsus

236 2515 554 2570 immemori.

300 2607 462 2673 Quod
484 2608 748 2663 Bernardi
765 2617 817 2663 et
837 2609 1031 2666 Clerici
1050 2609 1242 2665 attinet
1262 2612 1814 2682 argumentationem,

235 2701 367 2755 bene
399 2701 688 2755 Wottonus
734 2702 847 2772 (3'5)
883 2705 954 2757 ita
994 2704 1221 2759 disserit
1254 2721 1268 2756 :
1303 2704 1458 2758 Irriti
1490 2715 1663 2760 tamen
1695 2716 1818 2760 sunt

236 2795 388 2864 hujus
427 2806 680 2850 conatus.
739 2797 844 2863 Qui
899 2798 1036 2850 enim
1085 2797 1180 2851 hoc
1247 2799 1402 2853 ntodo
1437 2815 1504 2853 ex
1555 2798 1820 2855 Clemente

237 2889 607 2943 Alexandrino
649 2891 845 2960 arguit,
875 2901 965 2944 aut
1006 2908 1123 2944 eum
1174 2909 1277 2945 non
1330 2892 1489 2961 probe
1533 2895 1694 2958 novit,
1725 2903 1820 2947 aut

235 2984 374 3036 mala
398 2983 514 3050 ﬁde
541 2983 666 3052 agit.
697 2981 893 3037 Eadem
917 2985 1053 3038 enim
1083 2986 1286 3039 ratione
1317 2995 1492 3039 actum
1515 2987 1616 3040 erit
1640 2987 1702 3042 de
1722 3003 1821 3041 au-

236 3076 430 3129 thentia
464 3086 518 3130 et
535 3077 637 3145 ﬁde
655 3093 835 3131 eorum
855 3079 1107 3140 omnium,
1126 3078 1216 3149 qui
1243 3095 1276 3132 a
1303 3076 1566 3134 Clemente
1588 3080 1822 3134 Alexan-

234 3167 384 3222 drino
424 3186 655 3238 usquam
687 3171 940 3234 citantur,
974 3173 1308 3240 scriptorum.
1343 3172 1512 3227 Nemo
1539 3174 1678 3228 enim
1710 3174 1820 3229 Pa-
1844 3190 1889 3250 α

237 3271 372 3314 trum
391 3261 605 3330 majore
638 3263 848 3316 licentia
875 3280 1001 3318 usus
1030 3275 1106 3318 est
1132 3266 1185 3318 in
1215 3266 1444 3320 citandis
1487 3267 1814 3332 auctoribus,

235 3354 338 3407 sice
367 3357 572 3418 sacris,
602 3355 707 3408 sive
740 3357 991 3419 ethnicis;
1018 3373 1134 3410 cum
1166 3358 1213 3411 ei
1235 3358 1288 3412 in
1320 3375 1462 3413 more
1492 3361 1581 3422 sit,
1607 3376 1710 3414 non
1737 3361 1820 3413 in-

237 3457 379 3516 tegra
411 3457 702 3502 auctorum
733 3447 884 3502 t'erba
910 3465 1113 3517 semper
1146 3450 1392 3513 recitare,
1430 3451 1521 3505 sed
1551 3467 1646 3521 pro
1674 3453 1820 3506 arbi-

237 3543 336 3594 trio
374 3559 482 3595 suo
511 3559 648 3596 nunc
678 3543 1003 3607 contrahere,
1030 3562 1167 3598 nunc
1194 3545 1259 3600 de
1287 3563 1384 3600 suo
1424 3548 1670 3613 inserere,
1707 3547 1819 3602 alia

235 3636 504 3697 amittere,
528 3637 639 3688 alia
669 3636 832 3689 variis
857 3635 1026 3692 modis
1056 3648 1282 3694 mutare.

302 3747 616 3805 Moshemio
646 3747 884 3821 denique
915 3751 990 3806 ita
1023 3752 1460 3822 respondeamus
1490 3773 1504 3810 :

236 3863 310 3930 (α)
344 3864 525 3933 Capp.
561 3863 630 3917 XI
667 3873 720 3920 et
760 3864 854 3920 XII
893 3866 1140 3935 epistolae
1177 3874 1385 3923 nostra:
1427 3884 1552 3924 cum
1592 3879 1815 3928 antece-

373 3956 643 4013 dentibus
675 3958 813 4012 bene
848 3959 1147 4022 cohterent,
1181 3961 1384 4031 quippe
1414 3978 1536 4032 quae
1567 3963 1816 4019 eamdem

372 4067 509 4105 cum
537 4051 622 4105 his
656 4053 937 4106 materiam
979 4060 1237 4118 tractent,
1274 4055 1485 4110 incidite
1511 4056 1820 4112 Corinthio-

375 4158 504 4197 rum
522 4145 772 4213 exempla
801 4143 1202 4213 hospitalitatis,
1234 4147 1454 4217 pietatis
1479 4155 1533 4204 et
1563 4147 1690 4204 lidei
1719 4163 1820 4220 op-

376 4243 625 4306 ponant,
660 4236 933 4308 simulque
976 4253 1167 4307 pinnas
1207 4239 1548 4294 dissensionis
1593 4239 1678 4312 (c.
1713 4239 1818 4313 XI)

376 4327 699 4398 ostendant.

236 4443 312 4515 (β)
347 4443 463 4501 Nec
494 4447 676 4515 capita
706 4442 1164 4503 XXIII—XXVIII
1189 4464 1218 4502 a
1249 4449 1485 4504 consilio
1520 4447 1818 4508 Clementis

1463 359 1806 418 Ριιοαειιιλ
1845 359 2232 418 νΑηιοκωι.

244 480 387 538 enim
416 477 472 532 in
513 477 746 548 epistola
793 483 985 530 nostra
1036 473 1205 531 multa
1243 476 1473 546 proferri
1521 476 1813 538 videntur,
1844 477 1891 534 Α

3392 367 3492 424 ΙΝ

2057 474 2359 530 Clementis
2377 481 2728 549 respondent,
2750 480 3026 551 simulque
3047 479 3354 536 arctissime
3369 497 3496 540 cum

2059 567 2333 638 capitibus
2358 569 2427 623 37
2457 579 2510 625 et
2533 573 2602 626 38
2628 574 2927 631 cohaerent.

1919 655 1990 726 (δ)
2047 658 2226 729 Caput
2249 658 2485 732 denique
2506 661 2593 716 LV
2628 667 2703 719 nil
2729 667 2835 720 nisi
2875 667 3126 736 exempla
3166 667 3288 735 ejus
3317 667 3501 724 chari-

2059 750 2189 805 tatis
2224 752 2455 821 profert,
2487 754 2556 810 de
2583 772 2690 826 qua
2727 758 2907 828 capite
2939 759 3285 815 antecedenti
3328 762 3498 814 verba

2062 841 2281 898 ﬁebant.

1919 930 1991 1004 (ε)
2063 932 2235 988 Porro
2263 939 2524 992 nonnulla
2557 942 2758 1011 capita,
2793 939 3097 997 Moshemio
3124 943 3494 1013 displicentia,

2056 1025 2167 1094 iam
2200 1042 2230 1080 a
2267 1026 2558 1087 Veteribus
2584 1034 2877 1088 laudantur
2900 1043 2956 1088 et
2985 1036 3247 1099 citantur,
3271 1053 3323 1091 e.
3362 1055 3414 1108 ε.
3441 1055 3495 1098 c.

2061 1117 2172 1172 LIV
2205 1121 2274 1174 ab
2303 1121 2540 1194 Origene
2571 1127 2624 1179 in
2653 1124 2853 1183 loann.
2880 1144 2920 1193 I,
2951 1127 3060 1196 29;
3085 1146 3137 1186 c.
3170 1129 3314 1185 XXV
3337 1147 3368 1185 ε
3389 1130 3499 1202 Cy-

2059 1211 2184 1265 rillo
2213 1211 2427 1271 Hieros.
2462 1215 2687 1272 Catech.
2716 1218 2806 1282 18,
2834 1219 2890 1274 8.

1917 1298 1995 1372 (ξ)
2069 1302 2263 1359 Omnia
2296 1308 2475 1378 capita
2520 1309 2572 1364 in
2614 1310 2840 1366 dubium
2869 1323 3061 1367 vocata
3091 1314 3147 1368 in
3177 1315 3497 1385 antiquissi-

2061 1411 2150 1450 mo
2179 1397 2271 1451 illo
2305 1400 2494 1454 codice
2522 1402 2891 1458 Alexandrino
2913 1406 3282 1474 reperiuntur.

1919 1487 2000 1560 (η)
2073 1488 2252 1555 Quum
2291 1493 2520 1561 ePistola
2565 1496 2862 1552 Clementis
2907 1499 3122 1567 publice
3152 1499 3204 1552 in
3232 1498 3496 1558 Ecclesiig

2059 1585 2463 1655 praelegeretur,
2510 1587 2602 1642 vix
2651 1589 2768 1644 fieri
2813 1598 3050 1660 poterat,
3081 1600 3139 1646 ut
3168 1593 3238 1648 ab
3277 1592 3498 1650 homine

2063 1677 2311 1746 improbo
2337 1678 2657 1736 fcedaretur.

1923 1765 2000 1838 (θ)
2075 1767 2214 1839 Styli
2245 1783 2309 1824 ac
2333 1771 2606 1826 orationis
2628 1773 2924 1828 diversitas
2948 1775 3144 1830 nullibi
3178 1776 3232 1830 in
3262 1777 3496 1848 epistola

2057 1869 2245 1916 nostra
2271 1873 2352 1918 est
2381 1866 2720 1935 reperienda.

1989 1949 2074 2006 Vl.
2109 1951 2494 2010 Recentiorum
2529 1968 2837 2029 temporum
2862 1963 2964 2017 viri
3000 1961 3149 2017 docti
3190 1971 3246 2018 et
3273 1965 3499 2018 authen-

1920 2047 2048 2099 tiam
2078 2055 2132 2102 et
2158 2048 2510 2117 integritatem
2550 2052 2741 2122 prima:
2785 2053 3083 2111 Clementis
3131 2057 3375 2128 epistolae
3427 2059 3496 2113 ad

1920 2154 2088 2194 unum
2119 2155 2310 2198 omnes
2341 2153 2665 2214 agnoscunt,
2693 2154 2749 2202 et
2773 2148 2926 2202 nulla
2959 2149 3074 2218 jam
3103 2150 3322 2219 gravior
3337 2149 3500 2208 dubi-

1918 2235 2055 2287 tatio
2071 2233 2173 2289 hac
2193 2235 2262 2289 de
2295 2253 2351 2291 re
2385 2247 2651 2294 movetur.
2682 2239 2858 2306 Quem
2885 2241 3214 2297 enimlateat
3239 2242 3499 2310 primaeva

1919 2325 2264 2396 simplicitas,
2287 2344 2395 2399 qua
2435 2335 2685 2395 ornatur,
2715 2333 3031 2403 evangelica
3072 2334 3362 2404 sapientia,
3389 2348 3499 2403 qua

1917 2419 2156 2481 excellit,
2182 2421 2480 2490 apostolica
2506 2424 2839 2492 praedicatio,
2870 2439 3032 2498 quam
3057 2426 3348 2480 sonathzec
3373 2425 3497 2480 Cle-

1918 2513 2118 2566 mentis
2157 2514 2420 2583 epistola?
2451 2515 2643 2572 Nonne
2669 2519 2788 2572 viro
2822 2519 3124 2588 apostolico
3165 2534 3229 2574 ea
3265 2535 3325 2574 se
3361 2532 3498 2588 prte-

1919 2601 2011 2657 bet
2037 2604 2452 2675 dignissimam?
2474 2607 2670 2663 Omnia
2701 2625 2836 2666 sane
2865 2610 2916 2665 ei
2951 2613 3251 2668 authentiaa
3291 2613 3497 2669 indicia

1921 2695 2144 2752 adsunt.
2179 2697 2321 2753 Audi
2350 2697 2673 2756 Wottonum
2709 2703 2823 2775 (54)
2856 2719 2872 2759 :
2915 2703 2978 2758 In
3010 2706 3128 2769 illa,
3163 2704 3362 2776 inquit,
3393 2722 3497 2759 non

1919 2788 2147 2843 violatur
2176 2791 2420 2861 temporis
2452 2795 2614 2859 ratio,
2644 2795 2778 2849 nihil
2806 2806 2996 2850 contra
3025 2798 3354 2870 (antiquam)
3392 2798 3494 2852 Ec-

1920 2878 2096 2934 clesia:
2139 2881 2479 2953 disciplinam
2517 2887 2850 2952 instituitur;
2897 2889 3029 2943 nihil
3069 2900 3256 2944 contra
3299 2891 3501 2944 doctri-

1922 2987 2046 3025 nam
2079 2972 2441 3029 Christianam
2481 2979 2822 3047 prwcipitur;
2851 2982 3019 3051 stylus
3050 2998 3113 3036 ac
3149 2982 3355 3038 dicendi
3389 2999 3500 3038 me-

1922 3065 2110 3120 thodus
2149 3069 2387 3135 proxime
2436 3073 2689 3125 accedunt
2724 3072 2794 3125 ad
2827 3071 3034 3126 Novum
3083 3073 3496 3143 Testamentum,

1921 3173 2084 3229 neque
2114 3159 2335 3230 aliquid,
2377 3162 2515 3231 quod
2543 3181 2646 3216 non
2677 3174 2754 3217 est
2786 3167 3016 3220 maxime
3045 3166 3154 3219 viro
3203 3169 3497 3235 apostolico

1921 3252 2158 3322 dignum,
2192 3253 2246 3306 in
2276 3270 2339 3307 ea
2371 3257 2648 3324 reperitur.
2673 3255 2739 3310 Et
2765 3259 2872 3312 alio
2898 3258 3018 3312 loco
3037 3259 3180 3329 (55):
3215 3259 3324 3314 Illa
3352 3261 3426 3314 vis
3447 3269 3498 3314 et

1921 3346 2171 3417 ἐνέργεια
2199 3345 2376 3400 divina
2403 3347 2591 3418 ubique
2622 3349 2674 3401 in
2695 3365 2755 3402 eo
2779 3349 3100 3422 (Clemente)
3123 3353 3364 3424 refulget,
3382 3370 3499 3423 qua:

1919 3455 2016 3492 suo
2043 3439 2249 3509 fulgore
2277 3439 2514 3508 percellit
2543 3442 2784 3493 animum
2811 3443 3058 3512 legentis;
3081 3445 3230 3511 adeo,
3261 3455 3319 3498 ut
3351 3461 3498 3513 ptrue

1919 3531 2117 3594 dicam,
2150 3530 2412 3598 Spiritum
2445 3531 2566 3598 Dei,
2595 3549 2698 3587 non
2732 3533 2994 3588 hominem
3033 3536 3089 3590 in
3108 3553 3168 3590 eo
3205 3537 3497 3608 loquentem

1920 3624 2141 3679 sentias.

1991 3717 2145 3788 Hugo
2171 3717 2394 3773 Grotius
2411 3717 2525 3789 (36)
2549 3733 2655 3774 non
2681 3719 2952 3775 simulatae
2978 3721 3268 3777 vetustatis
3294 3720 3495 3776 indicia

1921 3812 1978 3867 in
2017 3811 2248 3884 epistola
2284 3819 2473 3868 nostra
2523 3813 2754 3882 reperiri
2797 3815 3078 3870 contendit
3111 3831 3124 3867 :
3161 3814 3238 3869 De
3283 3812 3498 3871 Christo

1919 3919 2120 3973 semper
2149 3904 2400 3974 loquitur,
2429 3920 2533 3959 non
2559 3914 2615 3958 ut
2648 3907 2962 3974 posteriores
2989 3906 3500 3979 πλατωνικώτερον,

1918 3999 2010 4051 sed
2042 3996 2350 4066 simpliciter
2393 3997 2579 4065 plane,
2611 4007 2660 4051 et
2689 4006 2747 4051 ut
2789 3997 2997 4052 Paulus
3027 3999 3312 4070 Apostolus
3342 4000 3496 4056 solet.

1919 4090 2042 4144 Alia
2070 4106 2270 4161 quoque
2289 4089 2562 4160 dogmata,
2585 4101 2769 4160 postea
2791 4091 3043 4146 subtilius
3072 4094 3354 4162 explicata,
3386 4103 3499 4148 tra-

1918 4191 2028 4236 ctat
2055 4181 2433 4254 ἀφελέστερον,
2463 4192 2514 4237 et
2545 4183 2751 4238 vocibus
2780 4184 3044 4257 κλήσεως,
3074 4184 3311 4257 κλητῶν,
3345 4184 3498 4238 ἐκλε-

1919 4277 2082 4338 κτῶν,
2108 4292 2264 4330 sensu
2289 4275 2447 4344 plane
2483 4274 2710 4329 Paulino
2737 4277 2930 4334 utitur.

1989 4365 2104 4424 VII.
2134 4367 2328 4439 Magna
2352 4367 2455 4422 fuit
2480 4368 2622 4438 apud
2665 4373 2879 4423 veteres
2901 4367 3150 4438 epistolae
3170 4375 3377 4423 nostra!
3397 4383 3501 4422 au-

1919 4460 2168 4524 ctoritas,
2185 4475 2346 4530 quam
2379 4457 2615 4516 [lenaeus
2634 4459 2972 4532 ἱκανωτάτην
2998 4461 3219 4532 γραφήν
3246 4460 3498 4533 (37),Eu-

381 4547 594 4600 remota
623 4546 770 4593 sunt.
802 4538 1243 4596 Resurrectionis
1268 4541 1414 4597 enim
1435 4542 1690 4599 Clemens
1723 4553 1817 4598 aut

1927 4555 2108 4610 sebius
2141 4553 2381 4626 μεγάλην
2407 4569 2468 4607 τε
2494 4553 2590 4608 καὶ
2617 4551 2927 4624 θαυμασίαν
2958 4552 3072 4625 (38)
3103 4553 3358 4624 appellat.
3387 4553 3498 4609 Pu-

381 4631 510 4684 ideo
538 4632 806 4695 meminit,
836 4633 962 4702 quia
991 4633 1306 4689 testelCor.
1338 4634 1428 4695 15,
1454 4636 1541 4699 12,
1568 4637 1816 4690 nonnulli

377 4724 795 4780 Corinthiorum
835 4728 1294 4782 resurrectionem
1342 4739 1681 4784 mortuorum
1714 4745 1816 4786 ne—

379 4819 621 4888 gabant;
656 4827 748 4873 aut
788 4819 910 4875 ideo
933 4861 946 4884 ,
984 4828 1045 4875 ut
1074 4835 1158 4884 ea,
1199 4837 1321 4892 quae
1359 4820 1552 4877 Noster
1581 4839 1632 4880 c.
1660 4823 1724 4878 21
1763 4832 1819 4879 et

378 4913 455 4968 22
481 4915 552 4969 de
594 4915 774 4985 poenis
807 4914 1179 4985 improborum
1221 4915 1470 4980 dixerat,
1513 4916 1818 4986 probaren-

381 5013 495 5062 tur.

237 5099 318 5170 (γ)
343 5099 541 5170 Capita
562 5098 869 5155 XL—XLV
892 5109 1076 5172 aperte
1095 5100 1148 5156 id
1176 5108 1363 5172 agunt,
1393 5108 1453 5156 ut
1475 5100 1815 5167 Corinthios,

383 5199 578 5246 contra
609 5193 816 5247 clerum
862 5195 1191 5249 rebellantes
1212 5234 1230 5260 ,
1267 5193 1335 5248 ad
1369 5194 1720 5249 concordiam
1764 5204 1818 5249 et

384 5285 775 5352 subiectionem
797 5297 1135 5342 revocarent.
1161 5285 1375 5357 Optime
1400 5287 1565 5358 igitur
1583 5288 1818 5344 consilio

335 5463 432 5530 33)
459 5466 519 5518 In
552 5463 702 5520 Notis
732 5465 799 5519 ad
823 5463 844 5518 l
866 5465 1062 5530 Clem.,
1086 5481 1137 5523 c.
1163 5464 1217 5521 9.

338 5535 430 5602 54)
457 5535 616 5590 Praef.
646 5551 698 5602 p.
729 5551 870 5592 ccvl.

315 5606 433 5673 (35)
467 5605 520 5659 In
551 5605 790 5661 Dedicat.

315 5677 436 5744 (36)
471 5678 526 5731 in
555 5676 733 5747 Epist.
763 5678 828 5731 ad
863 5676 1207 5747 Bignttnilim,
1240 5675 1381 5747 apud
1435 5676 1695 5745 Coteler.,
1717 5674 1807 5736 ed.

260 5745 415 5819 Patr:
438 5760 632 5813 apost.,
659 5758 696 5801 t.
721 5745 760 5809 l,
795 5747 991 5812 p.134.
1020 5746 1240 5819 (Sup"a,
1276 5745 1380 5804 col.
1415 5748 1531 5819 47.)

316 5818 440 5885 (37)
464 5819 590 5874 Adv.
611 5819 765 5884 luem,
797 5833 880 5882 III,
914 5820 966 5874 3.

1920 4647 2060 4702 blice
2086 4663 2228 4710 eam.
2267 4646 2569 4717 praesertim
2607 4645 2800 4700 diebus
2823 4646 3142 4710 Dominicis,
3175 4647 3230 4700 in
3258 4648 3498 4702 nonnul-

1921 4740 1988 4795 lis
2009 4739 2266 4795 Ecelesiis
2299 4739 2467 4795 fuisse
2494 4739 2828 4809 przelectam,
2857 4737 3152 4810 Dionysius
3176 4739 3499 4796 Corinthius

1921 4832 2055 4903 (39),
2077 4829 2347 4886 Eusebius
2367 4830 2499 4902 (40),
2520 4828 2884 4901 Hieronymus
2912 4829 3046 4901 (41),
3070 4839 3122 4885 et
3136 4829 3366 4888 Photius
3382 4833 3496 4905 (l2)

1921 4932 2213 4980 testantur.

1989 5017 2215 5072 Minoris
2247 5031 2366 5073 eam
2395 5012 2628 5072 Phntius
2673 5015 2790 5088 ipse
2826 5017 3154 5085 aestimabat,
3195 5018 3342 5089 quod
3371 5020 3496 5075 Cle-

1919 5124 2073 5165 mens
2105 5109 2341 5164 mundos
2371 5119 2526 5165 trans
2585 5123 2851 5164 oceanum
2883 5109 3119 5164 existere
3161 5122 3495 5180 supponeret

1921 5202 1992 5272 (c.
2017 5201 2133 5271 20),
2167 5200 2440 5272 phtenicis
2471 5200 2591 5255 avis
2631 5200 2881 5270 exemplo
2913 5209 3172 5272 tanquam
3202 5203 3494 5257 verissimo

1919 5301 2162 5348 uteretur
2191 5293 2266 5366 (c.
2308 5292 2425 5361 25),
2455 5291 2709 5364 quodque
2743 5290 3060 5349 Pontiﬁcem
3089 5293 3495 5367 Presidemque

1989 5461 2104 5529 (38)
2140 5461 2213 5520 Η.
2249 5460 2314 5518 Ε.
2345 5479 2426 5525 nl.
2455 5463 2543 5520 i6.

1992 5531 2105 5605 (2:39)
2137 5535 2290 5605 Apud
2319 5534 2518 5589 Euseb.
2553 5533 2625 5589 Η.
2662 5533 2726 5589 Ε.
2755 5551 2828 5605 tv,
2862 5537 2957 5596 35.

1988 5602 2098 5670 (ill)
2139 5603 2209 5657 ll.
2243 5603 2304 5657 Ε.
2345 5622 2421 5664 tit.
2452 5606 2537 5661 16.

1987 5673 2095 5742 (41)
2125 5674 2298 5728 (ἔπιθι.
2338 5687 2518 5742 script.
2551 5674 2676 5728 eccl.
2703 5690 2757 5730 c.
2797 5675 2887 5733 15.

1991 5745 2101 5814 (ll-2)
2140 5745 2387 5800 Biblioth.
2409 5747 2530 5802 cod.
2552 5761 2708 5802 exul.
