1958 3163
224 167 278 196 195

222 269 260 305 (e.
276 268 335 305 36),
352 269 414 297 illas
424 268 480 297 Deo
494 269 690 297 convenientes
704 275 737 296 ac
746 268 922 297 sublimiores
936 268 970 296 de
980 275 1014 297 eo

223 323 307 344 voces
322 323 378 343 non
394 315 564 351 protulisset.
882 338 886 343 .

258 361 327 390 VIII.
341 360 402 390 Iam
422 361 457 389 de
471 365 605 396 tempore,
620 368 677 396 quo
692 360 781 396 prima
794 359 946 389 Clementis
955 360 1014 396 epi-

222 408 292 436 stola
308 408 412 443 scripta
424 407 518 439 fuerit,
533 407 717 442 disputemus.
845 408 855 414 '

256 453 395 489 Scriptam
406 461 467 482 eam
478 460 540 481 esse
555 453 630 481 brevi
651 455 715 488 post
727 452 946 489 persecutionem
962 451 1011 480 ali-

220 507 313 536 quam,
330 503 441 527 constat
455 507 487 527 ex
501 498 562 535 ipsa
571 498 700 534 epistola,
713 506 740 526 c.
750 497 772 526 Ι.
788 497 857 527 Esse
870 499 913 527 vel
926 491 1014 526 Nero-

221 546 266 574 nis
281 546 324 574 vel
336 545 484 573 Domitiani
498 545 715 581 persecutionem
731 552 812 572 nemo
819 544 935 572 dubitat.
945 543 1013 572 Gra-

221 590 415 628 bius,Pagius,
430 590 539 624 Orsius,
552 590 724 623 Gallandius,
740 589 888 619 Wottonus
898 590 1012 627 aliique,

222 637 338 667 Neronis
347 637 543 673 persecutione
558 636 713 670 desinente,
726 637 851 672 proxime
864 640 926 672 post
937 636 1013 672 Apo-

222 684 356 711 stolorum
379 683 454 711 Petri
480 686 508 710 et
533 682 612 710 Pauli
628 683 808 719 martyrium,
830 683 904 710 circa
927 682 961 711 Δ.
977 682 1012 711 68

221 730 354 765 scriptam
370 723 430 757 eam
445 737 508 757 esse
528 729 712 757 contendunt.
732 728 886 758 Cotelerius
908 733 1011 763 autem,

221 775 413 804 'I‘illemontius
428 779 455 804 et
469 775 622 812 Lumperus
631 796 638 808 ,
651 775 794 805 Domitiani
822 776 1011 811 persecutione

221 822 373 855 desinente,
396 823 470 851 circa
490 829 517 851 a.
536 823 571 850 96
588 824 631 850 vel
651 823 687 851 97
706 831 766 850 eam
780 827 921 850 exaratam
936 823 1012 851 arbi-

220 872 341 896 trantur.

785 164 832 193 AD
851 164 880 193 S.
898 163 1112 194 CLEMENTEII
1130 164 1142 192 ι
1160 164 1276 193 ΡΔΡᾹΜ

223 223 368 251 Dominum
412 227 537 251 nostrum
568 222 662 251 Iesum
698 221 841 250 Christum
874 222 1015 258 appellans
1030 226 1054 254 Α

1800 172 1846 200 196

1136 221 1293 251 Lardnerus
1306 225 1334 251 et
1349 221 1396 250 alii
1410 224 1564 259 exemplum
1574 223 1685 261 Iosephi
1695 225 1780 255 Flavii
1790 236 1848 263 pro-

1134 268 1268 300 ferebant,
1286 268 1333 303 qui
1354 277 1383 297 a.
1397 268 1432 296 93
1447 277 1473 304 p.
1487 269 1538 298 Ch.
1553 278 1582 298 n.
1595 270 1629 298 de
1644 271 1847 303 sacriﬁciisnon

1134 314 1214 342 aliter
1235 314 1397 350 disputavit,
1416 322 1449 343 ac
1469 315 1494 343 si
1517 316 1649 352 templum
1667 317 1758 346 adhuc
1769 321 1849 348 exsti-

1134 360 1214 388 tisset
1235 360 1302 395 (ιθ).

1100 404 1153 433 Sed
1164 413 1209 434 res
1223 411 1351 442 utraque,
1366 405 1479 443 Iosephi
1493 412 1521 436 et
1532 407 1692 442 Clementis.
1706 409 1784 446 longe
1799 411 1850 440 dis-

1062 451 1162 482 similis
1186 457 1240 481 est.
1254 452 1401 489 Iosephus,
1421 462 1516 482 sacros
1531 456 1625 491 populi
1643 456 1688 484 sui
1714 456 1783 484 ritus
1802 458 1848 486 de-

1063 499 1200 531 scribens,
1222 507 1271 535 per
1288 499 1414 534 ﬁguram,
1441 500 1581 529 historicis
1602 509 1658 529 non
1684 502 1849 537 inusitatam,

1063 544 1202 580 praesenti,
1217 544 1291 580 quod
1305 544 1434 578 dicimus,
1456 545 1589 573 historico
1609 546 1705 574 utitur.
1727 546 1849 575 Clemens

1063 594 1166 622 autem,
1178 594 1208 618 ut
1224 590 1386 618 Corinthios
1399 591 1433 618 ad
1448 591 1574 619 ordinem
1589 591 1755 620 servandum
1771 593 1850 621 addu-

1062 640 1148 669 ceret,
1160 637 1309 666 lectoribus
1319 637 1444 665 ordinem
1453 637 1562 666 Iudaici
1577 638 1669 666 cultus
1683 642 1746 666 ante
1758 640 1848 669 oculos

1061 682 1150 718 ponit.
1166 683 1245 716 Quod
1262 683 1286 711 si
1301 687 1392 711 autem
1410 684 1541 720 templum
1558 684 1615 720 jam
1636 684 1734 714 fuisset
1744 685 1849 713 destru-

1061 730 1148 760 ctum,
1160 732 1217 755 tota
1233 727 1261 755 S.
1284 727 1374 756 Patris
1397 730 1597 765 argumentatio
1616 729 1714 758 fuisset
1734 730 1848 763 inﬁrma,

1062 771 1176 808 ipsaque
1199 772 1372 801 adversarios
1395 773 1549 806 invitasset,
1579 778 1609 802 ut
1631 774 1756 803 dicerent
1776 785 1784 803 :
1806 784 1848 808 en,

1062 818 1205 846 eversione
1225 819 1319 854 templi
1336 818 1579 855 Hierosolymitani
1600 819 1672 848 Deus
1692 821 1750 856 ipse
1770 825 1850 848 testa-

1063 868 1109 893 tus
1122 869 1175 897 est,
1200 866 1282 894 talem
1297 866 1422 894 ordinem
1448 866 1500 895 sibi
1520 875 1576 895 non
1599 875 1661 896 esse
1683 873 1849 904 exoptatum.

256 916 325 943 Tota
346 916 403 944 hac
426 916 540 952 (ιυεεειίο
569 915 700 944 facillime
719 920 813 951 posset
835 915 961 948 dissolvi,
987 916 1011 944 si
1027 906 1049 934 Β
1098 911 1138 939 Ex
1153 912 1196 940 his
1211 911 1376 948 colligimus,
1398 913 1544 948 epistolam
1565 916 1689 941 nostram
1710 915 1851 942 desinente

220 965 329 997 tempus
359 961 522 990 Clementiui
555 962 732 997 episcopatus
757 963 838 998 plane
862 965 1009 990 constaret.

219 1007 260 1034 Ex
273 1016 357 1044 supra
374 1008 456 1037 dictis
470 1012 561 1036 autem
578 1009 773 1040 intelleximus.
792 1008 1010 1037 ecclesiasticum

218 1052 369 1082 Clementis
383 1053 506 1089 regimen
524 1057 572 1080 aut
582 1053 665 1081 annis
685 1053 804 1087 68—77,
823 1058 871 1081 aut
887 1053 1008 1082 92--101

217 1108 281 1129 esse
294 1100 480 1128 tribuendum.

253 1145 345 1179 Quum
359 1153 425 1173 vero
443 1153 489 1173 res
512 1145 551 1173 ita
571 1153 601 1174 se
623 1146 734 1179 habeat,
754 1146 899 1183 epistolam
923 1147 1010 1184 ipsam

219 1192 411 1228 inspiciamus,
427 1192 559 1227 temporis
573 1192 674 1220 indicia
687 1193 889 1228 investigaturi.

218 1238 258 1274 (a)
275 1238 543 1274 Clemens-martyrii
559 1237 757 1274 Apostolorum
778 1238 853 1267 Petri
874 1243 902 1267 et
932 1239 1011 1268 Pauli

289 1284 379 1320 capite
388 1283 406 1311 5
415 1284 584 1312 mentionem
598 1284 703 1312 faciens
722 1284 760 1311 ait
775 1291 783 1312 :
810 1285 951 1321 Ἔλῦωμεν
964 1286 1012 1313 ἐπὶ

287 1329 358 1363 τοὺς
370 1330 494 1365 ἔγγιστα
514 1330 675 1366 γενομένους
696 1329 825 1367 ἀθλητάς.
841 1330 905 1359 Inde
924 1339 1009 1367 appa~

287 1379 339 1408 ret,
355 1375 500 1412 epistolam
510 1380 632 1403 nostram
643 1384 698 1403 non
713 1377 799 1404 multo
809 1380 871 1412 post
882 1385 1010 1412 persecu-

288 1422 390 1449 tionem
403 1420 521 1449 Neronis
535 1426 675 1449 exaratam
688 1430 761 1450 esse.

217 1465 258 1502 (b)
276 1465 373 1502 Capite
389 1466 408 1494 8
427 1467 583 1502 persecutio
606 1474 695 1503 nuper
719 1468 895 1504 praeterlapsa
912 1468 949 1504 (c.
969 1468 1007 1505 I),

287 1512 357 1540 adeo
375 1517 501 1546 cruenta,
528 1517 556 1541 et
583 1513 731 1542 multitudo
759 1519 910 1551 martyrum
932 1519 1008 1544 tanta

286 1560 469 1592 describitur.
491 1565 522 1588 ut
541 1560 670 1594 Neronis,
695 1569 749 1590 non
770 1561 918 1590 Domitiani
938 1565 1008 1589 tem-
1019 1578 1041 1608 ο

287 1613 353 1641 pora
373 1606 539 1636 indicentur.
558 1607 695 1643 Ingentem
711 1608 785 1636 enim
809 1607 1006 1635 multitudinem

287 1653 341 1681 sub
359 1652 468 1681 Nerone
485 1654 637 1682 cruciatam
653 1654 750 1688 fuisse,
768 1653 882 1683 Tacitus
900 1653 1006 1686 (eadem

285 1705 353 1726 sane
367 1698 471 1735 phrasi,
483 1707 537 1735 qua
551 1700 637 1727 utitur
656 1699 686 1728 S.
701 1700 794 1733 Pater,
810 1700 878 1728 πολὺ
893 1700 1006 1736 πλῆθος)

285 1743 366 1772 nobis
385 1744 472 1773 refert
483 1745 555 1781 (t5);
569 1746 605 1774 de
621 1745 778 1774 Domitiano
790 1749 882 1774 autem
895 1745 1005 1774 Tertul-

285 1792 377 1820 lianus
388 1792 426 1820 ita
442 1792 567 1827 loquitur
584 1801 592 1820 :
610 1791 766 1819 Tentaverat
783 1796 808 1819 et
823 1791 1004 1824 Domitianus,

284 1839 371 1869 portio
389 1837 505 1866 Neronis
517 1837 549 1865 de
566 1838 734 1870 crudelitate,
750 1837 796 1866 sed
815 1846 867 1873 qua
879 1843 905 1865 et
916 1838 1004 1871 homo,

284 1884 363 1920 facile
382 1889 492 1918 coeptum
513 1884 648 1919 repressit,
670 1884 801 1912 restitutis
828 1884 910 1911 etiam
940 1892 1004 1920 quos

284 1932 444 1968 relegaverat
456 1930 514 1967 (Η)

213 1977 253 2014 (e)
278 1976 364 2014 Capp.
386 1978 404 2006 5
421 1982 449 2006 et
464 1977 494 2010 6,
517 1977 610 2007 nullus
627 1980 667 2006 tot
682 1977 829 2010 illustrium
840 1981 1004 2014 martyrum,

283 2025 332 2060 qui
347 2025 398 2053 sub
411 2024 564 2052 Domitiano
575 2024 649 2060 passi
662 2028 737 2057 sunt,
754 2025 911 2052 nominatur
926 2033 934 2052 :
949 2031 1005 2051 non

283 2070 393 2099 Flavius
417 2070 555 2103 Clemens,
580 2077 636 2098 non
672 2070 778 2099 Acilius
802 2069 924 2102 Glabrio,
948 2077 1004 2097 non

283 2117 375 2145 Flavia
385 2117 532 2150 Domitilla,
544 2124 598 2145 non
605 2116 725 2144 Joannes
736 2116 923 2152 Evangelista;
935 2123 1004 2152 quo—

283 2170 345 2190 rum
363 2162 493 2198 aliquem.
515 2166 546 2189 ut
565 2161 720 2190 Cardinalis
735 2160 799 2190 Orsi
826 2160 884 2197 (45)
900 2165 1001 2193 monet.

283 2209 381 2237 saltem
397 2212 577 2237 memorasset
592 2207 621 2235 S.
643 2207 735 2240 Pater,
751 2207 775 2235 si
789 2213 851 2243 post
871 2206 1004 2235 Domitia-

281 2261 361 2281 neam
376 2254 592 2289 persecutionem
609 2252 776 2288 scripsisset.

212 2299 254 2335 (d)
273 2299 344 2327 Ante
358 2298 505 2327 Domitiani
519 2303 653 2334 tempora,
671 2302 699 2326 et
711 2298 793 2334 paulo
809 2301 872 2333 post
887 2296 1003 2326 Neronis

283 2346 499 2382 persecutionem
509 2346 653 2381 epistolam
662 2349 782 2373 nostram
790 2344 921 2379 scriptam
929 2352 1000 2378 esse,

282 2390 381 2419 suadet
391 2390 482 2418 cultus
492 2389 599 2418 Iudaici
612 2390 725 2422 mentio.
741 2389 769 2417 in
786 2389 888 2424 templo
903 2388 1000 2416 Hiero-

282 2435 446 2471 solymitano
458 2439 524 2462 tunc
540 2435 630 2462 adhuc
651 2438 741 2462 stante
765 2434 892 2470 vigentis.
913 2433 997 2470 Capp.

280 2482 318 2510 40
336 2485 363 2509 et
379 2481 426 2509 Il.
449 2481 491 2508 Ad
513 2480 699 2509 enervandum
725 2480 779 2508 hoc
806 2484 998 2515 argumentum

244 2566 300 2602 (45)
314 2566 413 2594 Annal.
428 2574 472 2600 ιν,
489 2573 514 2594 c.
531 2565 624 2594 41-44.

245 2601 300 2637 (ιι)
318 2602 440 2637 ΑροΙος..
457 2611 482 2629 c.
497 2602 524 2629 5.

245 2633 303 2700 ςιδ)
318 2633 485 2668 litor."eccl.,
501 2641 520 2663 ι.
531 2635 552 2668 Ι,
567 2643 594 2671 p.
608 2634 671 2662 412.
687 2633 765 2670 Apud
774 2633 899 2662 Gallam].
910 2633 995 2669 Βιιι..

209 2676 231 2700 ι.
261 2693 269 2700 .
287 2673 404 2700 Proles“
420 2681 446 2700 υ.
471 2680 508 2699 Ix.

261 2693 269 2703 ,
287 2680 404 2703 munem,
420 2681 446 2703 β.
471 2680 508 2699 IX-

228 2691 231 2700 .
250 2681 269 2703 I.
287 2681 404 2706 t'roieg.,
420 2681 446 2713 p.
471 2681 508 2699 ix.

228 2719 231 2726 ι
246 2708 302 2743 (to)
319 2708 451 2743 Αῃιὶᾳμιι.
470 2714 511 2743 ut,
523 2713 547 2743 c.
561 2705 610 2743 to.

245 2739 302 2779 (Π)
319 2742 374 2779 Cfr.
388 2739 483 2779 Grahii
492 2741 600 2779 Spict'l.,
615 2745 640 2768 t.‘
652 2741 720 2779 I,_p.

245 2775 302 2811 (48')
321 2778 443 2805 Historia
460 2775 541 2804 tlteol.
553 2777 626 2808 crit.,
639 2781 658 2802 t.
676 2775 696 2806 I,
708 2784 738 2811 rp.
758 2775 853 2803 56-92.

246 2810 302 2850 (ω)
317 2812 639 2850 Ιηλϐυμιιιηθιιιρμοιιίυυδ
653 2812 686 2838 de
703 2810 814 2839 Patrum
826 2811 992 2846 apostolico-

210 2847 271 2877 ruiu
287 2848 419 2883 theologia
430 2847 536 2883 morali.

245 2885 301 2920 (50!
319 2881 454 2917 I’atfolug.
472 2887 491 2909 t.
504 2881 525 2916 I,
540 2890 567 2917 ῃ,
582 2882 612 2908 61
630 2890 689 2917 sqq.

1061 957 1178 986 Neronis
1189 959 1382 993 persecutione
1395 964 1423 987 et
1435 963 1498 987 ante
1506 959 1644 987 excidium
1655 959 1851 996 Hierosolyma:

1062 1005 1106 1041 (A.
1119 1005 1216 1041 68-70)
1231 1013 1293 1033 esse
1304 1005 1449 1042 scriptam,
1463 1006 1492 1034 S.
1507 1007 1676 1037 Clementem
1697 1011 1790 1036 autem
1806 1008 1852 1035 im-

1061 1051 1180 1080 mediate
1194 1051 1223 1079 S.
1239 1051 1321 1080 Petro
1334 1053 1515 1088 successisse,

1095 1097 1162 1131 Quae
1173 1106 1189 1126 a
1201 1098 1338 1127 Cotelerio
1351 1099 1468 1135 aliisque
1483 1100 1662 1134 objiciuntur,
1675 1100 1780 1128 nullius
1791 1105 1851 1129 sunt

1060 1144 1201 1179 ponderis.
1218 1144 1282 1173 inde
1293 1145 1378 1178 enim,
1389 1146 1462 1182 quod
1476 1146 1614 1180 Clemens,
1633 1154 1660 1175 ο.
1680 1147 1726 1180 47,
1739 1147 1850 1178 referat.

1060 1190 1176 1226 primam
1200 1190 1405 1220 Corinthiorum
1425 1192 1626 1221 dissensionem
1653 1194 1682 1220 ὲν
1708 1193 1784 1230 ἀρχῇ
1805 1193 1852 1220 τοῦ

1065 1236 1228 1271 Εὑαγγελιου
1240 1238 1387 1266 excitatam
1408 1245 1487 1271 esse,
1509 1240 1637 1267 concludi
1663 1247 1719 1267 non
1743 1245 1850 1276 potest.

1061 1279 1169 1316 longius
1191 1282 1323 1317 temporis
1338 1283 1458 1318 spatium
1474 1283 1508 1311 ab
1519 1284 1565 1311 illa
1577 1285 1665 1320 prima
1677 1285 1851 1313 dissensione

1060 1334 1122 1355 esse
1147 1328 1367 1364 praeterlapsum.
1398 1328 1522 1366 Namque
1551 1330 1581 1359 S.
1607 1338 1718 1367 quoque
1739 1331 1845 1359 Paulus

1059 1379 1156 1399 novem
1168 1372 1280 1401 circiter
1294 1374 1376 1402 annis
1387 1379 1449 1409 post
1464 1375 1605 1403 fundatam
1619 1375 1774 1404 Ecclesiam
1789 1376 1851 1404 Phi-

1060 1418 1223 1454 lippensem,
1243 1420 1273 1448 in
1290 1420 1413 1456 Epistola
1431 1421 1465 1449 ad
1479 1421 1669 1458 Philippenses
1693 1423 1740 1456 1V,
1760 1425 1804 1457 I5,
1817 1424 1850 1452 de

1059 1465 1130 1502 ἀρχῇ
1146 1466 1364 1501 τοῠΕὐαγγελίου
1381 1468 1514 1503 loquitur,
1531 1469 1644 1497 minime
1652 1470 1785 1503 innuens.
1802 1470 1851 1498 Ec-

1059 1511 1170 1538 clesiam
1188 1509 1391 1547 Philippensem
1411 1517 1474 1540 ante
1494 1514 1596 1542 multos
1612 1514 1669 1550 jam
1685 1522 1776 1543 annos
1789 1523 1851 1543 esse

1059 1556 1211 1586 ftmdatam.

1093 1602 1149 1630 Nec
1163 1603 1190 1631 id
1205 1611 1255 1632 nos
1267 1608 1368 1636 movet.
1381 1604 1454 1640 quod
1466 1603 1497 1633 S.
1514 1604 1641 1634 Clemens
1651 1613 1676 1634 c.
1691 1606 1737 1639 42,
1756 1606 1850 1635 Eccle-

1058 1650 1129 1679 siam
1148 1649 1353 1678 Corinthiorum
1366 1651 1483 1687 ἀρχαίαν
1512 1652 1698 1688 appellaverit.
1733 1655 1851 1691 Ἀρχαιι

1057 1697 1130 1725 enim
1140 1696 1275 1730 Ecclesia,
1299 1702 1330 1725 ut
1357 1697 1429 1725 bene
1449 1697 1641 1726 animadvertit
1671 1698 1848 1731 Dodwellus,

1057 1743 1161 1778 optimo
1176 1742 1239 1778 jure
1259 1750 1291 1771 ea
1309 1736 1484 1779 nuncupatur
1497 1751 1558 1779 quae
1573 1744 1602 1770 ὲν
1616 1745 1687 1781 ἀρχῇ
1705 1745 1754 1772 τοῦ
1761 1745 1850 1780 Euar-

1057 1789 1158 1824 γελιου,
1174 1790 1201 1817 itl
1218 1793 1262 1817 est
1282 1789 1379 1825 primis
1400 1790 1540 1826 praedicati
1559 1789 1700 1827 Evangelii
1717 1792 1850 1827 tempori-

1057 1836 1119 1866 bus.
1135 1840 1177 1864 est
1192 1835 1302 1864 fundata
1317 1835 1385 1872 (47).

1091 1881 1137 1910 IX.
1168 1881 1206 1909 De
1232 1882 1358 1910 doctrina
1387 1881 1416 1910 S.
1434 1882 1583 1910 Clementis
1614 1882 1847 1919 Lumperust’48).

1054 1923 1201 1959 Heynsius,
1209 1923 1307 1955 Iunius
1327 1935 1361 1956 ac
1371 1925 1428 1955 Van
1433 1927 1508 1961 Gilse
1519 1928 1576 1965 (I9)
1587 1932 1614 1956 et
1622 1928 1781 1958 Moehlerus
1790 1930 1849 1966 (50)

1055 1974 1243 2009 disputarunt.

1089 2020 1126 2048 Χ.
1146 2020 1275 2048 Secunda
1300 2019 1442 2049 Clementis
1461 2022 1579 2056 epistolae
1603 2029 1619 2050 a
1640 2022 1752 2050 nemine
1777 2024 1851 2052 anti-

1054 2068 1250 2104 quissimorum
1274 2067 1385 2095 Patrum
1406 2067 1435 2095 fit
1462 2068 1575 2096 mentio.
1594 2068 1662 2096 Nam
1685 2069 1756 2097 duas
1783 2070 1849 2098 Cle-

1054 2113 1155 2141 mentis
1167 2113 1297 2148 epistolas
1312 2113 1369 2148 jam
1382 2113 1496 2140 secundo
1513 2117 1574 2149 post
1592 2113 1732 2142 Christum
1751 2117 1850 2143 seculo

1054 2159 1181 2187 ﬁdelibus
1192 2161 1272 2187 notas
1288 2158 1383 2188 fuisse.
1400 2159 1477 2186 nullo
1488 2159 1568 2187 modo
1580 2167 1596 2188 e
1608 2160 1699 2188 verbis
1709 2161 1847 2199 Dionysii.

1054 2204 1260 2232 Corinthiorum
1284 2204 1418 2240 episcopi,
1434 2205 1540 2240 conjici
1562 2210 1652 2241 potest
1671 2207 1739 2243 (5i).
1753 2208 1848 2242 Quum

1019 2251 1126 2284 Deuim
1138 2250 1275 2286 egregiam
1294 2250 1380 2284 illam,
1394 2250 1428 2278 Ile
1449 2259 1503 2286 qua
1522 2259 1606 2287 supra
1627 2252 1846 2288 disputavimus,

1052 2296 1201 2325 Clementis
1218 2297 1362 2332 epistolam
1379 2298 1515 2334 προτέραν
1538 2299 1724 2334 appellaverit,
1743 2301 1773 2328 id
1791 2310 1847 2330 non

1052 2348 1178 2379 respectu
1192 2344 1320 2371 secundae
1337 2344 1481 2379 cujusdam
1501 2345 1679 2374 Clementiuaa
1703 2348 1845 2383 epistolae,

1051 2389 1099 2417 sed
1125 2388 1248 2425 epistola:
1273 2390 1387 2423 Soteris,
1409 2390 1524 2419 Romani
1550 2393 1703 2427 pontiﬁcis,
1735 2397 1847 2431 pariter

1049 2435 1123 2471 apud
1145 2435 1303 2464 Corinthios
1326 2437 1434 2471 publice
1453 2438 1599 2473 praelecta,
1624 2440 1728 2469 dixisse
1749 2445 1846 2470 mani-

1050 2481 1149 2510 festum
1163 2486 1214 2509 est.

1083 2573 1142 2609 (δη
1157 2573 1267 2608 Dionys.
1282 2573 1345 2599 Cor.
1367 2575 1437 2609 apud
1456 2575 1554 2604 Euseb.
1566 2577 1601 2605 Il.
1613 2578 1692 2606 E.-tv
1715 2578 1750 2605 25
1768 2588 1773 2604 :
1798 2581 1843 2606 ‘Ev

1045 2608 1161 2647 agt-tinos
1183 2609 1267 2644 ταύτῃ
1284 2608 1414 2647 (cpistola
1442 2610 1561 2647 Dionysii
1579 2613 1611 2638 ad
1631 2613 1773 2642 Satorum)
1795 2617 1842 2641 καὶ

1044 2644 1269 2693 ἷῗὲἱῆλέίίῖἵξὲῗ
1286 2644 1538 2693 Ἣηῖ-»Ῠῖοξῗῖθῗῖῖἱ
1554 2648 1718 2693 “3“?th
1734 2649 1842 2693 "9.2""

1044 2679 1280 2724 ξίιεε)ξ.τιῖεστοηλῆςζ
1301 2679 1387 2723 δηλῷν
1409 2679 1559 2723 ᾁνξκαῡενξ
1572 2679 1601 2714 ἐξ
1621 2679 1733 2724 ἀρχαῖόν
1759 2682 1841 2716 ἕθούς

1041 2715 1090 2754 ἐπὶ
1104 2715 1151 2749 τῆς
1166 2715 1313 2754 aulicis;
1331 2716 1382 2754 Δ’τεὴν
1404 2716 1555 2754 ἀνάγνωσιν
1579 2715 1673 2754 αὺτῆξ
1687 2715 1837 2747 ποιεῖσθαι.

1044 2750 1123 2791 ᾼέγεξ
1138 2750 1212 2782 γοῦν
1221 2750 1293 2791 (Ti)!
1308 2752 1339 2791 σῇ
1345 2760 1425 2791 μερογ
1436 2751 1626 2791 οὖνΚυριαῃὴν
1635 2750 1714 2791 ἀᾼγίαν
1724 2756 1840 2791 ἡμέραν

1042 2784 1299 2827 βιηγάχομενκὲνὲῇ
1316 2784 1508 2827 bay-ndomita
1529 2784 1609 2827 ἴθμῶῦ
1628 2784 1766 2827 (Soletis)
1785 2784 1839 2827 :rigv

1042 2820 1250 2862 ξπιοζῖοξλήν·,ῆν
1270 2820 1365 2862 ἓξομξν
1388 2823 1429 2848 ἀεί
1446 2820 1509 2862 τξοτε
1530 2820 1762 2858 ὰίραγινώσκοντεέ
1778 2820 1840 2853 v05-

1042 2855 1186 2898 Θετείσραι.
1201 2856 1238 2887 ὠς
1258 2858 1304 2883 καὶ
1317 2855 1366 2892 ἑὴν
1381 2858 1515 2894 προτέραν
1537 2855 1602 2895 ἡμῐῦ
1615 2860 1658 2888 διὰ
1675 2855 1840 2897 Κλήμεντος

1041 2898 1201 2925 γραφεισαν.
1216 2901 1225 2916 ι
