3916 6326
319 342 411 398 19⁵1

1534 336 1873 395 Ρηουεδιιλ
1914 335 2298 392 νΑιιιοιιωι.

3459 337 3559 391 198

380 457 576 512 Seculo
603 425 782 511 autem
810 456 962 510 tertio
995 455 1294 512 secundam
1334 455 1633 511 Clementis
1673 458 1878 526 episto-
1909 467 1949 520 Α
1979 453 2285 509 Wocherus
2333 455 2506 508 tenuit
2546 454 2598 508 in
2638 456 2889 510 versione
2935 471 3031 510 sua
3075 454 3272 525 prior.s
3312 455 3553 524 cpistola

308 549 498 603 lamin
531 565 635 603 usu
681 558 735 603 et
777 550 1105 604 auctoritate
1152 548 1344 612 fuisse,
1383 565 1452 604 ex
1494 549 1881 618 Apostolorum

307 656 518 696 canone
551 640 622 694 85
647 641 1026 701 demonstrare
1055 647 1287 695 conatus
1301 649 1385 694 est
1414 638 1879 710 Gallandius(52).

307 729 416 786 Sed
476 730 679 784 erravit
720 731 806 784 vir
841 730 1218 787 doctissimus.
1261 729 1395 784 Nam
1435 742 1747 800 postremus
1781 729 1883 783 iste

302 838 481 876 canon
506 838 616 877 non
647 829 773 877 ante
803 822 964 878 finem
1007 824 1180 879 seculi
1223 822 1402 893 quinti
1441 821 1726 876 confectus
1772 828 1879 884 est,

299 925 358 970 ut
373 918 596 987 egregie
619 917 808 970 docuit
829 915 923 970 Dr.
947 914 1306 971 Sebastianus
1330 915 1398 970 de
1422 914 1560 985 Drey
1581 912 1646 967 ν.
1662 911 1724 968 C.
1742 910 1876 982 (55).

361 1005 608 1071 Primus,
638 1008 732 1076 qui
771 1008 1024 1062 secundae
1064 1006 1361 1061 Clementis
1398 1006 1641 1075 epistolae
1688 1003 1881 1058 memi-

297 1097 397 1157 nit,
437 1095 710 1151 Eusebius
753 1106 856 1160 est.
899 1111 1147 1159 monens,
1190 1102 1245 1150 et
1300 1096 1526 1150 alteram
1583 1094 1879 1150 Clementis

296 1188 594 1256 epistolam
625 1188 895 1258 proferri;
930 1189 1023 1244 sed
1071 1205 1190 1242 eam
1230 1203 1338 1242 non
1376 1187 1602 1258 perinde
1633 1201 1696 1238 ac
1732 1186 1881 1255 prio-

298 1297 413 1333 rem
467 1291 650 1334 notam
686 1296 831 1345 esse,
878 1282 1138 1351 quoniam
1167 1296 1270 1336 nec
1299 1290 1510 1336 veteres
1539 1295 1602 1334 ca
1645 1278 1730 1334 usi
1761 1278 1881 1333 fue-

294 1374 407 1425 rint
432 1373 573 1443 (54).

363 1488 578 1543 Deinde
605 1489 746 1545 inest
769 1490 881 1544 haec
904 1491 1132 1561 epistola
1155 1488 1510 1545 celeberrimo
1541 1487 1616 1541 illi
1646 1487 1880 1542 Alexan-o

296 1579 464 1634 drino
497 1581 692 1644 codici,
729 1583 782 1637 in
827 1583 1014 1640 Museo
1047 1582 1362 1638 Britannico
1408 1579 1740 1634 Londinensi
1789 1596 1880 1635 as-

297 1683 543 1727 servato.
579 1672 776 1728 Seculo
807 1677 974 1745 igitur
997 1674 1061 1729 IV
1093 1681 1146 1731 et
1187 1673 1230 1727 ν
1258 1674 1514 1728 Clemens
1550 1671 1714 1741 hujus
1762 1672 1880 1742 epi-

297 1764 459 1818 stola:
501 1775 692 1820 auctor
729 1781 760 1819 a
803 1767 989 1822 multis
1027 1767 1342 1837 putabatur.
1377 1764 1497 1831 Quo
1527 1765 1674 1835 jure,
1697 1766 1876 1819 nesci-

297 1870 450 1909 mus.
508 1855 719 1912 Pariter
771 1874 872 1912 nus
915 1859 1076 1923 latet,
1126 1858 1327 1927 quibus
1372 1856 1484 1910 nixi
1542 1857 1877 1925 argumentis

299 1945 671 2017 Hieronymus
701 1949 814 2020 (55)
844 1959 898 2004 et
926 1949 1156 2004 Photius
1189 1949 1301 2020 (56)
1327 1948 1471 2002 hanc
1523 1948 1813 2018 epistolam
1845 1962 1878 2002 a

298 2038 582 2092 veteribus
611 2041 955 2109 reprobatam
984 2039 1400 2105 contenderint;
1435 2054 1557 2093 nam
1609 2037 1878 2094 Eusebius

301 2129 431 2182 talia
461 2145 573 2182 non
607 2130 834 2200 profert,
860 2132 1198 2202 antiquiores
1234 2138 1416 2186 autem
1454 2145 1682 2201 prorsus
1718 2129 1785 2184 de
1813 2143 1878 2184 ea

304 2220 485 2272 silent.
531 2219 653 2274 Non
708 2235 895 2276 errare
945 2228 999 2276 te
1047 2229 1254 2293 putem,
1302 2222 1350 2276 si
1394 2218 1782 2292 Hieronymum
1825 2228 1880 2276 et

298 2309 558 2365 Photium
607 2310 829 2366 Eusebii
865 2312 1031 2367 verba
1073 2312 1258 2366 minus
1299 2323 1449 2366 recte
1493 2311 1878 2380 interpretatos

294 2416 422 2455 esse
451 2403 836 2458 contenderes.
866 2402 1006 2473 Ergo
1034 2411 1278 2458 veterum
1307 2402 1621 2458 testimonia
1657 2400 1883 2456 authen-

294 2497 429 2550 tiarn
459 2495 630 2565 hujus
667 2496 915 2567 epistolae
944 2511 1054 2552 non
1083 2505 1273 2567 aperte
1307 2510 1526 2567 negare,
1558 2491 1879 2564 antiquissi-

294 2576 515 2642 morum
573 2596 754 2643 autem
808 2587 1031 2643 Patrum
1077 2588 1357 2644 silentium
1405 2594 1715 2658 suspectam
1756 2601 1877 2643 eam

293 2678 553 2743 reddere,
577 2679 725 2735 clare
747 2680 1109 2751 perspicimus
1142 2680 1278 2753 (57).

358 2813 501 2880 Quae
530 2831 696 2885 quum
729 2817 801 2872 ita
833 2819 963 2886 sint,
1002 2817 1289 2889 epistolam
1323 2818 1518 2889 ipsam.
1557 2832 1654 2874 seu
1697 2818 1878 2889 potius

294 2904 690 2975 fragmentum,
713 2911 858 2980 quod
884 2911 1060 2966 adhuc
1084 2919 1334 2981 superest
1356 2912 1411 2966 in
1434 2913 1622 2967 codice
1644 2910 1880 2967 Alexan-

292 2999 482 3062 drino,
517 3001 779 3057 adeamus
803 3010 1036 3072 oportet,
1062 3003 1478 3074 investigantes,
1505 3021 1637 3059 num
1664 3005 1879 3059 intenta

247 3132 254 3137 .
291 3089 339 3143 ei
365 3090 545 3144 insint
576 3091 797 3156 indicia,
830 3094 1030 3164 quibus
1050 3092 1304 3150 Clemens
1325 3102 1512 3152 noster
1535 3095 1656 3165 ejus
1686 3104 1878 3150 auctor

293 3182 525 3251 probari
572 3186 766 3254 possit.
813 3187 1114 3242 Audiamus
1168 3187 1488 3243 Wottonum
1521 3189 1656 3261 (58).
1688 3188 1877 3259 Quoad

291 3275 522 3345 stylum,
571 3277 767 3348 inquit,
826 3289 876 3333 et
915 3280 1123 3334 dicendi
1168 3280 1469 3335 methodum
1514 3283 1765 3353 (epistola
1809 3281 1876 3355 ll)

292 3379 371 3421 est
407 3369 542 3423 adeo
569 3369 847 3426 dissimilis
876 3388 909 3424 a
939 3372 1117 3441 priore
1142 3389 1205 3426 ac
1242 3371 1565 3437 indubitata,
1596 3383 1655 3427 ut
1693 3375 1877 3428 merito

291 3464 540 3518 dubitari
569 3464 755 3532 possit,
798 3479 867 3517 an
904 3464 974 3517 sit
1017 3479 1132 3520 vere
1178 3462 1484 3520 Clementis.
1517 3465 1717 3521 Eadem
1762 3467 1877 3538 jam

290 3557 543 3611 Joannes
558 3555 801 3610 Morinos
815 3564 1118 3621 monuerat,
1143 3556 1333 3612 dicens
1348 3556 1459 3629 (59)
1483 3576 1496 3612 :
1524 3555 1682 3611 Illius
1706 3558 1876 3628 stylus

292 3657 349 3699 ut
383 3647 582 3715 prioris
613 3663 714 3700 non
742 3654 818 3700 est
840 3647 1080 3715 simplex,
1111 3646 1202 3702 sed
1230 3650 1507 3718 argutulus
1523 3665 1544 3714 ;
1574 3668 1677 3705 non
1697 3662 1878 3718 sponte

293 3736 495 3802 ﬂuens,
549 3735 639 3790 sed
683 3752 780 3803 pro
818 3738 1050 3791 auctoris
1084 3747 1239 3806 captu
1281 3739 1516 3794 studiose
1541 3740 1876 3807 elaboratus;

296 3847 406 3883 non
437 3827 784 3900 ἀπεριοδικδς
810 3841 858 3885 et
887 3847 1275 3902 nonnumquam
1316 3833 1756 3899 ἀνανταπόδοτος,
1787 3835 1877 3890 sed

295 3922 580 3974 verborum
610 3920 885 3985 ambitum,
911 3923 1193 3977 antitheses
1221 3939 1504 3994 earumque
1535 3926 1878 3980 redditionem

295 4016 584 4071 ambitiose
639 4015 874 4086 affectat.
938 4016 1150 4072 Morino
1205 4018 1506 4073 assentitur
1557 4018 1876 4074 criticorum

299 4108 566 4178 princeps
600 4106 909 4164 Ricbardus
937 4107 1126 4164 Simon
1160 4108 1298 4181 (60),
1329 4125 1489 4180 quem
1517 4111 1762 4180 plerique
1791 4127 1879 4167 se-

296 4201 416 4254 cuti
439 4208 594 4256 sunt.
619 4200 876 4258 Eamdem
907 4209 1120 4273 partem
1171 4202 1488 4259 novissimis
1540 4203 1878 4274 temporibus

531 4330 671 4413 ιξξω.
717 4333 882 4413 Peter.
913 4336 1016 4413 PP
1053 4347 1092 4392 t.
1124 4335 1164 4401 l,
1193 4336 1406 4413 Proleg.
1447 4357 1500 4413 p.
1541 4357 1632 4398 xv.

381 4404 504 4474 (53)
541 4404 689 4478 Neue
738 4405 1202 4478 Untersuclmngen
1251 4404 1380 4465 iiber
1397 4404 1484 4465 die
1536 4413 1893 4470 Constitutio-

1982 547 2279 603 Clemeutis
2303 546 2436 618 (6l).
2470 546 2812 618 Quicumque
2835 549 3132 604 secundam
3158 549 3317 603 istam
3353 551 3554 620 episto.

1983 639 2088 692 lam
2116 647 2319 693 attente
2344 638 2590 708 legerint,
2616 656 2813 710 negare
2843 656 2951 694 non
2990 649 3262 710 poterunt,
3305 659 3556 713 magnam

1983 731 2130 785 inter
2158 731 2332 800 ipsam
2358 738 2413 786 et
2449 731 2687 801 priorem
2727 732 2854 803 styli
2897 731 3269 788 diversitatem
3321 734 3556 790 interceo

1981 821 2131 877 dere.

2049 910 2256 968 Praeter
2306 913 2582 968 silentium
2651 911 3160 982 antiquissimorum
3208 911 3436 966 Patrum
3491 927 3558 966 ac

1982 1003 2109 1074 styli
2130 1001 2504 1058 diversitatem
2533 1002 2585 1058 id
2615 1003 2780 1058 etiam
2810 1003 3178 1074 suspicionem
3223 1005 3558 1072 suppositio-

1981 1094 2069 1149 nis
2097 1095 2258 1150 nobis
2298 1094 2492 1164 injicit,
2522 1097 2667 1165 quod
2689 1095 2918 1150 dimidia
2949 1111 3076 1165 pars
3101 1096 3296 1165 capitis
3337 1096 3408 1150 23
3445 1098 3558 1166 pri-

1981 1199 2082 1238 ma:
2105 1185 2346 1254 epistola:
2376 1185 2429 1238 in
2461 1186 2754 1239 secundam
2786 1200 3003 1256 quoque
3032 1193 3116 1240 est
3146 1195 3359 1254 recepta
3382 1202 3431 1240 c.
3465 1186 3553 1239 Η.

2047 1269 2186 1325 Bene
2239 1273 2388 1326 addit
2430 1271 2665 1328 Grabius
2697 1273 2830 1346 (62),
2861 1275 3008 1328 haud
3039 1275 3280 1344 epistola:
3322 1276 3554 1330 formam

1979 1360 2180 1415 habere
2207 1361 2387 1425 istam,
2417 1377 2536 1432 quae
2565 1364 2803 1418 secunda
2828 1364 3123 1419 Clementis
3153 1364 3220 1418 ad
3242 1363 3558 1420 Corinthios

1981 1452 2201 1515 dicitur,
2247 1453 2474 1524 ipsaque
2534 1453 2894 1525 inscriptione
2932 1471 3056 1510 cum
3099 1463 3226 1510 voto
3270 1455 3456 1525 juncta
3500 1460 3554 1512 in

1982 1543 2328 1612 frontispicio
2352 1558 2562 1608 carere,
2595 1546 2774 1615 qualis
2810 1558 2991 1601 tamen
3031 1545 3084 1598 in
3124 1547 3381 1601 omnibus
3411 1548 3557 1617 Apo-

1982 1634 2245 1689 stolorum
2308 1648 2372 1688 ac
2435 1635 2678 1689 virorum
2745 1638 3172 1706 apostolicorum
3236 1637 3430 1692 litteris
3486 1638 3554 1692 ad

1981 1726 2338 1796 particulares
2376 1724 2646 1781 Ecclesias
2684 1726 2847 1791 datis,
2891 1728 3055 1798 inque
3081 1727 3199 1797 ipsa
3229 1728 3402 1796 prima
3433 1727 3556 1783 Cle-

1909 1809 1950 1862 B
1980 1815 2196 1879 mentis,
2231 1816 2389 1887 plane
2421 1824 2619 1872 exstat.
2654 1816 2903 1873 Homiliaa
2933 1819 3114 1888 potius
3153 1834 3316 1888 quam
3347 1819 3552 1889 episto-

1981 1906 2045 1960 lze
2079 1908 2310 1962 similem
2356 1916 2504 1963 recte
2531 1909 2799 1977 judicavit
2850 1908 3208 1972 Vendelinus.
3246 1910 3340 1980 qui
3372 1919 3555 1965 tamen

1983 1996 2166 2052 minus
2206 2007 2353 2054 recte
2395 1999 2497 2069 ipsi
2536 1998 2801 2054 Clementi
2829 2016 2947 2054 eam
2986 1999 3303 2069 adscripsit,
3340 2010 3394 2053 et
3433 2009 3556 2068 post

1978 2102 2102 2142 eum
2145 2088 2450 2146 Dodwellus
2481 2089 2709 2145 Dissert.
2752 2084 2778 2139 1
2858 2091 2912 2145 in
2949 2089 3273 2162 lrenzeum,§
3309 2091 3379 2145 ἓξ)
3417 2092 3551 2160 (65).

1979 2178 2240 2234 Clementi
2277 2190 2466 2237 nostro
2499 2182 2639 2237 hanc
2670 2182 2957 2252 epistolam
2993 2182 3277 2237 vindicare
3327 2184 3556 2238 studue-

1978 2271 2423 2328 runtCotelerius
2447 2274 3415 2348 (64),Coutantius(65),Gallandius
3438 2276 3554 2347 (66)

1977 2370 2032 2416 et
2065 2361 2368 2433 Lumperus
2403 2364 2538 2436 (67).
2574 2364 2681 2420 Sed
2707 2365 2796 2419 vix
2822 2365 2877 2419 in
2899 2373 3084 2435 partes
3111 2380 3240 2420 suas
3263 2374 3314 2420 te
3337 2367 3556 2421 trahent

1977 2455 2079 2509 viri
2103 2454 2428 2520 doctissimi,
2458 2471 2583 2511 cum
2615 2457 2857 2526 ipsorum
2897 2465 3217 2527 argumenta
3250 2457 3359 2511 sint
3391 2457 3552 2522 levia,

1977 2543 2192 2615 ipsique
2216 2546 2391 2616 magis
2421 2545 2822 2616 objectionibus
2853 2546 3082 2600 aliorum
3118 2544 3316 2600 bellum
3343 2546 3554 2602 indixe-

1979 2635 2111 2701 rint,
2137 2649 2302 2705 quam
2331 2650 2486 2690 suam
2519 2636 2830 2705 opinionem
2857 2636 3228 2707 probaverim.
3264 2636 3398 2690 Illud
3428 2638 3556 2692 abs-

1979 2741 2086 2797 que
2129 2727 2278 2781 omni
2325 2727 2493 2782 dubio
2544 2726 2762 2783 facilius
2801 2735 2947 2794 erat;
2987 2742 3111 2782 nam
3160 2729 3431 2782 neminem
3470 2729 3557 2783 fu-

1977 2819 2106 2887 giet,
2135 2815 2506 2872 Hermannum
2530 2817 2826 2874 Venemam
2860 2817 2976 2888 (68)
3008 2817 3256 2888 aliosque
3284 2833 3555 2872 nonnum-

1979 2924 2141 2980 quam
2171 2910 2402 2967 leviores
2427 2918 2618 2966 contra
2647 2909 2984 2966 authentiam
3009 2911 3173 2981 hujus
3198 2911 3441 2981 epistola:
3466 2913 3554 2967 ob-

1973 3003 2238 3073 jectiones
2268 3019 2391 3059 esse
2414 3019 2599 3060 ausos.
2631 3001 2738 3058 Sed
2778 3005 2982 3058 nemini
3013 3003 3361 3060 defensorum
3392 3005 3555 3074 hujus

1979 3096 2222 3166 epistola:
2251 3097 2403 3150 ﬁrma
2431 3104 2749 3167 argumenta
2771 3111 2872 3167 pro
2889 3095 3169 3152 Clemente
3188 3104 3410 3152 auctore
3429 3115 3556 3170 pro-

1904 3155 1948 3218 C
1981 3155 2123 3246 ferre
2144 3189 2394 3259 contigit.

2039 3280 2224 3337 Placet
2256 3281 2414 3336 nobis
2440 3279 2626 3336 Grabii
2653 3281 2948 3347 sententia,
2973 3295 3004 3335 a
3037 3281 3318 3340 Moehlero
3342 3300 3556 3354 quoque

1977 3381 2192 3442 recepta
2223 3370 2360 3442 (69),
2391 3370 2553 3425 istam
2595 3370 2759 3441 vulgo
2793 3370 2995 3426 dictam
3026 3374 3315 3442 epistolam
3358 3391 3556 3431 secun-

1976 3461 2102 3515 dam
2133 3460 2431 3516 Clementis
2453 3460 2620 3516 fuisse
2641 3476 2805 3516 unam
2824 3477 2887 3517 ex
2912 3462 3152 3520 bomiliis
3173 3467 3348 3521 eidem
3373 3469 3554 3540 (false)

1977 3555 2293 3625 adscriptis,
2317 3553 2509 3624 quales
2541 3554 2725 3623 plures
2766 3569 2875 3610 una
2914 3555 3085 3612 fuisse
3121 3565 3271 3628 patet
3303 3574 3371 3614 ex
3408 3561 3555 3616 Ana-

1977 3646 2134 3702 stasii
2164 3645 2489 3701 Antiocheni
2520 3644 2727 3712 Quaest.
2761 3646 2851 3701 96.

2048 3734 2377 3800 Woeherus,
2410 3737 2561 3790 nullo
2604 3744 2755 3793 certo
2791 3737 3150 3795 fundamento
3197 3743 3381 3809 nixus,
3425 3744 3553 3799 Dio-

1977 3828 2157 3900 nysio,
2190 3828 2438 3884 Corinthi
2481 3827 2765 3899 episcopo,
2803 3828 2947 3886 hanc
2980 3831 3266 3901 epistolam
3307 3836 3554 3890 tribuen-

1977 3922 2100 3976 dam
2133 3937 2255 3977 esse
2278 3929 2434 3992 putat
2460 3920 2596 3992 (70).

2048 4010 2283 4068 Grabius
2325 4020 2506 4068 autem
2539 4027 2680 4083 opus
2715 4013 2821 4068 hoc
2859 4015 3106 4086 spurium
3141 4018 3320 4074 medio
3352 4021 3553 4076 saeculo

1975 4103 2065 4172 Ill,
2103 4113 2227 4178 post
2260 4104 2511 4177 Origenis
2571 4116 2839 4178 tempora,
2892 4107 3157 4164 Clementi
3209 4113 3550 4182 suppositum

1977 4197 2148 4256 fuisse
2171 4201 2484 4272 suspicatur
2517 4202 2602 4274 (7|
2617 4203 2757 4275 ~78).

1978 4344 2101 4412 tur,
2136 4352 2380 4412 quarum
2405 4345 2668 4412 respectu
2696 4336 2762 4391 de
2805 4337 3050 4412 pluribus
3090 4337 3383 4412 Clementis
3433 4343 3551 4412 epi-
3653 4322 3662 4331 ’

1978 4409 2137 4461 stolis
2174 4409 2319 4478 loqui
2350 4407 2608 4471 debebat;
2640 4407 2696 4460 2°
2736 4408 2990 4462 secunda:
3021 4421 3218 4469 nostrae
3254 4407 3551 4468 Clementis

304 4475 877 4556 uenuimdnganones
921 4478 1015 4534 der
1071 4475 1333 4550 Α“ροειοι.,
1396 4480 1677 4556 Tabingen
1728 4487 1949 4554 1852.0
1980 4479 2224 4556 epistola).
2246 4475 2520 4556 expressis
2558 4478 2739 4534 verbis
2777 4479 2967 4532 nullibi
3014 4479 3349 4549 Epiphanius
3395 4487 3550 4538 testi-

300 4560 355 4613 p.
391 4544 520 4607 570.
569 4545 693 4609 577,
728 4548 849 4602 iis.

381 4615 501 4700 (δέ)
543 4616 680 4706 Hist.
705 4620 832 4675 eccl.
857 4634 940 4697 ιιιὲ
960 4616 1297 4706 ’ἦξρίίστέον
1326 4617 1401 4706 ξὲ,
1429 4617 1502 4680 ὡς
1531 4619 1624 4706 irai.
1650 4617 1876 4706 δερτέρα.

302 4700 386 4746 τις
415 4687 556 4737 εἶναι
598 4687 808 4753 λέγεται
849 4687 941 4740 τοῦ
985 4687 1298 4758 Κλήμεντος
1343 4687 1586 4740 ὲπιστολ⁹
1619 4706 1632 4718 ·
1665 4691 1724 4742 οὐ
1770 4687 1876 4759 μὴν

302 4753 380 4840 ξεν
401 4756 603 4840 ὁμοίως
621 4759 685 4840 ’Ξῇ
706 4758 940 4840 nec:qu
957 4759 1050 4840 κςιὶ
1067 4758 1267 4840 milqu
1283 4706 1877 4840 γνώριμογγὲπιαὶτάμε-

303 4823 512 4900 θα
544 4823 819 4900 μηδέίτόὺς
845 4823 1104 4900 ἅρᾶιαίονς
1295 4823 1668 4900 ἀελρήμένους
1696 4823 1872 4900 ἴσμεν.

375 4895 492 4964 (55)
528 4897 705 4952 Catal.
746 4895 1065 4968 script’eccl.
1099 4913 1148 4952 c.
1182 4895 1294 4952 15":
1340 4895 1537 4952 Fértiu
1556 4909 1605 4952 et
1646 4895 1878 4954 secnnda

298 4963 431 5037 ejus
449 4963 655 5037 nomine
685 4963 924 5036 epistola,
953 4984 1070 5037 qua:
1099 4985 1130 5020 a
1155 4969 1410 5022 veteribus
1438 4968 1766 5037 reprobatur.

377 5034 470 5110 (56
503 5038 661 5110 _Bibl.
696 5034 988 5110 coszxm':
1199 5039 1461 5110 λεγρμένη
1490 5034 1720 5110 δευτέρᾳ
1742 5039 1878 5110 πρὸς

300 5105 429 5166 τοὺς
457 5107 654 5169 αὐτοὺς
679 5108 1064 5178 (Corinthios)
1106 5108 1182 5171 ὼς
1221 5105 1373 5173 νόθὸς
1400 5105 1873 5179 ἀᾱτοδοκιιὶάςεέαι.

303 5171 575 5229 Praeterea
606 5175 830 5232 Photius
867 5186 1042 5232 notat.
1073 5180 1358 5232 epistolam
1398 5180 1537 5232 hanc
1573 5182 1873 5232 secundam

304 5194 575 5229 rracierea
606 5194 830 5242 rnouus
867 5194 1042 5244 natat,
1073 5194 1358 5248 eptswtam
1398 5194 1537 5235 naue
1573 5194 1874 5234 secundam

300 5244 447 5328 dicta
473 5246 716 5328 quaedam
741 5249 1026 5328 peregrina
1046 5250 1193 5328 velut
1219 5266 1250 5304 e
1277 5264 1435 5304 sacra
1465 5249 1747 5328 Scriptura
1781 5250 1878 5328 _i_n-

301 5316 524 5389 ducere,
563 5316 1033 5389 interpretationes
1073 5319 1314 5373 locorum
1340 5316 1698 5389 quorumdam
1744 5321 1877 5374 alie—

299 5385 488 5440 niores
515 5385 780 5456 proferre,
830 5405 932 5444 nec
962 5390 1332 5445 continentem
1358 5385 1640 5445 'orationis
1674 5389 1874 5444 setiem

287 5468 366 5507 ac
402 5460 854 5526 consequentiam
881 5475 1122 5515 servare.

375 5525 486 5596 (57)
531 5525 787 5584 Nonnulli
831 5530 1194 5600 Epiphanium
1242 5544 1458 5601 quoque
1497 5532 1746 5600 epistolae
1777 5546 1878 5586 no-

300 5609 430 5673 stra:
456 5600 838 5673 testimonium,
861 5602 1101 5673 praebere
1139 5600 1498 5673 contendunt,
1543 5602 1745 5673 quippe
1780 5602 1874 5673 qui

302 5663 467 5741 (ιιξτ.
496 5667 589 5730 27,
610 5669 660 5741 ’6
701 5679 754 5741 et
785 5663 878 5734 5οξ
898 5672 989 5741 l5)
1044 5671 1111 5726 de
1141 5672 1387 5740 pluribus
1416 5663 1714 5727 Clementis

301 5738 456 5791 stolis
511 5739 676 5812 verba
728 5740 910 5796 faciat.
964 5738 1182 5812 Selii“
1231 5741 1564 5811 Epiphanius
1616 5738 1878 5812 epistolas

303 5820 520 5878 quoque
555 5810 676 5866 illas
713 5813 780 5865 ad
811 5813 1032 5883 virgines
1065 5810 1431 5869 Clementiuas
1470 5810 1690 5884 putasse
1724 5812 1877 5869 vide—

1976 4549 2223 4620 monium
2247 4549 2466 4620 praebet.

2069 4619 2159 4689 58)
2198 4618 2356 4673 Praef.
2397 4634 2622 4689 p.ccvi.
2741 4687 2755 4689 _
2974 4686 2993 4689 λ
3063 4685 3081 4689 _
3146 4686 3188 4689 _
3267 4645 3273 4662 ί

2068 4688 2157 4748 59)
2192 4685 2426 4746 Exercit'.
2451 4689 2643 4744 Biblic.
2679 4690 2718 4744 ι.
2739 4687 2781 4754 l,
2812 4702 2862 4743 c.
2893 4690 2945 4755 4,
2972 4686 3029 4749 5,
3055 4685 3110 4742 9.
3146 4686 3384 4745 Exercit.
3419 4692 3472 4747 9.

2067 4757 2157 4826 60)
2192 4760 2330 4814 Bibl.
2356 4760 2531 4814 Cliois.
2585 4759 2648 4814 Τ.
2678 4761 2715 4822 Ι,
2749 4776 2797 4814 c.
2825 4759 2922 4824 58,
2945 4775 2995 4827 p.
3030 4756 3154 4812 282.

2067 4763 2157 4826 ϐυ)
2192 4763 2330 4814 Bibl.
2356 4763 2531 4814 Cliois.
2585 4763 2648 4814 T.
2678 4763 2715 4822 Ι,
2749 4776 2797 4814 c.
2825 4763 2922 4824 38,
2945 4775 2995 4827 p.
3030 4763 3154 4812 282.

2044 4763 2160 4900 itii)
2201 4830 2296 4883 Die
2315 4829 2488 4883 Briefe
2504 4830 2601 4884 der
2631 4830 3046 4900 apostolischen
3072 4827 3266 4884 Vaeter
3293 4829 3549 4888 Clemens

1976 4897 2084 4954 und
2115 4899 2467 4967 Polycarpus,
2496 4915 2600 4952 neu
2633 4901 2905 4955 ubersetzt
2942 4897 3047 4951 und
3100 4900 3198 4952 mit
3242 4901 3548 4967 Einleituu-

1975 4986 2077 5040 gen
2110 4965 2228 5040 und
2260 4965 2699 5024 Commentarien
2750 4969 3011 5024 versehen
3048 4984 3153 5022 von
3238 4965 3310 5024 M.
3337 4969 3383 5024 «Ι.
3419 4967 3547 5021 Wo-

1984 5039 2135 5118 cher;
2148 5039 2382 5118 Tigibingl.
2417 5040 2585 5118 l850._
2599 5056 2651 5110 p.
2684 5040 2819 5118 2t_}§1
2832 5040 2957 5095 208.

2049 5110 2161 5179 (62)
2194 5105 2452 5179 νὲρίρὶζεε·
2493 5119 2532 5164 ιο
2557 5105 2690 5179 ,Ισῖρι
2717 5109 2846 5164 968-

2036 5177 2149 5248 (65)
2179 5176 2369 5248 Grabii
2399 5175 2588 5248 Spicil.
2612 5175 2650 5231 ll
2675 5193 2727 5231 c.

2037 5242 2149 5318 (64)
2176 5245 2232 5318 In
2268 5242 2544 5318 edittPl’.
2575 5255 2747 5318 apost.
2783 5254 2824 5300 t.
2849 5242 2892 5310 l,
2923 5259 2977 5315 p.
3019 5242 3149 5318 με,

2187 5316 2362 5394 Epist.
2391 5314 2759 5394 Rom._ponti[.
2793 5326 2831 5368 t.
2864 5318 2906 5381 l,
3017 5315 3108 5370 54.

2037 5385 2149 5458 (66)
2181 5385 2433 5458 Biblioth.
2473 5397 2510 5438 t.
2541 5385 2579 5438 1.
2612 5387 2819 5458 Proleg.
2848 5401 2900 5454 p.
2929 5401 3046 5458 μιν.

2037 5455 2148 5528 (67)
2182 5457 2514 5528 ΙιίδιηιΙιεοι.
2535 5455 2666 5528 (erit.
2697 5466 2734 5508 ι.
2767 5455 2803 5528 Ιλ.
2832 5472 2884 5524 p.
2917 5456 3010 5510 22.

2038 5523 2149 5599 (68)
2173 5529 2292 5599 Cl‘r.
2319 5527 2566 5580 Gallaud.
2598 5526 2739 5578 Bibl.
2777 5525 2813 5578 l.
2834 5523 2892 5580 7c.
2944 5543 2996 5596 p.
3037 5541 3168 5596 xvn,
3198 5533 3250 5581 et
3283 5523 3540 5595 Lumper.

1969 5601 2005 5655 Ι.
2040 5616 2114 5660 c.,
2140 5616 2192 5668 p.
2225 5598 2316 5661 2‘1.

2023 5664 2154 5742 (69)
2179 5664 2386 5742 Patrol.
2421 5665 2543 5742 t.‘__l,
2576 5679 2631 5736 p.
2665 5665 2734 5719 65
2767 5682 2851 5735 sq.

2039 5736 2154 5807 (70)
2187 5738 2247 5791 1..
2273 5755 2324 5793 c.
2354 5753 2411 5806 p.
2441 5736 2568 5790 204.

2038 5806 2248 5880 (71-78)
2295 5808 2500 5878 Spicil.,
2526 5815 2565 5862 ι.
2592 5808 2632 5873 ι,
2661 5821 2713 5875 ν.
2737 5806 2862 5862 269.
