3916 6326
162 285 254 340 Ξοῶ

1202 263 1537 321 EPISTOLA
1572 262 1592 317 Ι
1628 262 1716 317 AD
1752 260 2187 321 COBINTHIOS.

3233 266 3338 323 226

161 394 438 475 ικαηγενεᾷ
465 389 743 463 μετανοίας
766 386 931 442 τόπον
954 384 1322 460 (55)ἐδω[κ]εν
1350 387 1379 439 ὀ
1406 384 1660 454 Δεσπότης

1777 383 1965 439 tentia
1998 384 2177 437 locum
2228 380 2489 439 Dominus
2525 379 2674 438 dedit
2705 382 3013 439 volentibus
3060 382 3127 437 ad
3160 383 3337 453 ipsum

159 496 249 553 tot;
275 485 589 558 βουλομένοις
630 480 1032 553 ἐπιστραφῆναι
1060 480 1145 531 ὲπ*
1186 477 1368 531 αὐτόν.
1400 476 1520 531 Νῶε
1550 476 1678 547 ἐκή-

158 582 289 653 ρδξεν
330 577 619 648 μετάνοιαν,
650 574 743 626 καὶ
783 575 833 626 οἱ
862 572 975 643 (55)
1025 570 1429 632 ὑπακούσαντες
1468 568 1675 640 ὲσώΘηο

156 691 252 725 σαν.
294 670 460 731 Ἰωνᾶς
492 668 791 730 Νινευῖταις
830 664 1209 737 καταστροφὴν
1248 661 1595 734 ἑκήρυξεν,οί
1622 662 1678 715 δὲ

156 761 538 834 μετανοήσαντες
582 760 675 811 ἐπὶ
706 762 819 821 τοῖς
847 759 1233 829 ἁμαρτήμασιν
1276 755 1475 817 αὐτῶν,
1506 752 1678 818 ἐξιλά-

156 871 284 906 σαντο
318 854 401 904 τὸν
444 851 574 904 Θεὸν
616 851 1007 913 ἱκετεύσαντες,
1039 850 1132 902 καὶ
1159 847 1348 901 ἔλαϐον
1383 846 1675 918 σωτηρίαν,

154 945 316 1015 καίπερ
340 943 599 1015 ἀλλότριοι
625 942 718 995 τοῦ
748 942 883 995 Θεοῦ
913 942 1081 1005 ὄντες.

646 1034 1036 1088 ΚΕΦΑΛΑΙΟΝ
1067 1034 1147 1085 Η’.

209 1132 256 1182 Ui
278 1126 566 1198 λειτουργοὶ
595 1127 694 1196 τῆς
720 1127 939 1198 χάριτος
967 1125 1059 1178 τοῦ
1089 1124 1221 1178 Θεοῦ
1248 1124 1333 1177 διὰ
1362 1123 1499 1177 Πνεύ
1508 1140 1675 1195 ματος

167 1225 277 1290 ἁγίου
303 1221 423 1292 περὶ
452 1220 740 1291 μετανοίας
773 1219 1060 1291 ἐλάλησαν,
1089 1220 1183 1272 καὶ
1213 1218 1373 1281 αὐτὸς
1409 1218 1465 1271 δὲ
1508 1218 1537 1269 ὁ
1580 1220 1675 1269 Δε-

165 1317 314 1385 σπότης
336 1314 440 1365 τῶν
467 1314 722 1365 ἁπάντων
764 1313 892 1384 περὶ
937 1312 1221 1382 μετανοίας
1273 1311 1500 1381 ὲλάλησε
1556 1308 1672 1381 μεθ’

161 1408 294 1477 ὅρκου·
324 1404 416 1457 -Ζῶ
458 1405 571 1477 γὰρ
600 1405 734 1475 ἐγὼ,
778 1405 940 1474 λέγει
984 1406 1215 1472 Κύριος,
1265 1406 1336 1457 οὺ
1375 1404 1671 1471 ,ϐούλομαι

160 1498 233 1550 τὸν
253 1497 487 1551 θάνατον
516 1498 625 1551 τοῦ
655 1497 1023 1566 ἀμαρτωλοῦ,
1062 1498 1142 1561 ὡς
1175 1495 1287 1563 τὴν
1312 1494 1633 1564 μετάνοιαν
1653 1510 1667 1525 ο

157 1588 409 1660 προστιθεὶς
477 1591 577 1641 καὶ
648 1588 872 1660 γνώμην
947 1589 1178 1659 ἀγαθήν·
1250 1586 1671 1653 Μετανοήσατε

156 1682 277 1746 ιίιος
311 1680 550 1748 Ἰσραὴλ
582 1681 694 1751 (57)
722 1682 839 1735 ἀπὸ
861 1681 970 1749 τῆς
998 1681 1249 1749 ἀνομίας
1274 1678 1460 1749 ὑμῶν.
1482 1681 1671 1733 Εἶπον

1779 478 2024 532 converti
2075 476 2186 547 (54)
2242 474 2355 529 Noe
2396 477 2771 545 paenitentiam
2814 476 3127 547 praedicavit
3158 476 3241 541 “;
3286 484 3340 530 et

1777 570 1868 641 qui
1892 570 2245 632 obedierunt.
2273 570 2473 623 servati
2501 578 2648 624 sunt.
2673 566 2841 623 Jonas
2868 566 3119 621 Ninivitis
3143 568 3340 636 prazdi-

1778 661 1924 715 cavit
1951 664 2031 730 “;
2064 663 2141 717 illi
2182 671 2361 717 autem
2397 662 2464 716 de
2496 663 2731 730 peccatis
2766 661 2883 716 suis
2917 668 3036 713 acta
3070 661 3338 729 pmniten-

1776 755 1871 817 tia,
1897 753 2065 810 Deum
2093 756 2347 825 precibus
2375 755 2682 824 placarnnt,
2713 762 2767 807 et
2798 753 3028 809 salutem
3052 751 3337 807 consecuti

1776 855 1925 911 sunt,
1951 847 2076 902 licet
2099 848 2262 903 alieni
2285 862 2314 900 a
2336 845 2447 902 Deo
2467 853 2670 902 essent.

2358 1024 2589 1081 CAPUT
2633 1024 2769 1079 Vlll.

1844 1118 2079 1175 Ministri
2106 1118 2304 1174 divina:
2331 1119 2516 1189 gratiae
2548 1134 2641 1189 per
2674 1116 2941 1187 Spiritum
2974 1122 3225 1172 sanctum
3265 1116 3335 1171 de

1773 1212 2093 1280 paenitentia
2123 1220 2249 1265 sunt
2279 1212 2445 1265 locuti
2484 1230 2497 1266 :
2534 1212 2756 1279 ipseque
2784 1209 3027 1263 omnium
3069 1207 3336 1263 Dominus

1772 1304 1839 1357 de
1876 1303 2194 1373 paenitentia
2247 1303 2463 1356 locutus
2506 1311 2589 1357 est
2640 1317 2765 1356 cum
2819 1300 3154 1369 juramento.
3212 1298 3334 1353 Viro

1770 1398 1913 1451 enim
1944 1414 2058 1467 ego,
2091 1398 2217 1451 dicit
2258 1397 2514 1451 Dominus
2537 1412 2555 1449 :
2588 1396 2707 1449 nolo
2763 1402 2979 1447 mortem
3025 1392 3332 1461 peccatoris,

1770 1490 1905 1544 sicut
1931 1492 2285 1559 pwnitentiam
2316 1491 2398 1546 "z
2436 1489 2641 1544 addens
2674 1488 2786 1559 (56)
2813 1495 2867 1541 et
2897 1486 3176 1555 pulchram
3210 1500 3335 1539 sen—

1770 1583 1994 1637 tentiam
2024 1602 2037 1638 :
2086 1582 2390 1651 Resipisrite
2429 1582 2616 1635 domus
2649 1578 2822 1634 Israel
2854 1580 2917 1631 ab
2943 1579 3215 1647 iniquitate
3254 1593 3336 1629 ve-

1770 1688 1883 1732 stra
1912 1681 1979 1733 “.
2011 1677 2111 1731 Dic
2138 1678 2265 1747 ﬁliis
2314 1676 2494 1746 populi
2540 1674 2683 1727 mei:
2733 1672 2781 1725 si
2823 1680 3036 1741 peccata
3087 1678 3257 1722 vestra
3302 1684 3335 1720 a

154 1745 398 1838 reicrvloie
426 1745 534 1826 τοῦ
745 1789 883 1843 μου·
1106 1745 1258 1825 ὦσιν
1296 1745 1355 1826 al
1395 1773 1660 1841 ἁμαρτίαι

1773 1783 1913 1825 terra
1934 1745 2190 1841 usquead
2229 1745 2413 1823 cwlum
2443 1768 2768 1836 pertingant,
2799 1774 2847 1818 et
2880 1764 2926 1815 si
2952 1763 3057 1815 sint
3090 1759 3335 1813 rubriora

153 1867 279 1934 ὑμῶν
303 1866 407 1919 ἀπὸ
439 1864 556 1933 τῆς
586 1865 697 1935 τῆς
728 1866 838 1931 ἕως
866 1865 971 1919 τοῦ
1000 1864 1278 1931 οἰψανοῦ,
1309 1862 1408 1915 καὶ
1433 1863 1540 1916 ἐὰν
1559 1862 1660 1916 ὦσι

1771 1880 1923 1917 cocco
1958 1874 2004 1918 et
2044 1863 2277 1933 nigriora
2310 1876 2504 1924 sacco;
2537 1858 2771 1912 conversi
2808 1866 2981 1909 autem
3019 1852 3224 1923 fueritis
3266 1850 3333 1903 ad

150 1960 443 2027 atppdtepat
472 1959 722 2023 κόκκου,
770 1957 867 2011 καὶ
889 1956 1243 2026 μελάντεραι
1279 1954 1533 2018 σάκκου,
1572 1955 1660 2008 καί

1770 1972 1849 2009 me
1882 1971 1947 2009 ea:
1977 1965 2086 2009 toto
2116 1955 2268 2008 corde
2298 1954 2364 2019 ",
2397 1963 2444 2007 et
2475 1952 2718 2006 dixeritis
2755 1964 2773 2003 .'
2812 1948 2995 2008 Pater;
3052 1942 3333 1998 exaudiam

147 2049 493 2118 ἐπιστραφήτε
532 2051 688 2117 πρός
720 2068 797 2118 με
838 2049 907 2114 ἐξ
944 2049 1094 2116 ὅλης
1130 2048 1239 2117 τῆς
1268 2046 1533 2116 καρδίας,
1572 2049 1660 2101 καὶ

1770 2064 1856 2101 vos
1884 2059 2131 2119 tanquam
2158 2046 2406 2117 populum
2432 2055 2671 2097 sanctum
2696 2042 2761 2098 “.
2788 2041 2846 2095 Et
2882 2042 2936 2094 in
2970 2038 3076 2092 alio
3108 2038 3225 2091 loco
3252 2040 3333 2090 sic

145 2143 329 2210 εῐπητε,
340 2140 541 2209 Πάτερ,
556 2142 963 2210 ἐπακούσομαι
976 2139 1361 2209 ὑμῶνώςλαῷ
1373 2140 1518 2209 ᾀτίῳ
1532 2140 1665 2212 (58).

144 2235 235 2286 Καὶ
282 2236 332 2285 ὲν
365 2234 537 2305 ἑτέρῳ
585 2234 733 2304 τόπῳ
776 2233 923 2300 λέγει
975 2232 1174 2296 οὖτως’
1221 2233 1538 2286 Λούσασθε
1566 2232 1663 2284 καὶ

142 2326 342 2393 καθαροὶ
378 2326 661 2394 γένεσθε,
715 2326 1013 2395 ἀφέλεσθε
1060 2323 1166 2390 τὰς
1217 2322 1505 2391 πονηρίας
1546 2323 1664 2376 ἀπὸ

142 2417 236 2470 τῶν
259 2417 453 2486 ψυχῶν
478 2417 676 2488 ὑμῶν.
706 2418 991 2472 ἀπέναντι
1027 2416 1144 2469 τῶν
1172 2415 1491 2485 ὀφθαλμῶν
1521 2433 1661 2485 μου·

145 2510 407 2565 παύσασθε
434 2511 559 2564 ἀπὸ
582 2509 697 2562 τῶν
715 2507 1011 2577 πονηριῶν
1030 2506 1215 2577 ὑμῶν,
1228 2506 1445 2576 μάθετε
1473 2508 1663 2561 καλὸν

146 2603 310 2666 ποιεῖν,
329 2603 687 2671 ἐκζητήσατε
708 2605 925 2671 κρίσιν,
950 2603 1223 2670 ῥύσασθε
1250 2600 1663 2669 ἀδικούμενον,

144 2695 333 2761 κρίνατε
359 2696 619 2765 ὀρφανῷ,
650 2697 745 2750 καὶ
763 2694 1111 2749 δικαιώσατε
1139 2692 1351 2762 χήραν,
1366 2694 1462 2746 καὶ
1490 2692 1661 2747 δεῦτε

146 2786 215 2836 zal
244 2786 664 2857 διελεγχθιῖψεν
693 2787 833 2859 (59),
870 2788 1029 2856 λέγει
1060 2784 1191 2855 (60)’
1224 2786 1329 2841 Kal
1367 2787 1475 2840 ἐὰν
1512 2785 1662 2841 ὦσιν

146 2895 175 2925 ⁵⁸
198 2894 309 2953 Gen.
337 2915 443 2965 vit;
473 2899 611 2969 Sap.
645 2916 707 2962 x,
736 2901 768 2953 4
796 2918 811 2966 ;
838 2898 1007 2954 Eccli.
1038 2916 1183 2962 xuv,
1214 2900 1279 2969 l7
1306 2918 1321 2965 ;
1351 2899 1486 2954 lleb.
1518 2916 1568 2954 xi
1590 2940 1605 2965 ,
1640 2901 1660 2954 Ἰ

1792 2901 1935 2957 Pelr.
1968 2918 2061 2966 ιιι,
2092 2902 2198 2967 9.0;
2227 2901 2269 2956 11
2295 2900 2439 2956 Petr.
2472 2915 2547 2963 ιι,
2572 2899 2607 2953 5
2633 2937 2648 2953 .

498 2968 780 3025 ⁸⁵⁷Ειεειι.
814 2986 981 3034 xvttt,
1011 2971 1101 3025 50.
1176 2970 1222 3000 ⁸⁵
1247 2968 1351 3023 lsa.
1380 2985 1431 3035 ι,
1464 2972 1551 3026 l8.
1625 2971 1671 3001 “
1694 2971 1805 3027 Jer.
1838 2988 1928 3037 ιιι,
1962 2974 2054 3037 19,
2086 2973 2174 3027 22.

147 2980 278 3020 mut
296 3008 309 3032 ,
340 2970 421 3025 ll.

1772 2144 1944 2198 dicit:
1977 2142 2255 2197 Lavamini
2294 2150 2342 2194 et
2386 2137 2565 2191 mundi
2611 2144 2807 2198 estote,
2851 2132 3053 2201 auferte
3089 2128 3231 2181 mala
3268 2140 3334 2179 ex

1766 2237 2044 2290 animabus
2072 2235 2253 2289 vestris
2284 2230 2348 2284 ab
2381 2230 2547 2284 oculis
2574 2229 2699 2281 meis
2725 2241 2742 2278 :
2772 2225 3018 2295 quiescite
3050 2239 3082 2274 a
3112 2219 3333 2273 malitiis

1770 2327 1951 2382 vestris
1973 2364 1988 2390 ,
2022 2326 2208 2379 discite
2237 2325 2409 2392 facere
2441 2322 2631 2374 bonum
2656 2360 2670 2382 ,
2703 2320 2918 2388 quaerite
2938 2314 3196 2399 judicium
3220 2350 3234 2373 ,
3267 2311 3334 2361 li-

1769 2418 1944 2472 berate
1974 2432 2273 2487 oppressum
2294 2456 2309 2482 ,
2331 2416 2572 2485 judicate
2599 2411 2799 2481 pupillo
2821 2449 2835 2473 ,
2860 2417 2906 2461 et
2930 2406 3220 2477 justiﬁcate
3258 2404 3332 2455 ci-

1766 2511 1926 2565 duant
1947 2526 1968 2565 :
1992 2522 2039 2565 et
2067 2511 2230 2565 venite
2250 2549 2265 2574 ,
2292 2520 2341 2562 et
2371 2509 2692 2577 disputemus
2716 2545 2731 2569 ,
2761 2503 2887 2556 dicit
2913 2516 2930 2553 :
2957 2499 3022 2553 Et
3052 2499 3097 2551 si
3141 2497 3333 2566 fuerint

1766 2614 1979 2671 peccata
2008 2613 2180 2657 vestra
2215 2602 2368 2672 quasi
2409 2600 2756 2669 pltwniciunt,
2801 2595 2935 2649 sicut
2979 2593 3142 2645 nivem
3180 2588 3331 2641 deal-

1767 2694 1932 2760 babo;
1981 2705 2029 2749 et
2061 2696 2107 2748 si
2136 2694 2330 2763 fuerint
2358 2703 2413 2745 ut
2443 2694 2746 2753 coccinum,
2779 2693 2914 2742 sicut
2955 2686 3135 2738 lanam
3187 2679 3333 2733 deal-

1767 2787 1917 2842 babo.
1964 2788 2032 2842 Et
2062 2790 2108 2842 si
2137 2788 2403 2841 volueritis
2438 2802 2499 2838 ac
2531 2784 2805 2837 audieritis
2845 2796 2958 2844 me,
3000 2777 3135 2831 bona
3178 2784 3333 2827 terrte

2723 2896 2767 2927 “
2792 2893 2917 2949 Jon.
2946 2908 3030 2948 ιιι.
3061 2892 3106 2923 ⁸³
3131 2889 3328 2947 Ezech.

1394 3107 1755 3166 VARIORUM
1802 3110 2033 3168 NOTAE.

202 3243 293 3311 (53)
328 3244 662 3310 Μετανοίας
690 3246 893 3298 τόπον.
928 3242 1090 3298 Forte
1118 3243 1305 3307 τύπον,
1335 3242 1385 3298 id
1414 3253 1496 3299 est
1537 3243 1660 3297 ὑπό-

1770 3245 1962 3299 chielis
2001 3244 2221 3299 nomine
2270 3244 2474 3307 laudat,
2498 3245 2656 3314 cujus
2698 3246 2862 3300 etiam
2907 3244 3162 3301 videntur
3204 3261 3330 3301 esse

140 3318 326 3397 kiyuz._
355 3325 409 3368 ut
454 3325 543 3370 est
589 3316 866 3397 vers._15,
903 3328 1164 3397 cap_.xt.lv
1181 3314 1325 3397 Sap.‘
1372 3316 1569 3397 Sirachr
1600 3317 1667 3370 ad

144 3401 265 3511 Trent
315 3386 488 3440 locum
558 3387 867 3457 respexisse
930 3386 1147 3441 videtur
1206 3392 1399 3439 auctor
1456 3396 1664 3442 noster.

170 3474 235 3511 cx.

170 3474 235 3513 Cl.

195 3528 285 3595 (54)
312 3525 635 3597 Elegantius
659 3526 874 3595 quidem
899 3526 1205 3581 Cotelerius
1227 3525 1341 3597 haec
1366 3526 1439 3580 ita
1467 3526 1662 3581 vertit:

145 3596 427 3650 recurremus
472 3603 549 3648 ad
606 3614 779 3651 omnes
824 3597 1003 3650 mundi
1052 3607 1252 3659 anates,
1302 3596 1667 3665 discamusque

140 3670 241 3736 quod
270 3671 317 3721 in
338 3669 568 3736 singulis
599 3667 842 3720 letalibus
862 3669 1198 3737 pwnilentim,
1226 3671 1459 3730 etc.;sed
1493 3672 1665 3723 satius

140 3741 277 3792 visum
305 3746 383 3792 est
414 3741 656 3793 litteram
675 3736 914 3791 Graecam
936 3741 1257 3807 exprimere.
1292 3738 1495 3793 Cousr.

192 3809 282 3877 (55)
308 3808 412 3861 Kal
442 3811 516 3861 οἱ.
553 3809 831 3861 Articulus
860 3810 907 3860 οἱ
929 3810 1077 3863 άεεει
1099 3809 1249 3862 editt.
1278 3824 1437 3877 quem
1462 3825 1526 3863 ex
1554 3822 1658 3863 ms.

140 3884 385 3931 restituunt
412 3878 547 3931 Mill.
583 3887 642 3931 et
669 3877 1022 3933 Wott.GAt.t..

191 3950 283 4019 (56)
317 3949 597 4001 Postrema
648 3948 811 4019 hujus
872 3948 1154 4019 sententia:
1200 3947 1367 4001 verba
1412 3946 1663 4003 Clemens

136 4016 410 4081 Alexandrq
468 4020 563 4071 lib.
606 4032 621 4070 ι
655 4018 895 4088 Pwdag.,
926 4035 975 4072 c.
1015 4036 1067 4079 x,
1115 4018 1416 4073 Ezechielis
1444 4020 1662 4073 nomine

136 4089 196 4141 sic
224 4090 373 4143 citat:
429 4088 578 4140 Dicit
629 4090 766 4140 enim
824 4087 913 4156 per
941 4088 1296 4142 Ezecltielem:
1343 4087 1402 4141 Si
1430 4090 1662 4142 conversi

135 4157 302 4223 fueritis
325 4176 385 4212 ετ
411 4168 521 4212 toto
546 4160 723 4220 corde,
748 4168 794 4213 et
816 4161 1073 4219 dixeritis,
1096 4159 1276 4224 Pater,
1327 4159 1541 4211 audiam
1574 4177 1660 4213 vos

136 4238 341 4298 tanquam
368 4231 622 4297 populum
654 4239 912 4284 sanctum.
945 4232 1146 4284 Cousr.

186 4300 278 4368 (57)
304 4298 746 4363 Μετανοήσατε,
781 4300 941 4365 οἶκος
976 4298 1239 4366 Ἰσραήλ.
1293 4297 1466 4353 Verba
1527 4314 1660 4354 con-

135 4374 284 4423 textus
326 4372 481 4423 aliter
528 4386 590 4421 se
642 4370 876 4435 habent;
930 4386 1113 4424 verum
1171 4371 1239 4423 de
1288 4369 1390 4423 hoc
1432 4371 1571 4433 loco,
1604 4378 1659 4425 et

134 4440 230 4509 aliis
255 4438 304 4495 S.
338 4439 640 4509 Scriptura:
681 4440 1032 4501 testimoniis.
1077 4456 1197 4509 quae
1246 4439 1559 4509 frequenter
1602 4441 1656 4494 in

136 4507 211 4561 hac
246 4507 757 4578 epistola'citantur.
788 4512 937 4579 plura
972 4507 1167 4564 loca'in
1200 4507 1364 4563 unum
1385 4511 1655 4564 interdum

1771 3316 2073 3385 superiora.
2097 3314 2231 3369 llinc
2252 3315 2433 3439 itague
2456 3315 2701 3370 ﬁrmatur
2722 3318 2975 3371 Cotelerii
2990 3317 3324 3384 conjectura.

1771 3385 1939 3439 Porro
1982 3388 2136 3439 locus
2183 3388 2272 3439 ille
2366 3388 2625 3439 zechielts
2661 3389 2741 3439 vel
2778 3389 2930 3439 deest
2962 3390 3015 3439 in
3048 3389 3201 3439 libris
3231 3404 3324 3439 no«

1766 3385 1939 3440 Porro
1982 3388 2136 3439 locus
2183 3388 2272 3439 ille
2320 3385 2625 3441 Ezechielis
2661 3389 2741 3441 vel
2778 3389 2930 3441 deest
2962 3390 3015 3441 in
3048 3389 3201 3442 libris
3231 3404 3329 3442 ιιοα

1768 3458 1923 3519 stris,
1954 3458 2035 3511 vel
2061 3458 2382 3519 desumptus
2408 3466 2492 3510 est
2524 3473 2589 3511 ex
2619 3459 2791 3511 altero
2830 3457 3130 3511 Ezechielis
3173 3461 3329 3514 volu-

1768 3529 1934 3599 mine,
1966 3526 2110 3597 quod
2152 3529 2218 3599 is,
2251 3526 2488 3597 Josepho
2527 3536 2687 3599 teste,
2722 3530 3040 3599 scripserat,
3073 3528 3326 3598 quodque

1768 3598 1908 3681 inter
1962 3598 2288 3681 apocrypha
2312 3598 2875 3681 recolisetnswopsis
2932 3598 3323 3681 Atltanasiaita.

1768 3669 1849 3722 vel
1884 3670 2063 3737 potius
2095 3667 2543 3737 Eusebiana.ASic
2576 3667 2760 3722 Esdrze
2794 3672 2969 3722 locum
3005 3669 3193 3721 laudat
3222 3668 3312 3722 Ju-

1766 3734 1945 3793 stinus
1976 3746 2201 3810 martyr,
2232 3740 2284 3792 in
2322 3734 2681 3810 Dialogorum
2709 3737 3004 3807 Trypltone,
3054 3740 3194 3810 apud
3219 3739 3323 3792 Lit--

1764 3810 2027 3879 ctantium
2054 3808 2247 3862 Latine
2272 3825 2489 3863 versum
2522 3809 2616 3863 lib.
2651 3825 2723 3865 tv.
2756 3826 2807 3864 ε.
2843 3811 2927 3870 18.
2953 3808 3113 3879 quem
3141 3810 3195 3863 in
3229 3826 3323 3864 co-

1763 3878 1979 3932 dicibus
2028 3882 2232 3933 nostris
2285 3880 2561 3933 int-assum
2617 3896 2847 3947 qtueras.
2897 3878 3074 3933 Alium
3099 3880 3229 3933 citat
3257 3897 3323 3935 ex

1765 3947 2040 4018 Sopltonia
2073 3950 2325 4003 Clemens
2355 3949 2464 4011 AL,
2502 3947 2723 4020 suram”
2758 3952 2849 4005 ιιι».
2884 3966 2935 4013 v,
2965 3951 3057 4020 qui
3102 3950 3157 4003 in
3204 3952 3327 4018 ejus

1762 4020 2023 4072 vaticinia
2049 4036 2154 4073 non
2186 4029 2481 4089 comparet.
2515 4018 2671 4072 llunc
2695 4018 3043 4090 desumptttm
3082 4036 3203 4075 esse
3228 4038 3323 4075 su-

1762 4092 1945 4159 spicor
1967 4105 2030 4143 ex
2064 4090 2350 4159 Sophortiae
2372 4090 2675 4159 prOphetia,
2697 4092 2777 4145 vel
2802 4092 3148 4161 Apocalypsi,
3180 4093 3325 4145 inter

1760 4161 2303 4231 librosiapocryphos
2334 4168 2655 4231 memorata:
2684 4162 2735 4231 in
2770 4177 2978 4217 canone
3013 4162 3325 4231 Scriptura-

1761 4246 1882 4285 sum
1934 4229 2239 4301 Νιρυριιύνο
2271 4231 2595 4300 patriarcha:
2625 4229 2729 4284 ΕΡ.
2769 4233 2994 4296 tributo,
3025 4240 3077 4285 et
3109 4229 3164 4286 in
3214 4250 3319 4289 tus.

1758 4302 2105 4356 bibliotheca:
2132 4302 2493 4354 Barrocianaa.
2518 4301 2726 4355 COLou.

1829 4371 1938 4441 (59)
1952 4370 2407 4441 Διελεγχθῶμεν.
2424 4371 2553 4425 Mill.
2572 4374 2649 4425 sic
2672 4372 2795 4441 legit
2810 4371 2861 4424 in
2879 4372 3199 4426 ms.verilati
3218 4372 3325 4427 lle-

1757 4440 1956 4495 braicie
1972 4451 2354 4512 congruenter,
2374 4440 2476 4495 lsa.
2496 4444 2640 4504 ι,18,
2664 4440 2824 4501 Editi.
2840 4442 3218 4512 διαλεχθῷμεν.
3234 4444 3321 4499 Al.

1758 4528 1881 4564 enin
1931 4510 2100 4565 codd.
2154 4514 2307 4566 Alex.
2356 4524 2409 4566 et
2452 4512 2575 4567 Vat.
2626 4510 3015 4581 διελέγχωμεν.
3056 4510 3323 4568 cm..—

134 4581 360 4651 compingi
415 4580 689 4651 (quodab
725 4581 845 4633 aliis
874 4582 1035 4633 etiam
1078 4580 1332 4634 Patribus
1382 4596 1490 4634 non
1529 4596 1655 4634 raro

1767 4582 1866 4635 Kal
1895 4582 2086 4645 δεῦτε,
2121 4584 2217 4635 καὶ
2244 4582 2667 4651 διαλεχθῶμεν.
2702 4582 2775 4634 Ita
2807 4580 3005 4636 ’Aldina
3035 4584 3218 4639 editio.
3251 4584 3322 4637 At

135 4647 194 4705 ﬁt.
222 4647 568 4724 nec—apestoli
593 4649 693 4718 ipsi
728 4652 991 4724 exemplis
1020 4655 1481 4724 carent),s_ensum
1512 4666 1647 4724 quo.

135 4732 215 4783 que
233 4721 531 4789 aliquoties.
561 4728 618 4773 et
646 4735 751 4772 non
776 4720 937 4773 verba
966 4720 1221 4789 exprimi,
1248 4721 1651 4774 observandum

134 4796 214 4859 est,
241 4793 369 4859 quod
398 4801 695 4858 utrumque
729 4791 780 4843 in
812 4791 913 4843 hoc
940 4792 1078 4852 loco,
1109 4789 1515 4858 deprehendere
1544 4797 1647 4844 est.

136 4855 315 4930 Quin'et
338 4862 389 4913 in
416 4855 770 4929 verbis—ipsis
803 4876 907 4913 non
939 4876 1102 4930 parva
1135 4855 1508 4928 saepenumero
1546 4859 1652 4913 dif-

137 4928 322 4997 lerentia
351 4932 597 4985 occurrit
630 4950 641 4983 :
674 4928 963 4984 varietates
982 4938 1162 4983 autem
1191 4929 1433 4997 singulas
1462 4937 1650 4985 notare

138 4995 314 5067 longum
341 5008 514 5063 esset,
550 5007 605 5053 et
636 5001 810 5053 cuivis
840 5018 904 5053 ex
937 5001 1227 5054 collatione
1258 4995 1379 5053 cum
1411 4999 1650 5054 editione

136 5066 439 5143 τᾷινινμῑιιίε
468 5078 669 5143 exstat,
694 5077 747 5143 et
776 5072 1014 5143 omnium
1037 5070 1286 5143 manibus
1306 5070 1523 5143 teritur,
1554 5073 1653 5123 ob—

137 5141 246 5209 vium
272 5151 367 5195 est.
400 5143 587 5207 Quare
639 5141 876 5194 laborem
927 5142 1071 5194 hunc
1112 5142 1231 5194 aliis
1270 5141 1649 5209 relinquimus,

137 5213 175 5256 et
196 5208 453 5275 damnum,
488 5213 536 5266 si
562 5211 703 5279 quod
733 5212 858 5264 inde
894 5212 1098 5273 existit,
1130 5211 1337 5277 majore
1375 5208 1527 5264 lucro
1554 5227 1649 5281 po-

138 5284 224 5330 stea
249 5282 736 5352 eompensabimus,
768 5296 889 5334 cum
916 5297 1106 5335 novam
1131 5281 1645 5352 editionem_hiblio-

138 5347 577 5431 ιςιιωβιηεῐῖοςιιω,
604 5366 669 5406 ex
700 5353 1070 5431 manusc_rip_t_o
1092 5352 1388 5431 exemplari
1412 5347 1647 5415 Theclze,

138 5419 246 5491 Quod
307 5424 551 5476 omnium
601 5428 865 5491 quotquot
920 5419 1079 5476 hodie
1135 5422 1189 5475 in
1232 5419 1445 5489 Europa
1497 5430 1646 5485 sunt,

140 5482 257 5562 longe
281 5493 542 5559 Optimum
580 5482 632 5547 εἰ
661 5482 1099 5562 antiquissimum
1138 5500 1243 5554 εει,
1276 5482 1441 5545 (Ιίνιᾖί
1473 5482 1646 5545 ιιιιιιιὶέ

142 5569 202 5633 tus
232 5564 503 5633 auspiciis,
529 5569 583 5615 et
620 5562 955 5633 serenissimi
983 5561 1127 5631 regis
1155 5563 1361 5633 domini
1400 5563 1500 5615 mei
1524 5579 1649 5633 gra-

141 5631 193 5677 tia
212 5638 255 5681 et
280 5631 482 5695 lavOre,
518 5634 574 5685 in
604 5634 773 5686 lucem
792 5632 1038 5687 emittere
1069 5633 1305 5686 dabitur.
1334 5631 1454 5686 Jun.

156 5697 281 5772 "(58)
309 5702 441 5767 Λαῷ
468 5702 639 5770 ἁγίῳ.
666 5703 917 5772 Clemens
945 5703 1366 5763 Alexandrinus,
1399 5700 1641 5772 Paedagq

143 5763 471 5839 lib.t,'c.10,
518 5763 683 5828 habet
721 5770 850 5827 λαοῦ
887 5772 1060 5843 ἁγίου,
1079 5773 1169 5827 ubi
1196 5774 1356 5829 verba
1386 5775 1499 5828 haec
1524 5763 1657 5829 Eie-

1755 4654 1810 4707 in
1838 4652 1981 4723 aliis,
2015 4660 2115 4723 aut
2134 4654 2226 4706 καὶ
2262 4652 2433 4713 δεῦτε,
2462 4653 2873 4723 διελεγχθῶμεν,
2906 4662 2998 4706 aut
3030 4656 3121 4706 καὶ
3148 4654 3323 4717 δεῦτε,

1759 4722 2299 4793 καὶίδιαλεγχθῶμεν,
2334 4732 2392 4777 ιιι
2414 4722 2734 4793 Promptus,
2760 4722 2856 4776 aut
2888 4724 2979 4776 καὶ
3010 4723 3182 4785 δεῦτε,
3207 4725 3322 4778 διαρ

1758 4791 2071 4863 λεχθῶμεν.
2088 4791 2232 4848 Sane
2254 4795 2420 4848 verbo
2442 4791 2707 4849 Hebraico
2735 4802 3026 4863 utrumque
3046 4794 3321 4863 signilica-

1759 4870 1871 4934 tur,
1910 4866 2210 4934 increpatio
2240 4872 2294 4917 et
2324 4865 2680 4933 discrepatio;
2718 4881 2838 4934 qua:
2867 4864 2976 4917 duo
3006 4866 3160 4919 valde
3190 4873 3321 4919 sunt

1758 4933 1955 5004 allinia.
1982 4933 2233 5004 Hesychii
2257 4936 2471 4988 codices
2503 4942 2556 4988 in
2590 4936 2783 4989 mendo
2816 4936 3069 4988 vitientur
3096 4939 3318 4999 cubare,

1756 5002 2137 5075 διελέγχωμεν,
2165 5006 2245 5067 Ei;
2274 5004 2480 5072 ἔλεγξιν
2522 5004 2764 5075 ἀλλήλων
2803 5004 3065 5075 ἔλθωμεν,
3100 5022 3195 5074 pro
3214 5006 3321 5059 διε-

1758 5072 2089 5146 λετχθῶμεν.
2114 5075 2266 5145 Apud
2292 5075 2549 5128 Basiliam
2576 5072 2825 5130 autemet
2846 5072 3319 5146 Clit'y'sosttimtttii,

1757 5142 2122 5215 διαλεχθῶμεν
2144 5142 2195 5198 in
2214 5152 2385 5209 textu,
2414 5157 2726 5217 suspectum
2744 5155 2847 5217 est;
2868 5142 2993 5215 quia
3009 5146 3320 5217 διελεγχθῶ-

1759 5230 1855 5283 μεν
1875 5217 2247 5287 commentarii
2271 5226 2603 5285 supponunt.
2625 5216 2742 5270 Jam
2771 5216 3009 5271 Ililarius
3027 5217 3093 5269 ad
3120 5219 3317 5287 psalm.

1755 5287 1971 5357 quidem
2007 5299 2067 5348 ιι,
2097 5286 2161 5340 5:
2198 5285 2267 5338 Et
2298 5289 2478 5349 venite,
2517 5302 2825 5355 arguantur;
2857 5285 3169 5357 pi'azfaiiorie
3192 5303 3320 5341 vero

1758 5355 1813 5408 in
1843 5357 2109 5424 psalmum
2138 5370 2266 5410 cm
2294 5376 2307 5412 :
2336 5357 2404 5409 Et
2432 5358 2614 5419 venite,
2646 5355 2989 5425 disputemus.
3015 5355 3125 5411 Nec
3153 5357 3320 5411 (lissi-

1757 5427 1901 5497 milis
1930 5426 2168 5481 varietas
2212 5428 2265 5481 in
2322 5428 2565 5489 Michzea,
2599 5442 2718 5495 cap.
2752 5445 2825 5493 vi,
2857 5443 3000 5482 vers.
3029 5426 3085 5489 9.,
3115 5426 3320 5497 διελεγ-

1756 5494 2035 5565 χθήσεται,
2073 5497 2155 5568 vel
2198 5505 2257 5568 ut
2294 5497 2541 5568 Basilius
2578 5498 2644 5550 ad
2668 5494 2873 5568 ilo_r.um
2929 5497 3080 5552 Isaia;
3109 5499 3177 5553 de
3206 5494 3320 5568 quo

1754 5581 1968 5636 agimus
1995 5567 2179 5632 habet,
2203 5567 2631 5641 διαλεχθήσεται.
2663 5567 2709 5621 Α
2732 5566 3070 5623 Tertulliano
3094 5566 3315 5625 exhibe—

3228 5649 3314 5694 ιιιι

1818 5773 1927 5845 (60)
1958 5778 2145 5847 Λέγει.
2177 5776 2317 5833 Add.
2342 5776 2545 5848 Κύριος
2574 5790 2640 5831 ex
2662 5772 2823 5831 LXX.
2857 5774 3025 5831 αλιι..
