3916 6326
254 402 331 458 ιιι
1324 387 1655 445 EPISTOLA
1695 387 1715 441 l
1757 384 1848 439 AD
1883 374 2323 439 CORINTlilOS.

3342 372 3452 425 9."!

244 519 322 572 nul
343 513 489 579 εἰδὼς
527 511 728 580 φέρειν
760 511 1098 580 μαλακίαν·
1145 507 1232 562 ὅτι
1262 508 1673 575 ἀπέστραπται
1701 505 1759 557 τέ

1875 502 1983 555 lore
2045 497 2271 566 positus,
2342 504 2391 549 et
2434 495 2602 549 sciens
2653 492 2790 562 ferre
2857 486 3223 557 inﬁrmitatem
3267 501 3286 539 :
3327 485 3452 553 quia

240 610 517 680 πρόσωπον
556 604 778 668 αὐτοῦ,
819 602 1118 673 ήτιμάσθη
1173 599 1270 654 καὶ
1311 600 1422 653 οὐκ
1461 598 1766 667 ἐλογίσθη.

241 702 393 765 οὗτος
428 697 529 762 τὰς
570 696 861 765 ἁμαρτίας
888 694 1058 765 ἡμῶν
1097 693 1281 763 φέρει,
1312 691 1410 745 καὶ
1441 691 1576 759 περὶ
1602 687 1774 757 ἡμῶν

234 791 492 852 ὀδυνᾶτιιι,
533 789 633 842 καὶ
668 787 839 856 ἡμεῖς
879 785 1275 856 ἐλογισάμεθα
1315 783 1501 839 αὑτὸν
1527 785 1676 838 εἶναι
1701 783 1772 836 ἐν

233 884 385 946 πόνῳ,
421 881 512 939 καὶ
554 881 625 934 ἐν
666 878 891 948 πληγῇ,
924 879 1020 932 καὶ
1059 879 1130 932 ἐν
1173 876 1446 931 κακώσει·
1493 875 1674 942 αὐτὸς
1703 874 1771 929 δὲ

230 973 623 1044 ἐτραυματίσθη
650 971 749 1025 διὰ
774 971 881 1037 τὰς
911 972 1199 1041 ἁμαρτίας
1237 970 1424 1040 ἡμῶν,
1456 968 1553 1022 καὶ
1590 985 1768 1039 μεμαρ

228 1069 467 1122 λάκισται
512 1064 611 1118 διὰ
653 1065 761 1130 τὰς
809 1064 1060 1133 ἀνομίας
1113 1061 1300 1132 ήμῶν.
1377 1059 1623 1116 Παιδεία
1685 1063 1767 1115 ει-

227 1161 382 1227 ρήνης
416 1155 582 1227 ήμῶν
620 1155 714 1209 ἐπ’
741 1156 932 1210 αὐτόν
949 1173 962 1186 ·
1007 1155 1090 1221 τῷ
1112 1153 1346 1225 μώλοπι
1371 1153 1558 1208 αὐτοῦ
1597 1153 1769 1223 ἡμεῖς

230 1252 454 1320 ιάθημεν.
504 1248 734 1314 Πάντες
762 1247 844 1314 ὠς
873 1249 1137 1316 πρόϐατα
1163 1246 1619 1315 ἐπλανήθημεν·
1663 1247 1768 1300 ἆν-

228 1340 506 1411 θρωποςτῇ
535 1340 651 1407 όδῷ
677 1340 866 1395 αὐτοῦ
883 1341 1194 1408 ἐπλανήθη
1215 1357 1228 1370 ·
1261 1339 1358 1393 καὶ
1375 1340 1588 1407 Κύριος
1615 1354 1764 1406 παρ-

224 1435 406 1488 έδωκεν
444 1433 631 1487 αὐτὸν
657 1432 810 1500 ὑπὲρ
851 1432 972 1485 τῶν
1011 1430 1308 1500 ἁμαρτιῶν
1326 1431 1514 1501 ἡμῶν,
1544 1431 1642 1484 καὶ
1668 1432 1766 1484 αὐ-

227 1529 306 1592 τὸς
329 1526 501 1580 διὰτὸ
533 1524 904 1579 κεκακῶσθαι
934 1527 1043 1579 οὐκ
1070 1525 1292 1594 ἀνοίγει
1319 1525 1383 1578 τὸ
1413 1525 1624 1594 στόμα.
1667 1525 1763 1590 Ὡς

224 1620 475 1686 πρόϐατον
500 1619 603 1671 ἐπὶ
631 1618 878 1688 σφαγὴν
904 1617 1082 1686 ἤχθη,
1115 1617 1212 1672 καὶ
1249 1618 1328 1683 ὡς
1354 1616 1542 1686 ἀμνὸς
1584 1617 1761 1670 ἐναν-

223 1715 325 1765 τίον
347 1712 442 1765 τοῦ
469 1712 786 1779 κείραντος
810 1711 1064 1780 ἄφωνος,
1086 1711 1272 1776 οὕτως
1307 1711 1417 1764 οὐκ
1445 1709 1667 1779 ἀνοίγει
1694 1709 1758 1763 τὸ

219 1805 376 1872 στόμα
413 1803 624 1857 αὐτοῦ.
671 1805 774 1856 Ἐν
800 1801 876 1869 τῇ
902 1800 1252 1856 ταπεινώσει
1280 1802 1319 1869 ἡ
1348 1801 1547 1870 κρίσις
1573 1803 1759 1858 αὐτοῦ

221 1896 340 1962 ᾕρθη
357 1912 370 1924 ο
399 1894 511 1962 τὴν
555 1894 769 1963 γενεὰν
796 1894 982 1948 αὐτοῦ
1010 1895 1104 1960 τίς
1141 1893 1484 1962 διηγήσεται
1500 1909 1519 1958 ;
1548 1893 1639 1948 ὅτι
1665 1894 1758 1949 ατ-

212 2005 346 2056 ρεται
403 1988 520 2042 ἀπὸ
578 1987 689 2056 τῆς
746 1985 862 2057 γῆς
916 1988 956 2055 ’ή
1019 1985 1130 2055 ζωὴ
1182 1985 1398 2050 αὐτοῦ,
1469 1986 1587 2040 ἀπὸ
1641 1985 1761 2040 τῶν

216 2078 436 2148 ἀνομιῶν
460 2080 576 2134 τοῦ
602 2079 756 2133 λαοῦ
777 2095 897 2148 μου
925 2078 1055 2146 ἣκει
1083 2080 1170 2144 εὶς
1194 2077 1454 2132 θάνατον
1483 2076 1617 2150 (12).
1647 2079 1760 2134 Καὶ

213 2170 354 2225 δώσω
370 2171 499 2238 τοὺς
509 2170 816 2239 πονηροὺς
825 2169 959 2224 ἀντὶ
970 2169 1079 2240 τῆς
1090 2188 1204 2240 tas:
1211 2169 1248 2239 ἦ
1253 2191 1284 2238 ς
1292 2170 1499 2235 αὐτοῦ,
1511 2169 1609 2225 καὶ
1621 2170 1760 2239 τοὺς

214 2266 507 2331 πλουσίους
545 2263 680 2320 ἀντὶ
704 2264 810 2318 τοῦ
853 2263 1113 2320 θανάτου
1146 2263 1352 2318 αὐτοῦ·
1382 2263 1473 2318 ὅτι
1502 2265 1759 2334 ἀνομίαν

209 2357 302 2408 οὐκ
333 2356 636 2424 ἐποίησεν,
679 2355 822 2410 οὐδὲ
860 2355 1070 2425 εὑρέθη
1099 2355 1280 2423 δόλος
1303 2356 1374 2410 ἐν
1399 2355 1481 2423 τῷ
1508 2357 1760 2426 στόματι

209 2445 391 2499 αὑτοῦ·
444 2446 553 2501 καὶ
595 2448 814 2515 Κύριος
857 2447 1148 2510 ,βούλεται
1202 2448 1518 2517 καθαρίσαι
1571 2450 1760 2505 αὐτὸν

207 2535 297 2603 τῆς
324 2537 563 2608 πληγῆς
587 2538 722 2610 (15).
784 2539 922 2594 Ἐὰν
947 2538 1122 2593 δῶται
1142 2538 1253 2612 (14)
1284 2539 1419 2609 περὶ
1445 2541 1754 2610 ἁμαρτίας,

208 2628 238 2694 ⁷)
262 2629 412 2697 ψυχὴ
443 2629 620 2700 ὑμῶν
644 2631 853 2700 ὄψεται
879 2631 1116 2700 σπέρμα
1137 2633 1478 2701 μακρόϐιον.
1509 2635 1621 2688 Καὶ
1651 2637 1757 2690 Κύ-

200 2735 307 2786 ριος
324 2721 614 2785 βούλεται
635 2723 884 2792 ἀφελεῖν
912 2723 1030 2777 ἀπὸ
1058 2723 1166 2778 τοῦ
1193 2725 1384 2779 πόνου
1411 2725 1524 2794 τῆς
1547 2728 1757 2797 ψυχῆς

205 2814 383 2877 αὑτοῦ,
411 2813 608 2879 δεῖξαι
637 2814 797 2881 αὐτῷ
824 2816 971 2884 φῶς,
1001 2816 1101 2870 καὶ
1127 2815 1358 2872 πλάσαι
1384 2817 1462 2887 τῇ
1481 2819 1753 2886 συνέσει,

201 2902 476 2960 δικαιῶσαι
519 2906 760 2962 δίκαιον
800 2907 868 2962 εὖ
912 2907 1281 2964 δουλεύοντα
1343 2911 1612 2979 πολλοῖςσ
1657 2915 1756 2969 καὶ

201 2995 288 3060 τὰς
300 2996 586 3065 ἁμαρτίας
614 2997 812 3052 αὐτῶν
823 3000 1006 3066 αὐτὸς
1033 3001 1284 3056 ἀνοίσει.
1318 3005 1422 3059 Διὰ
1448 3005 1623 3060 τοῦτο
1649 3010 1756 3064 αὑ-

197 3085 281 3151 τὸς
305 3090 746 3160 κληρονομήσει
776 3091 1065 3158 πολλοὺς,
1095 3094 1192 3147 καὶ
1219 3093 1339 3149 τῶν
1367 3096 1631 3166 ἰσχυρῶν
1652 3117 1756 3169 με-

1873 608 2056 646 aversa
2084 598 2160 644 est
2184 589 2345 658 [acies
2377 587 2510 657 ejus,
2529 586 2793 655 despecta,
2824 593 2872 636 et
2907 596 3012 634 non
3043 586 3306 647 reputata.
3343 573 3453 630 Iste

1871 693 2085 756 peccata
2114 692 2296 736 nostra
2323 688 2522 750 portat,
2568 686 2618 732 et
2647 693 2741 746 pro
2772 674 2922 729 nobis
2947 673 3124 734 dolet;
3155 679 3206 724 et
3245 685 3337 724 nos
3369 683 3454 723 re»

1871 777 2168 847 putavimus
2197 790 2314 828 eum
2343 789 2455 827 esse
2483 773 2538 826 in
2563 770 2761 832 labore,
2785 780 2836 822 et
2864 768 2916 820 in
2938 766 3118 836 plaga,
3153 771 3201 817 et
3238 763 3292 816 in
3313 762 3450 832 σηιε-

1871 871 2090 924 ctione:
2128 870 2236 938 ipse
2283 875 2461 920 autem
2507 863 2814 918 vulneratus
2862 867 2939 914 est
2981 865 3194 927 propter
3233 864 3451 924 peccata

1870 971 2072 1022 nostra,
2109 971 2159 1016 et
2199 961 2502 1029 inﬁrmatus
2521 965 2605 1011 est
2641 963 2849 1024 propter
2879 952 3180 1020 iniquitates
3214 957 3447 1000 nostras.

1868 1053 2165 1123 Disciplina
2196 1053 2342 1122 pacis
2397 1061 2595 1104 nostra:
2629 1064 2786 1117 super
2821 1062 2980 1101 eum:
3007 1047 3168 1100 livore
3201 1044 3316 1113 ejus
3355 1058 3449 1095 nos

1867 1147 2046 1202 sanati
2073 1162 2279 1200 sumus.
2299 1141 2490 1200 Omnes
2515 1143 2669 1212 quasi
2697 1157 2812 1195 oves
2842 1140 3134 1194 erravimus
3165 1152 3182 1190 :
3211 1136 3363 1189 homo
3395 1134 3449 1188 in

1868 1239 1962 1292 via-
1991 1254 2090 1292 sua
2129 1237 2368 1292 erravit:
2402 1245 2451 1290 et
2491 1235 2750 1289 Dominus
2798 1231 3023 1286 tradidit
3076 1246 3194 1286 eum
3237 1238 3451 1298 propter

1866 1340 2081 1398 peccata
2121 1343 2336 1394 nostra;
2368 1339 2417 1384 et
2448 1330 2556 1398 ipse
2580 1336 2792 1398 propter
2835 1325 3164 1396 a/ﬂictionem
3195 1339 3298 1376 non
3328 1337 3452 1391 ape-

1867 1425 1938 1478 rit
1969 1442 2048 1480 os.
2093 1423 2244 1479 Sicut
2268 1462 2270 1464 τ
2293 1423 2405 1478 ovis
2447 1422 2515 1475 ad
2554 1422 2820 1476 rictimam
2856 1419 3046 1473 ductus
3083 1427 3182 1480 est,
3213 1425 3263 1470 et
3308 1416 3444 1470 sicut

1866 1535 2032 1588 agnus
2051 1535 2229 1573 coram
2259 1515 2505 1571 tondente
2528 1523 2727 1577 mutus,
2753 1513 2830 1567 sic
2861 1528 2962 1565 non
2988 1509 3157 1578 aperit
3186 1525 3243 1562 os
3270 1523 3445 1561 suum.

1868 1611 1934 1667 In
1962 1613 2259 1667 humilitate
2273 1611 2536 1681 judicium
2566 1609 2680 1678 ejus
2713 1605 2982 1662 sublatum
3011 1613 3087 1657 est
3115 1617 3133 1655 :
3156 1603 3450 1672 generatio-

1865 1721 1982 1759 nem
2016 1705 2131 1774 ejus
2160 1706 2276 1775 quis
2307 1701 2620 1758 enarrabit?
2653 1701 2792 1766 Quia
2836 1698 3045 1753 tollitur
3071 1696 3135 1750 de
3165 1706 3307 1749 terra
3343 1695 3450 1748 vita

1865 1799 2014 1868 ejus;
2051 1797 2115 1850 ab
2147 1794 2513 1866 iniquitatibus
2563 1791 2743 1863 populi
2788 1791 2887 1844 mei
2933 1790 3068 1843 venit
3101 1787 3170 1841 ad
3204 1796 3446 1842 mortem.

1791 1870 1833 1925 Β
1864 1891 1935 1944 Et
1977 1890 2114 1944 dabo
2163 1889 2332 1943 malos
2379 1903 2473 1956 pro
2517 1885 2789 1954 sepultura
2840 1881 2974 1951 ejus,
3026 1889 3075 1934 et
3115 1878 3302 1933 divites
3353 1895 3448 1946 pro

1861 1992 2028 2038 morte
2054 1982 2202 2036 illius
2228 1996 2247 2045 ,°
2277 1982 2403 2051 quia
2435 1978 2767 2048 iniquitatem
2800 1991 2902 2028 non
2928 1973 3074 2042 fecit,
3101 1987 3262 2041 neque
3291 1969 3447 2024 dolus

1859 2077 2098 2132 inventus
2139 2086 2217 2132 est
2257 2077 2312 2130 in
2343 2092 2434 2130 ore
2475 2074 2705 2143 ejus:et
2731 2071 2988 2134 Dominus
3033 2067 3143 2122 vult
3190 2063 3449 2119 mundare

1857 2183 1975 2223 eum
2000 2167 2177 2238 plaga.
2215 2166 2274 2223 Si
2298 2166 2458 2220 datus
2490 2164 2650 2234 fuerit
2679 2179 2773 2232 pro
2797 2170 3028 2230 peccato,
3067 2161 3248 2213 anima
3276 2171 3448 2214 vestra

1859 2260 2049 2316 videbit
2073 2277 2248 2315 semen
2284 2260 2592 2330 lonngum.
2623 2255 2690 2310 Et
2715 2255 2975 2308 Dominus
3005 2254 3112 2308 vult
3145 2254 3354 2322 auferre
3384 2254 3448 2308 de

1857 2353 2039 2408 dolore
2068 2354 2304 2406 animam
2333 2352 2470 2421 ejus,
2498 2348 2776 2404 ostendere
2815 2349 2865 2402 ei
2898 2348 3088 2412 lucem,
3128 2357 3178 2402 et
3214 2347 3448 2418 formare

1857 2447 2230 2517 intelligentia,
2253 2445 2560 2514 justiﬁcare
2579 2444 2788 2512 justum
2816 2441 2939 2496 bene
2967 2442 3272 2496 servientem
3303 2443 3444 2496 mul-

1861 2539 1928 2594 tis
1944 2554 1960 2591 :
1977 2547 2024 2592 et
2039 2547 2252 2608 peccata
2267 2555 2448 2593 eorum
2464 2539 2574 2608 ipse
2585 2535 2838 2604 portabit.
2858 2533 3147 2604 Propterea
3164 2535 3271 2603 ipse
3285 2535 3452 2604 possi-

1857 2632 1994 2685 debit
2014 2630 2229 2696 multos,
2245 2639 2295 2684 et
2317 2629 2537 2699 fortium
2555 2629 2752 2682 dividet
2768 2628 2939 2697 spolia
2957 2642 2975 2681 :
2991 2644 3086 2698 pro
3101 2645 3162 2682 eo
3176 2628 3316 2700 quod
3335 2639 3448 2682 tra-

1856 2726 1970 2781 dita
1985 2735 2061 2780 est
2087 2725 2156 2779 ad
2195 2734 2414 2779 mortem
2439 2722 2622 2776 aninta
2646 2721 2846 2791 ejus,et
2875 2721 2928 2774 in
2955 2721 3150 2791 iniquis
3176 2730 3447 2788 reputatus

1854 2828 1931 2872 est
1945 2833 1963 2873 :
1977 2827 2027 2872 et
2044 2819 2150 2887 ipse
2162 2827 2376 2888 peccata
2394 2818 2680 2870 multorum
2693 2814 2836 2878 tulit,
2854 2825 2902 2868 et
2913 2824 3129 2884 propter
3141 2815 3446 2886 iniquitates

1852 2928 2034 2967 eorum
2061 2911 2290 2964 traditus
2301 2920 2377 2965 est
2391 2911 2456 2966 “.
2478 2909 2541 2986 Et
2562 2923 2755 2964 rursus
2795 2910 2912 2979 ipse
2935 2909 3069 2963 dicit
3093 2929 3109 2964 :
3132 2907 3246 2979 Ego
3269 2918 3445 2962 autem

1855 3020 1972 3059 sum
1999 3006 2220 3066 vermis,
2253 3013 2302 3057 et
2333 3020 2437 3056 non
2473 3003 2663 3068 homo;
2697 3002 3038 3072 opprobrium
3082 3001 3354 3056 hominum
3396 3013 3448 3057 et

1856 3096 2080 3164 obiectio
2125 3095 2313 3165 plebis.
2368 3095 2561 3150 Omnes
2603 3097 2692 3166 qui
2738 3095 3128 3164 conspiciebant
3169 3111 3270 3160 me,
3321 3094 3446 3150 sub-

197 3178 293 3242 ριεῖ
333 3182 536 3236 σκῦλα
557 3199 570 3212 ·
627 3184 757 3238 ἀνθ’
809 3182 896 3238 ὦν
949 3186 1243 3255 παρεδόθη
1289 3190 1377 3255 εἰς
1417 3189 1674 3245 θάνατον
1712 3192 1752 3261 ἡ

1868 3199 2214 3245 sannaverunt
2254 3205 2354 3251 me,
2397 3188 2558 3241 locuti
2587 3198 2710 3244 sunt
2746 3189 2924 3252 labiis,
2967 3199 3236 3244 moverunt
3265 3198 3443 3257 caput.

198 3271 342 3339 ψυχή
369 3274 586 3337 αὐτοῦ,
617 3275 714 3330 καὶ
741 3275 866 3342 τοῖς
892 3277 1136 3346 ἀνόμοις
1165 3277 1276 3351 (15)
1305 3281 1590 3351 ἐλογίσθη
1609 3300 1623 3313 °
1655 3283 1752 3338 καὶ

1868 3282 2097 3352 Speravit
2115 3284 2171 3336 in
2195 3281 2499 3346 Dominum,
2517 3291 2670 3334 eruat
2699 3297 2839 3347 eum,
2882 3281 3091 3335 salvum
3129 3281 3296 3352 faciat
3325 3299 3446 3336 cum

197 3364 351 3430 αὐτὸς
375 3367 676 3435 ἁμαρτίας
716 3368 964 3422 πολλῶν
1004 3371 1355 3442 ἀνήνεγκεν,
1388 3373 1485 3428 καὶ
1527 3374 1626 3429 διὰ
1650 3376 1753 3442 τὰς

1868 3378 2103 3448 quoniam
2147 3375 2258 3429 vult
2310 3391 2428 3428 eum
2457 3374 2524 3429 ⁹¹.
2582 3371 2796 3428 Videtis
2851 3374 2952 3428 viri
3004 3374 3233 3438 dilecti,
3287 3375 3438 3446 quod

195 3453 453 3524 ἁμαρτίας
495 3459 705 3514 αὐτῶν
742 3461 1062 3532 παρεδόθη.
1101 3465 1211 3518 Καὶ
1254 3465 1415 3520 πάλιν
1456 3466 1619 3530 αὐτός
1653 3485 1759 3540 φη-

1868 3469 2135 3539 exemplar
2175 3467 2334 3522 nobis
2375 3466 2562 3521 datum
2600 3467 2704 3533 sit;
2738 3482 2862 3520 nam
2904 3467 2950 3523 si
2989 3467 3256 3524 Dominus
3302 3468 3451 3524 adeo.

196 3559 278 3597 σιν·
341 3550 488 3618 Ἐγὼ
534 3551 608 3605 δέ
667 3555 784 3622 ειμι
827 3554 1096 3623 σκώληξ,
1140 3557 1238 3610 καὶ
1276 3560 1386 3612 οὐκ
1430 3559 1759 3627 ἅνθρωπος,

1868 3561 2138 3616 humiliter
2179 3575 2240 3614 se
2289 3558 2478 3627 gessit,
2524 3559 2655 3628 quid
2703 3558 2971 3615 faciemus
3017 3575 3142 3627 nos,
3177 3561 3273 3631 qui
3335 3561 3440 3618 sub

191 3633 398 3709 ὄνειδος
418 3645 774 3714 ἀνθρώπων,
805 3647 904 3701 καὶ
930 3648 1301 3719 ἐξουθένημα
1326 3652 1498 3706 λαοῦ.
1533 3653 1759 3719 Πάντες

1868 3653 2051 3724 iugum
2074 3653 2263 3724 gratia:
2298 3651 2417 3718 ejus
2445 3667 2539 3720 per
2569 3651 2746 3721 ipsum
2777 3651 3066 3708 venimus?

192 3732 238 3782 cl
275 3735 638 3804 θεωροῦντές
668 3756 766 3808 με,
807 3738 1284 3809 ἐξεμυκτήρισάν
1317 3760 1395 3812 με
1418 3783 1433 3808 ,
1481 3744 1799 3815 ἐλάλησαν
1846 3745 1915 3799 ἐν
1971 3745 2270 3813 χείλεσιν,
2309 3742 2603 3810 ἐκίνησαν
2655 3743 2948 3812 κεφαλήν.
2986 3747 3283 3802 Ἤλπισεν
3340 3745 3440 3800 ἐπὶ

188 3822 411 3892 Κύριον,
451 3827 756 3897 ῥυσάσθω
795 3831 1015 3896 αὐτὸν,
1055 3833 1307 3888 σωσάτω
1336 3835 1554 3901 αὑτὸν,
1607 3836 1698 3891 ὅτι
1751 3835 1913 3892 θέλει
1960 3835 2165 3890 αὐτόν.
2235 3834 2448 3906 Ὁρᾶτε,
2506 3835 2695 3906 ἄνδρες
2750 3835 3058 3907 ἀγαπητοὶ,
3104 3839 3189 3902 τίς
3227 3839 3256 3892 ὁ
3301 3839 3431 3891 ὑπο-

187 3921 420 3990 γραμμδς
459 3923 491 3975 ὁ
525 3922 814 3995 δεδομένος
853 3928 1012 3997 ἡμῖν·
1047 3929 1096 3980 εἰ
1121 3926 1230 3999 γὰρ
1271 3930 1301 3982 ὁ
1339 3930 1542 4002 Κύριος
1587 3930 1761 3994 οὕτως
1807 3928 2350 4000 ὲταπεινοφρόνησεν,
2380 3927 2434 3980 τί
2471 3929 2772 3999 ποιήσομεν
2807 3931 2968 4000 ἡμεῖς
3011 3931 3060 3984 οἱ
3103 3930 3208 3985 ὑπὸ
3235 3930 3325 3984 τὸν
3347 3931 3447 3995 qu--

185 4006 268 4077 τῆν
289 4010 383 4081 τῆς
409 4013 644 4086 χάριτος
689 4015 855 4069 αὑτοῦ
885 4017 950 4071 δι’
989 4017 1156 4072 αὐτοῦ
1187 4018 1301 4092 (ιϐ)
1329 4019 1572 4086 ἐλθόντος
1605 4022 1749 4094 (l7);
2611 4013 2624 4028 θ

703 4106 1095 4162 ΚΕΦΑΛΑΙΟΝ
1132 4111 1231 4164 IZ'.

242 4193 486 4266 Μιμηταὶ
557 4196 845 4269 γενώμεθα
889 4201 1155 4256 κάκείνων
1198 4203 1392 4268 οἵτινες
1433 4203 1502 4257 ἐν
1543 4204 1756 4275 δέρμα-

244 4311 286 4340 ⁹⁹
324 4309 426 4367 lsa.
462 4328 592 4378 Lm,
621 4313 648 4368 1
681 4322 734 4369 et
764 4331 882 4387 seq.
954 4318 998 4350 ⁹¹
1029 4317 1175 4376 Psal.
1209 4337 1326 4386 nt,
1363 4321 1480 4378 7-9.
1582 4323 1628 4354 ”
1658 4322 1916 4380 Clemens
1947 4322 2130 4387 Alex.,
2165 4314 2365 4376 Strom.
2394 4336 2470 4393 tv,
2492 4335 2547 4390 p.
2604 4318 2706 4374 516
2733 4319 2849 4373 bmc
2900 4318 3108 4374 laudat.

1473 4455 1839 4514 VARIORUM
1876 4459 2111 4517 ΝΟΤᾸΕ.

183 4577 264 4617 sus
302 4561 528 4647 Jutlfeos
559 4581 695 4647 cap.
724 4565 802 4621 De
851 4569 1113 4647 passione,
1157 4585 1280 4639 pag.
1323 4570 1448 4647 156..
1492 4570 1753 4647 βοῇοὶεηε

1868 4575 2116 4647 πληγαῖς.
2155 4574 2257 4630 Ms.
2287 4551 2588 4647 lectionem
2614 4571 2834 4647 exhibet
2859 4581 2912 4625 et
2944 4568 3000 4626 S.
3029 4570 3280 4625 Justinus
3311 4572 3347 4626 Ι.
3379 4588 3426 4627 c.

2424 4109 2655 4165 CAPUT
2706 4109 2870 4169 XVII.

1934 4205 1980 4236 "
2005 4202 2312 4260 lmitatores
2343 4204 2506 4258 etiam
2541 4204 2714 4260 simus
2743 4221 2932 4261 eorum
2955 4246 2970 4273 ,
3000 4207 3091 4276 qui
3123 4207 3174 4259 in
3209 4207 3441 4275 pellibus

183 4648 377 4701 propter
403 4638 420 4706 (
449 4639 666 4708 rectius
689 4653 903 4690 versum
929 4640 1119 4694 fuisset
1139 4638 1332 4708 printer
1356 4641 1438 4695 vel
1463 4638 1626 4708 ultra)
1650 4659 1756 4697 mo-

186 4719 281 4756 rem
329 4708 574 4774 ﬁliorum
636 4707 926 4763 hominum.
983 4709 1096 4763 lloc
1139 4707 1221 4764 est
1268 4710 1453 4766 Gmce
1507 4707 1758 4766 ἐκλεῖπον

182 4771 597 4852 πειρᾶτο-ἦθος
623 4777 731 4852 τῶν
775 4778 906 4852 υζῶν
933 4780 1041 4852 τῶν
1083 4779 1404 4852 ἀνθρώπων.
1450 4779 1624 4836 Εάίιίο
1665 4784 1752 4836 ΑΙ·

183 4845 316 4926 dina.
343 4846 523 4926 codex
558 4845 760 4926 Regius
774 4849 880 4926 2:29
897 4845 1304 4926 _et_Procopiu§,
1330 4851 1577 4905 ἐκλεῖπον
1606 4853 1760 4926 παρὰ

182 4913 538 4991 πάντες-τοὺς
570 4913 720 4991 uicit;
744 4919 854 4991 τῶν
885 4913 1206 4991 ἀνθρώπων.
1238 4921 1376 4991 C01.

184 5052 204 5066 .
243 4984 350 5066 (ιε)
375 4988 557 5066 '_Hxs_t
579 4989 667 5066 sic
686 4985 960 5066 θάνατον.
989 4984 1266 5066 Hodierna
1293 4989 1432 5066 LXX
1457 4993 1634 5049 versio
1660 5010 1758 5066 pro

181 5056 290 5121 ῆκει
313 5057 489 5126 liabet
517 5056 684 5126 ἢχθη.
719 5057 785 5109 At
814 5059 1207 5114 Clementinam
1242 5061 1528 5117 lectionem
1560 5056 1758 5119 con-ﬁr-

181 5132 279 5205 mat
383 5123 664 5205 Justinus
689 5127 895 5205 Plat-ty}
926 5127 1102 5205 ‘Apol.
1133 5128 1196 5192 2,
1234 5148 1298 5205 _n.
1350 5133 1439 5186 ll.
1490 5131 1660 5205 GALL.
1688 5165 1759 5176 —-

194 5195 319 5270 gub
335 5195 461 5249 τῶν
490 5196 758 5270 ἀνομιῶν
778 5195 884 5252 τοῦ
904 5201 1057 5256 λαοῦ
1079 5219 1198 5270 μου
1222 5200 1350 5268 ἥκει
1375 5205 1461 5268 εἰς
1479 5203 1754 5260 θάνατον.

187 5258 246 5335 Et
267 5258 663 5335 plerarumque
685 5268 911 5321 aliarum
935 5258 1278 5333 varie'tatutn,
1304 5272 1377 5324 ita
1402 5258 1558 5328 istius
1581 5258 1758 5329 exem;

181 5333 416 5414 μέρει]
435 5333 704 5414 possunt.
726 5336 1074 5414 VidAe_J_ustAini
1106 5343 1352 5411 Martyris
1366 5343 1675 5414 ApOIOgiam
1697 5343 1752 5407 9.,

182 5415 229 5480 pl.
258 5404 699 5480 8§;_Dialognm,
725 5407 949 5480 p.250;
975 5404 1348 5480 Chrysostemi
1379 5404 1678 5468 oratidnem
1699 5404 1754 5468 in

182 5471 317 5551 illud,
340 5471 875 5551 'ljater'sipossib_ile
919 5489 1014 5545 est,
1057 5471 1188 5535 tum.
1218 5481 1282 5542 ll,
1312 5497 1364 5551 p.
1409 5484 1532 5547 1°27,
1556 5484 1752 5538 librum

179 5545 300 5661 god
358 5544 622 5599 Christus
661 5547 730 5600 sit
777 5549 942 5612 Dens,
998 5559 1144 5604 tomo
1185 5544 1375 5605 eodem
1421 5569 1473 5622 p.
1519 5544 1649 5616 .850,
1701 5563 1755 5608 et

222 5616 443 5661 retentii
478 5615 909 5661 tlisnnmlinnpm
937 5635 971 5661 n
1025 5621 1093 5661 RK
1153 5620 1320 5661 Dan-n
1349 5631 1600 5661 nnrrnnln
1633 5639 1754 5661 neco

183 5615 445 5691 Gregentii
478 5615 909 5684 disputationem
937 5635 990 5688 p.
1025 5621 1113 5674 55.
1150 5620 1320 5675 Porro
1349 5615 1603 5694 corrupta
1633 5615 1755 5679 esse

183 5681 405 5739 arbitror
447 5686 564 5739 ista
603 5686 818 5743 Eusebii
856 5689 944 5744 lib.
984 5706 1035 5742 tv
1079 5690 1555 5746 Demonstrationis
1591 5709 1751 5746 evan-

182 5753 366 5834 geticis,
399 5771 531 5834 cap_.
571 5757 660 5834 i6.
710 5759 929 5834 p._i99.
977 5761 1063 5834 Ὡς
1102 5761 1507 5834 πρόϐατονμὲπὶ
1541 5765 1753 5834 σφαγὴν

183 5822 615 5892 ἀγόμενον,’ἁπό
640 5822 841 5880 τέτῶν
870 5829 1104 5892 ἀνομιῶν
1135 5822 1331 5883 αὐτῶν.
1364 5832 1501 5887 Cm.

246 5894 352 5964 US)
385 5897 506 5964 Τῆς
529 5897 791 5970 πληγῆς.
819 5899 907 5955 Sic
936 5894 1102 5956 Wolt.
1121 5917 1182 5957 ex
1204 5918 1304 5957 ms.
1326 5901 1466 5958 Editi
1489 5919 1614 5959 vero
1634 5907 1751 5967 ταῖς

1859 4641 2098 4769 eaman
2117 4647 2364 4732 agnoscit
2393 4643 2512 4698 cod.
2547 4641 2669 4697 Vat.
2702 4642 2872 4724 Gtt“...
3071 4711 3082 4722 .
3391 4715 3401 4725 ι

1931 4715 1977 4769 (1
2025 4716 2042 4769 l
2099 4719 2226 4769 Εαν
2253 4715 2449 4768 δωται.
2475 4712 2646 4768 Wott.
2681 4730 2771 4769 mu
2798 4713 2938 4766 hanc
2961 4711 3246 4764 lectionem
3279 4714 3400 4766 exlu

1931 4711 2042 4786 (ll)
2086 4711 2226 4769 Ἐἓιν
2253 4714 2449 4786 δῶται.
2475 4712 2646 4768 Wott.
2681 4715 2771 4786 qui
2797 4713 2938 4786 lianc
2961 4711 3246 4764 lectionem
3279 4714 3434 4786 exhi-

1857 4783 1950 4839 bet
1979 4783 2046 4840 ex
2077 4801 2180 4840 ms.
2208 4785 2498 4855 Ιρεὶιίὸῶςε
2530 4799 2653 4836 cum
2677 4783 2862 4855 editis,
2892 4799 2946 4855 at
2979 4797 3074 4855 pro
3103 4799 3159 4855 _a_
3196 4783 3432 4855 positum

1856 4855 2198 4911 existimans.
2233 4850 2300 4908 A1
2334 4854 2392 4908 S.
2428 4852 2678 4909 Justinus
2726 4854 2763 4910 Ι.
2812 4868 2863 4907 c.
2921 4853 3047 4921 legit
3097 4850 3282 4904 δῶται.
3343 4853 3434 4908 Sic

1857 4927 2022 4981 etiam
2047 4926 2170 4980 cod.
2201 4926 2355 4980 Alex.
2387 4924 2528 4994 apud
2555 4923 2747 4977 Isaiam
2776 4939 2894 4994 Ltll,
2928 4923 3016 4976 lU.
3051 4921 3234 4992 Itaque
3263 4938 3293 4976 a
3322 4939 3432 4979 ms.

1862 4995 2089 5050 minime
2120 4991 2482 5050 recedendum
2510 4991 2890 5064 putamustln.

1927 5065 2054 5135 (l5)_
2081 5066 2191 5119 Kal
2219 5065 2342 5130 τοῖς
2372 5061 2635 5135 ἀνόμοις.
2702 5061 2844 5116 LXX
2893 5082 2906 5117 :
2945 5063 3038 5116 καὶ
3071 5063 3128 5114 ὲν
3160 5064 3274 5126 τοῖς
3305 5064 3429 5117 ave.

1859 5133 2112 5207 pozg._'_lta
2140 5145 2193 5207 et
2225 5135 2281 5190 S.
2312 5135 2562 5207 Justinus
2595 5134 2630 5188 ι.
2661 5149 2710 5207 ο.
2754 5135 2828 5189 la.

1927 5205 2040 5275 (16)
2081 5206 2160 5258 Δι’
2188 5205 2392 5260 αὐτοῦ.
2433 5206 2557 5258 llaec
2603 5206 2763 5258 verba
2800 5219 2920 5273 quae
2961 5202 3345 5275 desiderantur
3373 5204 3433 5259 in

1855 5273 2038 5337 editis,
2071 5275 2242 5330 Wott.
2293 5293 2360 5329 ex
2412 5291 2512 5330 ms.
2563 5275 2825 5332 restituit.
2877 5277 3234 5344 agnoscitque
3280 5273 3428 5328 Junii

1855 5347 2064 5408 vet-sio,
2114 5362 2234 5415 qua:
2279 5346 2360 5400 sic
2413 5360 2471 5399 se
2520 5345 2680 5397 habet
2713 5346 2893 5415 {Quae
2922 5343 3034 5396 sub
3079 5344 3264 5415 iugum
3313 5346 3428 5412 ejus

1853 5417 2041 5485 gratim
2070 5413 2159 5485 per
2205 5417 2374 5483 ipsum
2425 5415 2673 5468 venimus.
2723 5413 2796 5466 Ea
2840 5429 3056 5484 quoque
3096 5413 3340 5469 Walkius
3371 5417 3428 5469 in

1855 5488 2083 5555 Anglica
2119 5503 2216 5540 sua
2251 5485 2499 5555 versione
2529 5485 2778 5538 inseruit.
2810 5485 2886 5538 ln.

1933 5551 1976 5626 (Ἰ
1993 5557 2043 5624 7)
2093 5556 2422 5626 Ἐλθῲςτος.
2448 5554 2679 5626 Librarii
2702 5555 2978 5609 mendum.
3005 5551 3134 5626 Leu.
3161 5553 3423 5615 ἐλθόντες.

1855 5623 1952 5679 llis
1987 5623 2124 5680 adde
2153 5641 2218 5679 ex
2256 5623 2426 5678 Wutt.
2460 5626 2515 5678 in
2552 5625 2654 5677 hoc
2701 5639 2804 5677 ms.
2856 5639 2998 5692 saepe
3036 5623 3178 5678 inter
3209 5640 3268 5679 se
3297 5640 3424 5694 per-

1857 5697 2054 5749 mutari
2093 5712 2118 5747 ε
2150 5696 2204 5748 in
2241 5711 2270 5748 ο
2305 5715 2316 5748 :
2351 5695 2494 5748 unde
2525 5694 2579 5747 in
2613 5709 2679 5748 eo
2703 5695 2899 5763 legitur
2942 5695 3104 5762 paulo
3148 5697 3422 5762 superius,

1855 5765 1958 5819 hoc
1989 5767 2107 5836 ipso
2135 5766 2188 5819 in
2219 5766 2395 5836 capite
2423 5784 2434 5818 :
2481 5764 2545 5817 Ἡ
2564 5763 2710 5836 ψυχὴ
2734 5764 2885 5835 ὑμῶν
2907 5763 3090 5836 ἕψεται
3123 5763 3182 5816 τὸ
3204 5764 3424 5836 σπέρμα

1853 5835 2190 5958 lpupo’b’wv;
2229 5833 2318 5890 ubi
2351 5836 2537 5904 procul
2571 5833 2736 5890 dubio
2769 5833 3049 5907 legendum
3090 5844 3173 5890 est
3213 5833 3419 5906 elata...

1875 5921 1926 5958 υ.

1875 5921 1926 5962 υ.
