3916 6326
215 363 305 419 :33

1257 366 1587 424 EPISTOLA
1632 369 1675 423 11
1713 368 1803 423 AD
1842 364 2276 426 CORINTHIOS.

3304 374 3407 429 331

207 495 420 564 ἐρήμου,
444 492 678 561 μᾶλλον
710 494 745 563 ἢ
779 497 886 564 τῆς
912 497 1175 567 ἐχούσης
1212 501 1319 554 τὸν
1358 501 1576 569 ἆνδραῖ
1620 502 1729 554 ἐπε1

1843 483 1957 552 ejus
1981 500 2098 554 quia
2124 486 2276 539 habet
2314 486 2520 549 virum;
2561 483 3001 555 quandoquidem
3036 485 3269 556 populus
3304 501 3409 541 no-

207 585 385 657 ἔρημος
413 584 577 637 ἐδόκει
621 581 760 639 εἶναι
792 588 899 641 ἀπὸ
926 590 1019 642 τοῦ
1049 590 1182 644 Θεοῦ
1210 595 1238 645 ὁ
1268 592 1393 656 λαὸς
1418 591 1596 663 ἡμῶν,
1625 594 1743 646 νυνὶ

204 677 251 729 δὲ
286 675 673 740 πιστεύσαντες,
714 679 956 743 πλείονες
986 683 1283 755 ἐγενόμεθα
1310 684 1416 737 τῶν
1444 682 1741 737 δοκούντων

205 767 325 837 ἔχειν
352 765 495 819 Θεόν.
528 768 637 821 Καὶ
669 770 829 841 ἑτέρα
855 771 910 825 δὲ
936 773 1125 846 Γραφὴ
1153 774 1319 845 λέγει,
1353 777 1434 829 ὅτι
1477 778 1598 831 Οὐκ
1628 776 1741 845 ἧλ-

204 861 293 911 θον
330 859 569 912 καλέσαι
608 861 893 929 δικαίους,
933 865 1094 920 ἀλλὰ
1132 867 1541 936 ἁιιιοιρτωλοιένς⁸
1584 869 1741 923 τοῦτο

200 951 342 1019 λέγει,
371 952 446 1004 ὅτι
477 952 555 1005 δεῖ
570 955 694 1016 τοὺς
721 955 1119 1027 ἀπολλυμένους
1148 959 1357 1022 σώζειν.
1404 961 1606 1013 Ἐκεῖνο
1631 961 1739 1033 γάρ

200 1045 324 1096 ἐστιν
357 1045 494 1113 μέγα
521 1046 614 1099 καὶ
642 1046 969 1117 θαυμαστὸν,
1001 1050 1060 1102 ού
1106 1049 1173 1103 τὰ
1206 1050 1412 1104 ἑστῶτα
1442 1052 1735 1123 στηρίζειν,

199 1135 312 1188 ἀλλά
336 1135 400 1188 τὰ
446 1138 740 1191 πίπτονταο
787 1138 959 1203 οὕτως
1001 1142 1094 1194 καὶ
1136 1143 1165 1194 ὁ
1207 1143 1437 1213 Χριστὸς
1476 1143 1737 1216 ἠθέλησεν

200 1227 343 1280 σῶσαι
372 1225 437 1279 τὰ
452 1228 796 1300 ἀπολλύμενα
815 1230 946 1302 (15),
964 1233 1056 1285 καὶ
1076 1232 1275 1287 ἔσωσεν
1304 1234 1529 1301 πολλοὺς
1546 1237 1734 1305 ἐλθὼν,

199 1320 273 1372 καὶ
298 1319 522 1383 καλέσας
553 1322 697 1392 ἡμᾶς
723 1322 820 1393 ἥδη
852 1323 1266 1395 ἀπολλυμένους.

707 1416 1100 1469 ΚΕΦΑΛΑΙΟΝ
1137 1417 1210 1471 Γν.

252 1503 499 1556 Τοσοῦτον
527 1501 623 1558 οὖν
670 1503 815 1570 ἔλεος
856 1510 1179 1579 ποιήσαντος
1222 1510 1384 1564 αὐτοῦ
1432 1512 1512 1576 εἰς
1551 1514 1731 1584 ἡμᾶς’

196 1595 378 1665 πρῶτον
408 1598 505 1667 μὲν
536 1598 617 1650 ὅτι
646 1600 803 1670 ἡμεῖς
820 1598 869 1652 οἱ
900 1598 1100 1665 ζῶντες
1128 1605 1240 1666 τοῖς
1268 1606 1480 1675 νεκροῖς
1506 1603 1647 1670 θεοῖς
1674 1608 1734 1661 οὐ

196 1686 382 1756 θύομεν,
415 1689 509 1741 καὶ
555 1689 616 1741 οὐ
659 1692 1064 1764 προσκυνοῦμεν
1093 1694 1293 1758 αὐτοῖς,
1327 1695 1462 1749 ἀλλὰ
1492 1696 1734 1769 ἔγνωμεν

193 1777 245 1883 οἵ
268 1777 415 1883 αυτοῦ
559 1780 778 1883 Πατέρα
805 1784 903 1854 τῆς
930 1783 1184 1854 ἀληθείας
1204 1801 1217 1815 ο
1239 1786 1372 1857 τῐςὴ
1400 1787 1602 1883 γνῶσις
1620 1789 1729 1862 (14)
1762 1828 1804 1883 Β

193 1867 363 1938 ἠπρδς
398 1869 585 1935 αὐτὸν,
630 1872 663 1943 ἢ
708 1873 767 1925 τὺ
815 1876 889 1946 μὴ
936 1876 1213 1947 ἀρνεῖσθαι
1257 1876 1323 1929 δι’
1370 1871 1431 1931 οὗ
1486 1878 1728 1951 ἔγνωμεν

192 1960 354 2025 adadv;
382 1961 548 2031 Λέγει
576 1963 631 2017 δὲ
659 1966 751 2019 καὶ
779 1967 937 2031 αὐτός
954 1985 967 1998 ’
1009 1968 1117 2023 Τὸν
1158 1970 1615 2039 ὁμολογῆσαν-τά
1652 1989 1731 2042 με

190 2052 409 2108 ἐνώπιον
433 2054 560 2108 τῶν
596 2057 935 2126 ἀνθρώπων,
981 2063 1331 2131 ὁμολογήσω
1373 2065 1557 2118 αὐτὸν
1585 2064 1730 2119 ἐνώ-

191 2160 309 2199 πιον
333 2148 427 2200 τοῦ
456 2150 695 2217 Πατρός
716 2168 853 2218 μου.
878 2145 1045 2215 Οὗτος
1071 2150 1163 2206 οὖν
1184 2153 1291 2224 (15)
1314 2154 1457 2208 ἐστιν
1483 2158 1512 2209 ὁ
1544 2156 1731 2227 μισθὸς

192 2238 345 2308 ἡμῶν,
372 2240 457 2294 ἐὰν
500 2238 602 2295 οὖν
644 2242 1059 2316 ὁμολογήσωμεν
1103 2245 1167 2298 δι’
1197 2240 1257 2298 οὗ
1296 2244 1600 2318 ἐσώθημεν.
1645 2247 1730 2302 Ἐν

189 2331 279 2383 τίνι
302 2331 349 2385 δὲ
374 2332 535 2386 αὐτὸν
562 2333 956 2406 ὁμολογοῦμεν;
988 2336 1046 2389 ἐν
1072 2337 1149 2408 τῷ
1180 2340 1349 2390 ποιεῖν
1378 2338 1413 2391 ἀ
1442 2337 1608 2407 λέγει,
1638 2342 1731 2393 καὶ

190 2422 253 2492 μὴ
293 2423 617 2493 παρακούειν
661 2426 825 2481 αὑτοῦ
866 2426 972 2480 τῶν
1016 2429 1263 2493 ἐντολῶν,
1313 2432 1405 2484 καὶ
1453 2431 1525 2504 μὴ
1573 2431 1731 2502 μόνον

188 2514 385 2582 χείλεσιν
432 2517 602 2570 αὐτὸν
643 2521 828 2590 τιμᾷν,
860 2519 971 2573 ἀλλ’
1001 2520 1060 2585 ἐξ
1087 2521 1213 2593 ὅλης
1252 2520 1500 2593 καρδίας,
1535 2524 1629 2577 καὶ
1671 2520 1733 2589 ἐξ

188 2604 290 2674 ὅλης
313 2607 404 2676 τῆς
430 2608 696 2673 διανοίας.
728 2611 887 2680 Λέγει
930 2612 987 2665 δὲ
1030 2614 1123 2667 καὶ
1165 2614 1222 2667 ἐν
1261 2613 1338 2686 τῷ
1379 2615 1610 2687 Ἡσαΐᾳ·
1668 2616 1731 2669 '0

189 2697 309 2763 λαός
334 2696 505 2767 οὗτος
538 2700 661 2767 τοῖς
697 2703 969 2770 χείλεσίν
999 2721 1079 2773 με
1120 2704 1287 2775 τιμᾷ,
1332 2707 1371 2775 ἠ
1415 2705 1483 2760 δὲ
1521 2709 1731 2776 καρδία

188 2788 351 2842 αὐτῶν
372 2792 576 2859 πόρῤω
598 2792 850 2848 ἄπεστιν
876 2796 975 2850 ἀπ’
1006 2794 1170 2866 ἐμοῦ.

704 2888 1093 2943 ΚΕΦΑΛΑΙΟΝ
1128 2889 1201 2943 Δ¹.

239 2975 316 3046 Μὴ
340 2976 493 3046 μόνον
518 2976 614 3032 οῦν
633 2979 791 3033 αὐτὸν
821 2980 1071 3052 καλῶμεν
1092 2981 1293 3053 Κύριον
1314 3000 1327 3012 °
1349 2984 1409 3037 οὐ
1441 2982 1549 3056 γὰρ
1575 2985 1732 3043 τοῦτο
1764 3016 1773 3031 λ

188 3064 317 3120 σώσει
337 3070 481 3139 ἡμᾶς
500 3088 517 3100 ·
553 3070 697 3139 λέγει
724 3072 832 3144 γάρ
849 3090 861 3103 ·
890 3075 970 3127 Οὐ
989 3072 1107 3139 πᾶς
1128 3077 1160 3127 ὀ
1184 3073 1377 3144 λέγων
1391 3094 1515 3145 μοι,
1530 3079 1729 3146 Κύριε,

1841 584 1955 630 ster
1981 575 2094 648 (12)
2129 592 2161 631 a
2192 577 2302 632 Deo
2324 577 2577 633 desertus
2604 592 2727 632 esse
2754 577 3258 644 videbaturynunc
3280 594 3409 633 vero

1840 683 1964 723 cum
1997 669 2364 734 credidimus,
2396 670 2581 740 plures
2624 668 2751 723 iacti
2785 685 2976 725 sumus
3006 670 3072 724 iis
3106 670 3201 740 qui
3238 669 3407 726 Deum

1839 759 2040 817 habere
2062 762 2444 817 censebantur.
2493 761 2613 815 Alia
2661 775 2877 831 quoque
2913 759 3194 830 Scriptura
3236 762 3404 816 dicit’

1843 853 1968 908 Non
2000 856 2113 909 veni
2132 872 2318 910 vocare
2340 855 2538 924 justas,
2570 855 2660 908 sed
2687 864 2980 923 peccatores
3000 854 3076 910 "z
3102 855 3205 909 hoc
3241 853 3402 917 dicit,

1838 948 1985 1017 quod
2039 948 2236 1004 debeat
2288 956 2580 1020 pereuntes
2638 962 2877 1004 servare.
2935 945 3073 1000 Illud
3134 946 3407 1017 siquidem

1837 1053 2094 1109 magnum
2122 1047 2175 1095 et
2204 1039 2523 1095 admirabile
2547 1047 2666 1107 est,
2698 1054 2806 1093 non
2861 1037 3054 1093 fulcire
3080 1054 3203 1107 quae
3234 1046 3402 1102 stant,

1838 1130 1935 1185 sed
1980 1147 2102 1201 qua:
2144 1132 2367 1187 cadunt.
2420 1131 2513 1185 Sic
2558 1140 2612 1187 et
2656 1131 2909 1186 Christus
2967 1146 3188 1186 servare
3235 1131 3407 1185 voluit

1838 1224 2147 1293 pereuntia,
2184 1232 2235 1279 et
2271 1225 2475 1279 multos
2517 1225 2755 1280 servavit
2794 1224 2924 1279 dum
2956 1223 3126 1289 venit,
3166 1223 3405 1295 dumque

1836 1331 1938 1371 nos
1958 1316 2071 1387 jam
2102 1326 2392 1388 pereuntes
2418 1318 2653 1372 vocavit.

2433 1409 2663 1466 CAPUT
2715 1407 2805 1466 111.

1905 1501 2041 1557 Cum
2073 1503 2240 1574 igitur
2271 1511 2480 1557 tantam
2507 1502 2941 1557 misericordiam
2965 1514 3094 1572 erga
3150 1517 3252 1557 nos
3287 1502 3406 1573 ipse

1836 1594 2058 1651 fecerit:
2092 1596 2268 1665 primo
2295 1596 2539 1665 quidem,
2572 1594 2719 1664 quod
2749 1610 2852 1649 nos
2881 1595 2974 1664 qui
3009 1592 3263 1658 vivimus,
3295 1594 3404 1648 diis

1834 1689 2065 1744 mortuis
2088 1703 2195 1743 non
2227 1689 2623 1749 sacriﬁcamus,
2638 1702 2735 1741 nec
2749 1686 3175 1752 adoramuseos;
3196 1687 3289 1742 sed
3308 1703 3407 1757 per

1836 1779 2035 1849 ipsum,
2067 1780 2421 1849 cognovimus
2448 1778 2694 1833 veritatis
2719 1777 2932 1833 Patrem
2960 1798 2972 1832 :
3015 1793 3262 1848 quasnam
3317 1787 3406 1833 est

1831 1872 2034 1942 agnitio
2067 1872 2133 1926 ad
2164 1872 2420 1933 eum,nisi
2438 1879 2496 1926 ut
2520 1888 2630 1926 non
2653 1887 2910 1940 negemus
2935 1871 3106 1933 illum,
3134 1886 3404 1940 perquem

1831 1964 2150 2033 agnovimus
2165 1980 2287 2019 eum
2301 1964 2424 2018 ?Ait
2444 1980 2571 2020 vero
2582 1965 2743 2020 etiam
2764 1963 2778 2017 i
2787 1979 2900 2033 pse:
2922 1964 3026 2029 Qui
3044 1964 3404 2033 meconfessus

1831 2056 1987 2125 fuerit
2012 2057 2066 2110 in
2096 2066 2369 2126 conspectu
2396 2057 2681 2119 hominum,
2714 2056 2999 2123 conﬁtebor
3018 2057 3188 2124 ipsum
3204 2057 3258 2109 in
3280 2074 3405 2110 con-

1829 2160 2004 2217 specta
2022 2148 2202 2202 Patris
2234 2150 2332 2202 mei
2363 2150 2429 2204 ὀ.
2474 2148 2599 2203 Haec
2627 2156 2712 2203 est
2735 2151 2919 2218 itaque
2953 2164 3165 2203 merces
3187 2156 3400 2209 nostra,

1832 2240 1879 2295 si
1902 2240 2121 2311 quidem
2143 2240 2503 2296 conﬁteantur
2520 2256 2643 2296 eum
2672 2256 2767 2310 per
2789 2256 2947 2309 quem
2966 2239 3167 2295 servati
3185 2254 3401 2296 sumus.

1830 2329 1892 2387 in
1928 2348 2166 2402 quonam
2223 2340 2404 2388 autem
2465 2334 2617 2387 illum
2675 2332 3403 2387 conﬁtebimur?Faciendo

1831 2441 1951 2496 qua:
1978 2426 2131 2493 dicit,
2170 2434 2225 2482 et
2258 2426 2516 2481 mandata
2553 2427 2700 2481 illius
2745 2442 2857 2481 non
2914 2426 3250 2496 spernendo;
3300 2441 3403 2480 nec

1832 2519 2008 2574 solum
2041 2518 2201 2573 labiis
2225 2533 2349 2573 eum
2379 2518 2724 2583 honorando,
2756 2518 2852 2574 sed
2880 2533 2947 2573 ex
2978 2525 3092 2572 toto
3115 2517 3280 2573 corde
3299 2558 3315 2581 ,
3347 2528 3402 2572 et

1832 2625 1897 2665 cx
1926 2618 2038 2662 tota
2069 2609 2432 2664 mente.Dicit
2462 2611 2665 2681 quippe
2691 2610 2745 2664 in
2798 2609 2970 2664 Isaia:
3014 2608 3252 2677 Populus
3304 2611 3405 2665 iste

1834 2703 1990 2757 labiis
2022 2719 2101 2756 me
2137 2702 2365 2756 honorat
2392 2720 2411 2756 :
2463 2716 2555 2756 cor
2603 2712 2778 2755 autem
2805 2717 2986 2755 eorum
3018 2700 3168 2771 longe
3193 2700 3339 2755 abest
3367 2718 3402 2757 α

1833 2812 1913 2849 me
1942 2795 2008 2850 ⁹¹.

2429 2883 2657 2942 CAPUT
2692 2877 2786 2942 Π.

1900 2978 2019 3035 Non
2044 2978 2205 3034 modo
2258 2978 2424 3050 igitur
2471 2980 2649 3048 ipsum
2679 2994 2939 3035 vocemus
2976 2977 3297 3044 Dominum;
3346 2978 3402 3034 id

1831 3072 1978 3128 enim
2008 3087 2119 3128 non
2150 3072 2383 3127 salvabit
2408 3086 2539 3137 nos;
2588 3070 2859 3142 siquidem
2901 3070 3013 3126 ait:
3070 3069 3194 3124 Non
3229 3073 3400 3126 omnis

188 3160 349 3226 Κύριε,
370 3161 733 3229 σωθήσεται,
751 3165 911 3219 ἀλλὰ
930 3168 963 3219 ό
981 3165 1165 3219 ποιῶν
1183 3165 1297 3235 τὴν
1315 3166 1722 3239 δικαιοσύνην.

1838 3166 1918 3237 qui
1938 3164 2066 3221 dicit
2092 3164 2239 3229 mihi,
2261 3164 2504 3228 Domine,
2536 3163 2779 3226 Domine,
2819 3162 3145 3226 salvabitur;
3192 3160 3282 3216 sed
3311 3163 3403 3233 qui

188 3249 317 3306 Ὥστε
337 3251 447 3317 οὖν,
468 3256 713 3325 ἀδελφοὶ,
743 3258 802 3310 ἐν
830 3260 942 3320 τοῖς
969 3256 1150 3328 ἔργοις
1170 3258 1329 3312 αὑτὸν
1356 3261 1724 3334 ὁμολογῶμεν,

184 3340 230 3395 ιν
251 3345 317 3415 τῷ
343 3348 569 3417 ἀγαπᾷν
590 3349 782 3412 αὐτοὺς
813 3349 941 3421 (16),
963 3351 1021 3403 ἐν
1049 3350 1125 3421 τῷ
1157 3350 1230 3423 μὴ
1256 3354 1564 3423 μοιχᾶσθαι,
1598 3355 1731 3426 μηδὲ

184 3437 468 3492 καταλαλεῖν
479 3440 747 3512 ἀλλήλων,
769 3442 900 3513 μηδὲ
914 3441 1128 3514 ζηλοῦν,
1146 3443 1257 3497 ἀλλ’
1271 3445 1557 3516 ἐγκρατεῖς
1567 3442 1728 3512 εἶναι,

183 3527 466 3599 ἐλεήμονας,
501 3533 743 3602 ἀγαθούς
764 3549 777 3565 ⁸
813 3537 906 3589 καὶ
938 3537 1276 3608 συμπάσχειν
1306 3536 1554 3610 ἀλλήλοις
1583 3539 1732 3607 ὀφεί-

181 3620 336 3694 λομεν,
365 3628 459 3682 καὶ
492 3629 578 3700 μὴ
610 3627 987 3700 φιλαργυρεῖΨ
1020 3630 1077 3682 ἐν
1104 3628 1363 3702 τ[ού]τοις
1408 3629 1589 3700 ἔργοις
1618 3626 1733 3704 (17)

1833 3259 1963 3329 facit
1977 3258 2251 3329 justitiam
2274 3258 2339 3310 ⁹².
2372 3254 2581 3325 Itaque,
2607 3253 2826 3317 fratres,
2847 3254 2903 3307 in
2931 3254 3193 3324 operibus
3219 3254 3398 3323 ipsum

1832 3351 2218 3416 conﬁteamur;
2239 3346 2518 3419 diligendo
2540 3362 2641 3401 nos
2664 3353 2875 3408 mutuo,
2891 3361 2999 3399 non
3017 3345 3399 3408 adulterando,

1831 3458 2007 3515 neque
2028 3439 2384 3498 obtrectando
2415 3439 2669 3501 invicem,
2705 3454 2881 3507 neque
2902 3438 3251 3505 aemulando;
3300 3437 3402 3494 sed

1827 3536 2061 3593 vivendo
2085 3535 2139 3589 in
2170 3532 2531 3594 continentia,
2563 3530 2965 3594 misericordia,
3003 3530 3280 3585 bonitate:
3340 3536 3400 3584 et

1830 3628 2212 3701 compassione
2246 3632 2437 3681 mutua
2459 3624 2587 3680 duci
2618 3623 2912 3691 debemus;
2938 3632 2993 3679 at
3022 3639 3129 3679 non
3154 3622 3402 3695 pecunias

238 3782 485 3841 "Matth.
528 3802 609 3852 ix,
638 3786 723 3841 i3.
800 3786 848 3820 ”
866 3786 1247 3851 Matth.x,52.
1323 3782 1367 3819 ⁹¹
1400 3787 1506 3845 lsa.
1572 3807 1721 3855 xxxx,
1764 3790 1852 3846 15.
1927 3791 1974 3822 "
2005 3788 2198 3844 Matth.
2221 3803 2322 3853 vn,
2363 3785 2455 3841 9-1.

1463 3929 1827 3987 VARIORUM
1865 3927 2099 3985 ΝΟΤᾸΕ.

179 4062 400 4137 εὐσέϐεια
445 4062 641 4137 πάλαι,
674 4064 740 4133 τῇ
770 4061 841 4137 δὲΔ
866 4062 974 4137 τῶν
1010 4062 1242 4137 εἰδώλῳ
1281 4063 1493 4137 δουλείᾳ
1525 4065 1721 4137 προσέ-

176 4133 335 4206 ipsum
355 4153 367 4187 :
384 4141 443 4186 ut
460 4133 851 4206 restituaturul)
870 4133 1534 4206 εὐσεᾷείας-Ἐκκλησίαει
1546 4133 1718 4206 προσ-

172 4203 857 4274 ήδρευενηαυοόιιιιιίηιυη]
890 4204 1107 4274 exhibet
1134 4203 1465 4274 Catena'ms.
1502 4206 1557 4258 in
1592 4203 1719 4274 pro-

176 4271 363 4340 ph‘etas,
396 4273 545 4327 Bibl.
572 4271 706 4342 Reg.
748 4272 870 4328 cod.
900 4272 1028 4327 229.
1060 4272 1198 4329 Cor.
1223 4272 1486 4329 —-Vertit
1513 4271 1723 4330 Cotele-

176 4342 293 4403 rius,
323 4342 416 4395 hoc
444 4343 601 4405 dicit,
634 4359 806 4411 preces
840 4352 1047 4403 nostras
1075 4344 1143 4396 ad
1177 4344 1345 4397 Deum
1371 4346 1583 4398 omnino
1607 4384 1622 4409 ,
1664 4355 1721 4399 ut

173 4417 500 4483 parturientes
527 4413 714 4475 solent,
744 4429 846 4465 non
870 4412 1177 4483 deﬁciamus
1215 4415 1429 4483 referre,
1447 4415 1722 4469 observat-

175 4498 266 4550 que
286 4482 349 4535 ad
388 4498 568 4552 marg.
595 4483 701 4537 sibi
731 4482 903 4537 videri
936 4482 1123 4553 Graace
1154 4482 1441 4553 legendum
1472 4486 1724 4537 ἐκκακῶ-

1820 4079 1981 4131 xvm,
2015 4064 2112 4118 il:
2144 4059 2316 4134 τξΙλθε
2343 4060 2451 4134 γάρ
2478 4063 2509 4116 ὀ
2547 4060 2677 4126 Υἱὸς
2710 4059 2805 4114 τοῦ
2834 4056 3121 4130 ἀνθρώπου
3152 4058 3401 4116 σῶσαιτδ

1824 4135 2118 4196 ἀπολωλός.
2154 4131 2325 4187 GALL.

1898 4203 2011 4275 (14)
2043 4204 2136 4269 Τίς
2164 4203 2204 4271 ἠ
2234 4202 2611 4275 τνῶσις,κ,τ.
2640 4200 2699 4275 λ..
2724 4198 3090 4275 Yendelinus:
3134 4198 3395 4275 Qudnam

1824 4268 1926 4330 erit
1982 4268 2165 4328 nostra
2193 4268 2328 4341 erga
2374 4268 2542 4339 ipsum
2576 4271 2821 4341 agnitio?
2874 4268 2929 4324 Si
2962 4278 3083 4339 post
3128 4270 3196 4322 ad
3225 4270 3399 4338 ipsum

1830 4344 2145 4414 suppleatur
2166 4340 2451 4411 perducens
2475 4349 2567 4394 aut
2587 4340 2903 4410 pertingens,
2922 4341 3129 4410 integra
3140 4340 3245 4393 erit
3266 4356 3398 4393 sen-

1830 4414 2038 4469 tentia:
2074 4429 2137 4466 ac
2168 4423 2315 4467 recte
2345 4420 2733 4480 consequetur,
2766 4419 2842 4480 uti
2864 4418 3150 4479 postquam
3193 4424 3400 4478 cogno-

1831 4485 2010 4538 vimus
2037 4482 2276 4544 Patrem,
2334 4498 2441 4536 non
2496 4479 2757 4550 negemus
2806 4479 3029 4550 Filium;
3058 4480 3184 4548 quia
3214 4481 3400 4535 nullus

176 4542 277 4621 μεν,
308 4568 402 4622 pro
433 4542 785 4624 ἐγκακῶμεν,
815 4559 991 4624 atque
1033 4542 1368 4608 Clementem
1416 4555 1507 4607 hic
1555 4555 1726 4624 respi-
1758 4542 1803 4597 Ῑ)
1831 4561 1987 4623 pater
2013 4564 2099 4608 est
2128 4554 2246 4611 sine
2267 4542 2410 4624 lilio.
2455 4550 2553 4624 Hic
2569 4542 2749 4604 “locus
2778 4566 2864 4624 ex‘
2894 4551 2972 4624 ii_s_
3011 4542 3239 4624 forsitan
3286 4560 3393 4613 est,

175 4638 280 4695 cere
312 4621 378 4677 ad
422 4621 724 4695 illud‘Lu‘c.
746 4621 998 4695 xvm,_‘l
1027 4639 1039 4673 :
1072 4625 1191 4675 Δεῖν
1219 4623 1450 4695 πάντοτε
1495 4621 1727 4695 προσεύ-

204 4692 360 4763 saliat,
388 4694 487 4745 καὶ
522 4692 596 4763 μὴ
627 4694 899 4763 ἐκκακεῖν.
932 4691 1134 4762 Legere
1164 4700 1248 4748 est
1290 4692 1486 4763 Ephcs.
1509 4691 1589 4753 In.
1627 4696 1721 4748 15:

173 4708 360 4813 ἕξουσι,
388 4708 487 4745 και
522 4708 596 4763 μη
627 4708 899 4745 εκκακειν.
932 4708 1134 4762 Legere
1164 4708 1248 4748 εει
1290 4708 1486 4763 Lpncs.
1509 4708 1589 4753 In,
1627 4708 1721 4748 τότ

175 4762 251 4844 “i1
280 4763 535 4844 ἐκκακεῖν
548 4765 615 4842 ἐν
640 4765 757 4825 ταῖς
776 4761 986 4844 θλῖψεσί
1018 4780 1119 4844 μου
1140 4802 1155 4825 ,
1201 4770 1258 4844 ει
1443 4778 1521 4844 vt,
1552 4764 1586 4817 9
1604 4763 1727 4844 εΛΤὸ

173 4830 386 4904 eum
418 4831 701 4904 ποιοῦντες
731 4833 805 4904 μὴ
835 4830 1175 4904 ἐκκακῶμεν.
1222 4833 1300 4904 _At
1343 4830 1571 4904 Paulum
1618 4832 1726 4887 Co-

174 4899 440 4957 lomesium
472 4903 518 4957 si
534 4899 743 4964 audias,
766 4899 899 4955 nihil
930 4903 1013 4955 hic
1033 4899 1159 4955 vidit
1182 4902 1391 4957 clariss.
1411 4901 1722 4969 Cotelerius,

174 4984 227 5024 ac
273 4972 442 5025 locum
480 4972 615 5026 hunc
668 4974 957 5026 rectissime
995 4973 1270 5025 transtulit
1324 4972 1639 5027 Vendelinus
1668 4976 1723 5029 in

176 5039 300 5095 hunc
322 5043 545 5096 modum
567 5063 579 5097 :
601 5042 726 5096 Ha’c
744 5043 891 5104 dicit,
921 5051 976 5095 ut
998 5044 1260 5096 orationes
1282 5044 1511 5097 modeste
1537 5045 1724 5111 o/fera-

177 5128 271 5166 unus
286 5112 411 5179 Deo,
440 5130 545 5165 non
564 5125 618 5168 ut
651 5115 899 5177 clamose,
922 5114 1238 5181 parientium
1261 5115 1452 5177 instar,
1476 5115 1723 5181 vocifere-

175 5197 293 5235 mur.
326 5183 632 5251 Dupliciter
671 5192 851 5237 tamen
907 5198 1134 5251 peccare
1179 5183 1309 5238 mihi
1340 5184 1558 5239 videtur
1606 5186 1718 5239 haec

174 5254 468 5317 translatio,
495 5256 669 5321 primo
690 5254 906 5322 quidem
934 5253 1078 5321 quod
1102 5254 1340 5309 clamare
1367 5254 1525 5308 nobis
1549 5263 1715 5317 vetat,

174 5335 281 5394 cum
312 5323 570 5378 Clemens
602 5320 779 5377 locum
834 5320 985 5394 Isaiae
1040 5324 1429 5391 interpretatur
1454 5363 1469 5387 ,
1515 5326 1571 5378 in
1609 5339 1719 5394 quo

174 5390 391 5447 clamare
422 5394 800 5463 praecipimur:
828 5393 1024 5447 deinde
1052 5394 1197 5463 quod
1242 5394 1555 5449 antithesim
1618 5390 1717 5449 seu

174 5464 558 5530 oppositionem
593 5464 851 5525 instituit,
883 5478 1044 5532 quam
1103 5464 1319 5518 diversa
1374 5466 1715 5519 constructio

175 5534 446 5586 verborum
478 5534 760 5604 dwacpspew
804 5540 859 5589 et
901 5533 1222 5605 ἐκκακῶμεν
1254 5549 1351 5589 seu
1393 5534 1714 5605 ἐγκακῶμεν

177 5614 267 5653 non
295 5604 524 5659 patitur.
556 5606 758 5659 (lous'r.

234 5618 267 5653 ιι
331 5618 524 5656 antur.
556 5618 758 5659 uous'r.

234 5618 339 5741 (ιζ)
372 5670 450 5744 ita
498 5673 719 5743 loquens
768 5691 827 5731 se
884 5674 1140 5744 gentilem
1183 5674 1411 5739 indicat,
1462 5687 1573 5728 non
1616 5672 1713 5729 Ju-

176 5739 345 5793 ἀεικῆ.
387 5739 595 5799 ϐαθεῖ’.

236 5811 339 5878 (l3)
368 5811 566 5866 Σῶσαι
614 5814 685 5869 τὰ
713 5816 1119 5886 ἀπολλύμενα.
1160 5815 1367 5871 Αιιιιὸἰι
1418 5813 1488 5870 ad
1516 5814 1705 5871 Matth.

1829 4618 1969 4694 quos
1988 4624 2090 4678 sibi
2108 4639 2217 4677 non
2237 4622 2370 4694 satis
2384 4620 2893 4694 colimrerepensyit
2916 4618 3391 4694 Pbotiu§:_Cousg.

1901 4692 2015 4773 (i5)
2047 4693 2232 4758 Οὗτος
2260 4692 2373 4745 οὖν
2484 4690 2752 4773 ἐὰνερῦτ.
2801 4690 3061 4773 Displicet
3086 4688 3283 4773 “Wott.
3302 4687 3398 4773 οῦν

1827 4759 2140 4834 repetitum,
2162 4778 2260 4832 pro
2291 4777 2399 4831 quo
2424 4761 2636 4831 reponit
2660 4759 2761 4830 μὲν
2780 4761 2862 4822 vel
2877 4759 3057 4814 αὐτόν.
3086 4759 3216 4813 Dav.
3259 4762 3398 4813 mal-

1826 4834 1939 4889 iet:
1982 4833 2076 4886 ἐὰν
2110 4833 2642 4903 συνομολογήσωμεν.
2670 4830 2812 4884 Nihil
2835 4838 3016 4885 autem
3051 4838 3226 4903 [nutat
3252 4829 3392 4885 Birr.

1826 4917 1955 4957 cum
1985 4910 2173 4957 notum
2219 4900 2325 4967 sit,
2367 4900 2484 4955 eam
2517 4900 2702 4955 vocem
2732 4917 2874 4971 saepe
2921 4900 3235 4971 παρέλκειν,
3292 4915 3397 4971 nec

1824 4988 1951 5027 raro
2000 4988 2098 5042 pro
2144 4974 2361 5035 τοίνυν,
2393 4970 2631 5042 proinde,
2691 4970 2853 5039 poni:
2914 4970 3025 5041 quo
3082 4986 3247 5024 sensu
3299 4970 3394 5024 hic

1826 5040 2044 5114 quoque
2075 5042 2289 5114 adjecta
2321 5042 2556 5114 videtur.
2593 5040 2762 5097 αλιι..

1898 5110 2011 5185 (ili)
2056 5110 2161 5185 Ἐν
2301 5110 2804 5185 ᾀγαπᾷν-αιᾷτοὺςτ
2857 5110 3160 5185 Α1ταύτόν,
3207 5110 3261 5164 id
3308 5118 3395 5165 est

1825 5181 2047 5255 Κύριον.
2069 5183 2153 5236 Αι.
2188 5182 2465 5255 ἀλλήλους.
2490 5181 2575 5255 Al.
2614 5182 2857 5255 ἑαυτούςἶ
2892 5181 3388 5255 Βὶττλιεριίηοιληεῌ.

1824 5249 2140 5319 lectionem;
2199 5249 2340 5321 quod
2393 5250 2587 5314 αὐτούς
2633 5253 2952 5321 aequivaleat
2986 5249 3273 5321 Clementi
3312 5250 3393 5319 τῷ

1822 5324 2099 5390 ἀλλήλους.
2133 5320 2229 5375 Sic
2259 5320 2401 5374 infra
2426 5336 2547 5390 cap.
2581 5322 2677 5375 ult.
2711 5323 2874 5374 Ὅταν
2914 5320 3161 5390 λαλῶμεν
3212 5320 3394 5381 αὐτοῖς

1821 5389 2075 5466 ἀλήθειαν
2104 5408 2119 5446 :
2145 5389 2649 5466 Quandoveritatem
2672 5393 2806 5466 inter
2829 5408 2921 5466 nos
2951 5389 3391 5466 loquimur.nQiil|1

1820 5471 1874 5518 et
1899 5460 2059 5533 epist.
2091 5479 2129 5525 ι,
2172 5461 2414 5533 cap._M:
2447 5460 2919 5533 Χρηστευσώμεθα
2947 5461 3148 5523 αὐτοῖς.
3221 5460 3392 5526 Quem

1818 5530 1997 5587 locum
2026 5530 2271 5587 consule.
2298 5530 2376 5586 In.

1890 5604 2003 5672 (l7)
2033 5604 2138 5656 Ἐν
2166 5602 2394 5672 τούτοις
2407 5600 2619 5672 ἔργοις.
2655 5600 2732 5653 Ex
2749 5599 3019 5672 Wott.rsic
3034 5616 3093 5655 se
3104 5599 3272 5653 habet
3280 5612 3388 5672 ms.

1816 5669 1906 5729 EN
1933 5669 2049 5726 T...
2067 5672 2219 5725 ΤΟιΣ
2248 5671 2503 5740 ΕΡΓυιΣ.
2529 5669 2667 5725 Hinc
2684 5672 2873 5740 procul
2909 5671 3073 5725 dubio
3105 5669 3390 5740 legendum

1815 5746 1880 5799 ad
1895 5744 2048 5798 fidem
2065 5742 2199 5821 cod;
2218 5742 2274 5792 ὲν
2302 5739 2444 5821 ﬂeti]
2459 5754 2568 5821 τοις
2587 5742 2667 5821 vel
2685 5734 2887 5821 ’τ[οιού]
2909 5734 3227 5821 τοιςήὲργοῖς.
3247 5734 3391 5821 ξ]ιίἰῆ

1814 5830 1939 5871 vero
1964 5822 2158 5885 praeter
2178 5808 2513 5876 L0ndin.,'€v
2543 5828 2600 5865 τε
2636 5808 2856 5881 ἀγαθοῖς
2869 5808 2994 5875 ’τοῖς
3015 5808 3212 5885 ἔργοις.
3245 5808 3319 5865 In.
