  <div class='ocr_page' id='page_1' title='image "/cluster/home/n/w/nwhite01/storage/ocr_20150623/1/hvd.32044073501405/176.png"; bbox 0 0 3916 6326; ppageno 0'>
   <div class='ocr_carea' id='block_1_1' title="bbox 254 342 332 401">
    <p class='ocr_par' dir='ltr' id='par_1_1' title="bbox 254 342 332 401">
     <span class='ocr_line' id='line_1_1' title="bbox 254 342 332 401; baseline -0.064 0"><span class='ocrx_word' id='word_1_1' title='bbox 254 342 332 401; x_wconf 63' lang='lat'><strong>35!</strong></span> 
     </span>
    </p>
   </div>
   <div class='ocr_carea' id='block_1_2' title="bbox 735 443 1254 503">
    <p class='ocr_par' dir='ltr' id='par_1_2' title="bbox 735 443 1254 503">
     <span class='ocr_line' id='line_1_2' title="bbox 735 443 1254 503; baseline -0.012 1"><span class='ocrx_word' id='word_1_2' title='bbox 735 445 1131 503; x_wconf 74' lang='grc' dir='ltr'><strong>ΚΕΦΑΛΑῙΟΝ</strong></span> <span class='ocrx_word' id='word_1_3' title='bbox 1170 443 1254 498; x_wconf 87' lang='grc' dir='ltr'><strong>Η’.</strong></span> 
     </span>
    </p>
   </div>
   <div class='ocr_carea' id='block_1_3' title="bbox 315 533 1795 614">
    <p class='ocr_par' dir='ltr' id='par_1_3' title="bbox 315 533 1795 614">
     <span class='ocr_line' id='line_1_3' title="bbox 315 533 1795 614; baseline -0.007 -17"><span class='ocrx_word' id='word_1_4' title='bbox 315 547 392 608; x_wconf 83' lang='grc' dir='ltr'>Ὠς</span> <span class='ocrx_word' id='word_1_5' title='bbox 417 539 506 597; x_wconf 76' lang='grc' dir='ltr'>οὖν</span> <span class='ocrx_word' id='word_1_6' title='bbox 532 543 695 614; x_wconf 78' lang='grc' dir='ltr'>ἐσμεν</span> <span class='ocrx_word' id='word_1_7' title='bbox 723 542 817 595; x_wconf 78' lang='grc' dir='ltr'>ἐπὶ</span> <span class='ocrx_word' id='word_1_8' title='bbox 853 541 976 611; x_wconf 86' lang='grc' dir='ltr'>γῆς,</span> <span class='ocrx_word' id='word_1_9' title='bbox 1011 540 1454 611; x_wconf 85' lang='grc' dir='ltr'>μετανοήσωμεν.</span> <span class='ocrx_word' id='word_1_10' title='bbox 1483 534 1657 606; x_wconf 84' lang='grc' dir='ltr'>Πηλὸς</span> <span class='ocrx_word' id='word_1_11' title='bbox 1687 533 1795 605; x_wconf 88' lang='grc' dir='ltr'><strong>γάρ</strong></span> 
     </span>
    </p>
   </div>
   <div class='ocr_carea' id='block_1_4' title="bbox 239 625 1798 711">
    <p class='ocr_par' dir='ltr' id='par_1_4' title="bbox 239 625 1798 711">
     <span class='ocr_line' id='line_1_4' title="bbox 239 625 1798 711; baseline -0.009 -19"><span class='ocrx_word' id='word_1_12' title='bbox 239 642 383 711; x_wconf 79' lang='grc' dir='ltr'>ἐσμεν</span> <span class='ocrx_word' id='word_1_13' title='bbox 411 637 487 699; x_wconf 80' lang='grc' dir='ltr'>εἰς</span> <span class='ocrx_word' id='word_1_14' title='bbox 511 635 606 706; x_wconf 80' lang='grc' dir='ltr'><strong>τὴν</strong></span> <span class='ocrx_word' id='word_1_15' title='bbox 643 636 802 704; x_wconf 87' lang='grc' dir='ltr'>χεῖρα</span> <span class='ocrx_word' id='word_1_16' title='bbox 838 631 935 685; x_wconf 78' lang='grc' dir='ltr'>τοῦ</span> <span class='ocrx_word' id='word_1_17' title='bbox 977 631 1243 701; x_wconf 81' lang='grc' dir='ltr'>τεχνίτου.</span> <span class='ocrx_word' id='word_1_18' title='bbox 1272 631 1368 681; x_wconf 83' lang='grc' dir='ltr'><strong>Ὃν</strong></span> <span class='ocrx_word' id='word_1_19' title='bbox 1396 628 1597 699; x_wconf 85' lang='grc' dir='ltr'>τρόπον</span> <span class='ocrx_word' id='word_1_20' title='bbox 1634 625 1742 697; x_wconf 83' lang='grc' dir='ltr'>γὰρ</span> <span class='ocrx_word' id='word_1_21' title='bbox 1768 628 1798 679; x_wconf 82' lang='grc' dir='ltr'>ὁ</span> 
     </span>
    </p>
   </div>
   <div class='ocr_carea' id='block_1_5' title="bbox 242 719 1796 803">
    <p class='ocr_par' dir='ltr' id='par_1_5' title="bbox 242 719 1796 803">
     <span class='ocr_line' id='line_1_5' title="bbox 242 719 1796 803; baseline -0.01 -18"><span class='ocrx_word' id='word_1_22' title='bbox 242 730 510 803; x_wconf 76' lang='grc' dir='ltr'>κεραμεὺς,</span> <span class='ocrx_word' id='word_1_23' title='bbox 552 727 645 780; x_wconf 85' lang='grc' dir='ltr'><strong>ἐὰν</strong></span> <span class='ocrx_word' id='word_1_24' title='bbox 675 730 804 798; x_wconf 82' lang='grc' dir='ltr'>ποιῇ</span> <span class='ocrx_word' id='word_1_25' title='bbox 838 724 1054 787; x_wconf 79' lang='grc' dir='ltr'>σκεῦος,</span> <span class='ocrx_word' id='word_1_26' title='bbox 1093 724 1187 777; x_wconf 79' lang='grc' dir='ltr'>καὶ</span> <span class='ocrx_word' id='word_1_27' title='bbox 1222 723 1281 775; x_wconf 89' lang='grc' dir='ltr'><strong>ἐν</strong></span> <span class='ocrx_word' id='word_1_28' title='bbox 1317 723 1438 784; x_wconf 87' lang='grc' dir='ltr'>ταῖς</span> <span class='ocrx_word' id='word_1_29' title='bbox 1473 720 1659 790; x_wconf 76' lang='grc' dir='ltr'>χερσὶν</span> <span class='ocrx_word' id='word_1_30' title='bbox 1696 719 1796 771; x_wconf 83' lang='grc' dir='ltr'>αὑ-</span> 
     </span>
    </p>
   </div>
   <div class='ocr_carea' id='block_1_6' title="bbox 236 810 1793 892">
    <p class='ocr_par' dir='ltr' id='par_1_6' title="bbox 236 810 1793 892">
     <span class='ocr_line' id='line_1_6' title="bbox 236 810 1793 892; baseline -0.009 -17"><span class='ocrx_word' id='word_1_31' title='bbox 236 822 315 877; x_wconf 76' lang='grc' dir='ltr'>τοῦ</span> <span class='ocrx_word' id='word_1_32' title='bbox 345 821 659 892; x_wconf 82' lang='grc' dir='ltr'>διαστραφῇ,</span> <span class='ocrx_word' id='word_1_33' title='bbox 704 817 738 889; x_wconf 81' lang='grc' dir='ltr'>ἦ</span> <span class='ocrx_word' id='word_1_34' title='bbox 769 815 1051 889; x_wconf 75' lang='grc' dir='ltr'>συντριϐῇ,</span> <span class='ocrx_word' id='word_1_35' title='bbox 1083 814 1245 867; x_wconf 88' lang='grc' dir='ltr'>πάλιν</span> <span class='ocrx_word' id='word_1_36' title='bbox 1279 812 1410 866; x_wconf 80' lang='grc' dir='ltr'>αὐτὸ</span> <span class='ocrx_word' id='word_1_37' title='bbox 1440 810 1793 865; x_wconf 68' lang='grc' dir='ltr'><strong>ἀναειιςλάσσει⁶</strong></span> 
     </span>
    </p>
   </div>
   <div class='ocr_carea' id='block_1_7' title="bbox 234 901 1800 985">
    <p class='ocr_par' dir='ltr' id='par_1_7' title="bbox 234 901 1800 985">
     <span class='ocr_line' id='line_1_7' title="bbox 234 901 1800 985; baseline -0.008 -16"><span class='ocrx_word' id='word_1_38' title='bbox 234 917 316 970; x_wconf 74' lang='grc' dir='ltr'>ἐὰν</span> <span class='ocrx_word' id='word_1_39' title='bbox 340 915 390 968; x_wconf 75' lang='grc' dir='ltr'><strong>δὲ</strong></span> <span class='ocrx_word' id='word_1_40' title='bbox 418 911 701 985; x_wconf 74' lang='grc' dir='ltr'>προφθάσῃ</span> <span class='ocrx_word' id='word_1_41' title='bbox 738 912 819 974; x_wconf 80' lang='grc' dir='ltr'><strong>εἰς</strong></span> <span class='ocrx_word' id='word_1_42' title='bbox 844 911 945 982; x_wconf 80' lang='grc' dir='ltr'><strong>τὴν</strong></span> <span class='ocrx_word' id='word_1_43' title='bbox 979 908 1208 979; x_wconf 81' lang='grc' dir='ltr'><strong>κάμινον</strong></span> <span class='ocrx_word' id='word_1_44' title='bbox 1235 905 1328 960; x_wconf 82' lang='grc' dir='ltr'>τοῦ</span> <span class='ocrx_word' id='word_1_45' title='bbox 1358 904 1530 985; x_wconf 80' lang='grc' dir='ltr'>πυρὸς</span> <span class='ocrx_word' id='word_1_46' title='bbox 1549 902 1682 955; x_wconf 84' lang='grc' dir='ltr'>αὐτὸ</span> <span class='ocrx_word' id='word_1_47' title='bbox 1712 901 1800 973; x_wconf 84' lang='grc' dir='ltr'><strong>βα-</strong></span> 
     </span>
    </p>
   </div>
   <div class='ocr_carea' id='block_1_8' title="bbox 233 984 1800 1075">
    <p class='ocr_par' dir='ltr' id='par_1_8' title="bbox 233 984 1800 1075">
     <span class='ocr_line' id='line_1_8' title="bbox 233 984 1800 1075; baseline -0.01 -14"><span class='ocrx_word' id='word_1_48' title='bbox 233 1009 345 1071; x_wconf 83' lang='grc' dir='ltr'>λεῖν,</span> <span class='ocrx_word' id='word_1_49' title='bbox 394 984 573 1059; x_wconf 79' lang='grc' dir='ltr'>οὐκέτι</span> <span class='ocrx_word' id='word_1_50' title='bbox 620 1003 880 1075; x_wconf 81' lang='grc' dir='ltr'><strong>βοηθήσει</strong></span> <span class='ocrx_word' id='word_1_51' title='bbox 926 1000 1094 1072; x_wconf 84' lang='grc' dir='ltr'>αὐτῷ·</span> <span class='ocrx_word' id='word_1_52' title='bbox 1144 999 1319 1062; x_wconf 78' lang='grc' dir='ltr'>οὕτως</span> <span class='ocrx_word' id='word_1_53' title='bbox 1356 984 1453 1051; x_wconf 64' lang='grc' dir='ltr'>καὶ.</span> <span class='ocrx_word' id='word_1_54' title='bbox 1488 996 1649 1067; x_wconf 82' lang='grc' dir='ltr'>ἡμεῖς</span> <span class='ocrx_word' id='word_1_55' title='bbox 1694 994 1800 1057; x_wconf 85' lang='grc' dir='ltr'><strong>ἐως</strong></span> 
     </span>
    </p>
   </div>
   <div class='ocr_carea' id='block_1_9' title="bbox 232 1085 1798 1170">
    <p class='ocr_par' dir='ltr' id='par_1_9' title="bbox 232 1085 1798 1170">
     <span class='ocr_line' id='line_1_9' title="bbox 232 1085 1798 1170; baseline -0.01 -17"><span class='ocrx_word' id='word_1_56' title='bbox 232 1099 375 1170; x_wconf 79' lang='grc' dir='ltr'>ἐσμὲν</span> <span class='ocrx_word' id='word_1_57' title='bbox 402 1099 457 1150; x_wconf 89' lang='grc' dir='ltr'>ἐν</span> <span class='ocrx_word' id='word_1_58' title='bbox 483 1096 657 1168; x_wconf 83' lang='grc' dir='ltr'>τούτῳ</span> <span class='ocrx_word' id='word_1_59' title='bbox 688 1096 769 1167; x_wconf 87' lang='grc' dir='ltr'>τῷ</span> <span class='ocrx_word' id='word_1_60' title='bbox 796 1095 1008 1165; x_wconf 84' lang='grc' dir='ltr'>κόσμῳ,</span> <span class='ocrx_word' id='word_1_61' title='bbox 1040 1094 1097 1146; x_wconf 89' lang='grc' dir='ltr'>ἐν</span> <span class='ocrx_word' id='word_1_62' title='bbox 1126 1093 1193 1163; x_wconf 84' lang='grc' dir='ltr'>τῇ</span> <span class='ocrx_word' id='word_1_63' title='bbox 1226 1090 1389 1162; x_wconf 77' lang='grc' dir='ltr'>σαρκὶ</span> <span class='ocrx_word' id='word_1_64' title='bbox 1417 1088 1454 1142; x_wconf 77' lang='grc' dir='ltr'>ἃ</span> <span class='ocrx_word' id='word_1_65' title='bbox 1481 1085 1798 1159; x_wconf 75' lang='grc' dir='ltr'><strong>ἐπράξαμεν</strong></span> 
     </span>
    </p>
   </div>
   <div class='ocr_carea' id='block_1_10' title="bbox 230 1179 1799 1261">
    <p class='ocr_par' dir='ltr' id='par_1_10' title="bbox 230 1179 1799 1261">
     <span class='ocr_line' id='line_1_10' title="bbox 230 1179 1799 1261; baseline -0.008 -17"><span class='ocrx_word' id='word_1_66' title='bbox 230 1188 418 1261; x_wconf 60' lang='grc' dir='ltr'><strong>⁴πονηρὰ</strong></span> <span class='ocrx_word' id='word_1_67' title='bbox 447 1188 579 1260; x_wconf 86' lang='grc'>(56),</span> <span class='ocrx_word' id='word_1_68' title='bbox 614 1188 1037 1259; x_wconf 87' lang='grc' dir='ltr'>μετανοήσωμεν</span> <span class='ocrx_word' id='word_1_69' title='bbox 1064 1184 1124 1249; x_wconf 86' lang='grc' dir='ltr'><strong>ἐξ</strong></span> <span class='ocrx_word' id='word_1_70' title='bbox 1147 1184 1278 1255; x_wconf 83' lang='grc' dir='ltr'><strong>ὅλης</strong></span> <span class='ocrx_word' id='word_1_71' title='bbox 1306 1183 1406 1254; x_wconf 81' lang='grc' dir='ltr'><strong>τῆς</strong></span> <span class='ocrx_word' id='word_1_72' title='bbox 1433 1180 1681 1252; x_wconf 80' lang='grc' dir='ltr'><strong>καρδίας,</strong></span> <span class='ocrx_word' id='word_1_73' title='bbox 1712 1179 1799 1231; x_wconf 85' lang='grc' dir='ltr'>ἴνα</span> 
     </span>
    </p>
   </div>
   <div class='ocr_carea' id='block_1_11' title="bbox 230 1274 1803 1351">
    <p class='ocr_par' dir='ltr' id='par_1_11' title="bbox 230 1274 1803 1351">
     <span class='ocr_line' id='line_1_11' title="bbox 230 1274 1803 1351; baseline -0.004 -16"><span class='ocrx_word' id='word_1_74' title='bbox 230 1281 463 1351; x_wconf 82' lang='grc' dir='ltr'><strong>σωθῶμεν</strong></span> <span class='ocrx_word' id='word_1_75' title='bbox 489 1279 593 1333; x_wconf 80' lang='grc' dir='ltr'><strong>ὑπὸ</strong></span> <span class='ocrx_word' id='word_1_76' title='bbox 629 1277 724 1332; x_wconf 78' lang='grc' dir='ltr'>τοῦ</span> <span class='ocrx_word' id='word_1_77' title='bbox 766 1279 999 1350; x_wconf 82' lang='grc' dir='ltr'><strong>Κυρίου,</strong></span> <span class='ocrx_word' id='word_1_78' title='bbox 1039 1278 1145 1341; x_wconf 76' lang='grc' dir='ltr'><strong>ἕως</strong></span> <span class='ocrx_word' id='word_1_79' title='bbox 1176 1275 1375 1347; x_wconf 79' lang='grc' dir='ltr'>ἔχομεν</span> <span class='ocrx_word' id='word_1_80' title='bbox 1421 1274 1615 1347; x_wconf 82' lang='grc' dir='ltr'>καιρὸν</span> <span class='ocrx_word' id='word_1_81' title='bbox 1646 1290 1803 1344; x_wconf 85' lang='grc' dir='ltr'>μετα-</span> 
     </span>
    </p>
   </div>
   <div class='ocr_carea' id='block_1_12' title="bbox 228 1365 1799 1444">
    <p class='ocr_par' dir='ltr' id='par_1_12' title="bbox 228 1365 1799 1444">
     <span class='ocr_line' id='line_1_12' title="bbox 228 1365 1799 1444; baseline -0.008 -15"><span class='ocrx_word' id='word_1_82' title='bbox 228 1376 371 1438; x_wconf 76' lang='grc' dir='ltr'>νοίας.</span> <span class='ocrx_word' id='word_1_83' title='bbox 416 1372 568 1428; x_wconf 78' lang='grc' dir='ltr'>Μετὰ</span> <span class='ocrx_word' id='word_1_84' title='bbox 596 1371 706 1444; x_wconf 83' lang='grc' dir='ltr'><strong>γὰρ</strong></span> <span class='ocrx_word' id='word_1_85' title='bbox 743 1371 806 1424; x_wconf 82' lang='grc' dir='ltr'><strong>τὸ</strong></span> <span class='ocrx_word' id='word_1_86' title='bbox 843 1369 1079 1435; x_wconf 77' lang='grc' dir='ltr'><strong>ἐξελθεῖν</strong></span> <span class='ocrx_word' id='word_1_87' title='bbox 1109 1369 1258 1440; x_wconf 80' lang='grc' dir='ltr'>ἡμᾶς</span> <span class='ocrx_word' id='word_1_88' title='bbox 1299 1368 1365 1421; x_wconf 90' lang='grc' dir='ltr'><strong>ἐκ</strong></span> <span class='ocrx_word' id='word_1_89' title='bbox 1419 1365 1515 1420; x_wconf 82' lang='grc' dir='ltr'><strong>τοῦ</strong></span> <span class='ocrx_word' id='word_1_90' title='bbox 1570 1366 1799 1435; x_wconf 85' lang='grc' dir='ltr'>κόσμου,</span> 
     </span>
    </p>
   </div>
   <div class='ocr_carea' id='block_1_13' title="bbox 228 1456 1804 1536">
    <p class='ocr_par' dir='ltr' id='par_1_13' title="bbox 228 1456 1804 1536">
     <span class='ocr_line' id='line_1_13' title="bbox 228 1456 1804 1536; baseline -0.008 -16"><span class='ocrx_word' id='word_1_91' title='bbox 228 1467 389 1520; x_wconf 71' lang='grc' dir='ltr'>οὐκέτι</span> <span class='ocrx_word' id='word_1_92' title='bbox 423 1464 698 1536; x_wconf 80' lang='grc' dir='ltr'>δυνάμεθα</span> <span class='ocrx_word' id='word_1_93' title='bbox 726 1464 847 1517; x_wconf 86' lang='grc' dir='ltr'>ἐκεῖ</span> <span class='ocrx_word' id='word_1_94' title='bbox 873 1459 1373 1534; x_wconf 76' lang='grc' dir='ltr'><strong>ἐξομολογήσασθαι</strong></span> <span class='ocrx_word' id='word_1_95' title='bbox 1412 1458 1523 1530; x_wconf 89' lang='grc'>(57)</span> <span class='ocrx_word' id='word_1_96' title='bbox 1565 1456 1599 1529; x_wconf 79' lang='grc' dir='ltr'>ἢ</span> <span class='ocrx_word' id='word_1_97' title='bbox 1642 1473 1804 1528; x_wconf 84' lang='grc' dir='ltr'>μετα·</span> 
     </span>
    </p>
   </div>
   <div class='ocr_carea' id='block_1_14' title="bbox 227 1546 1800 1627">
    <p class='ocr_par' dir='ltr' id='par_1_14' title="bbox 227 1546 1800 1627">
     <span class='ocr_line' id='line_1_14' title="bbox 227 1546 1800 1627; baseline -0.007 -14"><span class='ocrx_word' id='word_1_98' title='bbox 227 1561 345 1613; x_wconf 78' lang='grc' dir='ltr'>νοεῖν</span> <span class='ocrx_word' id='word_1_99' title='bbox 370 1558 465 1612; x_wconf 77' lang='grc' dir='ltr'>ἔτι.</span> <span class='ocrx_word' id='word_1_100' title='bbox 492 1558 675 1622; x_wconf 82' lang='grc' dir='ltr'>Ὥστε,</span> <span class='ocrx_word' id='word_1_101' title='bbox 715 1557 955 1626; x_wconf 78' lang='grc' dir='ltr'>ἀδελφοὶ,</span> <span class='ocrx_word' id='word_1_102' title='bbox 1002 1556 1330 1627; x_wconf 84' lang='grc' dir='ltr'>ποιήσαντες</span> <span class='ocrx_word' id='word_1_103' title='bbox 1355 1552 1417 1606; x_wconf 83' lang='grc' dir='ltr'><strong>τὸ</strong></span> <span class='ocrx_word' id='word_1_104' title='bbox 1456 1552 1669 1623; x_wconf 83' lang='grc' dir='ltr'>θέλημα</span> <span class='ocrx_word' id='word_1_105' title='bbox 1700 1546 1800 1603; x_wconf 81' lang='grc' dir='ltr'>τοῦ</span> 
     </span>
    </p>
   </div>
   <div class='ocr_carea' id='block_1_15' title="bbox 227 1642 1804 1721">
    <p class='ocr_par' dir='ltr' id='par_1_15' title="bbox 227 1642 1804 1721">
     <span class='ocr_line' id='line_1_15' title="bbox 227 1642 1804 1721; baseline -0.003 -18"><span class='ocrx_word' id='word_1_106' title='bbox 227 1650 431 1721; x_wconf 80' lang='grc' dir='ltr'>Πατρὸς,</span> <span class='ocrx_word' id='word_1_107' title='bbox 459 1650 554 1703; x_wconf 79' lang='grc' dir='ltr'><strong>καὶ</strong></span> <span class='ocrx_word' id='word_1_108' title='bbox 580 1650 683 1720; x_wconf 84' lang='grc' dir='ltr'><strong>τὴν</strong></span> <span class='ocrx_word' id='word_1_109' title='bbox 723 1649 901 1720; x_wconf 80' lang='grc' dir='ltr'>σάρκα</span> <span class='ocrx_word' id='word_1_110' title='bbox 948 1648 1119 1718; x_wconf 80' lang='grc' dir='ltr'>ἁγνὴν</span> <span class='ocrx_word' id='word_1_111' title='bbox 1157 1648 1520 1719; x_wconf 82' lang='grc' dir='ltr'>τηρήσαντες,</span> <span class='ocrx_word' id='word_1_112' title='bbox 1563 1645 1660 1699; x_wconf 71' lang='grc' dir='ltr'>καὶ</span> <span class='ocrx_word' id='word_1_113' title='bbox 1702 1642 1804 1712; x_wconf 82' lang='grc' dir='ltr'>τὰς</span> 
     </span>
    </p>
   </div>
   <div class='ocr_carea' id='block_1_16' title="bbox 228 1736 1804 1812">
    <p class='ocr_par' dir='ltr' id='par_1_16' title="bbox 228 1736 1804 1812">
     <span class='ocr_line' id='line_1_16' title="bbox 228 1736 1804 1812; baseline -0.003 -17"><span class='ocrx_word' id='word_1_114' title='bbox 228 1741 417 1805; x_wconf 72' lang='grc' dir='ltr'>ἐντολὰς</span> <span class='ocrx_word' id='word_1_115' title='bbox 433 1739 526 1795; x_wconf 83' lang='grc' dir='ltr'>τοῦ</span> <span class='ocrx_word' id='word_1_116' title='bbox 555 1741 767 1812; x_wconf 83' lang='grc' dir='ltr'>Κυρίου</span> <span class='ocrx_word' id='word_1_117' title='bbox 802 1738 1158 1810; x_wconf 82' lang='grc' dir='ltr'>φυλάξαντες,</span> <span class='ocrx_word' id='word_1_118' title='bbox 1180 1737 1465 1810; x_wconf 75' lang='grc' dir='ltr'>ληψόμεθα</span> <span class='ocrx_word' id='word_1_119' title='bbox 1501 1736 1649 1809; x_wconf 78' lang='grc' dir='ltr'><strong>ζωὴν</strong></span> <span class='ocrx_word' id='word_1_120' title='bbox 1676 1736 1804 1791; x_wconf 74' lang='grc' dir='ltr'>αἰώ-</span> 
     </span>
    </p>
   </div>
   <div class='ocr_carea' id='block_1_17' title="bbox 1302 323 2330 385">
    <p class='ocr_par' dir='ltr' id='par_1_17' title="bbox 1302 323 2330 385">
     <span class='ocr_line' id='line_1_17' title="bbox 1302 323 2330 385; baseline -0.006 0"><span class='ocrx_word' id='word_1_121' title='bbox 1302 327 1640 385; x_wconf 78' lang='lat' dir='ltr'><strong>EPISTOLA</strong></span> <span class='ocrx_word' id='word_1_122' title='bbox 1681 327 1730 382; x_wconf 92' lang='grc' dir='ltr'><strong>ιι</strong></span> <span class='ocrx_word' id='word_1_123' title='bbox 1763 327 1854 382; x_wconf 85' lang='lat' dir='ltr'><strong>AD</strong></span> <span class='ocrx_word' id='word_1_124' title='bbox 1892 323 2330 382; x_wconf 76' lang='lat' dir='ltr'><strong>CORINTHlOS.</strong></span> 
     </span>
    </p>
   </div>
   <div class='ocr_carea' id='block_1_18' title="bbox 1815 449 1862 506">
    <p class='ocr_par' dir='ltr' id='par_1_18' title="bbox 1815 449 1862 506">
     <span class='ocr_line' id='line_1_18' title="bbox 1815 449 1862 506; baseline 0 0"><span class='ocrx_word' id='word_1_125' title='bbox 1815 449 1862 506; x_wconf 88' lang='lat' dir='ltr'><strong>A</strong></span> 
     </span>
    </p>
   </div>
   <div class='ocr_carea' id='block_1_19' title="bbox 3354 321 3460 374">
    <p class='ocr_par' dir='ltr' id='par_1_19' title="bbox 3354 321 3460 374">
     <span class='ocr_line' id='line_1_19' title="bbox 3354 321 3460 374; baseline 0.009 -1"><span class='ocrx_word' id='word_1_126' title='bbox 3354 321 3460 374; x_wconf 61' lang='grc' dir='ltr'><strong>ΞΗ</strong></span> 
     </span>
    </p>
   </div>
   <div class='ocr_carea' id='block_1_20' title="bbox 2462 434 2883 493">
    <p class='ocr_par' dir='ltr' id='par_1_20' title="bbox 2462 434 2883 493">
     <span class='ocr_line' id='line_1_20' title="bbox 2462 434 2883 493; baseline -0.002 0"><span class='ocrx_word' id='word_1_127' title='bbox 2462 435 2690 493; x_wconf 80' lang='lat' dir='ltr'><strong>CAPUT</strong></span> <span class='ocrx_word' id='word_1_128' title='bbox 2744 434 2883 492; x_wconf 82' lang='lat' dir='ltr'><strong>Vill.</strong></span> 
     </span>
    </p>
   </div>
   <div class='ocr_carea' id='block_1_21' title="bbox 1970 520 3503 607">
    <p class='ocr_par' dir='ltr' id='par_1_21' title="bbox 1970 520 3503 607">
     <span class='ocr_line' id='line_1_21' title="bbox 1970 520 3503 607; baseline -0.008 -22"><span class='ocrx_word' id='word_1_129' title='bbox 1970 529 2227 598; x_wconf 88' lang='lat' dir='ltr'><strong>Quandiu</strong></span> <span class='ocrx_word' id='word_1_130' title='bbox 2275 544 2429 607; x_wconf 78' lang='lat' dir='ltr'><strong>ergo</strong></span> <span class='ocrx_word' id='word_1_131' title='bbox 2462 531 2519 584; x_wconf 90' lang='lat' dir='ltr'><strong>in</strong></span> <span class='ocrx_word' id='word_1_132' title='bbox 2557 528 2721 585; x_wconf 91' lang='lat' dir='ltr'><strong>terris</strong></span> <span class='ocrx_word' id='word_1_133' title='bbox 2770 528 3018 599; x_wconf 89' lang='lat' dir='ltr'><strong>degimus</strong></span> <span class='ocrx_word' id='word_1_134' title='bbox 3043 565 3058 595; x_wconf 90' lang='lat'><strong>,</strong></span> <span class='ocrx_word' id='word_1_135' title='bbox 3093 520 3503 596; x_wconf 10' lang='lat' dir='ltr'><strong>pmnitentiamr</strong></span> 
     </span>
    </p>
   </div>
   <div class='ocr_carea' id='block_1_22' title="bbox 1899 614 3473 695">
    <p class='ocr_par' dir='ltr' id='par_1_22' title="bbox 1899 614 3473 695">
     <span class='ocr_line' id='line_1_22' title="bbox 1899 614 3473 695; baseline -0.006 -18"><span class='ocrx_word' id='word_1_136' title='bbox 1899 638 2146 695; x_wconf 78' lang='lat' dir='ltr'><strong>agamus.</strong></span> <span class='ocrx_word' id='word_1_137' title='bbox 2178 622 2377 677; x_wconf 91' lang='lat' dir='ltr'><strong>Lutum</strong></span> <span class='ocrx_word' id='word_1_138' title='bbox 2418 624 2619 693; x_wconf 87' lang='lat' dir='ltr'><strong>quippe</strong></span> <span class='ocrx_word' id='word_1_139' title='bbox 2647 637 2840 677; x_wconf 89' lang='lat' dir='ltr'><strong>sumus</strong></span> <span class='ocrx_word' id='word_1_140' title='bbox 2898 620 2954 673; x_wconf 89' lang='lat' dir='ltr'><strong>iu</strong></span> <span class='ocrx_word' id='word_1_141' title='bbox 3011 634 3175 672; x_wconf 88' lang='lat' dir='ltr'><strong>manu</strong></span> <span class='ocrx_word' id='word_1_142' title='bbox 3223 614 3473 671; x_wconf 81' lang='lat' dir='ltr'><strong>artiﬁcis-</strong></span> 
     </span>
    </p>
   </div>
   <div class='ocr_carea' id='block_1_23' title="bbox 1899 703 3501 785">
    <p class='ocr_par' dir='ltr' id='par_1_23' title="bbox 1899 703 3501 785">
     <span class='ocr_line' id='line_1_23' title="bbox 1899 703 3501 785; baseline -0.007 -11"><span class='ocrx_word' id='word_1_143' title='bbox 1899 716 2375 785; x_wconf 85' lang='lat' dir='ltr'><strong>Quemadmodum</strong></span> <span class='ocrx_word' id='word_1_144' title='bbox 2436 716 2581 770; x_wconf 90' lang='lat' dir='ltr'><strong>enim</strong></span> <span class='ocrx_word' id='word_1_145' title='bbox 2628 712 2846 783; x_wconf 74' lang='lat' dir='ltr'><strong>figulus,</strong></span> <span class='ocrx_word' id='word_1_146' title='bbox 2880 711 2926 765; x_wconf 91' lang='lat' dir='ltr'><strong>si</strong></span> <span class='ocrx_word' id='word_1_147' title='bbox 2942 726 3038 766; x_wconf 84' lang='lat' dir='ltr'><strong>vas</strong></span> <span class='ocrx_word' id='word_1_148' title='bbox 3071 708 3281 771; x_wconf 80' lang='lat' dir='ltr'><strong>fecerit,</strong></span> <span class='ocrx_word' id='word_1_149' title='bbox 3313 703 3501 762; x_wconf 83' lang='lat' dir='ltr'><strong>illud-.</strong></span> 
     </span>
    </p>
   </div>
   <div class='ocr_carea' id='block_1_24' title="bbox 1898 800 3505 881">
    <p class='ocr_par' dir='ltr' id='par_1_24' title="bbox 1898 800 3505 881">
     <span class='ocr_line' id='line_1_24' title="bbox 1898 800 3505 881; baseline -0.009 -16"><span class='ocrx_word' id='word_1_150' title='bbox 1898 827 2005 881; x_wconf 92' lang='lat' dir='ltr'><strong>que</strong></span> <span class='ocrx_word' id='word_1_151' title='bbox 2035 810 2093 865; x_wconf 93' lang='lat' dir='ltr'><strong>in</strong></span> <span class='ocrx_word' id='word_1_152' title='bbox 2110 809 2365 864; x_wconf 90' lang='lat' dir='ltr'><strong>manibus</strong></span> <span class='ocrx_word' id='word_1_153' title='bbox 2394 806 2514 876; x_wconf 88' lang='lat' dir='ltr'><strong>ejus</strong></span> <span class='ocrx_word' id='word_1_154' title='bbox 2535 805 2827 859; x_wconf 89' lang='lat' dir='ltr'><strong>distortum</strong></span> <span class='ocrx_word' id='word_1_155' title='bbox 2845 801 3008 858; x_wconf 83' lang='lat' dir='ltr'><strong>fuerit</strong></span> <span class='ocrx_word' id='word_1_156' title='bbox 3036 810 3127 856; x_wconf 88' lang='lat' dir='ltr'><strong>aut</strong></span> <span class='ocrx_word' id='word_1_157' title='bbox 3149 800 3471 861; x_wconf 89' lang='lat' dir='ltr'><strong>contritum,</strong></span> <span class='ocrx_word' id='word_1_158' title='bbox 3499 856 3505 874; x_wconf 32' lang='grc' dir='ltr'>ι</span> 
     </span>
    </p>
   </div>
   <div class='ocr_carea' id='block_1_25' title="bbox 1899 889 3475 972">
    <p class='ocr_par' dir='ltr' id='par_1_25' title="bbox 1899 889 3475 972">
     <span class='ocr_line' id='line_1_25' title="bbox 1899 889 3475 972; baseline -0.009 -15"><span class='ocrx_word' id='word_1_159' title='bbox 1899 918 2096 959; x_wconf 81' lang='lat' dir='ltr'><strong>rursus</strong></span> <span class='ocrx_word' id='word_1_160' title='bbox 2144 902 2324 972; x_wconf 86' lang='lat' dir='ltr'><strong>ipsum</strong></span> <span class='ocrx_word' id='word_1_161' title='bbox 2375 897 2627 969; x_wconf 81' lang='lat' dir='ltr'><strong>reﬁngit;</strong></span> <span class='ocrx_word' id='word_1_162' title='bbox 2680 896 2766 952; x_wconf 92' lang='lat' dir='ltr'><strong>sin</strong></span> <span class='ocrx_word' id='word_1_163' title='bbox 2790 909 2924 951; x_wconf 90' lang='lat' dir='ltr'><strong>vero</strong></span> <span class='ocrx_word' id='word_1_164' title='bbox 2952 902 3379 963; x_wconf 86' lang='lat' dir='ltr'><strong>anteoccupans,</strong></span> <span class='ocrx_word' id='word_1_165' title='bbox 3418 889 3475 944; x_wconf 87' lang='lat' dir='ltr'><strong>in</strong></span> 
     </span>
    </p>
   </div>
   <div class='ocr_carea' id='block_1_26' title="bbox 1902 982 3476 1063">
    <p class='ocr_par' dir='ltr' id='par_1_26' title="bbox 1902 982 3476 1063">
     <span class='ocr_line' id='line_1_26' title="bbox 1902 982 3476 1063; baseline -0.008 -15"><span class='ocrx_word' id='word_1_166' title='bbox 1902 993 2180 1050; x_wconf 76' lang='lat' dir='ltr'><strong>fornacem</strong></span> <span class='ocrx_word' id='word_1_167' title='bbox 2207 991 2349 1063; x_wconf 82' lang='lat' dir='ltr'><strong>ignis</strong></span> <span class='ocrx_word' id='word_1_168' title='bbox 2379 990 2595 1046; x_wconf 91' lang='lat' dir='ltr'><strong>miserit</strong></span> <span class='ocrx_word' id='word_1_169' title='bbox 2624 988 2794 1053; x_wconf 92' lang='lat' dir='ltr'><strong>illud,</strong></span> <span class='ocrx_word' id='word_1_170' title='bbox 2843 1002 2955 1042; x_wconf 91' lang='lat' dir='ltr'><strong>non</strong></span> <span class='ocrx_word' id='word_1_171' title='bbox 3003 985 3238 1055; x_wconf 89' lang='lat' dir='ltr'><strong>amplius</strong></span> <span class='ocrx_word' id='word_1_172' title='bbox 3278 982 3476 1054; x_wconf 89' lang='lat' dir='ltr'><strong>poterit</strong></span> 
     </span>
    </p>
   </div>
   <div class='ocr_carea' id='block_1_27' title="bbox 1901 1074 3475 1157">
    <p class='ocr_par' dir='ltr' id='par_1_27' title="bbox 1901 1074 3475 1157">
     <span class='ocr_line' id='line_1_27' title="bbox 1901 1074 3475 1157; baseline -0.009 -15"><span class='ocrx_word' id='word_1_173' title='bbox 1901 1084 2183 1157; x_wconf 83' lang='lat' dir='ltr'><strong>suppetias</strong></span> <span class='ocrx_word' id='word_1_174' title='bbox 2212 1083 2317 1153; x_wconf 90' lang='lat' dir='ltr'><strong>ipsi</strong></span> <span class='ocrx_word' id='word_1_175' title='bbox 2344 1082 2518 1139; x_wconf 78' lang='lat' dir='ltr'><strong>ferre:</strong></span> <span class='ocrx_word' id='word_1_176' title='bbox 2549 1082 2625 1136; x_wconf 90' lang='lat' dir='ltr'><strong>ita</strong></span> <span class='ocrx_word' id='word_1_177' title='bbox 2656 1088 2711 1136; x_wconf 91' lang='lat' dir='ltr'><strong>et</strong></span> <span class='ocrx_word' id='word_1_178' title='bbox 2753 1094 2879 1147; x_wconf 89' lang='lat' dir='ltr'><strong>nos,</strong></span> <span class='ocrx_word' id='word_1_179' title='bbox 2912 1077 3155 1148; x_wconf 90' lang='lat' dir='ltr'><strong>quandiu</strong></span> <span class='ocrx_word' id='word_1_180' title='bbox 3202 1091 3394 1131; x_wconf 86' lang='lat' dir='ltr'><strong>sumus</strong></span> <span class='ocrx_word' id='word_1_181' title='bbox 3417 1074 3475 1129; x_wconf 94' lang='lat' dir='ltr'><strong>in</strong></span> 
     </span>
    </p>
   </div>
   <div class='ocr_carea' id='block_1_28' title="bbox 1902 1168 3475 1243">
    <p class='ocr_par' dir='ltr' id='par_1_28' title="bbox 1902 1168 3475 1243">
     <span class='ocr_line' id='line_1_28' title="bbox 1902 1168 3475 1243; baseline -0.008 -10"><span class='ocrx_word' id='word_1_182' title='bbox 1902 1179 2005 1233; x_wconf 90' lang='lat' dir='ltr'><strong>hoc</strong></span> <span class='ocrx_word' id='word_1_183' title='bbox 2027 1176 2253 1241; x_wconf 90' lang='lat' dir='ltr'><strong>mundo,</strong></span> <span class='ocrx_word' id='word_1_184' title='bbox 2278 1175 2345 1230; x_wconf 91' lang='lat' dir='ltr'><strong>de</strong></span> <span class='ocrx_word' id='word_1_185' title='bbox 2369 1173 2530 1229; x_wconf 92' lang='lat' dir='ltr'><strong>malis</strong></span> <span class='ocrx_word' id='word_1_186' title='bbox 2582 1187 2705 1243; x_wconf 76' lang='lat' dir='ltr'><strong>quae</strong></span> <span class='ocrx_word' id='word_1_187' title='bbox 2733 1171 2791 1226; x_wconf 93' lang='lat' dir='ltr'><strong>in</strong></span> <span class='ocrx_word' id='word_1_188' title='bbox 2844 1185 3013 1225; x_wconf 90' lang='lat' dir='ltr'><strong>carne</strong></span> <span class='ocrx_word' id='word_1_189' title='bbox 3066 1168 3359 1239; x_wconf 81' lang='lat' dir='ltr'><strong>gessimus,</strong></span> <span class='ocrx_word' id='word_1_190' title='bbox 3408 1182 3475 1222; x_wconf 78' lang='lat' dir='ltr'><strong>ex</strong></span> 
     </span>
    </p>
   </div>
   <div class='ocr_carea' id='block_1_29' title="bbox 1900 1261 3473 1337">
    <p class='ocr_par' dir='ltr' id='par_1_29' title="bbox 1900 1261 3473 1337">
     <span class='ocr_line' id='line_1_29' title="bbox 1900 1261 3473 1337; baseline -0.009 -11"><span class='ocrx_word' id='word_1_191' title='bbox 1900 1278 2015 1326; x_wconf 91' lang='lat' dir='ltr'><strong>toto</strong></span> <span class='ocrx_word' id='word_1_192' title='bbox 2044 1269 2211 1325; x_wconf 91' lang='lat' dir='ltr'><strong>corde</strong></span> <span class='ocrx_word' id='word_1_193' title='bbox 2252 1266 2668 1337; x_wconf 88' lang='lat' dir='ltr'><strong>resipiscamus,</strong></span> <span class='ocrx_word' id='word_1_194' title='bbox 2716 1273 2777 1319; x_wconf 89' lang='lat' dir='ltr'><strong>ut</strong></span> <span class='ocrx_word' id='word_1_195' title='bbox 2830 1278 2859 1315; x_wconf 88' lang='lat' dir='ltr'><strong>a</strong></span> <span class='ocrx_word' id='word_1_196' title='bbox 2891 1261 3123 1317; x_wconf 90' lang='lat' dir='ltr'><strong>Domino</strong></span> <span class='ocrx_word' id='word_1_197' title='bbox 3175 1261 3473 1323; x_wconf 90' lang='lat' dir='ltr'><strong>salvemur,</strong></span> 
     </span>
    </p>
   </div>
   <div class='ocr_carea' id='block_1_30' title="bbox 1901 1351 3474 1429">
    <p class='ocr_par' dir='ltr' id='par_1_30' title="bbox 1901 1351 3474 1429">
     <span class='ocr_line' id='line_1_30' title="bbox 1901 1351 3474 1429; baseline -0.008 -12"><span class='ocrx_word' id='word_1_198' title='bbox 1901 1362 2032 1417; x_wconf 91' lang='lat' dir='ltr'><strong>dum</strong></span> <span class='ocrx_word' id='word_1_199' title='bbox 2058 1361 2327 1416; x_wconf 86' lang='lat' dir='ltr'><strong>habemus</strong></span> <span class='ocrx_word' id='word_1_200' title='bbox 2349 1366 2568 1429; x_wconf 89' lang='lat' dir='ltr'><strong>tempus</strong></span> <span class='ocrx_word' id='word_1_201' title='bbox 2596 1355 2951 1428; x_wconf 70' lang='lat' dir='ltr'><strong>pmnitentiaa.</strong></span> <span class='ocrx_word' id='word_1_202' title='bbox 2998 1352 3297 1423; x_wconf 85' lang='lat' dir='ltr'><strong>Postquam</strong></span> <span class='ocrx_word' id='word_1_203' title='bbox 3327 1351 3474 1406; x_wconf 90' lang='lat' dir='ltr'><strong>enim</strong></span> 
     </span>
    </p>
   </div>
   <div class='ocr_carea' id='block_1_31' title="bbox 1900 1442 3477 1520">
    <p class='ocr_par' dir='ltr' id='par_1_31' title="bbox 1900 1442 3477 1520">
     <span class='ocr_line' id='line_1_31' title="bbox 1900 1442 3477 1520; baseline -0.009 -9"><span class='ocrx_word' id='word_1_204' title='bbox 1900 1452 2162 1511; x_wconf 84' lang='lat' dir='ltr'><strong>emundo</strong></span> <span class='ocrx_word' id='word_1_205' title='bbox 2206 1452 2582 1520; x_wconf 83' lang='lat' dir='ltr'><strong>migravimus,</strong></span> <span class='ocrx_word' id='word_1_206' title='bbox 2634 1465 2744 1505; x_wconf 92' lang='lat' dir='ltr'><strong>non</strong></span> <span class='ocrx_word' id='word_1_207' title='bbox 2769 1448 3004 1517; x_wconf 87' lang='lat' dir='ltr'><strong>amplius</strong></span> <span class='ocrx_word' id='word_1_208' title='bbox 3055 1460 3349 1518; x_wconf 91' lang='lat' dir='ltr'><strong>possumus</strong></span> <span class='ocrx_word' id='word_1_209' title='bbox 3400 1442 3477 1497; x_wconf 87' lang='lat' dir='ltr'><strong>ibi</strong></span> 
     </span>
    </p>
   </div>
   <div class='ocr_carea' id='block_1_32' title="bbox 1903 1534 3479 1615">
    <p class='ocr_par' dir='ltr' id='par_1_32' title="bbox 1903 1534 3479 1615">
     <span class='ocr_line' id='line_1_32' title="bbox 1903 1534 3479 1615; baseline -0.009 -14"><span class='ocrx_word' id='word_1_210' title='bbox 1903 1544 2174 1609; x_wconf 73' lang='lat' dir='ltr'><strong>confiteri,</strong></span> <span class='ocrx_word' id='word_1_211' title='bbox 2199 1551 2294 1615; x_wconf 88' lang='lat' dir='ltr'><strong>aut</strong></span> <span class='ocrx_word' id='word_1_212' title='bbox 2320 1541 2700 1613; x_wconf 72' lang='lat' dir='ltr'><strong>pmnitentiam</strong></span> <span class='ocrx_word' id='word_1_213' title='bbox 2726 1540 2908 1595; x_wconf 89' lang='lat' dir='ltr'><strong>adhuc</strong></span> <span class='ocrx_word' id='word_1_214' title='bbox 2937 1554 3120 1610; x_wconf 87' lang='lat' dir='ltr'><strong>agere.</strong></span> <span class='ocrx_word' id='word_1_215' title='bbox 3140 1538 3341 1604; x_wconf 81' lang='lat' dir='ltr'><strong>Quare,</strong></span> <span class='ocrx_word' id='word_1_216' title='bbox 3373 1534 3479 1588; x_wconf 69' lang='lat' dir='ltr'><strong>ira.</strong></span> 
     </span>
    </p>
   </div>
   <div class='ocr_carea' id='block_1_33' title="bbox 1904 1634 3479 1703">
    <p class='ocr_par' dir='ltr' id='par_1_33' title="bbox 1904 1634 3479 1703">
     <span class='ocr_line' id='line_1_33' title="bbox 1904 1634 3479 1703; baseline -0.006 -11"><span class='ocrx_word' id='word_1_217' title='bbox 1904 1647 2040 1703; x_wconf 90' lang='lat' dir='ltr'><strong>tres,</strong></span> <span class='ocrx_word' id='word_1_218' title='bbox 2065 1637 2401 1694; x_wconf 80' lang='lat' dir='ltr'><strong>voluntatem</strong></span> <span class='ocrx_word' id='word_1_219' title='bbox 2444 1636 2627 1692; x_wconf 88' lang='lat' dir='ltr'><strong>Patris</strong></span> <span class='ocrx_word' id='word_1_220' title='bbox 2655 1634 2941 1696; x_wconf 83' lang='lat' dir='ltr'><strong>facientes,</strong></span> <span class='ocrx_word' id='word_1_221' title='bbox 2992 1645 3326 1701; x_wconf 88' lang='lat' dir='ltr'><strong>carnemque</strong></span> <span class='ocrx_word' id='word_1_222' title='bbox 3358 1642 3479 1684; x_wconf 88' lang='lat' dir='ltr'><strong>scr-</strong></span> 
     </span>
    </p>
   </div>
   <div class='ocr_carea' id='block_1_34' title="bbox 1905 1722 3474 1796">
    <p class='ocr_par' dir='ltr' id='par_1_34' title="bbox 1905 1722 3474 1796">
     <span class='ocr_line' id='line_1_34' title="bbox 1905 1722 3474 1796; baseline -0.007 -11"><span class='ocrx_word' id='word_1_223' title='bbox 1905 1739 2097 1786; x_wconf 88' lang='lat' dir='ltr'><strong>vantes</strong></span> <span class='ocrx_word' id='word_1_224' title='bbox 2124 1739 2359 1796; x_wconf 89' lang='lat' dir='ltr'><strong>castam,</strong></span> <span class='ocrx_word' id='word_1_225' title='bbox 2386 1737 2442 1785; x_wconf 92' lang='lat' dir='ltr'><strong>et</strong></span> <span class='ocrx_word' id='word_1_226' title='bbox 2493 1728 2754 1784; x_wconf 90' lang='lat' dir='ltr'><strong>mandata</strong></span> <span class='ocrx_word' id='word_1_227' title='bbox 2810 1724 3027 1780; x_wconf 87' lang='lat' dir='ltr'><strong>Domini</strong></span> <span class='ocrx_word' id='word_1_228' title='bbox 3075 1722 3474 1782; x_wconf 90' lang='lat' dir='ltr'><strong>custodientes,</strong></span> 
     </span>
    </p>
   </div>
   <div class='ocr_carea' id='block_1_35' title="bbox 226 1796 1784 1905">
    <p class='ocr_par' dir='ltr' id='par_1_35' title="bbox 226 1796 1784 1905">
     <span class='ocr_line' id='line_1_35' title="bbox 226 1796 1784 1905; baseline -0.003 -19"><span class='ocrx_word' id='word_1_229' title='bbox 226 1796 505 1901; x_wconf 70' lang='grc' dir='ltr'>νιον.Λέγει</span> <span class='ocrx_word' id='word_1_230' title='bbox 534 1796 691 1905; x_wconf 41' lang='grc' dir='ltr'>γὰριό</span> <span class='ocrx_word' id='word_1_231' title='bbox 719 1796 925 1905; x_wconf 73' lang='grc' dir='ltr'>Κύριος</span> <span class='ocrx_word' id='word_1_232' title='bbox 944 1796 1055 1904; x_wconf 76' lang='grc'>(58)</span> <span class='ocrx_word' id='word_1_233' title='bbox 1080 1796 1246 1903; x_wconf 37' lang='grc' dir='ltr'><strong>ἐν’τῷ</strong></span> <span class='ocrx_word' id='word_1_234' title='bbox 1263 1796 1701 1900; x_wconf 63' lang='grc' dir='ltr'>Ἐθαγγελίῳ·Ἐὶ</span> <span class='ocrx_word' id='word_1_235' title='bbox 1727 1828 1784 1882; x_wconf 75' lang='grc' dir='ltr'><strong><em>τέ</em></strong></span> 
     </span>
    </p>
   </div>
   <div class='ocr_carea' id='block_1_36' title="bbox 1896 1796 3476 1905">
    <p class='ocr_par' dir='ltr' id='par_1_36' title="bbox 1900 1813 3476 1894">
     <span class='ocr_line' id='line_1_36' title="bbox 1900 1813 3476 1894; baseline -0.004 -18"><span class='ocrx_word' id='word_1_236' title='bbox 1900 1838 2305 1894; x_wconf 88' lang='lat' dir='ltr'><strong>consequemur</strong></span> <span class='ocrx_word' id='word_1_237' title='bbox 2326 1824 2491 1879; x_wconf 92' lang='lat' dir='ltr'><strong>vitam</strong></span> <span class='ocrx_word' id='word_1_238' title='bbox 2522 1829 2805 1878; x_wconf 76' lang='lat' dir='ltr'><strong>aeternam.</strong></span> <span class='ocrx_word' id='word_1_239' title='bbox 2836 1818 2926 1873; x_wconf 94' lang='lat' dir='ltr'><strong>Ait</strong></span> <span class='ocrx_word' id='word_1_240' title='bbox 2952 1817 3153 1888; x_wconf 89' lang='lat' dir='ltr'><strong>quippe</strong></span> <span class='ocrx_word' id='word_1_241' title='bbox 3210 1813 3476 1869; x_wconf 90' lang='lat' dir='ltr'><strong>Dominus</strong></span> 
     </span>
    </p>
   </div>
   <div class='ocr_carea' id='block_1_37' title="bbox 222 1920 1793 1996">
    <p class='ocr_par' dir='ltr' id='par_1_37' title="bbox 222 1920 1793 1996">
     <span class='ocr_line' id='line_1_37' title="bbox 222 1920 1793 1996; baseline -0.003 -19"><span class='ocrx_word' id='word_1_242' title='bbox 222 1925 409 1996; x_wconf 73' lang='grc' dir='ltr'>μικρὸν</span> <span class='ocrx_word' id='word_1_243' title='bbox 433 1928 541 1979; x_wconf 80' lang='grc' dir='ltr'>οὐκ</span> <span class='ocrx_word' id='word_1_244' title='bbox 572 1924 925 1993; x_wconf 80' lang='grc' dir='ltr'>ἐτηρήσατε,</span> <span class='ocrx_word' id='word_1_245' title='bbox 956 1924 1021 1978; x_wconf 85' lang='grc' dir='ltr'>τὸ</span> <span class='ocrx_word' id='word_1_246' title='bbox 1044 1923 1199 1994; x_wconf 72' lang='grc' dir='ltr'>μέγα</span> <span class='ocrx_word' id='word_1_247' title='bbox 1248 1923 1340 1989; x_wconf 79' lang='grc' dir='ltr'>τίς</span> <span class='ocrx_word' id='word_1_248' title='bbox 1391 1921 1535 1992; x_wconf 76' lang='grc' dir='ltr'>ὑμῖν</span> <span class='ocrx_word' id='word_1_249' title='bbox 1577 1920 1793 1986; x_wconf 64' lang='lat' dir='ltr'><strong>(Sabaei;</strong></span> 
     </span>
    </p>
   </div>
   <div class='ocr_carea' id='block_1_38' title="bbox 234 2012 1797 2085">
    <p class='ocr_par' dir='ltr' id='par_1_38' title="bbox 234 2012 1797 2085">
     <span class='ocr_line' id='line_1_38' title="bbox 234 2012 1797 2085; baseline -0.004 -13"><span class='ocrx_word' id='word_1_250' title='bbox 234 2017 371 2085; x_wconf 72' lang='grc' dir='ltr'><strong>Λέγω</strong></span> <span class='ocrx_word' id='word_1_251' title='bbox 396 2017 501 2085; x_wconf 79' lang='grc' dir='ltr'>γὰρ</span> <span class='ocrx_word' id='word_1_252' title='bbox 528 2016 696 2085; x_wconf 74' lang='grc' dir='ltr'>ὑμῖν,</span> <span class='ocrx_word' id='word_1_253' title='bbox 728 2016 817 2070; x_wconf 83' lang='grc' dir='ltr'><strong>ὄτι</strong></span> <span class='ocrx_word' id='word_1_254' title='bbox 849 2020 881 2070; x_wconf 87' lang='grc' dir='ltr'><strong><em>ό</em></strong></span> <span class='ocrx_word' id='word_1_255' title='bbox 911 2016 1127 2082; x_wconf 80' lang='grc' dir='ltr'>πιστὸς</span> <span class='ocrx_word' id='word_1_256' title='bbox 1154 2015 1225 2068; x_wconf 78' lang='grc' dir='ltr'><strong>ἐν</strong></span> <span class='ocrx_word' id='word_1_257' title='bbox 1251 2015 1573 2083; x_wconf 78' lang='grc' dir='ltr'>ἐλαχίστῳ,</span> <span class='ocrx_word' id='word_1_258' title='bbox 1602 2012 1700 2067; x_wconf 79' lang='grc' dir='ltr'>καὶ</span> <span class='ocrx_word' id='word_1_259' title='bbox 1726 2013 1797 2066; x_wconf 73' lang='grc' dir='ltr'>ἐν</span> 
     </span>
    </p>
   </div>
   <div class='ocr_carea' id='block_1_39' title="bbox 228 2104 1797 2181">
    <p class='ocr_par' dir='ltr' id='par_1_39' title="bbox 228 2104 1797 2181">
     <span class='ocr_line' id='line_1_39' title="bbox 228 2104 1797 2181; baseline 0.001 -21"><span class='ocrx_word' id='word_1_260' title='bbox 228 2108 406 2174; x_wconf 71' lang='grc' dir='ltr'>πολλῷ</span> <span class='ocrx_word' id='word_1_261' title='bbox 428 2110 649 2175; x_wconf 74' lang='grc' dir='ltr'>πιστός</span> <span class='ocrx_word' id='word_1_262' title='bbox 685 2109 874 2163; x_wconf 83' lang='grc' dir='ltr'>ἐστιν.</span> <span class='ocrx_word' id='word_1_263' title='bbox 912 2110 1054 2181; x_wconf 79' lang='grc' dir='ltr'><strong>Ἀρα</strong></span> <span class='ocrx_word' id='word_1_264' title='bbox 1092 2104 1187 2162; x_wconf 79' lang='grc' dir='ltr'><strong>οὖν</strong></span> <span class='ocrx_word' id='word_1_265' title='bbox 1216 2106 1374 2161; x_wconf 79' lang='grc' dir='ltr'>τοῦτο</span> <span class='ocrx_word' id='word_1_266' title='bbox 1402 2107 1550 2176; x_wconf 83' lang='grc' dir='ltr'>λέγει</span> <span class='ocrx_word' id='word_1_267' title='bbox 1569 2124 1581 2137; x_wconf 93' lang='grc'><strong>·</strong></span> <span class='ocrx_word' id='word_1_268' title='bbox 1615 2107 1797 2178; x_wconf 83' lang='grc' dir='ltr'>Τηρή-</span> 
     </span>
    </p>
   </div>
   <div class='ocr_carea' id='block_1_40' title="bbox 233 2197 1792 2274">
    <p class='ocr_par' dir='ltr' id='par_1_40' title="bbox 233 2197 1792 2274">
     <span class='ocr_line' id='line_1_40' title="bbox 233 2197 1792 2274; baseline -0.004 -19"><span class='ocrx_word' id='word_1_269' title='bbox 233 2220 342 2256; x_wconf 66' lang='lat' dir='ltr'><strong>sats</strong></span> <span class='ocrx_word' id='word_1_270' title='bbox 371 2203 460 2274; x_wconf 81' lang='grc' dir='ltr'><strong>τὴν</strong></span> <span class='ocrx_word' id='word_1_271' title='bbox 500 2202 685 2274; x_wconf 80' lang='grc' dir='ltr'>σάρκα</span> <span class='ocrx_word' id='word_1_272' title='bbox 732 2202 900 2272; x_wconf 80' lang='grc' dir='ltr'>ἁγνὴν</span> <span class='ocrx_word' id='word_1_273' title='bbox 945 2201 1040 2255; x_wconf 70' lang='grc' dir='ltr'><strong>κα)⁹</strong></span> <span class='ocrx_word' id='word_1_274' title='bbox 1082 2202 1183 2273; x_wconf 83' lang='grc' dir='ltr'><strong>τὴν</strong></span> <span class='ocrx_word' id='word_1_275' title='bbox 1230 2202 1501 2271; x_wconf 82' lang='grc' dir='ltr'>σφραγῖδα</span> <span class='ocrx_word' id='word_1_276' title='bbox 1544 2197 1792 2262; x_wconf 80' lang='grc' dir='ltr'>ἄσπιλον,</span> 
     </span>
    </p>
   </div>
   <div class='ocr_carea' id='block_1_41' title="bbox 235 2291 1395 2368">
    <p class='ocr_par' dir='ltr' id='par_1_41' title="bbox 235 2291 1395 2368">
     <span class='ocr_line' id='line_1_41' title="bbox 235 2291 1395 2368; baseline 0.001 -21"><span class='ocrx_word' id='word_1_277' title='bbox 235 2294 309 2348; x_wconf 86' lang='grc' dir='ltr'>ἴνα</span> <span class='ocrx_word' id='word_1_278' title='bbox 331 2296 412 2368; x_wconf 76' lang='grc' dir='ltr'><strong>τὴν</strong></span> <span class='ocrx_word' id='word_1_279' title='bbox 439 2295 663 2349; x_wconf 79' lang='grc' dir='ltr'>αἰώνιον</span> <span class='ocrx_word' id='word_1_280' title='bbox 692 2294 837 2367; x_wconf 80' lang='grc' dir='ltr'>ζωὴν</span> <span class='ocrx_word' id='word_1_281' title='bbox 869 2292 1232 2364; x_wconf 79' lang='grc' dir='ltr'>ἀπολάϐωμεν</span> <span class='ocrx_word' id='word_1_282' title='bbox 1262 2291 1395 2363; x_wconf 86' lang='grc'>(59).</span> 
     </span>
    </p>
   </div>
   <div class='ocr_carea' id='block_1_42' title="bbox 762 2385 1273 2441">
    <p class='ocr_par' dir='ltr' id='par_1_42' title="bbox 762 2385 1273 2441">
     <span class='ocr_line' id='line_1_42' title="bbox 762 2385 1273 2441; baseline -0.006 -1"><span class='ocrx_word' id='word_1_283' title='bbox 762 2386 1159 2441; x_wconf 73' lang='grc' dir='ltr'><strong>ΚΕΦΑΛΑΙΟΝ</strong></span> <span class='ocrx_word' id='word_1_284' title='bbox 1195 2385 1273 2438; x_wconf 84' lang='grc' dir='ltr'><strong>Θ¹.</strong></span> 
     </span>
    </p>
   </div>
   <div class='ocr_carea' id='block_1_43' title="bbox 284 2475 1794 2552">
    <p class='ocr_par' dir='ltr' id='par_1_43' title="bbox 284 2475 1794 2552">
     <span class='ocr_line' id='line_1_43' title="bbox 284 2475 1794 2552; baseline -0.002 -20"><span class='ocrx_word' id='word_1_285' title='bbox 284 2480 381 2532; x_wconf 78' lang='lat' dir='ltr'><strong>Kal</strong></span> <span class='ocrx_word' id='word_1_286' title='bbox 423 2481 495 2552; x_wconf 80' lang='grc' dir='ltr'>μὴ</span> <span class='ocrx_word' id='word_1_287' title='bbox 544 2480 754 2548; x_wconf 83' lang='grc' dir='ltr'>λεγέτω</span> <span class='ocrx_word' id='word_1_288' title='bbox 801 2496 887 2542; x_wconf 89' lang='grc' dir='ltr'><strong>τις</strong></span> <span class='ocrx_word' id='word_1_289' title='bbox 942 2478 1116 2550; x_wconf 83' lang='grc' dir='ltr'>ὑμῶν,</span> <span class='ocrx_word' id='word_1_290' title='bbox 1166 2478 1248 2532; x_wconf 84' lang='grc' dir='ltr'><strong>ὅτι</strong></span> <span class='ocrx_word' id='word_1_291' title='bbox 1298 2475 1435 2549; x_wconf 78' lang='grc' dir='ltr'>αὕτη</span> <span class='ocrx_word' id='word_1_292' title='bbox 1482 2478 1515 2547; x_wconf 88' lang='grc' dir='ltr'><strong>ή</strong></span> <span class='ocrx_word' id='word_1_293' title='bbox 1562 2476 1696 2549; x_wconf 78' lang='grc' dir='ltr'>σὰρξ</span> <span class='ocrx_word' id='word_1_294' title='bbox 1732 2477 1794 2529; x_wconf 72' lang='grc' dir='ltr'><strong>οὗ</strong></span> 
     </span>
    </p>
   </div>
   <div class='ocr_carea' id='block_1_44' title="bbox 227 2569 1795 2642">
    <p class='ocr_par' dir='ltr' id='par_1_44' title="bbox 227 2569 1795 2642">
     <span class='ocr_line' id='line_1_44' title="bbox 227 2569 1795 2642; baseline -0.001 -19"><span class='ocrx_word' id='word_1_295' title='bbox 227 2572 441 2642; x_wconf 72' lang='grc' dir='ltr'>κρίνεται</span> <span class='ocrx_word' id='word_1_296' title='bbox 475 2573 603 2626; x_wconf 78' lang='grc' dir='ltr'>οὐδὲ</span> <span class='ocrx_word' id='word_1_297' title='bbox 642 2572 945 2626; x_wconf 81' lang='grc' dir='ltr'>ἀνίσταται.</span> <span class='ocrx_word' id='word_1_298' title='bbox 982 2570 1161 2624; x_wconf 82' lang='grc' dir='ltr'>Γνῶτε</span> <span class='ocrx_word' id='word_1_299' title='bbox 1201 2572 1260 2624; x_wconf 88' lang='grc' dir='ltr'>ἐν</span> <span class='ocrx_word' id='word_1_300' title='bbox 1289 2571 1395 2625; x_wconf 81' lang='grc' dir='ltr'>τίνι</span> <span class='ocrx_word' id='word_1_301' title='bbox 1432 2569 1695 2641; x_wconf 84' lang='grc' dir='ltr'>ἐσώθητε,</span> <span class='ocrx_word' id='word_1_302' title='bbox 1732 2571 1795 2622; x_wconf 89' lang='grc' dir='ltr'>ἐν</span> 
     </span>
    </p>
   </div>
   <div class='ocr_carea' id='block_1_45' title="bbox 224 2660 1804 2736">
    <p class='ocr_par' dir='ltr' id='par_1_45' title="bbox 224 2660 1804 2736">
     <span class='ocr_line' id='line_1_45' title="bbox 224 2660 1804 2736; baseline -0.002 -18"><span class='ocrx_word' id='word_1_303' title='bbox 224 2665 315 2718; x_wconf 80' lang='grc' dir='ltr'>τίνι</span> <span class='ocrx_word' id='word_1_304' title='bbox 338 2665 688 2735; x_wconf 76' lang='grc' dir='ltr'>ἁνεϐλέψατε,</span> <span class='ocrx_word' id='word_1_305' title='bbox 717 2666 766 2717; x_wconf 77' lang='grc' dir='ltr'>εἰ</span> <span class='ocrx_word' id='word_1_306' title='bbox 799 2664 873 2736; x_wconf 82' lang='grc' dir='ltr'>μὴ</span> <span class='ocrx_word' id='word_1_307' title='bbox 919 2664 1072 2735; x_wconf 77' lang='grc' dir='ltr'>ἐν“τῇ</span> <span class='ocrx_word' id='word_1_308' title='bbox 1102 2662 1263 2735; x_wconf 71' lang='grc' dir='ltr'>σαρκὶ</span> <span class='ocrx_word' id='word_1_309' title='bbox 1295 2661 1469 2735; x_wconf 82' lang='grc' dir='ltr'>ταύτῃ</span> <span class='ocrx_word' id='word_1_310' title='bbox 1497 2660 1664 2726; x_wconf 75' lang='grc' dir='ltr'>ὄντες.</span> <span class='ocrx_word' id='word_1_311' title='bbox 1706 2663 1804 2716; x_wconf 89' lang='grc' dir='ltr'>Δεῖ</span> 
     </span>
    </p>
   </div>
   <div class='ocr_carea' id='block_1_46' title="bbox 223 2753 1795 2829">
    <p class='ocr_par' dir='ltr' id='par_1_46' title="bbox 223 2753 1795 2829">
     <span class='ocr_line' id='line_1_46' title="bbox 223 2753 1795 2829; baseline -0.001 -18"><span class='ocrx_word' id='word_1_312' title='bbox 223 2753 302 2811; x_wconf 74' lang='grc' dir='ltr'>οὖν</span> <span class='ocrx_word' id='word_1_313' title='bbox 334 2758 474 2829; x_wconf 72' lang='grc' dir='ltr'>ἡμᾶς</span> <span class='ocrx_word' id='word_1_314' title='bbox 498 2759 580 2821; x_wconf 86' lang='grc' dir='ltr'>ὼς</span> <span class='ocrx_word' id='word_1_315' title='bbox 611 2757 737 2811; x_wconf 82' lang='grc' dir='ltr'>ναὸν</span> <span class='ocrx_word' id='word_1_316' title='bbox 774 2755 912 2810; x_wconf 80' lang='grc' dir='ltr'>Θεοῦ</span> <span class='ocrx_word' id='word_1_317' title='bbox 956 2755 1253 2826; x_wconf 78' lang='grc' dir='ltr'>φυλάσσειν</span> <span class='ocrx_word' id='word_1_318' title='bbox 1295 2755 1397 2827; x_wconf 76' lang='grc' dir='ltr'><strong>τήν</strong></span> <span class='ocrx_word' id='word_1_319' title='bbox 1443 2753 1642 2827; x_wconf 87' lang='grc' dir='ltr'>σάρκα.</span> <span class='ocrx_word' id='word_1_320' title='bbox 1697 2756 1795 2809; x_wconf 86' lang='grc' dir='ltr'>Ὃν</span> 
     </span>
    </p>
   </div>
   <div class='ocr_carea' id='block_1_47' title="bbox 222 2848 1798 2923">
    <p class='ocr_par' dir='ltr' id='par_1_47' title="bbox 222 2848 1798 2923">
     <span class='ocr_line' id='line_1_47' title="bbox 222 2848 1798 2923; baseline 0 -20"><span class='ocrx_word' id='word_1_321' title='bbox 222 2849 395 2922; x_wconf 74' lang='grc' dir='ltr'>τρόπον</span> <span class='ocrx_word' id='word_1_322' title='bbox 420 2850 529 2923; x_wconf 82' lang='grc' dir='ltr'><strong>γὰρ</strong></span> <span class='ocrx_word' id='word_1_323' title='bbox 558 2851 620 2903; x_wconf 88' lang='grc' dir='ltr'>ἐν</span> <span class='ocrx_word' id='word_1_324' title='bbox 665 2853 732 2921; x_wconf 74' lang='grc' dir='ltr'>τῇ</span> <span class='ocrx_word' id='word_1_325' title='bbox 762 2850 927 2922; x_wconf 76' lang='grc' dir='ltr'>σαρκὶ</span> <span class='ocrx_word' id='word_1_326' title='bbox 970 2849 1259 2923; x_wconf 79' lang='grc' dir='ltr'>ἐκλήθητε,</span> <span class='ocrx_word' id='word_1_327' title='bbox 1296 2848 1392 2903; x_wconf 76' lang='grc' dir='ltr'>καὶ</span> <span class='ocrx_word' id='word_1_328' title='bbox 1428 2849 1488 2901; x_wconf 74' lang='grc' dir='ltr'>ἐν</span> <span class='ocrx_word' id='word_1_329' title='bbox 1522 2852 1590 2921; x_wconf 77' lang='grc' dir='ltr'>τῇ</span> <span class='ocrx_word' id='word_1_330' title='bbox 1631 2848 1798 2921; x_wconf 74' lang='grc' dir='ltr'>σαρκὶ</span> 
     </span>
    </p>
   </div>
   <div class='ocr_carea' id='block_1_48' title="bbox 223 2937 1793 3014">
    <p class='ocr_par' dir='ltr' id='par_1_48' title="bbox 223 2937 1793 3014">
     <span class='ocr_line' id='line_1_48' title="bbox 223 2937 1793 3014; baseline -0.001 -20"><span class='ocrx_word' id='word_1_331' title='bbox 223 2942 498 2997; x_wconf 80' lang='grc' dir='ltr'>ἐλεύσεσθε.</span> <span class='ocrx_word' id='word_1_332' title='bbox 530 2937 630 3006; x_wconf 78' lang='grc' dir='ltr'><strong>Εἷς</strong></span> <span class='ocrx_word' id='word_1_333' title='bbox 656 2943 889 3014; x_wconf 85' lang='grc' dir='ltr'>Χριστὸς</span> <span class='ocrx_word' id='word_1_334' title='bbox 917 2943 945 2995; x_wconf 87' lang='grc' dir='ltr'>ὁ</span> <span class='ocrx_word' id='word_1_335' title='bbox 972 2941 1178 3014; x_wconf 77' lang='grc' dir='ltr'>Κύριος</span> <span class='ocrx_word' id='word_1_336' title='bbox 1199 2940 1334 3013; x_wconf 74' lang='grc'>(41),</span> <span class='ocrx_word' id='word_1_337' title='bbox 1362 2943 1391 2995; x_wconf 84' lang='grc' dir='ltr'>ὁ</span> <span class='ocrx_word' id='word_1_338' title='bbox 1419 2940 1597 3004; x_wconf 84' lang='grc' dir='ltr'>σώσας</span> <span class='ocrx_word' id='word_1_339' title='bbox 1622 2942 1793 3013; x_wconf 77' lang='grc' dir='ltr'>ἡμᾶς,</span> 
     </span>
    </p>
   </div>
   <div class='ocr_carea' id='block_1_49' title="bbox 223 3033 1797 3108">
    <p class='ocr_par' dir='ltr' id='par_1_49' title="bbox 223 3033 1797 3108">
     <span class='ocr_line' id='line_1_49' title="bbox 223 3033 1797 3108; baseline 0.001 -22"><span class='ocrx_word' id='word_1_340' title='bbox 223 3033 283 3086; x_wconf 75' lang='grc' dir='ltr'>ὢν</span> <span class='ocrx_word' id='word_1_341' title='bbox 306 3036 396 3106; x_wconf 84' lang='grc' dir='ltr'>μὲν</span> <span class='ocrx_word' id='word_1_342' title='bbox 418 3036 479 3089; x_wconf 80' lang='grc' dir='ltr'>τὺ</span> <span class='ocrx_word' id='word_1_343' title='bbox 513 3035 733 3108; x_wconf 85' lang='grc' dir='ltr'>πρῶτον</span> <span class='ocrx_word' id='word_1_344' title='bbox 762 3035 1001 3106; x_wconf 80' lang='grc' dir='ltr'>πνεῦμα,</span> <span class='ocrx_word' id='word_1_345' title='bbox 1044 3035 1260 3103; x_wconf 84' lang='grc' dir='ltr'>ἐγένετο</span> <span class='ocrx_word' id='word_1_346' title='bbox 1304 3033 1462 3105; x_wconf 79' lang='grc' dir='ltr'>σὰρξ,</span> <span class='ocrx_word' id='word_1_347' title='bbox 1493 3034 1588 3088; x_wconf 69' lang='grc' dir='ltr'><strong>καὶ</strong></span> <span class='ocrx_word' id='word_1_348' title='bbox 1623 3034 1797 3100; x_wconf 74' lang='grc' dir='ltr'>οὕτως</span> 
     </span>
    </p>
   </div>
   <div class='ocr_carea' id='block_1_50' title="bbox 1898 1909 3475 1988">
    <p class='ocr_par' dir='ltr' id='par_1_50' title="bbox 1898 1909 3475 1988">
     <span class='ocr_line' id='line_1_50' title="bbox 1898 1909 3475 1988; baseline -0.006 -19"><span class='ocrx_word' id='word_1_349' title='bbox 1898 1914 1954 1970; x_wconf 88' lang='lat' dir='ltr'><strong>in</strong></span> <span class='ocrx_word' id='word_1_350' title='bbox 1987 1915 2279 1988; x_wconf 84' lang='lat' dir='ltr'><strong>Evangelio</strong></span> <span class='ocrx_word' id='word_1_351' title='bbox 2300 1917 2389 1969; x_wconf 80' lang='grc'><strong>¹⁰⁶;</strong></span> <span class='ocrx_word' id='word_1_352' title='bbox 2424 1914 2483 1971; x_wconf 90' lang='lat' dir='ltr'><strong>Si</strong></span> <span class='ocrx_word' id='word_1_353' title='bbox 2504 1931 2725 1984; x_wconf 88' lang='lat' dir='ltr'><strong>parvum</strong></span> <span class='ocrx_word' id='word_1_354' title='bbox 2750 1928 2854 1967; x_wconf 88' lang='lat' dir='ltr'><strong>non</strong></span> <span class='ocrx_word' id='word_1_355' title='bbox 2884 1912 3131 1966; x_wconf 88' lang='lat' dir='ltr'><strong>servastis</strong></span> <span class='ocrx_word' id='word_1_356' title='bbox 3151 1949 3166 1975; x_wconf 93' lang='lat'><strong>,</strong></span> <span class='ocrx_word' id='word_1_357' title='bbox 3192 1909 3308 1980; x_wconf 89' lang='lat' dir='ltr'><strong>quis</strong></span> <span class='ocrx_word' id='word_1_358' title='bbox 3355 1923 3475 1960; x_wconf 85' lang='lat' dir='ltr'><strong>ma-</strong></span> 
     </span>
    </p>
   </div>
   <div class='ocr_carea' id='block_1_51' title="bbox 1894 2000 3477 2079">
    <p class='ocr_par' dir='ltr' id='par_1_51' title="bbox 1894 2000 3477 2079">
     <span class='ocr_line' id='line_1_51' title="bbox 1894 2000 3477 2079; baseline -0.007 -17"><span class='ocrx_word' id='word_1_359' title='bbox 1894 2026 2057 2079; x_wconf 84' lang='lat' dir='ltr'><strong>gnum</strong></span> <span class='ocrx_word' id='word_1_360' title='bbox 2085 2008 2229 2065; x_wconf 89' lang='lat' dir='ltr'><strong>vobis</strong></span> <span class='ocrx_word' id='word_1_361' title='bbox 2258 2008 2450 2065; x_wconf 81' lang='lat' dir='ltr'><strong>dabit?</strong></span> <span class='ocrx_word' id='word_1_362' title='bbox 2477 2007 2607 2061; x_wconf 83' lang='lat' dir='ltr'><strong>Dico</strong></span> <span class='ocrx_word' id='word_1_363' title='bbox 2650 2006 2790 2060; x_wconf 88' lang='lat' dir='ltr'><strong>enim</strong></span> <span class='ocrx_word' id='word_1_364' title='bbox 2841 2003 3026 2058; x_wconf 89' lang='lat' dir='ltr'><strong>vobis:</strong></span> <span class='ocrx_word' id='word_1_365' title='bbox 3062 2001 3166 2069; x_wconf 85' lang='lat' dir='ltr'><strong>Qui</strong></span> <span class='ocrx_word' id='word_1_366' title='bbox 3202 2000 3373 2069; x_wconf 78' lang='lat' dir='ltr'><strong>ﬁdelis</strong></span> <span class='ocrx_word' id='word_1_367' title='bbox 3397 2006 3477 2053; x_wconf 87' lang='lat' dir='ltr'><strong>est</strong></span> 
     </span>
    </p>
   </div>
   <div class='ocr_carea' id='block_1_52' title="bbox 1899 2092 3473 2170">
    <p class='ocr_par' dir='ltr' id='par_1_52' title="bbox 1899 2092 3473 2170">
     <span class='ocr_line' id='line_1_52' title="bbox 1899 2092 3473 2170; baseline -0.008 -14"><span class='ocrx_word' id='word_1_368' title='bbox 1899 2104 1955 2156; x_wconf 89' lang='lat' dir='ltr'><strong>in</strong></span> <span class='ocrx_word' id='word_1_369' title='bbox 1983 2102 2225 2168; x_wconf 86' lang='lat' dir='ltr'><strong>minimo,</strong></span> <span class='ocrx_word' id='word_1_370' title='bbox 2256 2112 2305 2157; x_wconf 89' lang='lat' dir='ltr'><strong>et</strong></span> <span class='ocrx_word' id='word_1_371' title='bbox 2330 2103 2386 2156; x_wconf 88' lang='lat' dir='ltr'><strong>in</strong></span> <span class='ocrx_word' id='word_1_372' title='bbox 2424 2100 2626 2170; x_wconf 85' lang='lat' dir='ltr'><strong>majori</strong></span> <span class='ocrx_word' id='word_1_373' title='bbox 2653 2097 2828 2169; x_wconf 82' lang='lat' dir='ltr'><strong>ﬁdelis</strong></span> <span class='ocrx_word' id='word_1_374' title='bbox 2857 2106 2957 2151; x_wconf 86' lang='lat' dir='ltr'><strong>est.</strong></span> <span class='ocrx_word' id='word_1_375' title='bbox 2989 2094 3103 2151; x_wconf 83' lang='lat' dir='ltr'><strong>Hoc</strong></span> <span class='ocrx_word' id='word_1_376' title='bbox 3125 2109 3255 2165; x_wconf 87' lang='lat' dir='ltr'><strong>ergo</strong></span> <span class='ocrx_word' id='word_1_377' title='bbox 3300 2092 3473 2147; x_wconf 85' lang='lat' dir='ltr'><strong>dicit;</strong></span> 
     </span>
    </p>
   </div>
   <div class='ocr_carea' id='block_1_53' title="bbox 1900 2187 3473 2262">
    <p class='ocr_par' dir='ltr' id='par_1_53' title="bbox 1900 2187 3473 2262">
     <span class='ocr_line' id='line_1_53' title="bbox 1900 2187 3473 2262; baseline -0.006 -12"><span class='ocrx_word' id='word_1_378' title='bbox 1900 2194 2129 2251; x_wconf 83' lang='lat' dir='ltr'><strong>Servate</strong></span> <span class='ocrx_word' id='word_1_379' title='bbox 2157 2210 2381 2251; x_wconf 90' lang='lat' dir='ltr'><strong>carnem</strong></span> <span class='ocrx_word' id='word_1_380' title='bbox 2418 2200 2655 2259; x_wconf 87' lang='lat' dir='ltr'><strong>castam,</strong></span> <span class='ocrx_word' id='word_1_381' title='bbox 2686 2200 2741 2247; x_wconf 90' lang='lat' dir='ltr'><strong>et</strong></span> <span class='ocrx_word' id='word_1_382' title='bbox 2770 2190 3010 2262; x_wconf 88' lang='lat' dir='ltr'><strong>sigillum</strong></span> <span class='ocrx_word' id='word_1_383' title='bbox 3038 2187 3473 2250; x_wconf 87' lang='lat' dir='ltr'><strong>immaculatum,</strong></span> 
     </span>
    </p>
   </div>
   <div class='ocr_carea' id='block_1_54' title="bbox 1901 2288 2779 2358">
    <p class='ocr_par' dir='ltr' id='par_1_54' title="bbox 1901 2288 2779 2358">
     <span class='ocr_line' id='line_1_54' title="bbox 1901 2288 2779 2358; baseline -0.003 -17"><span class='ocrx_word' id='word_1_384' title='bbox 1901 2297 1959 2342; x_wconf 92' lang='lat' dir='ltr'><strong>ut</strong></span> <span class='ocrx_word' id='word_1_385' title='bbox 1991 2289 2268 2358; x_wconf 87' lang='lat' dir='ltr'><strong>recipiatis</strong></span> <span class='ocrx_word' id='word_1_386' title='bbox 2300 2288 2467 2343; x_wconf 89' lang='lat' dir='ltr'><strong>vitam</strong></span> <span class='ocrx_word' id='word_1_387' title='bbox 2497 2294 2779 2343; x_wconf 61' lang='lat' dir='ltr'><strong>aeternam.</strong></span> 
     </span>
    </p>
   </div>
   <div class='ocr_carea' id='block_1_55' title="bbox 2498 2375 2871 2434">
    <p class='ocr_par' dir='ltr' id='par_1_55' title="bbox 2498 2375 2871 2434">
     <span class='ocr_line' id='line_1_55' title="bbox 2498 2375 2871 2434; baseline -0.003 0"><span class='ocrx_word' id='word_1_388' title='bbox 2498 2376 2730 2434; x_wconf 85' lang='lat' dir='ltr'><strong>CAPUT</strong></span> <span class='ocrx_word' id='word_1_389' title='bbox 2779 2375 2871 2433; x_wconf 81' lang='lat' dir='ltr'><strong>1X.</strong></span> 
     </span>
    </p>
   </div>
   <div class='ocr_carea' id='block_1_56' title="bbox 1964 2467 3477 2541">
    <p class='ocr_par' dir='ltr' id='par_1_56' title="bbox 1964 2467 3477 2541">
     <span class='ocr_line' id='line_1_56' title="bbox 1964 2467 3477 2541; baseline -0.005 -12"><span class='ocrx_word' id='word_1_390' title='bbox 1964 2476 2032 2529; x_wconf 88' lang='lat' dir='ltr'><strong>Et</strong></span> <span class='ocrx_word' id='word_1_391' title='bbox 2062 2490 2222 2531; x_wconf 90' lang='lat' dir='ltr'><strong>nemo</strong></span> <span class='ocrx_word' id='word_1_392' title='bbox 2246 2481 2493 2530; x_wconf 84' lang='lat' dir='ltr'><strong>vestrum</strong></span> <span class='ocrx_word' id='word_1_393' title='bbox 2526 2473 2693 2538; x_wconf 86' lang='lat' dir='ltr'><strong>dicat,</strong></span> <span class='ocrx_word' id='word_1_394' title='bbox 2719 2470 2867 2541; x_wconf 90' lang='lat' dir='ltr'><strong>quod</strong></span> <span class='ocrx_word' id='word_1_395' title='bbox 2898 2469 3013 2524; x_wconf 64' lang='lat' dir='ltr'><strong>haec</strong></span> <span class='ocrx_word' id='word_1_396' title='bbox 3040 2483 3170 2524; x_wconf 89' lang='lat' dir='ltr'><strong>caro</strong></span> <span class='ocrx_word' id='word_1_397' title='bbox 3195 2483 3305 2523; x_wconf 91' lang='lat' dir='ltr'><strong>non</strong></span> <span class='ocrx_word' id='word_1_398' title='bbox 3328 2467 3477 2538; x_wconf 80' lang='lat' dir='ltr'><strong>judi-</strong></span> 
     </span>
    </p>
   </div>
   <div class='ocr_carea' id='block_1_57' title="bbox 1897 2561 3471 2639">
    <p class='ocr_par' dir='ltr' id='par_1_57' title="bbox 1897 2561 3471 2639">
     <span class='ocr_line' id='line_1_57' title="bbox 1897 2561 3471 2639; baseline -0.005 -14"><span class='ocrx_word' id='word_1_399' title='bbox 1897 2578 2078 2635; x_wconf 88' lang='lat' dir='ltr'><strong>catur,</strong></span> <span class='ocrx_word' id='word_1_400' title='bbox 2134 2583 2315 2639; x_wconf 87' lang='lat' dir='ltr'><strong>neque</strong></span> <span class='ocrx_word' id='word_1_401' title='bbox 2353 2564 2615 2637; x_wconf 75' lang='lat' dir='ltr'><strong>resurgit.</strong></span> <span class='ocrx_word' id='word_1_402' title='bbox 2662 2562 2961 2635; x_wconf 86' lang='lat' dir='ltr'><strong>Agnoscite</strong></span> <span class='ocrx_word' id='word_1_403' title='bbox 3005 2561 3062 2616; x_wconf 88' lang='lat' dir='ltr'><strong>in</strong></span> <span class='ocrx_word' id='word_1_404' title='bbox 3116 2577 3226 2633; x_wconf 90' lang='lat' dir='ltr'><strong>quo</strong></span> <span class='ocrx_word' id='word_1_405' title='bbox 3271 2564 3471 2617; x_wconf 81' lang='lat' dir='ltr'><strong>servati</strong></span> 
     </span>
    </p>
   </div>
   <div class='ocr_carea' id='block_1_58' title="bbox 1897 2652 3475 2731">
    <p class='ocr_par' dir='ltr' id='par_1_58' title="bbox 1897 2652 3475 2731">
     <span class='ocr_line' id='line_1_58' title="bbox 1897 2652 3475 2731; baseline -0.006 -13"><span class='ocrx_word' id='word_1_406' title='bbox 1897 2660 2056 2727; x_wconf 85' lang='lat' dir='ltr'><strong>estis,</strong></span> <span class='ocrx_word' id='word_1_407' title='bbox 2088 2661 2146 2716; x_wconf 92' lang='lat' dir='ltr'><strong>in</strong></span> <span class='ocrx_word' id='word_1_408' title='bbox 2177 2674 2289 2731; x_wconf 90' lang='lat' dir='ltr'><strong>quo</strong></span> <span class='ocrx_word' id='word_1_409' title='bbox 2321 2658 2500 2714; x_wconf 85' lang='lat' dir='ltr'><strong>visum</strong></span> <span class='ocrx_word' id='word_1_410' title='bbox 2548 2654 2872 2726; x_wconf 84' lang='lat' dir='ltr'><strong>recepistis;</strong></span> <span class='ocrx_word' id='word_1_411' title='bbox 2902 2653 3012 2710; x_wconf 90' lang='lat' dir='ltr'><strong>nisi</strong></span> <span class='ocrx_word' id='word_1_412' title='bbox 3072 2652 3202 2709; x_wconf 93' lang='lat' dir='ltr'><strong>dum</strong></span> <span class='ocrx_word' id='word_1_413' title='bbox 3257 2652 3314 2707; x_wconf 85' lang='lat' dir='ltr'><strong>in</strong></span> <span class='ocrx_word' id='word_1_414' title='bbox 3372 2653 3475 2709; x_wconf 88' lang='lat' dir='ltr'><strong>hac</strong></span> 
     </span>
    </p>
   </div>
   <div class='ocr_carea' id='block_1_59' title="bbox 1897 2743 3473 2821">
    <p class='ocr_par' dir='ltr' id='par_1_59' title="bbox 1897 2743 3473 2821">
     <span class='ocr_line' id='line_1_59' title="bbox 1897 2743 3473 2821; baseline -0.008 -11"><span class='ocrx_word' id='word_1_415' title='bbox 1897 2769 2064 2810; x_wconf 86' lang='lat' dir='ltr'><strong>carne</strong></span> <span class='ocrx_word' id='word_1_416' title='bbox 2088 2752 2294 2810; x_wconf 84' lang='lat' dir='ltr'><strong>vivitis.</strong></span> <span class='ocrx_word' id='word_1_417' title='bbox 2317 2750 2429 2806; x_wconf 86' lang='lat' dir='ltr'><strong>Nos</strong></span> <span class='ocrx_word' id='word_1_418' title='bbox 2450 2764 2581 2821; x_wconf 90' lang='lat' dir='ltr'><strong>ergo</strong></span> <span class='ocrx_word' id='word_1_419' title='bbox 2596 2749 2774 2814; x_wconf 86' lang='lat' dir='ltr'><strong>decet,</strong></span> <span class='ocrx_word' id='word_1_420' title='bbox 2792 2762 3017 2804; x_wconf 87' lang='lat' dir='ltr'><strong>carnem</strong></span> <span class='ocrx_word' id='word_1_421' title='bbox 3043 2746 3187 2802; x_wconf 87' lang='lat' dir='ltr'><strong>sicut</strong></span> <span class='ocrx_word' id='word_1_422' title='bbox 3210 2743 3473 2815; x_wconf 89' lang='lat' dir='ltr'><strong>templum</strong></span> 
     </span>
    </p>
   </div>
   <div class='ocr_carea' id='block_1_60' title="bbox 1898 2838 3479 2915">
    <p class='ocr_par' dir='ltr' id='par_1_60' title="bbox 1898 2838 3479 2915">
     <span class='ocr_line' id='line_1_60' title="bbox 1898 2838 3479 2915; baseline -0.008 -12"><span class='ocrx_word' id='word_1_423' title='bbox 1898 2846 1997 2903; x_wconf 89' lang='lat' dir='ltr'><strong>Dei</strong></span> <span class='ocrx_word' id='word_1_424' title='bbox 2027 2846 2047 2878; x_wconf 79' lang='grc'>⁸</span> <span class='ocrx_word' id='word_1_425' title='bbox 2076 2843 2357 2902; x_wconf 91' lang='lat' dir='ltr'><strong>custodire</strong></span> <span class='ocrx_word' id='word_1_426' title='bbox 2388 2841 2523 2915; x_wconf 74' lang='grc'>(40).</span> <span class='ocrx_word' id='word_1_427' title='bbox 2551 2839 3023 2909; x_wconf 84' lang='lat' dir='ltr'><strong>Quemadmodum</strong></span> <span class='ocrx_word' id='word_1_428' title='bbox 3050 2838 3198 2894; x_wconf 90' lang='lat' dir='ltr'><strong>enim</strong></span> <span class='ocrx_word' id='word_1_429' title='bbox 3220 2838 3278 2893; x_wconf 92' lang='lat' dir='ltr'><strong>in</strong></span> <span class='ocrx_word' id='word_1_430' title='bbox 3308 2851 3479 2892; x_wconf 81' lang='lat' dir='ltr'><strong>carne</strong></span> 
     </span>
    </p>
   </div>
   <div class='ocr_carea' id='block_1_61' title="bbox 1898 2929 3476 3002">
    <p class='ocr_par' dir='ltr' id='par_1_61' title="bbox 1898 2929 3476 3002">
     <span class='ocr_line' id='line_1_61' title="bbox 1898 2929 3476 3002; baseline -0.007 -7"><span class='ocrx_word' id='word_1_431' title='bbox 1898 2936 2274 3002; x_wconf 63' lang='lat' dir='ltr'><strong>vocati&#39;estis,</strong></span> <span class='ocrx_word' id='word_1_432' title='bbox 2309 2937 2385 2991; x_wconf 89' lang='lat' dir='ltr'><strong>ita</strong></span> <span class='ocrx_word' id='word_1_433' title='bbox 2425 2936 2480 2991; x_wconf 93' lang='lat' dir='ltr'><strong>in</strong></span> <span class='ocrx_word' id='word_1_434' title='bbox 2520 2949 2687 2990; x_wconf 88' lang='lat' dir='ltr'><strong>carne</strong></span> <span class='ocrx_word' id='word_1_435' title='bbox 2724 2932 2976 2989; x_wconf 88' lang='lat' dir='ltr'><strong>venietis.</strong></span> <span class='ocrx_word' id='word_1_436' title='bbox 3015 2930 3171 2988; x_wconf 89' lang='lat' dir='ltr'><strong>Unus</strong></span> <span class='ocrx_word' id='word_1_437' title='bbox 3218 2929 3476 2986; x_wconf 81' lang='lat' dir='ltr'><strong>Christus</strong></span> 
     </span>
    </p>
   </div>
   <div class='ocr_carea' id='block_1_62' title="bbox 1900 3024 3478 3103">
    <p class='ocr_par' dir='ltr' id='par_1_62' title="bbox 1900 3024 3478 3103">
     <span class='ocr_line' id='line_1_62' title="bbox 1900 3024 3478 3103; baseline -0.006 -16"><span class='ocrx_word' id='word_1_438' title='bbox 1900 3032 2165 3089; x_wconf 87' lang='lat' dir='ltr'><strong>Dominus</strong></span> <span class='ocrx_word' id='word_1_439' title='bbox 2188 3032 2283 3103; x_wconf 89' lang='lat' dir='ltr'><strong>qui</strong></span> <span class='ocrx_word' id='word_1_440' title='bbox 2311 3046 2412 3087; x_wconf 91' lang='lat' dir='ltr'><strong>nos</strong></span> <span class='ocrx_word' id='word_1_441' title='bbox 2439 3029 2697 3095; x_wconf 83' lang='lat' dir='ltr'><strong>servavit,</strong></span> <span class='ocrx_word' id='word_1_442' title='bbox 2733 3043 2859 3083; x_wconf 91' lang='lat' dir='ltr'><strong>cum</strong></span> <span class='ocrx_word' id='word_1_443' title='bbox 2892 3026 3130 3098; x_wconf 90' lang='lat' dir='ltr'><strong>primum</strong></span> <span class='ocrx_word' id='word_1_444' title='bbox 3172 3032 3321 3082; x_wconf 83' lang='lat' dir='ltr'><strong>esset</strong></span> <span class='ocrx_word' id='word_1_445' title='bbox 3362 3024 3478 3095; x_wconf 74' lang='grc' dir='ltr'><strong>ιςρί-</strong></span> 
     </span>
    </p>
   </div>
   <div class='ocr_carea' id='block_1_63' title="bbox 223 3115 1784 3201">
    <p class='ocr_par' dir='ltr' id='par_1_63' title="bbox 223 3126 1784 3201">
     <span class='ocr_line' id='line_1_63' title="bbox 223 3126 1784 3201; baseline -0.001 -20"><span class='ocrx_word' id='word_1_446' title='bbox 223 3129 346 3198; x_wconf 74' lang='grc' dir='ltr'>ήμᾶς</span> <span class='ocrx_word' id='word_1_447' title='bbox 362 3129 621 3183; x_wconf 68' lang='grc' dir='ltr'>ἐκάλεσεν</span> <span class='ocrx_word' id='word_1_448' title='bbox 639 3145 653 3158; x_wconf 77' lang='lat'>&#39;</span> <span class='ocrx_word' id='word_1_449' title='bbox 677 3127 850 3192; x_wconf 74' lang='grc' dir='ltr'>οὕτως</span> <span class='ocrx_word' id='word_1_450' title='bbox 874 3129 1009 3199; x_wconf 81' lang='grc' dir='ltr'>καὶὴ</span> <span class='ocrx_word' id='word_1_451' title='bbox 1019 3129 1142 3198; x_wconf 84' lang='grc' dir='ltr'>μεῖς</span> <span class='ocrx_word' id='word_1_452' title='bbox 1162 3128 1219 3179; x_wconf 87' lang='grc' dir='ltr'><strong>ἐν</strong></span> <span class='ocrx_word' id='word_1_453' title='bbox 1229 3126 1477 3201; x_wconf 81' lang='grc' dir='ltr'>ταύτῃτῇ</span> <span class='ocrx_word' id='word_1_454' title='bbox 1492 3128 1656 3199; x_wconf 76' lang='grc' dir='ltr'>σαρκὶ</span> <span class='ocrx_word' id='word_1_455' title='bbox 1666 3128 1784 3181; x_wconf 87' lang='grc' dir='ltr'>άπο-</span> 
     </span>
    </p>
   </div>
   <div class='ocr_carea' id='block_1_64' title="bbox 1896 3115 3475 3201">
    <p class='ocr_par' dir='ltr' id='par_1_64' title="bbox 1900 3115 3475 3194">
     <span class='ocr_line' id='line_1_64' title="bbox 1900 3115 3475 3194; baseline -0.008 -13"><span class='ocrx_word' id='word_1_456' title='bbox 1900 3127 2063 3192; x_wconf 89' lang='lat' dir='ltr'><strong>ritus,</strong></span> <span class='ocrx_word' id='word_1_457' title='bbox 2091 3140 2221 3181; x_wconf 89' lang='lat' dir='ltr'><strong>caro</strong></span> <span class='ocrx_word' id='word_1_458' title='bbox 2249 3124 2429 3180; x_wconf 78' lang='lat' dir='ltr'><strong>factus</strong></span> <span class='ocrx_word' id='word_1_459' title='bbox 2457 3132 2561 3188; x_wconf 90' lang='lat' dir='ltr'><strong>est,</strong></span> <span class='ocrx_word' id='word_1_460' title='bbox 2610 3130 2776 3194; x_wconf 91' lang='lat' dir='ltr'><strong>atque</strong></span> <span class='ocrx_word' id='word_1_461' title='bbox 2814 3120 2898 3175; x_wconf 91' lang='lat' dir='ltr'><strong>sic</strong></span> <span class='ocrx_word' id='word_1_462' title='bbox 2944 3119 3160 3174; x_wconf 88' lang='lat' dir='ltr'><strong>vocavit</strong></span> <span class='ocrx_word' id='word_1_463' title='bbox 3220 3132 3324 3173; x_wconf 91' lang='lat' dir='ltr'><strong>nos</strong></span> <span class='ocrx_word' id='word_1_464' title='bbox 3353 3133 3368 3169; x_wconf 90' lang='lat'>:</span> <span class='ocrx_word' id='word_1_465' title='bbox 3400 3115 3475 3169; x_wconf 85' lang='lat' dir='ltr'><strong>ita</strong></span> 
     </span>
    </p>
   </div>
   <div class='ocr_carea' id='block_1_65' title="bbox 222 3217 1794 3293">
    <p class='ocr_par' dir='ltr' id='par_1_65' title="bbox 222 3217 1794 3293">
     <span class='ocr_line' id='line_1_65' title="bbox 222 3217 1794 3293; baseline 0.001 -22"><span class='ocrx_word' id='word_1_466' title='bbox 222 3219 472 3292; x_wconf 58' lang='grc' dir='ltr'>ληψόμεθα</span> <span class='ocrx_word' id='word_1_467' title='bbox 482 3222 578 3276; x_wconf 67' lang='grc' dir='ltr'>τὸν</span> <span class='ocrx_word' id='word_1_468' title='bbox 593 3222 802 3293; x_wconf 87' lang='grc' dir='ltr'>μισθόν.</span> <span class='ocrx_word' id='word_1_469' title='bbox 822 3221 1145 3292; x_wconf 87' lang='grc' dir='ltr'>Ἀγαπῶμεν</span> <span class='ocrx_word' id='word_1_470' title='bbox 1155 3217 1249 3274; x_wconf 80' lang='grc' dir='ltr'>οὖν</span> <span class='ocrx_word' id='word_1_471' title='bbox 1261 3220 1541 3292; x_wconf 81' lang='grc' dir='ltr'>ἀλλήλους,</span> <span class='ocrx_word' id='word_1_472' title='bbox 1554 3221 1703 3284; x_wconf 81' lang='grc' dir='ltr'>ὅπως</span> <span class='ocrx_word' id='word_1_473' title='bbox 1715 3220 1794 3273; x_wconf 82' lang='grc' dir='ltr'>ἐλ-</span> 
     </span>
    </p>
   </div>
   <div class='ocr_carea' id='block_1_66' title="bbox 219 3309 1787 3387">
    <p class='ocr_par' dir='ltr' id='par_1_66' title="bbox 219 3309 1787 3387">
     <span class='ocr_line' id='line_1_66' title="bbox 219 3309 1787 3387; baseline 0.002 -22"><span class='ocrx_word' id='word_1_474' title='bbox 219 3309 377 3384; x_wconf 79' lang='grc' dir='ltr'>θωμεν</span> <span class='ocrx_word' id='word_1_475' title='bbox 389 3315 592 3379; x_wconf 80' lang='grc' dir='ltr'>πάντες</span> <span class='ocrx_word' id='word_1_476' title='bbox 603 3317 684 3379; x_wconf 72' lang='grc' dir='ltr'>εἰς</span> <span class='ocrx_word' id='word_1_477' title='bbox 692 3315 790 3387; x_wconf 87' lang='grc' dir='ltr'><strong>τὴν</strong></span> <span class='ocrx_word' id='word_1_478' title='bbox 804 3313 1080 3384; x_wconf 86' lang='grc' dir='ltr'>βασιλείαν</span> <span class='ocrx_word' id='word_1_479' title='bbox 1091 3313 1185 3368; x_wconf 84' lang='grc' dir='ltr'>τοῦ</span> <span class='ocrx_word' id='word_1_480' title='bbox 1198 3314 1333 3367; x_wconf 82' lang='grc' dir='ltr'>Θεοῦ</span> <span class='ocrx_word' id='word_1_481' title='bbox 1341 3353 1355 3368; x_wconf 94' lang='grc'><strong>.</strong></span> <span class='ocrx_word' id='word_1_482' title='bbox 1373 3314 1460 3377; x_wconf 84' lang='grc' dir='ltr'>Ὠς</span> <span class='ocrx_word' id='word_1_483' title='bbox 1470 3313 1666 3386; x_wconf 72' lang='grc' dir='ltr'>ἔχομεν</span> <span class='ocrx_word' id='word_1_484' title='bbox 1676 3313 1787 3386; x_wconf 74' lang='grc'>(42)</span> 
     </span>
    </p>
   </div>
   <div class='ocr_carea' id='block_1_67' title="bbox 1896 3206 3476 3282">
    <p class='ocr_par' dir='ltr' id='par_1_67' title="bbox 1896 3206 3476 3282">
     <span class='ocr_line' id='line_1_67' title="bbox 1896 3206 3476 3282; baseline -0.009 -8"><span class='ocrx_word' id='word_1_485' title='bbox 1896 3219 2063 3275; x_wconf 90' lang='lat' dir='ltr'><strong>etiam</strong></span> <span class='ocrx_word' id='word_1_486' title='bbox 2095 3234 2198 3273; x_wconf 92' lang='lat' dir='ltr'><strong>nos</strong></span> <span class='ocrx_word' id='word_1_487' title='bbox 2213 3218 2271 3272; x_wconf 93' lang='lat' dir='ltr'><strong>in</strong></span> <span class='ocrx_word' id='word_1_488' title='bbox 2300 3217 2403 3271; x_wconf 91' lang='lat' dir='ltr'><strong>hac</strong></span> <span class='ocrx_word' id='word_1_489' title='bbox 2424 3230 2592 3270; x_wconf 91' lang='lat' dir='ltr'><strong>carne</strong></span> <span class='ocrx_word' id='word_1_490' title='bbox 2621 3211 2927 3269; x_wconf 88' lang='lat' dir='ltr'><strong>mercedem</strong></span> <span class='ocrx_word' id='word_1_491' title='bbox 2949 3210 3299 3282; x_wconf 87' lang='lat' dir='ltr'><strong>recipiemus.</strong></span> <span class='ocrx_word' id='word_1_492' title='bbox 3339 3206 3476 3261; x_wconf 67' lang='lat' dir='ltr'><strong>Dili«</strong></span> 
     </span>
    </p>
   </div>
   <div class='ocr_carea' id='block_1_68' title="bbox 1898 3299 3473 3383">
    <p class='ocr_par' dir='ltr' id='par_1_68' title="bbox 1898 3299 3473 3383">
     <span class='ocr_line' id='line_1_68' title="bbox 1898 3299 3473 3383; baseline -0.008 -18"><span class='ocrx_word' id='word_1_493' title='bbox 1898 3326 2094 3383; x_wconf 90' lang='lat' dir='ltr'><strong>gamus</strong></span> <span class='ocrx_word' id='word_1_494' title='bbox 2127 3310 2295 3381; x_wconf 90' lang='lat' dir='ltr'><strong>igitur</strong></span> <span class='ocrx_word' id='word_1_495' title='bbox 2316 3324 2421 3365; x_wconf 91' lang='lat' dir='ltr'><strong>nos</strong></span> <span class='ocrx_word' id='word_1_496' title='bbox 2451 3306 2707 3372; x_wconf 75' lang='lat' dir='ltr'><strong>invicem,</strong></span> <span class='ocrx_word' id='word_1_497' title='bbox 2758 3312 2820 3359; x_wconf 94' lang='lat' dir='ltr'><strong>ut</strong></span> <span class='ocrx_word' id='word_1_498' title='bbox 2862 3304 3147 3361; x_wconf 86' lang='lat' dir='ltr'><strong>veniamus</strong></span> <span class='ocrx_word' id='word_1_499' title='bbox 3192 3315 3385 3357; x_wconf 89' lang='lat' dir='ltr'><strong>omnes</strong></span> <span class='ocrx_word' id='word_1_500' title='bbox 3415 3299 3473 3353; x_wconf 81' lang='lat' dir='ltr'><strong>in</strong></span> 
     </span>
    </p>
   </div>
   <div class='ocr_carea' id='block_1_69' title="bbox 279 3424 1784 3521">
    <p class='ocr_par' dir='ltr' id='par_1_69' title="bbox 279 3424 1784 3521">
     <span class='ocr_line' id='line_1_69' title="bbox 279 3424 1784 3521; baseline 0.015 -39"><span class='ocrx_word' id='word_1_501' title='bbox 279 3450 497 3509; x_wconf 53' lang='lat' dir='ltr'><strong>mLuc.</strong></span> <span class='ocrx_word' id='word_1_502' title='bbox 542 3469 657 3517; x_wconf 55' lang='grc' dir='ltr'><strong>χνι,</strong></span> <span class='ocrx_word' id='word_1_503' title='bbox 693 3424 788 3515; x_wconf 63' lang='grc' dir='ltr'><strong>1ος</strong></span> <span class='ocrx_word' id='word_1_504' title='bbox 816 3453 905 3509; x_wconf 76' lang='grc' dir='ltr'><strong>Η,</strong></span> <span class='ocrx_word' id='word_1_505' title='bbox 989 3453 1003 3484; x_wconf 83' lang='grc'>¹</span> <span class='ocrx_word' id='word_1_506' title='bbox 1040 3450 1209 3507; x_wconf 89' lang='lat' dir='ltr'><strong>lCor.</strong></span> <span class='ocrx_word' id='word_1_507' title='bbox 1251 3469 1337 3518; x_wconf 86' lang='grc' dir='ltr'>ιιι,</span> <span class='ocrx_word' id='word_1_508' title='bbox 1363 3452 1451 3521; x_wconf 73' lang='grc'>16,</span> <span class='ocrx_word' id='word_1_509' title='bbox 1493 3453 1581 3520; x_wconf 79' lang='lat' dir='ltr'><strong>l7;</strong></span> <span class='ocrx_word' id='word_1_510' title='bbox 1609 3469 1694 3520; x_wconf 80' lang='lat' dir='ltr'><strong>v1,</strong></span> <span class='ocrx_word' id='word_1_511' title='bbox 1737 3452 1784 3506; x_wconf 76' lang='grc' dir='ltr'>ιε</span> 
     </span>
    </p>
   </div>
   <div class='ocr_carea' id='block_1_70' title="bbox 1896 3424 2299 3521">
    <p class='ocr_par' dir='ltr' id='par_1_70' title="bbox 1896 3447 2299 3513">
     <span class='ocr_line' id='line_1_70' title="bbox 1896 3447 2299 3513; baseline -0.005 -10"><span class='ocrx_word' id='word_1_512' title='bbox 1896 3449 1911 3503; x_wconf 92' lang='lat' dir='ltr'><strong>l</strong></span> <span class='ocrx_word' id='word_1_513' title='bbox 1947 3449 2077 3505; x_wconf 92' lang='lat' dir='ltr'><strong>Cor.</strong></span> <span class='ocrx_word' id='word_1_514' title='bbox 2098 3466 2174 3513; x_wconf 80' lang='lat' dir='ltr'><strong>v1,</strong></span> <span class='ocrx_word' id='word_1_515' title='bbox 2212 3447 2299 3502; x_wconf 75' lang='lat'><strong>16.</strong></span> 
     </span>
    </p>
   </div>
   <div class='ocr_carea' id='block_1_71' title="bbox 1528 3584 2165 3644">
    <p class='ocr_par' dir='ltr' id='par_1_71' title="bbox 1528 3584 2165 3644">
     <span class='ocr_line' id='line_1_71' title="bbox 1528 3584 2165 3644; baseline -0.005 0"><span class='ocrx_word' id='word_1_516' title='bbox 1528 3585 1892 3644; x_wconf 76' lang='lat' dir='ltr'><strong>VARIORUM</strong></span> <span class='ocrx_word' id='word_1_517' title='bbox 1931 3584 2139 3641; x_wconf 68' lang='lat' dir='ltr'><strong>NO&#39;UE</strong></span> <span class='ocrx_word' id='word_1_518' title='bbox 2152 3628 2165 3641; x_wconf 95' lang='lat'><strong>.</strong></span> 
     </span>
    </p>
   </div>
   <div class='ocr_carea' id='block_1_72' title="bbox 277 3726 1785 3798">
    <p class='ocr_par' dir='ltr' id='par_1_72' title="bbox 277 3726 1785 3798">
     <span class='ocr_line' id='line_1_72' title="bbox 277 3726 1785 3798; baseline -0.009 -13"><span class='ocrx_word' id='word_1_519' title='bbox 277 3728 379 3797; x_wconf 86' lang='grc'>(56)</span> <span class='ocrx_word' id='word_1_520' title='bbox 420 3731 523 3782; x_wconf 78' lang='grc' dir='ltr'><em>Ἐν</em></span> <span class='ocrx_word' id='word_1_521' title='bbox 553 3727 630 3795; x_wconf 76' lang='grc' dir='ltr'>τῇ</span> <span class='ocrx_word' id='word_1_522' title='bbox 658 3728 835 3797; x_wconf 74' lang='grc' dir='ltr'>σαρκὶ</span> <span class='ocrx_word' id='word_1_523' title='bbox 859 3728 898 3781; x_wconf 83' lang='lat' dir='ltr'><strong>d</strong></span> <span class='ocrx_word' id='word_1_524' title='bbox 922 3728 1263 3798; x_wconf 75' lang='grc' dir='ltr'>ἐπράξαμεν</span> <span class='ocrx_word' id='word_1_525' title='bbox 1288 3728 1544 3795; x_wconf 76' lang='grc' dir='ltr'>πονηρά.</span> <span class='ocrx_word' id='word_1_526' title='bbox 1582 3726 1785 3798; x_wconf 81' lang='lat' dir='ltr'><strong>Legen.</strong></span> 
     </span>
    </p>
   </div>
   <div class='ocr_carea' id='block_1_73' title="bbox 219 3798 1779 3880">
    <p class='ocr_par' dir='ltr' id='par_1_73' title="bbox 219 3798 1779 3880">
     <span class='ocr_line' id='line_1_73' title="bbox 219 3798 1779 3880; baseline 0 -27"><span class='ocrx_word' id='word_1_527' title='bbox 219 3799 349 3863; x_wconf 87' lang='lat' dir='ltr'><strong>dum,</strong></span> <span class='ocrx_word' id='word_1_528' title='bbox 365 3799 427 3880; x_wconf 61' lang='grc' dir='ltr'><strong>ᾷΰ</strong></span> <span class='ocrx_word' id='word_1_529' title='bbox 449 3799 487 3852; x_wconf 75' lang='grc' dir='ltr'>ἃ</span> <span class='ocrx_word' id='word_1_530' title='bbox 502 3799 827 3880; x_wconf 66' lang='grc' dir='ltr'>ἐπράξαμεν</span> <span class='ocrx_word' id='word_1_531' title='bbox 848 3798 1082 3880; x_wconf 77' lang='grc' dir='ltr'>πονηρά,</span> <span class='ocrx_word' id='word_1_532' title='bbox 1104 3798 1350 3880; x_wconf 76' lang='lat' dir='ltr'><strong>immissa</strong></span> <span class='ocrx_word' id='word_1_533' title='bbox 1363 3798 1779 3880; x_wconf 63' lang='lat' dir='ltr'><strong>praepositione,</strong></span> 
     </span>
    </p>
   </div>
   <div class='ocr_carea' id='block_1_74' title="bbox 216 3868 1783 3940">
    <p class='ocr_par' dir='ltr' id='par_1_74' title="bbox 216 3868 1783 3940">
     <span class='ocr_line' id='line_1_74' title="bbox 216 3868 1783 3940; baseline 0.001 -18"><span class='ocrx_word' id='word_1_534' title='bbox 216 3887 319 3940; x_wconf 69' lang='lat' dir='ltr'><strong>quae</strong></span> <span class='ocrx_word' id='word_1_535' title='bbox 336 3871 404 3925; x_wconf 93' lang='lat' dir='ltr'><strong>ob</strong></span> <span class='ocrx_word' id='word_1_536' title='bbox 433 3868 662 3940; x_wconf 64' lang='lat' dir='ltr'><strong>syllaba:</strong></span> <span class='ocrx_word' id='word_1_537' title='bbox 709 3868 1067 3940; x_wconf 64' lang='lat' dir='ltr'><strong>praecedentis</strong></span> <span class='ocrx_word' id='word_1_538' title='bbox 1113 3868 1526 3925; x_wconf 89' lang='lat' dir='ltr'><strong>similitudinem</strong></span> <span class='ocrx_word' id='word_1_539' title='bbox 1566 3868 1783 3934; x_wconf 83' lang='lat' dir='ltr'><strong>videtur</strong></span> 
     </span>
    </p>
   </div>
   <div class='ocr_carea' id='block_1_75' title="bbox 216 3938 659 3995">
    <p class='ocr_par' dir='ltr' id='par_1_75' title="bbox 216 3938 659 3995">
     <span class='ocr_line' id='line_1_75' title="bbox 216 3938 659 3995; baseline 0.002 -2"><span class='ocrx_word' id='word_1_540' title='bbox 216 3938 486 3995; x_wconf 70' lang='lat' dir='ltr'><strong>excidisse.</strong></span> <span class='ocrx_word' id='word_1_541' title='bbox 520 3938 659 3994; x_wconf 61' lang='lat' dir='ltr'><strong>Dav.</strong></span> 
     </span>
    </p>
   </div>
   <div class='ocr_carea' id='block_1_76' title="bbox 274 4009 1779 4081">
    <p class='ocr_par' dir='ltr' id='par_1_76' title="bbox 274 4009 1779 4081">
     <span class='ocr_line' id='line_1_76' title="bbox 274 4009 1779 4081; baseline -0.003 -14"><span class='ocrx_word' id='word_1_542' title='bbox 274 4012 378 4081; x_wconf 76' lang='lat'><strong>(37)</strong></span> <span class='ocrx_word' id='word_1_543' title='bbox 410 4010 553 4081; x_wconf 74' lang='lat' dir='ltr'><strong>Hine</strong></span> <span class='ocrx_word' id='word_1_544' title='bbox 592 4009 933 4080; x_wconf 64' lang='lat' dir='ltr'><strong>praevertitur</strong></span> <span class='ocrx_word' id='word_1_545' title='bbox 960 4009 1210 4081; x_wconf 63' lang='lat' dir='ltr'><strong>Origenis</strong></span> <span class='ocrx_word' id='word_1_546' title='bbox 1233 4024 1408 4081; x_wconf 87' lang='lat' dir='ltr'><strong>error,</strong></span> <span class='ocrx_word' id='word_1_547' title='bbox 1441 4024 1571 4078; x_wconf 90' lang='lat' dir='ltr'><strong>quo,</strong></span> <span class='ocrx_word' id='word_1_548' title='bbox 1602 4010 1779 4081; x_wconf 15' lang='lat' dir='ltr'><strong>utile.</strong></span> 
     </span>
    </p>
   </div>
   <div class='ocr_carea' id='block_1_77' title="bbox 215 4077 1787 4150">
    <p class='ocr_par' dir='ltr' id='par_1_77' title="bbox 215 4077 1787 4150">
     <span class='ocr_line' id='line_1_77' title="bbox 215 4077 1787 4150; baseline -0.002 -16"><span class='ocrx_word' id='word_1_549' title='bbox 215 4077 382 4150; x_wconf 78' lang='lat' dir='ltr'><strong>quitur</strong></span> <span class='ocrx_word' id='word_1_550' title='bbox 428 4077 803 4143; x_wconf 70' lang='lat' dir='ltr'><strong>Iustiniauus,</strong></span> <span class='ocrx_word' id='word_1_551' title='bbox 826 4091 968 4136; x_wconf 88' lang='lat' dir='ltr'><strong>tom.</strong></span> <span class='ocrx_word' id='word_1_552' title='bbox 994 4079 1036 4131; x_wconf 88' lang='lat' dir='ltr'><strong>V</strong></span> <span class='ocrx_word' id='word_1_553' title='bbox 1064 4077 1271 4135; x_wconf 76' lang='lat' dir='ltr'><strong>Concil.</strong></span> <span class='ocrx_word' id='word_1_554' title='bbox 1316 4077 1472 4145; x_wconf 54' lang='grc' dir='ltr'>ιρι»,</span> <span class='ocrx_word' id='word_1_555' title='bbox 1503 4095 1557 4150; x_wconf 94' lang='lat' dir='ltr'><strong>p.</strong></span> <span class='ocrx_word' id='word_1_556' title='bbox 1588 4077 1787 4143; x_wconf 86' lang='lat' dir='ltr'><strong>666A,</strong></span> 
     </span>
    </p>
   </div>
   <div class='ocr_carea' id='block_1_78' title="bbox 215 4151 1776 4220">
    <p class='ocr_par' dir='ltr' id='par_1_78' title="bbox 215 4151 1776 4220">
     <span class='ocr_line' id='line_1_78' title="bbox 215 4151 1776 4220; baseline -0.001 -15"><span class='ocrx_word' id='word_1_557' title='bbox 215 4155 427 4206; x_wconf 88' lang='lat' dir='ltr'><strong>omnium</strong></span> <span class='ocrx_word' id='word_1_558' title='bbox 456 4152 741 4220; x_wconf 83' lang='lat' dir='ltr'><strong>impiorum</strong></span> <span class='ocrx_word' id='word_1_559' title='bbox 771 4151 1060 4213; x_wconf 80' lang='lat' dir='ltr'><strong>hominum,</strong></span> <span class='ocrx_word' id='word_1_560' title='bbox 1090 4160 1141 4206; x_wconf 90' lang='lat' dir='ltr'><strong>et</strong></span> <span class='ocrx_word' id='word_1_561' title='bbox 1185 4159 1436 4219; x_wconf 76' lang='lat' dir='ltr'><strong>prwterea</strong></span> <span class='ocrx_word' id='word_1_562' title='bbox 1477 4151 1776 4204; x_wconf 64' lang='lat' dir='ltr'><strong>daemonum</strong></span> 
     </span>
    </p>
   </div>
   <div class='ocr_carea' id='block_1_79' title="bbox 210 4221 1776 4291">
    <p class='ocr_par' dir='ltr' id='par_1_79' title="bbox 210 4221 1776 4291">
     <span class='ocr_line' id='line_1_79' title="bbox 210 4221 1776 4291; baseline -0.001 -15"><span class='ocrx_word' id='word_1_563' title='bbox 210 4237 394 4289; x_wconf 70' lang='lat' dir='ltr'><strong>ranam</strong></span> <span class='ocrx_word' id='word_1_564' title='bbox 419 4222 580 4291; x_wconf 79' lang='lat' dir='ltr'><strong>ﬁnem</strong></span> <span class='ocrx_word' id='word_1_565' title='bbox 616 4221 916 4275; x_wconf 83' lang='lat' dir='ltr'><strong>habituram</strong></span> <span class='ocrx_word' id='word_1_566' title='bbox 954 4237 1088 4284; x_wconf 80' lang='lat' dir='ltr'><strong>esse,</strong></span> <span class='ocrx_word' id='word_1_567' title='bbox 1117 4221 1518 4291; x_wconf 81' lang='lat' dir='ltr'><strong>restitutumque</strong></span> <span class='ocrx_word' id='word_1_568' title='bbox 1557 4222 1626 4274; x_wconf 90' lang='lat' dir='ltr'><strong>iri</strong></span> <span class='ocrx_word' id='word_1_569' title='bbox 1667 4231 1776 4274; x_wconf 89' lang='lat' dir='ltr'><strong>tum</strong></span> 
     </span>
    </p>
   </div>
   <div class='ocr_carea' id='block_1_80' title="bbox 213 4292 1777 4360">
    <p class='ocr_par' dir='ltr' id='par_1_80' title="bbox 213 4292 1777 4360">
     <span class='ocr_line' id='line_1_80' title="bbox 213 4292 1777 4360; baseline 0 -16"><span class='ocrx_word' id='word_1_570' title='bbox 213 4293 383 4360; x_wconf 83' lang='lat' dir='ltr'><strong>impios</strong></span> <span class='ocrx_word' id='word_1_571' title='bbox 418 4292 658 4347; x_wconf 78' lang='lat' dir='ltr'><strong>homines</strong></span> <span class='ocrx_word' id='word_1_572' title='bbox 694 4301 805 4345; x_wconf 88' lang='lat' dir='ltr'><strong>tum</strong></span> <span class='ocrx_word' id='word_1_573' title='bbox 845 4292 1106 4346; x_wconf 64' lang='lat' dir='ltr'><strong>diemones</strong></span> <span class='ocrx_word' id='word_1_574' title='bbox 1146 4293 1201 4346; x_wconf 87' lang='lat' dir='ltr'><strong>in</strong></span> <span class='ocrx_word' id='word_1_575' title='bbox 1237 4292 1515 4359; x_wconf 88' lang='lat' dir='ltr'><strong>pristinum</strong></span> <span class='ocrx_word' id='word_1_576' title='bbox 1542 4292 1777 4346; x_wconf 85' lang='lat' dir='ltr'><strong>ordinem</strong></span> 
     </span>
    </p>
   </div>
   <div class='ocr_carea' id='block_1_81' title="bbox 211 4361 1775 4431">
    <p class='ocr_par' dir='ltr' id='par_1_81' title="bbox 211 4361 1775 4431">
     <span class='ocr_line' id='line_1_81' title="bbox 211 4361 1775 4431; baseline 0 -16"><span class='ocrx_word' id='word_1_577' title='bbox 211 4378 350 4417; x_wconf 75' lang='lat' dir='ltr'><strong>suum</strong></span> <span class='ocrx_word' id='word_1_578' title='bbox 390 4363 628 4419; x_wconf 87' lang='lat' dir='ltr'><strong>censuit.</strong></span> <span class='ocrx_word' id='word_1_579' title='bbox 668 4361 796 4416; x_wconf 57' lang='lat' dir='ltr'><strong>Haec</strong></span> <span class='ocrx_word' id='word_1_580' title='bbox 849 4363 994 4417; x_wconf 92' lang='lat' dir='ltr'><strong>enim</strong></span> <span class='ocrx_word' id='word_1_581' title='bbox 1039 4362 1160 4431; x_wconf 83' lang='lat' dir='ltr'><strong>sine</strong></span> <span class='ocrx_word' id='word_1_582' title='bbox 1208 4361 1405 4431; x_wconf 65' lang='lat' dir='ltr'><strong>praevia</strong></span> <span class='ocrx_word' id='word_1_583' title='bbox 1456 4362 1775 4430; x_wconf 67' lang='lat' dir='ltr'><strong>poenitentia</strong></span> 
     </span>
    </p>
   </div>
   <div class='ocr_carea' id='block_1_82' title="bbox 213 4426 1775 4504">
    <p class='ocr_par' dir='ltr' id='par_1_82' title="bbox 213 4426 1775 4504">
     <span class='ocr_line' id='line_1_82' title="bbox 213 4426 1775 4504; baseline 0 -19"><span class='ocrx_word' id='word_1_584' title='bbox 213 4433 408 4504; x_wconf 81' lang='lat' dir='ltr'><strong>admitti</strong></span> <span class='ocrx_word' id='word_1_585' title='bbox 431 4442 729 4504; x_wconf 90' lang='lat' dir='ltr'><strong>nequeunt.</strong></span> <span class='ocrx_word' id='word_1_586' title='bbox 755 4431 1102 4504; x_wconf 84' lang='lat' dir='ltr'><strong>Rursumque</strong></span> <span class='ocrx_word' id='word_1_587' title='bbox 1124 4426 1252 4487; x_wconf 79' lang='lat' dir='ltr'><strong>dum</strong></span> <span class='ocrx_word' id='word_1_588' title='bbox 1277 4426 1504 4486; x_wconf 72' lang='lat' dir='ltr'><strong>numero</strong></span> <span class='ocrx_word' id='word_1_589' title='bbox 1525 4432 1775 4502; x_wconf 90' lang='lat' dir='ltr'><strong>sequenti</strong></span> 
     </span>
    </p>
   </div>
   <div class='ocr_carea' id='block_1_83' title="bbox 212 4503 1775 4573">
    <p class='ocr_par' dir='ltr' id='par_1_83' title="bbox 212 4503 1775 4573">
     <span class='ocr_line' id='line_1_83' title="bbox 212 4503 1775 4573; baseline 0.003 -19"><span class='ocrx_word' id='word_1_590' title='bbox 212 4503 475 4566; x_wconf 84' lang='lat' dir='ltr'><strong>docemur,</strong></span> <span class='ocrx_word' id='word_1_591' title='bbox 502 4503 712 4557; x_wconf 84' lang='lat' dir='ltr'><strong>nullum</strong></span> <span class='ocrx_word' id='word_1_592' title='bbox 736 4511 859 4573; x_wconf 91' lang='lat' dir='ltr'><strong>post</strong></span> <span class='ocrx_word' id='word_1_593' title='bbox 888 4505 1029 4557; x_wconf 89' lang='lat' dir='ltr'><strong>hanc</strong></span> <span class='ocrx_word' id='word_1_594' title='bbox 1050 4503 1216 4556; x_wconf 89' lang='lat' dir='ltr'><strong>vitam</strong></span> <span class='ocrx_word' id='word_1_595' title='bbox 1245 4516 1532 4573; x_wconf 89' lang='lat' dir='ltr'><strong>superesse</strong></span> <span class='ocrx_word' id='word_1_596' title='bbox 1564 4512 1775 4573; x_wconf 87' lang='lat' dir='ltr'><strong>tempus</strong></span> 
     </span>
    </p>
   </div>
   <div class='ocr_carea' id='block_1_84' title="bbox 213 4572 1775 4644">
    <p class='ocr_par' dir='ltr' id='par_1_84' title="bbox 213 4572 1775 4644">
     <span class='ocr_line' id='line_1_84' title="bbox 213 4572 1775 4644; baseline 0.001 -19"><span class='ocrx_word' id='word_1_597' title='bbox 213 4574 259 4626; x_wconf 91' lang='lat' dir='ltr'><strong>in</strong></span> <span class='ocrx_word' id='word_1_598' title='bbox 283 4590 387 4644; x_wconf 93' lang='lat' dir='ltr'><strong>quo</strong></span> <span class='ocrx_word' id='word_1_599' title='bbox 428 4574 615 4628; x_wconf 89' lang='lat' dir='ltr'><strong>sanari</strong></span> <span class='ocrx_word' id='word_1_600' title='bbox 645 4572 942 4640; x_wconf 85' lang='lat' dir='ltr'><strong>valeamus,</strong></span> <span class='ocrx_word' id='word_1_601' title='bbox 972 4573 1064 4627; x_wconf 91' lang='lat' dir='ltr'><strong>illa</strong></span> <span class='ocrx_word' id='word_1_602' title='bbox 1095 4574 1152 4628; x_wconf 93' lang='lat' dir='ltr'><strong>in</strong></span> <span class='ocrx_word' id='word_1_603' title='bbox 1190 4572 1482 4644; x_wconf 86' lang='lat' dir='ltr'><strong>pristinum</strong></span> <span class='ocrx_word' id='word_1_604' title='bbox 1525 4572 1775 4644; x_wconf 79' lang='lat' dir='ltr'><strong>ordinem</strong></span> 
     </span>
    </p>
   </div>
   <div class='ocr_carea' id='block_1_85' title="bbox 211 4641 1777 4715">
    <p class='ocr_par' dir='ltr' id='par_1_85' title="bbox 211 4641 1777 4715">
     <span class='ocr_line' id='line_1_85' title="bbox 211 4641 1777 4715; baseline 0.001 -18"><span class='ocrx_word' id='word_1_605' title='bbox 211 4641 355 4699; x_wconf 73' lang='lat' dir='ltr'><strong>suum</strong></span> <span class='ocrx_word' id='word_1_606' title='bbox 380 4643 691 4715; x_wconf 82' lang='lat' dir='ltr'><strong>revertendi</strong></span> <span class='ocrx_word' id='word_1_607' title='bbox 722 4660 849 4714; x_wconf 90' lang='lat' dir='ltr'><strong>spes</strong></span> <span class='ocrx_word' id='word_1_608' title='bbox 890 4644 1073 4713; x_wconf 90' lang='lat' dir='ltr'><strong>impiis</strong></span> <span class='ocrx_word' id='word_1_609' title='bbox 1120 4641 1347 4715; x_wconf 80' lang='lat' dir='ltr'><strong>prorsus</strong></span> <span class='ocrx_word' id='word_1_610' title='bbox 1376 4641 1777 4715; x_wconf 75' lang='lat' dir='ltr'><strong>aufertur._Ne-</strong></span> 
     </span>
    </p>
   </div>
   <div class='ocr_carea' id='block_1_86' title="bbox 212 4712 1780 4785">
    <p class='ocr_par' dir='ltr' id='par_1_86' title="bbox 212 4712 1780 4785">
     <span class='ocr_line' id='line_1_86' title="bbox 212 4712 1780 4785; baseline 0.001 -20"><span class='ocrx_word' id='word_1_611' title='bbox 212 4728 304 4782; x_wconf 88' lang='lat' dir='ltr'><strong>que</strong></span> <span class='ocrx_word' id='word_1_612' title='bbox 330 4715 512 4770; x_wconf 89' lang='lat' dir='ltr'><strong>minus</strong></span> <span class='ocrx_word' id='word_1_613' title='bbox 541 4712 793 4785; x_wconf 86' lang='lat' dir='ltr'><strong>Origenis</strong></span> <span class='ocrx_word' id='word_1_614' title='bbox 823 4715 889 4770; x_wconf 91' lang='lat' dir='ltr'><strong>de</strong></span> <span class='ocrx_word' id='word_1_615' title='bbox 922 4712 1324 4770; x_wconf 83' lang='lat' dir='ltr'><strong>resurrectione</strong></span> <span class='ocrx_word' id='word_1_616' title='bbox 1357 4712 1558 4785; x_wconf 86' lang='lat' dir='ltr'><strong>placito</strong></span> <span class='ocrx_word' id='word_1_617' title='bbox 1588 4713 1780 4769; x_wconf 85' lang='lat' dir='ltr'><strong>adver-</strong></span> 
     </span>
    </p>
   </div>
   <div class='ocr_carea' id='block_1_87' title="bbox 212 4784 1691 4855">
    <p class='ocr_par' dir='ltr' id='par_1_87' title="bbox 212 4784 1691 4855">
     <span class='ocr_line' id='line_1_87' title="bbox 212 4784 1691 4855; baseline 0.002 -18"><span class='ocrx_word' id='word_1_618' title='bbox 212 4793 411 4851; x_wconf 83' lang='lat' dir='ltr'><strong>santur,</strong></span> <span class='ocrx_word' id='word_1_619' title='bbox 443 4801 567 4854; x_wconf 72' lang='lat' dir='ltr'><strong>qua:</strong></span> <span class='ocrx_word' id='word_1_620' title='bbox 596 4784 664 4840; x_wconf 87' lang='lat' dir='ltr'><strong>de</strong></span> <span class='ocrx_word' id='word_1_621' title='bbox 694 4784 882 4855; x_wconf 81' lang='lat' dir='ltr'><strong>eadem</strong></span> <span class='ocrx_word' id='word_1_622' title='bbox 908 4800 1036 4840; x_wconf 77' lang='lat' dir='ltr'><strong>mox</strong></span> <span class='ocrx_word' id='word_1_623' title='bbox 1066 4785 1454 4855; x_wconf 86' lang='lat' dir='ltr'><strong>subjiciuntur.</strong></span> <span class='ocrx_word' id='word_1_624' title='bbox 1486 4784 1691 4840; x_wconf 78' lang='lat' dir='ltr'><strong>Cous&#39;r.</strong></span> 
     </span>
    </p>
   </div>
   <div class='ocr_carea' id='block_1_88' title="bbox 271 4854 1774 4929">
    <p class='ocr_par' dir='ltr' id='par_1_88' title="bbox 271 4854 1774 4929">
     <span class='ocr_line' id='line_1_88' title="bbox 271 4854 1774 4929; baseline -0.002 -19"><span class='ocrx_word' id='word_1_625' title='bbox 271 4855 378 4925; x_wconf 87' lang='grc'>(58)</span> <span class='ocrx_word' id='word_1_626' title='bbox 401 4857 464 4929; x_wconf 72' lang='grc' dir='ltr'><strong>’ρ</strong></span> <span class='ocrx_word' id='word_1_627' title='bbox 493 4854 910 4929; x_wconf 56' lang='grc' dir='ltr'>ΚύριρςΝνοει.</span> <span class='ocrx_word' id='word_1_628' title='bbox 939 4855 1157 4910; x_wconf 80' lang='lat' dir='ltr'><strong>exhibet</strong></span> <span class='ocrx_word' id='word_1_629' title='bbox 1172 4854 1250 4910; x_wconf 80' lang='lat' dir='ltr'><strong>ex</strong></span> <span class='ocrx_word' id='word_1_630' title='bbox 1285 4869 1389 4929; x_wconf 78' lang='lat' dir='ltr'><strong>ms_.</strong></span> <span class='ocrx_word' id='word_1_631' title='bbox 1415 4856 1710 4929; x_wconf 60' lang='lat' dir='ltr'><strong>articulum</strong></span> <span class='ocrx_word' id='word_1_632' title='bbox 1726 4855 1774 4921; x_wconf 77' lang='grc' dir='ltr'><strong>ὁ,</strong></span> 
     </span>
    </p>
   </div>
   <div class='ocr_carea' id='block_1_89' title="bbox 210 4923 1779 4993">
    <p class='ocr_par' dir='ltr' id='par_1_89' title="bbox 210 4923 1779 4993">
     <span class='ocr_line' id='line_1_89' title="bbox 210 4923 1779 4993; baseline 0.002 -16"><span class='ocrx_word' id='word_1_633' title='bbox 210 4923 368 4993; x_wconf 86' lang='lat' dir='ltr'><strong>quem</strong></span> <span class='ocrx_word' id='word_1_634' title='bbox 383 4926 515 4981; x_wconf 86' lang='lat' dir='ltr'><strong>editi</strong></span> <span class='ocrx_word' id='word_1_635' title='bbox 539 4923 816 4980; x_wconf 88' lang='lat' dir='ltr'><strong>omittunt.</strong></span> <span class='ocrx_word' id='word_1_636' title='bbox 851 4924 1055 4979; x_wconf 89' lang='lat' dir='ltr'><strong>Locum</strong></span> <span class='ocrx_word' id='word_1_637' title='bbox 1081 4934 1260 4980; x_wconf 85' lang='lat' dir='ltr'><strong>autem</strong></span> <span class='ocrx_word' id='word_1_638' title='bbox 1291 4939 1321 4978; x_wconf 90' lang='lat' dir='ltr'><strong>a</strong></span> <span class='ocrx_word' id='word_1_639' title='bbox 1352 4923 1409 4978; x_wconf 91' lang='lat' dir='ltr'><strong>S.</strong></span> <span class='ocrx_word' id='word_1_640' title='bbox 1440 4923 1602 4980; x_wconf 90' lang='lat' dir='ltr'><strong>Patre</strong></span> <span class='ocrx_word' id='word_1_641' title='bbox 1632 4923 1779 4980; x_wconf 83' lang='lat' dir='ltr'><strong>velut</strong></span> 
     </span>
    </p>
   </div>
   <div class='ocr_carea' id='block_1_90' title="bbox 206 4994 1772 5066">
    <p class='ocr_par' dir='ltr' id='par_1_90' title="bbox 206 4994 1772 5066">
     <span class='ocr_line' id='line_1_90' title="bbox 206 4994 1772 5066; baseline 0.002 -19"><span class='ocrx_word' id='word_1_642' title='bbox 206 5010 268 5066; x_wconf 76' lang='lat' dir='ltr'><strong>ex</strong></span> <span class='ocrx_word' id='word_1_643' title='bbox 309 4994 603 5066; x_wconf 78' lang='lat' dir='ltr'><strong>Evangelio</strong></span> <span class='ocrx_word' id='word_1_644' title='bbox 646 4994 737 5049; x_wconf 88' lang='lat' dir='ltr'><strong>hic</strong></span> <span class='ocrx_word' id='word_1_645' title='bbox 786 4994 1154 5066; x_wconf 82' lang='lat' dir='ltr'><strong>descriptum,</strong></span> <span class='ocrx_word' id='word_1_646' title='bbox 1209 4994 1402 5066; x_wconf 75' lang='lat' dir='ltr'><strong>recitat</strong></span> <span class='ocrx_word' id='word_1_647' title='bbox 1450 5011 1673 5066; x_wconf 12' lang='lat' dir='ltr'><strong>quoque,</strong></span> <span class='ocrx_word' id='word_1_648' title='bbox 1715 4995 1772 5050; x_wconf 93' lang='lat' dir='ltr'><strong>S.</strong></span> 
     </span>
    </p>
   </div>
   <div class='ocr_carea' id='block_1_91' title="bbox 211 5060 1777 5136">
    <p class='ocr_par' dir='ltr' id='par_1_91' title="bbox 211 5060 1777 5136">
     <span class='ocr_line' id='line_1_91' title="bbox 211 5060 1777 5136; baseline 0.001 -19"><span class='ocrx_word' id='word_1_649' title='bbox 211 5060 579 5136; x_wconf 49' lang='lat' dir='ltr'><strong>lrenaeusflib.</strong></span> <span class='ocrx_word' id='word_1_650' title='bbox 624 5081 685 5132; x_wconf 91' lang='grc' dir='ltr'><strong>ιι,</strong></span> <span class='ocrx_word' id='word_1_651' title='bbox 735 5081 855 5136; x_wconf 87' lang='lat' dir='ltr'><strong>cap.</strong></span> <span class='ocrx_word' id='word_1_652' title='bbox 896 5060 1010 5120; x_wconf 52' lang='grc' dir='ltr'><strong>δίε</strong></span> <span class='ocrx_word' id='word_1_653' title='bbox 1046 5064 1303 5120; x_wconf 81' lang='lat' dir='ltr'><strong>Similiter</strong></span> <span class='ocrx_word' id='word_1_654' title='bbox 1341 5060 1596 5120; x_wconf 65' lang='lat' dir='ltr'><strong>Dominus</strong></span> <span class='ocrx_word' id='word_1_655' title='bbox 1640 5065 1777 5136; x_wconf 70' lang='lat' dir='ltr'><strong>dixit</strong></span> 
     </span>
    </p>
   </div>
   <div class='ocr_carea' id='block_1_92' title="bbox 210 5133 1775 5205">
    <p class='ocr_par' dir='ltr' id='par_1_92' title="bbox 210 5133 1775 5205">
     <span class='ocr_line' id='line_1_92' title="bbox 210 5133 1775 5205; baseline 0.003 -20"><span class='ocrx_word' id='word_1_656' title='bbox 210 5133 420 5204; x_wconf 79' lang='lat' dir='ltr'><strong>ingratis</strong></span> <span class='ocrx_word' id='word_1_657' title='bbox 464 5136 521 5189; x_wconf 87' lang='lat' dir='ltr'><strong>in</strong></span> <span class='ocrx_word' id='word_1_658' title='bbox 548 5152 680 5191; x_wconf 61' lang='lat' dir='ltr'><strong>eum</strong></span> <span class='ocrx_word' id='word_1_659' title='bbox 719 5133 1062 5191; x_wconf 70' lang='lat' dir='ltr'><strong>existentibus</strong></span> <span class='ocrx_word' id='word_1_660' title='bbox 1092 5153 1111 5191; x_wconf 88' lang='lat'><strong><em>:</em></strong></span> <span class='ocrx_word' id='word_1_661' title='bbox 1142 5136 1203 5191; x_wconf 88' lang='lat' dir='ltr'><strong>Si</strong></span> <span class='ocrx_word' id='word_1_662' title='bbox 1249 5138 1303 5205; x_wconf 84' lang='lat' dir='ltr'><strong>in</strong></span> <span class='ocrx_word' id='word_1_663' title='bbox 1347 5136 1549 5205; x_wconf 85' lang='lat' dir='ltr'><strong>modico</strong></span> <span class='ocrx_word' id='word_1_664' title='bbox 1595 5135 1775 5205; x_wconf 76' lang='lat' dir='ltr'><strong>fideles</strong></span> 
     </span>
    </p>
   </div>
   <div class='ocr_carea' id='block_1_93' title="bbox 209 5204 1773 5277">
    <p class='ocr_par' dir='ltr' id='par_1_93' title="bbox 209 5204 1773 5277">
     <span class='ocr_line' id='line_1_93' title="bbox 209 5204 1773 5277; baseline 0.001 -18"><span class='ocrx_word' id='word_1_665' title='bbox 209 5219 321 5277; x_wconf 15' lang='lat' dir='ltr'><strong>gon,</strong></span> <span class='ocrx_word' id='word_1_666' title='bbox 334 5206 536 5275; x_wconf 78' lang='lat' dir='ltr'><strong>fuistis,</strong></span> <span class='ocrx_word' id='word_1_667' title='bbox 562 5206 700 5277; x_wconf 87' lang='lat' dir='ltr'><strong>quod</strong></span> <span class='ocrx_word' id='word_1_668' title='bbox 730 5223 973 5276; x_wconf 86' lang='lat' dir='ltr'><strong>magnum</strong></span> <span class='ocrx_word' id='word_1_669' title='bbox 1011 5216 1088 5260; x_wconf 86' lang='lat' dir='ltr'><strong>est</strong></span> <span class='ocrx_word' id='word_1_670' title='bbox 1122 5207 1238 5274; x_wconf 84' lang='lat' dir='ltr'><strong>quis</strong></span> <span class='ocrx_word' id='word_1_671' title='bbox 1268 5204 1417 5257; x_wconf 88' lang='lat' dir='ltr'><strong>dabit</strong></span> <span class='ocrx_word' id='word_1_672' title='bbox 1458 5206 1773 5277; x_wconf 10' lang='lat' dir='ltr'><strong>vobistUbi</strong></span> 
     </span>
    </p>
   </div>
   <div class='ocr_carea' id='block_1_94' title="bbox 210 5270 1774 5349">
    <p class='ocr_par' dir='ltr' id='par_1_94' title="bbox 210 5270 1774 5349">
     <span class='ocr_line' id='line_1_94' title="bbox 210 5270 1774 5349; baseline 0.003 -22"><span class='ocrx_word' id='word_1_673' title='bbox 210 5270 433 5349; x_wconf 76' lang='lat' dir='ltr'><strong>Grahius</strong></span> <span class='ocrx_word' id='word_1_674' title='bbox 453 5270 695 5349; x_wconf 69' lang='lat' dir='ltr'><strong>coniicit,</strong></span> <span class='ocrx_word' id='word_1_675' title='bbox 722 5270 837 5332; x_wconf 73' lang='lat' dir='ltr'><strong>haec</strong></span> <span class='ocrx_word' id='word_1_676' title='bbox 857 5293 919 5332; x_wconf 85' lang='lat' dir='ltr'><strong>ex</strong></span> <span class='ocrx_word' id='word_1_677' title='bbox 948 5270 1245 5349; x_wconf 65' lang='lat' dir='ltr'><strong>Evangelio</strong></span> <span class='ocrx_word' id='word_1_678' title='bbox 1275 5276 1573 5331; x_wconf 87' lang='lat' dir='ltr'><strong>secundum</strong></span> <span class='ocrx_word' id='word_1_679' title='bbox 1605 5276 1774 5349; x_wconf 65' lang='lat' dir='ltr'><strong>Egy-</strong></span> 
     </span>
    </p>
   </div>
   <div class='ocr_carea' id='block_1_95' title="bbox 210 5346 1102 5434">
    <p class='ocr_par' dir='ltr' id='par_1_95' title="bbox 210 5346 1102 5434">
     <span class='ocr_line' id='line_1_95' title="bbox 210 5346 1102 5434; baseline 0.001 -33"><span class='ocrx_word' id='word_1_680' title='bbox 210 5346 536 5434; x_wconf 48' lang='lat' dir='ltr'><strong>ptilqsnl‘uisse</strong></span> <span class='ocrx_word' id='word_1_681' title='bbox 566 5348 912 5434; x_wconf 57' lang='lat' dir='ltr'><strong>deprompta;r</strong></span> <span class='ocrx_word' id='word_1_682' title='bbox 936 5347 1102 5434; x_wconf 44' lang='lat' dir='ltr'><strong>Cum.</strong></span> 
     </span>
    </p>
   </div>
   <div class='ocr_carea' id='block_1_96' title="bbox 294 5415 1674 5488">
    <p class='ocr_par' dir='ltr' id='par_1_96' title="bbox 294 5415 1674 5488">
     <span class='ocr_line' id='line_1_96' title="bbox 294 5415 1674 5488; baseline 0.001 -18"><span class='ocrx_word' id='word_1_683' title='bbox 294 5415 381 5488; x_wconf 85' lang='grc'><strong>59)</strong></span> <span class='ocrx_word' id='word_1_684' title='bbox 415 5415 857 5488; x_wconf 58' lang='grc' dir='ltr'>ξΑπολάϐωμεόθ.</span> <span class='ocrx_word' id='word_1_685' title='bbox 889 5416 1018 5487; x_wconf 79' lang='lat' dir='ltr'><strong>Leg.</strong></span> <span class='ocrx_word' id='word_1_686' title='bbox 1048 5419 1208 5481; x_wconf 84' lang='lat' dir='ltr'><strong>forte,</strong></span> <span class='ocrx_word' id='word_1_687' title='bbox 1237 5415 1564 5488; x_wconf 65' lang='grc' dir='ltr'>ἀπολάϐητε.</span> <span class='ocrx_word' id='word_1_688' title='bbox 1598 5417 1674 5472; x_wconf 84' lang='lat' dir='ltr'><strong>lo.</strong></span> 
     </span>
    </p>
   </div>
   <div class='ocr_carea' id='block_1_97' title="bbox 294 5485 1769 5558">
    <p class='ocr_par' dir='ltr' id='par_1_97' title="bbox 294 5485 1769 5558">
     <span class='ocr_line' id='line_1_97' title="bbox 294 5485 1769 5558; baseline 0.003 -19"><span class='ocrx_word' id='word_1_689' title='bbox 294 5485 381 5558; x_wconf 66' lang='grc' dir='ltr'><strong>ιβ)</strong></span> <span class='ocrx_word' id='word_1_690' title='bbox 413 5485 494 5540; x_wconf 89' lang='lat' dir='ltr'><strong>lta</strong></span> <span class='ocrx_word' id='word_1_691' title='bbox 528 5485 767 5558; x_wconf 86' lang='lat' dir='ltr'><strong>lgnatius</strong></span> <span class='ocrx_word' id='word_1_692' title='bbox 798 5489 854 5542; x_wconf 92' lang='lat' dir='ltr'><strong>in</strong></span> <span class='ocrx_word' id='word_1_693' title='bbox 895 5485 1124 5557; x_wconf 80' lang='lat' dir='ltr'><strong>epistola</strong></span> <span class='ocrx_word' id='word_1_694' title='bbox 1161 5488 1229 5541; x_wconf 89' lang='lat' dir='ltr'><strong>ad</strong></span> <span class='ocrx_word' id='word_1_695' title='bbox 1262 5485 1684 5558; x_wconf 80' lang='lat' dir='ltr'><strong>Philadelphios,</strong></span> <span class='ocrx_word' id='word_1_696' title='bbox 1712 5501 1769 5543; x_wconf 85' lang='grc' dir='ltr'><strong>ιι.</strong></span> 
     </span>
    </p>
   </div>
   <div class='ocr_carea' id='block_1_98' title="bbox 210 5554 1771 5683">
    <p class='ocr_par' dir='ltr' id='par_1_98' title="bbox 210 5554 1771 5683">
     <span class='ocr_line' id='line_1_98' title="bbox 210 5554 1771 5683; baseline 0.001 -73"><span class='ocrx_word' id='word_1_697' title='bbox 210 5554 778 5683; x_wconf 55' lang='grc' dir='ltr'>ϐιὲηεηιξίιιιιιιὶι,</span> <span class='ocrx_word' id='word_1_698' title='bbox 821 5554 1047 5613; x_wconf 75' lang='lat' dir='ltr'><strong>vestram</strong></span> <span class='ocrx_word' id='word_1_699' title='bbox 1073 5568 1132 5613; x_wconf 88' lang='lat' dir='ltr'><strong>ut</strong></span> <span class='ocrx_word' id='word_1_700' title='bbox 1174 5558 1273 5612; x_wconf 88' lang='lat' dir='ltr'><strong>Dei</strong></span> <span class='ocrx_word' id='word_1_701' title='bbox 1314 5554 1562 5625; x_wconf 83' lang='lat' dir='ltr'><strong>templum</strong></span> <span class='ocrx_word' id='word_1_702' title='bbox 1594 5568 1771 5612; x_wconf 84' lang='lat' dir='ltr'><strong>custo-</strong></span> 
     </span>
     <span class='ocr_line' id='line_1_99' title="bbox 242 5642 565 5683; baseline 0.019 -6"><span class='ocrx_word' id='word_1_703' title='bbox 242 5642 257 5677; x_wconf 90' lang='lat' dir='ltr'><strong>t</strong></span> <span class='ocrx_word' id='word_1_704' title='bbox 310 5668 322 5679; x_wconf 92' lang='lat'><strong>.</strong></span> <span class='ocrx_word' id='word_1_705' title='bbox 408 5643 565 5683; x_wconf 79' lang='lat' dir='ltr'><strong>ousr.</strong></span> 
     </span>
    </p>
   </div>
   <div class='ocr_carea' id='block_1_99' title="bbox 242 5634 565 5684">
    <p class='ocr_par' dir='ltr' id='par_1_99' title="bbox 242 5634 565 5684">
     <span class='ocr_line' id='line_1_100' title="bbox 242 5634 565 5684; baseline 0.022 -7"><span class='ocrx_word' id='word_1_706' title='bbox 242 5634 322 5679; x_wconf 77' lang='lat' dir='ltr'><strong>ite.</strong></span> <span class='ocrx_word' id='word_1_707' title='bbox 363 5634 565 5684; x_wconf 77' lang='lat' dir='ltr'><strong>Cousr.</strong></span> 
     </span>
    </p>
   </div>
   <div class='ocr_carea' id='block_1_100' title="bbox 274 5694 1764 5778">
    <p class='ocr_par' dir='ltr' id='par_1_100' title="bbox 274 5694 1764 5778">
     <span class='ocr_line' id='line_1_101' title="bbox 274 5694 1764 5778; baseline 0.001 -28"><span class='ocrx_word' id='word_1_708' title='bbox 545 5698 945 5778; x_wconf 66' lang='lat' dir='ltr'><strong>Xpto&#39;z_&#39;d¢;..._1</strong></span> <span class='ocrx_word' id='word_1_709' title='bbox 1080 5695 1764 5778; x_wconf 45' lang='grc' dir='ltr'>ἔρῶςοηπνεῆμαι-ξυιι.</span> 
     </span>
    </p>
   </div>
   <div class='ocr_carea' id='block_1_101' title="bbox 214 5766 1763 5839">
    <p class='ocr_par' dir='ltr' id='par_1_101' title="bbox 214 5766 1763 5839">
     <span class='ocr_line' id='line_1_102' title="bbox 214 5766 1763 5839; baseline 0.001 -21"><span class='ocrx_word' id='word_1_710' title='bbox 214 5774 261 5818; x_wconf 88' lang='lat' dir='ltr'><strong>ct</strong></span> <span class='ocrx_word' id='word_1_711' title='bbox 297 5766 452 5833; x_wconf 87' lang='lat' dir='ltr'><strong>editi,</strong></span> <span class='ocrx_word' id='word_1_712' title='bbox 486 5778 673 5837; x_wconf 60' lang='lat' dir='ltr'><strong>praeter</strong></span> <span class='ocrx_word' id='word_1_713' title='bbox 711 5769 941 5839; x_wconf 75' lang='lat' dir='ltr'><strong>Londin.</strong></span> <span class='ocrx_word' id='word_1_714' title='bbox 981 5769 1039 5821; x_wconf 81' lang='grc' dir='ltr'>ὐ</span> <span class='ocrx_word' id='word_1_715' title='bbox 1080 5766 1283 5839; x_wconf 79' lang='grc' dir='ltr'>Ἰησοῦς</span> <span class='ocrx_word' id='word_1_716' title='bbox 1313 5766 1763 5839; x_wconf 46' lang='grc' dir='ltr'>Χριστόςεᾶνυιι.</span> 
     </span>
    </p>
   </div>
   <div class='ocr_carea' id='block_1_102' title="bbox 215 5835 1765 5913">
    <p class='ocr_par' dir='ltr' id='par_1_102' title="bbox 215 5835 1765 5913">
     <span class='ocr_line' id='line_1_103' title="bbox 215 5835 1765 5913; baseline 0.003 -23"><span class='ocrx_word' id='word_1_717' title='bbox 215 5850 274 5890; x_wconf 78' lang='lat' dir='ltr'><strong>ex</strong></span> <span class='ocrx_word' id='word_1_718' title='bbox 301 5852 402 5899; x_wconf 79' lang='lat' dir='ltr'><strong>ms.</strong></span> <span class='ocrx_word' id='word_1_719' title='bbox 440 5835 672 5897; x_wconf 76' lang='lat' dir='ltr'><strong>restituit</strong></span> <span class='ocrx_word' id='word_1_720' title='bbox 705 5835 816 5906; x_wconf 78' lang='grc' dir='ltr'>Εἷς.</span> <span class='ocrx_word' id='word_1_721' title='bbox 846 5839 1073 5913; x_wconf 82' lang='lat' dir='ltr'><strong>Jamque</strong></span> <span class='ocrx_word' id='word_1_722' title='bbox 1104 5835 1246 5896; x_wconf 88' lang='lat' dir='ltr'><strong>idem</strong></span> <span class='ocrx_word' id='word_1_723' title='bbox 1271 5835 1481 5896; x_wconf 80' lang='lat' dir='ltr'><strong>viderat</strong></span> <span class='ocrx_word' id='word_1_724' title='bbox 1516 5837 1645 5895; x_wconf 86' lang='lat' dir='ltr'><strong>Mill.</strong></span> <span class='ocrx_word' id='word_1_725' title='bbox 1672 5838 1765 5909; x_wconf 87' lang='lat' dir='ltr'><strong>qui</strong></span> 
     </span>
    </p>
   </div>
   <div class='ocr_carea' id='block_1_103' title="bbox 1889 3722 3471 3798">
    <p class='ocr_par' dir='ltr' id='par_1_103' title="bbox 1889 3722 3471 3798">
     <span class='ocr_line' id='line_1_104' title="bbox 1889 3722 3471 3798; baseline -0.001 -19"><span class='ocrx_word' id='word_1_726' title='bbox 1889 3734 2072 3780; x_wconf 90' lang='lat' dir='ltr'><strong>tamen</strong></span> <span class='ocrx_word' id='word_1_727' title='bbox 2111 3724 2339 3798; x_wconf 60' lang='lat' dir='ltr'><strong>putabat</strong></span> <span class='ocrx_word' id='word_1_728' title='bbox 2389 3722 2675 3798; x_wconf 85' lang='lat' dir='ltr'><strong>legendum</strong></span> <span class='ocrx_word' id='word_1_729' title='bbox 2726 3726 2830 3798; x_wconf 81' lang='grc' dir='ltr'>Ὡς.</span> <span class='ocrx_word' id='word_1_730' title='bbox 2862 3722 3049 3798; x_wconf 81' lang='lat' dir='ltr'><strong>Lectio</strong></span> <span class='ocrx_word' id='word_1_731' title='bbox 3082 3723 3317 3798; x_wconf 62' lang='lat' dir='ltr'><strong>blilIiana</strong></span> <span class='ocrx_word' id='word_1_732' title='bbox 3344 3743 3471 3798; x_wconf 76' lang='lat' dir='ltr'><strong>pro-</strong></span> 
     </span>
    </p>
   </div>
   <div class='ocr_carea' id='block_1_104' title="bbox 1883 3794 3468 3865">
    <p class='ocr_par' dir='ltr' id='par_1_104' title="bbox 1883 3794 3468 3865">
     <span class='ocr_line' id='line_1_105' title="bbox 1883 3794 3468 3865; baseline -0.002 -13"><span class='ocrx_word' id='word_1_733' title='bbox 1883 3798 2048 3852; x_wconf 89' lang='lat' dir='ltr'><strong>batur</strong></span> <span class='ocrx_word' id='word_1_734' title='bbox 2089 3794 2251 3865; x_wconf 75' lang='lat' dir='ltr'><strong>etiam</strong></span> <span class='ocrx_word' id='word_1_735' title='bbox 2306 3794 2553 3861; x_wconf 73' lang='lat' dir='ltr'><strong>DaviSio;</strong></span> <span class='ocrx_word' id='word_1_736' title='bbox 2586 3810 2761 3865; x_wconf 25' lang='lat' dir='ltr'><strong>nam,‘</strong></span> <span class='ocrx_word' id='word_1_737' title='bbox 2778 3794 2975 3865; x_wconf 90' lang='lat' dir='ltr'><strong>inquit,</strong></span> <span class='ocrx_word' id='word_1_738' title='bbox 3005 3794 3063 3845; x_wconf 86' lang='grc' dir='ltr'><strong>ἐν</strong></span> <span class='ocrx_word' id='word_1_739' title='bbox 3090 3794 3468 3854; x_wconf 70' lang='grc' dir='ltr'>ἀποδόσείεθ-</span> 
     </span>
    </p>
   </div>
   <div class='ocr_carea' id='block_1_105' title="bbox 1923 3863 3461 3951">
    <p class='ocr_par' dir='ltr' id='par_1_105' title="bbox 1923 3863 3461 3951">
     <span class='ocr_line' id='line_1_106' title="bbox 1923 3863 3461 3951; baseline 0.001 -30"><span class='ocrx_word' id='word_1_740' title='bbox 1923 3867 2115 3951; x_wconf 54' lang='lat' dir='ltr'><strong>uitur&#39;:</strong></span> <span class='ocrx_word' id='word_1_741' title='bbox 2149 3864 2337 3951; x_wconf 57' lang='grc' dir='ltr'>ρρτῳς</span> <span class='ocrx_word' id='word_1_742' title='bbox 2382 3867 2476 3951; x_wconf 67' lang='grc' dir='ltr'><strong>καὶ</strong></span> <span class='ocrx_word' id='word_1_743' title='bbox 2526 3867 2704 3951; x_wconf 55' lang='grc' dir='ltr'><strong>⁴ἡμεῖς.</strong></span> <span class='ocrx_word' id='word_1_744' title='bbox 2737 3863 2875 3948; x_wconf 63' lang='lat' dir='ltr'><strong>Dum</strong></span> <span class='ocrx_word' id='word_1_745' title='bbox 2930 3870 3111 3944; x_wconf 72' lang='lat' dir='ltr'><strong>autem</strong></span> <span class='ocrx_word' id='word_1_746' title='bbox 3160 3867 3352 3923; x_wconf 87' lang='lat' dir='ltr'><strong>scribit</strong></span> 
     </span>
    </p>
   </div>
   <div class='ocr_carea' id='block_1_106' title="bbox 1927 3934 3469 4007">
    <p class='ocr_par' dir='ltr' id='par_1_106' title="bbox 1927 3934 3469 4007">
     <span class='ocr_line' id='line_1_107' title="bbox 1927 3934 3469 4007; baseline -0.006 -16"><span class='ocrx_word' id='word_1_747' title='bbox 1927 3944 2043 3993; x_wconf 91' lang='lat' dir='ltr'><strong>ater</strong></span> <span class='ocrx_word' id='word_1_748' title='bbox 2057 3936 2126 3992; x_wconf 91' lang='lat' dir='ltr'><strong>de</strong></span> <span class='ocrx_word' id='word_1_749' title='bbox 2146 3935 2390 3998; x_wconf 88' lang='lat' dir='ltr'><strong>Christo,</strong></span> <span class='ocrx_word' id='word_1_750' title='bbox 2414 3936 2488 3989; x_wconf 84' lang='grc' dir='ltr'>ὢν</span> <span class='ocrx_word' id='word_1_751' title='bbox 2636 3935 2703 4007; x_wconf 73' lang='lat' dir='ltr'><strong>17b</strong></span> <span class='ocrx_word' id='word_1_752' title='bbox 2716 3935 2930 4007; x_wconf 78' lang='grc' dir='ltr'>πρῶτον</span> <span class='ocrx_word' id='word_1_753' title='bbox 2952 3934 3189 4006; x_wconf 76' lang='grc' dir='ltr'>πνεῦμα,</span> <span class='ocrx_word' id='word_1_754' title='bbox 3212 3953 3330 4007; x_wconf 71' lang='lat' dir='ltr'><strong>cum</strong></span> <span class='ocrx_word' id='word_1_755' title='bbox 3358 3941 3469 4007; x_wconf 71' lang='lat' dir='ltr'><strong>pri-</strong></span> 
     </span>
    </p>
   </div>
   <div class='ocr_carea' id='block_1_107' title="bbox 1883 4005 3471 4075">
    <p class='ocr_par' dir='ltr' id='par_1_107' title="bbox 1883 4005 3471 4075">
     <span class='ocr_line' id='line_1_108' title="bbox 1883 4005 3471 4075; baseline 0.004 -16"><span class='ocrx_word' id='word_1_756' title='bbox 1883 4023 2026 4060; x_wconf 90' lang='lat' dir='ltr'><strong>mum</strong></span> <span class='ocrx_word' id='word_1_757' title='bbox 2064 4016 2198 4061; x_wconf 88' lang='lat' dir='ltr'><strong>esset</strong></span> <span class='ocrx_word' id='word_1_758' title='bbox 2246 4007 2489 4075; x_wconf 86' lang='lat' dir='ltr'><strong>spiritus,</strong></span> <span class='ocrx_word' id='word_1_759' title='bbox 2514 4005 2637 4075; x_wconf 83' lang='lat' dir='ltr'><strong>ejus</strong></span> <span class='ocrx_word' id='word_1_760' title='bbox 2674 4005 3013 4060; x_wconf 86' lang='lat' dir='ltr'><strong>divinitatem</strong></span> <span class='ocrx_word' id='word_1_761' title='bbox 3063 4005 3471 4065; x_wconf 14' lang='lat' dir='ltr'><strong>nianifesteia‘s-</strong></span> 
     </span>
    </p>
   </div>
   <div class='ocr_carea' id='block_1_108' title="bbox 1880 4075 3465 4146">
    <p class='ocr_par' dir='ltr' id='par_1_108' title="bbox 1880 4075 3465 4146">
     <span class='ocr_line' id='line_1_109' title="bbox 1880 4075 3465 4146; baseline 0.002 -15"><span class='ocrx_word' id='word_1_762' title='bbox 1880 4077 2034 4143; x_wconf 80' lang='lat' dir='ltr'><strong>truit,</strong></span> <span class='ocrx_word' id='word_1_763' title='bbox 2067 4084 2127 4130; x_wconf 92' lang='lat' dir='ltr'><strong>ut</strong></span> <span class='ocrx_word' id='word_1_764' title='bbox 2164 4085 2309 4131; x_wconf 89' lang='lat' dir='ltr'><strong>recte</strong></span> <span class='ocrx_word' id='word_1_765' title='bbox 2348 4077 2579 4131; x_wconf 87' lang='lat' dir='ltr'><strong>advertit</strong></span> <span class='ocrx_word' id='word_1_766' title='bbox 2604 4075 2839 4131; x_wconf 79' lang='lat' dir='ltr'><strong>Ruchat.</strong></span> <span class='ocrx_word' id='word_1_767' title='bbox 2874 4075 2965 4129; x_wconf 81' lang='lat' dir='ltr'><strong>Sic</strong></span> <span class='ocrx_word' id='word_1_768' title='bbox 2993 4082 3047 4131; x_wconf 91' lang='lat' dir='ltr'><strong>et</strong></span> <span class='ocrx_word' id='word_1_769' title='bbox 3080 4076 3101 4130; x_wconf 89' lang='grc' dir='ltr'>Ι</span> <span class='ocrx_word' id='word_1_770' title='bbox 3128 4075 3273 4136; x_wconf 89' lang='lat' dir='ltr'><strong>Petr.</strong></span> <span class='ocrx_word' id='word_1_771' title='bbox 3306 4094 3344 4146; x_wconf 92' lang='grc' dir='ltr'><strong>ι,</strong></span> <span class='ocrx_word' id='word_1_772' title='bbox 3376 4080 3465 4143; x_wconf 81' lang='grc' dir='ltr'><strong>Η,</strong></span> 
     </span>
    </p>
   </div>
   <div class='ocr_carea' id='block_1_109' title="bbox 1881 4146 3469 4218">
    <p class='ocr_par' dir='ltr' id='par_1_109' title="bbox 1881 4146 3469 4218">
     <span class='ocr_line' id='line_1_110' title="bbox 1881 4146 3469 4218; baseline 0 -15"><span class='ocrx_word' id='word_1_773' title='bbox 1881 4148 1950 4218; x_wconf 88' lang='lat' dir='ltr'><strong>de</strong></span> <span class='ocrx_word' id='word_1_774' title='bbox 1980 4147 2221 4218; x_wconf 88' lang='lat' dir='ltr'><strong>antiquis</strong></span> <span class='ocrx_word' id='word_1_775' title='bbox 2247 4146 2526 4218; x_wconf 89' lang='lat' dir='ltr'><strong>prophetis</strong></span> <span class='ocrx_word' id='word_1_776' title='bbox 2571 4146 2775 4218; x_wconf 90' lang='lat' dir='ltr'><strong>dicitur</strong></span> <span class='ocrx_word' id='word_1_777' title='bbox 2802 4164 2827 4218; x_wconf 12' lang='grc' dir='ltr'><strong>γε</strong></span> <span class='ocrx_word' id='word_1_778' title='bbox 2854 4146 3211 4218; x_wconf 69' lang='grc' dir='ltr'>Ἐρευνίῥντες</span> <span class='ocrx_word' id='word_1_779' title='bbox 3240 4151 3320 4213; x_wconf 76' lang='grc' dir='ltr'>εἰς</span> <span class='ocrx_word' id='word_1_780' title='bbox 3344 4150 3469 4203; x_wconf 80' lang='grc' dir='ltr'>τίνα</span> 
     </span>
    </p>
   </div>
   <div class='ocr_carea' id='block_1_110' title="bbox 1946 4215 3464 4290">
    <p class='ocr_par' dir='ltr' id='par_1_110' title="bbox 1946 4215 3464 4290">
     <span class='ocr_line' id='line_1_111' title="bbox 1946 4215 3464 4290; baseline 0.003 -20"><span class='ocrx_word' id='word_1_781' title='bbox 1946 4220 2096 4290; x_wconf 86' lang='grc' dir='ltr'>ποῖον</span> <span class='ocrx_word' id='word_1_782' title='bbox 2113 4215 2316 4290; x_wconf 65' lang='grc' dir='ltr'>’καιρὸν</span> <span class='ocrx_word' id='word_1_783' title='bbox 2347 4215 2534 4290; x_wconf 87' lang='grc' dir='ltr'>ἐδήλου</span> <span class='ocrx_word' id='word_1_784' title='bbox 2562 4217 2708 4290; x_wconf 44' lang='grc' dir='ltr'><strong>τξέν</strong></span> <span class='ocrx_word' id='word_1_785' title='bbox 2750 4215 2935 4290; x_wconf 59' lang='grc' dir='ltr'>αὐτοῖς</span> <span class='ocrx_word' id='word_1_786' title='bbox 2961 4215 3188 4290; x_wconf 75' lang='grc' dir='ltr'>πνεῦμα</span> <span class='ocrx_word' id='word_1_787' title='bbox 3205 4220 3464 4290; x_wconf 75' lang='grc' dir='ltr'>Χριστοῦ.</span> 
     </span>
    </p>
   </div>
   <div class='ocr_carea' id='block_1_111' title="bbox 1929 4286 3469 4359">
    <p class='ocr_par' dir='ltr' id='par_1_111' title="bbox 1929 4286 3469 4359">
     <span class='ocr_line' id='line_1_112' title="bbox 1929 4286 3469 4359; baseline -0.001 -15"><span class='ocrx_word' id='word_1_788' title='bbox 1929 4288 2197 4359; x_wconf 88' lang='lat' dir='ltr'><strong>odemque</strong></span> <span class='ocrx_word' id='word_1_789' title='bbox 2225 4286 2386 4358; x_wconf 84' lang='lat' dir='ltr'><strong>plane</strong></span> <span class='ocrx_word' id='word_1_790' title='bbox 2414 4286 2576 4344; x_wconf 85' lang='lat' dir='ltr'><strong>sensu</strong></span> <span class='ocrx_word' id='word_1_791' title='bbox 2606 4286 3234 4359; x_wconf 22' lang='lat' dir='ltr'><strong>TheOphilusgAnti&#39;ogh.</strong></span> <span class='ocrx_word' id='word_1_792' title='bbox 3257 4286 3336 4342; x_wconf 59' lang='lat' dir='ltr'><strong>&#39;ad</strong></span> <span class='ocrx_word' id='word_1_793' title='bbox 3362 4291 3469 4343; x_wconf 86' lang='lat' dir='ltr'><strong>Au-</strong></span> 
     </span>
    </p>
   </div>
   <div class='ocr_carea' id='block_1_112' title="bbox 1886 4352 3463 4431">
    <p class='ocr_par' dir='ltr' id='par_1_112' title="bbox 1886 4352 3463 4431">
     <span class='ocr_line' id='line_1_113' title="bbox 1886 4352 3463 4431; baseline 0.004 -19"><span class='ocrx_word' id='word_1_794' title='bbox 1886 4360 2077 4431; x_wconf 76' lang='lat' dir='ltr'><strong>tolyc.,</strong></span> <span class='ocrx_word' id='word_1_795' title='bbox 2107 4352 2205 4413; x_wconf 79' lang='lat' dir='ltr'><strong>lib.</strong></span> <span class='ocrx_word' id='word_1_796' title='bbox 2225 4352 2294 4431; x_wconf 65' lang='grc' dir='ltr'><strong>Ῑι,</strong></span> <span class='ocrx_word' id='word_1_797' title='bbox 2326 4372 2447 4431; x_wconf 88' lang='lat' dir='ltr'><strong>cap.</strong></span> <span class='ocrx_word' id='word_1_798' title='bbox 2481 4352 2792 4431; x_wconf 47' lang='lat' dir='ltr'><strong>“cpiti-0&#39;;</strong></span> <span class='ocrx_word' id='word_1_799' title='bbox 2818 4352 2917 4431; x_wconf 68' lang='grc' dir='ltr'>οὖν</span> <span class='ocrx_word' id='word_1_800' title='bbox 2937 4356 3015 4431; x_wconf 69' lang='grc' dir='ltr'><strong>ᾣν</strong></span> <span class='ocrx_word' id='word_1_801' title='bbox 3040 4356 3261 4431; x_wconf 81' lang='grc' dir='ltr'>πνεῦμα</span> <span class='ocrx_word' id='word_1_802' title='bbox 3303 4360 3463 4427; x_wconf 67' lang='lat'><strong>6563,</strong></span> 
     </span>
    </p>
   </div>
   <div class='ocr_carea' id='block_1_113' title="bbox 1880 4427 3467 4504">
    <p class='ocr_par' dir='ltr' id='par_1_113' title="bbox 1880 4427 3467 4504">
     <span class='ocr_line' id='line_1_114' title="bbox 1880 4427 3467 4504; baseline 0 0"><span class='ocrx_word' id='word_1_803' title='bbox 1880 4427 1983 4504; x_wconf 63' lang='grc' dir='ltr'><strong>καῖ</strong></span> <span class='ocrx_word' id='word_1_804' title='bbox 2000 4430 2144 4504; x_wconf 77' lang='grc' dir='ltr'><strong>ἀρχὴ</strong></span> <span class='ocrx_word' id='word_1_805' title='bbox 2165 4429 2259 4482; x_wconf 69' lang='grc' dir='ltr'>καὶ</span> <span class='ocrx_word' id='word_1_806' title='bbox 2287 4427 2449 4504; x_wconf 60' lang='lat' dir='ltr'><strong>mla</strong></span> <span class='ocrx_word' id='word_1_807' title='bbox 2478 4430 2572 4504; x_wconf 48' lang='lat' dir='ltr'><strong>se?</strong></span> <span class='ocrx_word' id='word_1_808' title='bbox 2601 4429 2831 4504; x_wconf 57' lang='grc' dir='ltr'><strong>δέγαμις</strong></span> <span class='ocrx_word' id='word_1_809' title='bbox 2856 4427 3132 4504; x_wconf 60' lang='grc' dir='ltr'><strong>Ὑψίστου,</strong></span> <span class='ocrx_word' id='word_1_810' title='bbox 3151 4427 3467 4504; x_wconf 25' lang='grc' dir='ltr'>Αδέριτήρχετο</span> 
     </span>
    </p>
   </div>
   <div class='ocr_carea' id='block_1_114' title="bbox 1880 4499 3462 4571">
    <p class='ocr_par' dir='ltr' id='par_1_114' title="bbox 1880 4499 3462 4571">
     <span class='ocr_line' id='line_1_115' title="bbox 1880 4499 3462 4571; baseline 0.004 -19"><span class='ocrx_word' id='word_1_811' title='bbox 1880 4502 1960 4563; x_wconf 73' lang='grc' dir='ltr'>εἰς</span> <span class='ocrx_word' id='word_1_812' title='bbox 1983 4499 2109 4563; x_wconf 72' lang='grc' dir='ltr'>τοὺς</span> <span class='ocrx_word' id='word_1_813' title='bbox 2134 4499 2452 4571; x_wconf 63' lang='grc' dir='ltr'>’προφήταςο</span> <span class='ocrx_word' id='word_1_814' title='bbox 2490 4499 2594 4553; x_wconf 81' lang='lat' dir='ltr'><strong>Hic</strong></span> <span class='ocrx_word' id='word_1_815' title='bbox 2621 4499 2785 4571; x_wconf 77' lang='lat' dir='ltr'><strong>igitur</strong></span> <span class='ocrx_word' id='word_1_816' title='bbox 2811 4499 3040 4553; x_wconf 75' lang='lat' dir='ltr'><strong>existens</strong></span> <span class='ocrx_word' id='word_1_817' title='bbox 3080 4499 3318 4567; x_wconf 58' lang='lat' dir='ltr'><strong>spiritus&quot;</strong></span> <span class='ocrx_word' id='word_1_818' title='bbox 3341 4499 3462 4567; x_wconf 79' lang='lat' dir='ltr'><strong>Dei.</strong></span> 
     </span>
    </p>
   </div>
   <div class='ocr_carea' id='block_1_115' title="bbox 1878 4570 3467 4640">
    <p class='ocr_par' dir='ltr' id='par_1_115' title="bbox 1878 4570 3467 4640">
     <span class='ocr_line' id='line_1_116' title="bbox 1878 4570 3467 4640; baseline 0.003 -16"><span class='ocrx_word' id='word_1_819' title='bbox 1878 4570 2203 4640; x_wconf 83' lang='lat' dir='ltr'><strong>principium</strong></span> <span class='ocrx_word' id='word_1_820' title='bbox 2231 4580 2279 4623; x_wconf 88' lang='lat' dir='ltr'><strong>et</strong></span> <span class='ocrx_word' id='word_1_821' title='bbox 2324 4570 2607 4638; x_wconf 83' lang='lat' dir='ltr'><strong>sapientia,</strong></span> <span class='ocrx_word' id='word_1_822' title='bbox 2666 4570 3031 4640; x_wconf 80' lang='lat' dir='ltr'><strong>Altissimique</strong></span> <span class='ocrx_word' id='word_1_823' title='bbox 3066 4573 3319 4640; x_wconf 82' lang='lat' dir='ltr'><strong>potentia,</strong></span> <span class='ocrx_word' id='word_1_824' title='bbox 3371 4576 3467 4629; x_wconf 85' lang='lat' dir='ltr'><strong>de-</strong></span> 
     </span>
    </p>
   </div>
   <div class='ocr_carea' id='block_1_116' title="bbox 1881 4639 3457 4710">
    <p class='ocr_par' dir='ltr' id='par_1_116' title="bbox 1881 4639 3457 4710">
     <span class='ocr_line' id='line_1_117' title="bbox 1881 4639 3457 4710; baseline 0.003 -15"><span class='ocrx_word' id='word_1_825' title='bbox 1881 4639 2079 4695; x_wconf 84' lang='lat' dir='ltr'><strong>scendit</strong></span> <span class='ocrx_word' id='word_1_826' title='bbox 2107 4642 2161 4694; x_wconf 88' lang='lat' dir='ltr'><strong>in</strong></span> <span class='ocrx_word' id='word_1_827' title='bbox 2178 4640 2474 4710; x_wconf 84' lang='lat' dir='ltr'><strong>prophetas.</strong></span> <span class='ocrx_word' id='word_1_828' title='bbox 2494 4639 2968 4702; x_wconf 75' lang='lat' dir='ltr'><strong>GALL.-——Hocest,</strong></span> <span class='ocrx_word' id='word_1_829' title='bbox 2988 4639 3110 4696; x_wconf 89' lang='lat' dir='ltr'><strong>cum</strong></span> <span class='ocrx_word' id='word_1_830' title='bbox 3128 4649 3272 4697; x_wconf 91' lang='lat' dir='ltr'><strong>esset</strong></span> <span class='ocrx_word' id='word_1_831' title='bbox 3292 4642 3457 4700; x_wconf 86' lang='lat' dir='ltr'><strong>Deus.</strong></span> 
     </span>
    </p>
   </div>
   <div class='ocr_carea' id='block_1_117' title="bbox 1881 4710 3461 4782">
    <p class='ocr_par' dir='ltr' id='par_1_117' title="bbox 1881 4710 3461 4782">
     <span class='ocr_line' id='line_1_118' title="bbox 1881 4710 3461 4782; baseline 0.002 -16"><span class='ocrx_word' id='word_1_832' title='bbox 1881 4710 2111 4780; x_wconf 84' lang='lat' dir='ltr'><strong>Spiritus</strong></span> <span class='ocrx_word' id='word_1_833' title='bbox 2142 4710 2286 4766; x_wconf 92' lang='lat' dir='ltr'><strong>enim</strong></span> <span class='ocrx_word' id='word_1_834' title='bbox 2316 4712 2637 4766; x_wconf 87' lang='lat' dir='ltr'><strong>vocabulum</strong></span> <span class='ocrx_word' id='word_1_835' title='bbox 2678 4726 2819 4780; x_wconf 67' lang='lat' dir='ltr'><strong>saepe</strong></span> <span class='ocrx_word' id='word_1_836' title='bbox 2859 4711 3001 4781; x_wconf 91' lang='lat' dir='ltr'><strong>apud</strong></span> <span class='ocrx_word' id='word_1_837' title='bbox 3033 4711 3287 4782; x_wconf 87' lang='lat' dir='ltr'><strong>antiquos</strong></span> <span class='ocrx_word' id='word_1_838' title='bbox 3314 4715 3461 4770; x_wconf 85' lang='lat' dir='ltr'><strong>divi-</strong></span> 
     </span>
    </p>
   </div>
   <div class='ocr_carea' id='block_1_118' title="bbox 1879 4782 3461 4852">
    <p class='ocr_par' dir='ltr' id='par_1_118' title="bbox 1879 4782 3461 4852">
     <span class='ocr_line' id='line_1_119' title="bbox 1879 4782 3461 4852; baseline 0.003 -17"><span class='ocrx_word' id='word_1_839' title='bbox 1879 4796 2007 4836; x_wconf 85' lang='lat' dir='ltr'><strong>nam</strong></span> <span class='ocrx_word' id='word_1_840' title='bbox 2036 4788 2289 4852; x_wconf 77' lang='lat' dir='ltr'><strong>naturam</strong></span> <span class='ocrx_word' id='word_1_841' title='bbox 2324 4796 2519 4852; x_wconf 81' lang='lat' dir='ltr'><strong>sonare</strong></span> <span class='ocrx_word' id='word_1_842' title='bbox 2550 4782 2865 4852; x_wconf 62' lang='lat' dir='ltr'><strong>praefatione</strong></span> <span class='ocrx_word' id='word_1_843' title='bbox 2894 4782 3129 4852; x_wconf 88' lang='lat' dir='ltr'><strong>generali</strong></span> <span class='ocrx_word' id='word_1_844' title='bbox 3179 4783 3235 4839; x_wconf 93' lang='lat' dir='ltr'><strong>in</strong></span> <span class='ocrx_word' id='word_1_845' title='bbox 3274 4787 3461 4839; x_wconf 87' lang='lat' dir='ltr'><strong>novis-</strong></span> 
     </span>
    </p>
   </div>
   <div class='ocr_carea' id='block_1_119' title="bbox 1880 4849 3460 4922">
    <p class='ocr_par' dir='ltr' id='par_1_119' title="bbox 1880 4849 3460 4922">
     <span class='ocr_line' id='line_1_120' title="bbox 1880 4849 3460 4922; baseline 0.001 -13"><span class='ocrx_word' id='word_1_846' title='bbox 1880 4852 2074 4922; x_wconf 86' lang='lat' dir='ltr'><strong>simam</strong></span> <span class='ocrx_word' id='word_1_847' title='bbox 2113 4849 2348 4922; x_wconf 89' lang='lat' dir='ltr'><strong>Operum</strong></span> <span class='ocrx_word' id='word_1_848' title='bbox 2381 4850 2438 4908; x_wconf 93' lang='lat' dir='ltr'><strong>S.</strong></span> <span class='ocrx_word' id='word_1_849' title='bbox 2469 4849 2661 4907; x_wconf 82' lang='lat' dir='ltr'><strong>Hilarii</strong></span> <span class='ocrx_word' id='word_1_850' title='bbox 2696 4849 2917 4907; x_wconf 46' lang='lat' dir='ltr'><strong>Pictavi</strong></span> <span class='ocrx_word' id='word_1_851' title='bbox 2953 4851 3272 4918; x_wconf 90' lang='lat' dir='ltr'><strong>editionem,</strong></span> <span class='ocrx_word' id='word_1_852' title='bbox 3302 4871 3358 4909; x_wconf 84' lang='grc' dir='ltr'><strong>ιι.</strong></span> <span class='ocrx_word' id='word_1_853' title='bbox 3389 4856 3460 4910; x_wconf 70' lang='lat'><strong>62</strong></span> 
     </span>
    </p>
   </div>
   <div class='ocr_carea' id='block_1_120' title="bbox 1878 4921 3460 4994">
    <p class='ocr_par' dir='ltr' id='par_1_120' title="bbox 1878 4921 3460 4994">
     <span class='ocr_line' id='line_1_121' title="bbox 1878 4921 3460 4994; baseline 0.002 -17"><span class='ocrx_word' id='word_1_854' title='bbox 1878 4934 1934 4978; x_wconf 90' lang='lat' dir='ltr'><strong>et</strong></span> <span class='ocrx_word' id='word_1_855' title='bbox 1960 4921 2330 4994; x_wconf 75' lang='lat' dir='ltr'><strong>65,_pldribus_</strong></span> <span class='ocrx_word' id='word_1_856' title='bbox 2366 4924 2633 4994; x_wconf 79' lang='lat' dir='ltr'><strong>exemplis</strong></span> <span class='ocrx_word' id='word_1_857' title='bbox 2670 4923 3103 4994; x_wconf 83' lang='lat' dir='ltr'><strong>demonstratum</strong></span> <span class='ocrx_word' id='word_1_858' title='bbox 3152 4932 3270 4994; x_wconf 84' lang='lat' dir='ltr'><strong>est;</strong></span> <span class='ocrx_word' id='word_1_859' title='bbox 3314 4926 3460 4981; x_wconf 94' lang='lat' dir='ltr'><strong>unde</strong></span> 
     </span>
    </p>
   </div>
   <div class='ocr_carea' id='block_1_121' title="bbox 1879 4992 3461 5063">
    <p class='ocr_par' dir='ltr' id='par_1_121' title="bbox 1879 4992 3461 5063">
     <span class='ocr_line' id='line_1_122' title="bbox 1879 4992 3461 5063; baseline 0.001 -15"><span class='ocrx_word' id='word_1_860' title='bbox 1879 4994 2011 5048; x_wconf 90' lang='lat' dir='ltr'><strong>illud</strong></span> <span class='ocrx_word' id='word_1_861' title='bbox 2042 4992 2354 5063; x_wconf 83' lang='lat' dir='ltr'><strong>Augustini,</strong></span> <span class='ocrx_word' id='word_1_862' title='bbox 2403 4992 2565 5062; x_wconf 79' lang='lat' dir='ltr'><strong>epist.</strong></span> <span class='ocrx_word' id='word_1_863' title='bbox 2616 4993 2747 5056; x_wconf 77' lang='lat' dir='ltr'><strong>MO,</strong></span> <span class='ocrx_word' id='word_1_864' title='bbox 2805 5009 2863 5048; x_wconf 93' lang='lat' dir='ltr'><strong>n.</strong></span> <span class='ocrx_word' id='word_1_865' title='bbox 2913 4992 3003 5055; x_wconf 82' lang='grc'><strong>11.</strong></span> <span class='ocrx_word' id='word_1_866' title='bbox 3050 4994 3116 5048; x_wconf 89' lang='lat' dir='ltr'><strong>ad</strong></span> <span class='ocrx_word' id='word_1_867' title='bbox 3162 4992 3461 5050; x_wconf 83' lang='lat' dir='ltr'><strong>Clementis</strong></span> 
     </span>
    </p>
   </div>
   <div class='ocr_carea' id='block_1_122' title="bbox 1878 5063 3458 5134">
    <p class='ocr_par' dir='ltr' id='par_1_122' title="bbox 1878 5063 3458 5134">
     <span class='ocr_line' id='line_1_123' title="bbox 1878 5063 3458 5134; baseline 0.001 -15"><span class='ocrx_word' id='word_1_868' title='bbox 1878 5070 2114 5134; x_wconf 80' lang='lat' dir='ltr'><strong>mentem</strong></span> <span class='ocrx_word' id='word_1_869' title='bbox 2154 5064 2327 5134; x_wconf 82' lang='lat' dir='ltr'><strong>magis</strong></span> <span class='ocrx_word' id='word_1_870' title='bbox 2369 5065 2836 5119; x_wconf 84' lang='lat' dir='ltr'><strong>accommodatum</strong></span> <span class='ocrx_word' id='word_1_871' title='bbox 2878 5063 3239 5134; x_wconf 76' lang='lat' dir='ltr'><strong>exscribimus</strong></span> <span class='ocrx_word' id='word_1_872' title='bbox 3275 5082 3289 5118; x_wconf 88' lang='lat'><strong>:</strong></span> <span class='ocrx_word' id='word_1_873' title='bbox 3329 5065 3458 5120; x_wconf 84' lang='lat' dir='ltr'><strong>Ver-</strong></span> 
     </span>
    </p>
   </div>
   <div class='ocr_carea' id='block_1_123' title="bbox 1878 5132 3456 5202">
    <p class='ocr_par' dir='ltr' id='par_1_123' title="bbox 1878 5132 3456 5202">
     <span class='ocr_line' id='line_1_124' title="bbox 1878 5132 3456 5202; baseline 0.003 -17"><span class='ocrx_word' id='word_1_874' title='bbox 1878 5132 2000 5186; x_wconf 90' lang='lat' dir='ltr'><strong>bum</strong></span> <span class='ocrx_word' id='word_1_875' title='bbox 2029 5149 2154 5187; x_wconf 87' lang='lat' dir='ltr'><strong>caro</strong></span> <span class='ocrx_word' id='word_1_876' title='bbox 2179 5132 2379 5202; x_wconf 75' lang='lat' dir='ltr'><strong>factum</strong></span> <span class='ocrx_word' id='word_1_877' title='bbox 2409 5143 2506 5200; x_wconf 83' lang='lat' dir='ltr'><strong>est,</strong></span> <span class='ocrx_word' id='word_1_878' title='bbox 2540 5144 2590 5188; x_wconf 87' lang='lat' dir='ltr'><strong>et</strong></span> <span class='ocrx_word' id='word_1_879' title='bbox 2618 5134 2871 5188; x_wconf 84' lang='lat' dir='ltr'><strong>habitavit</strong></span> <span class='ocrx_word' id='word_1_880' title='bbox 2900 5134 2955 5186; x_wconf 88' lang='lat' dir='ltr'><strong>in</strong></span> <span class='ocrx_word' id='word_1_881' title='bbox 2984 5132 3131 5187; x_wconf 86' lang='lat' dir='ltr'><strong>nobis</strong></span> <span class='ocrx_word' id='word_1_882' title='bbox 3161 5132 3343 5202; x_wconf 84' lang='lat' dir='ltr'><strong>(Joan.</strong></span> <span class='ocrx_word' id='word_1_883' title='bbox 3377 5140 3456 5202; x_wconf 86' lang='lat' dir='ltr'><strong>I);</strong></span> 
     </span>
    </p>
   </div>
   <div class='ocr_carea' id='block_1_124' title="bbox 1878 5202 3452 5273">
    <p class='ocr_par' dir='ltr' id='par_1_124' title="bbox 1878 5202 3452 5273">
     <span class='ocr_line' id='line_1_125' title="bbox 1878 5202 3452 5273; baseline 0.003 -17"><span class='ocrx_word' id='word_1_884' title='bbox 1878 5203 2079 5259; x_wconf 86' lang='lat' dir='ltr'><strong>reddite</strong></span> <span class='ocrx_word' id='word_1_885' title='bbox 2109 5204 2290 5268; x_wconf 84' lang='lat' dir='ltr'><strong>vicem,</strong></span> <span class='ocrx_word' id='word_1_886' title='bbox 2319 5213 2367 5257; x_wconf 87' lang='lat' dir='ltr'><strong>et</strong></span> <span class='ocrx_word' id='word_1_887' title='bbox 2388 5205 2647 5273; x_wconf 76' lang='lat' dir='ltr'><strong>eﬂicimini</strong></span> <span class='ocrx_word' id='word_1_888' title='bbox 2665 5205 2902 5273; x_wconf 81' lang='lat' dir='ltr'><strong>spiritus,</strong></span> <span class='ocrx_word' id='word_1_889' title='bbox 2926 5212 2975 5256; x_wconf 88' lang='lat' dir='ltr'><strong>et</strong></span> <span class='ocrx_word' id='word_1_890' title='bbox 3005 5202 3239 5257; x_wconf 86' lang='lat' dir='ltr'><strong>habitate</strong></span> <span class='ocrx_word' id='word_1_891' title='bbox 3264 5206 3316 5258; x_wconf 87' lang='lat' dir='ltr'><strong>in</strong></span> <span class='ocrx_word' id='word_1_892' title='bbox 3339 5206 3452 5262; x_wconf 88' lang='lat' dir='ltr'><strong>illo.</strong></span> 
     </span>
    </p>
   </div>
   <div class='ocr_carea' id='block_1_125' title="bbox 1877 5273 3453 5344">
    <p class='ocr_par' dir='ltr' id='par_1_125' title="bbox 1877 5273 3453 5344">
     <span class='ocr_line' id='line_1_126' title="bbox 1877 5273 3453 5344; baseline 0.003 -16"><span class='ocrx_word' id='word_1_893' title='bbox 1877 5274 2044 5341; x_wconf 86' lang='lat' dir='ltr'><strong>Quasi</strong></span> <span class='ocrx_word' id='word_1_894' title='bbox 2070 5274 2276 5329; x_wconf 91' lang='lat' dir='ltr'><strong>diceret</strong></span> <span class='ocrx_word' id='word_1_895' title='bbox 2303 5294 2314 5328; x_wconf 91' lang='lat'>:</span> <span class='ocrx_word' id='word_1_896' title='bbox 2337 5273 2572 5329; x_wconf 85' lang='lat' dir='ltr'><strong>Verbum</strong></span> <span class='ocrx_word' id='word_1_897' title='bbox 2594 5291 2719 5330; x_wconf 90' lang='lat' dir='ltr'><strong>cum</strong></span> <span class='ocrx_word' id='word_1_898' title='bbox 2743 5280 2889 5331; x_wconf 86' lang='lat' dir='ltr'><strong>esset</strong></span> <span class='ocrx_word' id='word_1_899' title='bbox 2918 5274 3143 5344; x_wconf 90' lang='lat' dir='ltr'><strong>spiritus</strong></span> <span class='ocrx_word' id='word_1_900' title='bbox 3164 5290 3260 5330; x_wconf 91' lang='lat' dir='ltr'><strong>seu</strong></span> <span class='ocrx_word' id='word_1_901' title='bbox 3287 5274 3453 5339; x_wconf 88' lang='lat' dir='ltr'><strong>Deus,</strong></span> 
     </span>
    </p>
   </div>
   <div class='ocr_carea' id='block_1_126' title="bbox 1875 5344 3451 5413">
    <p class='ocr_par' dir='ltr' id='par_1_126' title="bbox 1875 5344 3451 5413">
     <span class='ocr_line' id='line_1_127' title="bbox 1875 5344 3451 5413; baseline -0.001 -13"><span class='ocrx_word' id='word_1_902' title='bbox 1875 5360 2010 5400; x_wconf 91' lang='lat' dir='ltr'><strong>caro</strong></span> <span class='ocrx_word' id='word_1_903' title='bbox 2045 5344 2248 5400; x_wconf 79' lang='lat' dir='ltr'><strong>factum</strong></span> <span class='ocrx_word' id='word_1_904' title='bbox 2290 5353 2376 5399; x_wconf 86' lang='lat' dir='ltr'><strong>est</strong></span> <span class='ocrx_word' id='word_1_905' title='bbox 2422 5352 2671 5399; x_wconf 87' lang='lat' dir='ltr'><strong>naturam</strong></span> <span class='ocrx_word' id='word_1_906' title='bbox 2725 5344 3075 5413; x_wconf 88' lang='lat' dir='ltr'><strong>suscipiendo</strong></span> <span class='ocrx_word' id='word_1_907' title='bbox 3123 5344 3451 5411; x_wconf 85' lang='lat' dir='ltr'><strong>humanam;</strong></span> 
     </span>
    </p>
   </div>
   <div class='ocr_carea' id='block_1_127' title="bbox 1876 5414 3454 5484">
    <p class='ocr_par' dir='ltr' id='par_1_127' title="bbox 1876 5414 3454 5484">
     <span class='ocr_line' id='line_1_128' title="bbox 1876 5414 3454 5484; baseline -0.001 -14"><span class='ocrx_word' id='word_1_908' title='bbox 1876 5415 2088 5470; x_wconf 89' lang='lat' dir='ltr'><strong>reddite</strong></span> <span class='ocrx_word' id='word_1_909' title='bbox 2116 5415 2313 5478; x_wconf 90' lang='lat' dir='ltr'><strong>vicem,</strong></span> <span class='ocrx_word' id='word_1_910' title='bbox 2345 5422 2399 5469; x_wconf 90' lang='lat' dir='ltr'><strong>et</strong></span> <span class='ocrx_word' id='word_1_911' title='bbox 2432 5416 2525 5484; x_wconf 91' lang='lat' dir='ltr'><strong>qui</strong></span> <span class='ocrx_word' id='word_1_912' title='bbox 2562 5429 2694 5468; x_wconf 90' lang='lat' dir='ltr'><strong>caro</strong></span> <span class='ocrx_word' id='word_1_913' title='bbox 2733 5417 2888 5481; x_wconf 91' lang='lat' dir='ltr'><strong>estis,</strong></span> <span class='ocrx_word' id='word_1_914' title='bbox 2914 5414 3185 5468; x_wconf 84' lang='lat' dir='ltr'><strong>ellieimiui</strong></span> <span class='ocrx_word' id='word_1_915' title='bbox 3213 5416 3454 5484; x_wconf 85' lang='lat' dir='ltr'><strong>quodam</strong></span> 
     </span>
    </p>
   </div>
   <div class='ocr_carea' id='block_1_128' title="bbox 1872 5484 3450 5554">
    <p class='ocr_par' dir='ltr' id='par_1_128' title="bbox 1872 5484 3450 5554">
     <span class='ocr_line' id='line_1_129' title="bbox 1872 5484 3450 5554; baseline 0.001 -15"><span class='ocrx_word' id='word_1_916' title='bbox 1872 5485 2036 5539; x_wconf 89' lang='lat' dir='ltr'><strong>modo</strong></span> <span class='ocrx_word' id='word_1_917' title='bbox 2060 5486 2286 5554; x_wconf 82' lang='lat' dir='ltr'><strong>spiritus</strong></span> <span class='ocrx_word' id='word_1_918' title='bbox 2319 5500 2382 5538; x_wconf 87' lang='lat' dir='ltr'><strong>ac</strong></span> <span class='ocrx_word' id='word_1_919' title='bbox 2414 5484 2581 5547; x_wconf 86' lang='lat' dir='ltr'><strong>Deus,</strong></span> <span class='ocrx_word' id='word_1_920' title='bbox 2606 5494 2853 5539; x_wconf 90' lang='lat' dir='ltr'><strong>naturam</strong></span> <span class='ocrx_word' id='word_1_921' title='bbox 2885 5485 3159 5540; x_wconf 86' lang='lat' dir='ltr'><strong>induendo</strong></span> <span class='ocrx_word' id='word_1_922' title='bbox 3186 5484 3450 5552; x_wconf 88' lang='lat' dir='ltr'><strong>divinam,</strong></span> 
     </span>
    </p>
   </div>
   <div class='ocr_carea' id='block_1_129' title="bbox 1873 5554 2676 5611">
    <p class='ocr_par' dir='ltr' id='par_1_129' title="bbox 1873 5554 2676 5611">
     <span class='ocr_line' id='line_1_130' title="bbox 1873 5554 2676 5611; baseline -0.002 -1"><span class='ocrx_word' id='word_1_923' title='bbox 1873 5565 1927 5610; x_wconf 91' lang='lat' dir='ltr'><strong>et</strong></span> <span class='ocrx_word' id='word_1_924' title='bbox 1956 5555 2197 5611; x_wconf 88' lang='lat' dir='ltr'><strong>habitate</strong></span> <span class='ocrx_word' id='word_1_925' title='bbox 2224 5556 2279 5609; x_wconf 93' lang='lat' dir='ltr'><strong>in</strong></span> <span class='ocrx_word' id='word_1_926' title='bbox 2312 5554 2441 5609; x_wconf 88' lang='lat' dir='ltr'><strong>Deo.</strong></span> <span class='ocrx_word' id='word_1_927' title='bbox 2475 5555 2676 5610; x_wconf 75' lang='lat' dir='ltr'><strong>Cous&#39;r.</strong></span> 
     </span>
    </p>
   </div>
   <div class='ocr_carea' id='block_1_130' title="bbox 1942 5623 3449 5696">
    <p class='ocr_par' dir='ltr' id='par_1_130' title="bbox 1942 5623 3449 5696">
     <span class='ocr_line' id='line_1_131' title="bbox 1942 5623 3449 5696; baseline 0 -17"><span class='ocrx_word' id='word_1_928' title='bbox 1942 5623 2056 5696; x_wconf 74' lang='grc'>(42)</span> <span class='ocrx_word' id='word_1_929' title='bbox 2098 5624 2652 5696; x_wconf 28' lang='grc' dir='ltr'>ὨςᾉέχομενηΕᾶίιῂ</span> <span class='ocrx_word' id='word_1_930' title='bbox 2685 5624 2733 5679; x_wconf 91' lang='lat' dir='ltr'><strong>si</strong></span> <span class='ocrx_word' id='word_1_931' title='bbox 2755 5624 3275 5696; x_wconf 63' lang='lat' dir='ltr'><strong>Londin.excipias,</strong></span> <span class='ocrx_word' id='word_1_932' title='bbox 3301 5626 3449 5696; x_wconf 7' lang='lat' dir='ltr'><strong>exihi-</strong></span> 
     </span>
    </p>
   </div>
   <div class='ocr_carea' id='block_1_131' title="bbox 1871 5693 3448 5758">
    <p class='ocr_par' dir='ltr' id='par_1_131' title="bbox 1871 5693 3448 5758">
     <span class='ocr_line' id='line_1_132' title="bbox 1871 5693 3448 5758; baseline -0.001 -7"><span class='ocrx_word' id='word_1_933' title='bbox 1871 5693 2000 5751; x_wconf 87' lang='lat' dir='ltr'><strong>bent</strong></span> <span class='ocrx_word' id='word_1_934' title='bbox 2025 5693 2158 5758; x_wconf 70' lang='grc' dir='ltr'>ἕως.</span> <span class='ocrx_word' id='word_1_935' title='bbox 2188 5693 2407 5750; x_wconf 81' lang='lat' dir='ltr'><strong>Retinet</strong></span> <span class='ocrx_word' id='word_1_936' title='bbox 2437 5694 2608 5750; x_wconf 85' lang='lat' dir='ltr'><strong>Wott.</strong></span> <span class='ocrx_word' id='word_1_937' title='bbox 2640 5696 2925 5751; x_wconf 87' lang='lat' dir='ltr'><strong>lectionem</strong></span> <span class='ocrx_word' id='word_1_938' title='bbox 2972 5695 3068 5758; x_wconf 78' lang='grc' dir='ltr'>ὡς.</span> <span class='ocrx_word' id='word_1_939' title='bbox 3112 5693 3300 5751; x_wconf 79' lang='lat' dir='ltr'><strong>Recte.</strong></span> <span class='ocrx_word' id='word_1_940' title='bbox 3355 5695 3448 5750; x_wconf 89' lang='lat' dir='ltr'><strong>Sic</strong></span> 
     </span>
    </p>
   </div>
   <div class='ocr_carea' id='block_1_132' title="bbox 1871 5764 3455 5838">
    <p class='ocr_par' dir='ltr' id='par_1_132' title="bbox 1871 5764 3455 5838">
     <span class='ocr_line' id='line_1_133' title="bbox 1871 5764 3455 5838; baseline -0.001 -18"><span class='ocrx_word' id='word_1_941' title='bbox 1871 5764 1989 5838; x_wconf 44' lang='lat' dir='ltr'><strong>Cal:</strong></span> <span class='ocrx_word' id='word_1_942' title='bbox 2013 5782 2088 5831; x_wconf 75' lang='lat' dir='ltr'><strong>vr,</strong></span> <span class='ocrx_word' id='word_1_943' title='bbox 2121 5765 2227 5838; x_wconf 67' lang='lat'><strong>19:</strong></span> <span class='ocrx_word' id='word_1_944' title='bbox 2268 5766 2354 5829; x_wconf 83' lang='grc' dir='ltr'>Ὠς</span> <span class='ocrx_word' id='word_1_945' title='bbox 2386 5766 2574 5838; x_wconf 83' lang='grc' dir='ltr'>καιρὸν</span> <span class='ocrx_word' id='word_1_946' title='bbox 2620 5765 2813 5837; x_wconf 76' lang='grc' dir='ltr'>ἔχομεν</span> <span class='ocrx_word' id='word_1_947' title='bbox 2842 5785 2854 5821; x_wconf 92' lang='lat'>:</span> <span class='ocrx_word' id='word_1_948' title='bbox 2888 5780 2995 5837; x_wconf 88' lang='lat' dir='ltr'><strong>quo</strong></span> <span class='ocrx_word' id='word_1_949' title='bbox 3043 5765 3181 5823; x_wconf 79' lang='lat' dir='ltr'><strong>forte</strong></span> <span class='ocrx_word' id='word_1_950' title='bbox 3211 5767 3455 5838; x_wconf 58' lang='lat' dir='ltr'><strong>respexit;</strong></span> 
     </span>
    </p>
   </div>
   <div class='ocr_carea' id='block_1_133' title="bbox 1872 5833 2321 5894">
    <p class='ocr_par' dir='ltr' id='par_1_133' title="bbox 1872 5833 2321 5894">
     <span class='ocr_line' id='line_1_134' title="bbox 1872 5833 2321 5894; baseline 0.002 -4"><span class='ocrx_word' id='word_1_951' title='bbox 1872 5835 1929 5891; x_wconf 91' lang='lat' dir='ltr'><strong>S.</strong></span> <span class='ocrx_word' id='word_1_952' title='bbox 1958 5834 2136 5894; x_wconf 82' lang='lat' dir='ltr'><strong>Pater.</strong></span> <span class='ocrx_word' id='word_1_953' title='bbox 2153 5833 2321 5892; x_wconf 67' lang='grc' dir='ltr'>ΕΔΜ..</span> 
     </span>
    </p>
   </div>
  </div>
