4006 6334
560 357 660 413 δνιςι
1357 348 1413 405 S.
1447 348 1837 405 CLEMENTIS
1870 350 1889 403 Ι
1921 348 2085 406 ROM.
2122 348 2142 404 1

2208 346 2324 403 ιΝΤ.
2362 337 2591 402 ΟΡΕΒΑ
2623 331 2947 400 ΟΕΝΙΙΙΝΑῘ
3696 335 3790 392 359

558 490 733 548 vero,
775 470 922 535 ﬁdei
957 465 1295 532 Catholica;
1325 464 1529 526 hostis
1559 464 1831 544 gloriam
1860 465 2178 545 prOpriam
2208 463 2532 546 quaesivit,
2566 462 2696 526 imo
2725 458 3031 524 Ecclesia;
3066 455 3603 531 humiliationem,
3644 456 3791 517 dum

556 574 929 636 thesaurum
958 564 1406 631 absconditum
1446 572 1783 626 reseraret.

635 672 811 735 Beati
838 670 1101 751 quidem
1133 664 1481 730 Clementis
1510 663 1829 743 Epistolas
1859 663 1940 723 ad
1986 665 2291 742 Virgines,
2323 659 2630 722 laudibus
2658 656 2941 731 extulit;
2971 655 3112 727 sed,
3142 673 3289 719 cum
3322 653 3517 717 simul
3557 655 3791 717 imma-

553 774 825 836 culatam
855 768 1087 834 Christi
1119 780 1421 845 sponsam
1454 762 1779 826 conviciis
1811 762 2171 841 impeteret,
2205 758 2645 824 adversarium
2691 754 2925 821 Christi
2960 773 3030 817 se
3062 755 3306 834 detegit
3337 762 3398 817 et
3425 755 3793 817 ministrum

552 878 818 946 Satanas,
849 870 961 951 qui
992 866 1395 942 transﬁgurat
1422 880 1491 923 se
1526 862 1593 923 in
1622 862 1924 941 angelum
1958 862 2122 924 lucis
2145 861 2187 924 ³.

628 977 770 1036 Non
801 988 1024 1034 omnes
1054 968 1165 1048 qui
1199 968 1376 1026 extra
1410 960 1761 1023 Ecclesiam
1785 970 1959 1036 sunt,
1979 960 2202 1025 hostili
2233 975 2488 1038 semper
2517 956 2750 1037 spiritu
2779 955 3158 1036 loquuntur.
3192 955 3428 1018 Junius
3455 955 3787 1032 Patricius,

552 1068 1183 1145 Oxoniensis,.aliam
1214 1082 1473 1147 Operam
1529 1069 1734 1133 sancti
1795 1068 2141 1139 Clementis
2182 1066 2543 1147 publicans,
2578 1066 2646 1127 in
2682 1063 3035 1126 Ecclesiam
3066 1066 3413 1125 Romanam
3447 1080 3574 1124 non
3611 1064 3789 1127 inve-

550 1178 769 1249 hitur;
802 1189 946 1252 quas
1002 1169 1312 1239 catholica
1372 1180 1630 1236 sanctus
1663 1172 1957 1235 Clemens
1989 1189 2244 1251 semper
2272 1172 2451 1247 dicit,
2488 1186 2819 1249 nunquam
2866 1168 2937 1230 in
2989 1165 3347 1231 Catholicos
3415 1166 3787 1247 detorquet;

547 1282 653 1343 his
684 1294 827 1359 quae
882 1275 959 1336 ad
995 1291 1212 1354 pacem
1249 1272 1716 1333 restituendam
1768 1278 2026 1333 sanctus
2086 1271 2378 1334 Clemens
2410 1269 2671 1348 profert,
2723 1268 2802 1330 ad
2832 1267 3222 1330 seditionem
3260 1265 3781 1348 discordiamque

549 1379 972 1462 spargendam
1009 1375 1244 1440 nullibi
1274 1373 1601 1447 abutitur;
1637 1375 1704 1435 in
1742 1377 1985 1435 Petram
2038 1372 2339 1435 Ecclesiae
2366 1371 2691 1433 immotam
2720 1368 2912 1432 inferi
2942 1375 3152 1448 portas
3186 1384 3590 1431 commovere
3648 1385 3773 1431 non

548 1490 771 1545 tentat.

632 1583 902 1647 Veniam
928 1580 1129 1659 igitur
1148 1578 1226 1641 ab
1262 1577 1566 1641 omnibus
1604 1578 2006 1653 orthodoxis,
2038 1576 2393 1657 praesertim
2436 1593 2586 1638 vero
2618 1592 2652 1637 a
2684 1582 2745 1637 te
2777 1589 2992 1653 spero,
3025 1571 3403 1634 ﬁdelissime
3450 1570 3788 1646 Prassul,si

544 1686 800 1747 beatum
824 1680 1215 1745 Clementem
1238 1678 1525 1759 virgines
1553 1680 1994 1759 alloquentem
2044 1680 2234 1742 novis
2279 1676 2630 1758 producam
2667 1683 2729 1740 et
2760 1672 3192 1755 dignioribus,
3227 1671 3584 1733 dummodo
3638 1669 3791 1731 mihi

545 1808 671 1852 non
705 1787 996 1858 illudam,
1032 1783 1422 1845 ornamentis
1454 1785 1780 1852 vestitum,
1810 1791 1871 1845 et
1906 1783 1962 1846 si
2002 1800 2264 1846 sensum
2294 1780 2641 1846 verborum
2676 1780 2818 1861 ejus
2843 1795 2881 1842 a
2912 1774 3227 1842 Wetstini
3256 1772 3788 1848 interpretatione

543 1914 805 1975 prorsus
837 1893 1144 1964 alienum,
1176 1904 1307 1953 non
1332 1887 1534 1950 semel
1575 1906 1910 1968 usurpem.

625 1999 809 2060 Nunc
838 1994 1000 2075 quid
1032 1993 1101 2053 in
1130 1989 1247 2051 hac
1277 1987 1714 2065 publicatione
1748 1989 2142 2052 intenderim
2176 1990 2304 2070 piis
2335 1991 2634 2053 omnibus
2668 1985 3019 2050 lectoribus
3050 1982 3371 2047 declarare
3402 1998 3620 2060 opera;
3652 1998 3788 2060 pre-

544 2102 706 2165 tium
732 2100 984 2179 judico.
1014 2095 1230 2158 fusius
1261 2092 1329 2153 in
1350 2094 1594 2172 praevia
1622 2094 2073 2157 dissertatione
2103 2094 2547 2158 discussurus.

623 2206 862 2264 Doctus
891 2197 1139 2269 Binius,
1203 2192 1317 2274 qui
1349 2193 1663 2256 scribebat
1702 2196 1815 2258 diu
1845 2204 2189 2277 antequam
2247 2199 2700 2260 invenirentur
2755 2191 3059 2272 Epistolas
3109 2189 3311 2252 sancti
3339 2187 3690 2251 Clementis
3716 2186 3790 2247 ad

551 2306 860 2383 Virgines,
886 2315 1193 2378 expresse
1236 2299 1576 2377 profitetur
1608 2317 1715 2362 eas
1753 2302 2116 2376 exstitisse,
2140 2304 2592 2382 canonicasque
2619 2301 2823 2363 fuisse
2854 2295 3228 2379 appellatas,
3249 2294 3417 2357 sicut
3442 2293 3789 2373 Epistolam

545 2405 815 2486 primam
852 2401 931 2463 ad
963 2397 1356 2471 Corinthios,
1393 2400 1548 2479 quia
1574 2400 1637 2460 in
1674 2401 1961 2463 ﬁdelium
2013 2402 2279 2465 cmtibus
2310 2402 2711 2482 legebantur.

627 2504 744 2565 Hic
774 2519 893 2581 ego
918 2508 1161 2561 tantum
1193 2497 1400 2565 dicam
1432 2504 1606 2582 quod
1664 2504 1719 2565 si
1757 2522 1864 2566 eas
1898 2506 2297 2569 authenticas
2330 2525 2474 2569 esse
2507 2524 2637 2569 non
2697 2505 2963 2567 ﬁrmiter
2994 2501 3375 2578 tenuissem,
3400 2500 3561 2574 imo,
3601 2500 3655 2563 si
3687 2500 3791 2562 mi-

543 2609 793 2671 nimum
823 2606 1012 2669 etiam
1044 2602 1315 2665 dubium
1346 2607 1423 2668 de
1455 2625 1675 2670 earum
1706 2608 1993 2688 genuino
2022 2620 2282 2672 auctore
2313 2610 2379 2671 in
2411 2616 2621 2672 mente
2655 2607 3091 2679 remansisset,
3124 2605 3202 2666 ab
3238 2604 3335 2666 eis
3375 2605 3703 2667 vertendis
3729 2612 3786 2665 et

543 2712 925 2793 evulgandis
951 2724 1215 2789 prorsus
1244 2708 1728 2785 abstinuissem,
1766 2709 1868 2773 vel
1901 2710 2182 2773 rationes
2215 2711 2439 2773 saltem
2467 2711 2651 2773 dubii
2674 2710 2798 2771 mei
2832 2707 3306 2786 exposuissem.

623 2817 759 2907 Non
793 2809 1083 2873 eamdem
1114 2815 1284 2870 certe
1310 2810 1722 2872 securitatem
1776 2812 2144 2889 exprimere
2178 2812 2360 2874 valeo
2389 2812 2555 2874 circa
2589 2827 2814 2873 verum
2858 2825 3123 2871 sensum
3152 2807 3230 2868 ab
3281 2813 3546 2870 auctore
3586 2806 3787 2868 inten-

506 2975 509 2978 .
541 2930 677 2982 tum
706 2941 729 2981 ς
764 2933 908 2979 cum
941 2914 1114 2977 enim
1143 2913 1352 2976 adhuc
1384 2914 1794 2978 desideretur
1824 2917 2253 2997 primigenius
2287 2934 2508 2980 earum
2535 2924 2750 2977 textus
2782 2916 3062 2983 Grmcus,
3097 2910 3457 2971 timendum
3489 2917 3593 2971 est
3624 2926 3785 2971 sem-

542 3043 658 3105 per
706 3040 786 3085 ne
844 3020 1235 3101 quandoque
1295 3021 1603 3081 erraverit
1658 3022 1956 3101 Syriacus
1999 3022 2339 3100 interpres.
2380 3022 2455 3084 Ut
2485 3025 2557 3085 ut
2602 3019 2708 3091 sit,
2741 3033 2869 3080 non
2904 3014 3345 3095 dubito-quin
3395 3015 3780 3089 Wetstinus,

542 3128 735 3189 etiam
780 3124 1110 3201 Syriacum
1154 3127 1434 3197 vertens,
1468 3123 1690 3203 plures
1727 3126 1866 3205 ipse
1897 3125 2219 3188 addiderit
2242 3144 2540 3190 errores:
2575 3127 2853 3204 ideoque
2890 3137 3017 3184 non
3055 3122 3255 3183 semel
3289 3118 3368 3182 ab
3395 3119 3545 3201 ejus
3578 3122 3781 3183 sensi-

541 3225 664 3284 bus
699 3217 1077 3299 exorbitavi.
1107 3216 1172 3279 Si
1210 3227 1381 3281 recta
1406 3229 1467 3282 et
1499 3239 1779 3300 congrua
1807 3221 2040 3284 fuisset
2073 3224 2382 3287 Wetstini
2415 3224 2877 3298 interpretatio,
2906 3223 3068 3286 nihil
3100 3225 3235 3289 fere
3268 3228 3783 3306 redarguendum

543 3326 805 3387 essetin
837 3321 1257 3385 translatione
1280 3319 1520 3382 Gallica
1558 3323 1630 3383 D.
1666 3322 1953 3384 Boistard
1985 3323 2065 3385 de
2097 3325 2454 3407 Prémagny
2486 3344 2501 3384 :
2531 3326 2811 3405 ideoque
2849 3324 3599 3404 noninterpretationem
3626 3329 3779 3409 ejus,

541 3428 654 3489 sed
694 3424 1142 3487 annotationes
1175 3438 1390 3499 carpo.

622 3531 779 3592 Cum
811 3543 961 3589 vero
995 3522 1161 3587 nihil
1192 3519 1487 3584 absolute
1510 3526 1754 3582 certum
1791 3519 1869 3582 de
1901 3521 2210 3588 ﬁdelitate
2236 3525 2337 3588 vel
2369 3527 2701 3589 erroribus
2752 3528 3178 3611 interpretum
3218 3520 3518 3600 allirmari
3574 3548 3777 3620 queat,

540 3632 802 3694 absente
828 3635 1008 3689 textu
1039 3620 1388 3704 primitivo,
1424 3636 1537 3681 cur
1564 3628 1626 3682 et
1655 3620 1795 3700 ipse
1828 3638 2057 3686 novam
2088 3625 2684 3705 interpretationem
2715 3645 3057 3709 aggressus
3082 3652 3225 3698 sum
3258 3640 3286 3697 ‘2
3319 3638 3483 3700 Huic
3515 3642 3778 3720 quaasito

540 3733 607 3792 in
635 3731 877 3811 prwvia
906 3726 1349 3791 dissertatione
1382 3723 1792 3792 satisfaciam.
1828 3727 2047 3789 Dicam
2079 3735 2294 3792 tamen
2333 3730 2605 3808 plurima
2638 3749 2834 3795 sacrae
2863 3735 3206 3813 Scriptum
3229 3740 3362 3802 loca
3392 3757 3426 3802 a
3460 3744 3779 3806 Wetstino

541 3841 649 3895 aut
682 3848 808 3894 non
839 3828 1041 3891 fuisse
1073 3825 1308 3907 agnita,
1341 3832 1450 3887 aut
1484 3825 1645 3887 male
1681 3825 1931 3889 reddita
1960 3826 2163 3892 fuisse
2209 3848 2224 3887 :
2258 3832 2551 3909 quamvis
2582 3832 2648 3897 id
2678 3834 2926 3897 crcditu
2958 3836 3218 3900 diﬂicile
3255 3840 3454 3903 videri
3484 3852 3679 3922 queat
3708 3845 3780 3907 de

540 3934 681 3995 viro
716 3938 840 3992 tam
876 3930 991 3990 diu
1020 3929 1085 3989 in
1121 3930 1318 3991 sacris
1345 3930 1579 3992 litteris
1614 3939 1891 3995 versato.
1925 3933 2071 4009 Sed,
2105 3934 2160 3996 si
2193 3933 2326 3997 haec
2358 3935 2495 3999 loca
2519 3939 2800 4016 agnovit,
2830 3958 2944 4001 cur
2962 3958 3366 4007 communem
3396 3946 3591 4009 etiam
3621 3950 3781 4029 apud

541 4050 694 4093 suos
725 4028 1317 4109 interpretationem
1365 4029 1759 4110 abjudicavit
1790 4034 1819 4093 ?
1853 4034 2122 4096 Errores
2161 4036 2472 4099 Wetstini
2524 4038 2959 4103 aberrationes
2991 4042 3374 4107 traductoris
3411 4028 3779 4112 Galliciiin-

541 4139 890 4198 duxerunt.

617 4237 940 4316 Prmcipua
974 4236 1172 4315 igitur
1201 4236 1355 4337 mihi
1408 4255 1561 4300 cura
1609 4237 1909 4303 incubuit
1942 4249 2033 4316 ut,
2064 4243 2133 4305 in
2166 4242 2283 4306 hac
2312 4243 2476 4308 silva
2508 4246 2919 4324 densissima,
2950 4252 3203 4316 divinas
3230 4255 3602 4337 detegerem
3635 4276 3776 4323 sen-

539 4339 769 4400 tentias
802 4356 1041 4417 easque
1068 4335 1559 4402 manifestarem.
1596 4339 1692 4401 An
1727 4348 1972 4402 rectum
2003 4342 2125 4403 iter
2149 4345 2498 4419 tenuerim,
2523 4345 2776 4426 judicet
2801 4348 2950 4427 pius
2980 4369 3051 4414 ac
3082 4335 3650 4432 eruditus-lector,
3689 4359 3780 4418 in-

537 4438 763 4519 primis
791 4446 999 4499 textus
1034 4438 1482 4500 antecedentes
1514 4443 2065 4520 consequentibus
2086 4444 2426 4524 jungendo
2482 4458 2545 4511 et
2582 4454 3031 4529 comparando.
3068 4454 3455 4520 Dialectices
3492 4458 3667 4520 enim
3692 4440 3809 4521 re?

537 4539 722 4647 gulas
779 4556 905 4600 non
968 4538 1296 4618 ignorabat
1344 4549 1609 4602 sanctus
1687 4543 2015 4620 Clemens,
2077 4564 2192 4609 nec
2256 4551 2538 4631 supponi
2601 4552 2792 4616 debet
2850 4564 3066 4619 contra
3111 4556 3256 4619 illas
3315 4558 3606 4626 voluisse
3652 4562 3776 4624 dis-

538 4659 781 4703 serere.

610 4745 941 4848 Praeterea,
975 4759 1061 4848 ne
1096 4758 1303 4848 unum
1335 4743 1600 4823 quidem
1632 4751 1879 4812 textum
1910 4766 2153 4813 novum
2176 4751 2536 4831 introduxi,
2566 4758 2679 4820 sed
2711 4775 2969 4838 semper
2998 4766 3306 4830 Wetstini
3339 4767 3772 4848 interpretatio

537 4844 747 4907 oculis
775 4845 935 4907 meis
963 4844 1251 4924 subjecta
1284 4855 1402 4921 est,
1435 4849 1589 4911 dum
1622 4851 2015 4932 irregulares
2047 4865 2107 4917 et
2151 4866 2470 4923 contortas
2511 4862 2652 4941 ejus
2684 4863 3045 4931 locutiones
3083 4873 3459 4934 rectitudini
3505 4844 3770 4935 naturali

537 4945 973 5008 restituebam.
1014 4950 1144 5049 l‘iec
1178 4946 1423 5026 primus
1458 4950 1626 5013 viam
1659 4952 1823 5015 hanc
1855 4953 2191 5035 ingressus
2215 4976 2357 5020 sum
2408 4982 2423 5021 :
2461 4961 2646 5024 multi
2681 4963 2854 5024 enim
2897 4974 3044 5030 ante
3076 4985 3200 5044 me,
3236 4969 3305 5032 in
3365 4969 3770 5049 antiquorum

537 5046 1337 5151 auctorumexplicatione,
1364 5056 1663 5131 audaces,
1687 5063 1758 5119 ut
1787 5058 1883 5119 sic
1914 5060 2163 5139 loquar,
2188 5061 2590 5142 conjecturas
2616 5067 3000 5145 emiserunt,
3024 5089 3167 5151 quas
3204 5083 3448 5151 postea,
3470 5046 3548 5135 ab
3571 5068 3769 5134 omni-

535 5146 658 5208 bus
682 5148 989 5263 eruditis,
1033 5157 1101 5212 ut
1140 5153 1439 5217 veritates
1492 5156 1901 5222 inconcussas
1935 5169 2204 5241 receptas
2233 5175 2404 5227 sunt.
2434 5168 2566 5245 Ego
2598 5184 2749 5230 vero
2789 5146 3137 5247 rarissnme,
3169 5146 3287 5236 nec
3307 5172 3518 5238 forsan
3551 5172 3763 5246 semel,

539 5255 733 5313 meris
757 5255 1027 5314 innixus
1061 5270 1207 5315 sum
1230 5255 1659 5335 conjecturis;
1700 5262 1837 5335 sed,
1869 5270 1938 5323 ut
1982 5264 2359 5344 plurimum,
2393 5284 2539 5345 pars
2581 5269 2871 5347 quendam
2899 5277 3114 5335 textus
3138 5277 3339 5355 agniti
3371 5278 3448 5339 ad
3484 5275 3765 5340 notitiam

536 5356 769 5467 partis,
800 5373 931 5467 prae
962 5355 1346 5467 confusione
1383 5360 1725 5426 verborum
1757 5364 2015 5444 ignotm,
2053 5384 2150 5427 me
2205 5367 2498 5431 deduxit.
2527 5371 2590 5431 Si
2626 5369 2759 5434 fere
2803 5372 3048 5455 ubique
3079 5374 3270 5437 verba
3314 5375 3617 5439 Wetstini
3666 5374 3769 5436 ab-

537 5457 907 5531 (Ιίοᾶνθΐὶων
944 5457 1136 5519 etiam
1192 5464 1450 5539 quando
1484 5465 1698 5546 ipsius
1734 5470 1959 5533 sensui
1993 5471 2261 5545 stabam,
2298 5473 2539 5536 nedum
2575 5475 2929 5551 adversari,
2967 5478 3185 5558 potius
3226 5495 3470 5542 morem
3506 5478 3627 5557 ipsi
3663 5475 3765 5557 ge-

537 5577 704 5675 rere,
733 5564 1120 5675 exis-timavi.
1169 5568 1275 5631 Sic
1306 5572 1481 5635 enim
1514 5576 1806 5656 loquitur
1828 5576 1896 5639 in
1922 5594 2189 5641 suorum
2219 5578 2728 5660 Prolegomenon
2762 5584 3181 5649 conclusione
3217 5601 3232 5641 :
3260 5604 3292 5641 κ
3320 5579 3762 5648 ConverSionis

536 5654 778 5727 Latinae
824 5668 975 5731 vitia
1004 5676 1067 5731 et
1098 5670 1558 5755 inelegantiam
1589 5682 1912 5762 benignus
1974 5683 2171 5747 lector
2219 5685 2606 5752 condonabit
2652 5688 2903 5754 homini
2948 5692 3243 5770 inopere
3297 5706 3466 5755 novo
3512 5694 3572 5750 et
3615 5681 3762 5748 satis

608 5814 628 5846 ³
655 5812 695 5868 ll
729 5816 853 5872 Cor.
894 5835 970 5886 ιι,
1009 5821 1093 5876 14.
