3916 6326
256 385 356 439 3ῗῦ
1164 373 1519 430 EPISTOLzE
1557 372 1643 426 AD
1676 371 2016 428 ViﬂGlNES.
2045 403 2115 413 ——
2144 370 2508 428 PROOEMIA.
3372 363 3478 419 354

251 495 523 559 ωοιεεῑο
550 508 771 571 parum
805 494 1170 562 exercitato,
1218 498 1279 553 et
1311 490 1663 552 amicorum
1710 489 1900 550 etiam
1933 488 2250 559 consiliis,
2274 487 2426 548 licet
2457 484 2748 564 undique
2781 482 3107 560 expetitis,
3139 478 3473 542 destituto.

244 598 573 674 Quosdam
607 596 797 657 etiam
829 594 943 675 qui
974 591 1044 652 in
1079 596 1325 651 textum
1349 587 1693 665 'Syriacum
1728 586 2125 665 irrepserunt
2158 602 2520 657 errores...,
2556 584 2748 646 etiam
2802 597 2903 643 me
2960 596 3088 642 non
3141 587 3469 654 monente,

244 697 439 760 facile
467 695 767 776 corriget.
806 718 837 753 »

334 818 551 880 Prima
580 815 776 895 hujus
809 814 931 877 loci
962 815 1149 878 verba
1186 808 1495 876 Wetstini
1552 810 1930 873 modestiam
1994 807 2473 875 commendant:
2522 807 2877 887 posteriora
2914 826 3057 887 quae
3111 825 3240 870 non
3298 809 3485 870 intei-

249 917 497 979 iexerit
531 924 641 978 aut
672 914 1054 994 neglexerit,
1079 914 1485 976 conﬁtentur.
1512 911 1893 974 Modestiam
1932 908 2161 983 laudo;
2194 908 2554 971 tenebrosis
2587 908 2772 982 locis,
2805 914 3115 987 quantum
3143 907 3209 969 in
3231 924 3330 970 me
3364 916 3481 983 est,

242 1016 465 1078 lucem
498 1016 734 1089 affero;
787 1014 1268 1095 negligentiam,
1314 1014 1372 1077 si
1396 1031 1540 1095 qua
1567 1012 1788 1089 fuerit,
1822 1030 2113 1092 reparare
2146 1030 2364 1075 conor.
2397 1015 2628 1074 Nonne
2680 1012 2773 1073 sic
2804 1011 3113 1074 Wetstini
3168 1011 3332 1075 votis
3375 1012 3487 1073 ob-

243 1123 550 1195 tempero
577 1117 607 1176 ?

323 1245 611 1307 Omnem
654 1242 789 1306 fere
820 1256 1181 1305 sermonem
1216 1254 1407 1301 suum
1439 1243 1697 1299 sanctus
1739 1234 2033 1298 Clemens
2064 1252 2098 1297 e
2123 1233 2410 1299 fontibus
2457 1236 2657 1299 sacris
2685 1235 3064 1310 desumpsit.
3097 1235 3307 1298 Nullis
3336 1254 3489 1317 ergo

242 1344 588 1407 laboribus
639 1361 928 1424 parcens,
983 1340 1245 1403 eosdem
1292 1338 1502 1400 fontes
1558 1334 1818 1398 assidue
1851 1335 2048 1406 adivi.
2083 1352 2271 1414 quos,
2297 1344 2366 1397 ut
2382 1336 2513 1415 jam
2557 1337 2799 1399 dictum
2842 1347 2959 1415 est,
3009 1342 3377 1404 Wetstinus
3406 1362 3487 1405 ne

242 1443 623 1520 suspicatus
670 1440 934 1521 quidem
974 1438 1179 1502 fuisse
1234 1439 1513 1501 videtur.
1566 1436 1744 1498 Unde
1796 1440 2009 1496 textus
2048 1434 2409 1511 deprompti
2454 1433 2719 1509 fuerint,
2760 1435 2893 1499 fere
2950 1438 3196 1519 ubique
3245 1442 3487 1517 notavi,

242 1539 481 1601 saltem
515 1539 773 1619 quando
808 1536 1059 1617 phrasis
1091 1536 1247 1598 satis
1272 1536 1517 1614 integra
1552 1531 1846 1612 apparuit
1875 1552 1889 1591 :
1919 1547 2047 1592 non
2078 1528 2251 1592 enim
2287 1530 2666 1595 vocabulum
2712 1542 3051 1615 quodlibet
3098 1562 3350 1606 sam-um
3382 1546 3489 1607 in-

244 1643 458 1706 dicari
489 1642 736 1718 debuit,
769 1659 850 1704 ne
872 1641 1233 1704 innumeras
1263 1638 1473 1701 forent
1501 1644 1688 1699 notas.
1716 1633 2096 1696 Versionem
2126 1632 2448 1713 adoptavi,
2480 1652 2611 1697 non
2630 1640 3042 1724 Septuaginta
3064 1648 3492 1725 lnterpretum

245 1759 362 1815 aut
424 1749 695 1813 alterius
762 1747 1054 1828 cujusvis
1087 1743 1508 1815 traductoris;
1546 1741 1660 1804 sed
1692 1737 1998 1817 Vulgataa,
2039 1735 2158 1798 etsi
2208 1736 2494 1797 nondum
2552 1745 2837 1818 tempore
2895 1745 3095 1807 sancti
3147 1746 3491 1807 mamentis

247 1859 585 1918 existeret.
617 1856 774 1927 Imo,
807 1856 875 1915 in
906 1848 1148 1915 caeteris
1180 1845 1363 1917 locis,
1396 1838 1872 1923 quandolibera
1904 1836 2063 1899 mihi
2095 1842 2339 1914 poterat
2372 1854 2515 1899 esse
2547 1838 2888 1903 verborum
2919 1842 3091 1905 idem
3122 1844 3488 1924 signiﬁcan-

248 1959 421 2019 tium
455 1954 710 2027 electio,
746 1952 997 2031 prastuli
1028 1948 1162 2010 fere
1195 1960 1450 2023 semper
1476 1958 1665 2005 voces
1697 1957 1732 2001 a
1763 1937 2035 2018 Vulgata
2073 1943 2500 2000 consecratas.

334 2084 567 2143 Lector
597 2084 877 2141 attentus
914 2084 977 2138 et
1008 2072 1334 2153 prudens,
1365 2067 1555 2130 modo
1588 2063 1928 2144 primitivaa
1954 2059 2257 2123 Ecclesiaa
2290 2060 2603 2140 tantisper
2634 2063 2860 2127 calleat
2894 2066 3231 2145 spiritum,
3263 2084 3487 2129 move-

250 2181 433 2243 bitur
461 2179 578 2241 bas
614 2178 890 2259 legendo
927 2174 1279 2254 Epistolas,
1316 2168 1697 2245 extrinsecis
1734 2183 1895 2245 quas
1936 2164 2211 2244 prmbent
2240 2163 2743 2229 authenticitatis
2775 2170 3309 2248 probationibus,
3345 2188 3493 2232 sen—

256 2283 506 2363 tietque
536 2299 729 2362 quam
761 2279 1029 2341 insulsm
1064 2276 1332 2354 viroque
1370 2270 1545 2351 gravi
1586 2269 1871 2361 indignas
1907 2266 2036 2328 sint
2064 2265 2499 2329 cavillationes
2530 2270 2604 2331 D.
2644 2268 2723 2331 de
2752 2271 3126 2352 Prémagny.
3161 2272 3309 2334 Sine
3341 2270 3491 2333 iuco

258 2391 380 2445 aut
403 2360 763 2445 ambitiosis
798 2378 1187 2443 ornamentis
1222 2382 1509 2438 sanctum
1539 2360 1926 2444 PontiﬁCem,
1961 2368 2195 2447 spiritu
2227 2368 2579 2447 apostolico
2614 2369 2878 2448 plenum
2902 2419 2919 2447 ,
2947 2373 3235 2436 locutum
3261 2373 3492 2445 fuisse,

257 2507 457 2555 nemo
486 2488 759 2571 partium
790 2486 1005 2550 studio
1041 2483 1333 2555 alienus,
1366 2475 1775 2540 inﬁciabitur.
1808 2474 1973 2535 Hinc
2002 2473 2228 2533 doctus
2256 2472 2493 2533 Junius
2525 2473 2833 2535 Patricius
2854 2474 2984 2552 jam
3018 2474 3322 2536 odoratus
3352 2473 3495 2535 fue-

255 2601 351 2657 rat
387 2592 931 2657 authenticitatem
966 2592 1186 2670 primm
1220 2585 1421 2651 sancti
1452 2580 1797 2648 Clementis
1831 2578 2131 2657 Epistolay
2156 2578 2234 2641 ad
2265 2578 2652 2642 Corinthios.

337 2714 588 2776 Monita
615 2730 759 2794 quas
790 2712 1151 2789 virginibus
1181 2711 1453 2783 dantur,
1486 2724 1520 2769 a
1550 2703 1896 2783 Scripturis
1933 2700 2162 2777 sacris,
2195 2708 2267 2766 ut
2290 2701 2420 2783 jam
2453 2700 2629 2772 dixi,
2663 2699 2776 2761 sed
2809 2702 3154 2779 praisertim
3184 2719 3220 2763 a
3247 2703 3501 2783 scriptis

256 2813 702 2894 apostolorum
734 2820 795 2874 et
824 2812 1362 2892 evangelistarum
1385 2853 1401 2883 ,
1435 2812 1775 2870 eruuntur.
1811 2803 1906 2865 Ad
1939 2804 2200 2866 eosdem
2246 2803 2633 2883 quandoque
2688 2800 3027 2863 revertitur
3072 2818 3303 2863 sensus
3328 2856 3331 2859 λ
3353 2803 3498 2881 pius

259 2914 567 2981 Pontifex
600 2900 771 2976 :Itam
802 2915 1030 2975 ardens
1061 2919 1154 2973 est
1184 2910 1322 2990 ejus
1367 2904 1762 2969 desiderium
1805 2901 2166 2982 virginibus
2197 2902 2337 2962 suis
2382 2898 2739 2978 inspirandi
2780 2915 3059 2961 amorem
3103 2899 3406 2962 virtutum
3438 2909 3501 2961 et

271 3019 595 3081 vitiorum
636 3017 998 3078 horrorem!
1030 3014 1309 3093 Oblique
1351 3008 1721 3090 perstringit
1754 3006 2145 3069 Christianos
2176 3005 2575 3084 hypocritas,
2626 3002 2739 3083 qui
2789 3002 3074 3066 carnales
3108 3021 3341 3065 sensus
3382 3003 3505 3065 sub

264 3119 665 3183 vestimento
711 3115 964 3196 pietatis
1020 3111 1456 3182 occultabant;
1506 3106 1822 3186 praecipue
1870 3121 2019 3166 vero
2069 3102 2338 3181 perﬁdos
2382 3100 2714 3162 haereticos
2760 3099 2875 3179 qui
2912 3100 3041 3179 jam
3082 3108 3235 3162 tunc
3282 3100 3502 3162 Eccle-

263 3222 441 3283 siam
474 3220 863 3288 lacerabant,
897 3230 1190 3293 quosque
1219 3209 1444 3289 pagani
1478 3206 1714 3285 saapius
1746 3202 2221 3267 confundebant
2248 3217 2392 3263 cum
2422 3199 2593 3261 veris
2625 3198 2858 3261 Christi
2888 3200 3253 3279 discipulis.

334 3343 465 3405 His
495 3335 914 3416 temporibus,
939 3332 1473 3415 quemadmodum
1508 3326 1721 3398 hodie,
1748 3324 2015 3387 castitati
2043 3342 2111 3386 se
2137 3322 2533 3385 devovebant
2565 3318 2841 3397 duplicis
2879 3321 3133 3399 generis
3164 3339 3456 3399 personas
3487 3345 3505 3385 :

260 3448 507 3529 primo,
532 3442 647 3523 qui
676 3440 754 3503 ad
782 3436 1214 3502 ministerium
1248 3448 1495 3494 sacrum
1527 3427 1947 3500 vocabantur;
1978 3424 2214 3487 deinde
2246 3424 2358 3502 qui
2394 3422 2460 3482 in
2488 3421 2725 3483 saaculo
2757 3429 3187 3495 remanentes,
3213 3420 3507 3484 homines

260 3518 363 3613 vel
403 3518 707 3615 feminas,
740 3541 818 3604 ad
852 3536 1307 3619 perfectionem
1359 3527 1790 3608 evangelicam
1828 3525 2193 3587 tendebant.
2230 3521 2556 3584 Prioribus
2600 3528 2857 3582 sanctus
2895 3518 3190 3583 Clemens
3221 3536 3506 3582 comme-

264 3655 477 3714 morat
507 3642 860 3708 vocationis
899 3636 1358 3701 sublimitatem
1381 3677 1398 3701 .
1433 3648 1513 3693 ne
1543 3627 1851 3708 degeneri
1876 3624 2361 3688 conversatione
2409 3623 2582 3684 illam
2618 3622 3005 3701 deprimant.
3062 3623 3161 3694 Et,
3195 3623 3507 3701 quoniam

264 3745 607 3810 humilitas
637 3746 851 3803 custos
881 3744 976 3800 est
1006 3736 1150 3798 vitae
1180 3729 1486 3810 angelicas
1515 3743 1707 3807 quam
1743 3725 1978 3787 ducere
2007 3722 2241 3785 debent
2273 3722 2625 3800 prmsertim
2653 3719 2885 3782 Christi
2918 3719 3223 3793 ministri,
3249 3729 3511 3783 sanctus

264 3845 574 3912 Pontifex
604 3839 968 3921 superbiam
990 3880 1007 3908 ,
1040 3847 1428 3913 quocunque
1466 3845 1533 3889 se
1582 3831 1782 3887 vertat
1812 3830 1873 3887 et
1903 3823 2284 3893 abscondat,
2320 3823 2764 3902 persequitur,
2795 3820 3068 3900 ejusque
3102 3821 3371 3885 latebras
3400 3824 3510 3884 de-

261 3951 431 4030 tegit
464 3948 534 4009 in
568 3941 1012 4026 praedicatione
1035 3982 1051 4011 ,
1084 3931 1461 3999 exorcismis
1482 3974 1499 4006 ,
1533 3928 1909 4007 caeterisque
1944 3926 2189 3988 actibus
2222 3925 2414 3987 etiam
2444 3926 2889 3990 sanctissimis.
2922 3928 3079 3991 Cum
3105 3934 3316 3991 autem
3350 3946 3509 4008 prm-

264 4051 565 4130 sumptio
598 4067 668 4110 ac
696 4044 1025 4109 temeritas
1068 4039 1381 4121 plurimos
1409 4036 1479 4097 in
1506 4033 1936 4115 perditionem
1974 4031 2354 4094 induxerint
2376 4075 2393 4103 ,
2426 4036 2756 4101 cautiones
2802 4032 3089 4112 suggerit
3124 4034 3360 4113 quibus
3390 4053 3508 4114 pe-

264 4156 562 4222 riculum
592 4149 934 4213 devitetur.

346 4276 685 4353 Utrisque,
719 4272 787 4333 id
817 4273 913 4331 est
942 4260 1192 4326 clericis
1222 4264 1284 4320 et
1323 4255 1684 4337 virginibus
1720 4254 1782 4315 in
1819 4253 2055 4316 smculo
2091 4251 2496 4333 degentibus,
2530 4258 2600 4313 ut
2637 4259 2926 4314 sanctum
2956 4254 3248 4316 timorem
3278 4255 3511 4317 animis

265 4388 505 4437 eorum
538 4350 828 4441 incutiat,
852 4364 1100 4443 lapsum
1131 4356 1391 4420 exhibet
1422 4354 1843 4433 quarumdam
1881 4352 2320 4414 columnarum
2344 4367 2487 4430 quas
2510 4351 2909 4413 inconcussas
2938 4359 2999 4413 et
3030 4350 3309 4437 immotas
3335 4353 3509 4414 credi

268 4478 597 4552 poterant.
631 4468 742 4530 Eis
769 4476 991 4529 tamen
1010 4464 1292 4526 animum
1325 4460 1534 4531 addit,
1572 4474 1928 4521 memorans
1966 4456 2198 4537 gratias
2242 4455 2830 4534 protectionemque
2867 4472 2902 4516 a
2929 4453 3085 4518 coelo
3132 4465 3509 4535 praeparatas

266 4572 617 4637 animabus
648 4566 848 4631 cautis
877 4582 947 4627 ac
978 4561 1425 4642 prudentibus.

358 4688 765 4757 Wetstinus,
794 4683 906 4764 qui
938 4689 1105 4744 certe
1134 4679 1381 4742 laudari
1415 4686 1694 4740 meretur
1723 4676 1898 4757 quod
1933 4675 2133 4737 sancti
2167 4674 2512 4739 Clementis
2542 4676 2844 4754 epistolas
2892 4695 3023 4740 non
3073 4679 3513 4757 depravavent

268 4792 522 4855 absona
557 4782 871 4864 elegantia
894 4797 1037 4862 quae
1061 4794 1321 4841 sensum
1353 4795 1572 4840 earum
1605 4777 2023 4838 intervertere
2055 4776 2393 4854 potuisset,
2421 4775 2876 4854 negligentiam
2910 4778 3235 4841 interdum
3266 4797 3369 4841 eas
3399 4780 3513 4841 de-

272 4893 690 4955 decorantem
728 4884 1018 4959 admisit,
1053 4901 1197 4963 quae
1230 4882 1501 4945 multum
1534 4898 1765 4943 nocere
1795 4880 2016 4943 debuit
2049 4879 2331 4958 ipsarum
2362 4879 2745 4941 auctoritati.
2782 4880 2959 4943 Adeo
2994 4900 3213 4961 parum
3264 4883 3510 4944 curavit

271 4995 679 5075 conjungere
725 4989 1005 5053 auctoris
1033 4989 1135 5050 sui
1168 4987 1625 5067 cogitationes,
1660 4993 1731 5047 ut
1766 5002 1872 5047 eas
1910 4984 2127 5063 potius
2181 4983 2553 5063 disjungere
2602 4984 2933 5048 studuisse
2978 4986 3294 5049 videatur.
3336 4985 3508 5047 Nihil

273 5103 497 5157 tamen
532 5090 784 5153 facilius
817 5098 944 5153 erat
984 5109 1173 5172 quam
1206 5092 1508 5171 phraseos
1534 5090 1849 5170 regularis
1879 5088 2290 5151 constructio.

358 5219 569 5282 Venia
602 5218 759 5280 mihi
790 5218 1174 5281 concedatur
1202 5219 1258 5280 si
1292 5218 1569 5279 laborem
1614 5216 1860 5279 viribus
1901 5213 2062 5276 forte
2093 5213 2253 5276 meis
2302 5213 2702 5292 superiorem
2746 5213 3228 5292 assumpserim.
3263 5213 3508 5273 Homo-

276 5342 525 5405 nymus
555 5324 727 5385 filius
754 5326 998 5385 Patrem
1049 5325 1363 5386 honorare
1399 5322 1617 5385 voluit.
1652 5325 1960 5383 Praeterea
1991 5320 2227 5398 saepius
2270 5318 2435 5381 clare
2481 5318 2779 5397 exprimit
2818 5319 3039 5380 beatus
3090 5317 3383 5379 Clemens
3413 5329 3513 5375 sa-

278 5439 757 5494 cramentorum
796 5428 1097 5492 Ecclesiaa
1130 5444 1316 5488 usum
1340 5472 1358 5504 ,
1386 5432 1739 5504 praesertim
1774 5424 2002 5486 divinae
2030 5424 2472 5495 Eucharistiw,
2507 5439 2828 5500 sacraeque
2867 5419 3337 5499 exomologesis
3368 5433 3513 5495 pec-

279 5548 576 5602 catorum
603 5559 619 5605 ;
652 5536 1090 5598 intemeratam
1122 5532 1375 5597 extollit
1405 5531 1835 5612 virginitatem
1865 5529 2254 5592 beatissima;
2284 5530 2521 5602 Mariae,
2548 5544 2691 5607 quas
2720 5523 2859 5588 ραδιὶ
2891 5524 3235 5586 Dominum
3267 5523 3512 5600 gremio

282 5656 410 5699 suo
445 5645 697 5717 gestare
730 5636 986 5698 meruit.
1033 5633 1278 5697 Pectori
1311 5649 1453 5694 meo
1482 5631 1690 5694 dulcis
1728 5638 1858 5694 erat
1886 5629 2292 5709 reproductio
2321 5629 2513 5708 hujus
2546 5627 2824 5706 antiqua)
2860 5625 3001 5686 ﬁdei
3038 5626 3337 5685 Romana)
3366 5637 3509 5701 quas

284 5756 549 5817 semper
567 5737 789 5799 eadem
805 5737 952 5811 fuit,
973 5747 1070 5799 est
1101 5741 1161 5796 et
1180 5733 1322 5795 erit.
1343 5735 1636 5795 Sanctum
1657 5732 2045 5816 Clementem
2076 5746 2283 5791 amare
2315 5728 2502 5791 debet
2531 5725 2758 5799 Gallia,
2779 5742 2922 5804 quae
2948 5723 3026 5785 ab
3054 5723 3196 5801 ipso
3226 5718 3511 5797 suscepit

295 5838 519 5917 plures
550 5838 867 5900 antistites
905 5856 1082 5913 suos,
1114 5854 1593 5919 generososque
1631 5844 1959 5915 martyres.
1986 5836 2184 5895 Nemo
2215 5840 2425 5898 autem
2462 5847 2608 5893 eum
2644 5825 2787 5908 plus
2826 5827 3094 5907 diligere
3125 5843 3196 5889 ac
3221 5820 3506 5887 venerari
