3916 6326
536 308 642 364 555
1313 312 1369 368 S.
1405 311 1799 368 CLEMENTIS
1831 313 1852 367 l
1886 311 2055 371 ROM.
2088 313 2293 370 PONT.
2330 311 2557 370 OPERA
2590 311 2915 370 GENUINA.
3601 327 3680 381 556

535 426 725 489 debet
753 442 942 505 quam
971 424 1317 507 episcopus
1348 429 1463 509 qui
1493 429 1666 492 claro
1704 431 1845 509 ejus
1874 432 2136 494 nomine
2164 432 2536 510 insignitur,
2563 432 2809 512 quique
2841 448 3171 494 successor
3199 439 3294 495 est
3321 438 3507 498 sancti
3533 438 3684 521 hujus

536 527 867 606 EutrOpii,
909 528 1194 608 episc0pi
1233 537 1295 592 et
1337 532 1670 612 martyris,
1707 551 1902 613 quem
1941 533 2022 596 ad
2063 534 2602 614 evangelizandos
2648 533 2956 596 Santones
3003 532 3221 596 beatus
3265 533 3538 598 Clemens
3580 540 3686 618 ipse

536 627 817 688 miserat.

615 726 835 786 Latine
861 724 1233 807 Galliceque
1268 726 1438 789 hunc
1464 727 1699 790 librum
1731 729 1948 806 edidi;
1983 747 2111 792 non
2147 731 2322 793 enim
2368 746 2483 809 pro
2521 730 2680 792 solis
2717 727 3132 808 pOpularibus
3161 731 3322 795 meis
3363 733 3687 812 scribebam,

534 824 646 885 sed
681 842 795 903 pro
826 826 1126 888 omnibus
1156 826 1344 888 etiam
1375 832 1693 892 extraneis
1711 832 1947 912 quibus
1969 833 2102 895 haec
2129 833 2317 895 lectio
2353 835 2658 912 prodesse
2684 840 2949 913 poterat.
2977 834 3284 896 Caeterum
3317 841 3690 902 necessarium

533 937 666 990 erat
707 947 1032 1009 Opponere
1068 929 1469 994 translationi
1504 935 1787 998 confusae
1816 935 2125 998 Wetstini
2171 945 2416 999 textum
2465 937 2709 999 clarum
2754 945 2815 998 et
2845 936 3155 997 lucidum.
3201 935 3439 997 Utinam
3471 939 3691 1001 aediﬁca-

532 1030 708 1092 tione
756 1040 816 1092 et
866 1035 1364 1097 sanctiﬁcatione
1401 1039 1690 1101 omnium
1722 1040 2034 1102 lectorum
2091 1045 2263 1104 Deus
2295 1041 2594 1121 Optimus
2642 1040 2961 1103 Maximus
2996 1039 3338 1117 adimpleat
3366 1042 3556 1103 cordis
3593 1047 3689 1106 mei

530 1127 855 1189 desideria
892 1130 905 1188 ι

608 1224 888 1302 Epistola
923 1227 1078 1304 haec,
1112 1232 1397 1299 Antistes
1428 1241 1692 1318 Optime,
1726 1242 1980 1323 longior
2016 1243 2343 1323 apparebit
2373 1243 2784 1323 quibusdam,
2819 1243 3172 1321 prmsertim
3195 1244 3475 1324 longiore
3499 1246 3692 1310 dissero

527 1325 768 1440 tatione
825 1346 968 1391 eam
1039 1334 1497 1417 subsequente.
1550 1345 1768 1420 Aliud,
1818 1363 2029 1426 spero,
2075 1348 2399 1428 judicium
2459 1349 2603 1424 erit,
2644 1354 3042 1411 momentum
3092 1343 3288 1424 hujus
3321 1343 3461 1405 libri
3496 1347 3693 1424 ponde-

526 1436 748 1493 rantis.

605 1526 670 1587 Si
701 1529 858 1608 quid
893 1532 959 1594 in
993 1534 1112 1597 hoc
1141 1552 1357 1614 opere,
1397 1540 1497 1603 vel
1518 1541 1584 1603 in
1620 1541 1767 1604 aliis
1798 1542 2346 1622 publicationibus
2373 1545 2558 1620 meis,
2585 1546 2800 1609 minus
2830 1553 3124 1610 exactum
3161 1547 3260 1610 vel
3281 1547 3689 1620 orthodoxam,

526 1637 743 1693 contra
776 1633 1192 1711 voluntatem,
1215 1637 1373 1699 mihi
1409 1638 1694 1717 elapsum
1718 1639 1937 1716 fuerit,
1973 1642 2095 1703 hoc
2125 1649 2331 1704 totum
2363 1643 2640 1723 subjicio
2672 1647 3052 1708 correctioni
3092 1656 3324 1709 sanctas
3375 1649 3572 1708 Matris
3606 1650 3692 1707 Ec.

524 1735 736 1795 closiaa
767 1738 1083 1811 Romanae,
1118 1738 1409 1819 sacrique
1443 1741 1621 1803 illius
1660 1743 1958 1818 Verticis,
1991 1743 2231 1824 quibus
2264 1744 2552 1823 spondeo
2579 1761 2650 1807 ac
2671 1746 2824 1826 juro
2854 1751 3290 1815 omnimodam
3322 1769 3390 1816 ac
3410 1753 3691 1827 sinceram,

522 1835 748 1927 intimo
784 1857 861 1900 ex
889 1842 1099 1916 corde,
1131 1844 1498 1909 ﬁdelitatem
1532 1855 1593 1909 et
1622 1847 2077 1913 obedientiam.

601 1934 725 2006 Qui
757 1936 912 1997 mihi
941 1939 1272 2016 inspiravit
1304 1951 1371 2004 ut
1394 1943 1514 2006 hoc
1536 1963 1701 2025 opus
1730 1946 1846 2007 tibi
1901 1948 2287 2022 dedicarem,
2316 1949 2554 2012 Praesul
2582 1952 3014 2031 ornatissime,
3055 1959 3256 2034 Deus,
3288 1958 3557 2021 omnium
3586 1957 3694 2019 fons

523 2030 858 2109 bonorum,
887 2037 1146 2114 spiritui
1179 2049 1292 2104 tuo
1321 2042 1764 2109 indesinenter
1792 2047 1982 2122 adsit,
2014 2055 2208 2129 teque
2259 2050 2375 2112 diu
2406 2050 2708 2116 Ecclesia:
2736 2052 2958 2132 decus,
2993 2030 3285 2124 ﬁdelium
3344 2061 3546 2124 lumen
3581 2060 3693 2121 ani-

524 2151 789 2211 marum,
823 2147 883 2201 et
913 2142 1267 2206 Praesulum
1298 2147 1650 2227 exemplar,
1684 2151 2079 2215 incolumem
2110 2162 2346 2219 servet.

601 2243 777 2304 Tuus
807 2245 872 2307 in
909 2246 1158 2310 Christo
1195 2255 1256 2311 et
1288 2247 1487 2311 Maria
1513 2247 1992 2314 addictissimus
2018 2269 2273 2329 servus,

2799 2411 2841 2484 ἰ’
2883 2409 3275 2483 CLEMENS,

2302 2558 2637 2607 EPISCOPUS
2699 2563 3114 2607 RUPELLENSIS
3175 2564 3258 2605 ΕΤ
3303 2559 3691 2606 εΑΝτοΝΕΝειε.

937 2678 1220 2728 Scribebam
1241 2679 1483 2742 Rupellaa,
1511 2679 1594 2729 die
1613 2682 1780 2730 octava
1798 2680 2072 2733 Nativitatis
2096 2683 2149 2734 Β.
2177 2685 2241 2734 Μ.
2264 2685 2322 2737 ν.
2347 2685 2484 2737 1852.

535 2864 3680 2896 —_—__________________________________________,

1662 3008 1770 3082 DE
1814 3015 2126 3083 DUABUS
2174 3021 2584 3084 EPISTOLIS

868 3197 1535 3312 sanan
1610 3198 2610 3313 annnam-ns
2665 3139 3406 3316 ROMANI

1729 3428 1877 3516 AD
1947 3426 2519 3519 VIRGINES

1323 3636 2273 3751 DISSERTATIO
2349 3638 2917 3758 PR/EVIA

593 3866 667 3926 lu
733 3877 860 3942 qua
891 3858 1278 3940 expenditur
1328 3875 1553 3921 earum
1611 3857 2064 3921 authenticitas
2114 3865 2174 3999 ett
2215 3857 2605 3922 refelluntur
2653 3860 3049 3941 objectiones
3095 3880 3243 3942 qua;
3283 3864 3435 3928 huic
3463 3882 3638 3945 oppo-

1993 3954 2129 3999 nun
2163 3955 2262 3999 ur.

1993 3954 2262 4001 nuntur.

2099 4265 2147 4322 Α
2244 4255 2477 4312 Prorsus
2501 4258 2774 4311 ﬁrmatum
2804 4264 2888 4314 est
2916 4259 3056 4327 quod
3089 4275 3485 4328 persenseram.
3515 4259 3701 4332 quando

2177 4351 2233 4405 in
2261 4349 2665 4420 possessionem
2698 4364 2872 4403 meam
2901 4350 3073 4404 amba:
3123 4351 3241 4406 ista:
3266 4354 3517 4424 Epistolaa
3544 4368 3702 4425 perve-

787 4275 953 4316 RA'I'IO
992 4275 1142 4315 NOVE
1181 4275 1341 4316 HUIUS
1365 4276 1787 4318 PUBLICATIONIS.

578 4443 678 4498 Diu
722 4443 1025 4499 desideravi
1057 4453 1110 4498 et
1146 4442 1370 4513 quaesivi
1410 4442 1546 4498 duas
1575 4444 1748 4500 sancti
1777 4442 2072 4501 Clementis

507 4532 738 4588 Romani
822 4533 1092 4604 Epistolas
1166 4533 1233 4586 ad
1289 4532 1538 4604 Virgines
1578 4576 1594 4600 ,
1672 4551 1792 4605 quae
1866 4536 2072 4590 saeculo

506 4626 854 4696 praecedenti,
923 4625 1108 4680 divina
1165 4624 1379 4681 favente
1422 4625 1790 4692 Providentia,
1839 4626 2073 4682 inventa:

505 4716 736 4771 fuerant.

573 4809 841 4865 Noveram
870 4810 1087 4880 quidem
1146 4810 1347 4865 acriter
1397 4811 1763 4882 impugnatam
1813 4809 1983 4866 fuisse
2038 4826 2069 4864 a

504 4899 1053 4970 pseudo-reformatis
1122 4916 1309 4956 earum
1389 4901 1874 4965 authenticitatem,
1949 4916 2070 4971 qua:

503 4994 667 5047 etiam
701 4992 1584 5070 quibusdamCatholicis‘anceps
1630 5000 1684 5047 et
1735 4992 1897 5047 dubia
1952 4994 2067 5048 visa

503 5085 701 5140 fuerat.
732 5083 868 5139 Cum
900 5093 1079 5139 autem
1107 5091 1254 5139 certe
1289 5085 1484 5140 scirem
1513 5089 1567 5139 in
1593 5085 1677 5140 his
1700 5085 1925 5156 reperiri
1948 5101 2067 5156 qua:

505 5176 742 5247 perlecte
769 5175 1142 5246 congruebant
1174 5175 1500 5230 testimoniis
1535 5176 1711 5230 sancti
1754 5174 2065 5247 Hieronymi

501 5276 558 5323 et
586 5269 758 5324 sancti
781 5266 1089 5338 Epiphanii,
1121 5266 1442 5337 suspicabar
1471 5283 1502 5321 a
1530 5266 1815 5339 discipulis
1843 5267 2064 5322 Lutheri

501 5367 555 5416 et
585 5360 794 5414 Calvini
829 5360 942 5414 haec
984 5359 1324 5428 antiquitatis
1362 5370 1710 5413 monumenta
1757 5359 1926 5416 fuisse
1978 5376 2065 5414 re-

502 5453 728 5524 probata
758 5453 1028 5525 praecipue
1055 5467 1120 5506 ex
1145 5452 1272 5506 odio
1314 5450 1661 5522 virginitatis,
1687 5459 1741 5506 et
1769 5468 1799 5506 a
1838 5452 2064 5523 quibus-

501 5542 625 5596 dam
657 5542 941 5596 catholicis
975 5540 1096 5597 ideo
1142 5557 1252 5595 non
1300 5540 1470 5596 fuisse
1497 5541 1735 5597 admissa
1773 5540 1916 5610 quod
1952 5541 2063 5594 haec

2175 4450 2394 4505 nerunt,
2445 4455 2646 4511 easque
2685 4449 2888 4496 attente
2937 4444 3300 4501 consideravi.
3347 4447 3563 4518 Insuper
3609 4445 3702 4500 sola

2176 4532 2452 4597 Wetstini,
2492 4535 2583 4603 qui
2617 4535 2716 4588 has
2744 4549 2774 4588 e
2815 4533 3037 4604 Syriaco
3069 4536 3122 4590 in
3169 4535 3422 4592 Latinum
3473 4546 3700 4599 verterat,

2174 4626 2502 4697 negligentia
2533 4627 2778 4680 suﬂicere
2806 4627 2936 4680 mihi
2966 4629 3082 4683 visa
3109 4639 3209 4694 est,
3242 4639 3304 4684 ut
3326 4631 3492 4685 lector
3513 4647 3703 4699 respue-

2172 4724 2253 4768 ret
2285 4715 2548 4784 scriptum
2593 4715 2727 4769 adeo
2757 4715 3091 4770 inconditum
3143 4737 3155 4771 :
3213 4721 3428 4777 etiamsi
3476 4721 3609 4775 enim
3635 4718 3700 4771 vel

2174 4804 2397 4860 minime
2435 4807 2810 4861 attenderetur
2831 4807 3074 4873 ruditati,
3108 4826 3176 4865 ne
3222 4811 3401 4867 dicam
3430 4811 3698 4883 imperitiae.

2171 4891 2505 4960 Latinitatis,
2565 4897 2868 4962 rarissime,
2910 4908 2970 4953 ut
3026 4901 3138 4970 jam
3189 4901 3326 4968 dixi,
3365 4914 3539 4959 textus
3572 4901 3698 4956 Seri-

2171 4995 2342 5057 ptura:
2373 4987 2641 5058 interpres
2668 4989 3046 5045 animadvertit
3075 5001 3128 5046 et
3150 4998 3370 5064 agnovit
3392 5015 3406 5063 ;
3430 5013 3522 5052 nec
3543 4996 3700 5050 forsan

2169 5080 2352 5136 minus
2402 5095 2528 5135 raro
2585 5084 2825 5138 auctoris
2900 5083 2984 5137 sui
3042 5086 3200 5154 plene
3249 5102 3473 5142 sensum
3525 5086 3692 5158 attigit.

2167 5174 2298 5229 lnde
2355 5174 2557 5227 factum
2613 5183 2696 5229 est
2769 5185 2822 5230 ut
2871 5178 3094 5247 xsazpius
3162 5181 3568 5252 inintelligibilis
3619 5189 3697 5234 aut

2168 5266 2436 5320 barbarus
2515 5266 2758 5336 prodiret
2833 5268 2958 5336 iius
3036 5271 3212 5325 sancti
3280 5272 3567 5330 Clementis
3629 5271 3694 5324 la-

2165 5360 2284 5413 hor.

2235 5448 2523 5515 Exhorrui,
2555 5446 2748 5513 fateor,
2777 5447 2917 5502 hanc
2936 5449 3305 5508 diﬂicultatum
3331 5455 3515 5510 silvam
3545 5453 3699 5520 ingre-

2166 5541 2402 5595 diendo:
2434 5555 2534 5595 nec
2561 5539 2786 5596 deerant
2814 5542 3051 5598 rationes
3097 5545 3293 5614 quibus
3343 5547 3412 5600 ab
3441 5545 3522 5599 his
3556 5539 3700 5597 extri-

502 5647 534 5685 a
569 5634 836 5702 suspectis
859 5635 1112 5691 manibus
1150 5633 1329 5689 oblata
1383 5649 1493 5690 non
1532 5633 1667 5690 satis
1699 5640 1911 5690 mature
1933 5648 2069 5703 pon-
2099 5620 2141 5675 Β
2171 5633 2362 5687 candis
2391 5632 2571 5688 dumis
2595 5648 2921 5689 removerer.
2954 5634 3054 5689 Hic
3082 5635 3226 5690 enim
3266 5639 3414 5693 labor
3442 5637 3577 5706 exigi
3605 5645 3697 5686 non

500 5722 781 5780 derassent

2174 5733 2352 5796 potest
2393 5724 2461 5781 ab
2491 5725 2745 5795 episcopo
2792 5726 2938 5783 mille
2996 5726 3120 5784 aliis
3163 5730 3417 5800 gravibus
3460 5726 3599 5784 curis
3625 5725 3695 5777 in-
