3916 6326
234 321 321 375 357
1103 323 1462 382 EPISTOL/E
1518 325 1610 380 AD
1678 325 2018 382 VIHGINES.
2053 358 2121 367 —
2155 323 2514 380 PHOUSMIA.

3314 324 3419 380 35%

228 441 374 486 tento.
411 430 667 489 Praeterea
719 436 958 492 sciebam
1007 443 1274 498 sectarios
1324 459 1433 498 non
1485 443 1754 513 aequiores
1785 449 1828 504 Α
1857 445 1950 498 sed
1981 453 2036 499 et
2058 445 2333 513 defunctus
2369 442 2540 496 adhuc
2570 442 2774 495 locutus
2795 440 2938 504 est’,
2968 438 3119 502 dum,
3139 453 3236 509 per
3265 438 3420 508 plura

225 524 412 578 futuros
438 539 555 579 esse
583 539 708 596 erga
737 529 1199 587 elucubrationem
1232 549 1428 597 meam,
1467 543 1752 605 postquam

222 613 442 682 ejusdem
497 618 710 685 generis
742 617 908 674 fetum
956 637 987 674 a
1020 623 1194 678 sodali
1239 627 1442 680 editum
1477 633 1586 680 tam
1638 627 1755 681 dire

223 705 535 761 lacesserint.
593 705 978 778 Expendebam
1032 731 1250 784 quoque
1302 717 1597 784 modicum,
1660 717 1755 788 qui

181 798 403 867 ,sperari
453 808 655 868 posset,
701 803 863 872 hujus
909 808 1156 875 opusculi
1214 808 1452 864 fructum
1490 830 1502 865 :
1555 810 1755 867 fratres

218 889 343 942 enim
372 892 539 944 nostri
569 903 838 958 errantes,
872 896 976 951 hoc
1005 899 1152 953 edito
1202 901 1401 966 libello,
1433 918 1540 956 non
1575 904 1757 959 minus

217 996 361 1050 quam
404 990 561 1036 antea
611 984 912 1055 virginitati
950 988 1148 1045 infensi
1180 1002 1361 1056 erunt,
1393 994 1603 1048 etiamsi
1637 995 1756 1050 luce

215 1073 395 1127 clarius
428 1076 748 1144 probaretur
776 1080 1119 1136 authenticas
1141 1098 1264 1139 esse
1300 1086 1476 1139 sancti
1507 1087 1756 1142 Clemen-

216 1165 275 1218 tis
308 1163 568 1234 Fpistolas
609 1170 673 1222 ad
709 1169 979 1241 Virgines.
1004 1171 1120 1226 Non
1149 1174 1414 1243 siquidem
1441 1176 1569 1230 huic
1619 1193 1756 1246 pon-

214 1257 326 1310 tilici
349 1257 557 1312 felicior
587 1262 866 1332 obtingere
897 1279 1019 1319 sors
1050 1275 1226 1334 potest
1247 1281 1410 1336 quam
1432 1268 1559 1323 divo
1585 1269 1756 1325 Paulo

214 1351 348 1418 cujus
380 1360 494 1405 erat
553 1354 879 1425 discipulus.
937 1359 1202 1414 Catholici
1265 1364 1365 1415 hoc
1402 1378 1544 1417 novo
1596 1379 1756 1435 argu-

215 1448 374 1493 mento
401 1456 506 1494 non
563 1443 808 1515 indigent
843 1456 902 1500 ut
957 1446 1265 1503 doctrinam
1307 1460 1509 1506 sanctae
1566 1454 1756 1508 matris

215 1530 445 1586 Ecclesia:
463 1537 894 1591 commendatam
922 1539 1175 1595 habeant.
1229 1541 1488 1611 Tandem,
1523 1546 1753 1610 aiebam,

216 1624 253 1677 si
280 1622 377 1678 Deo
401 1627 667 1694 placuerit
715 1631 992 1685 emendari
1037 1641 1092 1687 et
1149 1637 1476 1706 explicatum
1536 1640 1756 1708 prodire

217 1732 331 1785 opus
362 1717 524 1782 istud,
584 1719 757 1774 lucem
817 1737 882 1776 ac
927 1724 1282 1790 voluntatem,
1321 1737 1380 1781 ut
1419 1728 1753 1797 perficiatur,

218 1809 476 1876 inspirabit
505 1810 604 1864 uni
640 1827 706 1866 ex
737 1820 818 1866 tot
848 1814 954 1884 piis
1006 1815 1324 1874 doctoribus
1351 1820 1444 1888 qui
1495 1820 1757 1876 insudant

218 1901 350 1956 hodie
369 1903 418 1956 in
441 1904 701 1959 eruendis
736 1915 790 1961 et
814 1907 1132 1978 evulgandis
1155 1917 1234 1963 tot
1263 1918 1506 1966 veterum
1535 1911 1755 1969 Patrum

216 1991 457 2045 thesauris
488 1993 852 2050 absconditis.

277 2078 480 2151 Semper
520 2090 703 2139 tamen
738 2089 1098 2154 perseveravit
1129 2089 1184 2144 in
1207 2105 1294 2146 me
1321 2101 1499 2146 motus
1531 2093 1759 2150 interior

218 2185 308 2236 quo
332 2172 391 2224 ad
421 2172 571 2228 hunc
615 2175 856 2230 laborem
889 2180 1140 2249 urgebar.
1179 2183 1263 2235 An
1324 2183 1413 2237 ille
1447 2194 1627 2240 motus
1662 2202 1758 2241 su-

221 2264 544 2330 pernaturalis
587 2263 750 2319 fuerit
810 2282 912 2321 nec
943 2267 1228 2333 allirmare,
1289 2286 1390 2325 nec
1441 2288 1640 2343 negare
1660 2290 1760 2328 au-

222 2351 323 2407 deo.
345 2353 512 2408 Dicam
547 2357 896 2412 solummodo
914 2358 1059 2428 quod
1090 2375 1185 2429 per
1220 2361 1402 2428 plures
1423 2379 1594 2418 annos
1623 2379 1760 2419 cuu-

220 2452 418 2500 ctantem
447 2455 679 2502 sanctus
708 2446 957 2506 Clemens
987 2451 1136 2507 intus
1166 2467 1391 2521 arguere
1426 2469 1512 2508 me
1538 2454 1760 2508 videba-

217 2541 319 2599 tur;
344 2537 490 2606 quasi
515 2537 896 2607 (idejussorem
910 2547 964 2594 et
982 2539 1286 2609 adjutorem
1315 2546 1495 2611 operis
1521 2542 1757 2598 offerens

218 2638 316 2679 sese
346 2645 358 2680 :
390 2635 445 2681 ut
470 2629 930 2699 quemadmodum
962 2631 1076 2701 ipse
1110 2633 1473 2704 virginitatem
1505 2635 1758 2692 laudibus

217 2731 564 2782 exornaverat,
602 2722 886 2791 cautisque
925 2723 1148 2778 monitis
1195 2739 1314 2777 eam
1351 2727 1755 2793 prae-munierat,

219 2810 282 2863 sic
302 2826 390 2880 ego
420 2811 787 2882 Epistolarum
816 2830 1037 2870 suarum
1061 2816 1535 2871 authenticitatem
1563 2826 1757 2874 contra

217 2901 530 2959 oblocutores
558 2905 774 2960 naviter
817 2907 1088 2962 ﬁrmarem
1126 2926 1140 2964 :
1180 2909 1270 2978 qui
1318 2910 1455 2962 enim
1495 2911 1662 2978 aperit
1699 2928 1756 2964 os

217 3004 450 3049 mutorum
477 2998 520 3063 ί,
572 2999 759 3064 etiam,
795 2999 1016 3068 quando
1065 3001 1202 3066 vult,
1254 3001 1671 3072 loquacissimos
1703 3010 1758 3058 et

217 3087 587 3146 audacissimos
625 3099 804 3147 mutos
826 3093 1008 3148 ellicit.

271 3177 431 3243 Quare
456 3182 672 3239 diutius
706 3185 1062 3249 haesitassem,
1089 3201 1212 3240 cum
1244 3187 1408 3257 hujus
1437 3189 1627 3258 libelli,
1660 3209 1757 3262 per

216 3279 280 3326 tot
303 3275 486 3328 saecula
545 3276 883 3343 absconditi,
918 3281 1218 3349 publicatio
1247 3282 1315 3337 ad
1362 3282 1625 3352 majorem
1662 3284 1756 3340 Dei

216 3361 413 3430 gloriam
449 3375 504 3420 et
575 3367 643 3420 ad
689 3378 895 3424 sanctae
951 3372 1140 3428 matris
1179 3371 1435 3428 Ecclesiae
1496 3373 1756 3430 honorem

217 3467 408 3525 vergere
440 3466 572 3512 nata
599 3461 777 3516 esset?

271 3546 413 3603 Certe
440 3551 486 3605 si
516 3551 639 3606 sola
664 3553 975 3623 eloquentia
1010 3555 1064 3609 in
1093 3557 1318 3627 scriptis
1345 3557 1584 3628 antiquis
1607 3573 1757 3628 qua:-

217 3656 417 3712 reretur,
445 3650 500 3704 in
523 3651 802 3708 oblivione
834 3655 1066 3725 relinqui
1100 3658 1404 3726 potuissent
1433 3660 1609 3714 sancti
1633 3659 1756 3715 Cle-

217 3742 386 3795 mentis
411 3741 674 3812 Epistolas
710 3760 846 3813 quas
899 3747 1240 3816 publicamus
1275 3770 1288 3804 :
1343 3751 1466 3805 libri
1521 3767 1757 3821 namque

217 3833 700 3899 superabundantes
750 3837 1023 3905 politioris
1079 3840 1401 3897 litteratum
1438 3850 1492 3898 et
1543 3844 1756 3899 eximia!

215 3936 411 3989 pocseos
440 3927 805 3998 undequaque
826 3930 892 3984 ad
914 3947 1014 3985 nos
1036 3943 1421 4000 pervenerunt.
1453 3935 1517 3988 Et
1547 3935 1754 3989 utinam

215 4018 474 4084 periissem
503 4027 588 4075 tot
630 4036 794 4091 opera
844 4024 1002 4092 plena
1056 4025 1393 4082 fmditatibus
1430 4035 1485 4083 et
1517 4029 1752 4083 immun-

213 4104 340 4162 ditiis
383 4111 580 4165 vitium
631 4113 905 4182 eleganter
955 4114 1392 4173 insinuantibus!
1445 4118 1684 4184 Utinam,
1726 4139 1757 4178 e

215 4207 405 4268 contra,
453 4205 767 4259 conservati
836 4205 1086 4271 fuissent,
1142 4224 1330 4263 eorum
1387 4211 1545 4275 loco,
1594 4213 1756 4268 innu-

215 4294 328 4347 meri
379 4307 698 4352 sanctorum
747 4297 971 4354 Patrum
1042 4302 1284 4357 thesauri
1364 4303 1565 4373 injuria
1618 4314 1756 4361 tem-

213 4396 380 4451 porum
447 4389 693 4456 amissi,
777 4391 1167 4464 caelestemque
1238 4394 1562 4465 sapientiam
1641 4400 1756 4468 spi-

213 4487 370 4537 rantes
386 4481 398 4534 !

465 4681 703 4722 PHETIUI
729 4681 888 4722 HUIUS
909 4683 1214 4724 ιιοισυιιεκτι
1237 4686 1472 4734 ANTIQUI.

275 4751 480 4820 Verum,
518 4760 616 4814 has
648 4761 790 4815 inter
817 4762 1056 4825 divitias,
1100 4763 1238 4816 tanti
1292 4765 1455 4818 nulla:
1495 4763 1752 4818 aestimari

213 4841 389 4900 debent
414 4852 603 4918 quanti
634 4851 874 4904 virorum
928 4853 1348 4921 apostolicorum
1383 4855 1584 4925 scripta
1638 4870 1757 4924 quae

216 4937 368 5004 prima
391 4940 828 4997 Christianorum
854 4946 1080 5016 vestigia
1109 4946 1270 5002 nobis
1322 4946 1597 5016 detegunt,
1620 4962 1757 5016 prse-

215 5025 350 5093 eipue
372 5037 546 5084 autem
575 5031 620 5085 si
650 5047 715 5085 ex
749 5032 832 5087 his
864 5032 931 5086 ad
963 5049 1064 5089 nos
1101 5035 1290 5089 reboet
1347 5035 1594 5104 quzedam
1618 5035 1754 5089 echo

217 5126 397 5172 remota
427 5123 718 5190 pontificis:
767 5125 917 5180 vocis
948 5141 1069 5195 qua:
1098 5125 1314 5195 penitus
1342 5126 1613 5180 exstincta
1645 5141 1758 5180 creo

218 5207 442 5267 dehatur.
474 5213 629 5279 Quis,
661 5232 847 5286 porro,
883 5233 1075 5281 sonus,
1108 5225 1231 5287 post
1264 5217 1634 5288 apostolorum
1661 5232 1757 5271 vo-

217 5314 338 5369 cem,
365 5305 562 5359 clarior
613 5309 771 5364 nobis
817 5310 898 5364 vel
929 5310 1150 5365 charior
1187 5325 1309 5365 esse
1350 5317 1529 5378 potest
1591 5323 1756 5379 quam

219 5405 306 5444 vox
332 5398 498 5449 sancti
531 5395 822 5454 Clementis
853 5417 974 5470 quas
1005 5401 1166 5456 toties
1197 5401 1254 5454 in
1308 5400 1549 5456 fidelium
1600 5400 1758 5454 coeti—

222 5481 310 5538 bus
341 5503 495 5546 aures
532 5501 763 5548 attentas
804 5493 1071 5563 implevit,
1105 5502 1324 5564 pectora
1369 5501 1558 5548 sancta
1607 5508 1758 5547 com-

221 5580 393 5633 movit!
425 5579 542 5636 Non
575 5585 730 5640 modo
759 5599 994 5655 namque
1044 5585 1160 5656 ipse
1200 5584 1388 5642 vivens
1418 5583 1754 5654 praedicavit,

285 5755 301 5786 ⁸
328 5755 447 5830 Sap.
481 5776 536 5828 x,
561 5761 644 5818 2i.
723 5764 744 5797 ’
775 5766 939 5824 Hebr.
968 5782 1045 5832 xl,
1076 5765 1130 5821 4.
1207 5765 1226 5798 ³
1256 5763 1404 5823 Psal.
1436 5781 1631 5833 xxxm,
1656 5765 1746 5820 21.

1826 5765 1848 5798 ⁸
1872 5766 1910 5823 Ι.
1947 5781 2029 5833 tu,
2059 5781 2094 5837 (ξ
2157 5767 2212 5822 5.

1856 537 2076 601 szecula,
2108 536 2281 607 ipsius
2311 537 2515 604 scripta
2561 533 2809 590 fidelibus
2847 534 3176 602 legerentur.
3204 529 3280 583 Eo
3321 545 3422 600 pu—

1855 630 1969 683 rior
2020 644 2158 700 aqua
2184 636 2367 683 manat
2391 643 2498 698 quo
2529 627 2661 683 fonti
2693 625 3048 698 propinquior
3095 633 3197 678 est.
3250 621 3421 676 Nemo

1854 737 1983 777 vero
2011 722 2186 776 nescit
2217 719 2374 774 fidem
2405 734 2470 773 ac
2519 719 2733 774 vivendi
2766 719 2993 772 formam
3042 717 3192 772 cordi
3244 714 3418 770 sancti

1855 811 2152 866 Clementis
2186 810 2478 865 instillatas
2531 809 2702 866 fuisse
2745 811 2816 864 ab
2867 811 2999 879 ipsis
3032 807 3292 878 apostolis
3319 805 3422 860 Pe-

1855 912 1940 958 tro
1967 915 2019 959 et
2042 903 2211 957 Paulo
2241 918 2471 973 quorum
2498 903 2802 973 discipulus
2833 911 2969 957 erat.
2997 901 3200 956 Horum
3241 915 3421 954 mores

1857 996 2236 1051 sanctissimos
2265 1009 2448 1047 coram
2475 993 2707 1050 intuitus
2733 1002 2839 1059 est,
2862 995 3181 1062 caeterisque
3204 992 3421 1045 intuen-

1856 1087 1957 1140 dos
1987 1101 2052 1141 ac
2084 1087 2377 1144 imitandos
2413 1089 2698 1159 proposuit
2751 1107 2764 1142 :
2823 1087 3020 1157 dignus
3056 1084 3298 1155 profecto
3327 1081 3421 1152 qui

1857 1178 1927 1232 ab
1975 1179 2093 1248 ipso
2140 1177 2300 1234 Petro
2348 1181 2402 1234 in
2473 1193 2850 1235 successorem
2907 1178 3198 1247 eligeretur
3236 1195 3249 1228 :
3303 1175 3423 1244 ejus

1855 1271 2056 1341 quippe
2090 1272 2344 1336 scientia,
2367 1273 2499 1334 vita,
2535 1270 2855 1342 martyrium
2885 1270 3022 1325 satis
3072 1269 3369 1339 probarunt
3392 1283 3423 1320 a

1856 1363 1996 1415 cmlo
2053 1361 2374 1432 inspiratam
2435 1362 2608 1418 fuisse
2683 1371 2794 1416 tam
2857 1361 3123 1428 eximiam
3195 1358 3421 1414 electio-

1856 1468 2001 1507 nem.

1929 1543 2099 1610 Quale
2150 1543 2252 1597 fuit
2301 1545 2447 1600 illius
2494 1545 2750 1598 meritum
2799 1544 2960 1613 cujus
3018 1539 3427 1613 prmdestinatio

1856 1634 2094 1705 gloriosa
2125 1634 2194 1688 ab
2227 1635 2345 1704 ipso
2379 1634 2537 1689 beato
2578 1633 2743 1687 Paulo
2788 1631 3046 1702 praedicta
3098 1630 3211 1684 est!
3253 1626 3424 1694 Quem

1858 1728 2106 1782 certatim
2162 1728 2411 1782 laudibus
2451 1727 2683 1781 eﬂ‘erunt
2720 1725 2974 1780 maximis
3031 1722 3274 1794 Ignatius
3316 1720 3428 1773 An-

1859 1819 2163 1884 tiochenus,
2197 1819 2431 1875 Irenzeus
2476 1819 2880 1889 Lugdunensis,
2911 1817 3164 1870 Clemens
3192 1814 3427 1866 Alexan-

1857 1910 2070 1972 drinus,
2123 1909 2405 1981 Origenes,
2465 1909 2756 1972 Eusebius,
2797 1907 3154 1969 Athanasius,
3187 1905 3425 1976 Cyrillus

1858 1997 2408 2070 Hierosolymitanus,
2467 1999 2700 2068 Optatus
2769 1996 3133 2058 Milevitanus,
3192 1993 3428 2064 Epipha-

1859 2092 2007 2154 nius.
2039 2090 2297 2154 Basilius,
2327 2089 2714 2160 Hieronymus,
2746 2086 3013 2151 'Ruﬁnus,
3065 2085 3427 2155 Augustinus,

1858 2183 2162 2238 Eucherius
2192 2181 2592 2252 Lugdunensis,
2630 2179 3012 2247 innumerique
3042 2177 3166 2230 alii!

1927 2274 2046 2329 Non
2081 2274 2210 2329 solae
2239 2274 2418 2328 sancti
2443 2272 2739 2328 Clementis
2783 2271 2849 2326 ad
2896 2270 3146 2341 Virgines
3173 2267 3429 2338 Epistolae

1858 2377 2164 2438 temporum
2197 2368 2453 2436 injuriam
2510 2367 2813 2430 subierant,
2869 2365 3102 2436 plurima
3151 2364 3256 2416 alia
3289 2361 3427 2414 tanti

1858 2460 2132 2530 pontificis
2164 2463 2368 2530 scripta
2421 2460 2622 2514 amissa
2655 2465 2803 2523 sunt,
2846 2466 2900 2512 et
2942 2473 3063 2527 qua:
3111 2460 3426 2523 supersunt,

1859 2564 1952 2610 aut
1982 2556 2170 2610 mutila
2224 2562 2318 2610 aut
2369 2565 2627 2624 corrupta
2673 2556 2738 2607 ad
2788 2569 2890 2609 nos
2916 2552 3238 2606 transmissa
3276 2558 3424 2605 sunt.

1859 2647 2116 2703 Dominus
2147 2655 2327 2702 autem
2386 2647 2474 2716 qui
2526 2645 2753 2699 custodit
2810 2662 2930 2699 ossa
2960 2645 3274 2699 Sanctorum
3306 2657 3430 2694 suo-

1860 2756 1976 2792 rum
2007 2739 2048 2802 ³,
2110 2752 2304 2808 eaque,
2341 2751 2464 2790 cum
2523 2737 2623 2791 sibi
2679 2737 2879 2806 placet,
2931 2734 3159 2796 revelat,
3224 2731 3430 2800 scripta

1859 2831 2022 2885 etiam
2053 2844 2244 2884 eorum
2296 2827 2646 2898 quandoque,
2695 2843 2791 2897 per
2847 2827 3162 2895 quemlibet,
3213 2822 3431 2879 etiamsi

1860 2919 2117 2974 Ecclesiae
2145 2917 2428 2972 catholicae
2460 2928 2801 2980 extraneum,
2831 2915 3162 2970 manifestat.

1933 3012 2044 3080 Sic,
2100 3026 2243 3066 anno
2292 3010 2452 3075 1653,
2505 3008 2860 3063 doctissimus
2891 3006 3088 3062 Junius
3129 3004 3426 3071 Patricius,

1782 3127 1828 3188 ο
1861 3104 2188 3160 Oxoniensis
2214 3142 2230 3167 ,
2263 3101 2432 3157 edidit
2472 3099 2656 3155 Grzece
2689 3098 2988 3170 Latineque
3018 3099 3248 3169 primam
3282 3096 3431 3164 ejus-

1864 3199 1984 3253 dem
2016 3197 2191 3251 sancti
2219 3194 2515 3250 Clementis
2556 3192 2852 3263 Epistolam
2886 3190 2951 3245 ad
2999 3188 3332 3252 Corinthios,
3365 3202 3432 3241 ex

1865 3289 2249 3359 antiquissimo
2305 3286 2677 3355 manuscripto
2735 3282 3124 3338 Alexandrino.
3177 3278 3288 3343 Sic,
3320 3278 3433 3332 fere

1863 3379 2055 3435 thebus
2087 3378 2314 3440 nostris,
2338 3375 2573 3431 Joannes
2605 3373 2842 3428 Jacobus
2882 3371 3208 3432 Wetstinus,
3242 3385 3272 3424 e
3308 3383 3433 3438 pro-

1864 3469 2183 3525 testantium
2239 3470 2400 3522 etiam
2436 3481 2613 3536 grege,
2658 3463 2877 3535 Syriace
2908 3477 2970 3516 ac
3023 3461 3211 3515 Latine
3240 3458 3430 3522 edidit,

1865 3561 2112 3633 Lugduni
2143 3560 2488 3624 Batavorum,
2515 3557 2652 3611 duas
2681 3556 2814 3609 alias
2844 3554 3018 3608 sancti
3045 3553 3338 3607 Clementis
3363 3551 3429 3605 ad

1864 3653 2116 3723 Virgines
2157 3651 2454 3722 Epistolas,
2512 3665 2651 3720 quas
2680 3663 2748 3703 ex
2804 3646 3028 3716 antiquo
3057 3643 3432 3712 manuscripto

1868 3745 2094 3817 Syriaco
2148 3744 2286 3799 Novi
2338 3742 2691 3806 Testamenti,
2735 3739 2924 3810 Alepo,
2980 3737 3048 3792 ab
3105 3737 3432 3806 imperatore

1864 3838 2168 3892 Turcarum
2204 3837 2394 3900 misso,
2424 3834 2589 3890 eruit.

1935 3930 2170 3984 Litteras
2218 3929 2392 3983 sancti
2449 3922 2748 3980 Clementis
2798 3922 2864 3977 ad
2911 3921 3226 3976 Corinthios
3267 3927 3427 3975 vocat

1864 4032 2087 4081 sanctus
2129 4021 2363 4077 lrenzeus
2401 4019 2791 4088 potentissimas
2825 4017 2867 4071 ⁸.
2922 4015 3162 4069 Primam
3211 4014 3279 4068 ad
3327 4028 3423 4068 eos

1868 4119 2163 4190 Epistolam
2201 4123 2427 4171 sanctus
2457 4112 2820 4181 Hieronymus
2855 4115 3088 4164 testatur
3140 4107 3430 4178 specialius

1863 4225 1985 4264 esse
2013 4206 2161 4262 valde
2189 4206 2390 4259 utilem.
2435 4222 2452 4254 ι
2502 4201 2626 4255 Haec
2659 4198 2906 4262 videtur,
2957 4201 3068 4264 ait,
3121 4199 3428 4252 characteri

1866 4301 2136 4370 Epistolas,
2161 4313 2280 4367 quae
2309 4296 2410 4350 sub
2435 4293 2586 4347 Pauli
2618 4291 2837 4345 nomine
2866 4290 2933 4343 ad
2954 4290 3206 4346 Hebraeos
3238 4289 3427 4353 fertur,

1864 4392 2153 4448 convenire
2183 4390 2257 4443 ’.ι
2297 4388 2441 4442 Idem
2487 4391 2708 4440 sanctus
2755 4384 2946 4438 doctor
2979 4384 3189 4438 dubitat
3230 4381 3297 4436 de
3325 4398 3424 4434 au-

1796 4477 1838 4532 Ῑ)
1868 4484 2206 4539 thenticitate
2240 4478 2558 4551 posterioris
2620 4476 2863 4548 epistolae
2893 4476 3067 4532 sancti
3132 4475 3427 4531 Clementis

1862 4575 1930 4630 ad
1958 4572 2294 4630 Corinthios.

1865 4773 2121 4814 ΠΟΙΕΝΤΔ
2176 4771 2293 4819 ρυλε
2342 4769 2618 4810 Αετιιιιυιίτ
2673 4768 2989 4808 NOSTRAHL'I
3056 4767 3429 4806 ειηετοιιιιωι

2385 4838 2912 4880 ΔυΤΙΙι-ΖΝΤΙΟΙΤΛΤΕΜ.

1935 4939 2011 4994 De
2043 4939 2310 4994 ambabus
2358 4938 2620 5008 Epistolis
2654 4953 2793 5008 quas
2823 4936 3004 4998 hodie,
3053 4942 3174 5006 post
3204 4934 3429 4989 Wetsti-

1863 5047 2016 5091 num,
2042 5030 2408 5099 publicamus,
2437 5029 2652 5083 locutus
2683 5035 2766 5082 est
2796 5037 3020 5084 sanctus
3043 5025 3423 5096 Hieronymus,
3520 5095 3526 5102 .

1861 5124 1953 5178 lib.
1987 5139 2002 5176 I
2048 5132 2231 5177 contra
2257 5121 2598 5176 Iovinianum
2626 5162 2640 5186 ,
2668 5120 2857 5175 dicens
2884 5138 2897 5174 :
2956 5138 2974 5170 ι
3005 5118 3068 5172 Hi
3101 5127 3226 5172 sunt
3255 5134 3426 5172 eunu-

1861 5217 1950 5269 chi
1980 5231 2120 5285 quos
2180 5213 2444 5268 castravit
2479 5229 2588 5267 non
2639 5213 2962 5274 necessitas,
3012 5211 3106 5264 sed
3151 5211 3419 5274 voluntas,

1861 5315 2082 5378 propter
2111 5321 2336 5376 regnum
2384 5306 2665 5359 caelorum.
2698 5304 2779 5358 Ad
2805 5305 2906 5358 hos
2937 5310 2989 5356 et
3018 5302 3267 5357 Clemens
3300 5317 3424 5356 suc-

1863 5415 2051 5455 cessor
2076 5398 2308 5468 apostoli
2359 5396 2504 5451 Petri
2537 5398 2751 5466 scripsit
2778 5396 3068 5466 epistolas;
3101 5410 3425 5465 omnemque

1817 5490 1821 5499 “
1862 5505 1998 5560 pene
2025 5505 2332 5545 sermonem
2366 5505 2526 5543 suum
2555 5489 2623 5543 de
2653 5489 2985 5559 virginitatis
3015 5489 3252 5558 puritate
3291 5502 3424 5542 con-

1819 5606 1826 5615 -
1863 5581 2068 5636 texuit:
2097 5588 2149 5636 et
2180 5580 2436 5650 deinceps
2467 5579 2622 5634 multi
2648 5578 2952 5649 apostolici,
2974 5585 3028 5633 et
3055 5589 3342 5650 martyres,
3372 5583 3428 5634 et

2285 5765 2305 5796 '
2329 5764 2400 5818 De
2439 5765 2618 5833 script.
2671 5761 2824 5831 εδει..
2855 5779 2905 5818 c.
2941 5759 3030 5819 l5.
