3916 6326
518 305 620 361 359

1303 303 1360 359 S.
1397 300 1791 357 CLEMENTIS
1825 301 1843 353 l
1878 299 2046 356 ROM.
2082 301 2286 358 ΡΟΝΤ.
2325 302 2551 359 UPERA
2584 301 2909 359 GENUINA.
3598 314 3673 371 55c

516 423 759 477 illustres
785 428 892 474 tam
922 421 1208 476 sanctitate
1242 433 1405 490 quam
1436 420 1745 490 eloquentia
1770 420 1874 475 viri
1898 459 1913 485 ,
1942 434 2080 491 quos
2108 440 2152 495 Α
2184 420 2265 475 las
2282 420 2348 474 ad
2362 419 2873 476 Corinthios.Patct
2892 418 3058 474 etiam
3082 417 3261 474 Graece
3274 421 3518 491 scriptum
3544 424 3680 485 fuisse

512 530 582 571 ex
612 513 847 585 propriis
882 514 1100 583 scriptis
1128 528 1291 568 nosse
1313 513 1571 582 perfacile
1606 520 1743 569 est.»

586 610 663 665 De
694 610 887 666 iisdem
913 609 1175 679 Epistolis
1211 608 1292 664 sic
1322 608 1563 680 loquitur
1594 613 1820 662 sanctus
1852 604 2086 677 Epipha-

513 701 641 758 nius
666 701 687 732 ⁶
721 720 735 756 :
768 718 788 757 ι
820 701 942 771 Ipse
966 699 1217 755 Clemens
1270 699 1394 754 illos
1441 713 1536 768 per
1562 698 1747 752 omnia
1788 695 1990 752 refutat
2028 696 2084 750 in

514 792 602 847 his
630 807 769 862 quas
797 792 1020 861 scripsit
1045 790 1291 860 epistolis
1315 790 1677 845 circularibus
1707 803 1829 859 quae
1858 789 1913 842 in
1955 803 2084 843 san-

512 883 619 939 etis
651 883 912 940 Ecelesiis
937 884 1255 952 leguntur...
1274 881 1657 952 Virginitatem
1678 880 1933 935 Clemens
1955 879 2083 935 edo-

512 974 627 1030 Cuit
658 992 673 1042 ;
703 974 796 1031 isti
829 976 1137 1045 repudiant.
1174 974 1267 1029 ille
1292 973 1457 1028 etiam
1485 970 1743 1027 Davidem
1772 978 1827 1026 et
1856 970 2079 1026 Samso-

512 1081 637 1122 nem
661 1081 960 1137 omnesque
983 1066 1277 1136 prophetas
1298 1064 1670 1131 commendat;
1696 1062 1959 1118 Ehionita:
1979 1061 2076 1117 de-

514 1163 805 1212 testantur.
821 1176 840 1209 1

584 1246 710 1306 Haec
757 1249 945 1314 verba,

511 1340 771 1410 epistolas
804 1355 941 1411 quas
990 1341 1059 1396 de
1089 1339 1415 1411 Virginitate
1449 1341 1671 1410 scripsit
1702 1347 1927 1397 sanctus
1954 1340 2078 1397 Cle-

510 1448 685 1499 mens,
739 1444 802 1487 ut
850 1433 918 1488 de
968 1448 1155 1488 earum
1194 1432 1483 1488 existentia
1528 1432 1766 1487 dubitari
1818 1442 2073 1502 nequeat.

509 1524 822 1591 Enimvero,
853 1535 1075 1581 sanctus
1119 1526 1391 1590 Clemens,
1425 1526 1583 1595 juxta
1630 1526 1850 1579 beatum
1883 1523 2077 1581 Hiero.

508 1636 754 1693 nymum,
770 1621 1013 1676 omnium
1038 1620 1279 1675 virorum
1299 1620 1721 1690 apostolicorum
1742 1625 2074 1690 martyrum-

509 1730 614 1785 que
642 1715 934 1770 sanctitate
964 1729 1027 1769 ac
1076 1714 1386 1784 eloquentia
1429 1712 1722 1767 illustrium
1761 1714 1854 1783 qui
1906 1713 2072 1768 hocce

1020 1248 1328 1303 certissime
1386 1248 1521 1302 adeo
1575 1248 1722 1303 clare
1784 1246 2079 1315 designant

2187 510 2538 582 archetypum
2568 514 2796 567 duarum
2827 511 3189 582 Epistolarum
3218 512 3281 566 ad
3313 511 3529 585 Virgines
3558 534 3680 575 εγεν-

2186 603 2268 658 sio
2294 604 2492 674 quippe
2526 603 2751 676 Syriaca
2773 606 2927 675 plura
2958 604 3293 660 conservavit
3321 607 3553 661 voeabula
3591 626 3682 680 quae

2185 710 2334 750 mere
2359 694 2548 752 Graeca
2570 707 2700 751 sunt
2718 697 2818 768 (l).
2843 695 3112 767 Tempore
3126 709 3233 766 quo
3254 704 3460 752 sanctus
3486 701 3681 768 pontifex

2183 787 2425 857 scripsit,
2451 787 2600 842 nulla
2618 787 2969 858 probabiliter
3017 786 3281 842 existebat
3328 789 3492 843 adhuc
3533 805 3682 845 sacra-

2180 894 2303 933 rum
2351 878 2759 950 Scripturarum
2792 879 2972 934 versio
3036 878 3243 942 Latina,
3280 878 3456 933 saltem
3498 881 3685 936 authen-

2181 970 2290 1024 tiea
2317 984 2331 1022 :
2365 979 2419 1026 et
2446 971 2574 1027 inde
2603 970 2801 1041 conjici
2831 977 3013 1041 potest
3039 984 3139 1023 cur
3162 967 3342 1023 Grteee
3365 970 3531 1038 potius
3554 987 3683 1040 quam

2181 1060 2371 1115 Latine
2399 1067 2624 1116 sanctus
2652 1060 2904 1116 Clemens
2930 1074 3095 1129 opera
3134 1074 3231 1114 sua
3270 1060 3562 1129 scripserit:
3586 1076 3683 1115 cum

2178 1154 2357 1216 enim,
2422 1160 2484 1207 ut
2546 1152 2879 1222 plurimum,
2949 1168 3018 1208 ex
3074 1151 3253 1207 verbis
3310 1153 3473 1206 sacris
3518 1169 3687 1207 srrmn-

2178 1257 2302 1297 nem
2335 1257 2495 1297 suum
2526 1244 2782 1307 texuerit,
2839 1242 3014 1297 multo
3052 1241 3382 1296 commodius
3410 1250 3459 1296 et
3484 1244 3687 1298 securius

2178 1329 2348 1384 citare
2369 1337 2582 1399 poterat
2610 1332 3020 1387 translationem
3050 1331 3291 1386 Graecam
3317 1346 3430 1402 quae
3467 1332 3516 1386 in
3550 1335 3686 1387 mani-

2176 1416 2281 1474 bus
2325 1419 2571 1474 omnium
2626 1427 2764 1484 erat,
2830 1435 2993 1490 quam
3041 1419 3339 1475 sententias
3388 1418 3438 1473 in
3482 1417 3686 1473 Latinam

2175 1518 2388 1567 vertere
2422 1512 2682 1584 linguam.
2713 1510 2897 1569 Utitur
2911 1527 3042 1583 ergo
3061 1511 3263 1582 jugiter
3289 1510 3523 1564 versione
3538 1507 3685 1562 Graeca

2176 1599 2387 1658 Veteris
2411 1602 2768 1669 Testamenti,
2803 1605 2968 1659 etiam
3026 1602 3247 1674 quando
3275 1601 3339 1654 ab
3370 1599 3603 1654 llebraica
3624 1598 3685 1651 le-

2172 1693 2359 1749 ctione
2384 1696 2607 1750 recedit.
2635 1695 2792 1761 Quod
2820 1703 2972 1751 certe
2995 1708 3246 1764 magnam
3268 1692 3478 1747 denotat
3498 1690 3689 1759 antiqui-

508 1783 690 1859 thema
719 1806 1061 1861 tractandum
1115 1783 1503 1875 susceperunt,
1545 1805 1935 1874 antesignanus
1964 1815 2069 1861 est.

2174 1794 2339 1842 tatem
2376 1788 2602 1843 istarum
2634 1788 3020 1858 Epistolarum.
3065 1785 3396 1841 Vetustatem
3434 1783 3578 1837 etiam
3624 1796 3688 1835 ar-

507 1895 620 1953 lmo
649 1899 716 1955 de
741 1899 932 1954 iisdem
962 1899 1220 1969 Epistolis
1266 1904 1503 1954 testatur
1558 1902 1781 1952 sanctus
1834 1896 2072 1969 Epipha-

506 1992 632 2047 nius
662 2006 778 2055 eas,
811 1992 989 2047 adhuc
1019 2007 1121 2047 suo
1173 1999 1438 2061 tempore,
1500 1990 1557 2045 in
1613 1989 1873 2047 Ecciesiis
1902 1991 2071 2048 lectas

505 2082 694 2138 fuisse.
729 2082 985 2149 Quaedam
1015 2084 1239 2154 insuper
1271 2090 1459 2137 narrat
1506 2099 1627 2153 qua:
1648 2084 1704 2137 in
1736 2082 1822 2138 his
1852 2081 2073 2153 Episto-

504 2177 593 2239 lis,
627 2183 680 2231 et
704 2192 974 2247 nusquam
1000 2176 1153 2241 alibi,
1185 2182 1415 2231 sanctus
1444 2173 1695 2231 Clemens
1724 2181 1921 2229 tractat
1946 2194 1960 2229 :
1992 2177 2072 2229 vi-

503 2268 722 2333 delicet,
769 2284 889 2339 quae
939 2270 1193 2334 attinent,
1240 2269 1342 2323 hac
1396 2270 1455 2324 in
1511 2282 1607 2331 re,
1662 2266 1731 2321 ad
1786 2265 2067 2332 Davidem,

502 2359 823 2417 Samsonem
853 2368 906 2415 et
938 2361 1251 2432 prophetas.

572 2452 897 2509 Lambertus
926 2452 1193 2508 Gruterus
1223 2448 1551 2513 Venradius.
1584 2450 1676 2520 qui
1701 2449 1809 2505 duo
1842 2448 1956 2504 fere
1978 2465 2075 2506 sa:-

499 2544 623 2600 cula
647 2551 772 2600 ante
803 2544 1140 2600 Wetstinum
1172 2541 1469 2614 scribebat,
1496 2554 1758 2610 expresse
1793 2541 1948 2610 ponit
1971 2540 2071 2595 has

500 2631 774 2706 Epistolas
806 2636 949 2690 inter
983 2635 1156 2690 sancti
1204 2632 1500 2688 Clementis
1551 2632 1753 2701 scripta
1782 2646 1904 2701 quae
1924 2631 2073 2686 desi-

499 2729 779 2785 derantur.
838 2726 987 2781 idem
1046 2726 1214 2783 sentit
1262 2724 1555 2791 Baronius,
1597 2724 1688 2778 cui
1723 2723 2072 2781 Rondininus

495 2820 811 2875 consentire
830 2819 1065 2874 videtur.

566 2912 751 2967 Abbas
786 2910 1100 2974 Gratianus,
1127 2909 1221 2981 qui
1249 2924 1424 2980 nuper
1447 2908 1515 2964 de
1535 2907 1723 2964 Graeco
1744 2910 1797 2964 in
1826 2908 2068 2967 ltalicam

495 3000 739 3071 linguam
765 3001 1008 3055 traduxit
1033 3000 1264 3070 primam
1294 2999 1591 3070 Epistolam
1617 3000 1792 3056 sancti
1818 3000 2068 3056 Clemen-

498 3097 573 3151 tis
608 3092 675 3149 ad
702 3094 1037 3162 Corinthios,
1075 3109 1241 3163 super
1296 3093 1411 3149 haec
1440 3093 1603 3150 verba
1655 3108 1778 3164 qua:
1812 3110 1965 3149 num.
2000 3094 2069 3149 38

2171 1880 2287 1949 guit
2315 1882 2559 1936 narratio
2587 1883 2809 1939 lotionis
2845 1882 3041 1953 pedum
3070 1896 3213 1952 quae,
3247 1877 3560 1948 temporibus
3595 1890 3693 1945 apo“

2172 1970 2399 2037 stolicis,
2425 1987 2454 2026 a
2474 1984 2742 2043 provecta:
2767 1974 2944 2029 :etatis
2984 1971 3306 2027 mulieribus
3335 1968 3498 2022 adhuc
3514 1979 3693 2036 perage-

2172 2063 2353 2130 batur,
2375 2074 2428 2120 et
2449 2081 2590 2136 quae,
2624 2066 2681 2121 ni
2706 2066 2885 2133 fallor,
2927 2066 3130 2135 ubique
3175 2061 3408 2118 cessavit
3457 2066 3564 2131 post
3601 2057 3692 2111 dies

2171 2159 2596 2228 apostolicorum
2627 2159 2892 2216 virorum.
2931 2159 3103 2215 Nemo
3162 2155 3352 2212 mirari
3390 2154 3536 2208 debet
3576 2149 3691 2220 quod

2172 2258 2398 2307 sanctus
2423 2251 2675 2308 Clemens
2717 2252 2875 2308 initio
2900 2259 2955 2307 et
2981 2248 3088 2306 line
3143 2250 3336 2304 harum
3385 2243 3691 2316 Epistolarum

2170 2351 2398 2398 vocetur
2424 2342 2730 2413 Discipulus
2757 2343 2908 2398 Petri
2936 2342 3188 2412 apostoli,
3222 2354 3344 2395 cum
3371 2337 3537 2409 potius
3583 2331 3695 2387 beati

2171 2429 2326 2486 Pauli
2350 2433 2652 2504 discipulus
2693 2442 2984 2489 censeatur
3015 2451 3028 2485 :
3061 2431 3327 2503 Origenes
3371 2428 3527 2491 enim,
3555 2424 3695 2480 sancti

2171 2523 2468 2582 Clementis
2507 2526 2653 2580 aetati
2695 2533 2806 2579 tam
2847 2526 3083 2591 vicinus,
3121 2525 3207 2580 sic
3249 2524 3362 2593 ipse
3411 2518 3619 2589 loquitur
3652 2515 3695 2567 in

2175 2617 2473 2672 Philocalia
2505 2618 2524 2649 "
2564 2632 2578 2669 :
2612 2613 2854 2672 Clemens
2889 2616 3179 2681 Romanas,
3213 2616 3357 2671 Petri
3386 2610 3588 2682 apostoli
3626 2607 3694 2659 di-

2170 2706 2423 2774 acipulus.
2464 2704 2523 2760 Si
2545 2722 2651 2777 qua
2681 2714 2940 2778 praeterea
2972 2707 3105 2764 fides
3136 2706 3457 2777 quibusdam
3488 2699 3697 2770 Recapi-

2173 2801 2373 2854 tionum
2402 2799 2478 2870 (2)
2510 2801 2921 2856 narrationibus
2953 2799 3316 2864 concedatur,
3346 2796 3539 2852 nullum
3564 2792 3697 2846 disci.

2170 2891 2359 2962 pulum
2389 2892 2474 2946 vel
2502 2894 2758 2948 comitem
2782 2893 2956 2963 magis
2985 2891 3273 2947 assiduum
3324 2904 3388 2944 ac
3432 2884 3694 2942 unanimem

2171 2984 2363 3040 habuit
2392 2985 2589 3040 beatus
2639 2983 2839 3040 Petrus
2878 2998 3045 3055 quam
3085 2990 3339 3039 sanctum
3391 2979 3692 3035 Clementem.

2172 3076 2313 3144 Quid
2337 3085 2515 3135 autem
2552 3076 2897 3141 incredibile,
2928 3077 3039 3131 imo
3072 3075 3205 3146 quid
3232 3090 3343 3129 non
3369 3068 3582 3126 maxime
3598 3078 3697 3135 pro.

500 3185 667 3256 hujus
695 3185 951 3255 Epistolas
981 3159 1369 3256 reperiuntur:
1428 3184 1533 3251 Qui
1560 3159 1717 3239 carae
1742 3193 1919 3240 castus
1970 3195 2068 3249 est,
2098 3159 2139 3215 (ί
2173 3167 2352 3223 habile
2388 3167 2532 3238 (100d
2559 3176 2785 3223 Sanetus
2807 3166 3084 3231 Clemens,
3120 3167 3218 3243 qui
3245 3164 3513 3256 Romanus
3536 3160 3696 3256 eratet

497 3295 561 3333 ne
582 3278 884 3345 insolescat,
934 3279 1102 3332 sciens
1164 3278 1331 3332 alium
1360 3294 1471 3332 esse
1508 3280 1598 3350 qui
1626 3280 1673 3334 ei
1701 3279 2073 3333 continentiam

495 3369 701 3423 donat:
753 3368 868 3424 ait:
900 3386 919 3421 ε
947 3368 1179 3435 Quidam
1233 3369 1479 3425 sentiunt
1524 3369 1673 3425 hunc
1723 3370 1902 3424 locum
1927 3369 2073 3425 desi-

494 3462 649 3533 gnari
681 3476 712 3516 a
743 3472 933 3517 sancto
960 3460 1266 3533 Epiphanio
1310 3470 1365 3517 et
1410 3477 1443 3517 a
1496 3470 1689 3518 sancto
1716 3443 2068 3534 Hieronymo,

492 3556 716 3628 quando
743 3562 998 3612 asserunt
1024 3564 1273 3610 sanctum
1302 3554 1637 3611 Clementem
1664 3556 1732 3611 de
1758 3556 2072 3627 virginitate

495 3649 864 3706 disseruisse:
907 3648 1003 3704 sed
1031 3649 1283 3718 quamvis
1318 3663 1576 3719 expresse
1626 3649 1699 3703 ibi
1746 3649 1950 3704 mentio
1979 3648 2071 3701 liat

493 3740 563 3795 de
591 3740 842 3795 castitate
869 3750 922 3795 et
945 3740 1304 3803 continentia,
1336 3753 1461 3793 cum
1492 3740 1607 3794 haec
1631 3739 1829 3810 raptim
1858 3746 2067 3793 tantum

495 3832 769 3897 dicantur,
813 3832 1025 3888 videtur
1053 3833 1394 3903 probabilius
1422 3832 1491 3888 de
1541 3833 1628 3887 his
1684 3831 1927 3889 materiis
1974 3848 2071 3889 ex-

495 3925 711 3981 tensive
734 3924 915 3990 modo,
967 3932 1021 3980 et
1068 3940 1135 3980 ex
1171 3923 1420 3996 professo
1467 3934 1760 3980 tractatum
1814 3925 1984 3981 fuisse
2015 3924 2069 3979 in

492 4017 732 4088 quodam
753 4033 818 4072 ex
845 4018 1098 4087 capitulis
1126 4017 1300 4074 sancti
1321 4016 1614 4073 Clementis
1635 4033 1754 4089 qua:
1782 4033 1912 4074 casu
1944 4032 2069 4089 per—

496 4109 699 4165 ierunt.
729 4107 1002 4163 Firmatur
1028 4110 1143 4165 hmc
1182 4111 1495 4181 conjectura
1525 4112 1815 4166 ratiocinio
1863 4120 1917 4167 et
1957 4128 2067 4167 non

494 4201 749 4272 ambigua
777 4202 1080 4257 assertione
1100 4202 1483 4271 praedictorum
1515 4210 1886 4259 sanctorum.»

566 4291 686 4347 Non
714 4294 794 4349 sic
822 4293 1069 4365 profecto
1100 4294 1317 4351 locutus
1355 4295 1549 4352 fuisset
1594 4296 1932 4351 honorabilis
1962 4296 2069 4351 iste

497 4386 752 4455 scriptor,
785 4387 831 4443 si
859 4388 926 4442 ad
952 4404 1077 4444 eum
1118 4391 1456 4459 pervenisset
1492 4391 1684 4445 notitia
1736 4390 2068 4447 inventionis

496 4478 863 4548 Epistolarum
922 4496 1057 4551 quas
1113 4482 1291 4537 denuo
1347 4483 1403 4538 in
1445 4482 1619 4539 lucem
1664 4482 1899 4549 edimus,
1946 4491 2069 4554 post

497 4568 829 4625 Wetstinum
859 4579 914 4627 et
936 4571 1000 4626 D.
1033 4572 1100 4628 de
1127 4571 1449 4646 Prémagny.
1480 4573 1771 4636 Praeterea,
1802 4588 1914 4628 non
1943 4582 2068 4627 tan-

494 4666 613 4714 tum
641 4662 879 4732 capitula
904 4663 1151 4732 quaedam
1176 4663 1417 4719 indicant
1446 4666 1620 4720 sancti
1652 4664 1986 4735 Epiphanius
2016 4674 2070 4721 et

496 4751 881 4822 Hieronymus,
913 4753 1006 4808 sed
1039 4752 1306 4822 Epistolas
1331 4753 1900 4826 integras.Veniamus
1926 4773 2071 4812 nunc

490 4842 560 4895 ad
592 4842 943 4911 probationes
970 4842 1314 4897 intrinsecas.
1340 4841 1521 4897 Prima
1547 4844 1756 4898 eruitur
1791 4859 1856 4898 ex
1887 4844 2070 4914 lingua

496 4933 838 5003 primigenia.
863 4933 1122 4999 Quamvis
1145 4942 1370 4989 sanctus
1400 4922 1829 4990 Clemens'esset
1866 4933 2069 4988 Roma-

496 5044 624 5093 nus,
655 5029 803 5083 nulla
834 5035 1204 5083 memorantur
1233 5027 1408 5098 ipsius
1438 5028 1643 5098 scripta
1690 5044 1812 5098 quae
1864 5027 2062 5081 Latino

494 5133 747 5174 sermone
777 5119 1127 5189 evulgaverit.
1159 5117 1344 5174 Graece
1372 5120 1593 5191 scripsit
1622 5120 1811 5175 ambas
1840 5118 2061 5189 Episto-

567 5323 590 5356 ⁸
616 5322 814 5394 Epiph.
844 5335 1031 5379 contra
1061 5323 1356 5388 Ebionitas.
1390 5323 1584 5381 haeres.
1615 5325 1702 5388 50,
1732 5342 1780 5378 n.
1824 5324 1909 5379 15.

565 5462 645 5533 (l)
685 5462 945 5534 Exemplo
967 5466 1076 5521 sint
1099 5465 1219 5520 ista:
1236 5479 1400 5519 voces
1428 5482 1442 5519 :
1471 5463 1836 5525 Eucharistia,
1863 5463 2061 5525 asotia,

454 5592 457 5593 ν
494 5532 810 5601 ltindymos,
862 5532 1069 5604 praxis,
1130 5536 1360 5600 schema,
1405 5537 1565 5599 laxis,
1600 5534 1856 5596 diatheke,
1905 5550 2060 5604 agon,

497 5605 778 5676 autoleazei,
807 5606 1181 5676 philadelphia,
1216 5605 1535 5674 philoxenia,
1565 5605 1916 5675 philargyria,
1942 5604 2058 5672 phi-

494 5672 769 5745 loproteia.
801 5672 1151 5745 paruiteiatai.
1185 5672 1291 5731 etc.

568 5744 643 5817 (2)
669 5744 816 5816 Opus
847 5746 1271 5821 Recognitionum
1300 5746 1445 5817 quod
1475 5748 1544 5803 ab
1584 5745 1824 5819 antiquis
1870 5754 2061 5803 sancto

2172 3258 2536 3324 Christianus,
2567 3257 2753 3315 Romae
2779 3267 2970 3317 sancto
2997 3258 3161 3314 Petro
3186 3254 3499 3317 adhazserit,
3534 3248 3697 3320 ipsius-

2170 3367 2277 3423 que
2306 3352 2608 3423 discipulus
2640 3351 2804 3407 l'uerit
2831 3352 2924 3407 diu
2962 3335 3259 3422 antequam
3290 3354 3506 3405 sanctus
3527 3338 3693 3408 Paulus

2171 3444 2397 3499 Romam
2422 3444 2668 3499 veniret?

2240 3537 2461 3593 Certum
2490 3544 2577 3593 est
2631 3544 2881 3592 sanctum
2937 3535 3276 3593 Clementem
3319 3534 3498 3588 Romae
3546 3535 3697 3583 natum

2170 3630 2345 3686 fuisse
2385 3638 2539 3701 patre
2577 3630 2780 3684 Fausto
2813 3645 2974 3701 quem
3031 3627 3442 3683 Faustinianum
3498 3620 3699 3693 plerique

2171 3723 2479 3788 nominant,
2511 3729 2683 3778 matre
2715 3737 2843 3777 vero
2866 3721 3146 3777 Mathidia.
3171 3722 3221 3775 A
3250 3717 3554 3790 parentibus
3571 3712 3701 3766 Athe-

2169 3830 2291 3879 nas,
2323 3816 2413 3870 ubi
2444 3824 2574 3870 tunc
2625 3815 2860 3869 maxime
2890 3814 3156 3869 ﬂorebant
3184 3813 3392 3875 studia,
3429 3810 3496 3864 ad
3522 3808 3701 3862 disceu-

2169 3906 2295 3961 dam
2334 3905 2731 3977 philosophiam
2788 3906 2988 3959 missus
3038 3914 3123 3960 est
3156 3920 3170 3957 :
3201 3903 3458 3977 brevique
3500 3908 3701 3966 tempore

2168 4000 2415 4055 scientiae
2436 4000 2692 4070 princeps
2718 3998 2821 4053 fuit
2844 3998 3210 4053 existimatus.
3246 3998 3381 4054 Cum
3418 4003 3585 4050 autem
3606 3986 3702 4057 opi-

2168 4091 2392 4146 nionum
2421 4092 2657 4145 varietas
2686 4089 2977 4159 ancipitem
3008 4090 3161 4143 illum
3193 4088 3431 4144 elIiceret
3449 4092 3701 4154 quamnam

2169 4185 2493 4241 sententiam
2513 4182 2931 4252 amplecteretur
2946 4180 3012 4236 de
3041 4180 3454 4235 sublimioribus
3466 4169 3705 4243 religionis

2166 4277 2579 4350 quaestionibus.
2602 4276 2659 4330 in
2676 4289 2871 4329 manus
2901 4273 3173 4343 Principis
3198 4271 3563 4342 apostolorum
3587 4262 3701 4318 inci-

2168 4372 2315 4427 disse
2345 4370 2540 4434 fertur,
2571 4376 2626 4424 et
2652 4370 2722 4423 ab
2744 4368 2930 4438 ipsein
2943 4366 3467 4422 comitemitinerum
3484 4371 3704 4425 assump-

2172 4474 2281 4531 tus,
2302 4463 2382 4519 sic
2396 4464 2498 4519 sub
2511 4464 2602 4517 tali
2620 4462 2880 4533 magistro
2902 4460 3153 4531 profecit,
3176 4470 3255 4525 ut,
3283 4460 3469 4514 eodem
3486 4456 3698 4525 jubente.

2176 4555 2578 4627 praedicationis
2594 4570 2791 4609 munus
2804 4567 3191 4622 nonnunquam
3206 4550 3472 4620 impleret.
3488 4545 3703 4613 Magnum

2175 4650 2370 4705 deinde
2417 4647 2644 4702 Paulum
2701 4644 2945 4710 audivit,
2998 4644 3365 4713 eumdemque
3428 4631 3703 4708 aliquandiu

2175 4745 2467 4800 comitatus
2491 4751 2574 4799 est
2606 4755 2618 4793 :
2644 4741 2731 4796 cui
2770 4741 2844 4794 ita
2874 4756 2933 4796 se
2962 4739 3232 4809 probavit,
3266 4748 3326 4793 ut
3347 4738 3416 4792 ab
3445 4736 3557 4805 ipso
3590 4730 3707 4785 inter

2176 4836 2479 4907 praecipuos
2510 4843 2563 4889 et
2593 4833 2972 4889 sanctissimos
3003 4830 3281 4901 Evangelii
3315 4830 3705 4885 collaboratores

2175 4928 2338 4985 fuerit
2367 4933 2685 4981 numeratus
2709 4924 2749 4979 ⁸.
2779 4921 2912 4987 lmo,
2944 4923 3157 4993 probati
3180 4923 3499 4992 scriptores,
3525 4924 3579 4971 ut
3600 4929 3706 4969 san-

2167 5029 2290 5076 ctus
2341 5018 2737 5090 Hieronymus,
2803 5015 3159 5085 probabiliter
3210 5023 3407 5086 putant
3458 5028 3486 5065 a
3542 5015 3702 5065 sancta

2167 5114 2334 5170 Paulo
2361 5120 2609 5168 sanctum
2637 5108 2970 5166 Clementem
3006 5108 3175 5165 fuisse
3219 5107 3520 5163 adhibitum
3555 5108 3609 5154 ut
3634 5100 3699 5151 in-

2054 5327 2074 5357 "
2099 5322 2307 5379 Philoe.
2341 5339 2389 5378 c.
2413 5323 2504 5378 25.
2579 5323 2601 5353 ⁸
2627 5320 2861 5391 Philipp.
2890 5336 2963 5385 tv,
2993 5318 3048 5374 5.

2169 5461 2436 5517 Clementi
2459 5458 2747 5522 tribuitur,
2806 5456 2928 5510 fuse
2976 5465 3194 5526 narrat_
3214 5452 3508 5526 relationes
3554 5448 3702 5526 sancti

2168 5533 2464 5587 Clementis
2493 5546 2614 5585 cum
2638 5518 2831 5582 sancto
2857 5526 3040 5582 Petro.
3066 5527 3109 5580 A
3159 5522 3350 5579 Graeco
3392 5525 3446 5577 in
3479 5518 3695 5572 Latinun

2168 5618 2384 5657 versum
2410 5608 2493 5656 est
2526 5616 2553 5652 a
2593 5594 2813 5672 Ruﬁno.
2836 5596 3056 5672 Games
3089 5595 3424 5651 conﬁtentur
3460 5591 3524 5672 ab
3560 5587 3687 5672 hair?

2166 5673 2292 5728 tieis
2314 5677 2628 5739 corruptum
2646 5671 2813 5723 fuisse
2836 5668 3029 5724 librum
3044 5668 3187 5723 hunc
3205 5662 3496 5733 cazteroqui
3513 5658 3692 5715 sublim.

2165 5742 2505 5814 philosophia
2531 5740 2781 5812 plenum-
