3916 6326
254 356 328 412 361

1144 347 1502 405 EPISTOLJI
1540 348 1628 401 AD
1663 346 2003 402 VlRGlNES.
2040 379 2106 389 —
2148 347 2510 402 PRUCEMIA.

3315 348 3423 402 562

244 474 581 542 terpretaretur
636 464 933 536 Epistolam
967 466 1037 521 ad
1085 466 1334 522 Iubmus
1383 475 1748 537 nuncupatam
1780 472 1826 529 Α
1854 463 2075 517 clesiam
2110 466 2397 520 occasione
2448 465 2610 535 hujus
2644 467 3047 536 publicationis.
3077 465 3422 524 Credendum

240 562 566 630 Clementique
588 557 865 613 dictatam.
892 558 1035 611 Idem
1056 558 1275 628 quidam
1320 558 1628 626 conjectaut
1685 558 1752 611 de

237 654 435 710 secunda
463 651 596 706 beati
626 647 769 704 Petri
801 648 1061 720 Epistota.

291 744 495 801 Dccebat
520 756 648 797 vero
676 743 837 795 talem
876 741 1052 795 virum
1078 740 1147 795 de
1182 740 1494 812 virginitate
1526 741 1752 810 ejusque

231 836 443 893 custodia
482 835 742 898 scribere,
772 850 932 904 quem
960 841 1231 888 testantur
1260 833 1469 904 antiqui
1498 841 1749 887 auctores

229 946 308 1000 per
320 942 513 981 omnem
536 927 702 979 vitam
733 926 788 979 in
811 939 945 995 pura
975 934 1276 995 sanctaque
1298 925 1611 995 virginitate
1626 941 1752 994 .per-

226 1020 455 1075 mansisse
492 1017 588 1088 (3).
622 1016 875 1071 Permisit
904 1015 1119 1071 demum
1166 1016 1426 1071 Dominus
1455 1025 1514 1071 ut
1544 1016 1748 1087 pretio-

225 1132 301 1172 sus
327 1115 405 1169 ille
443 1115 731 1167 thesaurus
780 1112 969 1166 tandiu
1025 1112 1367 1168 desideratus
1398 1129 1428 1167 a
1477 1122 1746 1171 sectatore

221 1203 805 1275 pseudo-reformationis
833 1210 886 1257 et
934 1204 1287 1271 inveniretur,
1332 1216 1385 1259 et
1428 1221 1747 1276 agnoscere-

219 1302 307 1354 tur,
332 1304 378 1348 et
406 1292 803 1347 defenderetur.
822 1291 901 1346 Ne
931 1300 1109 1347 autem
1144 1294 1267 1348 talis
1290 1295 1530 1350 inventio
1554 1298 1609 1350 in
1640 1298 1743 1351 ful-

218 1396 416 1439 mentum
439 1384 619 1439 veniat
652 1384 933 1438 catholica:
960 1384 1238 1447 doctrinae,
1259 1385 1381 1441 inde
1398 1388 1741 1442 occasionem

217 1477 351 1530 sumit
372 1476 615 1529 inventor
644 1476 981 1530 declamandi
1012 1483 1204 1530 contra
1229 1475 1553 1544 Ecclesiam,
1586 1479 1737 1549 quia,

214 1568 255 1621 in
285 1567 356 1622 his
378 1565 655 1637 Epistolis«
682 1568 816 1622 nihil
845 1568 1135 1638 reperitur,
1167 1575 1226 1622 ut
1250 1570 1327 1622 ait
1366 1570 1478 1633 ille,
1504 1571 1571 1625 de
1592 1572 1741 1626 hier-

213 1659 391 1721 archia,
416 1659 545 1713 nihil
585 1659 656 1714 de
692 1660 1016 1714 monachatu
1064 1672 1117 1715 et
1150 1662 1449 1726 cteuobiis,
1485 1664 1618 1717 nihil
1670 1663 1738 1718 de

210 1751 415 1805 terminis
441 1758 493 1805 et
520 1750 771 1806 formulis
798 1752 1051 1821 loquendi
1088 1769 1186 1824 per
1226 1755 1455 1809 concilia
1498 1758 1735 1813 inventis

1855 564 1938 607 est
1969 562 2097 608 tunc
2126 556 2195 610 ab
2234 556 2325 610 illo
2348 556 2695 625 prafocatam
2730 559 2898 613 fuisse
2932 560 3279 615 conscientia:
3302 576 3423 630 pro-

1854 648 1985 717 priae
2014 663 2199 702 vocem
2229 646 2377 703 intus
2425 657 2614 702 contra
2660 649 2837 720 ipsum
2868 652 3282 718 reclamantem;
3328 655 3423 707 sed

1852 739 1977 793 talis
2014 748 2097 793 est
2128 740 2327 808 saepius
2359 740 2604 793 conditio
2632 756 2821 795 eorum
2864 741 2957 811 qui
3020 758 3079 798 se
3126 746 3424 814 tyrannicae

1852 829 2079 885 hmresis
2100 830 2232 901 jugo
2256 832 2659 903 manciparunt,
2692 841 2753 887 ut
2785 848 2894 887 non
2949 836 3173 889 credant
3224 836 3328 890 sibi
3356 826 3424 888 li-

1850 940 1975 980 cere
2006 927 2170 981 unius
2204 926 2451 981 veritatis
2475 926 2941 997 praedicationem,
2972 930 3104 997 quin
3137 929 3299 984 simul
3329 929 3417 983 la:-

1848 1016 1980 1070 dant
2007 1017 2313 1071 columnam
2336 1026 2390 1071 et
2422 1018 2817 1073 firmamentum
2843 1019 3107 1074 veritatis.

1917 1107 2084 1179 lgitur
2136 1107 2440 1164 Wetstinus
2483 1109 2620 1163 satis
2659 1109 2870 1164 insulse
2926 1112 3199 1167 invehitur
3223 1115 3275 1167 in
3310 1113 3421 1166 Ro-

1840 1199 2062 1250 ‘manam
2096 1196 2419 1260 Ecelesiam,
2446 1196 2633 1250 dicens
2665 1196 2793 1250 huic
2836 1197 3125 1268 displicere
3176 1198 3419 1270 discipli-

1844 1302 1969 1341 nam
2000 1288 2054 1342 in
2084 1288 2350 1359 Epistolis
2382 1288 2557 1343 sancti
2585 1288 2880 1343 Clementis
2928 1292 3182 1343 traditam
3222 1311 3233 1344 :
3268 1291 3417 1345 ideov

1844 1395 1950 1447 que
2005 1380 2103 1435 has
2166 1381 2236 1435 ab
2288 1379 2533 1436 Ecclesia
2588 1389 2827 1436 semotas
2857 1396 2955 1451 per
2985 1389 3065 1434 tot
3105 1382 3301 1435 smeula
3333 1383 3415 1435 la-

1842 1470 2017 1525 tuisse
2051 1488 2109 1525 :r
2149 1470 2339 1525 Solent
2382 1471 2550 1536 enim,
2609 1471 2706 1538 ait,
2754 1471 2847 1541 qui
2876 1472 2929 1525 in
2963 1470 3206 1526 Ecclesia
3237 1472 3413 1526 domi-

1840 1567 2062 1625 nantur,
2090 1578 2221 1625 non,
2244 1565 2388 1634 quod
2413 1579 2522 1635 pra:
2543 1580 2603 1619 se
2625 1562 2828 1629 ferunt,
2852 1580 3033 1619 mores
3058 1580 3188 1627 suos
3218 1576 3269 1619 et
3296 1564 3415 1635 opi-

1839 1658 2032 1713 niones
2055 1660 2120 1713 ad
2148 1659 2452 1715 doctrinam
2480 1662 2607 1717 olim
2637 1664 2889 1718 traditam
2918 1664 3283 1726 conformare,
3317 1663 3409 1718 sed

1839 1749 2141 1805 doctrinam
2174 1761 2410 1808 veterem
2437 1754 2502 1808 ad
2540 1771 2722 1811 mores
2750 1764 2804 1809 et
2837 1756 3125 1825 Opiniones
3155 1757 3239 1809 sui
3272 1764 3408 1811 tcm-

208 1849 250 1896 et
272 1843 492 1907 sancitis,
519 1858 548 1895 a
582 1843 788 1912 quibus
815 1844 899 1896 vix
926 1858 985 1898 se
1005 1844 1361 1900 abstinuisset
1411 1848 1715 1902 saeculorun

1835 1842 1985 1907 poris
2036 1841 2344 1911 inflectere;
2379 1852 2432 1897 et
2464 1846 2553 1900 ubi
2592 1846 2758 1900 nimis
2794 1822 3121 1903 manifestus
3170 1856 3251 1902 cst
3297 1846 3411 1902 dis-

208 1933 503 2001 sequentium
535 1933 795 2001 scriptor.
834 1948 854 1983 ο

262 2024 425 2078 Studio
448 2032 613 2079 sectae
651 2039 763 2079 suae
790 2024 1051 2094 abreptus
1080 2031 1134 2079 et
1154 2024 1480 2091 obcaacatus,
1508 2025 1735 2082 Wetsti-

204 2133 287 2173 nus
314 2134 406 2172 non
432 2117 819 2171 animadvertit
848 2132 927 2181 se,
969 2119 1061 2173 tali
1098 2119 1517 2184 declamatione,
1551 2122 1731 2176 infen-

202 2221 303 2263 sum
336 2210 559 2279 praebere
599 2211 971 2264 monumentis
999 2210 1162 2265 etiam
1196 2213 1396 2288 quibus
1447 2215 1563 2283 ipse
1614 2219 1731 2269 sin-

199 2314 306 2355 cera
329 2316 381 2355 ac
394 2302 615 2355 immota
638 2302 984 2355 veneratione
1004 2302 1261 2358 adhaeret.
1290 2303 1727 2374 Agnoscitcerte,

198 2408 303 2447 cum
326 2395 556 2449 omnibus
586 2393 839 2457 eruditis,
866 2393 1338 2449 authenticitatem
1370 2397 1554 2465 prima:
1598 2396 1724 2467 Epi-

198 2484 325 2539 stola:
346 2486 500 2541 sancti
530 2483 836 2540 Clementis
860 2485 927 2538 ad
973 2484 1287 2541 Corinthios
1331 2501 1492 2557 quam
1524 2488 1728 2542 invenit

198 2588 250 2630 ac
277 2577 524 2646 evolgavit
553 2575 758 2631 Junius
776 2574 1046 2631 Patricius
1076 2575 1425 2647 Anglicanus.
1455 2577 1510 2633 In
1542 2581 1725 2635 multis

194 2682 325 2736 porro
352 2669 502 2736 hujus
533 2668 792 2738 Epistula:
815 2668 970 2732 locis,
1004 2668 1309 2725 bierarchia
1349 2673 1493 2727 clare
1522 2689 1727 2728 memo-

194 2768 333 2821 ratur,
352 2760 436 2815 sed
458 2760 661 2814 nullibi
710 2758 893 2815 forsan
927 2759 1267 2830 splendidius
1308 2777 1470 2832 quam
1517 2778 1571 2818 n.
1628 2764 1720 2827 40,

190 2850 243 2905 de.
285 2867 380 2921 quo
422 2853 741 2907 exscribere
784 2852 937 2921 juvat
959 2852 1123 2906 verba
1178 2868 1299 2922 quae
1357 2863 1666 2924 sequuntur
1701 2874 1717 2912 :

195 2955 210 2988 ι
240 2937 435 2994 Summo
461 2940 741 2997 sacerdoti
776 2956 871 2996 sua
902 2941 1089 2994 munia
1123 2942 1327 2997 tributa
1356 2955 1518 3010 sunt,
1548 2954 1605 3001 et
1631 2963 1710 3000 sa-

190 3029 453 3086 cerdotibus
476 3032 636 3087 locus
667 3033 919 3103 proprius
958 3036 1267 3105 assignatus
1296 3044 1403 3098 est,
1434 3044 1487 3091 et
1536 3036 1718 3094 levitis

1834 1943 2055 1993 sensus,
2093 1943 2184 1987 aut
2208 1934 2261 1987 vi
2301 1949 2482 2004 agere,
2509 1944 2602 1990 aut
2628 1935 2860 2001 ﬂammis
2900 1937 3067 1993 libros
3099 1938 3405 1993 abolere....

1832 2019 2054 2080 Minime
2077 2032 2261 2081 tamen
2286 2026 2514 2083 decebat
2531 2036 2591 2081 ut
2615 2029 2682 2082 ab
2716 2028 2801 2083 his
2838 2028 2933 2099 qui
2965 2046 3023 2084 se
3053 2030 3407 2083 traditionum

1832 2121 2075 2168 veterum
2106 2117 2493 2173 tenacissimos
2523 2134 2647 2174 esse
2683 2120 3005 2190 gloriantur,
3030 2119 3409 2190 repudiaretur

1830 2204 2084 2261 Clemens
2113 2217 2302 2263 noster
2333 2209 2424 2279 qui
2448 2210 2584 2264 vidit
2614 2212 2801 2266 beatos
2832 2212 3129 2283 apostolos,
3179 2219 3235 2265 et
3280 2226 3405 2264 cum

1830 2299 1937 2353 illis
1968 2308 2323 2356 conversatus
2346 2300 2467 2366 fuit,
2493 2311 2546 2357 et
2579 2302 2757 2357 adhuc
2793 2305 2848 2358 in
2878 2304 3107 2359 auribus
3140 2304 3406 2373 praedica—

1829 2389 2030 2442 tionem
2065 2391 2460 2459 apostolorum,
2481 2400 2534 2446 et
2562 2393 2908 2447 traditionem
2934 2410 3042 2464 pra:
3091 2394 3264 2448 oculis
3308 2393 3407 2447 ha-

1827 2479 2167 2535 beat’JHas
2196 2481 2428 2549 injurias
2458 2484 2756 2552 protulisse
2786 2501 2896 2539 non
2921 2492 3231 2547 contentus,
3253 2484 3405 2537 addit

1827 2566 2133 2624 Wetstinus
2167 2588 2185 2622 ι
2221 2570 2467 2625 Clericos
2497 2587 2606 2626 non
2636 2574 2748 2643 pati
2774 2588 2833 2629 se
2875 2574 3077 2646 privari
3129 2573 3405 2627 familiari~

1824 2666 1934 2715 tate
1951 2677 2074 2715 cum
2107 2662 2454 2730 mulieribus;
2486 2664 2717 2720 feminas
2734 2666 3003 2719 dominari
3024 2666 3078 2720 in
3104 2664 3397 2725 Ecclesias.

1824 2749 1896 2804 ita
1922 2757 1978 2805 ut
2009 2752 2411 2809 desacerdotali
2445 2756 2615 2826 gradu
2638 2756 3008 2825 favorjudieet
3037 2756 3394 2817 feminarum;

1823 2845 2085 2911 praesules
2123 2844 2383 2899 Ecclesia:
2415 2845 2512 2901 has
2536 2847 2833 2902 Clementis
2866 2847 3160 2919 Epistolas,
3192 2847 3247 2900 in
3276 2845 3398 2915 qui-

1820 2938 1922 2993 bus
1942 2938 2121 2994 victus
2144 2948 2253 2993 tam
2280 2941 2461 2996 tenuis
2492 2943 2930 3007 commendatur,
2982 2951 3037 2997 et
3086 2957 3153 2996 ne
3204 2942 3395 2996 umbra

1819 3030 2039 3100 quidem
2072 3034 2417 3088 auctoritatis
2460 3034 2755 3104 reperitur,
2805 3034 3203 3104 contempsisse
3233 3041 3396 3104 atque

189 3133 263 3172 sua
282 3124 450 3175 munia
466 3124 817 3177 incumbunt.
850 3121 1021 3179 Homo
1048 3125 1220 3181 laicus
1250 3128 1536 3199 precept};
1563 3129 1717 3187 laici,
1742 3156 1788 3216 ϐ
1821 3121 2115 3189 abjccissc,
2145 3138 2269 3176 cum
2297 3123 2458 3178 hodie
2496 3125 2583 3179 vel
2609 3123 2777 3178 intimi
2802 3125 3014 3180 ordinis
3044 3126 3278 3180 clericus
3326 3126 3394 3179 ad

188 3211 553 3281 constringitur.
605 3230 627 3266 ι

240 3300 382 3356 Unice
407 3311 463 3355 ut
501 3303 871 3358 hierarchiam
898 3313 1259 3375 agnoscerent
1300 3315 1355 3362 et
1389 3324 1717 3365 veneraren-

187 3396 256 3445 tur
277 3393 462 3462 scripta
491 3393 681 3449 fuerat
710 3394 823 3449 haec
868 3394 1107 3466 Epistula
1136 3397 1202 3451 ad
1232 3397 1573 3463 Corinthios,
1620 3403 1713 3471 qui

184 3487 366 3541 monitis
393 3488 572 3542 sancti
609 3486 905 3545 Clementis
932 3489 1273 3554 obedientes,
1303 3490 1369 3543 ad
1392 3491 1714 3549 submissio-

182 3587 276 3627 Ietu
301 3585 349 3629 et
368 3593 557 3647 pacem
577 3579 784 3633 reversi
815 3586 963 3633 sunt.
999 3578 1071 3634 De
1100 3579 1424 3634 monachatu
1448 3591 1503 3636 et
1526 3596 1713 3637 emno—

179 3661 261 3719 biis
305 3684 480 3723 verum
516 3677 611 3725 est
658 3678 906 3724 sanetum
957 3670 1288 3726 Clementem
1312 3689 1411 3727 nec
1469 3674 1707 3731 locutum

178 3750 332 3822 fuisse,
366 3775 465 3815 nec
516 3760 672 3831 loqui
706 3762 969 3832 potuisse,
999 3778 1121 3817 cum
1154 3773 1393 3835 tempore
1441 3782 1543 3822 suo
1596 3768 1700 3824 ista

176 3862 262 3900 non
291 3850 627 3919 existerent;
658 3854 754 3909 sed
786 3856 1026 3926 virgines
1054 3856 1213 3911 docet
1268 3858 1390 3927 pius
1441 3860 1703 3927 pontifex,

174 3948 220 3994 nt
241 3943 365 3999 inter
387 3948 685 4001 seculares
714 3947 768 4002 in
792 3947 979 4004 eadem
1005 3949 1187 4004 vivant
1225 3951 1557 4020 perfectione
1585 3972 1706 4025 qua:

170 4045 194 4082 ι
221 4037 480 4091 monachis
500 4046 694 4108 postea
733 4046 789 4093 et
826 4039 1115 4095 emnobitis
1144 4041 1429 4096 observata
1460 4053 1563 4099 est.
1592 4046 1703 4101 Nec

169 4123 366 4181 dilliteor
391 4131 555 4184 etiam
596 4129 683 4185 bis
712 4131 767 4185 in
798 4130 1055 4203 Epistolis
1083 4148 1192 4188 non
1223 4134 1453 4205 reperiri
1494 4136 1703 4191 formu-

168 4214 231 4271 las
248 4219 486 4291 loquendi
513 4223 900 4280 conciliorum.
933 4222 1069 4280 Hine
1100 4240 1201 4295 ego
1221 4242 1439 4298 quoque
1472 4229 1701 4284 authen-

165 4306 391 4366 ticitatem
444 4314 648 4369 harum
712 4313 1078 4383 Epistolarum
1136 4316 1297 4373 facile
1350 4321 1693 4388 concludam,

161 4397 295 4453 modo
313 4400 392 4458 his
413 4403 788 4460 sanctissimis
818 4404 1052 4460 cmtibus
1080 4406 1211 4460 nihil
1238 4407 1576 4467 detrahatur.

458 4600 695 4640 ικευιεε
725 4601 992 4642 πετετωι
1037 4604 1334 4645 ικνεετινιε
1344 4635 1356 4646 .

213 4666 415 4726 Gratum
454 4676 701 4728 animum
732 4677 893 4731 unice
919 4678 1219 4745 exprimere
1248 4676 1539 4737 voluissem
1569 4701 1695 4755 erga

158 4757 450 4820 Wetstinum
491 4783 597 4836 pro
632 4767 892 4823 beneficio
932 4767 1077 4838 quod
1132 4768 1392 4827 Ecclesiae
1421 4770 1473 4827 et
1510 4775 1696 4829 erudi-

157 4855 267 4907 tioni
287 4860 539 4927 prazstitit
563 4860 663 4915 bas
691 4862 1017 4931 publicando
1045 4868 1219 4923 sancti
1248 4864 1547 4922 Clementis
1565 4866 1691 4937 Epi-

154 4947 320 5015 stolas;
340 4950 436 5005 sed
456 4951 703 5007 dolorem
730 4954 889 5009 simul
921 4958 1174 5014 cohibere
1214 4973 1323 5012 non
1366 4957 1510 5020 licet,
1543 4961 1687 5029 quod

157 5039 295 5101 gratis
312 5049 421 5095 tam
451 5042 719 5114 injustum
747 5060 808 5101 se
827 5047 1135 5104 exhibuerit
1162 5063 1289 5119 erga
1320 5056 1566 5104 sanctam
1596 5050 1692 5106 Ec-

237 5214 256 5245 '
285 5212 341 5268 S.
372 5213 519 5271 Iren.
549 5217 678 5275 Adv.
720 5220 876 5289 lucu,
904 5222 943 5280 l.
970 5238 1053 5285 ιιι,
1086 5224 1207 5280 c.5.

204 5406 269 5475 (δ)
484 5415 883 5494 testimon_ium_
920 5421 1191 5494 invenitur
1247 5423 1299 5477 in
1368 5427 1689 5494 quibusdam

149 5479 526 5566 erepiplaribus
548 5484 815 5566 Epistolq
942 5492 1127 5563 lgnatii
1158 5479 1412 5566 martyris
1432 5499 1498 5551 ad
1531 5479 1681 5551 Phil-

151 5548 496 5632 fdelphense-s.
546 5548 726 5626 ibique
749 5548 1171 5632 alludits‘anctus
1189 5548 1695 5632 praesuI‘Antioeh-e-

260 5623 516 5706 consilio
554 5640 581 5679 a
607 5623 1226 5706 sancto__C_lementegad
1260 5634 1512 5706 Virgines
1561 5639 1690 5692 dato

398 5691 727 5772 Petremtet
780 5697 825 5752 ια’
828 5700 1001 5767 ilium,
1035 5712 1085 5755 et
1111 5690 1387 5772 Spiritum“
1418 5690 1684 5764 adiutum.

154 5750 198 5803 Si
220 5758 429 5815 νίίίδιῑιε
462 5750 757 5823 ΐυετίίὶθιε
806 5750 1199 5843 ωηοιίνίεηῖιῗί
1240 5750 1686 5843 locum-cummi;

401 5856 671 5922 PA'rnoc.
705 5862 820 5923 Gn.
862 5865 910 5926 1.

1821 3215 2141 3285 dignitatem
2175 3231 2332 3270 suam
2383 3218 2657 3287 pertinere
2682 3218 2915 3287 iudicet,
2948 3226 3010 3273 ut
3062 3229 3117 3275 et
3175 3221 3392 3275 lautiori

1819 3309 1946 3363 cibo
1969 3316 2244 3373 vescatur,
2287 3316 2343 3363 et
2385 3310 2438 3364 in
2490 3311 2892 3380 spiritualibus,
2941 3327 3228 3381 personam
3269 3330 3392 3384 apo-

1818 3400 1941 3456 stoli
1968 3400 2050 3455 vel
2068 3402 2343 3471 propheta:
2362 3402 2465 3457 sibi
2492 3408 2692 3456 sumat.
2735 3419 2755 3453 ι
2790 3401 3050 3467 Tandem,
3080 3405 3171 3458 vix
3212 3417 3392 3474 sperat

1816 3488 2123 3546 Wetstinus
2144 3491 2242 3547 has
2265 3492 2537 3561 Epistolas
2570 3491 2912 3546 authenticas
2944 3495 3165 3563 agnosci
3198 3496 3265 3551 ab
3304 3496 3389 3549 his

1813 3595 2047 3651 quorum
2095 3596 2275 3637 mores
2304 3597 2410 3636 non
2443 3589 2591 3645 sunt,
2644 3587 2703 3634 ut
2745 3580 2841 3649 ait,
2890 3581 3084 3636 harum
3124 3583 3388 3637 doctrinae

1812 3673 2143 3729 conformes.

2117 3870 2401 3911 RESPONSIO
2440 3872 2744 3914 INVECTIVZS
2779 3875 3067 3915 WETSTINI.

1879 3944 2179 4001 Minoribus
2243 3948 2496 4016 expensis
2561 3956 2774 4017 poterat
2825 3947 3131 4003 Wetstinns
3182 3946 3378 4003 famam

1809 4038 2030 4092 solantis
2061 4038 2336 4105 reformati
2367 4040 2471 4093 sibi
2490 4041 3100 4111 conquirere,quamvis
3130 4040 3374 4097 dubitem

1803 4145 1933 4183 num
1966 4130 2145 4199 reipsa
2176 4130 2547 4200 acquisiverit.
2597 4130 2741 4199 Quot
2781 4149 3015 4204 namque
3050 4139 3380 4203 persecutio-

1802 4240 1918 4285 nes,
1939 4229 2078 4296 apud
2100 4245 2249 4293 suos,
2291 4232 2460 4286 subiit
2507 4240 2729 4304 propter
2756 4228 3118 4300 Epistolarum
3151 4234 3375 4286 istarum

1798 4318 2249 4387 publicationem!
2288 4320 2413 4392 Ipsi,
2438 4324 2634 4377 nedum
2668 4323 2720 4376 in
2752 4323 3115 4392 patrocinium
3145 4324 3376 4378 authen-

1800 4411 2026 4465 ticitatis
2060 4428 2221 4482 quam
2247 4414 2579 4478 vindicabat,
2610 4415 2849 4468 faverent
2884 4413 3373 4469 declamationibus

1724 4506 1767 4560 D
1795 4503 1914 4571 ejus
1936 4512 2124 4558 contra
2147 4504 2443 4562 Ecclesiam
2477 4518 2531 4565 et
2562 4510 2766 4564 clerum
2807 4508 3156 4572 catholicum,
3186 4509 3240 4561 in
3279 4508 3375 4562 de-

1796 4598 2148 4654 clamatorem
2184 4605 2361 4672 ipsum
2389 4602 2705 4658 debaceliati
2744 4611 2893 4658 sunt.
2932 4600 3045 4655 lmo
3083 4600 3193 4655 fere
3232 4601 3374 4654 inter

1798 4690 2263 4747 solosCatholicos
2289 4693 2656 4763 Epistolarum
2691 4693 3081 4748 authenticitas
3118 4691 3372 4747 defenso-

1796 4795 1885 4834 res
1921 4787 1974 4833 et
2028 4780 2321 4839 advocatos
2376 4787 2619 4841 invenit..
2654 4785 2753 4840 Hic
2797 4786 3110 4841 memorabo
3157 4793 3368 4839 tantum

1796 4871 2037 4926 Diarium
2067 4874 2414 4941 eruditorum,
2445 4879 2649 4934 mensis
2683 4877 2810 4933 Jun.
2846 4879 2950 4932 vol.
2984 4876 3077 4941 Kl,
3117 4877 3276 4940 i758,
3311 4892 3363 4945 p.

1795 4962 1920 5018 446.
1946 4963 2192 5019 Diarium
2226 4968 2369 5022 istud
2415 4968 2616 5024 fatetur
2654 4971 2849 5025 harum
2882 4969 3246 5040 Epistolarum
3284 4970 3368 5022 in-

1795 5056 2105 5113 ventionem
2127 5074 2249 5115 esse
2277 5062 2495 5117 maximi
2519 5064 2810 5129 momenti;
2834 5062 3223 5117 Commentaria
3249 5061 3370 5114 Tria

1798 5429 2683 5504 pluribiisAexemplaribusexistat
2697 5433 2968 5500 ejusmodi
2993 5430 3364 5504 interpolatio,

1794 5516 1916 5569 qua:
1952 5500 2304 5569 probabiliter
2348 5504 2589 5557 anterior
2615 5514 2699 5557 est
2722 5504 3006 5558 amissioni
3048 5500 3363 5560 nostrarum

1796 5571 2199 5645 Epistolarum,
2240 5573 2570 5645 credendum
2619 5580 2702 5626 est
2728 5573 2818 5645 ab
2846 5575 3047 5628 eisdem
3105 5574 3364 5645 Epistolis

1794 5649 2096 5695 mutuatam
2130 5642 2298 5697 fuisse
2322 5644 2698 5699 invitationem
2723 5644 2970 5698 imitandi
3005 5653 3115 5700 tres
3128 5642 3357 5701 sanctis-

1794 5712 1943 5766 simae
2001 5705 2288 5784 Trinitatis
2347 5713 2816 5784 personaszquod
2872 5723 3019 5769 certe.
3064 5732 3265 5770 novum
3309 5722 3358 5769 et

1790 5797 1954 5851 grave
1979 5782 2180 5850 pnebet
2212 5782 2643 5840 authenticitatis
2669 5799 3072 5854 argumentum.

3040 5882 3114 5941 1i!
