3916 6326
462 334 465 341 ’
537 326 649 381 565

1361 318 1417 373 S.
1453 314 1844 373 CLEMENTIS
1877 315 1895 371 Ι
1930 312 2097 371 BOM.
2131 310 2334 369 ΡΟΝῪ.
2370 311 2596 369 OPEBA
2628 310 2949 369 GENUINA.

3610 316 3689 372 364

536 442 765 496 roltiana
786 479 800 503 ,
825 441 964 511 Aug.
983 477 998 506 ,
1038 437 1198 504 1⁸158,
1228 452 1283 509 p.
1315 437 1494 503 2076;
1533 434 1855 497 Codescard,
1885 434 1942 489 in
1989 432 2108 487 Vita
2141 434 2184 490 Δ
2212 438 2435 502 paverat
2458 430 2744 503 dispoliari
2766 428 3146 499 ﬂagitaverunt
3170 434 3221 484 et
3244 425 3562 482 obtinuerunt
3581 443 3693 486 almo

532 533 703 587 sancti
729 530 1011 589 Clementis
1032 547 1053 596 ;
1074 530 1307 596 Caillau,
1339 531 1394 585 in
1440 528 1630 585 selecto
1657 528 1970 583 Collectioue
2005 525 2110 579 Pa-

534 634 674 680 trum
701 624 778 697 (4)
803 642 818 692 ;
845 632 953 680 etc.

575 718 786 787 ,Hocce
823 718 1154 789 judiciorum
1187 717 1483 774 discrimen
1530 717 1809 773 evidenter
1856 713 2109 770 demons-

533 820 642 866 trat
673 811 860 882 quibus
898 810 1226 880 displicuerit
1267 809 1511 865 doctrina
1535 812 1589 864 in
1630 808 1881 878 Epistolis
1912 808 2106 861 nostris

533 904 768 971 tradita,
840 905 1028 976 quique
1090 903 1215 958 illas
1280 919 1482 973 semper
1552 903 1773 958 latuisse
1835 912 2105 970 peroptas-

531 1007 663 1053 sent.

602 1111 758 1181 Quod
802 1113 979 1169 sentio
1010 1109 1243 1167 candide
1278 1108 1531 1164 fatebor:
1570 1106 1759 1164 nescio
1788 1113 1972 1161 utrum
2002 1105 2104 1171 sub

531 1205 928 1262 lnfelicioribus
992 1204 1254 1274 auspiciis
1322 1216 1484 1271 quam
1532 1200 1636 1256 sub
1696 1197 2001 1269 patrocinio
2050 1204 2105 1251 et

529 1306 775 1369 tempore
814 1296 1095 1359 Wetstini,
1147 1295 1229 1350 hac
1253 1295 1504 1364 pretiosae
1546 1290 1803 1362 Epistolas
1834 1287 2100 1360 publicari

530 1388 826 1458 potuerint.
846 1387 1139 1443 Cazlibatus
1157 1383 1683 1456 pseudo-reformatis
1705 1395 1921 1451 semper
1949 1378 2101 1433 odio-

531 1482 577 1536 si
625 1480 839 1553 quidam
867 1480 1183 1549 reformatus
1214 1477 1519 1548 apologiam
1546 1471 1891 1530 incunabulis
1916 1469 2100 1524 Eccle-

528 1567 625 1624 siae
667 1575 996 1622 coaetaneum
1054 1566 1111 1621 in
1157 1567 1333 1621 lucem
1394 1564 1631 1620 edebat:
1663 1562 1960 1618 Lutberum
1988 1560 2099 1615 dis-

528 1660 746 1732 cipulus
773 1659 995 1716 Lutheri
1027 1660 1318 1731 pungebat.
1346 1656 1480 1724 Quis
1503 1658 1674 1722 favor,
1705 1674 1771 1714 ex
1795 1658 1896 1712 hac
1924 1664 2094 1728 parte,

529 1754 865 1824 sperandus?
892 1753 946 1808 In
975 1768 1232 1824 proceres
1256 1751 1386 1807 cleri
1427 1750 1704 1817 catholici,
1730 1766 1838 1806 non
1874 1750 2098 1805 lacessi-
2131 1778 2175 1833 Β

528 1856 639 1909 tus,
677 1847 1033 1903 indistinctim
1075 1846 1376 1901 calumnias
1413 1853 1706 1910 struxerat,
1754 1843 1889 1914 ipsis
1920 1843 2098 1913 impu—

530 1938 695 1993 tando
727 1955 908 1994 mores
956 1954 1265 2009 perversos,
1298 1936 1633 2009 hypocrisim
1661 1952 1725 1991 ac
1763 1936 2096 1991 voluntatem

529 2033 883 2088 comburendi
939 2033 1107 2088 libros
1166 2048 1398 2103 quorum
1438 2032 1685 2088 doctrina
1731 2048 1840 2087 non
1887 2037 2098 2101 poterat

525 2126 595 2181 ad
640 2140 851 2190 eorum,
916 2135 975 2180 ut
1025 2125 1239 2192 aiebat,
1299 2125 1621 2197 pravitatem
1686 2132 1742 2183 et
1795 2125 2097 2196 nequitiam

526 2218 749 2273 inﬂecti.

598 2307 884 2365 Maledicta
916 2325 1017 2366 nec
1035 2309 1091 2364 in
1119 2315 1323 2365 sectam
1341 2310 1679 2367 accusatoris
1706 2324 1810 2365 nec
1832 2309 1888 2364 in
1919 2307 2097 2380 ipsum

519 2410 903 2461 .accusatorem
930 2419 1174 2473 regeram
1205 2422 1218 2459 :
1252 2403 1385 2474 quid
1416 2405 1561 2460 enim
1594 2404 1917 2475 prodessent
1966 2418 2099 2459 con-

518 2492 671 2567 lvicia
694 2495 716 2535 9
746 2493 887 2559 Quid
917 2493 1195 2549 vindicta?
1223 2494 1415 2556 Nemo,
1450 2496 1554 2551 nisi
1601 2494 1861 2559 insaniat,
1885 2493 2099 2549 difﬁteri

524 2600 706 2663 potest
756 2586 906 2644 mille
960 2587 1162 2658 scripta
1224 2598 1492 2653 veterum,
1543 2590 1745 2661 injuria
1795 2598 2101 2659 temporum

523 2684 726 2740 amissa
753 2693 808 2741 et
834 2680 1170 2744 oblitterata,
1196 2681 1458 2737 revixisse
1486 2682 1703 2738 tandem
1726 2696 1855 2736 cura
1872 2688 1925 2735 et
1952 2680 2103 2737 solli-

523 2777 766 2833 citudine
805 2779 1104 2849 praesertim
1140 2774 1461 2847 pontificum
1493 2774 1587 2845 qui
1639 2774 1806 2829 nullis
1840 2788 2101 2844 peperce-

522 2876 653 2923 runt
692 2871 969 2939 expensis,
1011 2880 1073 2925 ut
1104 2869 1206 2925 bos
1242 2868 1631 2940 conquirerent
1659 2866 1948 2922 thesauros
1978 2865 2105 2919 abs-

522 2959 796 3016 conditos.
848 2960 1042 3017 Merito
1088 2960 1331 3016 omnium
1376 2956 1511 3016 risui
1565 2970 1624 3012 se
1672 2964 1966 3027 exponeret
2007 2954 2102 3026 qui

524 3052 847 3108 immensam
910 3066 1229 3122 comparare
1285 3052 1510 3107 auderet
1565 3047 1814 3120 cujusvis
1887 3049 2102 3118 generis

523 3145 788 3201 librorum
837 3144 1186 3215 antiquorum
1225 3144 1627 3200 multitudinem
1660 3159 1689 3198 a
1722 3144 1869 3200 clero
1906 3142 2098 3200 catho-

523 3238 633 3292 lico
659 3237 1017 3302 detectorum,
1044 3252 1170 3293 cum
1202 3236 1501 3293 rarissimis
1524 3239 1880 3293 sectariorum
1914 3236 2097 3293 invert-

523 3328 788 3383 tionibus.
1455 3388 1459 3403 ι

593 3418 710 3474 Νοη
727 3420 829 3475 sibi
848 3419 1199 3474 consentiunt
1225 3419 1413 3475 hostes
1442 3420 1615 3476 nostri
1646 3418 1840 3475 :r‘nodo
1864 3435 2098 3490 namque

524 3519 784 3565 accusant
814 3510 1074 3566 Ecclesia:
1099 3520 1357 3581 proceres”
1394 3510 1539 3581 quod
1574 3511 1774 3566 bellum
1812 3510 2097 3566 intulerint

522 3601 677 3657 libris
708 3609 952 3656 veterum
1000 3601 1403 3664 licentioribus.
1445 3602 1608 3656 modo
1641 3601 1774 3672 ipsis
1829 3602 2097 3672 imputant

514 3692 691 3767 quod,
734 3709 800 3748 ex
855 3693 1144 3759 industria,
1189 3695 1358 3750 moliti
1420 3693 1621 3749 fuerint
1672 3694 2095 3749 destructionem

522 3798 749 3854 cperum
781 3785 1088 3841 castitatem
1127 3776 1482 3858 sanctamque
1524 3785 1867 3856 disciplinam
1895 3785 2098 3840 docen-

524 3876 681 3932 tium.
1936 3940 1941 3943 κ

594 3968 775 4034 Quare
819 3968 1000 4025 clerus
1033 3970 1338 4027 catholicus
1388 3970 1737 4027 insimulatur
1764 3986 1795 4025 a
1821 3970 2097 4028 Wetstino

524 4059 708 4113 nimiae
761 4058 1150 4119 familiaritatis
1199 4078 1325 4119 cum
1384 4063 1731 4127 mulieribus,
1786 4078 1911 4118 cum
1969 4063 2098 4118 inde

525 4153 795 4223 praecipue
837 4154 1443 4223 pscudo-reformationi
1494 4154 1781 4225 displiceat
1839 4155 1981 4226 quod
2027 4153 2098 4209 sit

525 4247 855 4302 continens?
893 4245 1016 4303 Haec
1047 4248 1208 4303 etiam
1255 4248 1400 4304 inter
1418 4263 1477 4303 se
1499 4248 1967 4319 pugnant.Arguit
1994 4246 2098 4301 Ec-

524 4340 705 4396 clesiae
748 4341 1010 4411 praesules
1045 4348 1101 4395 et
1130 4340 1360 4396 clericos
1399 4338 1545 4410 quod
1591 4339 2018 4410 contempserint
2044 4348 2098 4394 et

523 4434 825 4503 abjeceriut
864 4433 1039 4489 sancti
1064 4432 1362 4489 Clementis
1400 4432 1695 4503 Epistolas,
1739 4432 1921 4489 studio
1958 4433 2098 4505 gulae

523 4529 579 4577 et
607 4522 874 4588 ambitus;
904 4522 1047 4577 unde
1083 4523 1285 4594 gradus
1318 4524 1745 4586 ecclesiasticos,
1774 4531 1835 4578 ut
1863 4540 1959 4580 eos
1992 4524 2099 4580 cri-

527 4615 787 4680 minatur,
808 4625 1097 4686 usurpaut;
1125 4615 1267 4671 unde
1294 4631 1511 4686 quoque
1532 4616 1634 4671 sibi
1666 4624 1923 4688 arrogant
1969 4632 2101 4687 apo-

526 4708 794 4763 stolorum
849 4709 932 4763 vel
981 4709 1365 4780 prophetarum
1435 4710 1760 4779 qualitates!
1819 4708 2098 4774 Miserum,

526 4815 681 4864 sane,
714 4800 1018 4871 perfugium
1056 4801 1443 4875 haeresis,qua:
1478 4816 1618 4871 quos
1667 4810 1970 4863 aversatur.
2020 4802 2102 4857 sic

526 4891 729 4962 injuste
760 4893 1111 4949 dehonestat!
1146 4891 1466 4962 Speravitne
1493 4892 1798 4949 Wetstinus
1827 4893 1916 4947 his
1946 4893 2099 4948 insa-

525 4985 616 5041 nis
641 4985 1088 5040 accusationibus
1116 5000 1211 5039 ora
1245 4984 1499 5040 claudere
1529 5000 1718 5040 eorum
1749 4986 1866 5056 qui,
1896 4985 1949 5040 in
1981 4986 2099 5055 ipso

526 5074 963 5131 Lutberanorum
1001 5091 1183 5147 grege,
1232 5092 1357 5131 eum
1389 5086 1449 5131 ut
1488 5075 1833 5132 Socinianum
1879 5079 2099 5149 pestife-

528 5182 759 5242 rumque
779 5177 1097 5224 novatorem
1113 5167 1497 5224 denuntiantes
1513 5184 1542 5222 a
1553 5169 1722 5239 gradu
1754 5185 1913 5241 quem
1935 5187 2090 5226 oceu-

2124 3119 2167 3177 C

605 5347 648 5378 ¹⁶
674 5344 1075 5418 Prolegomen.,
1101 5362 1154 5400 n.
1194 5346 1278 5401 l0.
1357 5347 1398 5379 “
1438 5344 1537 5417 Ep.
1563 5344 1603 5411 Ι,
1638 5362 1696 5401 n.
1720 5348 1771 5402 l.

606 5532 685 5602 (4)
725 5529 1023 5602 ριιτποωο
1054 5530 1281 5602 ultimus
1311 5531 1544 5601 scriptor
1572 5540 1792 5586 nostras
1826 5528 2100 5602 Epistolas

536 5600 645 5658 non
677 5602 898 5657 admisit
919 5600 971 5653 in
998 5616 1101 5655 sua
1121 5600 1459 5665 Collectioue,
1488 5616 1611 5655 cum
1634 5617 1730 5657 eas
1761 5600 2102 5655 authenticas

536 5687 785 5727 essenon
838 5671 1035 5740 neget?
1089 5668 1377 5725 Probabile
1429 5679 1513 5727 est
1553 5681 1647 5725 aut
1673 5671 1882 5725 nullum
1909 5685 2097 5725 earum

537 5742 815 5811 exemplar
841 5742 895 5795 in
932 5756 1127 5796 manus
1154 5741 1289 5811 ejus
1304 5742 1587 5804 pervenire
1622 5741 1885 5810 potuisse.
1912 5748 2005 5793 aut
2052 5740 2099 5793 si

537 5808 815 5883 quoddam
835 5811 1161 5884 pervenerit,
1188 5808 1383 5882 pedem
1409 5811 1532 5881 ejus
1560 5808 1953 5884 retrogressum
1977 5826 2099 5866 esse

1850 5346 1891 5378 η
1920 5347 2196 5420 Βεωεοιιιη

2211 524 2414 670 "ign
2435 612 2597 685 digna
2621 619 2706 667 est
2737 611 2878 666 ratio
2907 625 3070 681 quam
3101 608 3248 664 affert
3266 608 3327 664 de
3353 608 3632 665 exorcismis
3653 611 3693 665 in

2207 705 2478 776 principio
2505 704 2762 759 Ecclesiae
2791 702 3070 761 adhibitis.
3101 716 3338 772 quosque
3364 701 3467 754 vult
3484 700 3696 755 confundi

2206 811 2331 851 cum
2387 812 2520 851 cura
2555 802 2903 867 aegrotorum.
2969 792 3099 847 Inde
3134 792 3290 847 etiam
3352 807 3521 845 ansam
3570 796 3701 847 sumit

2206 888 2505 944 accusandi
2569 889 2834 943 indirecte
2908 885 3202 940 hodiernos
3266 882 3502 938 Ecclesiae
3560 883 3696 947 ritus,

2207 980 2505 1037 asserendo
2534 980 2662 1035 olim
2705 979 2896 1034 saltem
2945 991 3159 1032 omnem
3190 975 3389 1029 fraudis
3412 983 3461 1030 et
3485 974 3701 1045 imposta-

2205 1088 2281 1128 rte
2308 1074 2700 1143 suspicionem,
2724 1086 2941 1126 onmem
2984 1066 3191 1124 sordidi
3221 1076 3442 1137 quaestus
3467 1081 3596 1137 spem
3627 1071 3699 1120 ab-

2205 1164 2399 1221 fuisse.

2954 1260 3026 1273 —

2396 1363 2706 1404 COIPENSAT
2715 1362 2768 1401 l0
2800 1360 3043 1401 INJUSTIT
3052 1358 3119 1397 DE
3158 1355 3533 1397 PRECEDENTIS.

2270 1440 2599 1505 Wetstinus,
2627 1440 2683 1494 in
2722 1438 3021 1493 Ecclesiam
3061 1434 3377 1490 catholicam
3408 1432 3608 1502 ejusque
3626 1431 3705 1486 cle-

2200 1550 2319 1590 rum
2349 1534 2629 1595 invehens,
2661 1542 2820 1588 sectae,
2850 1545 2961 1585 sua:
2981 1529 3206 1598 vestigia
3236 1534 3444 1580 secutus
3467 1530 3559 1579 est.
3584 1524 3707 1592 igno-

2199 1641 2418 1683 scamus
2449 1625 2559 1679 illi:
2580 1623 2855 1679 nesciebat
2884 1620 3137 1675 fortassis
3170 1617 3295 1688 quid
3322 1623 3507 1686 ageret.
3532 1612 3704 1667 Nullum

2201 1717 2327 1772 inde
2357 1717 2461 1786 ipsi
2509 1714 2855 1770 commodum
2880 1713 3121 1767 obvenit.
3150 1710 3340 1764 Cultus
3368 1705 3559 1777 pseudo
3577 1703 3711 1759 refor-

2199 1811 2328 1867 mati
2358 1809 2571 1881 patroni
2614 1810 2669 1862 in
2698 1807 2958 1876 collegam
2989 1803 3149 1875 primi
3177 1804 3581 1857 insurrexerunt.
3618 1796 3708 1850 Uti-

2197 1920 2324 1960 nam
2363 1904 2489 1957 hinc
2521 1899 2787 1971 potuisset
2808 1897 3110 1967 intelligere
3144 1894 3199 1948 in
3235 1895 3350 1948 solo
3367 1890 3544 1946 matris
3566 1887 3711 1941 Eccle-

2198 1997 2293 2052 sia:
2320 1995 2527 2065 gremio
2548 1991 2829 2047 veritatem
2865 2004 2990 2043 cum
3011 1986 3174 2041 laude
3195 2000 3320 2041 vera
3348 1982 3596 2051 dignoque
3622 1976 3711 2033 suf-

2199 2088 2372 2159 fragio
2404 2085 2624 2142 defendi
2666 2098 2731 2137 ac
2776 2079 3144 2153 propugnari!
3181 2077 3287 2133 Nec
3309 2075 3562 2131 Wetstino
3587 2067 3712 2125 aCa—

2198 2179 2417 2235 tholicis
2441 2173 2794 2247 denegandus
2831 2180 2916 2228 est
2948 2185 3110 2241 quem
3146 2169 3196 2225 ei
3227 2162 3535 2223 consectarii
3565 2161 3712 2228 dispu-

2198 2278 2335 2335 tant,
2376 2268 2609 2323 meritus
2636 2266 2833 2320 honos.
2864 2261 2999 2329 Quis
3039 2276 3206 2331 porro
3229 2266 3505 2314 extraneus
3523 2250 3713 2323 partium

2199 2360 2399 2418 studiis
2446 2360 2624 2430 ipsum
2685 2373 2796 2412 non
2853 2353 3096 2409 laudabit
3160 2351 3276 2406 haec
3338 2342 3649 2418 loquentem?
3682 2340 3714 2371 ”

2205 2471 2226 2505 ι
2265 2451 2439 2507 Erunt
2481 2450 2622 2505 forte
2658 2446 2858 2518 quibus
2890 2445 3083 2500 harum
3124 2441 3483 2513 Epistolarum
3524 2435 3715 2503 scriptor

2199 2544 2472 2603 videbitur
2521 2550 2577 2598 et
2620 2537 2969 2596 matrimonio
3007 2551 3131 2590 esse
3167 2531 3425 2604 iniquior,
3460 2528 3716 2584 caelibatum

2199 2651 2331 2693 vero
2361 2637 2589 2690 nimium
2642 2631 2925 2694 extollere,
2963 2627 3184 2698 quando
3223 2623 3511 2696 virginibus
3554 2616 3721 2673 sanctis

2199 2725 2634 2784 excellentiorem
2675 2722 2731 2776 in
2784 2720 2939 2775 oculis
2989 2719 3167 2773 locum
3230 2716 3411 2771 datum
3464 2710 3522 2765 iri
3569 2705 3720 2763 statuit

2201 2835 2364 2892 quam
2407 2816 2731 2887 conjugibus
2766 2813 2971 2869 sanctis
3004 2812 3073 2873 “,
3102 2818 3156 2865 et
3190 2806 3460 2864 morosius
3492 2814 3633 2873 quam
3655 2795 3722 2896 vel

2202 2910 2537 2971 humanitas,
2560 2906 2643 2961 vel
2670 2902 2857 2960 saeculi
2885 2901 3062 2957 nostri
3092 2897 3435 2956 consuetudo
3470 2893 3579 2958 fert,
3604 2893 3721 2944 omni

2202 3016 2327 3057 cum
2352 2997 2676 3053 mulieribus
2724 2993 3093 3049 familiaritate
3119 3001 3172 3046 et
3204 2986 3522 3044 commercio
3549 2980 3724 3037 interdi-

2204 3109 2348 3157 cere,
2369 3091 2683 3159 aditumque
2706 3101 2894 3142 earum
2921 3092 2975 3140 et
2999 3098 3311 3139 sermonem
3341 3080 3581 3149 defugere
3604 3074 3725 3144 jube-

2195 3202 2277 3251 re,
2307 3201 2375 3239 ne
2395 3182 2523 3254 quid
2549 3197 2616 3237 ex
2645 3178 2967 3250 contagione
2990 3175 3327 3233 incommodi
3350 3171 3729 3242 accipiamus,ut

2194 3276 2377 3334 verbis
2404 3274 2635 3330 Caesaris
2661 3282 2806 3329 utar.

2272 3387 2294 3424 ι
2336 3367 2529 3430 Aliter,
2563 3366 2757 3429 fateor,
2784 3366 2851 3420 de
2890 3364 3138 3418 caelibatu
3172 3368 3235 3417 et
3275 3353 3605 3414 matrimonio
3627 3364 3728 3405 sen-

2195 3462 2261 3517 tit
2290 3452 2542 3515 Clemens
2577 3470 2738 3525 quam
2786 3452 3089 3519 Lutberus;
3119 3460 3174 3506 at
3212 3450 3452 3507 nondum
3487 3444 3727 3517 probatum

2196 3559 2281 3607 est
2306 3528 2458 3603 illum
2498 3548 2637 3601 male
2665 3543 2906 3601 sensisse
2951 3556 2968 3594 :
3011 3540 3203 3610 siquis
3239 3538 3387 3594 enim
3423 3534 3621 3606 genium
3650 3525 3726 3580 de-

2197 3642 2436 3704 fraudat,
2467 3646 2522 3694 et
2549 3638 2856 3707 voluptates
2904 3634 3066 3691 etiam
3112 3633 3297 3687 licitas
3331 3626 3565 3699 .spernit,
3594 3632 3644 3675 ut
3681 3632 3731 3672 eo

2198 3735 2395 3790 melius
2428 3741 2483 3788 et
2514 3731 2822 3801 expeditius
2844 3729 3106 3783 doctrina:
3134 3723 3416 3796 Evangelii
3442 3729 3495 3777 et
3519 3714 3730 3774 curanda

2198 3824 2455 3880 Ecclesiae
2482 3838 2679 3878 vacare
2695 3821 3008 3893 possit,cur
3033 3836 3142 3876 non
3172 3820 3230 3874 in
3255 3820 3424 3873 altera
3454 3816 3556 3870 vita
3589 3809 3734 3876 majus

2198 3931 2228 3971 a
2275 3914 2384 3970 Deo
2437 3914 2719 3986 praemium
2777 3920 3043 3985 speraret,
3090 3927 3259 3982 quam
3302 3910 3382 3965 illi
3424 3907 3515 3978 qui
3561 3907 3731 3975 partem

2196 4007 2460 4064 mercedis
2491 4023 2608 4063 sua:
2627 4007 2739 4077 jam
2764 4006 2817 4060 in
2848 4005 2952 4060 hac
2977 4005 3089 4060 vita
3105 4002 3470 4075 receperunt!
3486 3998 3733 4054 Caeterum.

2195 4099 2448 4156 Clemens
2505 4113 2606 4153 nec
2645 4097 2953 4153 caelibatum
3016 4096 3193 4166 jubet,
3256 4109 3361 4150 nec
3411 4088 3618 4160 nuptias
3662 4096 3735 4134 ve-

2196 4200 2299 4257 tat,
2349 4197 2407 4244 ut
2459 4200 2574 4244 tum
2622 4206 2687 4244 ex
2761 4190 2882 4259 ipso
2943 4189 3062 4244 loco
3135 4186 3304 4242 modo
3388 4186 3548 4239 allato
3596 4178 3736 4249 patet.

2196 4291 2311 4337 tum
2341 4297 2406 4336 ex
2452 4282 2557 4335 alia
2601 4280 2845 4350 ejusdem
2871 4278 3113 4350 Epistula
3142 4279 3352 4348 scripta
3400 4272 3633 4327 adversus
3669 4276 3737 4317 eos

2199 4373 2291 4445 qui
2333 4374 2731 4429 matrimonium
2782 4373 3058 4443 rejiciunt,
3115 4386 3281 4439 quam
3310 4368 3506 4439 legisse
3542 4362 3739 4415 testatur

2130 4481 2176 4539 ο
2203 4464 2502 4537 Dionysius
2529 4464 2795 4521 Barsalibi
2824 4507 2839 4532 ,
2865 4464 3005 4535 apud
3036 4461 3301 4518 Asseman
3332 4463 3376 4493 ¹¹
3411 4479 3425 4515 :
3457 4470 3553 4511 nec
3585 4450 3740 4504 dece-

2200 4559 2403 4615 libatus
2425 4558 2648 4630 praemio
2669 4557 2965 4628 quidquam
2996 4554 3128 4610 dicit
3149 4553 3432 4610 diversum
3461 4550 3529 4604 ab
3556 4546 3620 4601 iis
3644 4552 3743 4612 qua

2199 4648 2403 4705 Paulus
2427 4649 2690 4704 docuerat
2722 4647 2786 4702 “.
2814 4665 2832 4698 ι

2199 4870 2585 4910 εκνεκυυκτωι
2631 4870 2696 4908 AC
2748 4866 3131 4907 BEFELLUNTUR
3170 4864 3439 4905 RATIONES
3488 4855 3661 4909 QUIBUS
3698 4851 3743 4889 νο

2271 4941 2339 4979 DE
2379 4941 2652 4979 PREIAGNY
2680 4940 2729 4978 IN
2761 4938 2957 4977 DUBIUI
2990 4937 3231 4976 REVOCA'I‘
3261 4922 3746 4976 ΑυτΒΒΝΤΙϐΠΔτΕΙ

2275 5011 2527 5050 ΑΙΒΑιωι
2564 5009 2935 5050 ενιετοιλιιυιι
2972 5008 3161 5048 SANCTI
3198 5004 3527 5046 CLEIENTIS.

2278 5086 2587 5157 Stephanus
2600 5084 2929 5141 Franciscus
2954 5083 3201 5140 Boistard
3226 5083 3297 5138 de
3326 5082 3644 5146 Premagny.
3667 5070 3748 5124 h0-

2207 5180 2363 5228 nesta
2404 5172 2628 5243 familia,
2659 5172 2981 5245 Rothomagi
3010 5181 3193 5237 natus,
3215 5175 3302 5227 vir
3333 5183 3544 5242 magna:
3574 5165 3749 5219 littem-

2206 5348 2438 5415 0rient.,
2470 5357 2511 5405 t.
2536 5348 2602 5417 Il,
2634 5366 2691 5422 p.
2720 5350 2844 5406 155.
2919 5348 3005 5406 “I
3050 5350 3178 5408 Cor.
3212 5358 3317 5417 VII,
3367 5349 3422 5407 9.

2207 5532 2483 5607 adsolum
2516 5541 2869 5607 conspectum
2918 5531 3144 5607 hirsuta:
3174 5528 3556 5607 translationis

2206 5603 2326 5658 tini.
2359 5601 2559 5659 Eadem
2594 5589 2869 5667 de'causa,
2910 5619 3011 5674 ego
3040 5605 3154 5674 ipse
3177 5604 3363 5674 plures
3392 5613 3566 5674 annos
3587 5589 3750 5674 distuli

2205 5688 2387 5746 meum
2430 5674 2691 5746 laborem,
2710 5675 2803 5746 qui
2834 5668 3041 5730 utinam
3060 5668 3246 5731 adhuc
3275 5680 3473 5730 sancto
3498 5668 3753 5725 Clemew

2204 5743 2461 5817 indignus
2490 5759 2599 5800 non
2626 5745 2723 5801 sit!
