3916 6326
245 383 330 437 365
1132 389 1495 447 EPISTOLJE
1531 393 1621 446 AD
1656 392 1996 451 VIRGINES.
2032 429 2101 436 —
2139 395 2499 458 PBOGZMIA.

3344 412 3452 468 366

238 504 367 558 turne,
405 494 538 549 inter
560 496 863 568 praecipuos
895 501 1171 559 modernaa
1204 507 1558 579 philosOphize
1586 520 1769 583 patro-
1798 517 1844 570 Α
1873 510 2089 583 pidatus
2118 524 2284 581 esset,
2316 533 2494 586 praeco
2516 492 2693 576 lactus
2722 518 2777 577 in
2801 521 3021 580 Oriente
3047 533 3102 581 et
3132 526 3447 595 Occidente;

234 602 585 657 nos,quorum
615 591 826 648 amicus
853 602 990 658 erat,
1022 606 1293 663 versatus,
1340 601 1626 657 innumera
1658 601 1770 659 fere

231 680 458 750 opuscula
488 694 517 732 a
545 696 603 735 se
622 689 924 754 composita
964 690 1093 759 legit
1134 706 1321 745 coram
1344 693 1635 750 Academia
1661 695 1768 752 Ro-

229 772 552 841 tbomagensi,
618 776 780 844 cujus
832 781 1136 836 membrum
1188 792 1327 841 erat.
1384 785 1567 841 Solam
1636 805 1767 845 vero

227 863 581 919 traductionem
604 865 865 924 Gallicam
892 880 1201 929 nostrarum
1228 875 1592 947 Epistolarum
1614 883 1767 936 evul-

223 962 363 1028 gavit,
384 960 629 1031 quamvis
658 961 811 1015 varia
834 963 1187 1021 scientiarum
1220 970 1516 1038 penetralia
1546 973 1760 1032 adierit.

220 1048 478 1121 Catalogus
534 1053 1032 1124 manuscriptorum
1086 1073 1209 1128 quae
1258 1060 1476 1130 reliquit
1522 1063 1600 1134 (5)
1652 1082 1759 1121 non

217 1142 404 1196 exhibet
430 1141 700 1199 hominem
724 1145 846 1200 ﬁdei
886 1146 1183 1206 infensum.
1223 1150 1333 1207 Nec
1361 1162 1540 1210 tamen
1574 1159 1759 1229 negari

216 1242 363 1301 potest
392 1232 769 1293 adnotationes
814 1238 937 1308 ejus
968 1240 1231 1311 plurimas
1263 1247 1503 1302 versioni
1541 1251 1759 1321 subjec-

215 1332 283 1378 las
300 1325 706 1394 reprehensione
725 1330 920 1402 dignas
936 1349 1078 1399 esse,
1106 1344 1168 1390 ut
1191 1339 1398 1410 patebit
1420 1356 1488 1396 ex
1516 1341 1604 1399 his
1635 1360 1757 1416 quae

212 1414 346 1469 modo
368 1417 610 1476 dicturus
637 1436 779 1476 sum.

267 1507 500 1563 Ordinem
544 1526 749 1582 sequar
802 1528 1156 1571 numerorum
1196 1534 1339 1589 quos
1378 1521 1547 1579 allixit
1582 1524 1646 1583 D.
1684 1528 1752 1586 de

208 1592 470 1669 Premagny
498 1598 555 1653 in
581 1600 702 1655 suis
729 1600 1197 1661 adnotationibus.

262 1686 297 1742 l.
338 1685 427 1742 Vix
463 1691 725 1745 morabor
755 1701 814 1745 ut
849 1692 1075 1763 probem
1135 1705 1327 1751 contra
1374 1696 1747 1759 adnotatorem

1871 602 1965 673 qui
1994 606 2254 663 eximium
2285 609 2410 665 ﬁdei
2440 626 2555 667 sua:
2581 612 2751 669 decus
2778 616 3011 686 accepit,
3064 624 3235 671 totum
3283 633 3448 673 mun-

1869 698 1997 754 dum
2062 700 2265 758 docens
2298 705 2589 773 justitiam,
2637 716 2690 762 et
2738 708 2805 763 ad
2863 709 3175 766 Occidentis
3226 712 3448 770 veniens

1870 796 2186 862 terminum,
2216 806 2271 853 et
2304 799 2406 854 sub
2451 800 2721 870 praefectis
2764 806 3085 874 martyrium
3116 820 3313 875 passus
3344 806 3443 877 (6;,

1867 887 1941 942 ita
1972 904 2003 944 e
2039 891 2242 945 mundo
2270 892 2541 962 migravit,
2571 900 2734 963 atque
2766 894 2821 949 in
2853 895 3028 950 locum
3058 907 3305 952 sanctum
3344 898 3443 951 ab—

1865 978 1947 1042 iit,
1980 981 2254 1050 patientia:
2302 998 2555 1054 magnum
2605 987 2884 1057 exemplar
2931 986 3128 1043 factus.
3162 987 3259 1044 llis
3307 990 3442 1044 viris

1861 1072 1956 1141 qui
1992 1073 2232 1127 divinam
2262 1076 2428 1130 vitam
2460 1077 2754 1142 duxerunt,
2787 1088 3074 1151 aggregata
3121 1087 3207 1136 est
3249 1080 3441 1152 ingens

1860 1165 2157 1221 electorum
2189 1168 2504 1234 multitudo,
2536 1188 2557 1221 ι
2591 1178 2699 1226 etc.

1930 1258 2020 1315 lV.
2042 1258 2289 1316 Dubiam
2321 1277 2444 1317 esse
2484 1263 2678 1317 harum
2710 1263 3079 1334 Epistolarum
3108 1266 3439 1321 authenticl-

1857 1359 2047 1418 tatem,
2078 1352 2206 1409 inde
2234 1355 2551 1425 pronuntiat
2581 1354 2645 1411 D.
2673 1355 2740 1410 de
2768 1355 3070 1429 Premagny
3098 1359 3267 1428 quod,
3280 1356 3436 1429 juxta

1855 1441 2060 1512 ipsum,
2092 1443 2433 1514 impossibile
2458 1445 2531 1500 sit
2559 1446 2834 1516 conjicere
2862 1446 3191 1518 quibusnam
3220 1449 3437 1520 scriptae

1852 1530 2078 1593 fuerint.

1921 1624 1988 1682 Et
2014 1634 2197 1684 tamen
2222 1630 2397 1701 magis
2423 1632 2572 1687 clara
2595 1648 2720 1689 esse
2743 1648 2850 1688 non
2876 1641 3106 1704 possunt
3126 1634 3291 1689 verba
3311 1650 3433 1704 quae

1850 1716 2006 1774 initio
2032 1720 2222 1790 primae
2252 1720 2505 1792 Epistolas
2529 1725 2879 1794 reperiuntur
2916 1744 2929 1780 :
2966 1726 3220 1781 Omnibus
3268 1726 3427 1796 virgi-

206 1790 292 1830 non
329 1792 515 1833 nocere
554 1779 927 1850 Epistolarum
977 1784 1377 1843 authenticitali
1428 1800 1728 1847 sanctorun

1847 1810 2001 1866 nibus
2030 1812 2194 1867 beatis
2215 1815 2305 1883 qui
2327 1814 2401 1885 (7)
2428 1818 2811 1871 constituerunt
2836 1834 3041 1873 servare
3069 1818 3429 1889 virginitatem

205 1878 254 1918 ac
290 1866 551 1922 beatorum
606 1870 873 1924 vocabula
927 1872 1127 1942 quibus
1170 1875 1345 1930 utitur
1377 1886 1601 1934 sanctus
1624 1880 1745 1936 Cle—
1780 1857 1822 1913 Β

206 1970 345 2011 mens.
370 1955 433 2011 Ut
459 1959 527 2013 ab
549 1975 621 2014 eo
650 1961 898 2016 adhiberi
931 1964 1225 2033 potuerint,
1249 1966 1521 2024 sufﬁceret
1549 1972 1746 2029 unicus

201 2044 361 2101 horum
388 2049 676 2105 verborum
698 2067 832 2108 usus
861 2054 919 2108 in
950 2051 1100 2110 Novo
1118 2052 1486 2126 Testamento,
1514 2062 1605 2118 ubi
1631 2062 1742 2120 {re-

199 2145 389 2205 quenter
418 2140 792 2208 reperiuntur.

255 2227 311 2283 ll.
339 2228 595 2288 lndirecte
630 2242 686 2288 et
727 2244 1075 2293 transeunter
1118 2240 1439 2313 perstringit
1467 2246 1734 2314 apostola-

197 2329 293 2375 tum
325 2322 444 2378 beati
472 2324 629 2381 Petri
660 2324 867 2382 Romae.
902 2328 995 2383 llle
1019 2339 1202 2386 autem
1236 2332 1490 2391 incursus
1521 2352 1741 2408 respon-

194 2428 297 2467 sum
321 2431 410 2469 non
427 2426 672 2473 meretur
698 2435 711 2473 :
748 2420 1020 2476 innumeri
1044 2425 1244 2495 quippe
1274 2426 1397 2481 libri
1421 2429 1731 2495 exstabant,

194 2511 395 2575 tempore
414 2505 470 2561 Ι).
487 2509 557 2564 de
575 2507 901 2583 Premagny,
928 2520 983 2568 et
1009 2530 1157 2571 nunc
1183 2527 1416 2585 exstant,
1444 2522 1736 2590 probantes

190 2595 363 2651 nullum
397 2601 747 2657 insulsiorem
777 2604 831 2657 iu
865 2607 1140 2664 mentibus
1169 2611 1511 2668 eruditorum
1549 2630 1720 2670 rema-

188 2705 291 2745 nere
315 2708 462 2762 posse
487 2696 892 2754 dubitationem
926 2718 1090 2772 quam
1120 2705 1189 2761 de
1225 2706 1385 2778 longa
1418 2710 1594 2765 sancti
1625 2710 1730 2766 Pe-

188 2783 242 2834 tri
259 2782 419 2840 Romae
446 2791 883 2846 commoratione
910 2810 923 2847 ς
966 2793 1021 2848 in
1042 2795 1146 2850 hoc
1175 2798 1320 2852 enim
1351 2798 1595 2857 historia:
1618 2802 1731 2858 fac-

184 2886 228 2932 to
254 2881 515 2937 unanimes
541 2890 675 2936 sunt
700 2900 823 2939 cum
855 2895 966 2941 tota
992 2897 1139 2944 retro
1170 2893 1494 2962 antiquitate
1524 2896 1730 2955 doctis-

184 2970 280 3023 simi
306 2972 613 3042 scriptores,
639 2985 755 3031 tum
785 2968 1280 3049 interCatholicos,
1311 2994 1424 3039 tum
1454 2988 1619 3044 etiam
1640 2991 1725 3046 in-

182 3068 245 3117 ter
274 3074 646 3133 protestantes.

232 3152 304 3209 Ill.
330 3157 552 3214 Miratur
576 3160 722 3232 quod
748 3170 943 3221 sancto
969 3165 1138 3223 Paulo
1167 3170 1358 3227 titulus
1377 3173 1559 3231 Divim‘
1586 3178 1723 3238 Λυσι
1748 3207 1789 3263 C
1824 3152 1920 3247 eo;

179 3251 275 3303 itali
320 3269 347 3306 a
399 3264 864 3327 contemporanco
930 3263 1232 3330 tribuatur,
1288 3266 1443 3339 isque
1497 3280 1722 3328 vocetur

178 3345 425 3413 Apostolus
453 3350 580 3405 sine
609 3353 847 3408 nominis
869 3353 1168 3423 additione,
1186 3366 1240 3414 et
1271 3376 1369 3430 per
1397 3373 1721 3421 antonoma-

175 3432 299 3524 siam.
338 3436 438 3493 Sed
475 3449 708 3498 sanctus
740 3442 991 3500 Clemens
1034 3448 1089 3502 in
1144 3450 1318 3520 prima
1356 3452 1597 3524 Epistola
1652 3459 1720 3515 ad

174 3520 444 3584 Corinthios
464 3569 479 3591 .
508 3546 637 3599 qua:
657 3533 972 3590 authentica
1010 3538 1079 3592 ab
1102 3540 1356 3599 omnibus
1381 3520 1715 3615 agnoscitur,

172 3611 313 3671 dicit:
350 3636 367 3669 ‹
408 3618 626 3676 Sumite
655 3621 952 3692 Epistolam
993 3626 1136 3683 beati
1163 3628 1340 3689 Pauli.
1376 3652 1395 3686 ι
1418 3611 1715 3701 ⁷(ὶιιοίιηίιηί

169 3711 341 3763 tantum
393 3712 695 3769 discrimen
741 3723 825 3771 est
880 3718 1022 3773 inter
1062 3719 1295 3776 divinum
1344 3734 1399 3780 et
1458 3727 1717 3786 beatum?

167 3792 348 3854 Nullum
385 3804 659 3874 profecto.
716 3805 985 3864 Praeterea
1019 3820 1315 3884 utrumque
1360 3820 1709 3888 vocabulum,

164 3892 368 3957 tempore
392 3897 573 3951 sancti
590 3896 889 3954 Clementis
919 3901 1292 3960 indill‘erenter
1320 3910 1706 3979 usurpabatur.

163 3974 272 4035 Hinc
295 3983 501 4043 inActis
532 3993 781 4060 martyrii
803 3995 976 4048 sancti
1000 3993 1189 4065 lgnatii
1211 3974 1558 4068 Antiocheni,
1589 4023 1711 4076 quae

163 4072 330 4142 scripta
358 4088 484 4133 sunt
522 4081 599 4135 ab
628 4082 748 4151 ejus
763 4084 1070 4156 discipulis,
1103 4089 1299 4160 legitur
1330 4092 1408 4162 (n.
1432 4094 1485 4165 9)
1528 4116 1540 4150 :
1578 4072 1709 4154 «'Ut

162 4169 511 4226 convenienter
556 4172 607 4228 ei
643 4175 790 4245 quod
846 4177 985 4232 dixit
1041 4180 1261 4237 divinus
1308 4182 1535 4253 Paulus,
1590 4190 1706 4260 ipse

158 4266 340 4325 quoque
360 4261 511 4316 iierct
536 4267 914 4333 spectaculum
934 4269 1162 4337 mundo,
1190 4280 1245 4328 et
1266 4277 1474 4346 angelis
1512 4285 1565 4334 et
1599 4281 1702 4335 ho-

157 4345 380 4407 minibus.
413 4372 431 4405 ι
457 4352 633 4426 Igitur
659 4354 762 4412 hac
793 4367 953 4416 aetate
970 4361 1241 4431 ejusmodi
1265 4345 1427 4425 voces
1456 4370 1701 4428 adhiberi

157 4434 389 4497 solebant.

206 4526 301 4586 Nec
326 4535 519 4591 mirum
553 4538 700 4609 quod
729 4540 893 4596 etiam
929 4554 1058 4600 tunc
1102 4556 1327 4608 sanctus
1349 4550 1554 4611 Paulus
1600 4573 1699 4626 per
1731 4551 1774 4605 Ῑ)

154 4627 560 4683 antonomasiam
611 4631 904 4703 Apostolus
951 4637 1131 4695 dictus
1185 4642 1369 4711 fuerit,
1402 4662 1527 4704 cum
1576 4660 1695 4706 tam

152 4711 376 4797 divinitus
407 4722 475 4777 ad
510 4727 875 4793 apostolatuin
920 4730 1083 4787 fuerit
1130 4746 1379 4805 vocatus,
1431 4756 1496 4795 ac
1539 4751 1693 4799 tanto

198 5280 233 5312 “
263 5283 303 5338 ll
331 5288 479 5348 Petr.
509 5289 793 5356 "1,15,16.
859 5301 900 5331 "
924 5302 989 5360 N.
1023 5306 1075 5362 5.
1155 5310 1198 5341 ¹⁶
1235 5311 1456 5383 Apocal.
1491 5334 1599 5375 xw.

138 5480 1223 5595 n‘i’.ﬁ:22:32!9_emaisne_mihi
1270 5514 1673 5595 ιιεεηεφίεηρς

139 5555 185 5667 ἰν.
197 5555 1673 5646 _ArchiepiscopuIRothomagensi-s-eu

168 5635 268 5670 llllls
292 5642 529 5670 nlmlnnc
578 5636 753 5670 ’νο-νισι.
784 5642 1009 5670 η-..---ιε
1046 5662 1212 5670 ﬂ.-.“
1249 5667 1333 5670 ,,_,-
1433 5654 1446 5670 ι
1533 5658 1547 5670 .
1589 5658 1600 5670 .
1625 5658 1638 5670 .

190 5636 550 5721 ριιξ-ξυρξοτίξ.
564 5636 754 5721 ‘Tanto
767 5636 1011 5721 Praesuli
1040 5662 1221 5721 grates
1247 5636 1411 5721 repen

136 5693 201 5807 ίιῗβ
236 5711 325 5779 Pr?
356 5701 465 5785 isto
506 5693 711 5779 totque
730 5693 1662 5807 alii—swben'elicii‘swm

176 5775 244 5807 Ine
270 5767 429 5807 duim.
458 5775 501 5807 ιι
551 5780 616 5807 ,ιη
649 5779 949 5807 n_-_.-_.___
1213 5792 1248 5807 ι.
1292 5795 1304 5807 .
1588 5798 1600 5807 .

1847 1913 2059 1973 propter
2093 1922 2309 1976 regnum
2358 1908 2630 1964 caelorum.
2663 1907 2745 1964 Ad
2795 1908 2897 1967 bos
2945 1912 3093 1967 solos
3140 1912 3427 1982 utriusque

1846 2010 2013 2051 sexus
2039 1997 2278 2067 virgines
2314 1999 2553 2068 scriptas
2585 1998 2757 2055 fuisse
2808 2002 2908 2056 has
2955 2000 3225 2071 Epistolas
3254 2018 3425 2074 agno-

1843 2088 1922 2143 vit
1949 2097 2173 2145 sanctus
2201 2089 2562 2162 Hieronymus
2596 2112 2609 2147 :
2652 2093 2726 2147 ita
2758 2100 2818 2147 ut
2867 2094 3109 2148 animum
3142 2095 3275 2149 mire
3310 2094 3427 2149 dis—

1840 2185 2078 2233 tractum
2123 2179 2323 2236 habere
2374 2180 2622 2238 debuerit
2670 2182 2733 2240 D.
2767 2182 2834 2239 de
2864 2182 3166 2255 Premagny
3197 2186 3291 2255 qui
3324 2203 3422 2241 su-

1839 2284 1937 2340 pra
1977 2271 2123 2326 dicta
2171 2273 2335 2328 verba
2382 2275 2536 2344 prius
2577 2275 2647 2331 ab
2686 2280 2806 2348 ipso
2836 2277 3029 2335 Latine
3061 2281 3419 2351 transcripta.

1838 2365 2035 2422 deinde
2062 2366 2121 2421 in
2152 2376 2397 2423 nostram
2435 2368 2676 2439 linguam
2706 2380 2965 2437 verterat,
3011 2373 3230 2443 quando
3278 2373 3420 2427 dixit

1837 2458 2037 2527 conjici
2086 2474 2193 2514 nou
2242 2475 2407 2531 posse
2441 2462 2643 2532 quibus
2690 2462 2811 2519 ista:
2852 2464 3262 2521 destinarentur
3290 2465 3420 2538 Epi-

1834 2549 2008 2605 stola).

1903 2641 2039 2697 Boni
2067 2642 2309 2713 pastoris
2337 2640 2571 2699 cilicium
2603 2646 2863 2716 implebat
2905 2657 3131 2704 sanctus
3160 2648 3413 2705 Clemens

1832 2733 1960 2789 dum
2007 2736 2330 2809 invigilaret‘
2354 2739 2675 2808 perfectioni
2717 2756 2909 2798 eorum
2939 2744 3033 2813 qui
3060 2744 3412 2802 illustriorem

1829 2829 2009 2898 gregis
2037 2828 2244 2885 Christi
2274 2833 2579 2901 portionem
2611 2834 2871 2890 eiiiciunt.
2899 2835 3145 2907 Dilectus
3168 2840 3409 2910 discipu-

1829 2917 1916 2972 lus
1941 2917 2058 2987 ipse
2075 2919 2255 2975 locum
2275 2922 2328 2975 in
2350 2922 2506 2978 cmlis
2524 2923 3011 2982 honoratissimum
3035 2930 3115 2984 eis
3140 2929 3412 3001 assignat.

1827 3006 2124 3080 Postquam
2172 3013 2317 3068 enim
2366 3016 2639 3071 nuntiavit
2670 3032 2765 3073 eos
2803 3018 3005 3075 habere
3036 3037 3233 3078 nomen
3270 3026 3410 3095 Agni

1828 3098 1924 3155 Dei
1952 3107 2006 3155 et
2033 3099 2210 3157 Patris
2240 3102 2362 3172 ejus
2405 3104 2670 3174 scriptum
2705 3106 2761 3160 in
2801 3105 3078 3167 frontibus
3104 3113 3241 3178 suis,
3275 3115 3411 3170 dicit

2252 3202 2380 3250 ante
2440 3197 2623 3253 sedem
2683 3202 2956 3257 canticum
3012 3220 3234 3272 novum,
3259 3210 3409 3277 quod

1825 3300 1986 3340 nemo
2034 3295 2233 3356 preter
2280 3290 2427 3350 illos,
2470 3299 2696 3367 cantare
2752 3301 2954 3363 potest,
2988 3298 3247 3369 additque
3280 3320 3293 3355 :
3331 3301 3405 3355 1Ιί

1823 3387 1944 3430 sunt
1973 3379 2063 3448 qui
2102 3396 2219 3433 cum
2258 3380 2566 3436 mulieribus
2592 3399 2695 3436 non
2731 3394 2855 3437 sunt
2900 3388 3221 3458 coinquinati
3251 3408 3269 3446 :
3298 3394 3405 3446 vir—

1820 3470 1965 3539 gines
2006 3472 2145 3525 enim
2188 3462 2331 3527 sunt.
2379 3472 2453 3526 Hi
2503 3484 2794 3544 sequuntur
2846 3477 3055 3547 Aguum
3097 3496 3403 3553 quocunque

1818 3562 1963 3617 ierit.
2008 3562 2083 3615 Hi
2124 3564 2285 3631 empti
2334 3575 2457 3619 sunt
2503 3581 2569 3620 ea:
2598 3567 2895 3624 hominibus
2938 3571 3189 3639 primitiis
3218 3573 3323 3628 Deo
3349 3590 3401 3629 et

1817 3656 1967 3724 Agna
1986 3652 2051 3710 “.

1889 3745 1952 3802 Ὺ.
1994 3745 2229 3803 Domino
2251 3750 2319 3805 de
2345 3749 2669 3824 Premagny,
2700 3761 2827 3823 post
2856 3752 3186 3811 Wetstinum
3219 3758 3396 3811 anim-

1815 3838 2097 3895 advertere
2143 3842 2353 3912 placet,
2406 3843 2544 3897 nihil
2598 3845 2653 3898 in
2702 3844 2790 3900 his
2854 3845 3115 3916 Epistolis
3158 3849 3395 3904 inveniri

1812 3931 2018 3986 dictum
2067 3932 2135 3989 de
2184 3934 2489 3991 hierarchia
2526 3946 2577 3990 et
2607 3937 2981 3993 ecclesiastica
3012 3941 3339 3996 auctoritate
3372 3962 3388 3997 :

1809 4030 1865 4079 et
1886 4025 2011 4080 inde
2036 4028 2364 4083 concludere
2392 4029 2505 4082 vult
2526 4027 2750 4082 dubiam
2781 4045 2907 4085 esse
2937 4047 3125 4086 earum
3158 4033 3391 4088 authen-

1810 4115 2097 4173 ticitatem.
2136 4116 2358 4174 Dixerat
2397 4133 2528 4173 vero
2552 4117 2862 4176 Wetstinus
2890 4121 3032 4175 hanc
3061 4124 3390 4179 authentici-

1807 4216 1975 4264 tatem
2034 4210 2209 4265 astrui
2236 4211 2464 4278 praecise
2512 4213 2609 4269 illo
2660 4216 2901 4271 silentio.
2964 4212 3241 4274 Wetstino
3271 4217 3386 4285 jam

1806 4314 2130 4371 responsum
2158 4302 2303 4357 dedi.
2322 4302 2512 4360 Restat
2528 4320 2656 4377 ergo
2675 4315 2733 4363 ut
2762 4309 3125 4379 respondeam
3156 4313 3388 4367 adnota-

1804 4392 1909 4445 tori
1944 4392 2143 4447 ibidem
2171 4395 2526 4464 quaestionem
2551 4399 2754 4453 nullam
2786 4399 2956 4456 fuisse
2976 4401 3044 4457 de
3073 4401 3384 4459 hierarchia

1801 4490 1857 4538 et
1880 4483 1947 4538 de
1968 4486 2291 4541 auctoritate
2316 4489 2712 4547 ecclesiastica.
2745 4490 2941 4547 Omnia
2980 4502 3191 4565 tempus
3218 4503 3274 4550 et
3304 4496 3385 4552 lo-

1802 4590 1927 4631 cum
1958 4592 2118 4630 suum
2149 4576 2371 4636 habent.

1874 4665 1963 4723 Vl.
2009 4667 2254 4741 Vitiligat
2296 4688 2515 4744 quoque
2563 4674 2627 4730 D.
2658 4677 2726 4733 de
2755 4676 3059 4751 Premagny
3088 4695 3253 4750 super
3282 4696 3381 4735 vo-

1798 4758 2010 4814 cabulis
2045 4762 2288 4831 Apostoli
2329 4774 2384 4821 et
2422 4767 2717 4840 Evangelii,
2756 4773 2915 4842 quasi
2972 4773 3077 4827 hoc
3132 4780 3405 4844 tempore.

1794 4854 2050 4923 usurpari
2095 4870 2205 4910 non
2255 4855 2565 4917 debuerint.
2599 4863 2785 4919 Liceat
2815 4865 2950 4920 mihi
2989 4866 3175 4921 dicere
3218 4865 3373 4920 litem

1792 4939 1935 4994 hanc
1973 4955 2096 4997 esse
2143 4958 2490 5018 summopere
2531 4951 2817 5009 ridiculam
2852 4973 2866 5010 :
2906 4962 3193 5026 postquam
3224 4956 3373 5011 enim

1790 5043 1954 5085 voces
2001 5032 2119 5088 ista:
2160 5049 2190 5088 a
2234 5034 2478 5105 Christo,
2510 5041 2579 5097 ab
2621 5046 2884 5112 apostolis
2927 5054 2982 5102 et
3023 5048 3391 5120 evangelistis‘

1788 5120 2046 5179 adhibitae
2078 5124 2299 5198 fuerint,
2337 5131 2463 5201 quis
2491 5133 2674 5191 dicere
2700 5136 2924 5194 auderet
2954 5153 2987 5194 a
3011 5147 3204 5196 sancto
3246 5138 3370 5196 Cle-

1778 5535 1922 5575 anno
1953 5522 2111 5589 l76'7,
2145 5528 2305 5583 annis
2338 5536 2498 5587 natus
2526 5533 2614 5588 58.

1847 5591 1924 5688 ('6)
1965 5593 2304 5688 Eix‘histqria
2333 5602 2599 5684 discimus
2631 5604 2770 5663 duos
2798 5606 2968 5669 fuisse
3004 5612 3191 5670 Romae
3219 5633 3358 5688 prm-

1415 5654 1486 5710 do
1516 5658 1669 5731 debi-
1770 5654 1944 5719 lectos
1976 5665 2167 5721 ultimo
2190 5654 2624 5731 Neronisra’nno.

1838 5733 2657 5847 (Ξέ..Ξῖῖξενίξξξεςξίειξειθιξλει.οεν
2687 5751 3079 5847 animum
3100 5757 3355 5831 σιτῖεειιιτ

175 5760 183 5766 _
238 5753 250 5763 ,
304 5770 315 5779 ο
360 5753 457 5785 .-π
509 5753 691 5779 MT...
735 5753 857 5769 ...πο
899 5753 1176 5801 malum".
1210 5753 1339 5804 Il.uut
1381 5753 1662 5807 praess-us.
1838 5753 1916 5807 μ)
1959 5753 2231 5793 δετιῠιιιιι·
2258 5753 2346 5811 qui
2378 5758 2484 5799 non
2519 5762 2647 5816 quae1

138 5753 466 5885 $203131?“
457 5775 535 5885 li;
539 5780 642 5885 l2?“
648 5779 965 5885 Premagny.
988 5792 1432 5885 inter‘relt‘gipnli‘s
1449 5798 1662 5885 ‘amplef
1765 5802 1832 5859 ad
1867 5805 2107 5877 virgines
2140 5811 2431 5885 utriusque
2461 5830 2647 5877 sexus.

140 5839 217 5884 tus
252 5847 370 5898 ante
413 5855 643 5904 mortem
680 5868 737 5908 se
766 5839 1657 5927 prsidiil'e'.’ohiii’s"i'2ﬂill§}ii
