3916 6326
501 374 606 433 567

1315 373 1373 429 Β.
1411 370 1804 427 CLEMENTIS
1836 371 1857 423 ι
1891 370 2059 425 ROM.
2096 367 2297 423 P01“.
2334 367 2563 422 OPERA
2595 364 2920 423 GENUINA.
3597 369 3681 423 δοιὸ

501 499 683 547 mente
736 506 848 547 non
900 490 1146 562 potuisse
1193 455 1481 546 adhiberi?
1531 488 1831 561 Utramque
1886 503 2071 544 vocem
2102 483 2349 554 Amagis
2399 484 2582 541 favere
2630 482 2931 555 virginitati
2981 479 3305 537 beatissima
3344 474 3509 534 Maria:
3555 496 3685 550 quam

500 591 727 641 sanctus
757 582 1011 639 Clemens
1054 582 1111 638 in
1153 581 1343 638 eadem
1380 582 1524 637 linea
1554 588 1803 652 usurpat,
1830 580 2077 636 scribens

500 676 568 731 ad
597 675 913 732 Corinthios
943 676 1174 746 primam
1206 674 1527 746 Epistolam,
1561 684 1622 729 ut
1643 674 1757 745 jam
1788 673 1922 737 dixi,
1959 673 2079 728 sine

499 767 869 823 controversia
893 768 1284 824 authenticam.
1318 786 1338 821 ι
1365 767 1636 839 Apostoli,
1668 765 1866 837 inquit,
1898 782 1952 821 ιι.
1984 766 2074 833 42,

498 860 654 916 missi
683 876 715 916 a
745 860 977 918 Domino
1004 859 1135 918 Jesu
1164 858 1407 927 Christo,
1436 860 1787 932 Evangelium
1818 858 2079 930 praedica-

496 962 647 1009 runt.
680 972 700 1007 ι

572 1045 680 1102 Sed
711 1048 906 1119 quaerit
940 1048 1003 1105 D.
1045 1047 1113 1105 de
1142 1046 1447 1119 Premagny
1493 1054 1673 1102 utrum
1727 1046 1783 1101 in
1830 1045 2080 1101 versione

452 1214 455 1221 ι
500 1137 728 1212 Syriaca
784 1143 1130 1212 reperiantur
1184 1142 1287 1196 ista
1341 1140 1606 1195 vocabula
1642 1158 1656 1195 :
1693 1138 2033 1209 Evangelium
2059 1176 2075 1203 ,

497 1231 823 1301 Apostolus?
854 1233 1180 1305 Respondeo
1207 1232 1261 1288 id
1291 1232 1442 1304 parvi
1474 1230 1700 1295 referre,
1751 1231 1910 1285 modo
1955 1245 2080 1286 sen-

498 1338 595 1380 sus
627 1323 771 1379 idem
798 1325 1155 1396 exprimatur.
1188 1323 1261 1379 Ut
1292 1332 1472 1379 autem
1504 1322 1808 1378 curiositati
1838 1325 1958 1392 ejus
1989 1319 2080 1377 sa'-

498 1416 795 1479 tisfaciam,
821 1416 999 1472 dicam
1027 1417 1083 1471 in
1108 1416 1334 1490 Syriaco
1356 1416 1587 1487 exprimi
1615 1424 1825 1471 tantum
1856 1431 2077 1471 sensum

500 1508 652 1564 verbi
676 1510 941 1578 Apostoli,
971 1508 1027 1564 id
1056 1518 1142 1565 est
1165 1510 1342 1575 missi,
1387 1518 1442 1565 et
1489 1508 1861 1564 introductum
1910 1507 2081 1565 fuisse

500 1601 832 1658 vocabulum
864 1602 1160 1674 Evangelii.
1194 1600 1313 1659 Non
1358 1603 1600 1658 consulit
1642 1617 1756 1657 suae
1797 1601 1953 1656 fama:
1985 1602 2079 1671 qui

503 1692 605 1749 has
634 1696 843 1751 nuntias
869 1695 1149 1766 proponit.

571 1785 683 1844 Vll.
725 1786 829 1854 Qui
864 1788 1091 1845 libidine
1131 1786 1546 1843 contradicendi
1590 1787 1860 1858 abripitur
1908 1786 2079 1841 solem

499 1879 679 1949 ipsum
706 1878 1080 1951 splendentem
1107 1890 1352 1951 negaret,
1386 1893 1479 1935 aut
1507 1881 1628 1951 ejus
1653 1880 2000 1936 existentiam
2021 1880 2075 1936 in

500 1970 725 2026 dubium
776 1979 1082 2028 revocaret.
1117 1972 1210 2028 Sic
1254 1972 1316 2029 Ι).
1348 1974 1414 2030 de
1441 1975 1742 2053 Premagny
1774 1976 1921 2031 litem
1952 1990 2077 2032 sus-

500 2064 634 2120 citat
677 2066 889 2121 auctori
942 2066 1313 2137 Epistolarum
1350 2069 1479 2137 quia
1519 2085 1621 2124 nec
1678 2084 2075 2140 praecursorem

500 2155 714 2212 Domini
745 2157 1047 2229 Baptistam
1076 2160 1388 2231 appellavit,
1410 2176 1512 2217 nec
1542 2161 1799 2216 dilectum
1832 2163 2079 2234 discipu-

499 2249 611 2305 lum
630 2250 1046 2323 Evangelistam.
1077 2254 1209 2310 lnde
1230 2255 1393 2310 etiam
1422 2256 1709 2325 perpendit
1734 2265 1916 2313 utrum
1957 2273 2077 2311 am-

500 2339 584 2400 ba:
634 2352 835 2398 nostrae
880 2343 1139 2414 Epistolas
1176 2345 1499 2401 antecedere
1530 2348 1807 2417 potuerint
1836 2348 2081 2417 publica-

498 2434 704 2491 tionem
734 2443 789 2491 et
814 2436 1181 2508 cognitionem
1209 2437 1490 2509 Evangelii
1520 2440 1697 2495 sancti
1716 2438 1962 2496 Joannis.
1982 2440 2080 2495 Mi-

500 2543 624 2583 sera
653 2543 883 2598 prorsus
927 2529 1239 2587 discussio!
1274 2529 1330 2585 Si
1361 2532 1507 2587 enim
1539 2534 1936 2589 antecesserint
1963 2534 2082 2589 istae

500 2618 759 2692 Epistolas
802 2623 1227 2693 publicationem
1272 2623 1551 2695 Evangelii
1603 2625 1781 2680 sancti
1829 2624 2077 2690 Joannis,

499 2727 601 2768 cur
628 2728 817 2768 eorum
854 2714 1236 2784 antiquitatem
1267 2714 1584 2786 impugnat?
1616 2714 1742 2781 Sed,
1771 2717 1961 2787 procul
1989 2718 2083 2772 du-

499 2803 615 2870 bio,
647 2804 827 2859 adhuc
856 2804 1158 2862 distractus
1205 2813 1322 2861 erat
1374 2806 1604 2877 legendo
1638 2814 1694 2863 et
1722 2808 2082 2863 exscribenda

500 2895 601 2951 has
632 2895 903 2965 Epistolas
929 2915 942 2952 :
970 2897 1177 2967 pluries
1204 2897 1349 2952 enim
1378 2897 1452 2951 ibi
1484 2905 1709 2952 sanctus
1731 2896 1983 2953 Clemens
2004 2898 2084 2952 ci-

500 2988 639 3043 tavit
682 2987 1031 3061 Evangelium
1064 2992 1240 3047 sancti
1269 2989 1520 3047 Joannis.
1556 2990 1615 3045 In
1647 2992 1765 3048 solo
1794 3008 1850 3046 n.
1883 2992 1951 3047 15
1993 3008 2083 3047 se-

499 3081 692 3137 cundae
715 3081 991 3153 Epistolas,
1018 3083 1103 3139 bis
1135 3083 1302 3154 hujus
1328 3083 1683 3155 Evangelium
1715 3084 1943 3139 adduxit
1981 3105 1995 3140 :
2031 3086 2085 3140 l'

2179 576 2345 631 verba
2373 577 2549 632 sancti
2578 576 2758 632 Lucae.
2787 575 2907 630 Non
2942 573 3099 629 facile
3145 581 3320 627 tamen
3344 572 3571 642 concipio
3592 575 3685 643 qui-

2179 666 2409 722 busnam
2434 669 2615 724 verbis
2642 676 2870 724 sanctus
2892 665 3073 721 Lucas
3099 666 3299 720 clarius
3328 665 3687 736 exprimerepo-

2179 762 2374 818 tuisset
2426 761 2669 834 Deipartc
2712 761 3082 833 virginitatem
3126 773 3289 829 quam
3315 757 3412 812 hoc
3439 773 3688 817 sermone:

2180 855 2331 908 Dizcit
2360 865 2534 909 autem
2554 854 2731 908 Maria
2758 853 2826 908 ad
2848 853 3139 924 Angelum:
3162 849 3425 917 Quomodo
3455 851 3534 918 ﬁet
3557 850 3688 907 istud.

2178 948 2426 1017 quoniam
2454 947 2625 1001 virum
2655 963 2759 1000 non
2787 945 3084 1015 cognosco?
3129 942 3197 995 Et
3236 938 3530 1009 respondens
3564 956 3692 1009 ange-

2180 1038 2285 1099 lus,
2315 1036 2452 1090 dixit
2498 1039 2546 1091 ei
2576 1051 2595 1091 :
2626 1036 2861 1106 Spiritus
2913 1044 3131 1090 sanctus
3170 1033 3476 1103 superveniet
3504 1032 3553 1084 in
3577 1040 3632 1096 te,
3654 1040 3693 1085 et

2178 1131 2345 1182 virtus
2388 1130 2655 1184 Altissimi
2700 1127 3037 1182 obumbrabit
3081 1126 3176 1180 tibi
3207 1143 3225 1181 :
3255 1126 3462 1195 ideoque
3507 1134 3550 1179 et
3584 1124 3693 1195 quod

2180 1233 2425 1277 nascetur
2448 1238 2514 1277 ex
2544 1234 2590 1277 te
2617 1232 2865 1277 sanctum
2893 1218 3169 1275 vocabitur
3198 1216 3369 1272 Filius
3397 1217 3487 1270 Dei
3504 1215 3559 1271 ”.

2252 1316 2341 1373 l.\'.
2388 1316 2618 1371 Miratur
2663 1315 2830 1371 etiam
2873 1314 3164 1368 adnotator
3195 1326 3225 1364 a
3258 1317 3442 1365 saneto
3467 1309 3695 1365 Clemente

2178 1408 2426 1464 adhiberi
2476 1409 2593 1464 hch
2639 1409 2807 1464 verba
2847 1427 2863 1463 :
2898 1406 3161 1461 Dominus
3193 1412 3381 1458 noster
3407 1399 3550 1455 Jesus
3574 1400 3696 1456 Chri-

2180 1509 2288 1563 tus,
2318 1499 2417 1554 Dei
2467 1497 2667 1554 Filius.
2706 1497 2964 1568 Nunquid
3018 1496 3189 1567 igitur
3221 1494 3449 1549 insolitae
3476 1501 3613 1547 erant
3636 1493 3698 1545 lue

2179 1605 2343 1646 voces
2391 1606 2511 1660 quae
2560 1589 2722 1644 toties
2749 1588 3099 1659 reperiuntur
3126 1592 3182 1640 et
3218 1585 3272 1637 in
3305 1581 3635 1652 Evangelistis
3655 1587 3698 1633 et

2180 1683 2236 1738 in
2262 1682 2520 1753 Epistolis
2549 1682 2920 1753 apostolorum
2940 1680 2963 1733 ?
2981 1677 3139 1746 Quod
3170 1676 3217 1733 si
3241 1676 3354 1730 haec
3379 1673 3596 1729 nondum
3615 1671 3699 1726 sul-

2184 1777 2391 1840 liciant,
2430 1776 2649 1831 remitto
2698 1774 2879 1829 adhuc
2921 1770 3310 1844 philosophum
3353 1766 3701 1835 Rothomagen-

2180 1883 2297 1924 sem
2354 1866 2421 1922 ad
2483 1866 2800 1938 Symbolum
2827 1863 3206 1934 apostolorum
3264 1860 3405 1930 quod
3454 1853 3701 1912 Christiani

2180 1975 2394 2025 omnes,
2427 1966 2671 2029 tempore
2715 1956 2892 2013 sancti
2935 1953 3257 2016 Clementis,
3288 1950 3571 2007 recitabant
3595 1949 3704 2003 sicut

2178 2063 2233 2112 et
2282 2069 2407 2118 nos,
2453 2051 2702 2107 dicentes
2736 2070 2752 2106 :
2784 2049 2856 2103 Et
2904 2049 2961 2104 in
3010 2046 3200 2101 Jesum
3231 2041 3704 2123 ChristumﬁFilium

2178 2147 2292 2217 ejus
2325 2147 2536 2199 unicum
2567 2143 2853 2196 Dominum
2887 2151 3151 2196 nostrum.

2249 2236 2368 2291 Non
2394 2235 2625 2290 libenter
2645 2233 2772 2304 legit
2804 2231 3186 2287 simultaneam
3214 2228 3377 2283 trium
3398 2238 3702 2299 personarum

2180 2328 2609 2384 enuntiationem
2652 2339 2683 2378 a
2730 2331 2923 2378 sancto
2968 2320 3250 2377 Clemente
3279 2334 3593 2390 expressam.
3623 2318 3707 2369 Cur

2180 2433 2310 2474 vero
2338 2433 2446 2473 non
2474 2432 2627 2487 atque
2652 2414 3005 2486 displicerent
3031 2413 3081 2468 ei
3110 2414 3277 2469 verba
3305 2412 3501 2468 Christi
3529 2410 3587 2464 ad
3608 2423 3708 2479 app-

2182 2512 2352 2568 stolos
2387 2532 2399 2567 :
2433 2510 2632 2563 Euntes
2661 2524 2805 2577 ergo,
2834 2506 3011 2560 docete
3040 2522 3222 2560 omnes
3254 2515 3451 2576 gentes,
3479 2501 3708 2570 baptizan-

2184 2614 2259 2659 tes
2297 2620 2384 2658 eos
2427 2603 2483 2655 in
2526 2602 2735 2656 nomine
2769 2599 2972 2662 Patris,
3003 2606 3051 2652 et
3086 2596 3241 2660 Filii,
3275 2606 3322 2651 et
3366 2595 3579 2665 Spiritus
3608 2608 3708 2646 sas—

2182 2701 2353 2755 cli"?
2378 2698 2611 2753 Putatne
2638 2711 2668 2750 a
2701 2695 2987 2765 discipulis
3016 2693 3226 2749 Christi
3281 2692 3382 2747 hoc
3429 2697 3710 2762 praeceptum

2182 2807 2293 2847 non
2345 2790 2514 2845 fuisse
2560 2786 2790 2841 ﬁdeliter
2839 2792 2893 2839 et
2938 2784 3183 2854 quotidie
3210 2780 3574 2838 observatum?
3602 2778 3711 2832 Num

2181 2883 2459 2942 existimat
2492 2897 2521 2934 a
2547 2879 2741 2951 primis
2756 2876 3086 2933 Christianis
3104 2892 3218 2931 non
3233 2876 3560 2931 ell'ormatum
3578 2871 3715 2926 fuisse

2183 2977 2398 3048 signum
2431 2973 2611 3028 crucis
2642 2972 2694 3026 in
2724 2972 2945 3026 nomine
2969 2967 3168 3031 Patris,
3202 2975 3257 3023 et
3284 2966 3425 3031 Filii,
3446 2974 3497 3021 et
3518 2963 3711 3034 Spiritus

2186 3067 2402 3126 sancti?
2445 3064 2720 3119 Audacter
2766 3060 2899 3116 dicit
2938 3074 3117 3139 “usque
3168 3059 3238 3113 ad
3290 3073 3486 3113 annum
3515 3054 3603 3110 165
3625 3060 3713 3107 tres

502 3171 689 3228 Mirati
718 3147 841 3229 sunt
868 3176 993 3246 quia
1024 3192 1143 3229 cum
1173 3147 1389 3231 muliere
1417 3147 1731 3247 loquebatur
1760 3177 1841 3242 ‘7;
1868 3176 1931 3230 2‘
1952 3175 2081 3230 Noli
2110 3178 2152 3237 C.
2187 3156 2547 3215 δθηεῑῖδδίῖηω
2568 3153 2853 3247 Τι’ίῐξιέξίε
2871 3166 3135 3247 Personas:
3158 3166 3441 3247 ῃιιηίιιξθηι
3467 3147 3613 3247 ruis?"

500 3282 581 3321 me
596 3275 808 3337 tangere
828 3282 846 3320 :
865 3267 1097 3321 nondum
1112 3268 1252 3321 enim
1272 3270 1486 3323 ascendi
1506 3268 1574 3321 ad
1593 3268 1812 3323 Patrem
1830 3286 2000 3324 meum
2014 3270 2079 3327 ¹⁸.

500 3357 637 3412 Cum
688 3372 819 3427 ergo
867 3367 1093 3416 sanctus
1136 3359 1392 3416 Clemens
1450 3360 1701 3416 citaverit
1746 3361 1851 3415 hoc
1906 3359 2082 3415 sancti

500 3449 731 3507 Joannis
760 3450 1138 3523 Evangelium,
1168 3468 1354 3508 nonne
1385 3452 1611 3508 evidens
1631 3460 1716 3509 est
1748 3452 1881 3508 illud
1916 3452 2085 3518 fuisse

501 3552 630 3600 ante
676 3552 896 3602 nostras
925 3545 1198 3617 Epistolas
1229 3545 1534 3617 scriptum?
1573 3544 1713 3600 Hinc
1742 3545 1906 3601 etiam
1937 3552 2085 3615 patet

502 3650 905 3706 praecursorem
954 3636 1170 3693 Domini
1200 3653 1229 3692 a
1260 3649 1451 3694 sancto
1498 3634 1777 3693 Clemente
1813 3644 1872 3692 ut
1902 3636 2087 3707 Bapti-

501 3734 643 3782 stam
692 3725 865 3783 fuisse
912 3730 1205 3799 agnitum:
1247 3728 1302 3784 in
1355 3728 1535 3798 primo
1587 3726 1857 3798 siquidem
1907 3726 2088 3797 capite

501 3816 781 3888 Evangelii
831 3818 1008 3873 sancti
1059 3819 1312 3886 Joannis,
1338 3818 1521 3877 sexies
1546 3820 1741 3876 beatus
1777 3833 2086 3892 przecursor

500 3910 800 3980 Baptizans
834 3912 1161 3981 appellatur.

576 4002 712 4058 Vill.
753 4002 872 4058 Jam
908 4004 1164 4074 superius
1186 4003 1301 4059 dixi
1342 4020 1485 4076 tegre
1514 4002 1740 4061 concedi
1767 4019 1930 4075 posse
1958 4020 2085 4060 san-

503 4098 655 4145 etum
706 4090 1041 4148 Clementem
1118 4094 1381 4149 strictiori
1433 4095 1654 4150 vinculo
1708 4110 1834 4150 eum
1893 4102 2087 4150 sancto

503 4183 673 4239 Paulo
693 4199 857 4256 quam
885 4199 1010 4241 cum
1040 4193 1234 4242 saneto
1263 4186 1424 4242 Petro
1452 4187 1676 4258 ligatum
1710 4188 1880 4245 fuisse
1900 4208 1914 4245 :
1936 4205 2089 4246 eom-

504 4279 741 4333 moratio
784 4292 1022 4350 namque
1063 4280 1241 4335 sancti
1282 4278 1429 4336 Petri
1460 4279 1648 4337 Roma
1676 4283 1846 4337 multo
1873 4283 2089 4339 diutur-

504 4370 649 4435 nior,
684 4370 1146 4426 necessitudinem
1177 4387 1395 4443 quoque
1422 4373 1594 4426 multo
1625 4374 1912 4429 arctiorem
1947 4375 2091 4430 inter

505 4475 601 4515 eos
628 4461 933 4530 producere
959 4461 1149 4516 debuit
1170 4480 1184 4515 :
1202 4463 1346 4532 quod
1383 4462 1660 4518 fatendum
1682 4471 1849 4527 esset,
1873 4465 2086 4521 etiamsi

2184 3250 2271 3306 bis
2299 3248 2644 3318 conjunctas.
2676 3242 2907 3297 Fallitur
2936 3260 2949 3297 :
2983 3241 3234 3312 quotidie
3267 3240 3410 3296 enim
3458 3236 3716 3307 conjuncta

2182 3342 2406 3398 fuerunt
2459 3338 2515 3392 in
2571 3336 2744 3391 forma
2791 3333 3157 3403 baptismatis,
3192 3342 3249 3387 et
3296 3332 3351 3385 in
3380 3330 3528 3401 signo
3552 3325 3715 3381 crucis

2182 3434 2294 3490 imo
2326 3434 2381 3487 in
2411 3430 2634 3507 scriptis
2661 3428 2836 3483 sacris
2864 3434 2917 3481 et
2948 3426 3001 3479 in
3034 3426 3331 3480 traditione
3358 3421 3516 3492 hujus
3542 3428 3714 3487 tempe»

2181 3528 2262 3583 ris
2307 3526 2429 3580 illas
2475 3523 2661 3578 unitas
2710 3520 2883 3575 fuisse
2927 3518 3216 3573 evidenter
3244 3524 3411 3587 patet.
3445 3513 3578 3567 Satis
3601 3507 3717 3564 enim

2183 3620 2332 3675 clare
2384 3625 2497 3672 tres
2543 3612 2904 3671 sanctissimae
2956 3610 3255 3665 Trinitatis
3296 3613 3547 3667 Persona
3578 3599 3721 3671 expri-

2183 3720 2408 3766 muntur
2453 3707 2617 3762 simul
2658 3707 2714 3761 in
2744 3705 2830 3760 bis
2860 3702 3001 3758 beati
3033 3700 3187 3755 Pauli
3221 3699 3405 3755 verbis
3459 3697 3521 3751 ad
3564 3692 3720 3748 Corin-

2187 3804 2332 3859 thios
2358 3801 2581 3871 scriptis
2612 3818 2625 3853 :
2660 3796 2850 3851 Gratia
2878 3792 3095 3848 Domini
3156 3791 3332 3845 nostri
3376 3787 3503 3843 Jesu
3536 3781 3721 3843 Christi,

2184 3907 2233 3952 et
2265 3896 2498 3950 charitas
2534 3892 2651 3956 Dei,
2690 3900 2737 3945 et
2766 3884 3174 3944 communicatio
3203 3882 3380 3937 sancti
3411 3880 3641 3949 Spiritus,
3669 3873 3721 3924 sit

2186 4003 2302 4041 cum
2330 3983 2569 4041 omnibus
2600 3982 2741 4037 vobis
2758 3980 2839 4047 ἰς
2875 3985 2928 4033 et
2958 3976 3025 4030 ad
3093 3970 3319 4026 eosdem
3344 3974 3389 4003 ²²
3424 3992 3437 4026 :
3469 3967 3725 4037 Conﬁrmat

2187 4098 2280 4136 nos
2308 4081 2362 4133 in
2391 4078 2625 4139 Christo,
2648 4084 2697 4129 et
2729 4072 2879 4126 unxit
2910 4086 3003 4123 nos
3038 4067 3198 4132 Deus,
3230 4074 3283 4121 et
3308 4062 3530 4134 signavit
3564 4073 3663 4119 nos,
3684 4060 3725 4107 et

2187 4172 2331 4227 dedit
2359 4172 2547 4241 pignus
2585 4166 2818 4235 Spiritus
2847 4164 2901 4216 in
2932 4158 3178 4214 cordibus
3208 4156 3432 4212 nostris.

2258 4263 2378 4319 Non
2408 4262 2589 4331 minus
2619 4260 2765 4314 clare
2792 4264 3014 4311 sanctus
3044 4250 3241 4306 Petrus
3265 4250 3478 4305 divinas
3502 4247 3728 4315 personas

2191 4357 2352 4413 simul
2378 4355 2700 4424 coniunctas
2727 4348 2996 4410 enuntiat,
3023 4346 3219 4400 dicens
3256 4362 3268 4398 :
3303 4339 3563 4395 Electis...
3585 4346 3731 4389 secutas

2192 4451 2318 4503 dum
2362 4446 2749 4517 praescientiam
2793 4442 2888 4495 Dei
2936 4439 3146 4501 Patris,
3193 4437 3250 4489 in
3295 4428 3729 4517 sancti/irationem

506 4552 663 4606 nihili
682 4552 1049 4621 penderentur
1077 4560 1157 4607 tot
1186 4561 1432 4609 veterum
1454 4555 1766 4609 testimonia
1784 4572 1906 4626 quae
1929 4573 2082 4613 sanc-

2195 4543 2448 4612 Spiritus,
2467 4541 2522 4593 in
2555 4537 2906 4594 obedientiam
2932 4543 2979 4588 et
3002 4532 3362 4599 aspersionem
3386 4520 3639 4596 sanguinis
3662 4514 3731 4570 Jc-

508 4655 622 4699 tum
658 4646 997 4703 Clementem
1026 4648 1205 4703 sancti
1233 4647 1382 4703 Petri
1413 4648 1665 4703 comitem
1716 4648 1890 4706 fuisse
1937 4650 2090 4706 evin-

506 4743 664 4803 cunt,
695 4747 749 4793 et
778 4753 903 4793 eum
935 4740 1005 4795 ab
1034 4739 1138 4796 hoc
1166 4740 1417 4812 apostolo
1444 4750 1825 4796 consecratum
1871 4743 2087 4814 episco-

507 4844 638 4899 pum
666 4830 1001 4886 unanimiter
1027 4831 1274 4889 tradunt.

578 4922 754 4981 Pudet
802 4942 889 4982 me
938 4926 1266 4997 redarguere
1296 4926 1443 4996 quod
1474 4927 1764 4982 adnotator
1795 4934 1902 4981 tam
1931 4944 2085 4984 erro-

507 5031 610 5073 nee
638 5016 846 5088 profert
873 5018 941 5075 de
968 5019 1198 5075 vocibus
1228 5017 1362 5073 Filii
1398 5019 1647 5088 Virginis,
1680 5036 1820 5089 quas
1851 5022 2086 5091 applicat

507 5120 735 5166 sanctus
757 5110 1008 5168 Clemens
1036 5111 1263 5167 Domino
1289 5120 1479 5167 nostro
1505 5109 1634 5168 Jesu
1664 5110 2086 5183 Christozquasi

508 5201 703 5259 titulus
745 5203 974 5276 Virginis
1011 5204 1288 5259 adhibitus
1338 5204 1580 5259 nondum
1634 5203 1831 5260 fuisset
1875 5204 1944 5259 ad
1993 5204 2089 5261 de-

509 5293 830 5364 signandam
882 5294 1216 5351 Genitricem
1268 5294 1588 5351 Salvatoris.
1639 5293 1896 5367 Nunquid
1927 5294 1989 5350 D.
2020 5295 2089 5352 de

508 5384 812 5459 Premagny
897 5386 952 5442 in
1003 5386 1230 5443 dubium
1284 5388 1563 5444 revocavit
1619 5387 2086 5443 authenticitatem

509 5480 753 5555 Symboll
788 5480 1097 5550 apostolici,
1129 5481 1185 5536 in
1214 5496 1324 5552 quo
1364 5480 1608 5537 dicitur:
1645 5479 1823 5535 Natus
1872 5497 1939 5536 ea:
1976 5481 2093 5536 Ma-

509 5575 595 5627 ria
623 5572 861 5643 virgine?
891 5571 1001 5626 Aut
1047 5572 1295 5643 nunquid
1324 5572 1493 5627 verba
1525 5572 1642 5627 haec
1669 5571 1961 5642 quamdam
1990 5571 2090 5626 ob-

510 5666 831 5718 scuritatem
870 5662 1193 5717 involvunt?
1236 5661 1401 5717 Addit
1445 5663 1611 5718 verba
1641 5662 1819 5719 sancti
1850 5660 2089 5717 Matthaei

584 5779 625 5811 "
666 5776 824 5833 Joan.
862 5794 936 5838 Iv,
966 5777 1058 5831 ‘27.
1169 5776 1211 5808 ⁸⁸
1250 5775 1410 5833 Joan.
1438 5792 1533 5839 xx,
1565 5775 1654 5832 Π.

1766 5777 1808 5808 ¹⁹
1852 5774 1981 5842 Luc.
2008 5792 2046 5836 ι,
2079 5776 2169 5842 ⁸54,
2200 5773 2290 5830 ⁸55.

2192 4657 2255 4695 su
2278 4633 2559 4693 Christi”.

2264 4728 2443 4798 Eque
2488 4732 2674 4794 aperte
2718 4726 2942 4778 sanctus
2982 4715 3221 4770 Joannes
3268 4712 3402 4768 dicit
3433 4727 3446 4763 :
3482 4708 3597 4763 Tres
3631 4707 3731 4798 sunt

2189 4822 2279 4893 qui
2308 4793 2665 4873 testimonium
2693 4812 2823 4866 dant
2853 4812 2907 4864 in
2934 4809 3101 4863 cwlo:
3136 4806 3323 4869 Pater,
3345 4802 3557 4857 Verbum
3579 4793 3731 4862 etSpi-

2189 4914 2324 4967 ritus
2355 4921 2611 4970 sanctus;
2637 4915 2687 4958 et
2718 4904 2771 4957 hi
2797 4914 2901 4956 tres
2933 4916 3093 4954 unum
3127 4900 3329 4952 sunt".

2265 5002 2527 5075 Equidem
2574 4996 2886 5054 inﬁdelibus
2922 4992 3079 5064 primi
3112 4987 3413 5045 Christiani
3456 5001 3557 5041 non
3596 4981 3734 5037 debe-

2192 5100 2323 5155 bant
2368 5093 2613 5150 revelare
2657 5087 3030 5159 imprudenter
3070 5081 3330 5154 mysteria
3364 5075 3627 5149 religionis
3653 5086 3733 5128 n0-

2194 5202 2341 5254 strte,
2373 5203 2445 5243 ne
2473 5186 2576 5240 ista
2626 5184 2695 5237 ab
2734 5181 2815 5237 eis
2843 5179 3242 5237 deriderentur,
3277 5181 3333 5228 et
3364 5168 3734 5243 persecutiones

2194 5283 2366 5357 gratis
2413 5276 2879 5343 suscitarenturj:
2926 5273 3157 5341 ideoque
3209 5268 3468 5323 Christus
3512 5264 3729 5319 dixerat:

2198 5378 2383 5434 Nolite
2411 5374 2542 5427 dare
2569 5380 2811 5425 sanctum
2842 5364 3083 5428 canibus,
3114 5379 3273 5434 neque
3303 5360 3527 5417 mittatis
3554 5365 3735 5419 marga-

2197 5472 2329 5525 ritas
2376 5474 2498 5519 ante
2534 5475 2750 5534 porcos;
2796 5473 2859 5512 ne
2901 5457 3039 5526 forte
3087 5454 3392 5509 conculcent
3439 5468 3525 5506 eas
3550 5442 3735 5518 pedi!!!“

2197 5563 2331 5625 suis,
2354 5570 2405 5614 ct
2436 5552 2993 5620 conversidirumpant
3016 5547 3197 5612 vos";
3229 5548 3323 5601 sed
3353 5543 3488 5599 adeo
3513 5540 3736 5625 {nequem

2196 5662 2313 5712 erat
2343 5653 2487 5707 inter
2513 5647 2758 5703 initiatos
2789 5643 3147 5699 sanctissima:
3170 5637 3454 5694 Trinitatis
3475 5624 3736 5689 invocatio,

2400 5766 2445 5799 ¹⁰
2484 5762 2673 5819 Matth.
2713 5776 2909 5828 xxvm,
2957 5758 3046 5814 i9.
3157 5757 3197 5788 ²¹
3240 5752 3283 5808 ll
3317 5751 3445 5806 Crr.
3500 5758 3613 5807 xm,
3662 5736 3732 5792 l3.

517 5852 562 5884 "
603 5848 646 5906 ll
674 5831 821 5905 Cor.
846 5864 884 5919 I,
911 5831 1003 5905 ξι.
1082 5847 1126 5880 ⁸³
1163 5846 1185 5901 ι
1214 5846 1363 5904 Petr.
1398 5831 1439 5919 ί,
1474 5831 1606 5911 1,2.
1643 5831 1651 5832 ί
1685 5846 1729 5879 ’⁸
1771 5840 1975 5903 lJoan.
2008 5831 2062 5912 vv,
2094 5831 2169 5902 7(
2220 5845 2265 5877 ’⁸
2307 5836 2499 5894 Matth.
2525 5848 2623 5901 vn,
2651 5831 2708 5890 6.
