3916 6326
214 312 321 406 tot

1142 351 1499 412 EPISTOLE
1533 357 1625 413 AD
1656 355 1999 415 \‘lRGlNES.
2028 385 2101 400 -—
2131 354 2510 414 ΡΒΟαΞΜΙΑΑ

3317 350 3423 407 570

229 473 277 517 ut
302 468 481 515 auctor
520 458 733 531 Dialogi
775 460 1107 533 PhiIOpatris
1150 472 1242 537 qui
1273 472 1377 526 sub
1403 471 1623 541 Trajanl
1668 472 1765 525 im-
1790 476 1836 533 Α
1865 470 2091 541 scipulis
2129 472 2245 527 suis
2285 478 2343 525 ut
2368 487 2462 526 eos
2507 470 2610 539 ipsi
2633 468 2963 539 abjicerent.
2991 464 3209 536 quando
3234 465 3371 520 dixit
3402 482 3417 519 :

223 553 354 624 perio
379 554 608 623 scripsit,
630 554 733 607 hac
758 555 874 625 ipsa
903 556 1113 613 ratione
1132 558 1471 618 Christianos
1489 564 1752 628 derideat,

219 652 267 700 et
292 642 491 697 cuidam
521 642 660 697 ﬁdeli
691 644 838 699 dicat
864 664 878 698 :
906 646 1045 701 Jura
1076 650 1205 704 mihi
1231 668 1320 720 per
1342 652 1512 707 Deum
1542 655 1680 714 caeli.
1704 668 1755 710 et

219 749 488 802 supremum
522 733 826 801 Dominum,
861 752 953 804 per
990 737 1192 794 Filium
1238 742 1436 808 Patris,
1471 762 1562 813 per
1592 746 1758 814 Spiri-

217 836 313 878 tum
338 824 422 894 qui
452 842 483 877 a
512 824 669 880 Patre
699 829 952 897 procedit,
983 831 1152 887 Deum
1197 849 1361 888 unum
1390 837 1445 890 in
1474 838 1665 905 tribus,
1704 849 1755 893 et

217 918 388 969 trinum
417 916 471 969 iu
497 933 619 973 uno.

272 1006 544 1062 Abstinere
588 1008 870 1066 debuisset
899 1013 969 1068 ab
1017 1016 1165 1071 omni
1208 1018 1561 1074 contentione
1592 1018 1654 1075 D.
1686 1018 1755 1075 de

212 1098 486 1169 Premagny
514 1102 806 1158 occasione
836 1105 1063 1162 alterius
1098 1115 1279 1164 textus
1307 1124 1466 1179 quem
1501 1110 1755 1180 deprom-

212 1197 370 1259 pserat
413 1198 633 1248 sanctus
672 1193 913 1251 Basilius
958 1197 1028 1251 ab
1074 1199 1181 1253 alio
1228 1201 1403 1255 sancti
1455 1200 1753 1258 Clementis

209 1299 349 1351 opere
371 1284 510 1353 quod
540 1287 721 1354 periit.
754 1287 833 1343 En
883 1290 973 1345 ille
1003 1298 1181 1346 textus
1227 1307 1242 1345 :
1291 1293 1526 1348 Clemens
1556 1294 1752 1349 Roma-

208 1393 291 1427 nus
318 1377 577 1445 antiquior
617 1378 745 1431 dicit
772 1397 789 1428 :
829 1379 963 1434 Vivit
993 1380 1132 1436 Deus
1158 1422 1173 1447 ,
1220 1392 1271 1439 et
1301 1384 1558 1439 Dominus
1594 1385 1750 1441 Iesus

209 1465 456 1534 Christus,
509 1478 560 1522 et
605 1468 835 1536 Spiritus
863 1482 1076 1527 sanctus
1122 1474 1187 1530 ".
1236 1474 1481 1530 Credidit
1526 1486 1750 1531 sanctus

209 1557 414 1613 Basilius
452 1560 569 1615 haec
614 1565 789 1617 sancti
837 1563 1135 1621 Clementis
1176 1568 1342 1621 verba
1390 1568 1638 1623 sufﬁcere
1689 1576 1748 1622 ut

208 1651 510 1706 stabiliretur
539 1655 1079 1711 consubstantialitas
1104 1656 1263 1713 Verbi
1291 1658 1458 1712 divini
1482 1698 1496 1721 ,
1527 1660 1747 1713 Ariani-

207 1759 294 1812 que
316 1743 709 1801 refellerentur.
738 1745 850 1801 Hoc
869 1763 978 1801 non
1000 1749 1238 1804 admittit
1262 1750 1325 1805 Ι).
1344 1751 1411 1805 de
1426 1750 1744 1823 Premagny.

1860 561 2134 617 Dis-mones
2172 561 2430 630 ejicite".
2488 558 2630 626 Quid
2674 559 2871 614 mirum
2920 557 3086 628 igitur
3133 556 3181 611 si
3233 563 3423 610 auctor

1858 648 2222 721 Epistolarum
2277 653 2497 723 regulas
2545 659 2749 707 statuat
2800 666 2936 721 quas
2983 648 3137 720 sequi
3190 648 3421 704 debeant

1854 745 2183 799 exorcistze?
2208 742 2348 810 Quid
2374 760 2535 815 porro
2561 746 2675 800 ista:
2696 744 2941 799 redolent
2962 744 3066 799 nisi
3095 743 3419 802 castitatem,

1856 835 2373 901 mortiﬁcationem,
2439 837 2837 892 humilitatem?
2892 836 3098 891 indicat
3156 834 3287 906 quid
3349 836 3422 890 sit

1855 928 2121 995 agendum
2150 937 2210 981 ut
2240 929 2465 998 spiritus
2526 929 2800 999 malignus
2837 929 3135 984 efﬁcaciter
3181 928 3422 999 expella-

1854 1027 1981 1083 tur;
2010 1018 2105 1073 sed
2139 1035 2248 1073 non
2305 1020 2426 1074 ideo
2458 1019 2666 1075 fraudis
2697 1020 2975 1074 insimulat
3009 1034 3105 1074 eos
3133 1020 3227 1090 qui
3277 1019 3421 1073 hanc

1853 1109 2199 1163 exorcizandi
2231 1111 2494 1163 rationem
2523 1126 2629 1163 non
2653 1107 3150 1179 adhibuerint.lpse
3165 1108 3419 1172 Christus

1852 1198 2037 1253 docuit
2082 1199 2378 1269 discipulos
2438 1216 2567 1256 suos
2624 1201 2950 1270 quibusnam
2994 1201 3164 1253 armis
3224 1201 3418 1253 muniti

1852 1308 2050 1363 pravos
2081 1294 2309 1362 spiritus
2332 1294 2604 1348 debellare
2638 1292 2930 1359 deberent;
2959 1292 3054 1348 sed
3085 1290 3293 1347 fraudis
3323 1299 3419 1346 aut

1853 1387 2119 1442 mendacii
2169 1402 2294 1442 reos
2334 1402 2457 1441 esse
2502 1402 2611 1440 non
2663 1387 3036 1456 pronuntiavit
3092 1385 3311 1457 quando
3365 1389 3415 1443 ei

1851 1488 2145 1534 narrarunt
2189 1496 2248 1536 se
2277 1488 2463 1550 optato
2487 1481 2733 1535 caruisse
2774 1479 2988 1534 effectu.
3020 1477 3155 1533 Rem
3199 1479 3279 1535 sic
3322 1494 3419 1533 ex-

1850 1573 2003 1641 ponit
2050 1569 2391 1641 Evangelista
2435 1589 2449 1625 :
2502 1569 2647 1625 Tunc
2692 1569 2938 1638 discipuli
2978 1578 3308 1624 accesserunt
3347 1568 3417 1621 ad

1848 1660 2031 1717 Iesum
2060 1671 2281 1723 secreto.
2333 1671 2381 1717 et
2411 1661 2701 1716 dixerunt:
2735 1662 2913 1728 Quare
2949 1678 3042 1715 nos
3087 1678 3192 1714 non
3241 1664 3408 1730 potui.-

1852 1769 1967 1806 mus
1995 1754 2181 1822 ejicere
2218 1754 2412 1809 illum?
2440 1753 2591 1809 Dixit
2616 1754 2727 1808 illis
2772 1752 2929 1808 Jesus
2955 1771 2974 1809 :
3003 1752 3226 1822 Propter
3255 1756 3417 1808 incre-

208 1835 323 1901 Quis
344 1851 471 1890 vero
518 1837 747 1894 haerebit
779 1839 921 1894 inter
946 1840 1263 1898 aﬂirmautis
1291 1850 1345 1898 et
1373 1812 1743 1914 negantisvau-
1778 1812 1819 1866 Β
1849 1812 2126 1899 dulita'tem
2161 1855 2406 1901 vestram.
2439 1847 2604 1901 Amen
2626 1886 2640 1909 ,
2668 1846 2875 1916 quippe,
2904 1845 3021 1900 dico
3044 1812 3210 1910 uoltis,
3245 1849 3292 1899 si
3322 1845 3415 1899 ha—

205 1928 476 1983 ctoritatem
494 1930 519 1983 ?

261 2017 317 2075 X.
371 2020 536 2091 Egre
595 2021 659 2078 D.
723 2021 791 2077 de
846 2021 1150 2095 Premagny
1190 2021 1406 2079 videtur
1465 2025 1746 2094 suscipere

205 2111 340 2165 verba
362 2112 560 2182 quibus
594 2113 959 2183 Epistolarum
990 2123 1183 2168 auctor
1230 2114 1421 2169 incitat
1468 2117 1536 2171 ad
1566 2116 1745 2170 imita-

202 2203 376 2257 tionem
403 2205 572 2259 trium
604 2207 912 2262 divinarum
952 2222 1325 2277 personarum.
1358 2208 1596 2263 Remitto
1643 2210 1746 2265 hac

204 2294 261 2348 de
286 2310 336 2350 re
373 2296 635 2353 lectorem
680 2298 842 2377 adea
872 2316 992 2373 quae
1033 2301 1249 2371 subjeci
1292 2303 1349 2357 in
1394 2302 1743 2359 adnotatione

204 2386 293 2439 loci
316 2388 478 2456 hujus.

260 2477 504 2537 XL'Juxta
535 2482 914 2540 adnotatorem
939 2488 1166 2541 multum
1198 2495 1352 2542 nutat
1376 2486 1739 2557 Epistolarum

201 2583 475 2627 nostrarum
528 2577 834 2632 auctoritas
877 2593 943 2635 ex
975 2578 1165 2634 fraude
1218 2589 1271 2634 et
1309 2580 1583 2651 hypocrisi
1621 2596 1742 2649 quae

200 2665 569 2731 exprobrantur
611 2668 939 2737 quibusdam
968 2670 1355 2727 directoribus.
1391 2670 1514 2726 Non
1546 2672 1737 2741 major,

202 2756 286 2817 ait,
328 2753 647 2810 declamatio
692 2767 809 2810 erat
857 2768 1083 2827 tempore
1112 2758 1491 2829 Cltrysostomi.
1546 2759 1653 2815 Sed
1691 2760 1739 2816 si

201 2844 303 2899 inde
328 2861 518 2916 anceps
555 2856 703 2903 esset
729 2848 1092 2919 Epistolarum
1131 2856 1448 2917 auctoritas,
1479 2868 1737 2923 sequere-

200 2946 270 2990 tur
288 2938 467 2993 dubias
490 2955 719 3011 quoque
755 2941 994 3010 judicari
1043 2959 1203 3013 posse
1250 2946 1535 3015 plerasque
1563 2947 1737 3001 sancti

198 3026 325 3082 Pauli
355 3028 629 3101 Epistolas
661 3047 674 3085 :
716 3032 773 3085 in
799 3032 885 3087 his
912 3035 1055 3087 enim
1086 3034 1433 3089 vehementer
1464 3037 1739 3091 invehitur

1848 1935 2060 1991 bueritis
2104 1936 2261 2007 ﬁdem
2299 1939 2435 1992 sicut
2472 1954 2697 2008 granum
2744 1938 2967 2005 sinapis,
3011 1937 3196 1991 dicetis
3248 1940 3415 1992 monti

1846 2028 2005 2083 huic:
2039 2030 2233 2086 Transi
2260 2032 2383 2085 hinc
2406 2031 2533 2085 illuc
2554 2047 2574 2085 :
2603 2040 2653 2085 et
2681 2031 2950 2095 transibit,
2980 2040 3030 2086 et
3053 2030 3187 2085 nihil
3218 2030 3415 2099 impos—

1844 2122 1995 2177 sibile
2030 2125 2131 2178 erit
2157 2122 2320 2180 vobis.
2375 2124 2490 2181 Hoc
2520 2137 2697 2180 autem
2745 2140 2905 2195 genus
2935 2140 3040 2177 non
3064 2122 3279 2192 ejicitur
3308 2123 3414 2177 nisi

1844 2229 1934 2282 per
1963 2215 2253 2269 orationem
2279 2225 2329 2270 et
2357 2216 2624 2286 jejunium
2642 2216 2706 2271 “.

1914 2306 2141 2361 Cessent
2165 2322 2294 2377 ergo
2327 2308 2631 2378 philosophi
2665 2307 2831 2376 hujus
2872 2304 3057 2362 saeculi
3102 2304 3157 2359 in
3204 2305 3411 2360 sanctis

1842 2396 2098 2452 Patribus
2150 2400 2462 2468 vituperare
2504 2413 2626 2469 quas
2671 2398 2726 2451 in
2767 2395 2987 2452 Christo
3032 2395 3270 2450 revereri
3315 2394 3410 2449 de-

1843 2487 1993 2552 bent,
2021 2489 2124 2543 nisi
2151 2488 2287 2544 forte
2307 2489 2528 2544 Christo
2552 2488 3010 2543 renuntiaverint.

1914 2574 2019 2631 Sed
2060 2594 2148 2633 res
2178 2587 2370 2634 notatu
2410 2578 2730 2649 dignissima
2759 2586 2865 2640 est,
2886 2579 3171 2648 plerosque
3196 2576 3411 2632 hzereti-

1840 2680 1937 2723 cos
1965 2676 2019 2723 et
2058 2670 2445 2739 philosophos,
2495 2670 2564 2724 ad
2612 2670 2785 2725 solam
2837 2668 3409 2725 commemorationem

1840 2763 2145 2818 daemonum
2178 2770 2233 2817 et
2261 2763 2689 2817 exorcismorum
2712 2759 3112 2815 excandescere
3143 2769 3198 2817 et
3225 2759 3413 2831 exagi—

1839 2854 1946 2908 tari
1981 2855 2138 2925 quasi
2172 2855 2273 2926 ipsi
2297 2870 2327 2908 a
2363 2854 2699 2910 daemonibus
2726 2852 3125 2909 obsiderentur.

1912 2944 2029 3001 Xll.
2091 2946 2385 3001 Auctorem
2446 2945 2811 3016 Epistolarum
2876 2946 3056 3016 arguit
3117 2945 3409 3001 adnotator

1840 3040 1997 3109 quasi
2038 3046 2379 3092 narratorem
2430 3052 2619 3108 parum
2662 3051 2908 3092 veraccm
2958 3053 3146 3092 eorum
3186 3053 3306 3107 qua:
3340 3040 3409 3094 ad

199 3136 271 3174 vas
292 3122 573 3177 electionis
606 3131 799 3178 contra
827 3125 1475 3194 pseudo-apostolos.Nos
1494 3144 1622 3184 vero
1642 3129 1735 3199 qui
1764 3139 1805 3196 (ζ
1842 3129 2125 3183 Dominum
2159 3137 2407 3182 nostrum
2456 3127 2819 3197 pertinebant.
2855 3146 2875 3179 ι
2901 3126 3175 3193 Clemens,
3208 3128 3405 3199 inquit,

198 3220 412 3268 tenemus
444 3214 512 3268 ab
558 3214 714 3268 initio
742 3216 1061 3271 mendacem
1102 3231 1166 3271 ac
1196 3217 1523 3273 homicidam
1564 3221 1735 3278 fuisse

196 3302 482 3369 «temonem,
520 3305 730 3361 scimus
767 3320 983 3376 quoque
1009 3308 1076 3361 ab
1106 3308 1451 3365 incunabulis
1480 3311 1734 3369 Ecclesia:

196 3396 297 3451 huic
324 3408 517 3468 prmsto
547 3398 717 3453 fuisse
740 3400 1022 3455 ministros
1045 3416 1278 3470 quorum
1308 3405 1563 3459 versutize
1583 3408 1731 3462 omni

195 3495 404 3558 tempore
432 3490 692 3544 revelata:
725 3498 853 3544 sunt
878 3498 931 3545 et
963 3490 1175 3546 fortiter
1202 3494 1457 3563 explosae.
1486 3495 1601 3550 Non
1633 3496 1730 3552 de-

197 3580 276 3634 fuit
314 3580 521 3636 Satana:
554 3583 901 3651 suppositum
952 3584 1007 3637 in
1056 3584 1174 3653 ipsa
1204 3584 1409 3641 Christi
1442 3588 1729 3658 societate;

194 3688 273 3726 nec
294 3680 467 3728 tamen
504 3674 884 3728 testimonium
930 3675 998 3729 de
1038 3676 1183 3729 illius
1212 3677 1434 3746 perﬁdia
1470 3680 1538 3734 ab
1566 3696 1734 3735 evan-

195 3763 371 3831 gelistis
394 3765 724 3833 prastitum,
758 3766 1035 3821 inﬁrmare
1066 3782 1303 3837 unquam
1334 3771 1509 3839 potuit
1538 3781 1731 3827 caetera

193 3869 291 3922 qua:
311 3855 676 3925 scripserunt.

248 3944 532 4003 Occasione
558 3948 965 4017 possessionum
1004 3956 1059 4003 et
1087 3948 1538 4015 exorcismorum,
1569 3953 1732 4010 infert

192 4038 447 4096 adnotator
488 4044 546 4096 in
580 4042 689 4096 illis
714 4041 928 4095 abditas
960 4039 1132 4096 fuisse
1161 4057 1342 4098 meras
1377 4043 1630 4109 fraudes,
1663 4047 1731 4101 ab

191 4126 309 4181 Asiae
339 4129 543 4185 Judaeis
586 4129 880 4184 derivatas.
920 4127 1048 4184 lnde
1097 4132 1151 4184 in
1199 4145 1450 4201 campum
1508 4134 1731 4189 divertit

191 4221 500 4287 morborum,
534 4220 835 4291 prasertim
873 4235 1062 4274 eorum
1095 4222 1185 4290 qui
1215 4225 1598 4281 convulsiones
1634 4243 1730 4297 pa-

191 4308 347 4375 riunt,
371 4314 575 4383 quibus
610 4311 793 4366 ﬁdeles
849 4312 1071 4367 delusos
1100 4312 1273 4368 fuisse
1303 4317 1534 4381 asserit,
1570 4319 1727 4388 quasi

190 4401 421 4457 daemonis
450 4402 804 4473 Operationes
832 4402 886 4455 in
918 4401 1004 4456 his
1034 4403 1386 4473 ﬁngerentur.
1418 4404 1550 4461 Post
1587 4406 1728 4463 hanc

1836 3236 1946 3275 non
1988 3227 2073 3275 est
2116 3219 2351 3290 diligens
2380 3219 2582 3274 relator
2624 3218 2880 3274 itinerum
2920 3218 3149 3274 Christi.
3188 3219 3411 3291 Absque

1834 3311 2000 3366 dubio
2032 3310 2211 3376 enim,
2265 3311 2448 3381 plures
2498 3308 2772 3365 comitata:
2818 3316 2946 3364 sunt
2974 3325 3096 3363 eum
3128 3310 3405 3372 mulieres,

1834 3403 1997 3472 paulo
2045 3410 2173 3455 ante
2205 3416 2368 3470 quam
2404 3400 2572 3452 vitam
2606 3407 3038 3452 consummaret.
3076 3396 3196 3451 Non
3241 3400 3408 3453 seiuel

1833 3494 2139 3562 hospitatus
2191 3501 2277 3547 est
2315 3505 2379 3544 ac
2421 3489 2770 3544 manducavit
2816 3489 2872 3542 in
2919 3489 3080 3543 domo
3123 3488 3306 3544 Mariae
3351 3498 3407 3544 et

1833 3584 2083 3647 Marthae;
2116 3597 2219 3637 nec
2250 3582 2416 3636 semel
2445 3581 2703 3636 mulieres
2733 3579 3043 3634 effuderunt
3070 3588 3407 3650 unguentum

1833 3691 1997 3745 super
2022 3681 2183 3747 caput
2210 3680 2264 3728 et
2303 3673 2466 3743 pedes
2497 3673 2663 3737 illius,
2698 3691 2716 3725 ι
2751 3679 2858 3727 etc.

1900 3766 2094 3821 Nullus
2142 3778 2226 3821 est
2272 3766 2325 3819 in
2385 3780 2679 3835 pauperum
2732 3763 2935 3819 scholis
2998 3762 3262 3833 puerulus
3311 3769 3407 3815 aut

1833 3856 2067 3927 puellula
2088 3872 2208 3926 qua:
2237 3855 2480 3910 eamdem
2514 3869 2577 3907 ac
2602 3852 2961 3922 philosophus
3000 3851 3405 3921 Rothomagen-

1832 3952 1910 4005 sis
1938 3948 2303 4004 eruditionem
2336 3946 2422 3999 hic
2468 3944 2770 4015 producere
2797 3958 2906 3997 non
2938 3943 3222 3997 valuisset.
3255 3939 3405 3994 Nun-

1830 4040 1965 4113 quid
2008 4046 2294 4111 propterea
2324 4034 2442 4089 ausi
2490 4034 2723 4089 fuissent
2754 4034 2951 4088 docere
2978 4040 3074 4086 aut
3113 4031 3405 4102 reprehenv

1806 4118 1962 4189 .dere
2003 4132 2183 4186 virum
2231 4128 2633 4199 apostolicum,
2682 4140 2955 4179 summum
3005 4125 3312 4194 pontificem
3350 4130 3406 4177 et

1832 4222 2164 4294 martyrem?
2188 4219 2259 4274 Ut
2288 4227 2469 4273 autem
2500 4217 2919 4271 reclainationes
2942 4215 3147 4269 domini
3177 4212 3243 4269 de
3271 4214 3403 4269 Pre-

1831 4330 2028 4385 magny
2070 4312 2304 4381 alicujus
2347 4309 2603 4380 ponderis
2639 4315 2858 4372 essent,
2906 4306 3186 4361 debuisset
3233 4306 3405 4359 citare

1830 4405 2079 4477 quaedam
2111 4404 2287 4458 sancti
2318 4400 2612 4455 Clementis
2644 4400 2806 4453 verba
2835 4413 2955 4468 quae
2984 4398 3099 4451 suis
3134 4397 3402 4451 reclama-

190 4492 536 4563 lrruptionem,
568 4492 922 4564 philosophus
956 4490 1408 4565 Rothomagensis
1432 4499 1546 4551 ait:
1577 4498 1728 4566 «Quo
1761 4489 1803 4543 D
1835 4496 2075 4551 tionibus
2121 4493 2462 4547 occasionem
2509 4504 2719 4560 aequam
2766 4488 3077 4553 dedissent;
3111 4487 3203 4541 sed
3252 4485 3403 4539 nulla

190 4585 334 4653 major
364 4585 666 4655 antiquitas
690 4584 953 4638 ambabus
979 4587 1184 4641 nostris
1204 4586 1464 4657 Epistolis
1486 4588 1725 4656 dabitur,

189 4689 241 4728 eo
285 4678 500 4747 propius
566 4676 633 4729 ad
709 4675 976 4745 originem
1035 4678 1468 4734 Christianorum
1521 4684 1725 4739 abusus

189 4767 533 4825 adducentur:
559 4768 704 4839 quod
731 4777 814 4823 est
845 4768 1246 4825 incommodum
1276 4784 1331 4827 et
1359 4774 1572 4828 credito
1622 4775 1729 4829 dif-

192 4857 322 4915 ﬁcile.

243 4954 303 5005 At
330 4944 457 5008 mihi
491 4954 823 5023 respondere
876 4953 1224 5025 permittatur
1252 4974 1264 5007 :
1294 4970 1393 5008 cur
1426 4965 1598 5010 mutat
1630 4958 1727 5012 ad—

189 5055 377 5100 uotator
399 5057 650 5102 naturam
688 5063 870 5102 rerum
900 5046 967 5102 de
992 5047 1191 5115 quibus
1223 5046 1440 5102 locutus
1471 5057 1555 5103 est
1604 5049 1727 5119 Epi-

190 5138 421 5192 stolarum
484 5138 712 5193 auctor?
749 5137 827 5193 Ne
866 5153 1033 5192 unum
1078 5136 1296 5206 quidem
1353 5137 1577 5192 verbum
1636 5138 1728 5194 ille

191 5231 384 5295 protulit
411 5232 479 5285 de
523 5230 805 5286 fraudibus
836 5239 930 5285 aut
974 5231 1041 5285 de
1077 5229 1220 5284 ﬁctis
1252 5229 1492 5296 morbis,
1523 5240 1617 5284 aut
1658 5230 1726 5287 de

190 5322 608 5377 ronvulsionibus
650 5323 867 5378 diabolo
916 5322 1213 5376 attributis.
1250 5320 1393 5391 Ergo
1443 5321 1496 5376 in
1544 5337 1723 5376 aerem

191 5408 374 5467 locutus
394 5423 477 5467 est
514 5412 572 5468 ι).
603 5412 671 5469 de
697 5413 997 5485 Premagny
1018 5454 1033 5474 .
1076 5415 1306 5484 ejusque
1334 5428 1499 5482 opera
1530 5413 1710 5483 periit.

190 5499 477 5558 Certissime
513 5504 762 5561 Christus
798 5506 992 5576 (velit,
1040 5505 1177 5559 nolit
1228 5505 1452 5560 criticus
1493 5507 1713 5576 noster)

193 5595 363 5663 abjecit
384 5598 499 5669 ipse
533 5600 824 5666 daemones,
870 5599 1233 5671 prmcepitque
1257 5598 1519 5671 apostolis
1549 5614 1612 5652 ac
1635 5596 1720 5652 di-

250 5771 287 5799 "‘
323 5772 437 5829 Bas.
472 5772 546 5826 De
573 5772 755 5839 Spirit.
783 5769 863 5837 5.,
882 5784 930 5827 c.
959 5774 1047 5830 29.

1832 4602 2060 4658 prorsus
2090 4584 2359 4655 ejusmodi
2390 4582 2550 4638 verba
2575 4582 2837 4637 existunt.
2868 4579 3086 4635 Dicetur
3116 4578 3252 4634 forte
3282 4594 3392 4632 non

1829 4695 2045 4745 verum,
2082 4678 2179 4734 sed
2224 4675 2791 4747 pseudo-Clementem
2819 4672 2909 4727 hic
2940 4671 3158 4742 impeti:
3193 4672 3403 4726 admitti

1828 4779 2006 4843 potest
2057 4768 2327 4840 ejusmodi
2375 4766 2683 4828 excusatio,
2718 4764 2850 4835 quin
2875 4763 3193 4817 admittatur
3222 4761 3393 4831 hypo-

1827 4864 2000 4919 thesis
2050 4861 2284 4933 gratuita
2336 4874 2501 4930 quam
2553 4866 2734 4913 textus
2793 4854 2983 4911 sedulo
3054 4854 3398 4909 examinatus

1832 4956 2058 5025 respuit.
3348 5000 3353 5005 .

1902 5045 2056 5113 Quod
2081 5053 2262 5100 autem
2295 5043 2584 5098 adnotator
2613 5052 2719 5095 tam
2770 5056 2960 5096 serena
2991 5039 3170 5093 fronte
3200 5036 3399 5092 asserit

1829 5141 2107 5196 Christum
2156 5154 2267 5193 non
2308 5137 2475 5192 semel
2523 5135 2855 5205 liOSpitatum
2916 5132 3085 5186 fuisse
3127 5131 3183 5184 in
3233 5129 3399 5183 domo

1833 5232 2056 5285 Martha:
2082 5240 2137 5286 et
2168 5229 2370 5293 Mariae,
2406 5243 2594 5283 verum
2624 5236 2707 5282 est
2736 5225 2954 5296 quidem
3004 5223 3070 5278 de
3115 5220 3393 5292 prandiis;

1826 5325 1919 5381 sed
1962 5324 2218 5378 facillime
2245 5320 2546 5376 contradici
2602 5328 2780 5390 potest
2811 5317 2989 5388 quoad
3029 5313 3394 5384 pernoctatio-

1825 5430 1991 5469 nent:
2035 5421 2247 5468 veteres
2294 5412 2438 5467 enim
2491 5410 2764 5465 tradidere
2808 5407 3088 5463 Christum
3142 5404 3397 5460 secedere

1824 5513 2144 5561 consuetum
2175 5504 2228 5557 in
2264 5512 2500 5557 montem
2532 5511 2585 5556 et
2614 5500 2960 5557 solitudinem
3000 5496 3222 5568 quando
3252 5509 3385 5563 apo-

1824 5596 1945 5652 stoli
1991 5594 2095 5666 ipsi
2152 5594 2219 5648 ad
2253 5594 2487 5663 quietem
2535 5591 2852 5648 sumendam
2886 5592 3083 5646 lectum
3115 5588 3387 5661 petebant.

1126 5774 1168 5807 "
1212 5774 1398 5830 Mattn.
1428 5789 1481 5835 ι.
1513 5772 1563 5827 8.
1643 5772 1686 5803 ⁸⁸
1722 5767 1912 5824 Matth.
1943 5785 2071 5832 xvn,
2104 5769 2169 5825 18
2194 5778 2245 5823 ct
2274 5782 2389 5838 seq.
