3916 6326
242 343 324 397 επ
1125 320 1486 381 ΕΡῘδΤΟιΛΕ
1517 320 1609 375 AD
1642 317 1773 375 Vim

1854 316 1986 376 lES.
2020 345 2092 359 -—-
2120 313 2483 371 PROGMIA.

3322 311 3424 366 374

280 458 541 517 Przterea,
568 453 929 520 peccaverunt
952 444 1171 515 quidem
1200 442 1434 498 Samson
1460 448 1514 496 et
1543 439 1743 506 David;
1778 444 1820 501 Α
1850 436 2055 497 futuro,
2087 442 2297 489 certum
2322 433 2553 489 incerto.
2582 427 2817 486 Ministri
2846 427 3078 486 Καθειυὶ
3108 432 3267 486 aliter
3296 450 3428 489 sen-

228 548 299 608 κά
329 547 379 599 in
405 539 635 613 peccatis
666 553 774 592 non
810 542 1332 607 perseveraverunt:
1367 532 1597 601 ideoque
1628 546 1753 586 san-

226 651 320 694 :tus
348 632 669 705 Epiphanius
691 628 974 684 Ebionitas
995 627 1175 698 arguit
1203 624 1347 696 quod
1374 639 1470 679 eos
1496 623 1749 695 repudia-

224 730 369 786 ierint
395 741 512 781 cum
540 723 750 778 ceteris
780 720 1078 792 prophetis.

273 820 527 886 Quantum
563 815 632 869 ad
660 814 891 869 verbum
941 810 1124 865 laudat
1161 825 1273 880 quo
1308 823 1441 865 usus
1483 815 1568 867 est
1596 806 1751 861 Wet-

219 914 370 969 stinus
411 907 627 963 citando
664 913 875 961 textum
908 902 1082 959 sancti
1128 900 1438 973 Epiphanii,
1470 900 1615 957 scire
1651 899 1751 954 de-

214 1006 394 1061 buisset
420 999 483 1055 D.
506 999 572 1054 de
609 997 913 1069 Premagny
942 995 1045 1050 hac
1077 1010 1232 1058 voce,
1260 992 1583 1063 saepissime,
1611 992 1748 1048 nihil

212 1092 337 1147 aliud
360 1089 648 1163 significari
677 1102 840 1158 quam
871 1084 1468 1147 commemorationem,
1499 1098 1600 1138 nec
1628 1083 1750 1136 lau-

210 1184 312 1239 dem
343 1181 407 1236 ab
434 1195 499 1235 eo
520 1193 735 1248 semper
757 1176 1014 1231 indicari.

266 1271 367 1328 XV.
408 1270 709 1325 Prudenter
769 1268 1016 1324 siluisset
1055 1267 1342 1321 adnotator
1391 1280 1510 1335 quas
1564 1264 1749 1319 dicere

208 1364 517 1435 [insumpsit
560 1365 625 1417 de
667 1360 972 1431 privatione
1015 1359 1377 1413 matrimonii.
1424 1355 1554 1411 Vult
1599 1356 1746 1410 enim

207 1462 402 1510 sanctus
430 1452 631 1505 Paulus
660 1458 718 1504 ut
756 1465 785 1503 a
816 1449 977 1504 nobis
1007 1448 1152 1503 absit
1196 1447 1499 1502 scurrilitas
1533 1460 1649 1515 qua
1675 1443 1745 1497 ad

207 1564 296 1602 rem
333 1562 430 1599 non
476 1542 786 1613 pertinet".
819 1540 1073 1610 Plerique
1113 1540 1363 1595 homines
1404 1537 1611 1592 nubere
1648 1549 1748 1588 vo-

205 1643 334 1701 lunt,
370 1636 494 1707 quia
541 1635 848 1689 caelibatum
882 1632 1089 1687 viribus
1135 1632 1251 1686 suis
1293 1630 1629 1701 superiorem
1658 1628 1749 1697 ju-

205 1731 373 1784 dicant.
402 1726 493 1781 llis
516 1725 654 1780 dicit
684 1724 973 1796 Apostolus
999 1740 1013 1778 :
1045 1720 1236 1775 Melius
1260 1730 1337 1775 est
1365 1720 1556 1775 nubere
1577 1737 1738 1791 quam

1847 530 1990 582 tiunt
2018 534 2071 582 et
2116 533 2305 594 agunt,
2351 539 2385 579 a
2429 522 2757 595 quibusdam
2810 524 3049 590 sreulis,
3088 532 3144 578 et
3174 539 3205 577 a
3235 534 3423 579 matri-

1848 618 2033 672 monio
2083 617 2385 672 abstinent.
2414 633 2434 665 ι
2497 612 2689 669 Priora
2735 615 2901 669 verba
2959 615 3263 669 orthodoxa
3312 632 3422 672 non

1848 716 2010 775 sunt;
2042 707 2348 779 posteriora
2378 706 2640 761 historice
2670 713 2801 761 sunt
2832 706 2991 761 falsa.
3022 704 3175 776 Saepe
3197 706 3427 778 legendo

1849 804 2233 863 adnotatioues
2281 801 2485 857 domini
2537 801 2605 857 de
2634 800 2956 873 Premagny,
3003 803 3245 871 suspicio
3293 803 3427 858 mihi

1847 896 2041 951 oborta
2082 902 2169 950 est
2216 894 2369 948 illum
2422 892 2658 948 fortasse
2722 893 3055 963 pertinuisse
3103 894 3171 950 ad
3220 903 3429 950 sectam

1847 985 2290 1057 protestantium.
2323 983 2583 1037 Errabam
2621 1002 2633 1039 :
2666 984 2875 1038 nullum
2910 984 3111 1054 quippe
3142 985 3304 1054 hujus
3346 984 3428 1039 fa-

1848 1078 2011 1132 miliae
2058 1077 2358 1131 membrum
2419 1089 2663 1145 unquam
2736 1074 2864 1129 huic
2922 1075 3119 1130 haeresi
3171 1076 3425 1133 adhaesit.

1848 1166 2250 1222 Tantummodo
2321 1166 2529 1221 certior
2605 1163 2787 1220 factus
2854 1181 2977 1220 sum
3048 1166 3426 1223 adnotatoretn

1850 1256 2043 1321 fuisse,
2073 1263 2134 1311 ut
2159 1256 2273 1326 jam
2310 1256 2441 1311 alibi
2471 1256 2677 1310 dictum
2707 1264 2815 1321 est,
2853 1256 3067 1310 socium
3097 1266 3427 1313 consuetum

1848 1348 2301 1419 philosophorum
2341 1347 2531 1403 saeculi
2580 1347 2936 1417 praecedentis
2965 1348 3058 1418 qui
3110 1350 3427 1423 religionem

1849 1440 2127 1495 lacessere
2176 1438 2569 1511 gloriabantur.
2601 1435 2659 1491 ln
2692 1439 2859 1493 altera
2896 1440 3133 1495 editione
3162 1442 3427 1497 versionis

1848 1532 2069 1587 Gallicae
2093 1538 2407 1591 nostrarum
2437 1529 2825 1601 Epistolarum,
2857 1530 2920 1587 D.
2945 1532 3012 1587 de
3036 1531 3337 1605 Premagny
3371 1533 3427 1589 id

1848 1624 2325 1695 superaddendum
2350 1622 2615 1694 judicavit
2646 1624 2731 1679 his
2755 1640 2875 1694 qua:
2903 1625 2959 1679 in
2990 1627 3159 1698 priori
3183 1627 3425 1683 editione

1842 1716 1961 1786 jam
2015 1716 2278 1776 dixerat:
2325 1732 2344 1769 t
2377 1714 2523 1771 Deus
2566 1731 2675 1771 non
2722 1718 2977 1787 pr0ponit
3029 1718 3424 1773 incrementum

204 1821 269 1873 uri
298 1821 356 1875 ³³⁵.
416 1818 510 1873 lsti
576 1794 1229 1888 veroﬁreprehensibiles
1288 1814 1465 1868 forent
1512 1814 1558 1869 si
1614 1830 1743 1884 pro.
1775 1794 1819 1855 Β
1853 1805 2125 1862 mercedis
2178 1821 2278 1881 pro
2321 1805 2653 1861 caalibibus:
2700 1816 2755 1861 et
2801 1809 2938 1867 satis
3005 1810 3204 1862 mirum
3261 1816 3346 1865 est
3394 1825 3427 1863 a

204 1924 357 1984 pterea
409 1911 781 1981 virginitatem
830 1909 1247 1979 impugnarent,
1325 1914 1419 1960 aut
1466 1921 1585 1962 eam
1618 1921 1740 1959 om-

1841 1906 2039 1953 sancto‘
2078 1898 2358 1954 Clemente
2401 1900 2672 1970 prolatum
2722 1900 2891 1956 fuisse
2938 1900 3041 1955 hoc
3087 1902 3425 1971 paradoxum

202 2006 337 2060 nibus
405 2003 803 2074 impossibilem
888 1999 1306 2070 pronuntiarent
1361 2017 1375 2053 ι
1438 1998 1741 2053 doctrinam
1838 1995 2083 2058 tempore
2102 1989 2238 2047 adeo
2262 1989 2524 2059 apostolis
2551 1990 2753 2054 vicino,
2783 1992 3199 2060 praesertimque
3221 2002 3425 2046 sancto

202 2098 371 2169 quippe
391 2112 419 2151 e
444 2095 719 2149 diametro
750 2092 1083 2147 contrariam
1124 2092 1313 2146 statuit
1341 2090 1613 2156 Christus,
1645 2089 1742 2144 do-

200 2190 343 2243 cendo
364 2204 464 2242 non
490 2184 935 2254 omnesquidem
963 2198 1159 2252 capere
1185 2183 1412 2237 verbum
1445 2181 1614 2244 istud,
1644 2180 1741 2237 sed

200 2281 369 2350 quibus
405 2278 597 2331 datum
628 2285 733 2339 est,
774 2286 831 2330 et
860 2273 1148 2330 addendo:
1186 2274 1290 2340 Qui
1329 2282 1498 2344 potest
1537 2289 1739 2343 capere,

201 2370 437 2439 capiat“;
464 2384 595 2440 qua:
642 2368 808 2422 verba
843 2368 1075 2420 invitant
1108 2365 1320 2421 animas
1347 2380 1643 2435 generosas
1688 2377 1745 2423 et

200 2462 347 2517 fortes
377 2462 435 2516 ad
474 2460 877 2532 virginitatem,
924 2469 1143 2529 propter
1190 2473 1419 2529 regnum
1450 2458 1739 2515 ctelornm.

200 2554 422 2613 Eamdem
440 2554 822 2609 invitationem
849 2560 902 2606 et
928 2551 1235 2606 doctrinam
1261 2552 1489 2622 protulit
1518 2559 1745 2608 sanctus

198 2646 384 2710 Paulus,
407 2648 602 2703 dicens
626 2666 641 2702 :
683 2646 809 2701 Volo
839 2661 1015 2699 omnes
1039 2662 1126 2698 vos
1155 2661 1269 2699 esse
1296 2646 1431 2699 sicut
1457 2644 1744 2713 meipsum;

199 2740 271 2796 ted
305 2741 651 2812 unusquisque
694 2742 969 2811 proprium
1020 2738 1217 2792 donum
1269 2735 1425 2793 habet
1472 2752 1537 2791 ea:
1581 2736 1692 2792 Deo
1723 2753 1745 2791 :

200 2835 311 2888 alius
336 2834 536 2905 quidem
565 2835 665 2897 sic,
696 2834 833 2888 alius
861 2850 979 2889 vero
1010 2832 1088 2887 sic
1110 2831 1180 2886 ³⁸.

254 2924 476 2997 Nugatur
503 2936 691 2981 autem
722 2925 785 2979 It.
811 2926 878 2981 de
904 2925 1232 2995 Premagny,
1270 2923 1607 2981 insinuando
1638 2939 1750 2977 ma-

200 3017 476 3073 trimonium
508 3019 699 3090 potius
739 3018 1066 3087 expiationis
1103 3031 1269 3087 quam
1316 3017 1594 3072 felicitatis
1636 3024 1749 3072 sta-

200 3116 290 3161 tum
313 3124 445 3173 esse,
478 3110 718 3179 ideoque
750 3109 873 3179 plus
913 3108 1112 3163 mereri
1143 3107 1237 3177 qui
1267 3106 1428 3163 nubit
1454 3122 1617 3176 quam
1650 3105 1744 3177 qui
1774 3143 1817 3200 ε

201 3213 224 3252 a
250 3202 433 3271 nuptiis
462 3218 520 3258 se
560 3202 802 3257 abstinet
831 3221 845 3259 :
890 3200 1051 3272 quasi
1084 3201 1178 3271 qui
1223 3201 1620 3259 continentiam
1658 3216 1747 3255 re-

200 3303 368 3360 spuunt
393 3294 742 3364 paenitentiae
764 3294 1018 3349 meritum
1044 3292 1427 3351 intendissent.

252 3382 402 3440 Nemo
444 3385 674 3457 quidem
722 3400 921 3456 negare
968 3391 1149 3455 potest
1200 3400 1428 3456 magnas
1478 3383 1750 3443 sollicitu-

198 3473 326 3529 dines
352 3476 683 3547 conjugibus
728 3475 1019 3538 reservari.
1064 3474 1147 3529 Ab
1177 3474 1265 3529 his
1291 3489 1624 3544 praiservare
1653 3490 1753 3528 cuc

203 3566 355 3633 piebat
379 3567 678 3639 Apostolus
726 3568 849 3623 illos
884 3566 1085 3637 quibus
1123 3566 1375 3621 dicebat:
1416 3565 1543 3620 Volo
1575 3575 1750 3620 autem

198 3659 394 3713 marine
439 3658 809 3713 sollicitudine
849 3673 960 3713 esse
985 3657 1065 3720 ";
1104 3658 1200 3712 sed
1248 3654 1619 3712 certissimum
1665 3663 1753 3711 est

201 3749 653 3806 mortiﬁcationem
683 3750 870 3806 carnis
905 3757 999 3805 aut
1029 3749 1259 3819 spiritus
1291 3764 1399 3802 non
1426 3764 1548 3804 esse
1588 3747 1750 3803 linem

197 3855 358 3896 eorum
408 3844 503 3913 qui
552 3842 873 3913 coniugium
938 3842 1166 3912 eligunt.
1202 3839 1267 3895 Et
1311 3840 1526 3895 utinam
1579 3841 1751 3894 multo

199 3933 454 3999 pauciores
499 3942 693 3990 essent
739 3934 940 4003 quibus
982 3932 1247 4003 applicari
1290 3933 1537 3991 valerent
1587 3934 1751 3988 verba

197 4019 459 4094 Raphaelis
504 4026 825 4098 archangeli
856 4046 867 4080 :
898 4025 1039 4083 Audi
1088 4041 1189 4091 me,
1234 4035 1286 4079 et
1329 4023 1609 4079 ostendam
1655 4025 1751 4078 tibi

196 4116 271 4183 qui
313 4128 428 4173 sunt
483 4120 677 4189 quibus
732 4120 1016 4188 praevalere
1068 4129 1236 4189 potest
1289 4118 1611 4173 dwmonium
1646 4130 1667 4171 :
1697 4117 1751 4175 Ιιὶ

196 4224 391 4279 namque
429 4213 522 4282 qui
551 4212 858 4281 conjugium
890 4213 968 4267 ita
995 4212 1309 4280 suscipiunt,
1354 4220 1411 4264 ut
1444 4210 1611 4264 Deum
1638 4228 1671 4264 a
1699 4226 1754 4264 se

196 4310 236 4351 et
259 4318 288 4354 a
313 4320 405 4357 sua
434 4314 608 4359 mente
632 4304 938 4369 excludant,
974 4314 1025 4358 et
1065 4320 1175 4359 sua
1216 4301 1423 4357 libidini
1458 4303 1535 4357 ita
1572 4315 1752 4358 vacent

194 4391 309 4445 sicut
342 4412 502 4465 equus
532 4404 583 4450 et
616 4395 811 4459 mulus,
836 4395 1024 4465 quibus
1055 4411 1160 4447 non
1181 4401 1259 4447 est
1290 4394 1584 4449 intellectus
1610 4408 1627 4446 :
1657 4393 1753 4446 Ita-

198 4473 263 4528 bet
286 4488 596 4545 potestatem
619 4479 937 4534 dwmonium
963 4481 1016 4533 in
1044 4497 1131 4535 eos
1154 4480 1219 4533 ⁸³.

256 4570 304 4625 Si
343 4575 675 4629 attendisset
715 4574 801 4629 his
852 4574 1079 4629 monitis
1128 4574 1440 4639 adnotatur,
1486 4590 1594 4628 non
1635 4582 1746 4628 tam

197 4662 361 4719 leviter
380 4668 447 4721 de
475 4668 585 4722 hac
614 4668 840 4721 materia
866 4666 1081 4721 locutus
1110 4667 1321 4723 fuisset.

255 4755 535 4825 Ceterum,
587 4760 679 4828 qui
722 4766 943 4830 propter
990 4774 1221 4829 regnum
1255 4760 1520 4817 cwlorum
1557 4760 1741 4814 matri-

200 4851 361 4904 monio
412 4851 764 4916 valedicunt,
818 4852 1024 4906 nullam
1078 4851 1490 4906 similitudinem
1549 4851 1751 4906 habent

197 4956 301 4995 cum
331 4944 430 4999 hac
460 4947 673 5015 impura
703 4945 1152 5016 philosophorum
1180 4946 1269 5000 lue
1300 4944 1392 5015 qui
1420 4960 1593 4999 nexus
1618 4959 1747 4998 con-

200 5032 383 5103 iugales
421 5044 497 5101 et,
544 5044 602 5099 ut
633 5038 811 5093 verbis
840 5037 1083 5109 Apostoli
1122 5047 1266 5103 utar,
1295 5037 1599 5091 honorabile
1627 5054 1753 5091 con-

198 5126 391 5180 nubium
425 5129 663 5200 fugiunt,
696 5138 757 5185 ut
788 5130 1015 5185 liberius
1046 5145 1110 5184 ac
1144 5130 1364 5200 turpius
1386 5129 1753 5199 voluptatibus

199 5217 361 5277 carnis
392 5219 638 5275 habenas
668 5221 872 5276 laxent.
902 5220 993 5276 Vae
1023 5222 1225 5277 talibus
1269 5223 1362 5293 qui
1403 5222 1619 5294 generis
1650 5222 1752 5276 hu-

200 5308 325 5362 mani
359 5311 713 5379 opprobrium
747 5320 875 5365 sunt
892 5313 904 5364 l

269 5398 353 5453 Sic
383 5402 626 5471 loquitur
654 5401 717 5457 D.
757 5402 825 5458 de
852 5402 1153 5474 Prcmagny
1195 5423 1207 5456 :
1251 5422 1267 5453 ι
1298 5402 1530 5458 Ministri
1574 5402 1749 5458 refor-

202 5494 313 5548 mati
361 5494 609 5563 (nuptias
657 5493 1050 5565 contrahendo)
1102 5494 1457 5565 praetulerunt
1506 5509 1748 5565 praesens

262 5690 303 5723 ”
379 5692 579 5764 Ephes.
606 5712 657 5758 ν,
690 5697 741 5751 4.
821 5697 864 5727 ³³
898 5696 913 5748 Ι
945 5696 1069 5751 Cor.
1097 5714 1194 5764 vn,
1219 5697 1272 5752 9.

207 5758 279 5814 l7.
352 5764 393 5795 ”
416 5758 525 5819 lsa.
552 5782 656 5831 Lvt,
696 5767 750 5821 5.

1354 5698 1398 5728 ³⁸
1432 5696 1620 5752 Matth.
1652 5714 1765 5760 XIX,
1803 5696 1891 5751 {2.
1972 5696 2017 5726 "
2048 5694 2223 5767 I_Cor.
2252 5714 2351 5763 vtt,
2391 5700 2439 5754 7.
2519 5702 2561 5734 ³⁷
2588 5701 2749 5767 lbid.,
2776 5700 2867 5756 32.

864 5768 908 5798 ‘°
935 5766 1082 5824 Sess.
1110 5784 1260 5835 sxw,
1292 5767 1365 5822 De
1392 5768 1651 5837 matrim,
1680 5783 1805 5824 can.
1839 5768 1891 5824 9.

1840 2078 2000 2142 Petro
2047 2081 2435 2157 prmdecessori
2481 2096 2603 2146 suo,
2647 2082 2809 2151 cujus
2849 2082 3263 2136 matrimonium
3310 2098 3424 2137 non

1842 2172 2073 2229 habetur
2098 2180 2158 2228 ut
2180 2173 2427 2238 dubium,
2451 2189 2553 2228 nec
2581 2174 2745 2229 etiam
2781 2174 3193 2229 matrimonium
3227 2174 3425 2229 horum

1841 2267 2222 2337 episcoporum
2278 2282 2417 2338 quos
2466 2267 2685 2323 volebat
2738 2276 2965 2329 sanctus
3034 2266 3239 2327 Paulus
3304 2283 3430 2325 esse

1844 2360 2009 2417 unius
2040 2361 2228 2415 uxoris
2254 2361 2424 2416 viros.
2456 2379 2475 2412 ι

1914 2450 2120 2507 Textus
2144 2452 2259 2523 jam
2283 2469 2314 2507 a
2348 2468 2434 2508 me
2474 2453 2699 2509 adducti
2747 2454 2883 2511 satis
2915 2454 3215 2525 explodunt
3242 2471 3306 2512 ac
3342 2472 3431 2512 re-

1844 2542 2022 2599 futant
2057 2545 2197 2600 hanc
2222 2546 2428 2600 domini
2457 2546 2524 2601 de
2557 2545 2860 2618 Premagny
2890 2550 3273 2611 assertionem.
3306 2549 3428 2605 Nor.

1845 2640 2184 2711 exspectavit
2217 2639 2427 2695 Novum
2458 2640 2870 2697 Testamentum
2905 2642 3169 2701 Dominus
3195 2654 3253 2699 ut
3289 2662 3431 2701 mer-

1847 2728 1997 2785 cedis
2030 2730 2425 2786 incrementum
2457 2730 2763 2801 virginibus
2786 2733 3107 2802 spontaneis
3135 2736 3427 2805 pollicere-

1849 2833 1959 2883 tur.
1992 2823 2140 2879 Dabo
2160 2826 2257 2889 eis,
2283 2828 2461 2897 inquit
2484 2842 2580 2899 per
2604 2827 2827 2893 Isaiam,
2861 2829 2913 2881 in
2942 2827 3098 2882 domo
3128 2846 3264 2893 mea,
3294 2840 3342 2886 et
3373 2833 3429 2885 in

1850 2918 2015 2973 muris
2049 2919 2177 2974 meis
2226 2918 2433 2984 locum,
2464 2928 2515 2974 et
2564 2937 2751 2976 nomen
2794 2922 2983 2975 melius
3023 2940 3055 2975 a
3090 2923 3219 2991 [iliis
3261 2932 3312 2978 et
3356 2925 3427 2994 ﬁ-

1850 3009 2023 3063 liabus
2067 3025 2085 3063 :
2131 3028 2316 3067 nomen
2366 3015 2741 3082 sempiternum
2795 3013 2933 3067 dabo
2981 3015 3089 3078 eis,
3139 3014 3277 3085 quod
3324 3033 3430 3071 non

1850 3101 2041 3171 peribit
2072 3103 2137 3159 ³⁹.
2186 3102 2383 3159 Merito
2435 3104 2602 3175 igitur
2630 3107 2921 3173 concilium
2969 3106 3349 3162 Tridentinum
3380 3108 3427 3140 ’⁵ο

1853 3194 2198 3251 anathemate
2244 3197 2493 3267 percellit
2524 3216 2543 3250 ι
2571 3213 2667 3253 eos
2713 3202 2807 3269 qui
2858 3198 3051 3253 dicunt
3097 3200 3329 3255 clericos
3371 3203 3426 3254 in

1852 3288 2029 3345 sacris
2054 3288 2342 3345 ordinibus
2390 3291 2745 3353 constitutos,
2774 3290 2857 3345 vel
2890 3292 3169 3360 regulares
3200 3294 3429 3347 castita-

1853 3386 1959 3445 tem
1989 3381 2308 3437 solemniter
2336 3381 2638 3451 professos,
2669 3399 2832 3455 posse
2860 3384 3269 3437 matrimonium
3296 3400 3431 3439 con-

1851 3472 2091 3539 trahere,
2117 3490 2227 3529 non
2261 3474 2513 3531 obstante
2544 3476 2661 3547 lege
2685 3476 3082 3539 ecclesiastica,
3116 3478 3200 3531 vel
3233 3484 3379 3532 voto.
3402 3494 3422 3528 ι

1852 3562 2052 3620 Eadem
2088 3580 2248 3636 pmna
2278 3567 2466 3637 plectit
2495 3583 2591 3623 eos
2626 3586 2644 3619 ι
2676 3567 2770 3638 qui
2803 3568 2993 3621 dicunt
3020 3582 3127 3620 non
3160 3582 3285 3622 esse
3314 3583 3430 3623 me-

1854 3654 1961 3709 lius
1990 3670 2054 3710 ae
2101 3655 2318 3712 beatius
2350 3672 2571 3713 manere
2601 3658 2657 3714 in
2708 3658 3020 3730 virginitate
3050 3668 3144 3715 aut
3174 3658 3429 3715 caelibatu

1855 3764 2018 3818 quam
2044 3748 2202 3820 jungi
2229 3749 2597 3808 matrimonio.
2622 3770 2643 3804 ι

1923 3843 2198 3908 Quantum
2238 3842 2307 3896 ad
2347 3842 2691 3913 hypothesim
2736 3840 2946 3897 domini
2986 3841 3054 3897 de
3098 3841 3425 3915 Premagny,

1852 3950 1881 3989 a
1910 3935 2237 4005 quibusdam
2286 3944 2492 3990 tantum
2543 3934 2761 3990 saeculis
2810 3935 3205 3990 continentiam
3257 3936 3428 3993 fuisse

1854 4025 2113 4081 Ecclesia:
2168 4026 2440 4083 ministris
2489 4027 2899 4098 praascriptam,
2962 4027 3140 4081 dicam
3174 4027 3325 4081 illum
3369 4043 3429 4083 se

1852 4118 2093 4175 historia:
2120 4118 2505 4174 ecclesiasticae
2536 4118 2849 4189 imperitum
2893 4119 3138 4189 praebere
3171 4120 3265 4189 qui
3306 4134 3428 4174 om-

1852 4208 2017 4263 nibus
2053 4208 2426 4262 monumentis
2468 4208 2861 4265 ecclesiasticis
2905 4208 3264 4275 contradicit,
3306 4225 3428 4278 quae

1852 4300 2181 4357 inconcusse
2223 4299 2484 4355 evincunt
2513 4302 2567 4353 in
2606 4298 2853 4355 Ecclesia
2885 4300 3213 4356 occidentali
3246 4301 3427 4355 conti-

1851 4394 2090 4448 nentiam
2121 4401 2381 4463 perpetua
2418 4393 2537 4464 lege
2580 4394 2952 4464 praescriptam
2992 4394 3163 4449 fuisse
3205 4394 3427 4450 clericis

1854 4486 1906 4539 in
1929 4486 2102 4541 sacris
2123 4484 2407 4541 ordinibus
2428 4487 2761 4541 constitutis.
2783 4485 2947 4541 Jubet
2974 4495 3200 4541 sanctus
3223 4485 3426 4540 Paulus

1855 4588 1906 4631 ut
1945 4577 2038 4648 qui
2072 4577 2139 4631 ad
2179 4581 2555 4649 episcOpatum
2588 4587 2997 4649 promoventur,
3033 4579 3078 4633 si
3117 4587 3277 4633 antea
3306 4578 3427 4633 fue-

1855 4672 1964 4725 rint
1995 4670 2228 4732 uxorati,
2257 4671 2433 4726 sancti
2462 4680 2517 4725 et
2560 4671 2928 4734 continentes,
2962 4678 3087 4742 post
3132 4686 3428 4727 consecra-

1854 4764 2056 4816 tionem
2087 4776 2264 4824 suam,
2295 4768 2652 4832 permaneant
2675 4762 2742 4817 “.

1925 4851 2064 4908 XVI.
2108 4852 2303 4908 Paucis
2335 4853 2678 4925 respondebo
2706 4852 3039 4907 cavillationi
3088 4839 3428 4911 adnotatoris

1854 4946 1922 5000 de
1950 4947 2116 5000 verbo
2153 4946 2312 5009 dixit,
2343 4947 2489 5017 quod
2520 4947 2792 5017 reperitur
2829 4947 3155 5017 quandoque
3197 4948 3251 5001 in
3296 4947 3428 5017 Epi-

1855 5038 2012 5092 stolis
2045 5041 2164 5093 sine
2196 5039 2465 5107 subjecto.
2497 5038 2634 5093 Cum
2666 5046 2897 5094 sanctus
2923 5039 3176 5093 Clemens
3205 5038 3428 5094 assidue

1854 5146 2067 5186 sacram
2124 5130 2462 5202 Scripturam
2522 5130 2782 5201 legisset,
2841 5132 3313 5201 probabiliterque
3369 5132 3425 5188 in

1854 5222 2131 5291 primitivo
2171 5231 2344 5291 textu,
2371 5224 2710 5278 locutionum
2749 5223 2872 5292 ejus
2904 5240 3059 5279 usum
3103 5225 3423 5294 assumpsit.

1857 5311 1913 5365 Si
1955 5312 2222 5381 tantisper
2265 5312 2326 5368 D.
2371 5313 2440 5368 de
2477 5312 2783 5385 Premagny
2825 5313 3123 5369 Hebraicos
3177 5323 3271 5369 aut
3323 5312 3427 5384 Sy-

1856 5404 2034 5457 riacos
2067 5401 2244 5457 fontes
2285 5404 2602 5469 delibasset,
2634 5405 2771 5459 nihil
2814 5406 2870 5460 in
2901 5406 3075 5461 sacris
3123 5404 3425 5475 Scripturis

1858 5491 2194 5562 frequentius
2234 5494 2547 5564 agnovisset
2576 5509 2739 5566 quam
2770 5495 3053 5552 subaudiri
3091 5495 3424 5564 subjectum.

2970 5700 3017 5733 ³⁸
3047 5697 3184 5753 Tob.
3213 5712 3288 5762 vt,
3318 5696 3416 5763 {6,

1975 5767 2017 5798 δι
2052 5764 2161 5821 Tit.
2190 5782 2237 5837 t,
2270 5768 2321 5823 8.
