3900 6334
508 302 614 360 375

1320 297 1374 353 S.
1411 290 1803 355 CLEMENTIS
1832 296 1851 350 ι
1889 296 2054 352 80M.
2088 295 2289 351 ΡΟΝΤ.
2326 296 2555 352 OPERA
2587 296 2907 356 GENUINA.

3585 309 3668 365 376

507 437 727 510 quando
749 451 815 491 ex
852 443 1107 490 contextu
1145 434 1281 490 satis
1311 434 1651 505 intelligitur.
1684 434 1859 505 Sxepe,
1900 433 1959 489 in
1990 433 2078 489 Bi-
2108 417 2155 472 Α
2180 411 2364 483 Winei
2397 412 2674 510 insperata
2693 413 2925 510 νίοιοΐξα
2962 415 3138 510 Romi
3163 424 3497 510 wenlrcutn
3520 438 3675 481 cerne-

508 532 666 595 bliis,
704 529 933 584 verbum
967 528 1103 581 dixit
1149 527 1235 583 his
1275 527 1566 595 azquivalet
1612 526 1830 589 dicitur,
1879 526 2079 580 dictum

506 633 607 677 est.
638 621 859 676 Poterat
886 636 1018 691 ergo
1047 620 1283 690 scriptor
1321 619 1547 675 criticus
1592 618 2076 690 Pythagoricorum

508 726 761 766 somnum
786 726 893 764 non
919 710 1162 768 turbare.
1213 722 1315 762 nec
1356 706 1717 761 eruditionem
1747 721 1976 776 prorsus
2003 706 2081 758 in-

511 805 695 859 utilem
735 802 895 858 nobis
923 808 1217 857 ostentare.
1258 798 1409 853 Hanc
1444 814 1546 869 ego
1589 797 1957 854 dillicultatem
1985 814 2081 852 ex-

510 897 675 967 punxi
708 896 763 954 in
795 895 1047 950 versione
1078 908 1195 947 mea
1225 911 1239 947 :
1272 890 1522 947 eamdem
1558 899 1776 961 poterat
1802 890 1869 946 de
1900 892 2080 945 medio

508 991 698 1044 tollere
722 990 838 1059 ipse
868 986 1197 1041 Wetstinus.

580 1080 723 1136 XVII
746 1089 800 1137 et
828 1079 1013 1135 XVIII.
1044 1078 1443 1132 Adnotationes
1478 1092 1601 1146 qua:
1630 1079 1733 1132 sub
1756 1077 1844 1131 his
1865 1076 2081 1131 duobus

508 1176 751 1229 numeris
780 1172 1156 1235 includuntur,
1189 1172 1421 1240 probant
1451 1169 1730 1225 dominum
1760 1168 1827 1224 de
1860 1168 2080 1223 Prema-

506 1282 617 1337 gny
653 1281 765 1320 non
814 1280 1030 1334 semper
1063 1262 1395 1334 prmjudiciis
1426 1263 1759 1317 obcaecatum
1792 1270 1846 1316 et
1886 1260 2080 1315 alluei-

507 1366 695 1412 natum
725 1357 916 1413 fuisse.
945 1356 1054 1410 Has
1094 1356 1388 1411 scribendo
1419 1356 1612 1416 lineas,
1643 1356 1850 1425 Optime
1885 1354 1952 1408 de
1989 1354 2080 1423 ju-

508 1449 657 1503 stitia
697 1457 752 1503 et
791 1448 1023 1502 veritate
1054 1447 1283 1501 meritus
1307 1454 1411 1502 est.
1438 1445 1676 1513 Quilibet
1722 1444 2078 1500 nihilominus

507 1541 903 1596 animadvertet
959 1541 1136 1611 ipsum
1194 1538 1467 1594 Wetstino
1519 1554 1738 1608 semper
1796 1537 2076 1591 contradi-

505 1634 684 1697 xisse,
726 1633 842 1688 sive
876 1632 1098 1703 quando
1145 1639 1349 1685 rectam
1393 1632 1537 1686 viam
1578 1630 1931 1699 sequebatur,
1963 1630 2079 1684 sive

505 1727 727 1797 quando
763 1725 833 1781 ab
857 1741 922 1779 ea
954 1723 1293 1778 dellectebat.
1324 1720 1635 1793 Optandum
1665 1729 1814 1776 certe
1850 1729 1969 1775 erat
2014 1728 2075 1774 ut
2110 1758 2149 1818 Β

505 1818 594 1871 his
625 1817 831 1872 ultimis
868 1816 1111 1872 numeris
1148 1815 1284 1869 nihil
1331 1813 1631 1869 addidisset
1669 1813 1731 1866 D.
1757 1814 1824 1869 de
1856 1812 2080 1868 Prema-

507 1925 636 1979 gny.
666 1907 773 1963 Sed
812 1909 1004 1971 altera,
1030 1906 1097 1962 de
1126 1921 1233 1977 qua
1261 1905 1376 1974 jam
1404 1906 1621 1960 locutus
1649 1920 1792 1968 sum,
1824 1905 2075 1974 cpusculi

508 2002 627 2070 ejus
656 2002 823 2056 editio
849 2000 1006 2071 quasi
1040 1999 1393 2071 pwnitentem
1434 1997 1609 2067 ipsum
1634 1998 1852 2054 exhibet
1876 1999 2080 2069 optime

509 2093 713 2148 liniisse
743 2093 890 2163 quod
928 2093 1069 2147 male
1104 2097 1368 2160 cmperat.
1400 2088 1544 2144 Duas
1574 2104 1706 2159 ergo
1734 2104 1903 2144 novas
1931 2091 2079 2159 prio-

507 2183 662 2237 ribus
694 2183 811 2239 suis
856 2184 1303 2239 adnotationibus
1335 2180 1552 2251 adjecit,
1583 2197 1704 2253 quae
1737 2173 1895 2237 fama:
1933 2182 2078 2239 illius

505 2277 631 2345 plus
661 2278 939 2331 nocebunt
967 2292 1130 2347 quam
1164 2276 1486 2348 proderunt.

578 2366 761 2421 Prima
792 2368 1022 2422 refertur
1075 2367 1143 2422 ad
1204 2368 1602 2438 separationem
1639 2382 1803 2437 quam
1854 2377 2079 2424 sanctus

507 2458 760 2515 Clemens
790 2475 819 2513 a
850 2459 1033 2532 Moyse
1062 2458 1259 2514 factam
1293 2458 1462 2514 luisse
1490 2458 1687 2514 asserit
1741 2458 1885 2515 inter
1931 2461 2080 2517 viros

508 2560 561 2606 et
586 2552 861 2616 mulieres,
889 2550 1019 2607 dum
1078 2551 1391 2606 incederent
1443 2549 1719 2616 lsraelitae,
1784 2551 2077 2623 {Egyptum

508 2644 900 2714 relinquentes.
934 2642 1185 2698 Secunda
1216 2653 1424 2714 spectat
1471 2661 1667 2701 nomen
1720 2644 1886 2699 maris
1931 2644 2077 2716 quod

508 2737 657 2791 siem
686 2737 913 2807 vestigio
946 2736 1039 2790 lilii
1065 2735 1233 2791 lsrael
1264 2738 1617 2794 transierunt.

587 2830 643 2881 1ο
674 2825 840 2881 Juxta
871 2826 1267 2890 adnotatorem.
1325 2836 1548 2884 sanctus
1579 2828 1831 2884 Clemens
1863 2830 2075 2885 locutus

508 2927 593 2974 est
639 2918 707 2973 de
753 2920 997 2974 virorum
1058 2936 1123 2974 ac
1174 2920 1462 2977 mulierum
1511 2922 1849 2992 separatione
1913 2938 2076 2992 quant

512 3012 723 3082 Moyses
748 3012 1061 3067 nullatenus
1086 3015 1427 3069 memoravit.
1459 3012 1747 3069 Probabile
1779 3029 1908 3085 ergo
1931 3014 2077 3082 judi-

507 3110 599 3157 cat
643 3101 885 3173 Moysen,
938 3104 1114 3156 virum
1170 3112 1279 3157 tam
1335 3105 1676 3174 prudentem,
1734 3104 2148 3161 consensisseC

505 3199 570 3246 ut
600 3191 909 3262 promiscue
948 3201 1201 3249 sexcenta
1240 3193 1407 3249 millia
1455 3195 1696 3250 virorum
1745 3203 2076 3249 armatorum

507 3285 869 3354 procederent
923 3300 1048 3339 cum
1097 3287 1272 3340 multo
1333 3287 1601 3358 superiori
1676 3303 1903 3344 numero
1958 3304 2077 3342 mu-

509 3377 749 3443 lierum,
804 3378 1109 3447 puellarum
1166 3388 1221 3434 et
1280 3378 1598 3435 infantium!
1652 3378 1787 3447 Quis
1841 3396 2077 3451 unquam

509 3470 673 3524 talem
704 3469 1078 3526 confusionem
1134 3469 1425 3526 admissam
1456 3471 1625 3528 fuisse
1671 3471 1959 3543 imaginari
1990 3487 2080 3527 au-

507 3561 689 3617 debit?

581 3654 730 3710 Hanc
755 3670 885 3710 vero
907 3654 1401 3712 considerationem
1427 3657 1735 3720 adnotator,
1767 3659 1923 3728 quasi
1946 3674 2081 3730 puer

509 3748 846 3818 inexpertus,
880 3749 1065 3805 forsan
1123 3757 1302 3806 mente
1360 3752 1628 3807 revolvit:
1692 3751 1841 3807 Unde
1892 3750 2081 3805 didicit

506 3850 737 3896 sanctus
760 3842 1012 3898 Clemens
1042 3842 1183 3896 hanc
1214 3842 1407 3897 factam
1463 3842 1633 3899 fuisse
1684 3844 2078 3916 separationem

511 3934 579 3988 de
600 3950 704 4003 qua
729 3932 1010 4003 Scriptura
1036 3949 1142 3988 non
1173 3935 1452 4007 loquitur?

584 4026 741 4079 Nulla
771 4026 902 4079 mihi
962 4026 1206 4096 profecto
1259 4028 1542 4085 diliicultas
1589 4036 1734 4085 esset
1759 4031 2079 4088 admittendi

513 4125 769 4173 sanctum
802 4117 1137 4173 Clementem
1165 4133 1195 4171 a
1222 4120 1512 4176 traditione
1528 4119 1860 4186 Iudaeorum,
1886 4123 1989 4179 hac
2015 4125 2081 4181 de

511 4210 945 4276 circumstantia,
970 4208 1141 4266 fuisse
1169 4210 1444 4269 edoctum.
1871 4231 1873 4235 ‘

584 4299 694 4355 Sed
728 4301 876 4355 nulla
908 4302 1068 4358 nobis
1113 4311 1197 4359 est
1248 4305 1556 4363 traditionis
1588 4325 1697 4364 non
1744 4310 1960 4381 scriptae
1988 4329 2081 4366 ne-

511 4394 762 4458 cessitas,
818 4395 1037 4464 quando
1094 4397 1544 4467 :equivalentibus
1596 4401 1779 4456 verbis
1829 4403 1970 4459 hanc
1998 4406 2078 4457 vi-

508 4500 696 4539 rorum
734 4499 799 4540 ac
824 4487 1113 4542 mulierum
1144 4489 1542 4560 separationem
1569 4491 1780 4563 Moyses
1800 4497 2075 4565 exprimit.

580 4577 869 4634 Enimvero
892 4581 971 4635 sic
1000 4582 1195 4651 legitur
1239 4582 1294 4636 in
1336 4585 1514 4654 capite
1544 4600 1618 4638 xu
1650 4585 1841 4653 Exodi,
1875 4605 1927 4643 v.
1967 4589 2073 4644 57:

510 4670 746 4733 Profecti
801 4681 924 4726 sunt
972 4674 1075 4743 filii
1125 4673 1298 4728 Israel
1334 4674 1398 4729 de
1455 4674 1700 4732 Ramesse
1757 4679 1811 4732 in
1863 4679 2079 4747 δοεοιΙι,

510 4772 756 4816 sexcenta
786 4763 892 4832 fere.
928 4764 1100 4818 millia
1142 4765 1374 4835 peditum
1418 4768 1669 4834 virorum,
1720 4770 1912 4841 absque
1954 4788 2079 4841 par-

508 4854 664 4909 vulis.
711 4853 811 4909 Hic
841 4854 942 4909 soli
973 4856 1103 4920 viri,
1137 4859 1293 4927 quasi
1348 4860 1670 4928 emphatice,
1702 4860 2074 4933 designantur.

507 4943 697 5013 Capite
724 4959 794 4999 xv
821 4945 1134 5013 expressius
1186 4946 1432 5001 innuitur
1468 4950 1758 5020 separatio.
1791 4953 2074 5008 Canticum

509 5036 654 5090 enim
685 5034 899 5107 Moyses
929 5052 1053 5090 eum
1106 5037 1242 5092 viris
1268 5039 1529 5097 concinit.
1559 5041 1759 5098 Deinde
1789 5046 2075 5115 egrediun-

511 5134 598 5181 tur
626 5128 884 5183 mulieres
909 5168 925 5192 ,
965 5137 1020 5183 et
1068 5130 1201 5200 ipsae
1230 5130 1349 5187 vice
1395 5147 1496 5187 sua
1548 5134 1601 5189 id
1631 5138 1902 5192 canticum
1948 5154 2074 5193 cum

509 5220 678 5276 Maria
709 5220 911 5292 Moysis
954 5230 1009 5277 et
1037 5222 1271 5279 Aaronis
1300 5240 1507 5291 sorore,
1540 5230 1807 5285 recinunt.

577 5310 734 5368 Philo
755 5311 997 5378 Iudaeus,
1022 5325 1214 5370 sancto
1241 5317 1507 5373 Clementi
1547 5329 1875 5387 comtaneus,
1934 5325 2075 5379 hanc

507 5406 903 5475 separationem
928 5408 1075 5463 clare
1100 5408 1376 5479 exprimit.
1424 5408 1714 5483 Postquam
1742 5414 1886 5468 enim
1911 5414 2080 5488 Aigyo

508 5498 745 5566 ptiorum
775 5502 1020 5556 narravit
1049 5502 1263 5556 ruinam
1286 5541 1301 5567 ,
1346 5503 1536 5559 addit:
1595 5524 1613 5556 ‹
1646 5505 1866 5562 Factum
1928 5509 2073 5564 istud

511 5592 699 5661 ingens
721 5601 773 5647 et
798 5594 1122 5665 stupendum
1153 5594 1361 5651 Hebraei
1389 5597 1596 5664 mirati,
1616 5600 1759 5671 quod
1791 5600 1911 5658 sine
1931 5616 2062 5658 san-

2112 4450 2152 4506 D

580 5744 623 5775 δ’
661 5743 818 5801 Philo
846 5747 920 5800 De
950 5746 1055 5827 vita
1088 5747 1321 5820 Moysis,
1357 5750 1448 5806 lib.
1485 5768 1522 5806 t.

2181 512 2299 558 rent
2329 505 2592 575 temporis
2617 514 2841 575 puncto,
2866 505 3104 560 hostium
3126 507 3543 578 internecionem,
3567 514 3679 574 duas

2179 597 2449 661 choreas,
2502 614 2666 652 unam
2712 599 2978 661 virorum,
3024 599 3244 655 alteram
3310 603 3599 670 mulierum,
3635 610 3678 663 in

2180 688 2366 744 littore
2424 691 2781 747 instituunt:
2840 700 2897 746 et
2954 691 3137 762 Moyse
3195 693 3324 750 viris
3370 699 3678 766 praecinente,

2180 781 2301 849 ejus
2326 796 2517 837 sorore
2543 782 2891 847 mulieribus,
2948 784 3353 854 gratulationem
3377 785 3479 843 Deo
3505 790 3684 845 cecine-

2181 880 2309 925 runt
2330 872 2428 925 δ’.»

2255 961 2507 1018 Ultimam
2537 962 2878 1022 adnotatoris
2904 964 3316 1036 objectationem
3336 965 3399 1023 de
3418 970 3542 1023 mari
3562 968 3683 1042 Suph

2180 1058 2532 1126 attingamus.
2589 1057 2707 1113 Non
2754 1057 2967 1113 dubitat
3030 1059 3253 1115 criticus
3295 1060 3514 1131 scriptor
3554 1063 3686 1133 hujus

2181 1150 2349 1203 maris
2382 1166 2578 1204 nomen
2610 1152 2800 1205 nullibi
2829 1152 2885 1206 in
2915 1151 3102 1208 Exodo
3156 1153 3401 1209 inveniri.
3427 1153 3480 1210 Si
3505 1156 3564 1211 de
3580 1156 3688 1212 Vul-

2178 1249 2301 1311 gata
2332 1243 2581 1300 versione
2601 1244 2816 1300 locutus
2846 1245 3058 1306 fuisset.
3090 1261 3276 1301 verum
3326 1246 3526 1317 quidem
3552 1248 3690 1305 dixis-

2180 1342 2296 1400 set;
2338 1334 2383 1388 si
2429 1350 2555 1390 vero
2584 1336 2651 1391 de
2701 1343 2852 1391 textu
2910 1335 3178 1392 Hebraico
3224 1345 3315 1392 aut
3361 1338 3582 1410 Syriaco,
3627 1349 3691 1395 te-

2179 1440 2326 1482 mere
2360 1436 2508 1481 certe
2536 1426 2751 1482 locutus
2780 1438 2884 1493 est,
2914 1427 3216 1498 praesertim
3273 1445 3393 1484 cum
3437 1438 3566 1485 esset
3592 1447 3692 1487 aea.

2179 1516 2424 1573 demicus
2453 1517 2569 1585 vir;
2626 1534 2904 1587 nunquam
2937 1519 3082 1573 enim
3126 1519 3240 1574 sive
3286 1520 3340 1573 in
3389 1519 3577 1584 Exodo,
3602 1522 3693 1577 sivo

2177 1610 2232 1663 in
2256 1609 2390 1665 locis
2416 1610 2539 1664 aliis
2557 1626 2727 1666 sacra:
2751 1610 3068 1683 Scriptura,
3101 1611 3361 1668 Hebraice
3385 1624 3471 1668 aut
3491 1613 3691 1684 Syriaco.

2179 1703 2301 1758 aliis
2329 1704 2509 1759 verbis
2558 1720 2709 1759 mare
2762 1703 3007 1759 Rubrum
3061 1705 3375 1775 designatur
3430 1722 3574 1777 quam
3601 1723 3695 1761 ver-

2180 1795 2264 1849 bis
2295 1794 2377 1849 Im
2404 1794 2569 1866 Suph,
2621 1812 2743 1868 qua:
2772 1796 2950 1852 reddit
2993 1794 3223 1869 Vulgata
3257 1806 3439 1853 nostra
3461 1814 3547 1868 per
3573 1796 3694 1851 Mare

2182 1890 2434 1947 Rubrum.

2251 1981 2385 2048 Quis
2433 1998 2598 2054 porro
2629 1981 2766 2038 ferat
2816 1983 3090 2038 hominem
3136 1991 3536 2053 praesumentem
3578 1982 3695 2053 loqui

2181 2077 2248 2131 de
2286 2078 2372 2133 his
2399 2094 2522 2148 qua:
2545 2078 2794 2134 absolute
2824 2078 3042 2151 ignorat
3061 2079 3089 2133 ?

2256 2169 2494 2227 Verbum
2546 2170 2691 2240 Sapit
2738 2180 2931 2242 quater
3003 2171 3280 2227 invenitur
3325 2171 3378 2225 in
3433 2179 3568 2225 textu
3615 2166 3697 2223 He-

2182 2264 2367 2319 braico
2417 2271 2473 2318 et
2523 2261 2751 2334 Syriaco
2807 2261 2997 2319 Exodi.
3040 2261 3099 2317 Si
3131 2263 3266 2318 recti
3312 2262 3503 2318 fuerint
3540 2259 3698 2315 calculi

2180 2354 2308 2417 mei,
2334 2353 2565 2409 vicesies
2594 2355 2784 2410 novies
2806 2354 2911 2409 hoc
2942 2356 3165 2411 verbum
3186 2354 3328 2424 διιρὴ
3354 2357 3580 2409 eumdem
3601 2367 3699 2406 sen-

2181 2463 2301 2504 sum
2323 2448 2634 2517 exprimens
2657 2447 2930 2502 invenitur
2959 2449 3013 2502 in
3056 2446 3235 2503 Veteri
3265 2448 3594 2504 Testamento
3613 2444 3699 2500 lle-

2182 2541 2390 2603 braico,
2422 2549 2476 2595 et
2504 2540 2627 2610 plus
2681 2556 2841 2611 quam
2894 2542 3141 2597 tricesies
3174 2544 3230 2598 in
3289 2542 3500 2613 Syriaco
3528 2539 3700 2594 Novum

2181 2631 2589 2688 Testamentum
2619 2632 3035 2703 complectente.
3061 2631 3263 2687 Santes
3281 2632 3542 2703 Pagninus
3562 2630 3607 2684 in
3623 2644 3703 2686 sua

2183 2724 2433 2778 versione
2468 2722 2656 2778 Latina
2705 2724 2926 2779 litterali
2971 2741 3191 2795 semper
3224 2731 3503 2779 conservat
3542 2737 3703 2778 nomen

2184 2815 2537 2886 primitivum,
2565 2832 2629 2872 ac
2657 2816 2820 2871 vertit
2847 2835 2859 2873 :
2892 2815 3045 2871 Mare
3074 2816 3244 2887 Suplt.

2252 2907 2588 2963 Existimavit
2613 2917 2836 2963 sanctus
2862 2907 3230 2980 Hieronymus
3250 2909 3413 2964 verbo
3435 2905 3553 2976 zuph
3569 2903 3705 2975 signi-

2183 3001 2331 3057 ficari
2355 3000 2591 3055 rubrum.
2617 2998 2790 3054 Graeci
2819 3000 2958 3055 idem
2983 3016 3133 3055 mare
3158 2999 3493 3071 Erythrarum
3523 3003 3701 3056 vocant,

2182 3093 2323 3163 quod
2353 3095 2514 3147 etiam
2539 3092 2755 3147 rubrum
2777 3098 2955 3148 sonat.
2989 3092 3094 3146 Sed
3124 3093 3348 3163 quidam
3373 3092 3457 3147 isti
3484 3088 3604 3143 mari
3623 3088 3704 3141 hoc

2180 3202 2378 3240 nomen
2408 3186 2594 3241 datum
2625 3192 2913 3239 autumant
2940 3200 2971 3239 a
3005 3201 3131 3256 rege
3164 3184 3401 3257 Erythro
3430 3183 3517 3256 qui
3541 3194 3705 3251 regna-

2180 3281 2255 3333 vit
2286 3279 2340 3332 in
2372 3279 2550 3335 insula
2582 3277 2747 3347 hujus
2776 3279 2943 3333 maris
2971 3279 3224 3334 finitima.

2250 3371 2353 3437 Qui
2383 3371 2606 3427 uberius
2627 3371 2790 3440 hujus
2807 3371 3057 3425 vocabuli
3080 3370 3525 3442 significationem
3547 3364 3709 3421 callere

2180 3465 2427 3533 cupiunt,
2452 3462 2833 3517 doctissimum
2875 3462 3073 3517 adeant
3126 3463 3389 3519 Drusium
3433 3459 3705 3532 (Comment.

2179 3555 2233 3607 in
2272 3554 2445 3610 Exod.
2472 3594 2489 3621 ,
2517 3570 2571 3610 c.
2610 3554 2724 3626 eo).

2252 3645 2377 3702 Haec
2407 3659 2534 3703 sunt
2567 3647 2679 3703 fere
2707 3663 2829 3717 quae
2876 3662 2904 3700 a
2932 3647 3178 3718 pluribus
3223 3645 3383 3702 annis
3411 3643 3709 3715 scripsissem

2179 3739 2246 3794 de
2275 3741 2488 3797 duabus
2516 3740 2776 3812 Epistolis
2829 3741 3004 3796 sancti
3053 3740 3355 3797 Clementis
3384 3740 3449 3795 ad
3477 3736 3709 3807 Virgines,

2180 3832 2285 3886 nisi
2318 3834 2513 3902 partim
2545 3836 2806 3904 temporis
2837 3834 3116 3904 angustia.
3150 3834 3353 3903 partim
3376 3832 3569 3888 laboris
3606 3824 3714 3881 diliiv

2180 3926 2355 3979 cultas
2381 3927 2649 3981 voluntati
2676 3943 2807 3982 mea:
2829 3927 3013 3982 obices
3035 3927 3372 3997 posuissent.

2251 4016 2361 4072 Has
2395 4016 2667 4089 Epistolas
2707 4019 3017 4075 firmissime
3040 4021 3205 4073 credo
3232 4036 3355 4074 esse
3384 4015 3712 4077 authenticas,

2180 4112 2529 4181 quantumvis
2578 4113 2921 4168 amarissime
2956 4113 3124 4168 feram
3170 4115 3417 4169 nondum
3467 4114 3714 4180 hucusque

2180 4212 2455 4275 repertum
2482 4205 2653 4261 fuisse
2674 4204 3055 4277 primigenium
3088 4213 3324 4262 textum.
3358 4204 3415 4261 Si
3440 4204 3716 4260 inveniatur

2181 4299 2577 4369 tandem,quod
2601 4299 3012 4356 instantissimis
3040 4301 3296 4370 precibus
3320 4317 3350 4354 a
3378 4299 3483 4355 Deo
3509 4294 3713 4370 postulo.

2182 4391 2435 4445 omnibus
2458 4390 2760 4446 innotescet
2788 4408 2950 4449 verus
2978 4393 3152 4448 sancti
3202 4393 3480 4465 pontificis
3527 4402 3714 4447 sensus.

2181 4489 2275 4556 qui
2311 4504 2406 4557 per
2430 4490 2798 4545 traductorem
2830 4489 3117 4562 Syriacum
3143 4493 3329 4548 vitiari
3355 4493 3544 4565 potuit.
3572 4489 3716 4559 Spero

2181 4590 2363 4637 tamen
2411 4582 2773 4638 traductionis
2816 4585 2947 4638 vitia
2991 4601 3023 4640 a
3067 4602 3154 4642 me
3190 4603 3304 4641 non
3329 4586 3490 4640 modo
3518 4582 3718 4639 adaucta

2181 4691 2290 4730 non
2320 4674 2508 4739 fuisse,
2545 4675 2638 4731 sed
2660 4676 2814 4731 valde
2840 4678 3146 4734 imminuta.

2255 4765 2390 4821 Mira
2418 4766 2521 4820 fuit
2554 4783 2675 4822 sors
2732 4769 3061 4838 scriptorum
3119 4772 3297 4827 sancti
3353 4759 3720 4827 Clementis.A

2180 4858 2343 4913 Junio
2369 4857 2608 4913 Patricio
2634 4859 2934 4930 Anglicano
2965 4862 3185 4916 inventa
3219 4871 3305 4917 est
3338 4863 3457 4931 ejus
3504 4852 3716 4928 Episwla

2180 4949 2248 5002 ad
2272 4948 2588 5004 Corinthios
2620 4950 2859 5019 scripta;
2914 4967 2944 5005 a
2981 4951 3251 5009 Wetstino
3286 4969 3397 5008 non
3427 4951 3602 5006 minus
3633 4942 3719 4997 Ec-

2177 5042 2355 5098 clesia:
2370 5042 2625 5098 Romame
2646 5041 2859 5098 infenso
2888 5044 3118 5099 inventa:
3146 5053 3273 5101 sunt
3302 5044 3476 5099 amba:
3502 5038 3717 5112 ejusdem

2179 5138 2354 5192 sancti
2377 5136 2674 5193 Clementis
2703 5135 2770 5190 ad
2795 5135 3045 5209 Virgines
3064 5138 3340 5210 Epistolas.

2245 5231 2394 5287 Notae
2427 5230 2651 5286 Patricii
2707 5231 2763 5285 in
2813 5229 3109 5305 Epistolam
3174 5246 3341 5303 quam
3400 5227 3597 5285 invenit
3642 5221 3717 5276 vix

2179 5324 2532 5379 dissidentem
2566 5324 2840 5380 hominem
2869 5324 3148 5396 detegunt.
3182 5323 3571 5394 Prolegomena
3588 5314 3719 5370 Wet-

2179 5417 2331 5483 stini,
2370 5417 2584 5471 duobus
2612 5415 2748 5471 locis
2773 5417 3016 5487 exceptis
3058 5416 3114 5470 in
3144 5415 3345 5486 quibus
3367 5412 3550 5469 odium
3576 5417 3717 5466 suum

2176 5523 2305 5577 erga
2334 5506 2633 5562 Romanam
2678 5505 2978 5563 Ecclesiam
3006 5509 3201 5575 exerit,
3228 5507 3540 5565 testimonia
3578 5497 3720 5558 exhi-

2176 5601 2304 5657 bent
2327 5601 2657 5659 sinceritatis
2678 5615 2742 5656 ac
2768 5602 3035 5659 veritatis.
