3900 6334
174 350 268 405 877

1047 345 1406 403 EPISTOLrE
1440 341 1533 397 AD
1570 341 1910 401 VIRGINES.
1946 381 2014 392 —
2049 351 2412 411 PROtlIMIA.

3255 356 3358 424 378

228 463 449 520 Permisit
483 461 620 518 Deus
647 463 762 518 haec
791 474 1144 520 monumenta
1171 482 1202 519 a
1223 466 1359 521 viris
1402 463 1517 519 sedi
1552 477 1683 532 apo-
1710 462 1760 518 A
1852 464 1970 522 Non
1999 473 2483 530 nocebitinventor
2507 476 2597 544 qui
2630 489 2776 532 certe
2803 488 3214 536 monumentum
3242 483 3357 552 ipse

167 560 342 617 stolicte
382 557 660 611 hostilibus
684 557 861 627 detegi
890 566 945 612 et
968 558 1257 629 publicari,
1288 567 1347 613 ut
1373 575 1403 612 a
1432 559 1683 616 sectariis

166 653 318 707 minus
360 649 833 718 impugnarentur,
894 659 990 704 aut
1046 650 1196 706 fraus
1230 650 1530 706 Catholicis
1572 666 1681 705 non

165 745 501 812 imputaretur.
534 738 695 793 Siluit
744 743 1073 811 generaliter
1102 743 1324 799 haeresis
1354 744 1422 798 de
1450 745 1683 816 epistola

162 835 345 889 aJunio
369 832 598 888 Patricio
638 834 896 888 inventa:
954 835 1264 906 nullusque,
1297 838 1442 908 quod
1484 841 1679 903 sciam,

160 938 351 983 novatur
371 928 528 996 hujus
556 929 1030 987 authenticitatem
1079 947 1370 1003 aggressus
1399 940 1483 988 est
1516 953 1531 990 :
1586 935 1680 987 vix

158 1023 294 1082 enim,
326 1021 376 1074 in
401 1021 499 1075 hac
525 1020 789 1091 Epistola.
810 1033 1038 1080 sanctus
1065 1024 1317 1081 Pontifex
1346 1026 1679 1083 delibaverat

156 1113 368 1168 veritates
395 1112 587 1168 haeresi
619 1113 867 1170 odiosas.
916 1115 1036 1171 Dixi
1068 1117 1161 1171 vix
1187 1116 1522 1174 delibaverat
1547 1120 1676 1188 quia

154 1223 237 1262 non
262 1208 493 1263 absolute
516 1208 586 1264 de
612 1209 697 1265 his
725 1211 979 1266 omnibus
1008 1218 1278 1277 tacuerat,
1318 1220 1378 1267 ut
1404 1212 1516 1282 jam
1548 1213 1676 1267 alibi

155 1305 358 1352 notatum
389 1305 490 1354 est.
525 1297 709 1370 Longe
736 1300 898 1357 aliter
925 1316 985 1358 se
1025 1317 1113 1357 res
1144 1302 1334 1356 habuit
1370 1304 1425 1358 in
1469 1304 1676 1374 episto-

154 1395 201 1450 lis
226 1394 283 1449 de
310 1394 613 1465 virginitate
642 1396 1006 1452 tractantibus
1034 1415 1048 1453 :
1097 1396 1470 1454 Protestantes
1526 1402 1672 1456 enim

152 1487 430 1557 virginitatis
456 1501 666 1553 osores,
704 1488 864 1558 quasi
912 1489 1157 1543 unanimi
1203 1505 1336 1545 voce
1363 1498 1553 1545 contra
1575 1507 1672 1547 au-

153 1581 493 1635 thenticitatcm
518 1596 707 1635 earum
758 1582 1192 1639 insurrexerunt.
1224 1582 1335 1640 Nec
1380 1587 1670 1657 quisquam

152 1671 246 1726 inde
268 1673 440 1725 mirari
473 1672 637 1727 debet
670 1692 683 1727 :
736 1691 754 1725 t
788 1671 989 1729 Omnes
1019 1689 1252 1746 namque
1272 1688 1523 1746 quaerunt
1554 1682 1670 1749 pla-

150 1766 314 1831 centia;
361 1780 551 1820 omnes
597 1780 661 1820 ea
707 1765 899 1822 audire
950 1768 1188 1837 gestiunt
1241 1786 1361 1840 qua:
1425 1771 1668 1830 habenas

149 1858 264 1910 carni
289 1857 476 1921 laxent,
509 1872 623 1912 non
652 1873 772 1928 qua:
801 1857 1061 1915 inducant
1104 1864 1453 1919 conscientia:
1475 1876 1661 1922 custo-

148 1949 316 2003 diendae
342 1949 603 2014 studium,
654 1951 934 2021 religionis
980 1968 1190 2019 curam,
1232 1955 1665 2013 Christianorum

148 2057 319 2094 morum
384 2041 622 2111 pondus.
670 2061 690 2095 ι
770 2042 895 2099 Haec
970 2043 1231 2103 Wicelius
1310 2046 1504 2105 Senior
1572 2052 1666 2122 qui

145 2134 307 2203 optime
333 2142 551 2189 noverat
586 2142 788 2189 sectam
820 2152 940 2207 qua:
964 2138 1252 2194 seduxerat
1274 2139 1426 2195 illum
1457 2142 1522 2197 ".

197 2225 330 2281 Certe
373 2229 416 2282 si
466 2229 871 2300 qualiscunque
916 2231 1165 2301 epistola,
1214 2233 1436 2289 nomine
1491 2237 1666 2292 sancti

141 2314 391 2373 Clementis
422 2318 706 2390 insignita,
740 2330 953 2392 reperta
984 2321 1198 2387 fuisset,
1224 2324 1384 2391 cujus
1408 2325 1667 2396 interpre-

142 2410 255 2463 tatio
280 2428 475 2467 sensum
515 2413 851 2485 praebuisset
877 2415 1145 2472 caelibatui
1197 2416 1491 2481 infensum,
1517 2419 1664 2473 mille

141 2498 469 2558 buccinatores
500 2504 941 2570 adlaborassent,
972 2506 1113 2562 inter
1137 2506 1423 2570 sectarios,
1455 2515 1515 2561 ut
1541 2523 1661 2563 eam

141 2596 623 2664 superextollerent,
685 2598 918 2672 ejusque
973 2599 1438 2657 authenticitatem
1509 2618 1664 2663 asse-

141 2692 304 2741 rerent.

211 2776 255 2830 ld
310 2779 516 2836 abunde
576 2784 771 2853 probat
819 2785 1191 2842 testimonium
1263 2789 1408 2859 quod
1468 2801 1659 2846 sancto

140 2869 402 2942 Paphnucio
447 2875 710 2934 Socrates
757 2886 866 2933 tam
897 2879 1232 2935 mendaciter
1255 2882 1507 2952 imputat,
1535 2892 1657 2939 tan-

142 2980 265 3032 quam
315 2969 365 3023 in
409 2972 532 3042 ipso
570 2974 804 3028 concilio
831 2972 1051 3029 Nicaeno
1082 2976 1372 3045 prolatum,
1404 2979 1661 3050 quodque

142 3075 250 3115 nunc
284 3070 354 3116 tot
402 3066 823 3135 probationibus
865 3067 1060 3124 falsum
1092 3070 1522 3127 demonstratum
1551 3081 1655 3129 est.

1784 575 1893 615 non
1922 564 2124 618 struxit
2173 571 2318 634 quod
2370 576 2449 621 tot
2502 576 2629 625 ante
2688 570 2839 625 illum
2893 573 3107 628 saeculis
3157 578 3357 631 existe-

1784 653 1899 715 bat.
1951 656 2095 711 sicut
2143 658 2322 715 adbuc
2370 662 2579 729 existit,
2640 664 2982 734 antiquitatis
3030 682 3143 721 sua:
3199 670 3355 740 signa

1782 745 2095 814 praeferens.
2156 748 2268 806 lmo
2322 768 2431 823 quo
2485 753 2657 823 magis
2697 767 2962 826 suspectae
3010 759 3130 814 fidei
3166 761 3355 816 inven-

1784 846 1868 891 tor
1943 841 2302 909 prohabitur,
2383 862 2448 900 eo
2517 847 2721 903 clarius
2794 850 2996 919 patebit
3071 852 3352 907 inimicum

1780 930 2095 1001 dogmatum
2151 936 2602 1002 orthodoxorum,
2656 956 2763 994 non
2812 952 3005 1010 sponte
3052 944 3107 997 in
3160 961 3350 1001 eorum

1780 1019 2020 1077 favorem
2070 1033 2178 1079 tam
2236 1029 2581 1097 splendidum
2614 1035 2906 1102 protulisse
2950 1035 3347 1097 fulcimentum.

1776 1109 1889 1165 Nec
1920 1114 2054 1168 illud
2080 1116 2328 1175 exhibuit
2369 1120 2488 1176 sine
2518 1122 2782 1179 conviciis
2833 1125 2889 1179 in
2915 1125 3216 1186 Ecclesiam
3241 1132 3348 1187 sibi

1777 1219 2030 1261 mvrsam.

1845 1297 2153 1353 Adnotator
2208 1300 2576 1372 Epistolarum
2622 1305 3024 1362 authenticitati
3088 1326 3197 1366 non
3245 1327 3346 1368 no-

1774 1400 1878 1447 cet.
1932 1393 2171 1460 Quilibet
2219 1396 2389 1449 lector
2428 1398 2703 1454 aestimare
2756 1401 2932 1471 potuit
2960 1402 3199 1457 valorem
3248 1406 3350 1461 ob-

1768 1485 2127 1557 jectationum
2168 1488 2337 1549 illius.
2369 1505 2433 1544 ac
2464 1499 2748 1560 penetrare
2802 1494 3042 1550 animum
3092 1497 3347 1555 hostilem

1772 1595 1882 1649 quo
1928 1582 2291 1639 mou-batur:
2349 1582 2473 1637 Non
2520 1587 2657 1639 enim
2711 1603 2801 1640 cor
2854 1590 2966 1656 ejus
3009 1599 3123 1644 erat
3148 1602 3346 1647 rectum

1772 1689 1951 1727 coram
2002 1672 2225 1729 Domino
2277 1674 2347 1741 “,
2405 1692 2529 1732 cum
2559 1688 2705 1734 esset
2746 1696 2961 1735 vesanae
2990 1683 3349 1756 philosophiae

1698 1801 1746 1863 Β
1774 1764 1893 1819 labe
1922 1765 2201 1823 infectum.

1842 1854 2082 1913 Tandem
2114 1860 2444 1917 inventionis
2502 1870 2635 1918 tetas
2674 1863 2765 1919 vix
2815 1880 3065 1933 campum
3112 1869 3343 1925 liberum

1733 1949 2111 2020 .relinquebat
2144 1968 2284 2006 verte
2315 1954 2610 2009 eruditioni
2638 1974 2651 2010 :
2682 1955 2847 2025 hujus
2868 1959 3009 2012 enim
3038 1962 3212 2016 aetatis
3230 1962 3349 2032 phi-

1767 2040 2012 2112 losophia
2044 2042 2283 2114 undique
2318 2046 2506 2103 sannis
2541 2062 2605 2102 ac
2634 2047 2878 2103 dicteriis
2908 2049 3164 2106 veritates
3181 2053 3343 2107 etiam

1765 2134 2143 2202 apertissimas
2204 2138 2464 2193 audacter
2528 2140 2976 2210 persequebatur.
3032 2140 3159 2197 Ideo
3216 2159 3344 2197 con-

1765 2239 1969 2277 versum
1997 2236 2075 2280 est
2103 2236 2394 2284 retrorsum
2415 2230 2701 2299 judicium,
2730 2245 2779 2287 et
2800 2233 3019 2301 justitia
3051 2233 3199 2304 fouge
3236 2243 3344 2289 ste-

1768 2318 1828 2369 tit
1849 2326 1898 2371 et
1928 2322 2125 2373 corruit
2153 2322 2206 2375 in
2247 2324 2425 2390 platea
2456 2326 2648 2378 veritas
2695 2335 2744 2379 et
2793 2327 3014 2395 a’quitas
3042 2344 3146 2381 non
3172 2329 3341 2398 potuit

1765 2408 1966 2479 ingredi
1996 2413 2062 2469 “.

1838 2500 2009 2560 Hodie
2038 2522 2166 2561 vero
2206 2506 2448 2565 Ecclesia
2502 2519 2677 2567 mater
2720 2512 2896 2584 longis
2925 2514 3139 2585 expleta
3183 2511 3341 2568 fasti-

1761 2586 1869 2653 diis
1896 2604 2302 2670 contemptores
2354 2617 2485 2657 suos
2534 2606 2867 2674 contemptui
2911 2607 3139 2661 traditos
3170 2606 3339 2661 intue.

1764 2700 1872 2747 tur.
1906 2690 2017 2759 Ipsi
2040 2694 2154 2764 jam
2186 2695 2461 2748 comedunt
2499 2695 2701 2764 {ructus
2731 2699 2826 2752 via:
2862 2716 2973 2753 suae
2995 2712 3043 2755 et
3074 2699 3185 2753 suis
3216 2714 3342 2751 con-

1762 2783 1901 2839 siliis
1952 2786 2355 2842 saturantur“.
2419 2787 2474 2841 Si
2522 2790 2769 2858 quaedam
2819 2791 2998 2845 adhuc
3057 2800 3341 2848 remanent

1762 2874 1956 2943 prisca:
1979 2876 2185 2933 fraudis
2209 2884 2529 2941 sectatores,
2563 2882 2709 2932 ultra
2752 2896 2854 2933 non
2902 2882 3176 2951 proﬁcient
3209 2897 3229 2936 :
3255 2883 3343 2937 in-

1765 2969 2011 3039 sipientia
2033 2970 2170 3024 enim
2198 2987 2381 3025 eorum
2412 2971 2696 3041 manifesta
2724 2973 2824 3026 erit
2854 2972 2921 3028 ⁸⁷.

1838 3060 1903 3115 Ει
1933 3079 2101 3129 nunc,
2125 3063 2321 3118 ‘divine
2376 3062 2649 3127 Clemens,
2681 3079 2934 3134 exsurge,
2986 3073 3038 3119 et
3064 3066 3222 3136 quasi
3269 3065 3340 3121 de

188 3149 276 3207 Nec
304 3156 506 3225 negabo
534 3158 641 3210 tria
696 3161 1062 3226 concurrisse,
1109 3178 1217 3217 non
1261 3172 1319 3218 ut
1340 3165 1662 3234 pessumda-

1776 3156 2008 3212 tenebris
2034 3173 2279 3227 erumpe.
2316 3154 2483 3213 Sonet
2512 3165 2709 3213 iterum
2740 3174 2843 3213 vox
2876 3170 2968 3215 tua
3008 3161 3187 3217 dulcis
3216 3176 3339 3230 quae

138 3251 267 3307 retur,
294 3248 381 3302 sed
414 3256 472 3303 ut
511 3249 827 3305 differretur
874 3252 1080 3323 agnitio
1109 3254 1541 3313 authenticitatis
1566 3272 1662 3312 no-

139 3346 327 3392 strarum
355 3340 726 3411 Epistolarum
755 3362 768 3398 :
802 3344 978 3414 primo
1006 3348 1365 3415 inventorem,
1412 3352 1655 3407 secundo

137 3428 481 3502 adnotatorem,
518 3438 688 3492 tertio
716 3438 1046 3497 inventionis
1075 3450 1311 3499 atatem.

187 3521 520 3593 inventorem,
551 3530 646 3599 qui
669 3530 809 3600 apud
830 3548 960 3588 suos
978 3534 1141 3588 etiam
1173 3544 1441 3606 suspectae
1469 3537 1658 3593 admo-

134 3610 231 3667 dum
271 3616 383 3672 fidei
418 3630 583 3689 erat;
616 3622 1011 3692 adnotatorem,
1045 3627 1137 3696 qui
1175 3643 1371 3684 nomen
1420 3628 1655 3684 habebat

134 3705 243 3759 inter
264 3711 427 3766 ultimi
457 3715 649 3770 saeculi
680 3716 1033 3789 philosophos
1063 3726 1115 3774 et
1155 3720 1208 3773 in
1232 3720 1510 3776 academia
1544 3720 1654 3776 Ro-

134 3798 426 3872 tbomagensi
482 3815 549 3861 ut
605 3809 885 3864 oraculum
935 3811 1277 3867 audiebatur.
1321 3810 1655 3870 lnventionis

129 3897 318 3959 atatem,
335 3912 497 3966 quam
521 3915 719 3955 vocare
735 3916 1018 3971 possemus
1049 3905 1447 3963 incredulitatis
1464 3923 1649 3965 :eram.

128 3979 225 4038 Haec
262 4003 396 4046 nunc
439 3992 729 4063 prodesse,
777 4010 889 4051 non
953 4011 1154 4055 nocere
1202 3998 1402 4055 debent
1446 4000 1653 4072 judicio

127 4077 416 4135 eruditorum
427 4125 442 4139 .

177 4410 213 4443 "
244 4414 404 4485 Epist.
434 4417 467 4474 8
496 4417 658 4490 Jun.,
694 4423 852 4482 1533.
926 4425 973 4459 ⁸⁵
1010 4425 1157 4485 Psal.
1187 4445 1408 4500 Lxxvu,
1446 4433 1536 4489 37.
1613 4433 1659 4466 “'

1776 4453 1806 4493 ι.
1838 4450 1925 4491 ιιι
1946 4476 1961 4502 ,
1994 4434 2057 4491 ιι

1767 3251 1943 3319 prima
1976 3251 2305 3322 virginitatis
2330 3251 2440 3305 lilia
2477 3250 2828 3306 immaculato
2857 3261 2910 3308 et
2936 3254 3139 3308 intacto
3155 3254 3337 3322 splen-

1766 3345 1899 3400 dore
1933 3346 2062 3399 olim
2087 3347 2357 3403 adornare
2400 3348 2686 3418 gestiebat.
2721 3346 2797 3402 Te
2832 3349 3094 3418 perﬂante
3115 3348 3334 3403 hortum

1765 3433 2042 3500 Ecclesiae,
2076 3436 2246 3491 fluant
2296 3446 2537 3493 aromata
2597 3439 2773 3503 illius;
2815 3438 2941 3492 novi
2992 3452 3209 3507 semper
3236 3454 3335 3509 ap-

1764 3535 1992 3597 pareant
2016 3527 2177 3583 flores
2209 3528 2265 3583 in
2293 3536 2438 3583 terra
2470 3536 2680 3583 nostra.
2737 3526 2848 3583 llos
2898 3527 3059 3583 flores
3088 3535 3330 3598 protege,

1762 3636 2039 3690 nunquam
2070 3621 2355 3690 deficiant;
2412 3635 2691 3691 nunquam
2746 3628 3107 3677 marcescant.
3168 3618 3337 3675 Sacer

1760 3713 2027 3785 pontifex,
2075 3714 2230 3785 virgo
2276 3712 2556 3777 sacerdos,
2607 3714 2847 3768 caelestis
2902 3727 3026 3767 rore
3071 3711 3333 3768 doctrina:

1760 3821 1923 3876 pasce
1952 3805 2217 3875 clericos;
2248 3821 2406 3876 pasce
2437 3804 2820 3876 presbyteros;
2854 3818 3016 3873 pasce
3048 3802 3329 3874 praesules;

1760 3916 1926 3971 pasce
1954 3901 2219 3957 candidas
2250 3915 2482 3971 sponsas
2510 3898 2737 3963 Christi,
2794 3897 2879 3951 cui
2912 3911 3036 3951 cum
3085 3896 3246 3950 Patre
3272 3901 3330 3950 et

1761 3995 1968 4066 Spiritu
2000 4004 2193 4051 sancto
2221 3995 2293 4053 sit
2326 3994 2499 4050 honor
2545 4001 2599 4049 et
2645 3991 2817 4063 gloria
2846 3990 2901 4045 in
2933 3989 3131 4047 sarcula
3154 4003 3339 4057 saccus

1758 4090 1955 4145 lorum.
1980 4090 2175 4146 Amen.

2159 4435 2206 4466 “
2241 4432 2404 4489 Prov.
2433 4448 2482 4498 ι,
2511 4430 2600 4487 Si.
2676 4429 2720 4460 "
2756 4424 2803 4483 ll
2833 4425 2976 4483 Tim.
3010 4441 3113 4493 ιιι,
3144 4424 3201 4484 9.
