3900 6334
176 293 285 351 865

1342 294 1703 353 ΕΡΙὸΤΟΙπΕ
1744 293 2216 353 DECRETALES.

3288 292 3397 361 ωδ

170 408 447 474 veritatis,
475 416 674 480 peccat
700 408 767 464 in
797 407 1112 481 Christum,
1158 417 1213 466 et
1246 408 1466 467 Patrem
1495 410 1737 467 omnium
1767 412 1813 470 A
1841 417 1897 464 et
1926 428 2142 466 summo
2162 411 2345 467 studio
2374 410 2498 473 niti.
2530 418 2590 467 ut
2622 426 2815 468 omnes
2841 412 2965 467 vitae
2987 412 3151 483 hujus
3173 429 3411 485 occupa-

169 500 468 557 exacerhat
511 500 714 565 Deum,
742 508 963 572 propter
993 501 1139 572 quod
1172 509 1228 557 et
1254 503 1363 557 vita
1392 503 1620 559 carebit.
1649 499 1737 571 lp-

168 606 290 647 sum
325 599 508 645 autem
538 590 632 660 qui
662 598 859 661 prmest
886 591 1102 647 caeteris
1125 631 1140 655 ,
1180 598 1395 663 oportet
1433 591 1631 647 medici
1657 591 1739 646 vi-

163 698 287 737 cem
320 698 505 753 agere,
536 692 591 737 et
619 698 727 736 non
756 682 882 738 ferae
916 683 1103 739 bestia:
1126 682 1311 738 furore
1330 683 1685 739 commoveri.
1713 700 1734 735 ι

164 774 294 832 Hec
322 792 391 833 eo
415 776 654 841 dicente,
683 792 781 848 ego
805 778 1098 848 procidens
1124 778 1190 833 ad
1213 776 1379 849 pedes
1409 778 1552 849 ejus,
1582 793 1740 850 rega-

163 869 315 933 bam,
349 885 624 925 excusans
674 886 796 936 me,
843 877 897 926 et
946 870 1228 928 declinans
1258 871 1522 927 honorem
1553 872 1740 927 cathe-

160 963 300 1026 (ιι-ω,
333 962 419 1017 vel
456 969 801 1033 potestatem.
833 962 901 1018 At
929 962 1020 1018 ille
1059 962 1401 1034 respondens
1431 983 1445 1020 :
1478 962 1584 1019 Pro
1613 965 1739 1033 hoc,

161 1054 351 1124 inquit
372 1094 388 1118 ,
421 1068 491 1109 ne
520 1070 604 1109 me
647 1054 947 1125 rogaveris.
994 1052 1109 1109 Hoc
1142 1054 1289 1110 enim
1320 1055 1437 1112 ﬁeri
1474 1064 1738 1112 statutum

158 1153 249 1201 est
272 1145 432 1210 mihi,
468 1152 522 1199 et
544 1161 609 1199 eo
637 1146 835 1215 magis,
858 1145 1004 1215 quod
1035 1162 1271 1203 excusas
1296 1165 1312 1215 ;
1343 1148 1469 1219 quia
1502 1148 1617 1205 h:ec
1645 1166 1737 1206 ca-

156 1236 357 1293 thedra
388 1253 512 1291 eum
538 1236 629 1305 qui
658 1237 807 1307 cupit
834 1253 973 1300 eam,
1014 1245 1067 1293 et
1095 1238 1351 1294 audacter
1375 1241 1601 1310 expetit,
1626 1256 1733 1295 non

156 1326 431 1397 requirit,
464 1326 557 1381 sed
590 1334 841 1380 ornatum
876 1326 1120 1384 moribus
1154 1337 1207 1383 et
1248 1328 1303 1383 iu
1333 1329 1513 1384 verbis
1550 1329 1736 1385 erudi-

155 1425 299 1473 tum.
339 1417 495 1485 Quod
528 1419 575 1472 si
604 1426 749 1473 esset
772 1419 913 1474 alius
946 1420 1168 1484 melior,
1200 1422 1246 1477 si
1277 1422 1402 1492 quis
1436 1422 1566 1477 mihi
1596 1422 1736 1477 alius

155 1509 388 1578 adjutor
415 1520 526 1565 tam
569 1510 796 1566 sedulus
830 1512 1132 1576 astitisset,
1174 1513 1223 1568 si
1274 1513 1399 1583 quis
1430 1521 1542 1567 tam
1580 1514 1737 1583 plene

154 1601 428 1656 doctrinm
457 1617 589 1657 mea:
617 1604 881 1658 rationem
911 1603 1172 1673 cepisset,
1201 1604 1296 1659 sed
1322 1612 1379 1660 et
1398 1603 1737 1661 ecclesiasti-

154 1708 254 1749 cas
301 1693 698 1763 dispositiones
739 1709 770 1748 a
808 1710 895 1749 me
934 1701 1047 1748 tam
1089 1693 1248 1765 plene
1284 1694 1602 1761 didicisset,
1636 1694 1735 1750 ha-

154 1781 291 1837 bens
315 1782 487 1837 alium
518 1784 702 1849 talem,
722 1800 831 1839 non
857 1792 911 1839 te
941 1800 1188 1856 cogerem
1214 1801 1353 1857 Opus
1376 1788 1576 1842 bonum
1607 1803 1732 1844 sus-

156 1873 349 1944 cipere
386 1875 688 1931 nolentem.
728 1875 1074 1947 Superlluum
1111 1886 1196 1933 est
1224 1893 1355 1949 ergo
1394 1879 1558 1933 alium
1583 1894 1732 1951 quae-

155 1983 299 2033 rere,
331 1985 460 2025 cum
500 1971 774 2041 primitias
803 1986 991 2026 eorum
1022 1972 1115 2044 qui
1148 1987 1215 2027 ex
1238 1973 1489 2044 gentibus
1519 1988 1618 2043 per
1645 1988 1731 2028 me

159 2060 473 2125 salvantur,
504 2070 560 2117 et
584 2063 856 2132 praecipue
884 2063 1051 2134 hujus
1074 2063 1250 2133 urbis,
1280 2073 1335 2120 te
1369 2065 1603 2137 primum
1629 2065 1732 2121 ob-

154 2154 380 2211 tulerim
410 2153 544 2209 Deo.
580 2152 683 2210 Sed
716 2163 772 2210 et
814 2156 947 2211 illud
977 2156 1218 2222 intuere,
1250 2157 1380 2229 quia
1423 2157 1469 2213 si
1520 2159 1733 2229 pericu-

154 2244 267 2299 lum
293 2244 508 2315 peccati
532 2245 731 2301 timens
750 2286 765 2312 ,
808 2247 1088 2319 suscipere
1123 2247 1329 2319 refugis
1356 2248 1611 2305 Ecelesiw
1633 2266 1734 2322 gu-

155 2335 494 2404 bernacula;
539 2344 725 2393 certus
747 2345 868 2393 esto
888 2379 903 2403 ,
934 2340 1061 2410 quia
1093 2340 1328 2410 amplius
1360 2356 1557 2412 peccas
1577 2383 1591 2409 ,
1640 2344 1733 2413 qui

155 2426 430 2496 populum
454 2424 550 2482 Dei
582 2428 729 2482 velut
768 2428 822 2482 in
857 2427 1116 2485 ﬂuctibus
1143 2432 1382 2501 positum
1418 2440 1475 2486 et
1513 2424 1738 2503 pericli-

157 2526 373 2575 tantem
393 2558 409 2584 ,
459 2535 583 2574 cum
616 2521 811 2591 juvare
841 2523 1023 2595 possis
1043 2564 1057 2587 ,
1088 2524 1458 2598 subterfugis;
1500 2527 1580 2581 tui
1614 2533 1737 2582 tan-

157 2610 450 2666 tummodo
478 2611 689 2668 habens
719 2616 1213 2673 considerationem
1232 2657 1248 2683 ,
1279 2626 1336 2673 et
1364 2634 1472 2674 non
1502 2619 1649 2691 quod
1679 2620 1734 2676 in

159 2717 458 2758 commune
481 2706 736 2761 omnibus
767 2708 1020 2777 expedit,
1063 2710 1381 2779 providens.
1411 2712 1520 2768 Sed
1550 2722 1736 2771 certus

158 2803 300 2860 esto,
345 2797 494 2866 quod
544 2813 774 2854 necesse
802 2808 887 2855 est
916 2808 971 2855 te
1005 2803 1285 2874 suscipere
1313 2820 1475 2861 omne
1515 2809 1734 2877 pericu-

160 2887 270 2941 lum
296 2927 314 2949 ,
346 2889 476 2961 quia
516 2906 621 2945 nec
663 2906 763 2963 ego
810 2908 910 2963 pro
951 2895 1127 2951 salute
1168 2898 1411 2954 omnium
1454 2900 1525 2956 ab
1574 2902 1737 2957 obse—

159 2978 367 3034 crando
396 2981 650 3037 cessabo.
686 2982 901 3048 Quanto
935 3001 1067 3058 ergo
1096 2987 1231 3042 mihi
1261 2990 1425 3047 citius
1450 2993 1736 3064 acquieve—

1763 1753 1810 1813 Β

1840 504 2022 559 tiones
2052 504 2283 573 abjicias
2306 521 2323 573 ;
2349 521 2417 561 ne
2442 504 2734 575 ﬁdejussor
2754 504 2986 566 existas.
3014 520 3086 562 ne
3112 504 3410 562 advocatus

1839 596 2016 652 litium
2042 597 2164 661 llas,
2188 612 2328 653 neve
2350 598 2403 653 id
2431 598 2544 652 ulla
2569 598 2755 669 aliqua
2792 599 3151 669 occupatione
3182 615 3412 670 prorsus

1838 688 2135 745 inveniaris
2179 689 2475 745 mundialis
2522 690 2731 761 negotii
2770 691 3062 746 occasione
3098 691 3407 761 perplexus.

1836 775 2025 849 Neque
2052 779 2195 834 enim
2215 779 2455 850 iudicem
2480 786 2577 834 aut
2601 779 2938 851 cognitorem
2960 779 3301 835 mularium
3323 794 3415 833 ne-

1839 872 2111 942 gotiorum
2145 871 2305 927 hodie
2339 879 2391 927 te
2420 871 2678 926 ordinare
2701 871 2817 925 vult
2846 869 3100 925 Christus
3129 869 3197 938 ⁸⁶,
3231 868 3311 924 uti
3340 884 3413 924 ne

1838 961 2165 1031 przefocatus
2193 962 2557 1031 przesentibus
2579 960 2861 1016 hominum
2888 959 3059 1027 curis,
3089 974 3198 1015 non
3230 961 3413 1030 possis

1839 1054 2007 1107 verbo
2045 1050 2140 1108 Dei
2181 1068 2409 1117 vacare,
2453 1059 2507 1107 et
2537 1051 2840 1107 secundum
2875 1049 3123 1105 veritatis
3164 1050 3412 1120 regulam

1839 1158 2130 1198 secernere
2169 1143 2343 1197 bonos
2372 1157 2402 1196 a
2431 1142 2611 1197 malis.
2658 1140 2765 1196 Ista
2802 1157 3038 1211 namque
3066 1156 3231 1212 opera
3249 1182 3264 1207 ,
3292 1155 3413 1214 quae

1837 1234 1934 1289 tibi
1969 1234 2151 1291 minus
2191 1250 2494 1306 congruere
2530 1233 2787 1305 superius
2824 1234 3215 1305 exposuimus,
3256 1232 3418 1289 exhi«

1836 1326 2000 1382 beant
2017 1326 2121 1383 sibi
2150 1327 2384 1382 invicem
2409 1327 2709 1392 discentes,
2736 1325 2789 1383 id
2819 1326 3074 1395 estlaiei;
3099 1335 3154 1381 et
3172 1336 3223 1384 te
3249 1342 3412 1381 nemo

1836 1431 2069 1495 occupet
2089 1422 2159 1479 ab
2198 1422 2286 1478 bis
2310 1422 2535 1489 studiis,
2568 1437 2668 1494 per
2700 1438 2825 1494 quae
2861 1421 3013 1478 salus
3040 1421 3299 1476 omnibus
3317 1420 3413 1474 da-

1837 1521 1947 1571 tur.

1908 1605 2061 1663 Sicut
2100 1606 2247 1664 enim
2276 1607 2321 1640 "’
2356 1606 2456 1663 tibi
2484 1605 2779 1678 impietatis
2811 1604 3027 1660 crimen
3058 1610 3180 1669 est,
3228 1602 3412 1673 negle-

1836 1699 1941 1755 ctis
1964 1699 2117 1755 verbi
2158 1699 2256 1755 Dei
2293 1700 2492 1756 studiis
2513 1741 2527 1767 ,
2561 1697 2965 1756 sollicitudines
2995 1697 3277 1767 suscipere
3308 1710 3411 1750 sae-

1835 1792 2051 1848 culares
2082 1813 2095 1849 :
2128 1794 2203 1849 ita
2242 1802 2298 1850 et
2322 1794 2619 1865 unicuique
2656 1792 2919 1847 laieorum
2953 1801 3238 1861 peccatum
3267 1796 3353 1845 est
3378 1829 3394 1851 ,

1833 1886 1941 1942 nisi
1977 1887 2209 1942 invicem
2234 1886 2336 1940 sibi
2367 1886 2527 1942 etiam
2552 1886 2608 1940 in
2635 1884 2723 1940 his
2742 1899 2865 1954 quae
2897 1881 2963 1936 ad
2996 1882 3304 1937 communis
3335 1880 3410 1933 vi-

1834 1986 1904 2034 ta;
1928 1994 2088 2033 usum
2122 1978 2398 2049 pertinent
2424 2018 2439 2043 ,
2487 1992 2710 2048 operam
2764 1975 2998 2030 ﬁdeliter
3027 1974 3298 2029 dederint.
3330 1972 3412 2027 Te

1832 2087 1966 2129 vero
1988 2086 2244 2128 securum
2291 2070 2471 2126 facere
2499 2085 2567 2125 ex
2597 2070 2706 2134 his,
2739 2067 2943 2139 quibus
2973 2084 3081 2123 non
3110 2067 3277 2123 debes
3314 2082 3410 2119 va-

1834 2179 1963 2220 care
1985 2164 2054 2229 ”,
2084 2178 2275 2219 omnes
2298 2161 2661 2217 communiter
2681 2161 2985 2215 elaborent.
3020 2159 3175 2226 Quod
3200 2158 3245 2214 si
3273 2157 3412 2214 forte

1835 2270 1867 2309 a
1896 2255 2206 2325 semetipsis
2238 2254 2341 2307 hoc
2366 2252 2490 2307 laici
2522 2266 2633 2307 non
2657 2252 2987 2322 intelligunt,
3019 2266 3117 2321 per
3146 2249 3410 2304 diaconos

1835 2347 2102 2405 edocendi
2124 2355 2275 2409 sunt,
2307 2355 2366 2401 ut
2395 2346 2494 2401 tibi
2524 2346 2698 2401 solius
2727 2344 2985 2400 Ecclesize
3011 2344 3411 2399 sollicitudines

1835 2440 2245 2511 derelinquant;
2291 2454 2399 2511 quo
2429 2438 2604 2511 ipsam
2626 2478 2642 2503 ,
2675 2445 2735 2493 ut
2771 2437 2994 2509 dignum
3020 2446 3142 2503 est,
3187 2437 3411 2508 dispen-

1836 2548 1960 2588 sare
2015 2531 2289 2595 suﬂicias,
2339 2539 2395 2587 et
2445 2532 2695 2587 veritatis
2734 2532 2901 2587 verbo
2950 2530 3318 2586 abundantius
3356 2536 3412 2583 et

1839 2622 2144 2679 studiosius
2191 2621 2493 2678 deservire.
2546 2618 2607 2675 Si
2646 2619 2791 2676 enim
2842 2620 3216 2676 mundialibus
3259 2620 3409 2675 curis

1836 2714 2010 2770 [ueris
2037 2720 2375 2784 occupatus,
2422 2718 2478 2767 et
2524 2712 2759 2783 teipsum
2792 2710 3034 2780 decipies
3056 2750 3070 2772 ,
3101 2717 3156 2766 et
3184 2726 3279 2766 eos
3308 2712 3400 2781 qui

1836 2816 1890 2863 te
1918 2806 2169 2863 audiunt.
2197 2804 2316 2860 Non
2347 2804 2490 2860 enim
2514 2804 2753 2875 poteris,
2790 2818 2912 2873 quae
2932 2801 3000 2856 ad
3030 2803 3261 2857 salutem
3286 2819 3411 2873 per-

1836 2899 2035 2962 tinent,
2062 2895 2278 2967 plenius
2309 2893 2544 2965 singulis
2586 2893 2897 2964 quibusque
2938 2892 3297 2963 distinguere.
3343 2892 3412 2946 Et

1836 3004 1904 3046 ex
1932 3003 1998 3045 eo
2028 2988 2137 3055 (let,
2168 2996 2229 3042 ut
2258 2995 2312 3044 et
2334 2993 2395 3042 tu
2422 2992 2683 3056 tanquam
2732 2985 2825 3057 qui
2855 2999 2964 3039 non
2995 2984 3249 3040 docueris
3278 3000 3401 3054 qua:

162 3071 256 3137 ris,
291 3079 457 3127 tanto
486 3089 574 3128 me
595 3074 757 3130 citius
792 3076 995 3134 laboris
1013 3087 1067 3133 et
1087 3079 1324 3137 tristitiae
1344 3099 1477 3140 mea:
1503 3100 1739 3143 mmrore
1763 3087 1810 3149 α
1840 3084 1910 3140 ad
1934 3084 2165 3141 salutem
2197 3083 2483 3138 hominum
2510 3082 2783 3154 pertinent
2806 3082 3054 3152 puniaris
3077 3081 3145 3145 ⁵³,
3178 3082 3412 3137 etdisci-

164 3165 463 3220 relevabis.
501 3165 637 3222 Novi
674 3168 841 3223 etiam
891 3171 1015 3238 hoc,
1052 3188 1085 3227 ο
1124 3172 1411 3242 Clemens,
1462 3178 1607 3249 quod
1637 3179 1736 3235 tibi

164 3254 327 3309 taedia
374 3262 434 3310 et
478 3258 798 3325 molestias,
834 3262 1082 3331 pericula
1122 3265 1290 3320 etiam
1336 3274 1393 3323 et
1444 3270 1737 3339 opprobria

164 3346 434 3403 ineruditi
461 3350 608 3421 vulgi
656 3351 1023 3426 indocilisque
1061 3358 1380 3427 conciliem;
1413 3377 1534 3433 quae
1561 3371 1621 3419 tu
1656 3371 1739 3421 ta-

162 3450 283 3492 men
314 3437 441 3493 scio
474 3438 622 3509 quod
650 3449 972 3499 constanter
1006 3454 1061 3500 et
1092 3445 1311 3502 fortiter
1339 3446 1519 3517 feres,
1562 3455 1739 3525 respi-

162 3529 312 3584 ciens
342 3530 414 3585 ad
446 3530 594 3586 illam
617 3548 794 3605 spem,
820 3551 942 3607 quae
962 3537 1059 3592 tibi
1091 3540 1233 3611 apud
1267 3540 1435 3599 Deum
1465 3546 1739 3616 patientiae

160 3630 433 3693 praparat
460 3639 737 3683 coronam.
771 3625 881 3682 Sed
924 3639 978 3685 et
1024 3630 1159 3686 illud
1199 3634 1397 3706 cupio,
1427 3642 1483 3692 te
1521 3653 1737 3695 mecum

155 3717 304 3787 justa
336 3718 555 3773 ratione
583 3720 915 3791 perspicere,
941 3722 1160 3793 quando
1187 3726 1423 3783 maxime
1453 3742 1620 3799 opera
1643 3737 1737 3785 tua

158 3810 368 3882 indiget
390 3810 669 3881 Christus,
688 3829 833 3869 nunc
854 3830 977 3869 cum
1002 3816 1258 3874 inimicus
1285 3818 1550 3878 adversus
1571 3832 1738 3893 Spon-

158 3918 273 3957 sam
301 3904 432 3972 ejus
462 3912 771 3961 commovet
794 3906 1019 3971 bellum,
1055 3924 1123 3963 an
1152 3909 1338 3968 futuro
1366 3914 1421 3967 in
1461 3923 1735 3986 tempore,

157 3995 389 4065 quando
414 3995 531 4065 jam
560 3996 816 4053 Christus
855 4005 982 4068 post
1012 4000 1296 4057 victoriam
1344 4005 1700 4079 triumphabit
1719 4052 1733 4074 ,

158 4102 258 4142 nec
300 4088 455 4142 ultra
496 4090 661 4146 ullius
707 4105 873 4161 opera
917 4092 1213 4166 indigebit?
1245 4096 1379 4164 Quis
1419 4115 1529 4155 non
1571 4102 1734 4157 etiam

159 4183 315 4253 parvi
348 4199 558 4239 sensus
595 4184 894 4255 intelligat,
939 4189 1083 4258 quod
1111 4190 1252 4246 istud
1279 4200 1363 4247 est
1392 4201 1609 4265 tempus
1631 4235 1645 4258 .
1682 4196 1735 4252 in

158 4291 267 4345 quo
303 4290 539 4346 Operam
585 4285 734 4331 tuam
784 4278 1037 4337 Christus
1081 4284 1350 4353 requirit?
1396 4284 1529 4340 Tota
1574 4286 1738 4359 igitur

157 4377 343 4421 mente
376 4366 436 4420 in
464 4370 713 4437 praesenti
746 4372 1076 4429 necessitate
1100 4376 1277 4444 praebe
1304 4392 1523 4447 cperam
1565 4390 1732 4445 tuam,

155 4465 213 4512 et
234 4459 510 4546 auxilium
543 4460 598 4515 in
629 4462 832 4531 praeliis
865 4464 1061 4521 exhibe
1090 4468 1201 4538 regi
1230 4469 1456 4539 optimo,
1488 4487 1736 4529 remune-

157 4551 416 4604 rationes
472 4550 792 4619 magniﬁcas
833 4563 957 4624 post
998 4555 1281 4612 victoriam
1336 4558 1614 4615 reddituro
1668 4561 1735 4618 ⁸³.

158 4640 435 4697 Libenter
460 4658 591 4715 ergo
622 4646 843 4716 suscipe
871 4647 1221 4717 episcopatus
1255 4648 1509 4713 cilicium,
1533 4667 1600 4708 eo
1625 4668 1741 4706 ma-

160 4735 333 4799 xime,
362 4734 515 4805 quod
560 4736 964 4792 ecclesiasticas
991 4737 1385 4810 dispositiones
1430 4756 1461 4797 a
1500 4758 1587 4797 me
1615 4759 1742 4814 pro-

160 4826 427 4881 babiliter
468 4826 744 4892 didicisti,
795 4835 856 4883 ut
902 4828 1053 4885 salus
1095 4846 1317 4899 eorum,
1362 4832 1456 4905 qui
1501 4850 1592 4905 per
1638 4851 1741 4893 nos

160 4920 543 4991 confugerunt
583 4921 649 4975 ad
698 4919 905 4986 Deum,
950 4937 1296 4995 nequaquam
1342 4927 1581 4986 vacillet.
1632 4927 1740 4985 Ve-

160 5020 482 5066 rumtamen
520 5022 573 5067 et
607 5012 847 5067 breviter
889 5020 944 5069 te
980 5014 1050 5071 de
1095 5016 1269 5087 ipsius
1313 5017 1740 5090 dispensationis

160 5103 362 5157 Ordine
411 5116 599 5157 coram
648 5105 906 5161 omnibus
961 5122 1306 5164 commonere
1364 5114 1738 5170 necessarium

161 5198 308 5252 duco
333 5198 403 5250 ".

235 5288 319 5343 Te
355 5290 576 5359 quidem
608 5290 653 5322 "
684 5298 898 5360 oportet
936 5291 1485 5362 irreprehensibiliter
1512 5300 1695 5359 vivere
1718 5345 1735 5371 ,

1840 3178 1954 3250 puli
1981 3194 2079 3250 per
2102 3176 2466 3249 ignorantiam
2491 3183 2738 3248 pereant.

1909 3269 1956 3301 “
1980 3266 2192 3324 idcirco
2222 3274 2280 3324 tu
2311 3266 2531 3339 quidem
2556 3266 2626 3321 ad
2652 3265 2758 3321 hoc
2778 3264 2957 3321 solum
2976 3272 3191 3330 vacato,
3224 3272 3285 3319 ut
3307 3280 3405 3335 op-

1838 3367 2073 3433 portune
2103 3367 2158 3417 et
2180 3360 2300 3417 sine
2328 3357 2739 3415 intermissione
2765 3356 2967 3412 doceas
3011 3356 3236 3412 verbum
3272 3354 3407 3420 Dei,

1837 3469 1935 3525 per
1964 3450 2107 3524 quod
2128 3450 2360 3508 salutem
2394 3449 2658 3519 consequi
2687 3449 2905 3518 possint
2934 3447 2999 3505 “.
3025 3446 3106 3502 Illi
3132 3463 3262 3503 vero
3285 3463 3409 3503 cum

1837 3553 1990 3601 tanta
2018 3543 2326 3602 reverentia
2356 3548 2453 3597 tua
2475 3541 2645 3597 verba
2670 3540 2997 3612 suscipiant,
3024 3545 3283 3611 tanquam
3315 3543 3410 3612 qui

1839 3636 2019 3693 sciant
2066 3636 2305 3707 legatum
2331 3640 2385 3689 te
2412 3640 2468 3689 et
2506 3646 2815 3704 praeconem
2850 3645 2976 3687 esse
3016 3631 3267 3687 veritatis
3294 3673 3308 3697 ,
3357 3643 3413 3687 et

1837 3727 2209 3801 quodcunque
2255 3740 2423 3798 super
2454 3732 2661 3781 terram
2689 3723 2982 3795 ligaveris,
3029 3738 3156 3780 esse
3185 3724 3410 3795 ligatum

1835 3831 1893 3880 et
1930 3822 1987 3878 in
2009 3821 2179 3888 coelo;
2220 3827 2275 3876 et
2299 3818 2664 3890 quodcunque
2695 3817 2928 3873 solveris
2967 3832 3132 3889 super
3169 3824 3371 3873 terram
3392 3861 3408 3884 ,

1838 3916 2003 3973 etiam
2040 3912 2115 3968 ibi
2156 3927 2281 3969 esse
2328 3910 2652 3968 solvendum
2687 3909 2752 3967 η.
2787 3908 3057 3977 Quoniam
3112 3909 3330 3981 quidem
3357 3917 3412 3965 et

1837 4015 1928 4071 tu,
1960 4012 2020 4061 ut
2058 4003 2169 4060 dixi
2194 4046 2209 4070 ,
2251 4017 2374 4074 quae
2401 4007 2641 4074 oportet,
2672 4000 2870 4072 ligabis
2891 4038 2907 4065 ,
2948 4006 3005 4054 et
3028 4014 3150 4070 quae
3180 3999 3403 4070 expedit

1836 4100 2035 4156 solves.
2062 4096 2128 4151 Et
2158 4095 2225 4150 ad
2248 4102 2303 4152 te
2324 4094 2544 4165 quidem
2576 4093 2669 4164 qui
2693 4107 2888 4163 praes,
2914 4092 3020 4147 ista
3048 4092 3159 4147 sint
3183 4091 3412 4153 monita,

1835 4202 1889 4248 et
1919 4191 2005 4248 his
2036 4188 2258 4247 similia.
2306 4186 2389 4242 Ad
2436 4186 2789 4259 presbyteros
2836 4199 2969 4242 vero
3014 4184 3125 4239 sint
3158 4183 3264 4238 ista
3312 4182 3403 4238 “z

1837 4285 1978 4339 Ante
2006 4281 2220 4345 omnia,
2255 4286 2313 4334 ut
2347 4277 2628 4351 pudicitiae
2664 4275 2951 4332 studentes
2972 4314 2987 4341 ,
3032 4274 3412 4330 adolescentes

1840 4376 2049 4447 nuptiis
2072 4374 2339 4445 jungant,
2364 4386 2474 4442 quo
2506 4370 2747 4424 calorem
2780 4368 3044 4424 ferventis
3071 4368 3247 4423 :etatis
3281 4382 3414 4421 cou-

1836 4465 2011 4539 jugali
2060 4466 2178 4536 lege
2226 4461 2587 4535 praeveniant.
2621 4459 2731 4516 Sed
2773 4477 2843 4517 ne
2880 4461 2935 4515 in
2979 4460 3414 4531 provectiorihus

1841 4559 2060 4631 quidem
2089 4571 2280 4613 curam
2307 4553 2512 4610 habere
2533 4552 2913 4624 hujuscemodi
2933 4550 3231 4624 negligant,
3260 4550 3412 4622 quia,

1840 4655 1898 4709 in
1927 4651 2138 4713 multis,
2161 4649 2324 4704 etiam
2353 4662 2479 4703 cum
2502 4647 2747 4704 senuerit
2775 4660 2999 4717 corpus,
3021 4644 3414 4717 concupiscen-

1842 4749 1918 4802 tia
1943 4749 2091 4816 viget
2128 4744 2196 4800 “.
2228 4740 2308 4797 Ne
2347 4739 2488 4797 forte
2531 4754 2664 4811 ergo
2693 4737 3074 4795 fornicationis
3101 4737 3287 4805 labes,
3320 4754 3415 4794 oc-

1844 4838 2067 4896 casione
2098 4844 2346 4906 accepta,
2375 4838 2637 4902 tanquam
2666 4845 2937 4887 venenum
2971 4830 3272 4901 pessimum
3297 4846 3414 4886 ser-

1846 4940 1938 5003 pat
1968 4931 2024 4985 in
2053 4927 2233 4993 vobis,
2263 4941 2460 4983 cavere
2489 4934 2543 4982 et
2566 4924 2881 4980 antevenire
2908 4923 3280 4979 necessarium
3305 4930 3411 4985 est,

1850 5040 1918 5079 ne
1947 5021 2093 5094 quod
2134 5023 2192 5076 in
2231 5015 2682 5078 vobisadulterii
2723 5015 3000 5071 occultum
3049 5016 3325 5070 coalescat
3369 5016 3414 5047 ⁵⁸

1849 5113 2181 5171 incendium.
2214 5109 2282 5164 Et
2316 5108 2448 5181 quid
2479 5109 2533 5163 in
2564 5106 2819 5162 omnibus
2865 5107 3106 5178 peccatis
3148 5108 3414 5162 adulterio

1844 5206 2098 5281 gravius?
2118 5201 2429 5261 Secundum
2467 5216 2701 5271 namque
2724 5201 2779 5254 in
2820 5199 2865 5231 “
2894 5200 3073 5269 panis
3102 5199 3313 5254 obtinet
3336 5200 3413 5253 lo-

1845 5314 1991 5367 cum,
2045 5296 2306 5370 quoniam
2360 5292 2579 5367 quidem
2633 5291 2868 5363 primum
2919 5290 2997 5345 illi
3047 5289 3270 5354 habent,
3318 5307 3412 5361 qlll

239 5512 288 5596 ’ξ
346 5522 672 5596 recepturus,
715 5514 866 5596 in__c.
905 5515 1048 5596 Just.
1124 5520 1179 5596 ’ᾗ
1212 5522 1386 5596 duxi._
1437 5521 1481 5552 "
1526 5522 1589 5575 l9.
1622 5540 1676 5593 q.
1719 5527 1785 5591 l,
1814 5525 1886 5581 Te
1903 5524 2132 5596 quidem.
2208 5521 2255 5552 “
2287 5516 2600 5596 Deesthtec
2623 5516 2997 5596 voculani-n‘c
3035 5513 3178 5596 Just.
3253 5514 3314 5596 _"A
3344 5515 3402 5596 l

169 5597 201 5650 ιι
257 5583 308 5647 ι,
340 5580 487 5636 Sicut
508 5586 667 5638 enim.

173 5650 413 5725 hvaristi
463 5670 637 5725 papae.
709 5654 751 5687 ⁶¹
803 5654 935 5722 lvo,
982 5657 1036 5713 in
1082 5650 1291 5717 ilecret.
1361 5660 1454 5713 lib.
1489 5678 1540 5713 v.

174 5720 219 5755 ⁸³
276 5720 551 5780 calescat.’
608 5726 654 5756 “
688 5725 755 5779 32
786 5720 972 5798 ([llIBSL
995 5731 1045 5786 7.
1079 5730 1219 5797 Quid
1247 5732 1297 5784 in
1323 5729 1584 5785 omnibus.

778 5588 826 5621 ⁸⁸
885 5591 1040 5644 etlu's
1069 5590 1255 5658 quibus
1303 5589 1452 5643 debes
1501 5588 1798 5658 vacantem,
1849 5588 1990 5652 idem
2034 5593 2226 5650 codex.

803 5654 935 5721 ivo,
982 5657 1036 5713 in
1086 5661 1291 5717 llecret.
1361 5660 1454 5713 lib.
1489 5678 1540 5713 v.
1646 5664 1690 5695 ⁶²
1733 5656 1922 5717 Matth.
1983 5680 2094 5721 xvi.
2199 5664 2226 5696 “

2336 5590 2382 5623 '9
2436 5588 2739 5659 deponaris.
2815 5585 3034 5659 “idem
3078 5588 3135 5659 in
3179 5585 3410 5659 epistola

2199 5661 2245 5696 ⁸³
2280 5658 2473 5717 Const.
2503 5655 2602 5724 'tv,
2658 5659 2744 5714 ill.
2858 5656 2903 5689 “
2930 5655 3049 5713 Nic.
3102 5658 3141 5714 Ι.
3183 5672 3269 5727 ep.
3317 5656 3425 5712 illa
