3900 6334
514 324 618 379 467

1384 321 1439 376 S.
1475 317 1871 376 CLEMENTIS
1902 318 1921 372 1
1962 317 2130 373 ROM.
2175 318 2377 375 ΡΟΝΤ.
2407 318 2634 375 OPERA
2671 316 2900 375 DUBIA.
2974 374 2979 379 .

3612 327 3697 385 468

517 441 775 495 aberrant
800 455 830 493 a
859 437 1002 515 Deo,
1037 435 1255 493 etiamsi
1287 435 1473 492 sobrie
1506 435 1746 492 vixerint
1773 437 1838 491 ⁸⁷.
1872 435 2103 508 Pr0pter
2132 440 2176 496 Α
2285 432 2466 507 Siqui
2494 436 2540 467 ⁷³
2568 450 2632 489 ex
2682 432 2943 491 fratribus
2983 430 3201 502 negotia
3236 430 3427 489 habent
3466 432 3590 491 inter
3617 454 3697 509 se,

517 531 661 602 quod
684 548 803 599 vos,
832 546 865 585 o
897 528 1226 601 presbyteri,
1261 527 1565 583 Ecclesiam
1590 529 1842 593 ert-colite,
1870 537 1923 584 et
1952 528 2099 583 ordi-

515 630 645 678 nate
677 624 722 655 ⁶⁸
766 637 1025 694 sponsam
1065 620 1277 676 Christi
1327 619 1395 674 ad
1437 619 1782 690 pudicitiam.
1829 618 2098 689 Sponsam

518 722 700 769 autem
729 713 874 778 dico,
908 727 1124 768 omnem
1151 709 1414 766 Ecclesia:
1434 712 1912 782 congregationem
1936 728 1950 778 ;
1980 724 2100 780 quae

516 804 563 857 si
604 802 801 874 pudica
833 804 1055 858 inventa
1104 802 1271 857 fuerit
1309 816 1337 854 a
1380 815 1583 872 sponso
1616 816 1751 866 suo,
1788 802 2100 872 ingentibus

517 895 585 948 ah
618 910 684 950 eo
712 894 872 949 donis
894 901 948 948 et
986 893 1310 949 muneribus
1348 892 1750 962 honorabitur;
1782 901 1836 949 et
1863 894 2111 958 vos,veI-

512 996 575 1040 ut
619 987 862 1041 ministri
886 1003 1123 1057 sponsae,
1156 993 1208 1040 et
1240 986 1398 1040 amici
1427 987 1640 1058 sponsi,
1669 986 1873 1059 ingenti
1902 984 2100 1058 gaudio

517 1087 571 1135 ct
603 1080 787 1134 laetitia
832 1079 1212 1149 perfrucmini.
1261 1078 1317 1133 Si
1344 1097 1473 1136 vero
1503 1096 1703 1152 sponsa
1738 1080 1853 1135 [nec
1882 1091 2099 1149 reperta

516 1172 681 1227 fuerit
711 1172 1109 1226 commaculata
1138 1174 1397 1241 peccatis,
1424 1173 1543 1244 ipsa
1565 1172 1807 1244 quidem,
1838 1179 2098 1244 tanquam

516 1263 765 1333 indigna,
799 1278 909 1317 non
937 1263 1183 1317 tradetur
1211 1263 1492 1333 regalibus
1523 1264 1567 1295 ⁸³
1597 1264 1754 1318 toris.
1784 1262 1895 1319 Vos
1918 1272 2100 1319 autem

515 1368 709 1424 poenas
738 1353 976 1419 dabitis,
1027 1354 1074 1408 si
1112 1352 1251 1408 forte
1282 1369 1381 1424 per
1423 1361 1667 1408 vestram
1713 1353 2098 1424 negligentiam

515 1447 605 1501 vel
634 1445 905 1501 desidiam
954 1446 1259 1517 ohrepserit
1290 1448 1545 1517 contagio
1575 1462 1719 1502 saeva
1750 1447 1981 1517 peccati.
2013 1444 2101 1502 ld-

518 1541 668 1595 circo
701 1548 824 1594 ante
847 1540 1032 1593 omnia
1077 1539 1393 1596 sobrietatis
1433 1546 1485 1593 et
1516 1539 1793 1609 pudicitiae
1836 1540 2102 1596 sollicitu-

517 1634 700 1688 dinem
734 1632 923 1704 gerite.
954 1631 1121 1686 Valde
1142 1632 1289 1687 enim
1320 1630 1464 1701 apud
1497 1630 1666 1686 Deum
1691 1646 1857 1702 grave
1889 1631 2100 1687 crimen

518 1726 738 1781 ducitur
777 1725 1100 1789 fornicatio,
1138 1724 1297 1793 cujus
1329 1725 1542 1795 species
1572 1730 1702 1778 sunt
1730 1723 1946 1794 quidem
1977 1724 2097 1794 plu-

517 1834 632 1882 res,
659 1819 801 1872 sicut
824 1817 979 1872 vobis
1016 1824 1070 1871 et
1102 1816 1218 1885 ipse
1247 1816 1501 1871 Clemens
1530 1814 1821 1886 diligenter
1842 1824 2094 1886 exponet.
2132 1799 2174 1853 Β

519 1909 909 1966 Verumtamen
951 1909 1124 1979 prima
1180 1908 1391 1979 species
1442 1907 1695 1962 adulterii
1742 1917 1862 1975 est,
1919 1908 2096 1963 virum

515 2003 741 2075 propria
773 2018 944 2057 uxore
973 2000 1319 2057 solummodo
1358 2016 1467 2056 non
1499 2015 1621 2056 esse
1657 2008 1976 2056 contentum
1997 2041 2012 2067 ,
2043 2007 2099 2055 et

515 2096 807 2152 mulierem
839 2108 951 2148 non
992 2092 1213 2162 proprio
1241 2099 1451 2145 tantum
1500 2105 1721 2147 servare
1760 2105 1820 2147 se
1867 2091 2009 2147 viro.
2039 2089 2098 2146 Si

516 2198 648 2254 ergo
680 2189 869 2236 castus
901 2181 1067 2236 fuerit
1095 2181 1241 2252 quis,
1274 2187 1456 2251 potest
1486 2188 1540 2236 et
1563 2181 1836 2237 humanus
1858 2189 1913 2237 et
1941 2182 2102 2238 mise-

515 2276 696 2329 ricors
733 2273 871 2339 fieri,
902 2289 1000 2344 per
1032 2272 1179 2348 quod
1220 2281 1273 2329 et
1298 2273 1416 2343 ipse
1444 2282 1706 2329 aeternam
1735 2290 1767 2328 a
1793 2273 1905 2330 Deo
1930 2275 2099 2330 mise-

520 2366 812 2423 ricordiam
840 2375 1236 2436 consequatur.
1283 2364 1428 2421 Sane
1464 2366 1610 2421 sicut
1652 2366 1906 2423 adulterii
1933 2382 2099 2424 vene-

517 2473 652 2512 num
690 2456 907 2512 cunctis
934 2458 1095 2512 malis
1126 2454 1490 2526 perniciosius
1524 2465 1607 2511 est
1629 2495 1645 2522 ,
1693 2458 1768 2511 ita
1803 2472 1958 2512 amor
1988 2457 2099 2512 fra-

518 2557 710 2607 ternus
749 2558 803 2607 et
833 2550 1077 2606 charitas
1124 2548 1294 2605 totius
1335 2547 1465 2603 boni
1512 2546 1791 2620 fastigium
1834 2557 2001 2605 tenet.
2034 2548 2100 2603 Et

487 2694 490 2696 γ
519 2643 645 2699 ideo
676 2642 885 2713 diligite
915 2656 1109 2697 omnes
1138 2639 1340 2696 fratres
1370 2649 1607 2707 vestros,
1641 2649 1695 2696 et
1722 2656 1849 2696 cum
1880 2642 2099 2715 religio-

518 2751 588 2790 ne
611 2751 675 2791 ac
696 2734 1072 2790 misericordia
1106 2733 1370 2803 respicite
1409 2733 1476 2788 ad
1506 2748 1696 2789 omnes
1722 2734 1790 2789 7°.
1825 2733 2098 2805 Orphanis

522 2828 776 2883 exhibete
797 2826 1162 2896 vosmetipsos
1191 2833 1471 2896 parentes.
1502 2824 1697 2883 Viduis
1727 2827 1969 2882 virorum
2000 2841 2099 2882 cu-

519 2937 636 2975 ram
673 2918 973 2989 impendite
995 2958 1010 2982 ,
1043 2933 1169 2972 cum
1202 2918 1350 2972 omni
1372 2918 1659 2984 castitate,
1690 2934 1813 2990 qua:
1842 2933 2099 2974 necessa-

520 3014 603 3067 ria
631 3020 782 3077 sunt,
811 3011 1140 3081 praebentes.
1171 3008 1426 3066 Iuniores
1458 3018 1643 3066 tamen
1676 3010 1869 3066 viduas
1890 3010 2098 3081 nuptiis

520 3107 791 3175 copulate.
822 3105 919 3159 His
942 3105 1033 3176 qui
1066 3105 1321 3176 ignorant
1348 3105 1600 3170 artificia,
1635 3104 1907 3175 exquirite
1933 3104 2099 3161 bone-
2123 3143 2170 3205 ε

525 3209 643 3256 stas
672 3200 886 3269 aliquas
900 3198 1249 3263 occasiones,
1269 3199 1469 3269 quibus
1495 3198 1699 3255 victum
1725 3199 2095 3267 necessarium

520 3301 767 3360 quaerant
791 3309 805 3357 ;
835 3289 1138 3346 artificibus
1168 3306 1299 3346 vero
1332 3304 1553 3359 operam
1575 3290 1876 3361 providete,
1906 3289 2103 3345 debili-

518 3386 626 3439 bus
648 3382 1085 3438 miscricordiam
1124 3382 1305 3439 facite.
1363 3381 1490 3437 Scio
1539 3390 1722 3437 autem
1764 3382 1881 3437 haec
1916 3382 2099 3437 omnia

521 3474 766 3530 facturos
796 3489 917 3552 vos,
952 3474 999 3529 si
1028 3474 1353 3529 charitatem
1376 3489 1489 3545 prae
1521 3473 1736 3529 caeteris
1760 3481 1814 3529 et
1836 3481 1962 3530 ante
1983 3488 2104 3528 om-

520 3569 614 3623 nia
640 3568 693 3621 in
727 3574 911 3621 vestro
942 3566 1109 3623 corde
1138 3566 1337 3639 ligatis.
1372 3566 1544 3637 Cujus
1573 3566 1863 3622 charitatis
1882 3607 1897 3632 ,
1927 3572 1983 3622 et
2012 3580 2096 3621 rc-

523 3659 806 3731 cipiendae,
829 3669 883 3715 et
905 3660 1192 3726 habendae,
1227 3660 1525 3715 maximum
1550 3661 1655 3715 erit
1684 3659 1985 3715 fomentum
2005 3699 2020 3725 ,
2054 3660 2101 3718 si

524 3753 838 3823 frequenter
863 3753 1006 3809 inter
1028 3753 1395 3822 vosmetipsos
1423 3767 1769 3808 communem
1798 3751 1985 3807 cibum
2018 3767 2105 3807 ve-

523 3852 697 3899 strum
717 3860 1075 3915 mensamque
1116 3845 1351 3911 faciatis,
1379 3852 1433 3900 et
1457 3845 1780 3915 inquantuni
1804 3843 2106 3915 unusquis-

523 3955 630 4009 que
650 3940 927 4010 przevalet,
960 3939 1207 3996 crebrius
1237 3954 1407 4010 panes
1430 3954 1493 3993 ac
1517 3940 1661 3995 sales
1693 3946 1825 3994 Suos
1850 3953 1975 3993 cum
1999 3937 2103 3991 fra-

522 4033 701 4089 tribus
732 4032 849 4088 suis
880 4044 1081 4088 sumat.
1114 4032 1219 4088 Per
1247 4032 1363 4088 haec
1390 4032 1535 4089 enim
1563 4031 1835 4103 praecipue
1862 4031 2102 4087 charitas

522 4132 906 4193 comparatur,
967 4132 1021 4178 et
1065 4138 1230 4179 causa
1286 4125 1455 4179 totius
1500 4124 1630 4178 boni
1675 4123 1732 4177 in
1786 4121 2103 4192 hujusmodi

524 4216 911 4272 communione
949 4217 1225 4272 consistit.
1254 4215 1353 4272 Ubi
1381 4226 1565 4272 autem
1606 4231 1711 4287 pax
1750 4222 1805 4270 et
1846 4213 2098 4277 bonitas,

525 4310 599 4364 ibi
629 4316 683 4365 et
718 4310 889 4366 salus.
940 4309 1171 4380 Propter
1215 4310 1361 4380 quod
1392 4324 1713 4364 communes
1754 4306 1918 4361 facite
1947 4305 2100 4360 cibos

522 4409 742 4457 vestros
769 4417 895 4455 cum
925 4401 1011 4457 his
1039 4403 1132 4472 qui
1168 4401 1469 4457 secundum
1504 4400 1671 4455 Deum
1700 4399 1895 4455 fratres
1930 4404 2059 4452 sunt
2079 4436 2095 4463 ,

2206 531 2349 603 apud
2379 529 2695 600 cognitores
2726 526 2911 583 seaculi
2956 540 3067 581 non
3107 525 3436 596 judicentur;
3477 530 3561 586 sed
3584 534 3697 602 apud

2202 623 2550 694 presbyteros
2572 620 2855 687 Ecclesiae,
2879 618 3146 690 quidquid
3189 618 3318 673 illud
3341 628 3437 683 est,
3460 621 3701 682 dirimatur

2201 721 2254 770 et
2283 714 2428 768 omni
2474 713 2638 767 modo
2666 712 2926 767 obediant
2949 709 3171 766 statutis
3196 725 3396 766 eorum.
3421 710 3578 783 Super
3607 731 3701 770 om-

2200 808 2289 861 nia
2316 813 2495 861 autem
2522 804 2802 860 avaritiam
2836 802 3037 875 fugite;
3066 819 3185 875 quae
3207 803 3442 860 homines
3463 806 3706 865 occasione

2200 899 2486 970 praasentis
2516 897 2655 951 lucri
2686 897 2754 952 ab
2781 896 3001 952 aeternis
3041 902 3255 966 separat
3285 895 3451 952 bonis.
3476 896 3703 967 Pondera,

2203 1007 2510 1056 mensuras,
2547 998 2805 1057 stateras,
2838 1006 2938 1061 pro
2960 989 3097 1045 locis
3122 988 3419 1059 quibusque
3445 989 3705 1061 :equissima

2201 1083 2501 1151 custodite;
2532 1082 2781 1155 deposita
2812 1081 3042 1137 ﬁdeliter
3071 1081 3361 1137 restituite.
3393 1080 3512 1148 Quae
3537 1084 3704 1149 omnia,

2200 1184 2253 1234 et
2283 1178 2328 1233 si
2360 1192 2466 1247 qua
2495 1182 2622 1231 sunt
2675 1175 2876 1230 similia
2928 1174 3048 1239 his,
3092 1173 3165 1228 ita
3192 1171 3402 1228 demum
3444 1173 3645 1230 sollicite
3665 1182 3708 1231 et

2201 1269 2492 1341 diligenter
2517 1267 2813 1339 implebitis
2836 1307 2849 1331 ,
2877 1267 2922 1323 si
2964 1266 3207 1321 futurum
3238 1264 3331 1321 Dei
3351 1265 3591 1335 judicium
3615 1267 3707 1323 sine

2203 1362 2610 1417 intermissione
2658 1361 2713 1415 in
2752 1366 2938 1415 vestro
2985 1358 3150 1413 corde
3178 1358 3421 1414 volvatis.
3452 1355 3572 1424 Quis
3594 1359 3704 1413 enim

2203 1467 2431 1524 peccare
2455 1452 2675 1523 poterit,
2715 1450 2760 1506 si
2790 1464 3005 1520 semper
3035 1455 3161 1503 ante
3186 1448 3373 1503 oculos
3399 1462 3518 1503 suos
3544 1446 3623 1501 Dei
3638 1447 3707 1516 ju-

2201 1548 2405 1604 dicium
2435 1554 2599 1619 ponat
2619 1547 2642 1600 ?
2663 1545 2819 1612 Quod
2839 1545 2901 1614 in
2935 1542 3039 1599 fine
3077 1540 3266 1596 mundi
3296 1547 3495 1596 certum
3519 1546 3593 1595 est
3622 1541 3708 1610 agi-

2203 1638 2451 1704 tandum,
2482 1645 2543 1692 ut
2572 1635 2790 1691 tandem
2818 1634 2910 1707 qui
2941 1634 3080 1689 bene
3118 1632 3177 1687 in
3223 1632 3326 1686 hac
3360 1630 3465 1686 vita
3505 1638 3708 1700 egerunt,

2204 1738 2614 1800 consequantur
2663 1728 2805 1783 bona
2848 1725 3127 1797 reposita;
3156 1729 3467 1795 peccatores
3494 1730 3644 1776 autem
3666 1729 3711 1775 ut

2200 1829 2609 1894 consequantur
2645 1828 2979 1893 praeparatas
3019 1826 3072 1873 et
3109 1814 3418 1872 reconditas
3448 1828 3639 1884 pinnas,
3662 1812 3712 1867 de

2200 1916 2400 1988 quibus
2438 1916 2513 1969 ita
2540 1913 2783 1970 futurum
2810 1912 3061 1967 dubitare
3079 1908 3303 1965 omnino
3324 1921 3429 1963 non
3450 1921 3709 1978 possumus;

2200 2006 2469 2080 siquidem
2522 2006 2639 2061 hac
2682 2005 2869 2061 omnia
2902 2004 2977 2057 ita
3011 2017 3133 2059 esse
3169 2008 3399 2057 ventura
3417 2014 3565 2055 verus
3591 1998 3712 2054 nobis

2198 2099 2468 2171 Propheta
2496 2097 2767 2169 praedixit.
2791 2094 2949 2152 Unde
2984 2104 3039 2151 et
3066 2109 3186 2159 vos,
3222 2093 3315 2165 qui
3346 2091 3475 2148 estis
3500 2089 3597 2146 veri
3618 2103 3711 2160 pro-

2199 2187 2377 2258 pheta:
2423 2184 2716 2255 discipuli,
2759 2184 2979 2254 abjicite
3027 2197 3059 2237 a
3098 2181 3360 2237 cordibus
3398 2179 3581 2236 vestris
3618 2187 3715 2233 ante

2198 2279 2389 2334 omnia
2403 2278 2711 2335 discordias
2729 2286 2783 2333 et
2812 2277 3117 2331 animorum
3141 2275 3524 2339 dissensiones,
3555 2288 3613 2329 ex
3627 2270 3715 2344 qui-

2199 2370 2303 2427 bus
2331 2387 2492 2426 omne
2511 2372 2712 2425 malum
2743 2384 2881 2440 opus
2912 2367 3179 2440 procedit,
3205 2375 3259 2423 et
3289 2364 3645 2436 benignitatem
3668 2377 3716 2418 ac

2200 2462 2603 2532 simplicitatem
2636 2468 2748 2515 tota
2778 2465 2963 2515 mente
2984 2463 3224 2514 servate.
3259 2456 3411 2524 Quod
3437 2455 3481 2511 si
3508 2453 3626 2509 forte
3646 2451 3717 2507 ali-

2198 2552 2361 2624 cujus
2383 2568 2479 2608 cor
2499 2553 2584 2608 vel
2619 2552 2780 2617 livor,
2810 2550 2900 2606 vel
2927 2548 3256 2617 infidelitas,
3286 2549 3371 2603 vel
3406 2544 3600 2618 aliquod
3624 2558 3712 2599 ma.

2200 2646 2313 2701 lum
2357 2661 2426 2701 ex
2473 2645 2560 2701 bis
2598 2660 2719 2716 qua:
2765 2645 3020 2715 superius
3050 2641 3496 2704 memoravimus.
3525 2638 3714 2692 latenter

2200 2740 2517 2810 irrepserit;
2570 2755 2680 2795 non
2705 2740 3026 2804 erubescat,
3054 2736 3147 2809 qui
3192 2735 3389 2791 animae
3429 2749 3533 2791 suae
3566 2745 3715 2787 curam

2199 2832 2356 2902 gerit,
2390 2831 2640 2887 confiteri
2671 2832 2784 2886 haec
2807 2831 2936 2885 huic
2961 2831 3054 2901 qui
3089 2837 3292 2901 prmest
3309 2870 3324 2896 ,
3350 2836 3409 2883 ut
3435 2826 3499 2882 ab
3523 2826 3624 2896 ipso
3642 2839 3715 2895 per

2200 2928 2423 2983 verbum
2492 2926 2587 2980 Dei
2636 2933 2690 2982 et
2736 2925 3027 2982 consilium
3093 2925 3316 2981 salubre
3366 2929 3587 2986 curetur,
3636 2933 3719 2988 quo

2200 3019 2375 3089 possit
2420 3018 2628 3090 integra
2651 3017 2754 3074 fide
2775 3025 2829 3074 et
2871 3017 3127 3088 operibus
3160 3017 3323 3074 bonis
3350 3029 3531 3087 pmnas
3569 3008 3717 3068 aeterni

2200 3112 2344 3184 imis
2386 3112 2645 3184 effugere,
2686 3119 2740 3168 et
2793 3112 2861 3166 ad
2883 3118 3155 3182 perpetua:
3186 3109 3310 3166 vita
3336 3107 3545 3180 praemia
3569 3118 3719 3176 perve-

2199 3203 2340 3257 nire.

2271 3292 2498 3349 Diacom
2531 3308 2661 3349 vero
2689 3291 2949 3350 Ecclesia:
2972 3292 3045 3361 ⁷⁸,
3070 3300 3337 3365 tanquam
3365 3290 3503 3347 oculi
3522 3288 3617 3345 sint
3632 3286 3721 3357 epi-

2200 3388 2352 3460 scepi
2376 3388 2697 3443 oberrantes
2727 3388 2795 3453 ⁷⁸,
2829 3394 2884 3442 et
2915 3387 3434 3443 circumlustrantes
3472 3397 3582 3439 cum
3602 3393 3721 3435 vere.

2202 3478 2403 3532 cundia
2433 3484 2589 3532 actus
2612 3476 2783 3533 totius
2815 3475 3097 3543 Ecclesia,
3132 3486 3189 3532 et
3221 3481 3605 3549 perscrutantes
3627 3468 3724 3524 dili-

2201 3570 2417 3640 gentius
2441 3610 2456 3634 ,
2492 3571 2537 3625 si
2575 3584 2738 3640 quem
2777 3568 2998 3624 videant
3027 3569 3270 3625 vicinum
3301 3568 3415 3624 fieri
3442 3561 3720 3637 praecipitio.

2201 3669 2253 3717 et
2285 3662 2593 3732 proximum
2617 3677 2739 3718 esse
2763 3668 3011 3732 peccato,
3043 3668 3104 3716 ut
3148 3660 3395 3718 referant
3424 3659 3534 3715 base
3555 3656 3613 3711 ad
3631 3655 3723 3725 epi-

2203 3769 2451 3825 scopum,
2484 3761 2537 3809 et
2558 3752 2894 3811 commoneri
2924 3754 2992 3808 ab
3015 3769 3080 3810 eo
3107 3753 3290 3824 possit
3321 3752 3367 3809 is
3389 3750 3478 3823 qui
3506 3750 3556 3804 in
3578 3744 3725 3819 praeci-

2201 3847 2394 3917 pitium
2420 3846 2676 3916 lapsurus
2703 3854 2827 3912 est,
2866 3846 2946 3900 uti
2988 3854 3304 3912 revocetur,
3329 3854 3383 3903 et
3419 3861 3523 3900 non
3549 3846 3726 3898 corruat

2202 3938 2255 3992 in
2287 3943 2588 4008 peccatum.
2613 3936 3042 4009 Negligentiorcs
3063 3937 3109 3969 "
3132 3954 3375 4009 quoque,
3401 3944 3551 3993 eteos
3570 3932 3726 4005 quira-

2201 4028 2317 4084 rius
2341 4028 2406 4083 ad
2439 4027 2767 4082 audiendum
2801 4027 3027 4082 verbum
3051 4026 3145 4082 Dei
3175 4026 3467 4092 accedunt,
3498 4038 3589 4079 nec
3608 4019 3728 4077 solli-

2202 4121 2308 4176 cite
2331 4120 2397 4175 ad
2427 4120 2667 4190 episc0pi
2700 4124 2992 4175 traétatum
3019 4119 3377 4182 conveniunt,
3409 4117 3507 4189 ipsi
3534 4125 3728 4170 commo-

2202 4221 2368 4269 neant
2390 4220 2442 4266 et
2464 4208 2779 4268 hortentur.
2809 4211 2869 4266 Si
2898 4213 3045 4268 enim
3084 4212 3295 4268 assidui
3330 4212 3439 4267 sint
3455 4209 3521 4266 ad
3544 4207 3728 4262 audien-

2203 4304 2355 4371 dum,
2386 4320 2493 4359 non
2532 4306 2707 4359 solum
2738 4304 2861 4359 vitae
2884 4312 3101 4359 aeternae
3136 4320 3205 4359 ex
3244 4303 3450 4359 salubri
3473 4296 3727 4356 commoni-

2204 4400 2348 4453 tione
2372 4397 2593 4467 capiunt
2633 4397 2804 4463 lucra,
2828 4412 3018 4451 verum
3042 4403 3096 4451 et
3138 4410 3479 4466 quaecunque
3517 4393 3609 4447 illa:
3629 4391 3728 4443 sunt

524 4494 656 4563 quia
691 4509 790 4563 per
821 4494 936 4547 haec
961 4495 1280 4563 temporalia
1309 4492 1506 4558 oﬂicia,
1540 4494 1693 4563 pacis
1721 4499 1774 4547 ct
1817 4490 2102 4546 charitatis
2134 4500 2175 4555 Ι)
2205 4492 2440 4547 tristitia:
2468 4492 2549 4545 vel
2590 4506 2875 4555 mmrores,
2909 4506 3028 4561 qua:
3050 4491 3095 4521 "'
3125 4507 3191 4545 ex
3224 4489 3505 4562 prmsentis
3525 4486 3633 4541 vitae
3655 4494 3727 4535 nc-

526 4586 800 4639 fruetibus
829 4584 1027 4655 gaudia
1058 4594 1259 4641 aeterna
1301 4585 1644 4641 merebimini
1678 4584 1746 4637 τί.
1800 4582 1969 4637 Multo
2001 4598 2100 4636 au-

525 4686 637 4732 tem
664 4678 955 4733 sollicitius
986 4678 1294 4733 esurientes
1322 4675 1548 4739 rciicite,
1582 4682 1635 4731 et
1669 4674 1981 4730 sitientibus
2003 4689 2101 4744 po-

526 4780 641 4823 tum
675 4771 821 4833 date,
859 4772 1022 4825 nudis
1052 4772 1476 4835 vestimentum;
1523 4783 1697 4839 aegros
1745 4767 2000 4829 visitate,
2047 4775 2099 4821 et

528 4875 626 4914 eos
654 4861 746 4929 qui
770 4862 823 4914 in
856 4876 1080 4916 carcere
1109 4868 1257 4925 sunt,
1284 4868 1445 4931 prout
1477 4858 1734 4929 possibile
1756 4866 1860 4922 est,
1880 4858 2096 4927 juvate;

528 4954 853 5023 peregrinos
884 4954 1018 5009 satis
1049 4963 1297 5026 prompte
1330 4954 1383 5008 in
1408 4954 1660 5007 domibus
1695 4952 1891 5006 vestris
1922 4950 2102 5006 susci-

531 5045 641 5099 nite
662 5045 731 5100 τ’.
762 5043 827 5098 Ει
860 5061 929 5099 ne
967 5045 1152 5099 omnia
1183 5061 1329 5099 nunc
1356 5046 1671 5116 singulatim
1699 5044 1877 5098 dicam
1899 5087 1913 5110 ,
1946 5059 2106 5099 omne

530 5150 735 5191 bonum
772 5138 889 5208 ipsa
920 5154 1016 5208 per
1046 5155 1104 5194 sc
1135 5138 1203 5210 (si
1237 5139 1293 5194 in
1323 5139 1483 5193 vobis
1521 5136 1705 5209 fuerit)
1737 5137 1979 5191 charitas
2010 5152 2106 5192 vos

532 5231 718 5285 facere
741 5232 995 5297 docebit,
1024 5232 1171 5287 sicut
1200 5240 1253 5286 et
1282 5231 1595 5287 econtrario
1626 5246 1720 5286 eos
1746 5231 1837 5300 qui
1870 5246 1900 5284 a
1931 5230 2108 5286 salute

533 5320 699 5375 alieni
723 5328 873 5387 sunt,
898 5336 1060 5379 omne
1088 5323 1291 5375 malum
1318 5321 1495 5379 facere
1520 5322 1704 5378 odium
1736 5321 1912 5376 docet.

601 5528 643 5559 "'
670 5527 734 5581 Et
768 5530 821 5583 in
860 5534 1007 5588 Decr.
1038 5530 1158 5596 Ivo,
1199 5531 1295 5586 lib.
1349 5548 1447 5596 vn.
1523 5532 1568 5563 ⁸⁸
1608 5528 1886 5584 adornata.

535 5614 621 5664 ep.
648 5599 685 5651 2
726 5598 783 5654 S.
813 5600 1041 5655 Evaristi
1071 5594 1151 5671 pa'
1180 5618 1241 5656 aa.
1317 5604 1362 5634 τ’
1395 5594 1585 5652 Matth.
1635 5618 1760 5655 xxv.

538 5671 649 5721 sia’.
754 5672 799 5702 ⁷⁸
831 5670 1020 5726 Const.
1048 5688 1107 5727 ιι.
1133 5619 1221 5727 fl.
1336 5672 1382 5702 "
1410 5670 1509 5723 Ms.
1535 5669 1760 5727 Nealiael

538 5671 649 5721 sia’.
754 5672 799 5702 ⁷⁸
831 5670 1020 5726 Const.
1048 5670 1107 5735 Ii,

548 5808 589 5839 ⁸¹
624 5810 721 5866 Ms.
754 5808 793 5866 ἀ
828 5808 992 5868 cultu.
1071 5816 1114 5845 '”
1138 5814 1302 5869 Deum
1339 5814 1649 5879 amiserun',
1680 5814 1843 5883 spinis
1881 5828 1958 5865 ac.

1963 5531 2006 5562 θ’
2056 5529 2363 5585 extrudelur
2398 5547 2430 5580 α
2479 5527 2763 5598 regalibus.

1868 5601 1915 5631 ⁷³
1955 5600 2245 5668 Η.‹ιιιειξ5ι.
2292 5600 2347 5659 1,
2388 5598 2559 5667 Siqui
2601 5608 2699 5652 est.

1177 5675 1221 5727 4.
1336 5672 1382 5702 ⁷⁸
1410 5670 1509 5723 Ms.
1535 5669 1971 5741 Negligeiuiores.
2002 5680 2055 5724 ct
2090 5672 2159 5723 ita
2197 5684 2432 5741 semper.

538 5740 584 5769 ""
612 5740 708 5792 Ms.
742 5758 1058 5811 qumcunque
1105 5742 1427 5797 sermonibus
1474 5743 1602 5794 suis.
1679 5740 1724 5772 ⁷⁹
1758 5741 1855 5795 Ms.
1912 5742 2030 5794 tim:
2079 5740 2404 5799 (ειμι-νήπια),
2458 5740 2735 5814 doctrina,
2786 5748 2889 5796 etc.

548 5808 589 5839 ⁸¹
624 5810 721 5864 Ms.
765 5830 793 5864 (ι
828 5812 992 5864 cultu.
1071 5816 1114 5845 ⁸³
1139 5814 1302 5864 Deum
1339 5814 1649 5864 amiserun'.
1680 5814 1843 5864 suinis
1881 5828 1958 5864 ac.
2038 5812 2081 5841 ⁸³
2116 5809 2213 5864 Ms.
2248 5810 2476 5864 diaconi.

2116 5826 2213 5866 MS.
2248 5826 2476 5867 amcam.

2207 4583 2554 4640 cessitatihus
2581 4592 2633 4637 et
2663 4581 2910 4638 cladibus
2933 4592 3237 4653 temporum
3276 4583 3516 4644 veniunt,
3544 4588 3729 4648 qumque

2208 4678 2473 4731 malorum
2507 4676 2852 4732 sermonibus
2895 4676 2942 4706 ⁷⁸
2971 4677 3025 4729 in
3060 4675 3228 4731 corde
3267 4690 3370 4731 suo
3413 4674 3547 4728 velut
3582 4666 3725 4739 jacula

2207 4769 2379 4824 defixa
2428 4768 2861 4834 circumferunt,
2915 4768 3251 4837 abjiciuntur
3287 4768 3467 4822 omnia
3509 4760 3727 4835 przedica-

2205 4863 2353 4916 tione
2376 4862 2639 4928 veritatis,
2670 4869 2722 4916 et
2752 4862 2870 4915 vitae
2886 4872 3099 4917 :eterna:
3120 4862 3373 4917 doctrina
3402 4860 3466 4923 τ’,
3502 4867 3550 4913 et
3585 4849 3725 4910 erudi-

2207 4954 2351 5008 tione
2386 4960 2632 5024 purgata.
2672 4953 2928 5023 Alioquin
2961 4954 3005 5010 si
3034 4954 3211 5008 multo
3241 4961 3484 5023 tempore
3522 4947 3725 5002 auditum

2207 5043 2533 5097 subtrahunt
2556 5058 2586 5097 a
2611 5044 2776 5097 verbo
2797 5042 2913 5110 Dei,
2947 5052 3000 5099 et
3034 5051 3357 5099 remaneant
3383 5044 3429 5074 ⁸⁰
3458 5043 3507 5096 in
3538 5038 3668 5092 cultu
3690 5032 3723 5063 “

2204 5136 2484 5199 vitiorum,
2511 5135 2628 5188 sine
2657 5134 2826 5189 dubio
2850 5136 3022 5205 spinis
3049 5142 3212 5191 erunt
3240 5151 3306 5190 ac
3333 5136 3379 5167 ⁸²
3403 5132 3628 5189 sentibus
3653 5140 3726 5179 oc-

2202 5227 2407 5297 cupati.
2436 5225 2500 5280 Et
2529 5227 2657 5297 quid
2685 5225 2853 5290 aliud,
2886 5226 2995 5281 nisi
3025 5227 3089 5280 ad
3125 5228 3304 5296 ignem
3342 5225 3463 5279 talis
3481 5223 3583 5276 haec
3609 5228 3723 5272 terra

2204 5318 2634 5391 praeparabitur?
2657 5318 2731 5375 De
2764 5319 2849 5374 his
2869 5334 3027 5390 ergo,
3054 5327 3113 5374 ut
3145 5318 3412 5382 diximus,
3441 5309 3664 5370 diaconis
3688 5304 3724 5333 ”

2839 5528 2884 5560 "°
2907 5527 3135 5584 Constit.
3196 5543 3249 5582 Iv
3298 5526 3353 5579 2.
3426 5524 3467 5558 ⁷⁸
3521 5519 3635 5573 Item
3673 5528 3719 5584 tn

2810 5598 2857 5631 ⁷⁸
2899 5599 3149 5654 Distinet.
3204 5599 3299 5664 95,
3330 5593 3541 5651 Diacom'
3573 5583 3722 5640 Eccle-

2540 5670 2584 5699 ⁷⁷
2625 5669 2721 5725 Ms.
2765 5670 2874 5738 qui,
2931 5678 2981 5725 ct
3008 5686 3073 5723 ex
3107 5668 3585 5738 rece_n_tiori_manu
3608 5669 3717 5738 mut.

3001 5738 3047 5773 ⁸ο
3096 5735 3281 5791 inculti
3334 5732 3596 5787 vitiorum,
3631 5731 3715 5779 etc.
