3900 6334
201 314 302 372 ιω
1422 302 1760 360 Εριετοω

1864 300 2281 358 ECRETALES.
3322 310 3426 366 470

195 442 324 484 cura
347 425 438 482 sit.
460 424 568 481 Sed
595 430 650 481 et
668 438 764 482 eos
787 423 879 495 qui
909 420 1207 480 secundum
1227 435 1448 476 carnem
1470 425 1756 490 aegrotant.
1789 420 1836 476 Α
1865 414 2041 470 tiones
2071 414 2202 482 ipsae
2232 412 2277 443 ’δ
2305 411 2465 467 bonis
2494 411 2737 468 moribus
2777 420 2830 468 et
2855 413 3012 470 bonis
3045 417 3301 486 operibus
3333 421 3431 474 ad-

194 518 427 575 wllicite
457 518 796 589 perquirant,
825 525 880 572 et
915 517 1058 589 plebi
1090 517 1160 588 (si
1190 515 1328 571 forte
1358 514 1513 585 plebs
1543 513 1589 544 ⁸⁵
1613 514 1764 582 igno-
1859 504 2141 574 juventur.
2179 503 2285 560 Sed
2319 510 2446 559 ante
2494 505 2677 559 omnia
2717 521 2841 561 cum
2875 508 3056 578 quiete
3085 518 3139 565 et
3179 511 3398 568 silentio
3418 555 3432 578 ,

194 612 297 682 rat)
331 611 574 666 indicent
597 611 662 666 de
689 611 798 678 bis,
841 618 902 665 ut
940 617 994 665 et
1031 609 1136 680 ipsi
1164 608 1386 663 visitent
1413 623 1529 670 eos,
1562 613 1764 675 etquae

191 706 504 762 necessaria
528 713 678 769 sunt,
715 706 992 775 praebeant
1020 705 1099 760 eis
1125 719 1249 759 cum
1279 702 1616 757 conscientia
1640 699 1761 769 ejus

189 798 278 867 qui
323 807 535 868 praeest.
575 797 731 864 Quod
762 797 806 828 ⁸⁵
833 805 1013 852 tamen
1043 795 1210 851 etiam
1242 795 1288 848 si
1321 795 1458 848 clam
1492 792 1758 857 fecerint,

190 905 297 944 non
331 891 656 960 peccabunt,
687 889 781 944 sed
831 899 885 943 et
913 889 978 944 de
1009 888 1340 959 peregrinis'
1367 886 1615 941 similiter
1644 884 1762 955 epi-

189 996 358 1049 scopo
419 986 708 1052 suggerant
742 978 1086 1045 refovendis;
1119 985 1171 1032 et
1199 987 1392 1033 etetera
1422 976 1507 1031 his
1540 976 1757 1038 similia,

187 1086 308 1141 quae
351 1070 418 1124 ad
457 1071 661 1125 cultum
688 1068 942 1124 Ecclesiae
984 1077 1039 1125 et
1079 1068 1422 1140 disciplinam
1450 1068 1569 1139 ejus
1594 1066 1760 1137 pertio

187 1175 342 1228 nent,
371 1163 617 1218 diaconis
647 1179 790 1219 cura:
815 1163 925 1218 sint
955 1163 1020 1218 ⁸⁸.
1068 1162 1172 1228 Qui
1203 1163 1563 1227 catechizant,
1596 1161 1650 1215 id
1679 1170 1762 1216 est

185 1254 273 1322 qui
311 1253 484 1308 verbo
512 1253 790 1309 instruunt
821 1254 1147 1324 incipientes
1168 1293 1184 1319 ,
1220 1254 1397 1326 primo
1431 1261 1666 1324 oportet,
1701 1260 1760 1307 ut

185 1344 284 1414 ipsi
327 1345 580 1399 instructi
609 1345 718 1400 sint
743 1364 758 1413 ;
789 1346 855 1400 de
877 1346 1057 1400 anima
1084 1347 1227 1402 enim
1253 1347 1431 1418 agitur
1452 1346 1757 1402 hominum.

184 1438 242 1494 Et
275 1446 501 1509 oportet
528 1455 650 1494 eum
679 1439 770 1510 qui
802 1439 960 1495 docet
988 1449 1042 1495 et
1066 1441 1291 1495 instruit
1313 1440 1524 1497 animas
1555 1441 1719 1497 rudes
1739 1481 1756 1508 ,

183 1549 306 1590 esse
338 1533 536 1598 talem,
568 1541 627 1586 ut
657 1548 755 1603 pro
788 1533 1005 1605 ingenio
1032 1534 1361 1591 discentium
1403 1536 1758 1607 semetipsum

185 1623 362 1692 possit
393 1630 601 1693 aptare,
624 1632 676 1678 et
705 1624 853 1678 verbi
888 1625 1132 1681 ordinem
1157 1641 1256 1696 pro
1287 1626 1556 1683 audientis
1597 1641 1760 1697 capa-

185 1720 352 1772 citate
391 1718 648 1789 dirigere.
684 1718 855 1774 Debet
881 1734 1011 1790 ergo
1041 1720 1158 1790 ipse
1191 1722 1465 1792 praecipue
1497 1723 1544 1755 ⁸⁷
1569 1725 1755 1795 appri-

185 1826 260 1864 me
295 1825 428 1864 esse
457 1809 706 1864 eruditus
727 1816 781 1864 et
810 1809 1006 1865 doctus
1029 1849 1044 1874 ,
1079 1810 1605 1881 irreprehensibilis,
1635 1827 1756 1867 ma-

186 1909 366 1965 turus,
399 1900 728 1970 impavidus,
768 1900 1032 1971 sicutipsi
1056 1902 1358 1972 probabitis
1379 1902 1494 1958 fore
1516 1902 1760 1959 Clemen-

185 2004 287 2045 tem
328 1991 475 2045 hunc
498 2001 620 2061 post
645 2007 751 2047 me.
790 1990 1016 2047 Multum
1045 2001 1130 2049 est
1162 2001 1365 2061 autem,
1397 1996 1446 2052 si
1474 2011 1576 2067 ego
1611 2012 1759 2054 nunc

185 2087 245 2139 de
284 2086 550 2156 singulis,
581 2095 701 2157 Quae
723 2089 1101 2161 unusquisque
1127 2089 1333 2147 habere
1368 2091 1564 2150 debeat
1583 2133 1600 2162 ,
1631 2109 1760 2164 pro-

186 2191 408 2246 sequar.

249 2268 644 2327 Verumtamen
673 2272 806 2328 illud
842 2282 925 2330 est
950 2275 1230 2347 quodpne
1253 2280 1465 2336 cmteris
1485 2279 1556 2336 ab
1584 2281 1762 2337 omni-

185 2361 292 2415 bus
323 2362 476 2418 vobis
505 2364 664 2432 cupio
687 2364 739 2418 in
769 2379 1056 2420 commune
1075 2367 1300 2434 servari,
1326 2376 1386 2422 ut
1412 2369 1759 2425 concordiam

187 2453 448 2517 teneatis,
479 2471 571 2523 per
599 2455 743 2524 quod
775 2456 949 2511 solum
981 2457 1026 2488 ⁸³
1055 2459 1284 2527 potestis
1315 2469 1531 2529 portum
1557 2461 1773 2532 quietis.

187 2539 420 2605 intrare,
447 2549 498 2596 et
523 2543 792 2599 civitatem
818 2547 1016 2600 summi
1043 2549 1205 2619 regis,
1231 2565 1351 2620 quae
1381 2566 1486 2621 pax
1505 2553 1757 2608 nomina-

187 2639 294 2696 tur,
325 2633 577 2690 habitare
605 2635 671 2690 ⁸⁹.
706 2635 971 2693 Similis.”
1008 2655 1241 2712 namque
1262 2650 1347 2698 est
1376 2651 1550 2702 status
1579 2647 1762 2703 omnis

189 2722 451 2780 Ecclesiae
498 2742 708 2798 magna:
755 2731 915 2794 navi,
965 2748 1086 2802 qua:
1108 2749 1204 2803 per
1235 2735 1504 2792 undosum
1535 2739 1758 2810 pelagus

188 2815 424 2870 diversis
446 2833 476 2870 e
508 2817 644 2873 locis
671 2827 725 2873 et
748 2821 1062 2890 regionibus
1094 2823 1242 2880 viros
1271 2832 1469 2895 portat,
1496 2829 1564 2882 ad
1595 2845 1757 2884 unam

189 2907 431 2973 potentis
457 2909 607 2977 regni
635 2909 822 2964 urbem
849 2926 1141 2981 properare
1170 2914 1473 2984 cupientes.
1515 2913 1595 2970 Sit
1628 2932 1760 2988 ergo

190 3000 338 3053 navis
366 2998 539 3068 hujus
569 3000 828 3057 Dominus
854 3003 922 3068 “,
951 3003 1066 3074 ipse
1095 3005 1438 3076 omnipotens
1473 3008 1632 3077 Deus,
1659 3025 1759 3081 gu-

192 3089 450 3145 bernator
473 3107 604 3146 vero
635 3093 706 3147 sit
729 3093 998 3151 Christus.
1036 3096 1172 3152 Tum
1198 3099 1393 3155 deinde
1426 3110 1657 3171 proreta:
1678 3103 1762 3158 of-
1790 3105 1831 3161 C

192 3183 370 3238 licium
429 3185 719 3256 episcopus
776 3187 1030 3258 impleat,
1083 3192 1385 3262 presbyteri
1434 3203 1761 3264 nautarum,

188 3274 409 3329 diaconi
441 3275 882 3344 dispensatorum
915 3279 1092 3333 locum
1116 3289 1332 3336 teneant
1367 3300 1380 3337 :
1415 3282 1470 3336 hi
1501 3284 1595 3354 qui
1617 3293 1764 3340 cate-

190 3367 434 3432 chizant,
466 3369 776 3439 nautologis
821 3371 1208 3440 conferantur;
1256 3375 1489 3445 epibatis
1536 3386 1716 3434 autem
1745 3423 1759 3447 ,

191 3459 355 3515 totius
391 3458 753 3517 fraternitatis
778 3465 1066 3519 multitudo
1091 3466 1284 3522 similis
1307 3468 1412 3536 sit;
1436 3470 1612 3540 ipsum
1634 3490 1766 3544 quo-

188 3566 287 3618 que
311 3568 473 3607 mare
494 3552 584 3606 hic
616 3554 850 3611 mundus
874 3555 1138 3611 habeatur
1170 3578 1181 3612 :
1217 3569 1498 3615 ventorum
1521 3579 1646 3619 vero
1666 3581 1760 3621 va-

189 3646 415 3700 rietates
443 3655 499 3700 et
533 3646 811 3701 turbinum
833 3687 849 3710 ,
881 3648 1112 3705 diversis
1154 3654 1547 3712 tentationibus
1577 3660 1762 3716 confe-

187 3749 426 3793 rantur:
475 3741 913 3810 persecutiones,
966 3743 1346 3802 tribulationes
1387 3758 1440 3804 et
1485 3753 1758 3820 pericula.

186 3830 452 3885 fluctibus
491 3839 864 3900 exaequentur.
910 3831 1135 3888 Terrcni
1185 3852 1313 3892 vero
1358 3841 1618 3910 spiritus,
1667 3847 1761 3915 qui

187 3920 263 3973 vel
296 3920 369 3975 de
393 3921 754 3984 torrentibus,
780 3921 865 3976 vel
887 3921 954 3976 de
981 3924 1319 3981 convallibus
1343 3927 1572 3997 spirant,
1600 3946 1763 4000 pseu-

184 4012 653 4082 doprOphetarum
685 4022 738 4068 et
767 4014 1138 4083 seductorum,
1169 4033 1263 4074 seu
1294 4035 1473 4089 prava:
1503 4021 1763 4078 doctrina:

183 4104 355 4156 verba
394 4103 669 4158 ducantur
696 4105 742 4135 9'
778 4124 790 4159 :
824 4109 1192 4174 promontoria
1222 4125 1354 4165 vero
1383 4122 1439 4166 et
1472 4112 1592 4168 loca
1625 4129 1760 4170 con-

186 4193 433 4266 fragosa,
471 4195 525 4249 bi
551 4195 644 4264 qui
680 4196 734 4250 in
765 4199 1127 4266 potestatibus
1155 4202 1342 4257 saeculi
1368 4211 1498 4260 sunt
1522 4205 1758 4276 judices,

185 4298 238 4342 et
265 4289 518 4359 pericula
553 4290 833 4343 minantur
861 4299 913 4345 et
945 4300 1169 4349 mortes.
1220 4294 1526 4354 Dithalassa
1559 4299 1605 4331 ”
1632 4317 1763 4358 vero

185 4381 306 4433 loca
327 4420 343 4444 ,
379 4394 506 4450 quae
533 4378 844 4449 duplicibus
891 4383 1048 4438 undae
1082 4384 1292 4442 fallacis
1312 4389 1540 4446 testibus
1572 4395 1763 4450 verbeo

184 4480 410 4536 rantur,
445 4472 629 4526 dubiis
660 4481 860 4537 mente,
900 4482 955 4528 et
993 4474 1060 4531 de
1102 4478 1589 4547 repromissionum
1622 4486 1764 4540 veri-
1797 4453 1840 4507 θ

183 4573 297 4618 tate
327 4563 661 4623 nutantibus
684 4566 1059 4632 conferantur,
1093 4577 1257 4640 atque
1286 4572 1374 4628 his
1413 4575 1506 4643 qui
1547 4575 1765 4634 irratio-

185 4656 362 4709 nabili
395 4655 554 4710 ﬁdem
590 4666 835 4713 nostram
861 4660 1073 4715 ratione
1102 4661 1426 4722 discutiunt.
1457 4665 1764 4739 Hypocritaa

187 4759 378 4804 autem
399 4757 453 4803 et
468 4749 664 4817 dolosi,
690 4751 882 4822 piratis
910 4752 1117 4808 similes
1147 4753 1466 4814 habeantur.
1493 4760 1610 4816 Jam
1635 4780 1764 4821 vero

186 4841 426 4908 rapidus
458 4848 666 4906 vortex,
698 4849 753 4897 et
793 4849 1034 4899 tartarea
1061 4845 1368 4917 Charybdis
1388 4889 1403 4913 ,
1435 4861 1487 4906 et
1514 4855 1666 4909 saxis
1694 4856 1762 4909 il.-

186 4932 292 4986 lisa
339 4932 652 5004 naufragia,
705 4949 769 4990 ac
804 4936 1098 4992 mortiferae
1137 4939 1583 5009 submersiones,
1633 4949 1764 5016 quid

188 5023 341 5079 aliud
401 5027 717 5082 aestimanda
781 5038 945 5094 sunt,
1021 5045 1184 5101 quam
1244 5036 1508 5102 peccata?
1566 5037 1758 5094 Restat

187 5119 365 5189 igitur
394 5159 408 5184 ,
482 5127 541 5172 ut
603 5119 717 5174 haec
769 5122 923 5176 navis
979 5137 1142 5178 cursu
1175 5141 1438 5196 prospero
1482 5137 1594 5184 tuta
1636 5149 1764 5202 pos-

188 5215 262 5265 sit
295 5218 518 5281 portum
560 5211 879 5268 desiderata:
913 5215 1065 5270 urbis
1112 5217 1317 5273 intrare
1339 5258 1353 5281 ,
1393 5221 1465 5274 ita
1502 5221 1613 5278 Deo
1642 5240 1766 5294 pre-

189 5314 313 5354 cem
352 5299 579 5356 fundere
609 5303 945 5373 navigantes,
983 5314 1042 5359 ut
1073 5317 1387 5364 mereantur
1417 5314 1613 5371 audiri.
1649 5318 1762 5370 An-

189 5391 300 5448 diri
335 5401 518 5449 autem
542 5410 574 5448 a
601 5394 712 5451 Deo
740 5397 814 5450 ita
836 5396 1051 5452 demum
1084 5400 1380 5457 merebitur
1401 5406 1545 5472 quis,
1571 5409 1616 5462 si
1642 5424 1767 5464 ora-

277 5578 328 5614 ιι
365 5576 440 5631 Ex
469 5593 579 5654 m5,_
618 5580 736 5635 dele
789 5581 931 5654 pler
979 5652 989 5654 _
1031 5583 1078 5614 ⁸⁸
1110 5583 1245 5638 Dist.
1283 5585 1384 5644 95,
1413 5587 1634 5646 Draconi
1666 5594 1938 5654 Ecclesiw.

193 5647 240 5679 ⁸³
305 5663 463 5718 quam
498 5651 690 5703 solam.

194 5718 237 5789 ξ’
268 5721 514 5775 Ariaclet.
541 5722 700 5789 epist.
739 5721 789 5782 l.
812 5721 1001 5778 Const.
1046 5741 1104 5785 ιι,
1130 5725 1218 5778 6i.
1296 5727 1340 5758 θ’

1863 594 2095 665 epibatae
2123 596 2198 668 (id
2230 607 2314 652 est
2344 595 2496 667 laici)
2529 597 2584 650 in
2615 598 2732 654 suis
2755 601 3133 672 unusquisque
3163 606 3438 663 resideant

1862 684 2034 752 locis,
2070 702 2140 742 ne
2173 685 2312 741 forte
2361 702 2458 756 per
2500 686 2929 757 inquietudinem
2956 731 2972 756 ,
3026 699 3081 746 et
3127 693 3437 753 inconditos

1862 775 2194 846 inutilesque
2234 777 2521 833 discursus
2542 819 2557 845 ,
2601 777 2647 832 si
2677 780 2883 849 passim
2912 781 3100 853 vagari
3129 788 3396 855 coeperint
3420 830 3432 851 ,

1863 868 1946 922 vel
1971 867 2039 922 ab
2068 869 2244 923 officio
2279 884 2381 924 suo
2419 876 2617 925 nautas
2647 870 2982 941 impediant,
3011 875 3094 928 vel
3119 875 3171 929 in
3203 878 3433 933 alterum

1861 960 2005 1016 latus
2054 975 2151 1030 per
2202 959 2637 1030 inquietudinem
2683 975 2875 1015 eorum
2921 964 3078 1020 navis
3112 983 3299 1036 pressa
3341 971 3436 1024 de-

1861 1058 2160 1122 mergatur.
2189 1049 2475 1123 Nautologi
2497 1053 2567 1109 de
2590 1054 2933 1110 mercedibus
2950 1055 2996 1088 "
3021 1071 3431 1126 commoneant;

1860 1149 1914 1196 et
1939 1142 2075 1196 nihil
2106 1142 2333 1198 omnino
2370 1145 2516 1212 quod
2555 1144 2622 1198 ad
2657 1143 2997 1214 diligentiam
3035 1147 3122 1203 vel
3159 1150 3225 1203 ad
3269 1151 3434 1206 disci—

1859 1233 2063 1302 plinam
2104 1234 2360 1304 pertinet,
2391 1234 2606 1291 diaconi
2639 1236 2937 1307 negligant.
2967 1235 3277 1310 Presbyteri
3327 1242 3434 1296 vel-

1833 1329 1923 1377 i‘ut
1964 1330 2144 1378 nauta:
2173 1331 2360 1396 aptent
2389 1326 2602 1397 singula
2638 1327 2705 1380 ad
2732 1326 3148 1383 instructionem
3177 1329 3332 1383 navis
3354 1330 3436 1382 di-

1859 1410 2126 1482 ligenter,
2174 1419 2229 1468 et
2275 1415 2550 1470 instruant
2596 1431 2716 1488 quae
2755 1417 2811 1471 in
2839 1432 2941 1472 suo
2980 1411 3222 1488 tempore
3254 1419 3437 1490 requi-

1858 1502 2029 1558 renda
2062 1511 2212 1559 sunt.
2239 1502 2546 1576 Episcopus
2574 1513 2834 1577 tanquam
2860 1515 3116 1577 proreta,
3150 1507 3438 1578 vigilanter

1859 1601 1914 1647 et
1951 1594 2182 1649 sollicite
2230 1595 2615 1666 gubernatoris
2664 1597 2828 1653 verba
2880 1598 3153 1653 custodiat
3206 1599 3434 1655 Christi.

1864 1682 2118 1740 Salvator
2148 1685 2412 1743 Dominus
2456 1688 2794 1760 gubernator
2832 1688 3092 1746 Ecclesia:
3126 1707 3272 1755 suae,
3314 1691 3438 1746 dili-

1788 1763 1835 1824 B
1861 1783 2018 1846 gatnr
2043 1777 2110 1832 ab
2137 1777 2414 1842 omnibus,
2439 1790 2491 1834 et
2522 1779 2696 1849 ipsius
2721 1780 2894 1836 solius
2913 1781 3201 1851 prazceptis
3226 1795 3290 1835 ac
3315 1781 3435 1850 jus-

1864 1867 1943 1922 sis
1982 1867 2169 1923 credat
2197 1875 2252 1923 et
2283 1868 2499 1924 obediat
2530 1869 2708 1925 omnis
2748 1868 3015 1927 Ecclesia.
3068 1870 3179 1925 Deo
3221 1886 3438 1941 quoque

1863 1956 2241 2013 indesinenter
2264 1959 2600 2029 supplicetur
2633 1975 2664 2013 a
2707 1960 2924 2015 cunctis
2958 1959 3024 2014 de
3067 1959 3428 2031 prosperitate

1863 2057 2191 2118 ventorum,
2231 2057 2290 2105 ut
2319 2051 2639 2121 navigantes
2684 2066 2902 2107 omnem
2945 2052 3351 2108 tribulationem
3383 2062 3434 2107 et

1862 2158 2025 2198 omne
2065 2143 2372 2217 periculum
2418 2152 2712 2213 superent,
2744 2153 3006 2215 tanquam
3036 2159 3185 2199 mare
3211 2144 3436 2215 profun-

1862 2234 1992 2289 dum
2016 2233 2203 2289 mundi
2236 2234 2396 2290 istius
2418 2243 2471 2289 et
2499 2236 2626 2288 vita:
2657 2235 2906 2290 humanae
2930 2237 3150 2307 pelagus
3177 2237 3439 2307 navigat»

1862 2332 1966 2390 tes,
2002 2323 2059 2378 in
2088 2340 2196 2396 quo
2224 2323 2576 2380 esuriendum
2606 2323 2678 2377 sit
2705 2331 2759 2378 et
2784 2323 3103 2388 sitiendum,
3135 2321 3436 2377 nuditatem

1861 2431 2077 2486 quoque
2111 2414 2418 2480 ferendam,
2454 2415 2676 2470 morbos
2708 2415 2867 2469 etiam
2911 2415 3160 2485 corporis
3199 2423 3250 2468 et
3277 2416 3436 2484 ξιξετί-

1862 2504 2081 2559 tudines
2113 2503 2453 2559 tolerandas.
2480 2502 2707 2573 Insuper
2734 2512 2787 2559 et
2817 2503 3098 2558 hominum
3132 2504 3344 2560 insidiis
3373 2519 3436 2556 ac

1862 2594 1990 2650 dolo
2010 2607 2152 2664 saepe
2180 2593 2565 2660 laborandum,
2605 2594 2806 2664 quippe
2833 2595 2926 2665 qui
2958 2595 3349 2666 dispergendos
3378 2590 3464 2650 se'

1863 2700 2254 2759 nonnunquam
2284 2686 2556 2754 noverint,
2581 2686 2677 2742 sed
2704 2686 2998 2756 aliquando
3021 2687 3185 2742 etiam
3209 2703 3438 2759 congre-

1863 2755 2092 2845 gandos,
2125 2774 2367 2829 vomitus
2396 2789 2614 2845 quoque
2643 2781 2697 2829 et
2723 2755 3101 2844 sugillationes
3147 2755 3398 2828 ferendas
3419 2814 3434 2832 .

1864 2879 1988 2919 cum
2019 2879 2086 2920 ex
2107 2863 2433 2921 confusione
2462 2873 2812 2936 peccatorum
2842 2872 2894 2919 et
2931 2864 3230 2935 rejectione
3257 2865 3438 2919 crimi-

1863 2973 2014 3022 num,
2039 2957 2185 3012 velut
2215 2956 2354 3011 male
2376 2957 2688 3029 congregati
2734 2956 2789 3010 in
2822 2957 3126 3013 visceribus
3151 2958 3289 3014 fellis
3309 2998 3322 3023 ,
3353 2959 3438 3029 ja-

1866 3056 2022 3100 ctura
2055 3044 2302 3100 facienda
2338 3052 2423 3102 est
2446 3087 2460 3114 ,
2504 3053 2558 3101 et
2602 3045 2907 3115 abjicienda
2956 3063 3182 3117 prorsus
3215 3063 3245 3103 e
3276 3049 3439 3103 corde

1867 3135 2046 3191 omnis
2072 3135 2407 3191 intrinsecus
2437 3151 2558 3206 qua:
2604 3136 2735 3190 latet
2778 3137 3084 3192 amaritudo
3113 3140 3359 3208 peccati,
3390 3138 3438 3194 si

1864 3242 1971 3297 qua
2001 3228 2139 3283 forte
2161 3244 2228 3284 ex
2249 3228 2540 3284 desideriis
2564 3229 2786 3299 iniquis,
2819 3230 2964 3285 velut
2980 3245 3046 3285 ex
3079 3231 3215 3286 cibis
3236 3231 3437 3298 noxiis,

1864 3326 2192 3388 congregata
2227 3329 2330 3374 est.
2365 3319 2538 3386 Quam
2570 3320 2762 3390 utique
2809 3335 2934 3374 cum
2974 3324 3278 3378 evomuerit
3313 3325 3438 3395 quis

1864 3416 1916 3463 et
1953 3409 2238 3478 abjecerit,
2271 3410 2506 3482 ingentis
2525 3410 2861 3481 aegritudinis
2886 3412 3204 3467 liberabitur
3225 3416 3435 3479 morbo,

1868 3500 1914 3553 si
1946 3509 2127 3555 tamen
2159 3510 2282 3571 post
2323 3501 2586 3555 vomitum
2610 3541 2624 3566 ,
2659 3516 2780 3572 qua:
2820 3501 2885 3555 ad
2933 3503 3222 3559 sanitatem
3272 3506 3440 3576 perti-

1867 3599 2020 3655 nent,
2055 3599 2256 3647 sumat.
2301 3591 2688 3649 Verumtamen
2739 3593 2934 3649 scitote
2970 3598 3152 3649 cuncti
3179 3596 3259 3662 ’°,
3292 3599 3436 3665 quod

1865 3696 2028 3750 supra
2078 3696 2268 3736 onmes
2315 3697 2413 3736 vos
2457 3683 2670 3738 laboret
2724 3684 3047 3754 episcopus;
3097 3685 3223 3756 quia
3269 3703 3439 3743 unus-

1864 3772 2096 3843 quisque
2126 3781 2366 3827 vestrum
2404 3789 2563 3827 suum
2593 3775 2873 3844 proprium
2904 3775 3008 3829 fert
3036 3777 3276 3833 laborem
3296 3821 3311 3846 ,
3349 3781 3438 3834 ille

1863 3880 1995 3920 vero
2025 3871 2078 3919 et
2106 3880 2266 3920 suum
2304 3873 2357 3919 et
2388 3866 2748 3936 singulorum.
2784 3867 3012 3940 PrOpter
3042 3870 3208 3941 quod,
3247 3888 3281 3926 o
3315 3874 3439 3928 Cle-

1864 3972 2040 4020 mens,
2093 3962 2354 4027 tanquam
2395 3958 2488 4027 qui
2523 3960 2777 4015 omnibus
2807 3977 3042 4031 praesse
3088 3971 3142 4018 te
3179 3967 3396 4020 noveris
3420 4007 3434 4033 ,

1864 4046 2114 4118 singulos
2139 4047 2323 4119 (prout
2369 4049 2633 4121 potueris)
2659 4050 2811 4121 juva,
2844 4060 2898 4107 et
2946 4055 3192 4124 singulos
3225 4057 3434 4124 releva,

1864 4140 1956 4210 qui
2007 4147 2062 4195 et
2119 4141 2459 4210 singulorum
2508 4157 2648 4197 onus
2671 4151 2724 4198 et
2770 4144 3196 4201 sollicitudinem
3228 4155 3432 4218 portas.

1866 4225 2020 4283 Unde
2059 4235 2114 4283 et
2141 4244 2241 4300 ego
2273 4245 2418 4284 nunc
2450 4231 2591 4286 hanc
2621 4232 2718 4286 tibi
2750 4231 3041 4305 injungens
3075 4236 3438 4307 dispensatio-

1864 4333 2010 4382 nem,
2039 4319 2156 4373 scio
2187 4321 2315 4390 quia
2357 4321 2571 4391 accipio
2601 4324 2831 4393 gratiam
2862 4327 3034 4394 magis
3054 4367 3068 4390 ,
3099 4343 3261 4398 quant
3297 4346 3437 4402 pra:-

1865 4417 1971 4463 sto.
2007 4408 2115 4464 Sed
2155 4418 2274 4466 esto
2319 4411 2599 4467 confidens
2632 4420 2685 4468 et
2724 4413 2938 4470 fortiter
2991 4416 3205 4482 ferens;
3252 4429 3436 4477 certus

1869 4499 1996 4568 quia
2022 4500 2225 4556 laboris
2256 4501 2336 4555 ttii
2363 4503 2616 4557 meritum
2645 4505 2876 4575 recipies
2897 4549 2911 4572 ,
2953 4522 3078 4562 cum
3119 4510 3187 4562 ad
3217 4520 3434 4581 portum

1869 4592 2074 4664 quietis
2130 4593 2460 4651 incolumem
2520 4595 2662 4652 hanc
2711 4601 3026 4669 provexeris
3081 4617 3296 4659 navem.
3358 4605 3437 4661 lbi

1871 4687 2151 4744 mercedes
2175 4697 2229 4744 et
2262 4691 2483 4760 praemia
2519 4707 2618 4762 pro
2647 4695 2893 4748 omnium
2926 4697 3101 4752 salute
3133 4701 3433 4770 suscipies,

1873 4779 1921 4835 si
1949 4779 2039 4833 hic
2064 4796 2164 4850 pro
2192 4782 2435 4836 omnium
2468 4783 2845 4840 incolumitate
2889 4788 3216 4858 vigilaveris.
3251 4791 3437 4865 Itaque

1874 4871 1919 4926 si
1946 4877 2000 4926 te
2035 4873 2190 4927 multi
2209 4888 2239 4928 e
2275 4872 2535 4929 fratribus
2561 4885 2787 4946 propter
2811 4879 3044 4948 rigorem
3064 4882 3292 4951 justitiaz
3313 4886 3437 4940 odio

1873 4961 2184 5027 habuerint,
2220 4979 2284 5018 ex
2315 4965 2417 5020 hoc
2441 4967 2658 5035 quidem
2690 4983 2797 5022 non
2838 4969 3069 5037 laedet-is,
3099 4974 3191 5029 sed
3228 4992 3292 5030 ex
3334 4977 3438 5031 hu.

1866 5053 2169 5122 juscemodi
2198 5055 2340 5112 odiis
2373 5074 2526 5112 amor
2552 5059 2647 5114 tibi
2679 5063 3062 5121 conciliabitur
3081 5066 3200 5125 Dei.
3226 5068 3290 5122 Et
3315 5070 3438 5126 ideo

1872 5155 2057 5217 satage
2079 5149 2251 5219 magis
2272 5158 2326 5204 et
2349 5151 2559 5222 refuge,
2588 5169 2654 5208 ne
2677 5155 2914 5212 lauderis
2946 5159 3013 5214 ab
3043 5160 3268 5230 iniquis,
3293 5170 3346 5216 et
3369 5179 3439 5219 ne

1872 5254 1900 5292 a
1937 5239 2177 5308 pessime
2223 5243 2510 5312 agentibus
2546 5245 2825 5317 diligaris;
2875 5251 2970 5308 sed
3004 5253 3184 5322 potius
3215 5262 3439 5324 prOpter

1866 5329 2072 5398 justam
2103 5329 2567 5401 dispensationem
2601 5336 2679 5403 ⁸⁷,
2711 5347 2767 5394 et
2794 5342 3160 5410 aequissimam
3193 5348 3436 5415 regulam

1874 5418 2206 5491 disciplinaz.
2256 5438 2283 5476 a
2331 5423 2553 5482 Christo
2581 5431 2876 5486 collaudari
2925 5438 3185 5491 merearis
3211 5438 3276 5491 ’⁸.
3313 5439 3435 5494 llaec

2023 5602 2067 5632 ⁸⁵
2089 5601 2187 5683 his.
2214 5621 2342 5660 cura
2374 5617 2487 5685 {fl._
2543 5609 2679 5685 ⁸⁷,1ιι
2706 5627 2808 5685 ms.
2847 5613 3000 5669 abest
3028 5630 3130 5670 vox
3152 5620 3430 5685 prazcipue.

1484 5662 1494 5671 .
1878 5651 1904 5652 η
1927 5651 1935 5654 -
2089 5651 2187 5658 ω--.
2214 5651 2292 5657 -η-
2313 5651 2342 5660 -
2374 5651 2463 5662 νον.
2624 5651 2679 5665 non
2706 5651 2808 5667 una.
2847 5651 3000 5669 unua.
3037 5651 3130 5670 νυΔ
3152 5651 3200 5685 με
3216 5651 3430 5685 ιιιιμιισ.

805 5651 1340 5754 “(illeidnudant.v0):n
1371 5658 1634 5754 habttarle,
1694 5682 1792 5754 nec
1823 5670 2076 5754 _legit'un
2111 5674 2164 5754 in
2203 5691 2305 5730 nis.
2369 5677 2428 5754 A’”
2463 5676 2560 5754 _lvo
2599 5681 2651 5735 in
2713 5683 2892 5737 Decret
2963 5696 3102 5754 part.
3167 5703 3245 5749 ιιι,
3297 5704 3346 5743 c.
3379 5691 3430 5744 i.

368 5739 700 5814 pnqiet.oepist.
739 5739 1001 5814 1.1:on5t.
1038 5741 1104 5814 ιι,
1130 5739 1218 5778 bl.
1273 5739 1340 5814 ,γ’
1410 5742 1702 5814 tacentur.”
1744 5739 1790 5768 ’3
1822 5739 1919 5814 bis.
1968 5741 2294 5814 {fil/talassa.
2369 5747 2414 5778 ³⁸
2457 5747 2620 5814 ipsius
2696 5753 2740 5783 9'
2778 5739 3059 5810 mercibus.

195 5787 230 5841 2
286 5791 466 5859 epist.‘
528 5787 959 5859 9⁷’ὃιε.]ηειὲιξιιξ
1019 5795 1476 5858 dispensationem
1556 5803 1599 5833 ’5
1659 5787 1755 5860 fies

1864 5787 1916 5862 ἐξ
1960 5787 2432 5882 ῐνέὶίῖὲ’ζ””ιῖξ”4ιδ.

3135 5759 3178 5790 ’⁸
3196 5757 3428 5815 Evarist.
