3900 6334
509 290 606 344 471

1359 260 1417 342 s.
1454 283 1844 341 CLEMENTIS
1883 286 1901 339 ι
1941 283 2109 339 non.
2147 284 2342 341 rom.
2387 283 2614 341 omna
2652 284 2877 342 ouem.
3584 300 3667 354 λῃ

510 420 635 460 cum
668 402 917 467 dixisset,
949 401 1106 457 ethis
1138 399 1339 456 similia
1359 416 1522 470 quam
1553 402 1808 471 plurima,
1853 414 2071 456 rursum
2101 407 2147 462 Α
2172 400 2443 465 Clemens,
2473 416 2656 458 coram
2687 403 2942 456 omnibus
2991 402 3083 472 qui
3127 414 3410 472 praesentes
3454 416 3591 472 sunt,
3621 424 3668 468 ut

510 490 810 565 respiciens
840 492 906 546 ad
932 491 1211 560 populum,
1241 488 1376 543 dixit
1412 508 1425 543 :
1471 487 1575 543 Sed
1615 497 1668 543 et
1710 503 1830 555 vos,
1863 485 2075 541 charis-

509 587 631 642 simi
662 584 860 639 fratres
896 591 950 638 et
980 581 1230 637 conservi
1262 580 1390 649 mei,
1423 581 1548 634 huic
1578 580 1669 651 qui
1701 577 1952 651 praesidet
1981 594 2074 634 vo-

507 679 593 733 bis
629 677 696 731 ad
732 676 1017 732 veritatem
1049 674 1350 729 docendam
1373 714 1388 738 ,
1438 673 1494 727 in
1541 673 1797 727 omnibus
1826 672 2070 736 obedite;

508 770 745 824 scientes
767 768 911 838 quod
940 766 986 821 si
1010 767 1136 837 quis
1160 765 1306 820 hunc
1328 764 1753 828 contristaverit,
1773 762 2070 825 Christum,

505 862 599 931 qui
628 860 677 915 ei
707 859 939 914 docendi
967 857 1198 913 credidit
1240 856 1579 918 cathedram.
1619 870 1727 909 non
1766 855 1975 924 recipit.
2009 852 2074 907 Et

507 950 600 1020 qui
623 949 902 1005 Christum
926 963 1032 1001 non
1066 946 1389 1016 susceperit,
1409 960 1508 999 nec
1531 945 1694 999 Deum
1716 944 1932 999 Patrem
1950 959 2074 999 sus-

506 1043 719 1111 cepisse
755 1040 1113 1110 judicabitur,
1147 1046 1202 1094 et
1227 1039 1349 1093 ideo
1386 1053 1487 1091 nec
1518 1038 1634 1107 ipse
1662 1035 1992 1105 suscipietur
2017 1034 2070 1087 in

505 1150 674 1207 regno
696 1135 982 1191 cmlorum.
1030 1130 1260 1202 Propter
1293 1128 1438 1200 quod
1482 1127 1712 1198 satagite
1760 1126 1825 1180 ad
1856 1142 2071 1181 omnem

505 1228 791 1281 collectam
819 1230 873 1279 et
893 1221 1369 1293 congregationem
1419 1232 1633 1287 semper
1666 1217 1979 1280 convenire,
2013 1222 2073 1269 ut

505 1334 615 1375 non
662 1317 809 1373 velut
857 1315 1196 1385 negligentes
1233 1319 1286 1368 et
1315 1310 1533 1366 desides
1575 1324 1605 1363 a
1634 1307 1820 1378 judice
1851 1307 2071 1364 Christo

506 1407 968 1465 condemnemini.
995 1404 1398 1460 Convenientes
1422 1416 1554 1457 vero
1580 1415 1795 1471 semper
1833 1400 1901 1455 ad
1947 1400 2072 1455 Cle-

504 1507 761 1564 mentem,
792 1498 915 1552 date
944 1511 1134 1551 omnes
1175 1510 1397 1565 operam
1434 1507 1534 1563 pro
1573 1492 1693 1561 ipso
1744 1493 1967 1555 sentire,
2016 1499 2071 1546 et

504 1605 721 1647 summo
758 1589 940 1646 studio
965 1586 1203 1642 favorem
1240 1595 1479 1641 vestrum
1511 1600 1640 1655 erga
1664 1583 1840 1653 ipsum
1886 1591 2072 1638 osten-

504 1684 634 1738 dere
653 1683 721 1745 ’9,
750 1679 1136 1749 scientesquia
1166 1684 1386 1747 propter
1414 1677 1657 1746 singulos
1678 1683 1941 1736 vestrum,
1967 1676 2069 1745 ipsi

2175 501 2529 564 posteaquam
2557 493 2724 564 (sicut
2749 502 2960 549 natura;
2987 495 3008 526 ⁶
3028 495 3263 550 debitum
3290 496 3390 566 est)
3426 500 3535 553 vita:
3564 518 3670 571 prae-

2175 586 2348 641 scntis
2371 587 2531 639 finem
2558 585 2740 640 fecero
2757 629 2772 652 ,
2795 587 2816 617 "
2845 583 3049 640 Iacobo
3083 584 3238 640 fratri
3254 584 3472 651 Domini.
3498 590 3671 647 descri-

2173 686 2265 748 pta
2286 676 2541 741 breviter,
2561 676 2643 731 vel
2669 691 2791 747 qua)
2823 677 2890 730 ad
2917 677 3132 731 initium
3166 676 3283 732 fidei
3318 686 3418 731 tua:
3439 690 3669 749 spectant,

2172 769 2257 824 vel
2303 769 2467 823 etiam
2496 783 2633 838 quos
2656 776 2782 822 ante
2830 767 2988 824 fidem
3035 767 3246 823 animos
3266 771 3507 839 gesseris,
3527 772 3607 826 sed
3629 783 3673 828 et

2173 859 2408 930 qualiter
2436 859 2572 913 mihi
2594 860 2663 914 ab
2714 860 2871 914 initio
2906 875 3080 929 usque
3115 857 3181 912 ad
3212 858 3364 913 finem
3393 875 3557 915 comes
3598 864 3670 917 iti-

2172 950 2320 1004 neris
2342 957 2394 1004 et
2442 958 2662 1004 actuum
2688 949 2876 1015 fueris,
2902 965 3128 1021 quaeque
3171 965 3266 1019 per
3305 951 3531 1021 singulas
3559 952 3671 1006 civi-

2171 1050 2311 1097 tates
2340 1042 2448 1113 (me
2495 1041 2829 1112 disputante)
2859 1042 3128 1097 sollicitus
3179 1040 3387 1096 auditor
3412 1045 3671 1113 exceperis,

2172 1133 2374 1202 quique
2449 1133 2503 1186 in
2565 1134 3043 1203 praedicationibus
3105 1132 3241 1187 meis
3294 1126 3377 1188 vel
3425 1134 3672 1189 verborum

2174 1224 2339 1278 fuerit
2385 1224 2520 1279 ordo
2548 1225 2629 1279 vel
2664 1231 2926 1292 actuum;
2954 1225 3049 1280 sed
3088 1225 3180 1294 qui
3232 1238 3318 1279 me
3349 1223 3463 1279 ﬁnis
3490 1225 3538 1278 in
3589 1224 3672 1279 bac

2171 1317 2305 1371 urbe
2329 1318 2610 1387 repererit,
2647 1318 2789 1372 sicut
2823 1315 2958 1381 dixi,
2999 1318 3181 1371 omnia
3207 1331 3366 1387 quam
3396 1324 3553 1385 potes.
3572 1316 3672 1371 bre-

2171 1409 2314 1463 viter
2369 1408 2786 1479 comprehensa,
2835 1408 2905 1464 ad
2958 1409 3137 1479 ipsum
3180 1416 3233 1464 te
3287 1408 3542 1463 destinare
3588 1424 3674 1462 non

2170 1500 2368 1571 pigeat.
2435 1499 2544 1555 Nec
2615 1501 2857 1557 verearis
2912 1515 2984 1557 ne
3038 1499 3178 1555 forte
3223 1499 3444 1554 multum
3496 1497 3558 1555 de
3580 1514 3678 1555 meo

2172 1591 2319 1645 exitu
2371 1591 2783 1648 contristandus
2849 1591 2941 1656 sit,
2972 1607 3098 1648 cum
3140 1592 3196 1646 id
3239 1606 3324 1646 me
3368 1606 3460 1660 pro
3514 1591 3675 1661 pietate

2172 1684 2444 1740 sustinere
2463 1701 2572 1740 non
2594 1685 2851 1756 ambigat.
2906 1684 3019 1739 Erit
3041 1693 3222 1739 autem
3261 1683 3310 1737 ei
3360 1682 3544 1754 grande
3562 1683 3675 1738 sola—

507 1774 681 1844 magis
712 1772 814 1828 soli
834 1770 1068 1826 infestus
1094 1776 1180 1825 est
1208 1768 1462 1823 inimicus
1481 1768 1571 1832 ‘°°,
1596 1774 1649 1822 et
1676 1766 1731 1821 in
1762 1767 1938 1837 ipsum
1956 1780 2069 1819 ma-
2097 1761 2147 1823 Β
2173 1776 2333 1840 tium,
2364 1777 2411 1832 si
2450 1776 2725 1841 didicerit,
2776 1775 2923 1846 quod
2951 1783 3074 1845 post
3098 1790 3185 1830 me
3205 1790 3312 1829 non
3338 1775 3594 1844 imperitus
3613 1775 3691 1827 vir

501 1870 623 1940 jora
656 1866 888 1922 suscitat
915 1864 1077 1918 bella.

576 1960 801 2031 Oportet
835 1971 963 2027 ergo
1004 1971 1099 2011 vos
1136 1970 1350 2011 summo
1413 1952 1595 2009 studio
1647 1952 1773 2020 niti,
1825 1960 1884 2006 ut
1919 1950 2069 2005 omni

502 2068 631 2124 erga
669 2052 820 2106 illum
857 2048 1075 2103 vinculo
1104 2050 1309 2101 amoris
1356 2046 1537 2099 innexi
1575 2043 1896 2114 plenissimo
1938 2058 2067 2114 erga

503 2161 628 2200 eum
659 2140 971 2197 inhaereatis
1005 2138 1222 2194 aﬂectu.
1294 2136 1398 2193 Sed
1441 2147 1494 2192 et
1540 2152 1638 2192 vos
1698 2151 1915 2207 quoque
1964 2135 2069 2206 ipsi

506 2236 793 2290 unanimes
820 2234 877 2287 in
899 2234 1046 2287 omni
1080 2231 1374 2287 concordia
1424 2230 1735 2301 perdurate,
1787 2243 1898 2298 quo
1931 2227 2069 2281 faci—

504 2330 611 2384 lius
642 2328 807 2382 etiam
830 2326 907 2381 illi
951 2325 1173 2379 obedire
1218 2338 1409 2378 omnes
1451 2320 1567 2391 pari
1598 2328 1652 2376 et
1700 2335 1973 2375 consensu
2013 2326 2069 2373 ct

504 2419 865 2475 unanimitate
894 2418 1140 2489 possitis.
1173 2415 1403 2485 Propter
1442 2412 1587 2484 quod
1615 2420 1669 2467 et
1698 2427 1795 2467 vos
1834 2411 2066 2467 salutem

504 2511 790 2581 consequi,
816 2520 870 2565 et
899 2511 989 2564 ille
1021 2508 1217 2579 possit,
1242 2504 1744 2575 obtemperantibus
1762 2502 1865 2558 sibi
1888 2502 2065 2565 vobis,

504 2603 809 2673 promptius
839 2596 1076 2667 impositi
1090 2596 1272 2650 oneris
1287 2592 1779 2665 pondusevehere.’
1811 2592 2066 2659 Quaedam

506 2698 669 2749 etiam
688 2709 753 2748 ex
780 2692 934 2747 vobis
957 2690 1093 2760 ipsis
1113 2688 1415 2758 intelligere
1447 2683 1677 2746 debetis,
1701 2686 1747 2738 si
1776 2700 1883 2754 qua
1914 2690 2064 2749 sunt,

503 2801 626 2855 quae
658 2786 773 2854 ipse
802 2791 1023 2853 propter
1056 2779 1285 2836 insidias
1321 2778 1600 2832 hominum
1649 2777 1918 2830 malorum
1957 2791 2067 2830 non

506 2884 685 2946 potest
728 2874 1034 2931 evidentius
1091 2879 1145 2927 et
1183 2868 1526 2925 manifestius
1576 2867 1846 2939 proloqui.
1904 2866 2068 2922 Verbi

507 2968 681 3040 gratia
705 2986 719 3022 :
747 2968 767 2998 '
802 2965 862 3020 Si
882 2965 1135 3019 inimicus
1157 2969 1240 3017 est
1260 2961 1425 3015 alicui
1451 2974 1551 3030 pro
1571 2959 1784 3013 actibus
1807 2958 1943 3023 suis,
1971 2973 2067 3014 vos

505 3063 678 3119 nolite
702 3070 1042 3132 exspectare,
1064 3063 1124 3110 ut
1150 3054 1267 3125 ipse
1284 3053 1440 3108 vobis
1470 3052 1653 3107 dicat:
1685 3049 1822 3106 Cum
1846 3050 1939 3104 illo
1964 3065 2065 3105 no-

505 3155 602 3210 lite
625 3152 788 3207 amici
831 3165 991 3216 esse;
1054 3147 1149 3202 sed
1185 3145 1479 3216 prudenter
1507 3144 1799 3198 observare
1832 3141 2061 3207 debetis,

505 3254 562 3302 et
598 3242 862 3301 voluntati
921 3241 1043 3309 ejus
1074 3238 1193 3293 sine
1239 3234 1662 3291 commonitione
1692 3230 2066 3288 obsecundare

504 3346 561 3393 et
617 3343 864 3392 avertere
911 3348 1011 3388 vos
1045 3331 1114 3386 ab
1142 3345 1208 3385 eo
1237 3328 1327 3383 cui
1376 3328 1554 3398 ipsum
1599 3327 1814 3382 sentitis
1870 3324 2066 3380 adver-

506 3444 629 3484 sum
660 3428 722 3495 ³;
753 3426 848 3482 sed
884 3439 986 3479 nec
1034 3423 1183 3491 loqui
1224 3421 1331 3485 his,
1373 3420 1572 3490 quibus
1597 3418 1714 3488 ipse
1748 3434 1859 3473 non
1889 3418 2067 3488 loqui-

504 3529 615 3584 tur,
662 3528 722 3575 ut
751 3515 1129 3586 unusquisque
1161 3512 1257 3582 qui
1299 3512 1356 3567 in
1404 3511 1561 3580 culpa
1611 3516 1717 3574 est,
1768 3508 1896 3564 dum
1919 3510 2068 3578 cupit

506 3612 750 3665 omnium
776 3614 1021 3664 vestrum
1056 3602 1326 3658 amicitias
1352 3616 1627 3673 reparare,
1663 3599 1883 3656 festinet
1899 3600 2065 3655 citius

508 3698 855 3756 reconciliari
875 3698 947 3762 ei,
975 3700 1067 3767 qui
1094 3693 1351 3749 omnibus
1376 3701 1592 3762 praeest,
1622 3698 1677 3747 et
1713 3688 1816 3763 per"
1829 3688 1933 3745 hoc
1949 3691 2072 3746 red-

507 3798 598 3844 eat
646 3788 713 3844 ad
755 3788 1006 3851 salutem,
1032 3801 1155 3842 cum
1180 3785 1405 3841 obedire
1439 3784 1668 3855 cteperit
1688 3784 1909 3838 monitis
1930 3798 2066 3853 pra:-

505 3878 759 3933 sidentis.
823 3878 883 3932 Si
912 3892 1045 3932 vero
1089 3876 1213 3947 quis
1271 3875 1483 3931 amicus
1521 3874 1685 3930 fuerit
1740 3875 1826 3930 bis
1865 3875 2066 3944 quibus

506 3972 623 4040 ipse
683 3970 895 4024 amicus
920 3985 1028 4024 non
1066 3975 1172 4032 est,
1202 3974 1255 4022 et
1284 3968 1499 4022 locutus
1547 3965 1712 4021 fuerit
1758 3965 1843 4019 his
1866 3966 2065 4036 quibus

505 4063 622 4131 ipse
650 4076 760 4114 non
790 4059 1055 4131 loquitur,
1105 4074 1249 4113 unus
1266 4069 1351 4115 est
1402 4067 1455 4113 et
1486 4057 1601 4128 ipse
1633 4073 1697 4112 ex
1719 4056 1828 4112 illis
1849 4057 1940 4126 qui
1971 4074 2067 4112 ex-

509 4152 810 4207 terminare
837 4152 1024 4205 volunt
1055 4149 1354 4206 Ecclesiam
1390 4148 1488 4204 Dei
1523 4164 1537 4200 :
1584 4156 1637 4205 et
1674 4165 1798 4203 cum
1838 4165 2065 4218 corpore

505 4244 786 4300 vobiscum
814 4258 936 4298 esse
965 4242 1233 4305 videatur,
1264 4250 1445 4296 mente
1466 4251 1517 4297 et
1546 4242 1729 4297 animo
1757 4252 1944 4296 contra
1968 4259 2065 4298 vos

503 4343 608 4390 est.
667 4334 734 4389 Et
783 4344 869 4389 est
914 4334 1087 4389 multo
1133 4334 1364 4405 nequior
1407 4334 1583 4389 hostis
1641 4333 1753 4397 hic,
1796 4348 1957 4403 quam
1988 4335 2064 4390 illi

2172 1867 2390 1938 aliquis,
2420 1876 2514 1922 aut
2554 1868 2831 1931 indoctus,
2864 1874 3031 1937 atque
3070 1867 3329 1936 ignorans
3355 1866 3511 1921 divini
3544 1866 3663 1919 verbi

2169 1960 2492 2031 mysterium
2514 1960 2536 1992 ⁸
2568 1999 2583 2024 ,
2610 1968 2664 2015 et
2691 1958 3050 2015 ecclesiastici
3101 1957 3313 2013 ordinis
3360 1956 3675 2025 disciplinam,

2169 2053 2254 2105 vel
2296 2050 2559 2107 doctrina:
2587 2052 2827 2122 regulam
2857 2051 3131 2114 nesciens,
3182 2050 3482 2119 susceperit
3525 2050 3676 2101 cathe-

2170 2143 2323 2197 dram
2352 2158 2526 2198 meam
2553 2160 2567 2210 ;
2593 2144 2697 2198 scit
2731 2142 2897 2205 enim,
2939 2142 3067 2212 quia
3084 2142 3131 2196 si
3164 2140 3413 2196 indoctus
3433 2147 3484 2193 et
3508 2139 3678 2193 inscius

2170 2238 2403 2292 odicium
2432 2236 2673 2291 doctoris
2719 2235 2970 2304 accipiat,
3012 2234 3134 2288 sine
3182 2232 3350 2288 dubio
3396 2229 3678 2301 discipuliet

2169 2328 2447 2384 auditores
2476 2327 2794 2399 ignorantiae
2822 2326 3063 2381 tenebris
3093 2322 3336 2381 obvoluti
3356 2325 3397 2385 ‘,
3446 2323 3496 2377 in
3520 2322 3677 2376 interi-

2171 2429 2284 2474 tum
2314 2420 2714 2490 demergentur.
2758 2417 2912 2473 Unde
2940 2428 2994 2475 et
3009 2433 3132 2488 ego,
3158 2418 3235 2472 mi
3263 2416 3473 2472 domine
3492 2413 3677 2473 Jacobe.

2169 2528 2291 2566 eum
2320 2512 2435 2566 haec
2466 2512 2532 2565 ab
2548 2527 2613 2567 eo
2646 2518 2915 2581 praecepta
2943 2509 3301 2578 susceperim,
3324 2521 3533 2562 necesse
3545 2503 3677 2559 habui

2173 2603 2404 2672 implere
2430 2602 2573 2672 quod
2600 2602 2863 2671 jusserat,
2897 2600 3145 2657 indicans
3177 2600 3278 2653 tibi
3300 2608 3353 2654 ct
3380 2599 3443 2653 de
3463 2596 3675 2666 hisipsis.

2168 2694 2329 2748 simul
2366 2701 2420 2748 et
2453 2693 2519 2748 de
2549 2693 2655 2748 illis
2692 2693 2927 2748 breviter
2970 2691 3455 2763 comprehenderis,
3482 2703 3587 2759 quae
3604 2703 3678 2757 per

2168 2786 2411 2857 singulas
2442 2800 2687 2856 quasque
2722 2786 2886 2841 urbes
2903 2784 3239 2857 digrediens,
3265 2785 3424 2838 autin
3452 2780 3672 2853 pradica-

2168 2880 2334 2935 tionis
2361 2894 2613 2936 sermone
2641 2880 2961 2949 protulerit,
2994 2886 3089 2932 aut
3137 2877 3194 2932 in
3224 2886 3491 2948 gestorum
3511 2876 3677 2929 virtute

2168 2971 2476 3041 perfecerit;
2490 2972 2735 3040 quamvis
2752 2971 2847 3025 tibi
2866 2971 2932 3025 de
2951 2969 3036 3024 bis
3052 2970 3288 3040 plurima
3300 2969 3408 3039 jam
3437 2976 3486 3022 et
3502 2964 3677 3036 plenius

2169 3070 2295 3119 ante
2326 3064 2617 3133 descripta,
2648 3063 2767 3133 ipso
2791 3063 3015 3133 jubente
3035 3101 3051 3127 ,
3076 3060 3488 3122 transmiserim,
3521 3058 3606 3113 sub
3628 3072 3680 3109 eo

2168 3155 2286 3227 ipso
2333 3155 2511 3220 titulo,
2570 3170 2731 3224 quem
2792 3155 2911 3225 ipse
2962 3153 3209 3224 praecipit
3256 3152 3417 3222 adigi,
3453 3151 3492 3182 ’θ
3524 3149 3571 3203 id
3612 3154 3678 3202 est

2165 3248 2457 3305 Clementis
2517 3248 2857 3304 ltinerarium
2879 3286 2895 3311 ,
2937 3246 2977 3278 ¹¹
3021 3261 3133 3301 non
3162 3239 3564 3299 Praedicationis
3599 3235 3677 3293 Pc-

2165 3340 2236 3393 tri
2270 3339 2333 3393 ι’.

2238 3428 2343 3485 Sed
2363 3436 2418 3484 et
2431 3444 2581 3483 nunc
2606 3442 2881 3497 exponere
2900 3427 3013 3496 jam
3040 3441 3162 3497 quae
3188 3425 3460 3497 praecepit,
3489 3422 3679 3478 Domino

2165 3537 2322 3592 opem
2352 3521 2583 3583 ferente,
2614 3520 2867 3588 incipiam
2896 3538 2908 3573 :
2951 3518 3306 3583 Pwuilemini,
3335 3516 3527 3587 inquit,
3555 3522 3599 3569 et
3617 3528 3677 3567 re-

2167 3629 2281 3666 rum
2303 3612 2441 3682 agite
2468 3612 2822 3681 pwnitentiam
2852 3610 2916 3664 ¹³.
2946 3609 3151 3666 Omnes
3177 3625 3309 3681 ergo
3337 3609 3587 3671 homines,
3605 3604 3678 3674 qui

2166 3701 2480 3759 Christiano
2510 3709 2806 3757 censentur
2851 3701 3135 3765 vocabulo,
3180 3700 3395 3756 Patrem
3433 3707 3485 3754 et
3517 3695 3680 3751 Filium

2165 3802 2221 3850 ct
2251 3794 2513 3865 Spiritum
2542 3802 2809 3862 sanctum,
2838 3810 3003 3850 unum
3031 3794 3200 3849 Deum
3227 3802 3281 3849 ct
3312 3793 3579 3848 Dominum
3603 3803 3679 3841 ve-

2165 3888 2361 3942 raciter
2402 3887 2626 3942 credere
2655 3896 2710 3942 et
2750 3885 3019 3947 confiteri,
3044 3900 3281 3955 eumque
3309 3894 3421 3940 tota
3457 3889 3617 3937 mente
3633 3884 3679 3931 et

2163 3976 2274 4021 toto
2302 3966 2463 4021 corde
2484 3975 2538 4023 et
2568 3974 2681 4022 tota
2711 3966 2908 4023 virtute
2932 3968 3173 4037 diligere,
3202 3979 3258 4024 et
3279 3968 3545 4039 proximos
3566 3975 3672 4017 suos

2161 4070 2416 4124 tanquam
2464 4059 2813 4130 semetipsos,
2851 4054 3226 4128 docibilesque
3270 4072 3390 4114 esse
3434 4068 3589 4125 usque
3619 4048 3672 4104 ad

2160 4151 2448 4222 perfectam
2465 4151 2767 4207 doctrinam
2788 4150 2854 4205 ad
2871 4150 2984 4205 haec
3001 4149 3352 4219 perﬁcienda,
3370 4154 3674 4214 summopere

2158 4254 2385 4314 oportet.
2411 4243 2571 4299 Fides
2611 4243 2755 4297 enim
2792 4252 2846 4296 et
2870 4242 3105 4307 dilectio,
3136 4242 3303 4296 totius
3343 4236 3583 4295 bonitatis
3607 4240 3673 4286 est

2159 4335 2589 4390 fundamentum.
2638 4335 2766 4389 Sine
2800 4333 2903 4387 fide
2937 4340 3113 4387 autem
3157 4332 3370 4400 placere
3400 4328 3505 4383 Deo
3542 4337 3675 4380 nemo

505 4426 600 4497 qui
636 4425 771 4483 foris
798 4433 949 4490 sunt,
981 4434 1035 4482 et
1060 4426 1336 4482 evidenter
1360 4425 1563 4480 inimici
1604 4432 1752 4481 sunt.
1790 4425 1889 4481 Hic
1918 4427 2063 4481 enim
2095 4435 2140 4489 1)
2160 4426 2354 4497 poterit
2374 4427 2435 4481 “.
2461 4426 2677 4481 Christo
2704 4426 2882 4495 itaque
2904 4424 3276 4493 resurgente"
3306 4434 3359 4475 et
3393 4416 3674 4475 ascendente

502 4533 603 4588 per
632 4518 997 4574 amicitiarum
1028 4518 1285 4589 speciem,
1307 4533 1427 4588 qua:
1449 4517 1657 4572 inimici
1680 4517 1700 4549 ⁸
1724 4526 1872 4583 sunt,
1904 4518 2064 4588 gerit,

503 4618 560 4666 et
604 4610 903 4668 Ecclesiam
961 4611 1225 4682 dispergit
1269 4624 1335 4665 ac
1384 4617 1564 4665 vastat
1583 4610 1626 4666 ⁵.
1680 4610 1745 4664 Ει
1788 4626 1911 4667 cum
1952 4612 2068 4667 haec

504 4699 755 4767 dixisset,
779 4703 835 4757 in
868 4703 1049 4758 medio
1078 4716 1263 4756 coram
1293 4701 1546 4758 omnibus
1584 4718 1778 4758 manus
1809 4704 1937 4759 mihi
1964 4705 2066 4759 im.

504 4793 709 4861 posuit,
759 4794 889 4850 etin
918 4793 1176 4849 cathedra
1205 4807 1327 4857 sua,
1371 4793 1575 4863 ingenti
1614 4796 1939 4850 verecundia
1980 4795 2055 4849 fa.

502 4882 754 4954 tigatum,
811 4885 1000 4941 sedere
1030 4900 1118 4940 me
1158 4884 1437 4955 compulit.
1491 4884 1737 4956 Cumque
1775 4887 2057 4951 sedissem,

502 4971 617 5032 hac
676 4976 743 5033 ad
782 4994 870 5032 me
922 4993 1139 5033 rursum
1192 4978 1409 5033 locutus
1468 4977 1890 5049 estz‘Depreeor
1916 4989 1989 5046 te,
2027 4997 2060 5035 ο

2160 4520 2213 4573 in
2256 4520 2488 4587 malum,
2519 4518 2690 4573 misso
2726 4526 2914 4572 sancto
2964 4515 3189 4585 Spiritu,
3222 4515 3415 4571 collata
3453 4503 3675 4579 apostolis

2157 4612 2381 4666 scicntia
2405 4612 2731 4682 linguarum,
2750 4608 2928 4664 adhuc
2950 4608 3003 4663 in
3029 4623 3137 4663 uno
3166 4606 3350 4678 positi,
3374 4597 3671 4675 Symbolum.

2157 4704 2300 4774 quod
2329 4703 2501 4759 fidelis
2531 4718 2679 4758 nunc
2710 4711 2854 4757 tenet
2877 4699 3139 4766 Ecclesia,
3167 4696 3531 4767 unusquisque
3554 4684 3673 4759 quod

2157 4794 2330 4849 sensit
2357 4791 2606 4859 dicendo,
2635 4792 3015 4853 condiderunt,
3054 4799 3114 4844 ut
3151 4787 3482 4845 discedentes
3512 4782 3570 4835 ab
3603 4777 3673 4831 in-

2157 4886 2363 4948 vicem,
2400 4885 2538 4939 hanc
2572 4885 2814 4955 regulam
2855 4899 2949 4953 per
2993 4896 3183 4937 omnes
3224 4889 3409 4951 gentes
3452 4871 3674 4947 praedica-

2156 4987 2296 5033 rent.
2347 4978 2626 5033 Summam
2656 4993 2785 5048 ergo
2834 4978 2998 5032 totius
3031 4975 3153 5030 fidei
3196 4971 3473 5028 catholica:
3509 4976 3673 5020 recen-

571 5215 615 5287 ⁹ξ⁹
650 5216 952 5287 dependere.
1031 5217 1101 5249 ¹⁰⁰
1130 5218 1345 5287 infestat
1393 5218 1653 5273 inimicus.
1730 5222 1745 5250 ³
1787 5221 1954 5275 Conc.
1991 5219 2229 5278 Vasense
2259 5220 2321 5283 ll.
2352 5236 2399 5274 c.
2433 5221 2485 5285 6,
2528 5236 2617 5275 an.
2654 5220 2779 5283 “2,
2809 5221 3052 5276 distinct.
3075 5220 3164 5274 93.
3195 5218 3258 5271 Et
3290 5218 3343 5271 in
3375 5216 3536 5287 epistL
3547 5212 3665 5287 {1943(-

498 5284 536 5340 5
581 5283 991 5368 Anaclet.papae
1021 5283 1424 5357 cujus'initium
1449 5296 1533 5344 est
1559 5304 1573 5340 :
1604 5289 1913 5345 Benedictus
1945 5291 2118 5358 Deus,
2159 5299 2213 5346 et
2252 5283 2501 5347 similiter
2556 5290 2780 5344 Fabiani
2836 5304 3154 5362 papae,qme
3204 5283 3450 5357 incipit':
3500 5283 3650 5355 Dirint?

498 5365 787 5423 prwcepm.
875 5358 895 5387 ¹
951 5358 1121 5414 Conc.
1178 5357 1420 5415 Metense
1479 5375 1608 5414 ann.
1652 5360 1778 5423 888,
1824 5376 1876 5416 c.
1918 5362 1971 5415 8.
2073 5362 2095 5394 ³
2136 5362 2241 5416 Ms.
2306 5377 2567 5415 aversum.
2641 5360 2923 5415 ‘im‘mica.
3000 5358 3205 5415 'Gesta
3235 5357 3405 5417 Petri.
3472 5370 3518 5423 p.
3563 5347 3650 5423 ΗΞ

498 5357 787 5423 prwceplis.
875 5357 922 5387 "
951 5358 1121 5414 Cone.
1178 5357 1420 5415 Metense
1479 5375 1608 5414 ann.
1652 5360 1778 5423 888,
1824 5376 1876 5416 c.
1918 5362 1971 5415 8.

3500 5279 3667 5336 Divinis

500 5415 921 5482 ‘Ms.uaturale.
996 5430 1015 5461 '
1051 5428 1281 5484 Neronis
1327 5446 1470 5483 anno
1504 5430 1559 5494 8,
1605 5415 1871 5487 currente
1899 5432 2104 5487 Christi
2154 5415 2244 5492 62,
2288 5446 2462 5486 caesus
2505 5437 2610 5495 est,
2662 5429 2857 5484 Petrus
2909 5444 3037 5484 vero
3077 5430 3305 5484 Neronis
3354 5415 3573 5494 ejusdem
3613 5415 3669 5495 i3

496 5503 749 5560 exeunte,
783 5498 987 5553 Christi
1016 5500 1103 5553 67.
1181 5502 1202 5532 ⁸
1235 5501 1605 5562 ministerium,
1628 5502 1702 5553 ita
1734 5509 1788 5555 et
1845 5517 1895 5558 c.
1946 5501 2089 5557 Just.

2164 5503 2185 5533 °
2228 5501 2325 5557 Ms.
2367 5494 2607 5555 involuti.
2683 5502 2728 5571 f°
2758 5498 2989 5571 Reliqua
3033 5499 3321 5571 sententia
3366 5510 3475 5571 non
3512 5494 3667 5571 Δεεξδιῇι

498 5562 554 5616 in
578 5556 1129 5644 __ms._nostro_ad_dita
1169 5571 1237 5644 ab
1269 5571 1448 5639 aliquo
1498 5556 1901 5640 interpolatore.
1979 5556 2246 5644 f‘bDecst
2273 5572 2387 5644 haec
2420 5572 2634 5641 negatio
2686 5568 2740 5623 in
2778 5556 2921 5644 ms.'_
2961 5570 3003 5600 "
3033 5568 3131 5644 llic
3156 5568 3352 5644 desinit
3394 5556 3667 5644 epistolam

577 5633 822 5711 ibusdam
847 5632 1390 5711 codiciliiis:_Cmtera
1446 5650 1572 5694 sunt
1618 5632 1735 5696 v'ice
1786 5642 2120 5711 appendicis,
2184 5642 2367 5696 addita
2419 5632 2565 5697 circa
2599 5655 2800 5693 annum
2824 5640 2950 5702 800,
2984 5649 3039 5711 u_t
3084 5639 3315 5693 videtur.
3393 5632 3663 5687 “Mach-

498 5650 822 5734 aumusuam
847 5650 958 5693 com

571 5701 734 5765 llebr.
770 5723 847 5763 xl.
905 5712 958 5765 6.

1037 5711 1078 5742 "
1132 5708 1379 5765 Vcnantii
1413 5728 1533 5782 exp.
1584 5712 1638 5768 in
1702 5708 2016 5782 Symbolum
2064 5730 2112 5769 c.
2151 5714 2202 5779 I,
2235 5728 2406 5783 usque
2466 5711 2532 5766 ad
2556 5711 2778 5780 Diligere
2827 5727 2948 5780 ergo
3000 5709 3187 5777 Deum,
3228 5716 3332 5763 etc.
