3900 6334
208 292 315 348 ιτδ

1380 285 1741 344 ΕΡΙΒΤΟΙΑΕ
1783 288 2254 348 DECRETALES.

3335 291 3443 347 674

205 411 418 465 senta,
453 400 512 456 in
541 416 649 471 qua
677 408 731 455 et
756 400 1039 472 integritas
1069 398 1411 457 credulitatis
1444 402 1774 467 ostenditur,
1806 411 1852 469 Α
1881 403 1972 459 nui
1999 416 2046 459 te
2074 406 2140 460 ”.
2167 404 2234 458 Et
2266 404 2401 459 illud
2433 424 2447 460 :
2494 403 2599 459 Hic
2626 404 2768 461 Deus
2791 412 2990 472 noster,
3021 409 3072 459 et
3102 420 3203 458 non
3232 414 3445 474 reputa-

201 504 257 549 et
282 494 450 548 unius
480 491 574 547 Dei
602 493 1094 566 Otnnipotentis(id
1123 504 1207 550 est
1239 502 1442 549 sanctae
1469 494 1779 567 Trinitatis)

199 586 488 656 aequalitas
549 585 882 651 declaratur,
913 593 968 642 et
1014 586 1337 657 mysterium
1375 585 1779 644 Inearnationis

198 678 329 734 Filii
378 677 497 742 Dei,
526 677 619 748 qui
658 693 757 748 pro
798 678 976 734 salute
1010 679 1239 732 humani
1295 680 1513 749 generis
1551 697 1581 734 a
1614 678 1778 737 Patre

198 775 270 827 de
323 775 468 826 caelo
521 769 884 835 descendens,
936 771 1005 826 de
1051 770 1268 841 Virgine
1312 772 1465 828 nasci
1520 773 1777 844 dignatus

194 874 304 928 est,
375 880 593 935 quoquo
625 864 668 894 "
694 864 906 929 ordine,
935 863 1025 919 vel
1057 864 1276 935 quando
1320 873 1554 919 mortem
1586 873 1775 935 pertu-

194 957 347 1019 lerit,
379 955 650 1025 quomodo
678 957 927 1025 sepultus
957 960 1279 1021 surrexerit,
1299 966 1353 1011 et
1384 958 1439 1011 in
1463 972 1629 1013 carne
1652 958 1773 1029 ipsa

192 1051 375 1104 cmlos
402 1048 729 1111 ascenderit,
762 1048 829 1103 ad
846 1050 1201 1118 dextramque
1237 1047 1411 1103 Patris
1442 1051 1772 1117 consederit,

185 1141 366 1210 judex
398 1151 666 1197 venturus
708 1140 809 1205 sit,
853 1156 917 1199 ac
974 1141 1209 1210 qualiter
1238 1142 1621 1197 remissionem
1648 1160 1777 1214 pec-

188 1245 451 1289 catorum
509 1249 668 1290 sacro
708 1234 1039 1304 baptismate
1106 1234 1314 1288 renatis
1348 1235 1664 1299 contulerit,
1720 1242 1776 1290 et

187 1327 667 1381 resurrectionem
698 1326 917 1380 humani
950 1326 1168 1396 generis
1204 1326 1245 1358 "
1279 1326 1334 1380 in
1386 1326 1577 1381 eadem
1608 1340 1775 1381 carne

191 1427 255 1473 et
311 1422 369 1473 in
419 1422 583 1474 vitam
630 1428 889 1473 aeternam
928 1416 1190 1485 futuram,
1222 1418 1304 1474 sic
1355 1418 1662 1474 docuerunt
1706 1419 1769 1474 ¹⁸.

189 1506 513 1578 Symbolum
563 1511 708 1565 enim
750 1509 957 1574 Graece,
1022 1510 1218 1566 Latine
1257 1511 1491 1567 ’collatio
1549 1512 1768 1567 dicitur.

187 1600 260 1654 Et
279 1602 323 1632 ¹⁹
342 1603 447 1658 hoc
461 1604 705 1673 praedicti
722 1606 899 1659 sancti
911 1605 1146 1674 apostoli
1166 1605 1307 1660 inter
1325 1621 1385 1661 se
1399 1620 1494 1675 per
1509 1604 1773 1676 Spiritum

187 1702 451 1748 sanctum
477 1696 791 1764 salubriter,
828 1704 885 1751 ut
928 1698 1137 1751 dictum
1167 1705 1273 1764 est,
1312 1698 1676 1752 condiderunt
1701 1697 1767 1752 ¹⁰.

1880 498 2020 551 bitur
2059 498 2194 553 alter
2216 498 2285 551 ad
2308 515 2425 552 eum
2442 499 2507 554 “.
2541 497 2606 551 Et
2647 506 2769 567 post
2800 512 2813 547 :
2870 495 2937 551 In
2965 506 3108 551 terra
3148 498 3292 552 visus
3338 506 3443 566 est,

1878 600 1929 645 et
1954 593 2089 644 inter
2112 590 2341 645 homines
2373 598 2709 645 conversatus
2740 598 2818 643 est
2843 589 2931 645 ³⁹¹.

1949 681 1991 713 ³¹
2005 681 2237 752 Diligere
2249 698 2379 753 ergo
2392 681 2559 737 Deum
2574 696 3014 751 unumquemque
3037 696 3102 735 ex
3125 687 3238 734 toto
3257 679 3445 747 corde,

1876 782 1931 829 et
1961 790 2028 829 ex
2055 781 2168 829 tota
2208 776 2410 839 anima,
2443 782 2502 829 ut
2531 774 2811 845 praefixum
2839 785 2943 838 est,
2976 790 3043 829 ex
3082 782 3193 828 tota
3227 773 3447 827 fortitu-

1878 864 2004 920 dine
2019 867 2063 897 "
2096 876 2329 937 oportet,
2362 876 2415 921 et
2449 867 2754 937 proximum
2785 874 3041 934 tanquam
3066 866 3442 934 semetipsum,

1874 959 2236 1026 respondente
2263 957 2493 1013 Domino
2514 958 2729 1012 cuidam
2760 955 3075 1011 Scribarum
3106 972 3170 1010 ac
3190 958 3440 1012 dicente:

1875 1047 2117 1102 Primum
2151 1052 2383 1105 omnium
2430 1051 2740 1105 mandatum
2777 1060 2875 1115 est,
2916 1050 3041 1103 audi
3080 1049 3251 1104 Israel
3282 1065 3300 1102 :
3335 1049 3445 1104 Do-

1878 1143 2051 1196 minus
2076 1143 2217 1197 Deus
2259 1153 2402 1208 tuus,
2428 1144 2567 1199 Deus
2609 1160 2744 1198 unus
2773 1153 2850 1199 est
2866 1159 2885 1207 ;
2914 1152 2969 1199 et
2996 1160 3010 1197 :
3044 1144 3237 1214 Diliges
3266 1144 3443 1197 Domi-

1872 1251 1997 1288 num
2027 1236 2195 1291 Deum
2220 1248 2365 1290 tuum
2395 1252 2461 1291 ea:
2497 1247 2605 1314 toto
2624 1236 2779 1291 corde
2816 1246 2925 1295 tuo.
2955 1244 3005 1290 et
3033 1252 3098 1289 ea:
3121 1246 3231 1289 tota
3261 1237 3442 1289 anima

1874 1338 1986 1393 tua,
2018 1340 2069 1384 et
2092 1345 2157 1383 ea:
2216 1340 2327 1383 tota
2352 1339 2519 1384 mente
2555 1320 2668 1392 tua,
2706 1339 2756 1383 et
2808 1343 2873 1382 ex
2912 1336 3026 1382 tota
3066 1328 3255 1381 virtute
3305 1337 3441 1383 tua:

1871 1418 1967 1474 hoc
1998 1421 2330 1490 estprimum
2378 1421 2711 1475 mandatum.
2756 1420 3053 1475 Secundum
3073 1430 3248 1473 autem
3268 1421 3443 1477 simile

1870 1521 1949 1564 est
1980 1510 2061 1564 illi
2083 1526 2101 1563 :
2123 1510 2325 1582 Diliges
2348 1513 2648 1580 proximum
2674 1522 2821 1565 tuunt
2850 1526 3100 1582 tanquam
3124 1513 3347 1580 teipsum
3369 1513 3436 1571 ⁸³.

1872 1600 2047 1671 Majus
2076 1603 2268 1657 horum
2300 1604 2443 1658 aliud
2483 1603 2797 1657 mandatum
2832 1619 2941 1657 non
2985 1612 3105 1668 est,
3136 1604 3280 1674 quod
3322 1619 3440 1658 ma-

1867 1693 1960 1763 jus
2006 1701 2093 1750 est
2137 1695 2392 1751 omnibus
2436 1696 2969 1751 holocautomatibus
3017 1706 3072 1752 et
3126 1697 3435 1754 sacriﬁciis.

184 1783 405 1840 Dicitur
432 1793 488 1842 et
519 1787 803 1854 indicium,
834 1788 981 1859 quod
1014 1804 1108 1858 per
1151 1789 1277 1855 hoc,
1322 1790 1416 1859 qui
1447 1798 1595 1845 recte
1641 1805 1768 1845 cre-
1796 1788 1844 1847 Β
1872 1784 2025 1841 Unde
2050 1794 2103 1840 et
2133 1785 2190 1840 in
2232 1785 2415 1843 Veteri
2469 1787 2823 1843 Testamento
2859 1789 3123 1857 scriptum
3154 1788 3383 1845 habetur
3418 1806 3436 1842 :

184 1878 416 1942 diderit,
472 1881 764 1937 indicatur.
824 1881 965 1950 Ergo
1020 1881 1235 1936 eunetis
1266 1880 1619 1937 credentibus
1648 1900 1768 1953 quae

183 1973 550 2027 continentur
582 1974 637 2027 in
689 1971 916 2043 praefato
953 1973 1233 2043 Symbolo,
1279 1973 1431 2029 salus
1460 1974 1768 2033 animarum

183 2074 239 2117 et
313 2065 428 2118 vita
478 2074 738 2134 perpetua
796 2065 958 2120 bonis
1001 2064 1214 2119 actibus
1263 2074 1626 2136 praeparatur.

258 2155 329 2210 Et
352 2159 500 2227 quod
524 2160 566 2188 “
586 2158 640 2212 in
669 2157 967 2228 primordio
988 2157 1479 2228 ejusdemSymboli
1497 2161 1768 2231 praeponi-

182 2256 304 2313 tur,
323 2247 494 2303 Credo
518 2252 571 2303 in
590 2250 756 2303 Deum
771 2249 984 2303 Patrem
1000 2258 1399 2318 omnipotentem
1412 2266 1431 2315 ,'
1445 2254 1766 2321 praeclarum

182 2340 323 2395 ﬁdei
352 2342 720 2397 testimonium
753 2350 807 2397 et
841 2341 1254 2396 fundamentum
1294 2343 1350 2396 in
1379 2345 1554 2412 prima
1586 2345 1766 2402 fronte

181 2440 551 2497 monstratur,
578 2434 708 2503 quia
740 2434 925 2488 salvus
941 2448 1065 2489 esse
1094 2435 1314 2503 poterit,
1339 2438 1432 2506 qui
1467 2446 1616 2493 recte
1640 2454 1764 2495 cre-

180 2526 410 2580 diderit.
436 2526 657 2581 Credere
673 2528 810 2581 enim
830 2536 1032 2594 oportet
1061 2528 1388 2582 accedentem
1408 2530 1477 2582 ad
1498 2531 1762 2602 Deum”;

180 2620 447 2688 quoniam
475 2619 628 2673 corde
650 2620 878 2673 creditur
907 2620 975 2673 ad
1004 2622 1296 2690 justitiam,
1330 2631 1379 2676 et
1410 2640 1497 2678 ore
1555 2626 1763 2694 confes-

181 2713 258 2764 sio
288 2712 352 2779 ﬁt
408 2712 478 2764 ad
503 2712 724 2765 salutem
757 2713 823 2768 ’³.
871 2712 1024 2767 Unde
1060 2714 1135 2766 ait
1167 2713 1438 2785 Propheta
1474 2734 1486 2769 :
1521 2714 1756 2781 Credidi,

178 2815 394 2872 propter
424 2807 562 2873 quod
611 2806 814 2858 locutus
876 2822 994 2859 sum
1016 2806 1082 2860 “.
1142 2805 1207 2860 Et
1249 2807 1423 2862 illud:
1459 2807 1650 2863 Justus
1698 2826 1763 2864 ea:

182 2900 285 2967 [ide
306 2900 436 2953 vivit
462 2900 527 2953 ".
562 2898 623 2951 Et
657 2914 673 2951 :
702 2896 829 2957 Nisi
861 2893 1207 2967 credideritis,
1230 2916 1333 2953 non
1364 2899 1662 2971 intelligetis
1688 2904 1758 2958 ’°.

182 2992 327 3062 Ergo
354 2993 401 3023 ’⁷
437 2993 492 3046 in
538 2993 701 3045 rebus
735 2990 992 3046 humanis
1023 2991 1231 3044 nnllum
1285 3007 1424 3062 opus
1477 2993 1757 3063 incipitur,

182 3086 287 3137 nisi
320 3084 481 3137 labor
508 3084 686 3139 omnis
715 3085 781 3137 ad
806 3084 1058 3138 ell‘ectum
1089 3084 1274 3138 venire
1303 3085 1577 3139 credatur.
1608 3085 1760 3142 Unde

182 3178 523 3232 credendum
546 3186 629 3231 est
659 3178 715 3230 in
749 3176 937 3242 Deum,
971 3191 1002 3229 a
1051 3190 1161 3245 quo
1204 3182 1314 3229 tam
1348 3192 1592 3246 presens
1622 3178 1756 3240 vita,

184 3287 353 3340 quam
383 3270 565 3324 futura
597 3269 891 3323 tribuatur.
925 3267 1068 3323 Deus
1116 3274 1297 3322 autem
1334 3269 1630 3339 appellatio
1676 3276 1761 3324 est

182 3362 515 3417 substantia:
557 3362 917 3432 sempiternae,
952 3360 1067 3416 sive
1097 3360 1310 3415 timoris
1347 3360 1537 3415 divini.
1597 3360 1763 3431 Igitur

184 3454 331 3509 Deus
362 3457 484 3509 sine
506 3454 793 3524 principio,
815 3454 932 3508 sine
960 3452 1085 3518 fine,
1110 3452 1363 3523 simplex,
1393 3452 1754 3522 incorporeus

182 3554 231 3600 et
268 3545 870 3615 incomprehensibilis.
913 3544 1129 3599 Patrem
1172 3552 1354 3599 autem
1406 3560 1532 3599 cum
1577 3546 1756 3611 audis,

180 3654 427 3708 agnosce
438 3638 582 3709 quod
609 3639 803 3692 habeat
826 3636 1021 3692 Filium
1042 3639 1308 3692 veraciter
1329 3638 1592 3708 genitum,
1615 3639 1760 3692 sicut

178 3747 477 3806 PIISSCSSOI'
533 3730 734 3785 dicitur
783 3732 876 3800 qui
926 3729 1134 3798 aliquid
1178 3729 1453 3798 possidet,
1486 3736 1540 3783 et
1583 3730 1759 3783 domi-

178 3841 288 3879 nus
352 3824 447 3893 qui
497 3822 661 3878 habet
690 3821 833 3893 quod
864 3821 1194 3876 dominetur.
1249 3819 1393 3875 Deus
1424 3836 1552 3891 ergo
1574 3820 1755 3887 Pater,

174 3916 382 3972 secreti
407 3914 736 3970 sacramenti
757 3914 1081 3968 vocabulum
1110 3916 1215 3976 est,
1245 3913 1404 3982 cujus
1426 3928 1554 3968 vere
1583 3911 1754 3969 Filius

174 4018 258 4063 est
290 4007 564 4071 Verbum,
605 4014 659 4062 et
694 4007 997 4076 speculum,
1042 4014 1097 4061 et
1126 4005 1431 4078 character,
1480 4014 1534 4061 et
1577 4008 1757 4078 imago

177 4103 376 4155 vivens
405 4098 583 4155 Patris
621 4099 876 4165 viventis,
912 4100 968 4152 in
1023 4099 1279 4154 omnibus
1334 4076 1482 4153 Patri
1533 4100 1753 4167 similis,

173 4192 428 4261 ejusdem
464 4200 673 4246 naturae
702 4192 758 4245 in
803 4191 1107 4258 divinitate,
1171 4192 1408 4261 genitus,
1440 4200 1495 4246 et
1524 4193 1755 4263 genitori

176 4300 271 4353 per
322 4284 510 4338 omnia
544 4284 860 4353 corequalis.
917 4282 1029 4338 Nec
1066 4292 1341 4353 quaeratur
1371 4285 1642 4354 quomodo
1662 4302 1756 4356 ge-

179 4379 296 4431 nuit
330 4375 569 4445 Filium;
607 4376 753 4447 quod
780 4386 834 4431 et
863 4377 1035 4447 angeli
1072 4378 1340 4440 nesciunt,
1377 4385 1431 4430 et
1477 4378 1754 4446 prophetis

1873 1878 2027 1944 Quod
2059 1878 2154 1932 tibi
2191 1879 2309 1948 ﬁeri
2354 1898 2456 1933 non
2501 1881 2598 1947 vis,
2624 1880 2779 1933 alteri
2813 1897 2873 1934 ne
2902 1881 3086 1948 feceris
3111 1881 3177 1937 ³⁵.
3231 1880 3297 1934 Et
3327 1881 3437 1935 Do-

1868 1971 2051 2026 minus
2081 1971 2156 2024 ait
2192 1987 2205 2022 :
2240 1971 2431 2027 Omnia
2470 1989 2787 2043 qurecunque
2824 1974 2978 2027 vultis
3007 1983 3064 2026 ut
3112 1974 3324 2051 faciant
3346 1992 3436 2029 vo-

1869 2062 1946 2116 bis
1980 2062 2233 2129 homines,
2286 2073 2336 2118 et
2374 2081 2461 2118 vos
2485 2066 2643 2133 facite
2683 2066 2929 2120 similiter
2982 2067 3089 2121 illis
3116 2067 3181 2122 ³⁸.
3223 2066 3435 2133 Quibus

1868 2157 2117 2227 utriSque
2147 2158 2418 2214 mandatis
2450 2159 2515 2225 ³⁸,
2547 2175 2642 2229 per
2671 2176 2838 2214 unum
2870 2160 3076 2214 malitia
3125 2161 3436 2230 compesci-

1868 2255 1978 2315 tur,
2011 2258 2063 2304 et
2089 2266 2183 2319 per
2209 2251 2357 2305 aliud
2387 2251 2697 2322 benignitas
2726 2260 3078 2324 propagatur,
3114 2261 3173 2307 ut
3228 2270 3295 2307 ne
3318 2269 3435 2307 ma-

1868 2341 1977 2395 lum
2001 2341 2126 2410 quis
2156 2341 2373 2407 inferat,
2403 2345 2497 2399 sed
2522 2345 2721 2398 bonum
2740 2345 3035 2413 impendat.
3087 2344 3351 2409 Primum,
3376 2352 3435 2399 ut

1867 2442 2056 2488 careat
2087 2434 2313 2503 lzedere;
2343 2437 2644 2491 secundum
2672 2443 2730 2491 ut
2754 2438 3118 2493 noritbonum
3148 2448 3429 2511 praestare.

1866 2526 1927 2581 Si
1941 2530 2078 2582 enim
2099 2528 2319 2594 fratrem
2348 2546 2499 2599 quem
2521 2530 2683 2596 vides,
2704 2547 2807 2584 non
2825 2529 3034 2600 diligis;
3072 2531 3255 2596 Deum,
3279 2549 3432 2603 quem

1866 2638 1969 2674 non
1995 2622 2158 2685 vides,
2182 2622 2441 2692 quomodo
2488 2631 2633 2691 potes
2678 2623 2897 2692 diligere
2924 2624 2967 2653 ³⁷
2991 2624 3015 2676 'I
3040 2624 3131 2679 Sic
3172 2642 3303 2695 ergo
3331 2642 3451 2682 nos-

1866 2714 2022 2770 decet
2052 2730 2308 2771 exercere
2345 2730 2533 2769 curam
2568 2724 2840 2779 nostram,
2877 2725 3057 2770 utnon
3090 2717 3431 2775 dimittamus

1864 2821 2052 2860 curam
2082 2816 2321 2868 vestram
2356 2826 2370 2862 :
2405 2815 2460 2860 et
2488 2808 2568 2861 sic
2598 2808 2824 2878 diligere
2855 2824 2978 2872 nos,
3011 2825 3081 2863 ne
3125 2811 3432 2881 negligatur

1865 2898 2083 2952 dilectio
2123 2900 2351 2969 proximi
2379 2916 2395 2966 ;
2425 2901 2557 2969 quia
2587 2898 2742 2955 “Dei
2774 2901 2994 2955 dilectio
3028 2902 3188 2954 morti
3212 2917 3431 2973 compa-

1864 2998 2037 3053 ratur,
2089 2990 2303 3045 dicente
2356 2989 2678 3060 Sapientia:
2746 2991 2938 3045 Valida
2993 3002 3071 3047 est
3121 2992 3331 3048 dilectio
3374 3004 3433 3049 ut

1864 3098 2005 3136 mors
2030 3083 2074 3113 ”
2100 3101 2113 3136 :
2147 3083 2379 3147 ideirco,
2405 3084 2531 3153 quia
2564 3084 2705 3138 sicut
2734 3100 2883 3138 mors
2920 3084 3186 3139 violenter
3214 3096 3430 3157 separat

1862 3175 2098 3229 animam
2133 3189 2164 3227 a
2194 3190 2445 3244 corpore,
2468 3175 2542 3229 ita
2566 3176 2786 3231 dilectio
2816 3176 2910 3230 Dei
2941 3188 3157 3246 separat
3189 3180 3430 3233 animam

1861 3267 2128 3321 violenter
2162 3281 2192 3319 a
2225 3267 2502 3321 mundano
2530 3274 2585 3321 et
2612 3268 2819 3321 carnali
2874 3283 3078 3323 amore.
3134 3270 3238 3336 Qui
3265 3272 3426 3335 enim,

1862 3359 2125 3414 Dominus
2156 3359 2352 3428 inquit,
2373 3358 2549 3428 diligit
2572 3375 2672 3422 me,
2691 3358 2945 3411 mandata
2981 3376 3096 3412 mea
3117 3361 3340 3414 servabit
3360 3362 3425 3419 ⁸ο.

1860 3452 1996 3506 Nam
2024 3452 2119 3521 qui
2145 3452 2240 3506 Dei
2280 3458 2555 3519 praecepta
2598 3452 2924 3514 contemnit,
2958 3450 3125 3505 Deum
3157 3468 3265 3507 non
3297 3454 3428 3508 dili-

1860 3545 1958 3616 git.
2022 3543 2175 3598 Unde
2205 3544 2471 3612 scriptum
2521 3549 2608 3595 est
2640 3560 2655 3597 :
2691 3540 2871 3595 Nolite
2906 3552 3091 3610 putare
3135 3546 3272 3613 quod
3305 3564 3425 3599 ma-

1859 3638 2027 3691 neatis
2066 3637 2120 3689 in
2148 3636 2424 3689 dilectione
2453 3651 2590 3697 mea,
2627 3638 2673 3688 si
2707 3652 2809 3689 non
2865 3638 3197 3689 servaveritis
3228 3653 3425 3706 pratce-

1858 3740 1949 3800 pta
1976 3747 2091 3783 mea
2119 3730 2186 3784 “.
2235 3727 2421 3798 Neque
2442 3729 2587 3781 enim
2622 3744 2801 3800 regem
2857 3728 3157 3800 diligimus,
3195 3731 3241 3785 si
3296 3731 3424 3786 odio

1860 3825 2003 3894 leges
2028 3824 2148 3892 ejus
2174 3822 2457 3876 habemus.
2502 3818 2688 3890 Neque
2716 3820 2859 3874 enim
2892 3836 2958 3875 ex
2984 3828 3101 3876 toto
3129 3822 3294 3878 corde
3322 3839 3424 3894 po-

1858 3917 1988 3973 terit
2014 3916 2104 3971 ille
2141 3914 2309 3969 Deum
2344 3912 2591 3983 diligere,
2627 3913 2723 3982 qui
2778 3914 3025 3967 noscitur
3072 3916 3129 3969 in
3183 3917 3412 3987 proxim,

1859 4024 2098 4063 corruere
2121 4007 2164 4037 “
2197 4005 2488 4061 dilectione
2518 4021 2531 4057 :
2562 4004 2691 4074 quia
2708 4019 2803 4074 per
2818 4004 3160 4061 dilectionem
3186 4010 3419 4077 proximi

1857 4100 2173 4171 pervenitur
2220 4097 2287 4151 ad
2335 4098 2657 4150 eharitatem
2718 4095 2962 4163 Christi,
3020 4100 3301 4168 quoniam,
3360 4115 3419 4158 ut

1856 4192 2195 4263 praelibatum
2234 4196 2338 4251 est,
2381 4189 2435 4241 in
2466 4187 2553 4241 his
2608 4187 2823 4243 duobus
2850 4192 3135 4261 praeceptis
3174 4199 3285 4248 tota
3332 4195 3422 4250 lex

1843 4283 2056 4357 p‘ndet
2099 4290 2153 4336 et
2184 4281 2459 4352 prophetae
2490 4280 2557 4336 ⁸³.
2584 4278 2858 4335 Docibiles
2883 4296 3033 4352 ergo,
3054 4285 3146 4353 qui
3179 4286 3420 4355 perfecte

1856 4376 2003 4430 docti
2043 4388 2152 4428 non
2182 4381 2311 4428 sunt
2340 4374 2408 4426 ad
2435 4372 2550 4427 haec
2581 4372 2889 4444 peragenda
2911 4413 2925 4437 ,
2958 4383 3174 4444 oportet
3229 4394 3422 4435 omnes

177 4471 525 4539 incognitum
555 4479 657 4525 est.
703 4468 857 4524 Unde
889 4470 1019 4523 illud
1048 4470 1251 4523 dictum
1282 4477 1367 4525 est
1398 4489 1411 4523 :
1447 4468 1753 4524 Generatio-
1786 4471 1828 4527 Ι)
1856 4482 2000 4530 esse,
2047 4472 2103 4521 et
2132 4472 2191 4519 ut
2236 4465 2339 4533 ipsi
2389 4465 2534 4518 docti
2584 4465 2715 4530 sint,
2755 4474 2809 4521 et
2840 4466 2978 4520 alios
3001 4468 3302 4537 prudenter
3330 4472 3419 4526 in-

177 4579 292 4616 κοίη
310 4563 431 4632 ejus
457 4563 572 4632 quis
588 4562 859 4616 enarrabit
882 4564 949 4593 "'
970 4561 1176 4628 ?Quam
1195 4569 1462 4616 secretam
1486 4563 1749 4633 originem

177 4672 305 4710 cum
337 4655 566 4725 pmprio
613 4654 773 4718 Filio,
828 4656 979 4708 novit
1024 4655 1142 4725 ipse
1193 4654 1346 4710 solus
1400 4655 1493 4724 qui
1545 4655 1749 4724 genuit.

177 4750 222 4780 ’⁸
239 4748 356 4802 Nec
388 4747 532 4802 Deus
554 4763 584 4800 a
611 4746 769 4800 nobis
796 4744 1172 4801 discutiendus
1193 4745 1397 4808 est,sed
1414 4744 1752 4814 credendus;

178 4844 270 4913 qui
296 4844 353 4895 in
374 4841 537 4895 nobis
560 4840 696 4911 ipsis
714 4840 1011 4904 nescimus,
1037 4839 1181 4909 quod
1208 4838 1459 4904 facimus,
1483 4839 1755 4909 quomodo

179 4934 482 5005 sapientia,
519 4932 820 5002 ingenium,
840 4939 934 4986 aut
965 4931 1295 4994 intellectus,
1318 4940 1411 4985 aut
1438 4931 1751 4999 consilium,

181 5038 273 5081 aut
297 5042 460 5081 mens
488 5032 674 5079 nostra
693 5033 918 5096 generat
940 5024 1185 5080 verbum.
1225 5023 1329 5079 Sed
1351 5024 1547 5080 sullicit
1563 5039 1748 5087 nosse,

177 5122 311 5191 quia
349 5123 442 5172 lux
473 5120 657 5188 genuit
679 5117 1044 5188 splendorem,
1071 5119 1214 5172 sicut
1243 5118 1316 5170 ait
1342 5116 1610 5187 Pcopheta
1642 5136 1654 5170 :
1685 5114 1753 5169 In

178 5212 550 5282 splendoribus
582 5220 885 5265 sanctorum
920 5225 984 5263 ea:
1026 5219 1172 5263 utero
1197 5218 1315 5261 ante
1343 5207 1639 5277 Luciferum
1667 5224 1754 5278 ge-

242 5356 288 5386 "
310 5362 534 5424 quoque.
599 5354 653 5424 7”
678 5353 987 5407 resurrectio
1018 5353 1199 5424 futura
1225 5350 1315 5404 sit.

1398 5349 1449 5413 ιιι⁴
1478 5347 1534 5401 δ,
1567 5349 1729 5417 Aug"
1763 5362 1929 5401 εει-ω,
1961 5347 2085 5417 115,
2125 5346 2201 5400 De
2229 5355 2381 5415 temp.
2407 5360 2425 5410 ,'
2451 5343 2653 5417 Rufin
2674 5343 2868 5417 ASymb.
2920 5345 2989 5417 _”

1856 4564 2089 4621 struere,
2111 4564 2165 4611 et
2189 4555 2425 4627 perfecte
2460 4556 2673 4625 possint
2699 4557 2917 4619 docere,
2947 4557 3104 4627 juxta
3134 4558 3415 4619 Danielcm

1854 4650 2195 4722 prophetam,
2240 4649 2333 4719 qui
2378 4649 2500 4702 ait:
2543 4647 2779 4716 Populus
2830 4659 3002 4702 autem
3036 4652 3206 4705 sciens
3245 4653 3417 4708 Deum

1854 4760 2030 4807 suum,
2071 4740 2323 4796 obtinebit
2370 4750 2420 4794 et
2463 4740 2644 4809 faciet,
2675 4749 2725 4795 et
2771 4741 2913 4795 docti
2942 4743 2997 4796 in
3032 4744 3223 4812 populo
3268 4746 3418 4803 doce-

1857 4839 1981 4890 bunt
2009 4836 2263 4905 plurimos
2290 4834 2355 4888 “.
2412 4831 2614 4889 Omnes
2643 4833 2927 4899 docibiles,
2958 4842 3017 4891 ut
3040 4837 3154 4905 jam
3206 4839 3413 4896 dictum

1858 4937 1964 4992 est,
1996 4928 2093 4999 qui
2113 4927 2258 4982 docti
2279 4927 2324 4960 “
2354 4934 2505 4992 sunt,
2540 4941 2664 4981 esse
2691 4935 2939 4996 Oportet;
2971 4929 3065 4983 sed
3103 4933 3415 4990 sacerdotes

1857 5020 2132 5076 doctiores
2190 5018 2402 5074 caeteris
2454 5017 2672 5089 populis
2734 5034 2960 5074 necesse
3012 5019 3129 5075 fore
3187 5023 3416 5079 docebat

1861 5112 2119 5167 Christus
2166 5109 2447 5166 dicens“:
2502 5110 2643 5176 Quia
2691 5111 2737 5164 si
2763 5128 2931 5165 cwcus
2985 5130 3122 5167 αεεο
3163 5115 3414 5172 ducatum

1858 5212 2094 5275 prwstet,
2139 5203 2292 5257 ambo
2330 5205 2388 5256 in
2435 5202 2636 5271 faveam
2675 5202 2869 5257 cadunt
2895 5204 2961 5259 ⁸⁷.
3022 5206 3343 5265 Sacerdotes
3368 5215 3413 5245 ⁸⁸

3013 5343 3157 5413 quia.
3232 5345 3279 5378 ¹⁹
3296 5363 3424 5401 can—

164 5414 441 5505 tnlgru‘nt.’
469 5432 483 5444 ‘
504 5426 566 5505 “ﬁ
586 5423 721 5505 Ergo
748 5425 907 5505 quod.
931 5491 963 5505 η
981 5414 1027 5454 ’ί
1052 5421 1318 5505 licini”,
1350 5419 1404 5473 6.
1478 5419 1522 5450 ’³
1547 5414 1784 5505 11016;},

1866 5421 1895 5471 l.
1970 5418 2016 5449 “
2043 5416 2190 5505 Psalr.‘
2204 5414 2434 5505 μενέω.
2510 5417 2556 5446 ’⁸
2588 5415 2796 5505 θέλημα.Ι
2819 5430 2877 5479 u,
2906 5414 2960 5468 4.
2980 5415 3089 5505 “1':
3118 5415 3222 5505 isa.
3251 5418 3422 5505 vina.

163 5498 204 5527 ⁸⁷
244 5495 401 5559 Ruf,
430 5492 581 5564 praef.
618 5482 814 5565 Εἶτρόε.
845 5497 897 5565 in
925 5491 1127 5565 δελπηιξ.⁸
1181 5482 1387 5565 ":_lsa.
1413 5501 1529 5552 Lm,
1561 5486 1645 5565 8.__
1690 5490 1735 5520 “
1762 5492 1903 5565 éug.
1938 5488 2249 5565 serinzlSl,
2281 5487 2355 5540 De
2385 5485 2758 5565 temp_.,:_Ruf.,
2785 5485 2819 5539 I.
2853 5500 2910 5565 c.-
3049 5482 3193 5540 Psal.
3223 5502 3332 5565 eis,
3366 5487 3423 5540 3.

166 5567 209 5594 "‘
271 5562 487 5618 Barnch
521 5579 602 5625 ut,
628 5562 715 5618 36.
792 5565 857 5597 ³⁸·
885 5564 1041 5624 Ibitl.,
1066 5562 1154 5616 58.

168 5652 263 5687 XII.

169 5706 212 5735 "
235 5705 399 5757 Cant.
438 5722 559 5760 vm.
637 5706 682 5736 ⁸ο
709 5705 862 5760 Joan.
898 5721 1007 5766 LIV,
1034 5701 1123 5755 25.
1197 5700 1239 5731 ⁶¹
1272 5698 1427 5755 Joan.
1455 5715 1543 5763 XV,
1579 5698 1665 5753 ll).

171 5775 215 5805 “
243 5772 371 5830 Haec
398 5778 507 5832 duo
540 5773 801 5833 vocabula
827 5792 931 5832 non
965 5782 1089 5830 sunt
1116 5773 1169 5828 in
1205 5786 1310 5825 ms.
1387 5770 1429 5802 ’⁸⁷
1455 5768 1641 5825 Matth.
1676 5786 1766 5837 xv,
1804 5770 1884 5823 li.

350 5636 394 5665 ³⁸
419 5634 555 5689 Tol).
593 5651 665 5695 tv,
704 5636 792 5691 16.
866 5636 910 5667 ³⁸
941 5632 1129 5687 Matth.
1158 5646 1255 5693 vn,
1290 5630 1380 5684 12.
1458 5629 1503 5660 ³³
1535 5627 1591 5683 8.
1623 5628 1783 5695 Greg.

1866 5646 1872 5681 ι
1909 5628 2130 5687 Manil"
2166 5628 2219 5680 ι.

652 5676 682 5736 το
709 5676 862 5760 333.1.
1167 5676 1427 5755 v“,Joa'n.
1455 5715 1543 5762 xv,
1579 5698 1665 5753 ll).
1703 5676 1784 5730 v?‘

1866 5716 2018 5752 'rare.
2097 5676 2142 5728 "3
2176 5696 2361 5751 Matth.
2389 5714 2525 5761 xx",
2558 5697 2645 5752 40.
2724 5695 2770 5728 ⁸⁸
2796 5694 2931 5752 Dan.
2966 5711 3041 5762 x1,
3066 5676 3160 5753 39.:
3228 5698 3273 5729 ’⁵⁸
3299 5676 3421 5753 non:

1230 5560 1271 5591 ³¹
1300 5558 1572 5613 Hactenus
1602 5556 1737 5612 Ven.
1770 5552 1917 5613 Fort.
1994 5558 2038 5589 ³¹
2065 5557 2252 5612 Matth.
2282 5574 2415 5610 χχιι.
2486 5552 2536 5588 ’⁸³
2564 5556 2719 5611 Deut.
2742 5571 2830 5619 vr;
2864 5552 3050 5609 Matth.
3075 5570 3224 5622 xxn;
3255 5555 3423 5611 Marc.

2297 5627 2339 5658 ³⁷
2370 5626 2387 5679 Ι
2414 5624 2571 5681 Joan.
2601 5643 2672 5681 iv.
2749 5626 2793 5656 ³⁸
2844 5624 2902 5679 S.
2938 5623 3061 5678 Isid.
3105 5624 3160 5690 2,
3196 5637 3335 5689 sent,
3367 5627 3422 5683 5.

1964 5769 2008 5801 ⁸⁸
2038 5767 2289 5826 Distinet.
2322 5769 2414 5836 93,
2442 5766 2749 5825 Sacerdotes
2773 5783 2911 5821 vero.
