3900 6334
528 260 633 318 475

1376 254 1433 311 S.
1475 251 1872 312 CLEMENTIS
1909 253 1931 309 l
1968 252 2137 310 ROM.
2174 251 2378 310 PONT.
2410 253 2640 312 OPERA
2677 254 2906 315 DUBIA.
3601 278 3681 335 no

526 388 658 429 vero
685 371 768 428 sal
796 378 955 427 terra:
987 377 1044 427 et
1085 368 1274 425 mundi
1304 368 1490 424 lumen
1515 368 1558 401 ’δ’
1588 370 1815 435 docens,
1847 370 2101 441 praecepit
2130 374 2177 431 Α
2205 371 2371 442 cepit,
2396 372 2489 443 qui
2516 388 2624 428 non
2646 374 2959 446 primatum,
2983 376 3685 455 aut‘arcbiepiscoporum,aut

528 466 586 518 in
622 464 912 534 splendore
941 462 1210 517 bonorum
1252 476 1479 531 operum
1529 460 1747 517 Patrem
1801 462 2105 534 gloriﬁcare

526 555 737 623 Deum;
777 555 844 609 de
875 554 1076 624 quibus
1125 552 1395 608 Dominus
1453 552 1530 607 ait
1563 572 1575 608 :
1619 554 1773 607 Beati
1809 555 1956 620 estis,
1988 572 2106 610 cum

524 648 899 702 maledixerint
930 646 1074 701 vobis
1105 645 1363 709 homines,
1387 653 1436 700 et
1466 646 1727 713 persecuti
1754 663 1843 700 vos
1873 646 2101 715 fuerint,

526 750 575 794 et
604 740 839 794 dixerint
871 756 1021 794 omne
1071 739 1274 793 malum
1330 737 1606 792 adversum
1649 755 1761 803 vos,
1804 739 2105 794 mentientes

524 842 734 902 propter
760 848 861 888 me.
912 830 1143 885 Gaudete
1168 838 1219 886 et
1272 829 1554 895 exsultate,
1595 831 1847 900 quoniam
1910 847 2103 886 merces

528 934 698 979 vestra
730 925 942 994 copiosa
971 933 1050 977 est
1072 924 1128 976 in
1158 922 1333 986 caelis;
1365 923 1440 976 sic
1485 922 1623 976 enim
1676 924 1938 991 persecuti
1980 933 2103 978 sunt

526 1016 835 1085 prophetas,
867 1016 959 1086 qui
987 1016 1200 1084 fuerunt
1235 1023 1355 1068 ante
1383 1030 1490 1067 vos.
1538 1012 1636 1067 Vos
1660 1014 1791 1068 estis
1823 1014 1906 1068 sal
1951 1024 2105 1070 terrte

530 1110 683 1174 Quod
717 1109 763 1162 si
787 1108 869 1162 sal
891 1107 1182 1171 evanuerit,
1209 1107 1264 1159 in
1302 1121 1402 1176 quo
1450 1104 1674 1159 salietur
1702 1107 1728 1161 Ρ
1776 1105 1857 1158 Ad
1880 1106 2105 1161 nihilum

529 1202 663 1255 valet
694 1202 862 1267 ultra,
900 1200 1003 1254 nisi
1040 1210 1096 1252 ut
1121 1200 1269 1268 foras
1294 1199 1559 1262 mittatur,
1589 1205 1638 1251 et
1665 1197 2005 1251 conculcetur
2038 1197 2102 1252 ab

526 1293 847 1349 hominibus.
916 1291 1041 1347 Non
1070 1300 1239 1361 potest
1262 1290 1448 1344 civitas
1482 1288 1735 1345 abscondi
1761 1305 1922 1359 supra
1954 1308 2103 1345 mon-

528 1396 630 1442 tem
654 1388 849 1456 posita,
904 1401 1067 1455 neque
1125 1381 1417 1437 accendunt
1473 1380 1766 1445 lucernam,
1805 1390 1854 1435 et
1904 1393 2099 1452 ponunt

526 1497 644 1547 eam
678 1479 772 1534 sub
820 1477 1017 1543 modio,
1060 1475 1149 1530 sed
1200 1491 1355 1545 super
1383 1473 1781 1537 candelabrum,
1837 1484 1895 1527 ut
1932 1474 2101 1528 luceat

528 1571 769 1626 omnibus
807 1572 898 1641 qui
928 1571 981 1623 in
1027 1569 1182 1624 domo
1222 1576 1343 1622 sunt
1373 1567 1441 1632 5°,
1472 1574 1529 1620 ut
1560 1565 1655 1636 qui
1712 1565 2101 1636 ingrediuntur

530 1667 710 1720 lumen
740 1664 959 1719 videant
986 1662 1052 1718 ⁸³.
1107 1661 1199 1716 Sic
1257 1660 1430 1715 luceat
1458 1659 1553 1713 lux
1589 1669 1762 1713 vestra
1793 1674 1973 1712 coram
2003 1658 2099 1712 ho-

529 1756 779 1820 minibus,
804 1766 862 1809 ut
894 1752 1101 1808 uideant
1126 1752 1261 1807 bona
1291 1768 1450 1822 opera
1490 1759 1684 1814 vestra,
1716 1759 1765 1804 et
1804 1749 2099 1821 gloriﬁcent

530 1848 748 1902 Patrem
795 1855 1044 1912 vestrum,
1080 1846 1168 1915 qui
1196 1846 1250 1899 in
1274 1844 1415 1899 caelis
1458 1852 1537 1897 est
1566 1843 1633 1898 “.
1662 1842 1968 1913 Episcopos
2000 1859 2100 1897 au-

527 1948 635 1995 tem
666 1954 763 2009 per
803 1931 1045 2010 singulas
1071 1936 1343 2001 civitates,
1377 1936 1577 2006 quibus
1626 1934 1717 1988 ille
1770 1949 1882 1988 non
1916 1935 2083 1991 mise-

528 2044 652 2097 rat,
734 2030 1023 2102 perdoctos
1074 2037 1128 2086 et
1200 2029 1496 2101 prudentes
1561 2027 1704 2083 sicut
1779 2036 2090 2098 serpentes,

528 2128 919 2198 simplicesque
977 2126 1120 2181 sicut
1150 2122 1457 2189 columbas,
1509 2121 1666 2193 juxta
1701 2118 1915 2174 Domini
1958 2135 2099 2189 prae-

528 2221 859 2291 ceptionem,
909 2218 1070 2273 nobis
1128 2217 1345 2272 mittere
1399 2214 1678 2285 praecepit.
1731 2212 1888 2279 Quod
1934 2213 2098 2267 etiam

528 2313 707 2369 facere
736 2312 1132 2377 inchoavimus,
1157 2316 1211 2364 et
1246 2307 1476 2362 Domino
1515 2321 1673 2376 opem
1721 2304 1948 2371 ferente,
2003 2304 2090 2357 fa-

524 2406 671 2462 cturi
710 2420 922 2460 sumus.
959 2402 1065 2460 Vos
1108 2409 1288 2457 autem
1313 2415 1410 2470 per
1436 2404 1651 2455 vestras
1689 2397 1954 2452 dioeceses
1986 2397 2101 2466 epi-

527 2514 728 2570 scopos
764 2505 976 2552 sacrate
1004 2504 1059 2551 et
1087 2494 1306 2557 mittite,
1332 2492 1461 2562 quia
1495 2506 1596 2545 nos
1630 2489 1696 2545 ad
1723 2489 1860 2542 alias
1890 2495 2099 2559 partes,

525 2592 670 2661 quod
693 2591 832 2646 idem
856 2588 1044 2660 jussit,
1072 2601 1236 2657 agere
1279 2584 1624 2640 curabimus.
1687 2582 1914 2653 Aliquos
1954 2598 2088 2638 vero

526 2683 595 2738 ad
623 2682 827 2751 Gallias
877 2680 1281 2752 Hispaniasque
1304 2675 1352 2709 ⁸³
1401 2676 1701 2739 mittemus,
1728 2683 1782 2730 et
1819 2675 2091 2745 quosdam

525 2778 594 2831 ad
625 2776 969 2831 Germaniam
993 2781 1045 2827 et
1075 2771 1308 2834 Italiam,
1335 2776 1500 2838 atque
1530 2769 1596 2823 ad
1628 2768 1865 2839 reliquas
1908 2774 2096 2838 gentes

526 2868 763 2937 dirigere
806 2866 1079 2934 cupimus.
1129 2862 1234 2917 Ubi
1265 2870 1444 2917 autem
1500 2859 1795 2916 ferociores
1836 2868 1889 2915 et
1919 2859 2096 2914 rebel-

526 2958 693 3013 liores
740 2966 932 3028 gentes
997 2970 1119 3011 esse
1166 2952 1608 3024 cognoverimus,
1669 2952 1799 3007 illuc
1858 2952 2096 3023 dirigere

2208 458 2756 535 metrOpoiitanorum
2799 468 3040 533 nomine,
3072 470 3199 540 quia
3248 480 3433 529 matres
3458 477 3687 540 civitatum

2205 572 2317 612 non
2348 564 2561 624 tenent,
2596 559 2692 616 sed
2722 561 3105 632 episc0porum
3135 569 3329 618 tantum
3360 569 3589 627 vocabulo
3614 591 3685 644 po-

2204 653 2468 718 tirentur;
2496 653 2754 723 quoniam
2778 669 2879 709 nec
2902 656 3045 710 inter
3075 653 3221 724 ipsos
3249 660 3497 726 apostolos
3521 678 3602 731 par
3625 667 3689 722 in-

2205 743 2421 798 stitutio
2451 742 2576 808 fuit,
2610 745 2706 800 sed
2736 762 2880 801 unus
2918 746 3173 803 omnibus
3212 748 3483 817 prmfuit".
3511 751 3606 809 Hoc
3626 764 3669 811 ta

2204 850 2327 891 men
2362 835 2769 906 prazvidendum
2819 837 3081 903 instituit,
3112 854 3181 894 ne
3220 839 3273 893 in
3314 842 3465 908 villis,
3507 857 3586 901 aut
3625 865 3691 904 ca-

2204 927 2378 981 stellis
2408 927 2497 983 vel
2542 928 2772 985 modicis
2808 928 3144 994 civitatibus,
3192 931 3567 989 instituerentur
3603 940 3693 1009 cpio

2203 1018 2388 1089 scopi;
2415 1034 2483 1074 ne
2514 1032 2621 1075 vite
2656 1035 2843 1075 eorum
2876 1036 3074 1075 nomen
3103 1021 3270 1076 ﬁeret.
3301 1022 3566 1096 Episcopos
3591 1045 3694 1100 ergo

2201 1110 2375 1165 vicem
2406 1116 2774 1181 apostolorum
2794 1128 3001 1183 gerere,
3028 1111 3307 1167 Dominum
3329 1114 3553 1173 docuisse
3577 1119 3693 1175 dice-

2202 1201 2315 1264 bat,
2348 1209 2402 1257 et
2434 1202 2769 1273 reliquorum
2796 1204 3190 1275 discipulorum
3219 1206 3384 1261 vicem
3412 1213 3573 1265 tenere
3597 1227 3694 1281 pre-

2203 1295 2456 1367 sbyteros
2493 1296 2695 1352 debere
2737 1296 3070 1351 insinuabat.
3102 1295 3169 1351 Et
3198 1297 3243 1352 si
3281 1298 3397 1369 quis
3420 1300 3619 1371 aliquem
3642 1320 3693 1360 ex

2202 1387 2290 1441 bis
2323 1387 2741 1453 scandalizaret,
2784 1387 3163 1459 gravissimam
3197 1388 3272 1443 illi
3321 1405 3518 1460 pinnam
3547 1393 3695 1450 inferri

2202 1477 2400 1534 debere
2437 1480 2792 1550 praedicabat.
2821 1478 3065 1537 Cunctos
3107 1496 3167 1536 se
3194 1481 3414 1537 invicem
3444 1482 3633 1555 diligere
3654 1494 3696 1541 et

2203 1572 2465 1642 adjuvare
2505 1573 2723 1639 debere,
2763 1581 2817 1629 et
2846 1573 3118 1629 neminem
3153 1575 3220 1629 ab
3251 1572 3506 1643 adjutorio
3550 1576 3697 1635 fratris

2202 1680 2261 1720 se
2289 1666 2610 1721 subtrahere
2634 1666 3020 1724 instruebat.“
3052 1665 3361 1722 Homicidas
3382 1684 3499 1722 vero
3523 1669 3697 1723 etadul-

2202 1765 2371 1824 teros,
2400 1774 2465 1813 ac
2488 1766 2719 1815 cunctos
2752 1758 3130 1813 criminalibus
3152 1759 3377 1815 nexibus
3405 1760 3638 1831 alligatos,
3658 1769 3699 1817 et

2199 1849 2292 1919 qui
2316 1850 2397 1904 eis
2427 1851 2733 1921 coaequales
2754 1865 2864 1905 non
2890 1858 3068 1916 erant,
3100 1849 3378 1921 ableorum
3400 1853 3642 1907 vexatione
3658 1861 3698 1907 et

2199 1941 2566 2007 accusatione,
2604 1941 2833 1998 docente
2867 1941 3120 2008 Domino,
3159 1942 3486 2012 prohibebat,
3514 1951 3561 2000 et
3595 1960 3700 1998 non-

2198 2033 2306 2089 nisi
2336 2049 2367 2087 a
2390 2035 2760 2104 corequalibus
2799 2035 3004 2106 aliquid
3031 2035 3113 2091 eis
3142 2034 3333 2090 inferri
3365 2034 3548 2091 debere
3572 2036 3700 2091 doce-

2198 2126 2321 2194 bat;
2354 2125 2483 2196 quia
2517 2125 2847 2198 discipulum
2889 2142 3057 2198 supra
3104 2128 3423 2199 magistrum
3471 2144 3595 2192 esse,
3633 2138 3702 2182 aut

2198 2217 2364 2271 ullam
2389 2217 2440 2273 ei
2485 2218 2741 2289 injuriam
2770 2218 2995 2285 inferre,
3036 2219 3348 2275 nullatenus
3373 2220 3551 2275 debere
3575 2234 3701 2290 opor-

2198 2319 2301 2369 tet.
2324 2312 2368 2343 ⁶¹
2403 2311 2639 2369 Inl‘ames
2670 2312 2835 2369 etiam
2886 2329 3099 2378 omnes,
3137 2319 3193 2369 et
3222 2329 3359 2383 quos
3406 2313 3635 2383 primates
3665 2319 3704 2367 ct

2197 2404 2347 2477 leges
2385 2406 2568 2463 saeculi
2599 2421 2708 2461 non
2728 2405 3057 2477 suscipiunt,
3083 2406 3180 2463 sed
3207 2416 3259 2462 et
3281 2407 3443 2461 laicos
3463 2406 3524 2460 ab
3551 2420 3700 2460 eorum

2199 2498 2550 2554 accusatione
2593 2505 2647 2554 et
2696 2499 2982 2554 vexatione
3035 2514 3256 2568 semper
3306 2496 3485 2568 repelli
3523 2496 3700 2559 debere,

2197 2591 2445 2663 rogabat,
2496 2601 2550 2646 et
2599 2597 2830 2647 cunctos
2871 2591 2980 2646 illis
3020 2589 3273 2645 subditos
3317 2604 3435 2645 esse
3470 2585 3701 2658 pracipie-

2197 2683 2311 2738 bat.
2331 2683 2374 2714 “
2404 2682 2740 2737 Cunctorum
2800 2683 3149 2738 sacerdotum
3189 2682 3378 2745 vitam,
3421 2680 3703 2751 superiorem

2198 2775 2639 2845 sanctiorcmque
2659 2790 2722 2830 ac
2750 2775 3044 2830 discretam
3083 2773 3491 2839 asaecularibus
3513 2780 3560 2825 et
3583 2768 3703 2824 laicis

2196 2868 2510 2923 hominibus
2532 2882 2674 2935 esse,
2699 2874 2753 2923 et
2776 2866 3085 2937 spirituales
3107 2882 3358 2936 quosque
3387 2871 3537 2935 atque
3561 2876 3703 2917 sacer-

2196 2960 2350 3016 dotes
2381 2976 2546 3030 super
2572 2960 2821 3015 carnales
2850 2973 2913 3013 ac
2942 2958 3111 3013 laicos
3156 2971 3370 3028 semper
3423 2954 3705 3011 constituen-

526 3049 889 3118 sapientiores
923 3056 976 3101 et
1006 3046 1337 3101 austeriores
1392 3060 1621 3101 necesse
1670 3044 1953 3110 habemus,
2000 3046 2093 3115 qui
2122 3076 2163 3133 ο
2197 3052 2296 3107 dos
2326 3052 2593 3119 docebat;
2621 3051 2879 3122 quoniam
2915 3065 3015 3120 pro
3047 3050 3279 3104 minimo
3313 3048 3465 3104 nobis
3495 3061 3600 3103 esse
3633 3044 3706 3099 de-

526 3141 771 3213 quotidie
813 3155 921 3195 non
975 3145 1194 3194 cessent
1238 3137 1423 3192 divina
1466 3128 1739 3193 seminare
1777 3138 2004 3203 semina,
2036 3148 2090 3193 et

524 3233 727 3289 multos
755 3232 976 3288 Christo
999 3232 1223 3296 lucrari,
1255 3238 1310 3287 et
1341 3230 1409 3283 ad
1439 3238 1643 3286 rectam
1675 3229 1833 3285 ﬁdem
1860 3237 1916 3285 et
1945 3231 2089 3285 viam

523 3325 770 3380 veritatis
820 3324 1138 3394 perducere,
1184 3329 1243 3376 ut
1279 3321 1466 3393 plures
1512 3322 1821 3393 manipulos
1861 3320 2093 3379 Domino

524 3419 740 3473 valeant
796 3424 1150 3487 praesentare.

591 3508 717 3564 “In
748 3509 856 3565 illis
885 3523 1014 3564 vero
1047 3508 1383 3574 civitatibus,
1434 3507 1490 3562 in
1530 3506 1730 3578 quibus
1768 3505 1898 3560 olim
1949 3504 2091 3575 apud

520 3602 772 3658 ethnicos
820 3601 1275 3657 archillamines"
1319 3616 1533 3664 eorum,
1571 3610 1732 3670 atque
1776 3598 1935 3672 primi
1956 3598 2090 3669 legis

522 3693 779 3750 doctores
821 3702 997 3756 erant,
1050 3693 1433 3763 episcoporum
1484 3691 1747 3762 primates
1802 3689 1953 3760 poni,
2002 3691 2089 3744 vel

523 3786 886 3856 patriarchas,
918 3786 1013 3855 qui
1052 3785 1391 3855 reliquorum
1444 3782 1831 3854 episcoporum
1881 3779 2087 3850 judicia

521 3889 576 3933 et
623 3878 833 3949 majora
878 3876 1115 3949 (quoties
1163 3890 1394 3931 necesse
1435 3874 1597 3946 foret)
1627 3873 1843 3945 negotia
1886 3872 1941 3926 in
1980 3872 2087 3928 tide

521 3971 811 4041 agitarent,
836 3976 890 4024 et
919 3967 1222 4025 secundum
1262 3966 1355 4022 Dei
1387 3966 1744 4029 voluntatem,
1778 3964 1923 4020 sicut
1949 3980 2086 4019 con-

518 4063 818 4116 stituerunt
850 4060 1024 4115 sancti
1050 4060 1303 4131 apostoli,
1334 4063 1407 4113 ita
1440 4066 1497 4113 ut
1517 4076 1584 4114 ne
1609 4058 1733 4129 quis
1763 4058 1967 4127 injuste
1991 4076 2087 4129 pe-

521 4154 875 4217 riclitaretur,
934 4152 1244 4207 delinirent.
1272 4153 1317 4184 ⁵⁶
1351 4151 1407 4207 In
1460 4154 1568 4208 illis
1613 4161 1793 4208 autem
1845 4153 2083 4208 civitati-

522 4246 649 4310 bus,
675 4245 731 4300 in
760 4247 958 4317 quibus
996 4246 1202 4300 dudum
1242 4244 1385 4315 apud
1414 4245 1700 4315 praedictos
1721 4257 1875 4302 erant
1898 4247 2084 4302 archi-

520 4340 791 4405 ﬂamines,
822 4354 960 4410 quos
992 4346 1172 4393 tamen
1204 4338 1444 4394 minores
1473 4339 1732 4393 tenebant
1774 4354 1935 4409 quam
1970 4356 2086 4396 me»

520 4441 762 4488 moratos
790 4435 1072 4505 primates,
1091 4432 1532 4501 archiepiscopos
1567 4431 1778 4488 institui
1802 4434 2078 4504 praecepit,
2112 4428 2160 4488 D

518 4527 611 4596 (,ni
661 4542 770 4580 non
813 4535 994 4582 tamen
1036 4524 1353 4594 primatum,
1402 4523 1499 4579 sed
1544 4524 2082 4597 archiepiscoporum

520 4619 832 4674 fruerentur
876 4619 1117 4673 nomine.
1170 4615 1561 4687 Episcoporum
1613 4619 2081 4688 quoquejudicia,

519 4719 578 4765 ut
629 4710 883 4787 superius
916 4716 1278 4765 memoratum
1325 4715 1430 4774 est,
1457 4718 1511 4762 et
1548 4709 1762 4779 majora
1812 4711 2086 4770 Ecclesia-

516 4822 639 4860 rum
686 4804 922 4875 negotia,
969 4803 1016 4857 si
1064 4802 1167 4872 ipsi
1208 4800 1649 4866 reclamaverint,
1696 4810 1791 4857 aut
1836 4805 2075 4877 aliquem

515 4900 787 4961 timorem,
815 4904 909 4950 aut
939 4896 1075 4950 istos
1119 4894 1202 4948 vel
1241 4893 1379 4948 alios
1422 4904 1710 4963 suspectos
1759 4897 2075 4970 habuerint,

516 4991 581 5045 ad
605 4992 717 5060 jam
751 4990 928 5045 dictos
959 4988 1218 5055 primates
1252 4986 1336 5041 vel
1378 4988 1741 5055 patriarchas,
1769 5008 1839 5047 ne
1879 4995 2076 5064 aliquis

516 5090 775 5137 nocenter
798 5082 841 5113 ⁸⁷
872 5081 1093 5149 periret,
1124 5077 1411 5133 transferri
1459 5082 1823 5149 perdocuit".
1859 5084 1918 5140 In
1962 5089 2080 5143 sin-

513 5177 655 5247 gulis
679 5189 808 5229 vero
836 5172 1063 5243 reliquis
1111 5170 1424 5226 civitatibus
1454 5172 1724 5243 singulos,
1759 5184 1813 5232 et
1843 5194 1951 5234 non
1993 5181 2077 5235 bi-

514 5285 615 5325 nos
640 5270 723 5325 vel
752 5275 937 5323 ternos
968 5273 1060 5319 aut
1084 5264 1266 5334 plures
1294 5264 1600 5335 episcopos,
1624 5271 1884 5325 constitui
1927 5288 2071 5344 prae-

582 5490 625 5521 "
641 5506 770 5546 esse.

513 5633 648 5701 Aug.
688 5634 740 5686 in
765 5631 894 5685 Atlr.
935 5632 1061 5684 coll.
1093 5632 1270 5684 datam
1336 5631 1546 5700 lngilr.,

517 5703 631 5757 lih.‘
653 5719 709 5757 ιι,
815 5703 860 5733 ⁵⁸
881 5701 911 5753 7
932 5716 985 5757 tt.
1020 5702 1075 5757 l.
1102 5701 1289 5753 Beatus
1325 5701 1509 5757 Petrus

537 5719 709 5757 IDJH.

514 5788 598 5840 cp.
632 5772 683 5826 (ε.
762 5773 803 5801 ⁸³
826 5764 1046 5838 Μειδίαν.
1081 5770 1132 5835 2,
1160 5788 1208 5824 c.
1241 5764 1329 5818 5U.

2194 3144 2303 3209 bet,
2336 3154 2393 3198 ut
2425 3160 2456 3199 a
2484 3144 2688 3199 talibus
2738 3156 3035 3213 arguamur
3076 3148 3132 3197 et
3171 3139 3498 3211 judicemur,
3538 3136 3610 3191 vel
3652 3134 3704 3188 ab

2192 3237 2432 3293 humano
2464 3237 2636 3293 die."
2667 3235 2900 3306 Majores
2948 3250 3079 3290 vero
3114 3249 3145 3288 a
3171 3233 3473 3288 minoribus
3512 3244 3597 3285 nec
3637 3241 3708 3281 ac-

2193 3330 2376 3386 cusari
2410 3345 2509 3385 nec
2544 3328 2785 3400 judicari
2812 3329 3086 3384 ullatenus
3122 3342 3290 3397 posse
3332 3323 3570 3389 dicebat;
3598 3333 3706 3389 quo-

2194 3420 2339 3476 niam
2372 3437 2481 3476 non
2512 3422 2690 3476 solum
2731 3420 2835 3475 hoc
2882 3419 3121 3483 divinas,
3148 3419 3245 3475 sed
3276 3425 3332 3474 et
3376 3416 3515 3489 leges
3560 3409 3708 3470 saeculi

2191 3514 2437 3570 inhibere
2467 3513 2717 3570 docebat.

2261 3609 2462 3663 Omnes
2482 3623 2613 3678 ergo
2644 3607 2820 3677 legum
2843 3603 3155 3659 divinarum
3184 3603 3420 3658 libenter
3441 3597 3707 3656 violatores,

2191 3706 2244 3755 ct
2284 3714 2566 3755 sacrarum
2609 3697 3017 3753 institutionum
3048 3695 3358 3750 voluntarie
3408 3688 3709 3762 perturbato-

2191 3808 2299 3858 res,
2347 3791 2721 3847 ecclesiastica
2770 3788 3023 3859 indignos
3072 3788 3265 3858 regula
3293 3792 3347 3841 et
3378 3789 3557 3839 sancta
3581 3792 3705 3834 corn-

2188 3883 2448 3938 munione
2494 3881 2798 3952 judicabat;
2852 3879 3182 3949 Operatores
3232 3893 3365 3933 vero
3410 3872 3706 3933 earumdem,

2187 3979 2376 4048 eisque
2404 3976 2736 4039 obedientes,
2760 3981 3112 4043 utrarumque
3134 3986 3199 4025 ac
3228 3980 3541 4024 cancrorum
3566 3963 3709 4019 bono.

2188 4086 2310 4124 rum
2351 4069 2548 4139 dignos
2594 4078 2719 4121 esse
2767 4065 3009 4133 dicebat.
3043 4060 3199 4117 Unde
3255 4069 3311 4116 et
3369 4060 3637 4129 praphetas
3666 4053 3709 4105 in

2187 4162 2558 4219 testimonium
2599 4159 2848 4216 sumebat
2874 4155 3121 4220 :Audite,
3151 4154 3292 4220 cteli,
3319 4163 3368 4209 et
3399 4149 3599 4205 auribus
3618 4161 3711 4215 per-

2187 4257 2317 4325 cipe,
2360 4264 2522 4320 terra,
2563 4253 2811 4325 quoniam
2856 4250 3111 4304 Dominus
3166 4249 3377 4303 locutus
3431 4255 3540 4300 est:
3575 4239 3709 4294 Filios

2186 4349 2410 4403 enutrivi
2447 4356 2496 4401 et
2543 4345 2796 4411 exaltari,
2829 4344 2932 4414 ipsi
2972 4352 3150 4396 autem
3178 4348 3480 4411 spreverunt
3509 4352 3600 4390 me.
3630 4330 3711 4387 Co-

2184 4442 2358 4513 gnovit
2386 4440 2475 4493 bos
2501 4452 2853 4508 possessorem
2887 4451 3063 4498 suum,
3098 4441 3148 4488 et
3181 4434 3367 4488 asinus
3389 4443 3601 4502 prazsepe
3638 4423 3710 4476 do-

2186 4534 2316 4587 mini
2348 4534 2451 4596 sui,
2484 4530 2657 4586 Israel
2688 4538 2864 4584 autem
2902 4545 3003 4582 non
3033 4527 3273 4598 cognovit
3313 4542 3415 4589 me,
3446 4532 3493 4578 et
3525 4515 3711 4590 populi“

2184 4643 2327 4679 meus
2345 4642 2447 4678 non
2476 4622 2754 4678 intellexit.
2783 4621 2869 4675 Va:
2890 4621 3029 4692 genti
3058 4619 3343 4688 peccatrici
3361 4619 3380 4670 !
3399 4613 3575 4686 populo
3592 4606 3709 4680 gravi
3788 4610 3791 4615 ⁷

2184 4717 2481 4788 iniquitate,
2514 4715 2700 4768 semini
2748 4728 2992 4784 nequam,
3023 4712 3151 4780 ﬁliis
3194 4706 3501 4763 sceleratis!
3548 4697 3713 4757 Dereli—

2182 4817 2403 4879 querunt
2432 4806 2735 4869 Dominum,
2758 4804 3245 4872 blasphemaverunt
3277 4802 3525 4858 Sanctum
3547 4792 3708 4853 Israel.

2186 4902 2473 4956 abalienati
2499 4910 2622 4954 sunt
2650 4908 2956 4952 retrorsum.
2990 4895 3157 4964 Super
3184 4912 3290 4966 quo
3332 4893 3605 4965 percutiam
3640 4900 3710 4939 vos

2182 4996 2347 5058 ultra,
2377 4992 2627 5047 addentes
2655 4990 3187 5060 prwvaricationem?
3229 4988 3397 5043 Omne
3443 4991 3585 5053 caput
3613 4980 3710 5032 lan-

2180 5087 2418 5159 guidum,
2443 5096 2492 5141 et
2521 5101 2670 5139 onme
2714 5100 2805 5137 cor
2846 5100 3063 5135 maerens
3088 5097 3106 5134 :
3125 5099 3156 5134 a
3186 5082 3379 5149 planta
3418 5077 3553 5149 pedis
3577 5084 3710 5141 usque

2181 5183 2250 5237 ad
2281 5184 2517 5236 verticem
2539 5196 2640 5233 non
2672 5185 2748 5231 est
2773 5175 2827 5228 in
2852 5191 2912 5228 eo
2937 5175 3177 5227 sanitas:
3212 5173 3402 5226 rulnus
3440 5181 3484 5223 et
3520 5169 3649 5225 livor,
3669 5170 3709 5213 et

2182 5276 2342 5346 plaga
2375 5283 2576 5327 tumens
2600 5277 2802 5324 nonest
2833 5265 3220 5335 circumligata,
3255 5280 3349 5319 nec
3380 5271 3556 5318 curata
3580 5254 3709 5312 medi-

854 5488 1396 5554 '°Mattlt.v,H-16.
1458 5493 1692 5559 F’Dccst
1717 5497 1891 5551 media
1916 5498 2029 5553 haec
2053 5499 2320 5556 sententia
2350 5498 2403 5551 in
2440 5494 2672 5551 Lucensi
2718 5492 2925 5548 codice.
3000 5488 3335 5552 "Ibid.,16.
3400 5486 3553 5559 "bis:
3594 5478 3710 5559 θρίξ·

511 5562 728 5638 niasque
778 5632 789 5638 Δ
826 5560 872 5638 [⁵⁸
893 5560 1156 5638 υἱεῖς-Μ),
1202 5560 1269 5614 In
1315 5562 1789 5638 illiscivitatibus;
1842 5578 1895 5622 et
1943 5568 2050 5625 Leo
2084 5569 2172 5633 IX,
2206 5585 2290 5638 ep.
2326 5569 2377 5623 ὅ.

1763 5640 1793 5671 ’Ζ
1853 5640 1930 5671 ΙηΙ
1988 5655 2054 5671 nn
2110 5640 2144 5671 0
2242 5640 2284 5671 87

815 5637 894 5685 tlr.
935 5637 1061 5684 coll.
1093 5637 1270 5684 datam
1336 5637 1546 5700 lngilr.,
1614 5653 1664 5691 c.
1724 5638 1815 5702 25,
1843 5637 1953 5695 Jul.
1988 5655 2075 5709 ep.

815 5701 985 5782 ‘f'iq.
1020 5701 1509 5782 l,‘Beati_t_s_Petrus
1562 5706 1763 5779 lludrd,
1801 5726 1848 5765 c.
1881 5711 1971 5779 63,
2022 5714 2092 5766 co'

2242 5637 2284 5671 ⁸⁷
2324 5640 2440 5710 quis
2477 5638 2795 5690 innocenter.
2872 5637 2918 5664 ⁸⁸
2948 5637 3131 5699 jussit.
3247 5637 3292 5664 δ’
3337 5637 3391 5683 In
3448 5637 3704 5680 Περί-,υνυς

2197 5712 2380 5766 llOlllS.
2487 5711 2525 5739 °‘
2555 5708 2609 5771 2,
2641 5722 2693 5776 (ι.
2732 5705 2789 5773 7,
2817 5703 2965 5759 Laici
2994 5705 3053 5755 in,
3076 5702 3433 5757 accusatione.
3506 5698 3546 5727 "
3574 5687 3707 5747 Fab.»

2458 5548 2515 5599 “ii
2533 5548 2699 5631 primi
2731 5564 3020 5617 sacerdotes
3049 5548 3314 5629 Ιῖωηίίιεδ·
3336 5628 3350 5631 _
3391 5561 3437 5590 ⁵⁵
3456 5556 3581 5631 fide

2324 5616 2440 5710 quis
2477 5616 2795 5710 innocenter.
2825 5703 2841 5710 _
2872 5634 2918 5710 δεξ
2948 5616 3131 5710 jussit.
3247 5628 3391 5710 ".ln
3448 5616 3704 5710 Πεςνὸιξξθο
