3900 6334
172 344 277 401 ιτ]

1364 331 1720 392 EPISTOLIE
1758 327 2213 386 DECRETALES

3306 329 3416 386 478

171 464 400 527 tamine,
428 476 591 530 neque
612 460 727 529 fota
761 459 896 515 oleo.
941 456 1109 513 Terra
1147 462 1321 510 vestra
1366 452 1598 515 deserta,
1626 453 1749 507 civi—
1780 464 1817 522 Α
1849 447 2124 519 episcopis
2161 446 2218 500 in
2253 444 2512 500 omnibus
2542 443 2753 514 absque
2786 454 2943 496 mora
2966 439 3304 504 obedientes,
3330 442 3420 497 in-

172 566 309 611 tates
340 563 526 610 vestra:
550 556 667 624 igne
696 566 998 607 succensae:
1021 549 1281 620 regionem
1310 558 1539 602 vestram
1560 562 1742 601 coram

170 648 317 702 vobis
374 647 536 701 alieni
571 645 847 711 devorant,
887 654 936 699 et
972 640 1299 697 desolabitur
1358 641 1495 695 sicut
1542 640 1597 693 in
1652 657 1745 694 va-

168 743 359 795 stitate
411 740 615 805 hostili,
637 748 689 793 et
726 735 1199 808 derelinquetur“.
1258 732 1372 796 γω,
1420 732 1621 803 inquit,
1654 733 1745 804 qui

168 836 355 890 dicitis
418 835 610 889 bonum
654 832 877 898 malum,
920 840 970 886 et
1007 830 1209 884 malum
1251 828 1465 892 bonum,
1498 838 1745 896 ponentes

170 929 417 983 tenebras
442 930 628 990 lucem,
649 937 699 981 et
722 926 890 981 lucem
932 923 1191 988 tenebras,
1224 931 1468 991 ponentes
1502 936 1745 975 amarum

168 1023 227 1074 in
258 1020 436 1085 dulce,
468 1030 517 1075 et
562 1019 723 1074 dulce
766 1020 823 1072 in
869 1034 1132 1072 amarum.
1169 1014 1461 1085 Propterea
1510 1014 1745 1082 captivus

166 1113 365 1168 ductus
388 1122 465 1167 est
494 1112 717 1182 populus
751 1128 917 1177 meus,
941 1111 1066 1182 quia
1096 1125 1201 1164 non
1225 1107 1407 1161 habuit
1446 1108 1742 1172 scientiam,

162 1217 219 1262 et
257 1206 463 1261 nobiles
507 1207 621 1275 ejus
657 1205 972 1259 interierunt
1010 1203 1172 1269 fame,
1222 1210 1271 1255 et
1304 1198 1587 1254 multitudo
1632 1198 1746 1268 ejus

162 1302 260 1354 siti
302 1301 541 1355 exaruit.
583 1298 873 1367 Propterea
920 1296 1171 1349 dilatavit
1212 1294 1449 1364 infernus
1511 1292 1745 1346 animam

162 1408 353 1457 nam,
382 1402 434 1446 et
462 1391 668 1461 aperuit
704 1407 762 1444 os
802 1406 955 1443 suum
989 1388 1184 1460 absque
1239 1387 1350 1441 ullo
1399 1387 1641 1441 termino.
1678 1386 1747 1439 Et

164 1483 489 1539 descendent
510 1484 673 1553 fortes
700 1483 836 1552 ejus,
869 1491 919 1536 et
958 1481 1180 1549 populus
1211 1480 1347 1550 ejus,
1402 1487 1453 1534 et
1497 1477 1746 1533 sublimes

163 1578 493 1648 gloriosique
528 1578 641 1645 ejus
695 1575 764 1629 ad
796 1592 935 1629 eum.
986 1572 1053 1627 Et
1084 1572 1449 1627 incurvabitur
1492 1571 1668 1637 homo,
1699 1580 1750 1624 et

165 1670 547 1723 humiliabitur
574 1670 674 1733 vir,
707 1676 756 1722 et
778 1668 918 1722 oculi
947 1665 1251 1720 sublimium
1274 1664 1650 1733 deprimentur.
1681 1661 1749 1716 Et

165 1763 504 1817 exaltabitur
532 1761 792 1815 Dominus
814 1761 1140 1815 exercituum
1170 1759 1223 1811 in
1237 1757 1467 1828 judicio,
1508 1765 1557 1811 et
1606 1756 1748 1810 Deus

1848 541 2109 597 stituente
2151 538 2405 602 Domino,
2447 551 2571 592 esse
2612 536 2811 590 debere
2852 533 3163 588 docebat".
3195 532 3418 591 Nullum

1848 633 1979 688 item
2010 632 2188 686 aliena
2231 628 2620 699 concupiscere
2662 636 2756 681 aut
2805 640 3153 698 prmsumere,
3179 641 3299 695 quae
3324 642 3424 682 eo-

1848 740 1973 779 rum
2005 731 2185 787 erant,
2226 722 2318 778 sed
2372 734 2819 791 unumquemque
2854 719 2971 774 suis
3022 718 3237 787 sibique
3264 733 3420 772 com-

1848 816 2037 873 missis
2086 822 2377 871 contentos
2429 828 2553 869 esse
2583 809 2892 866 docebat".
2924 808 3207 865 Neminem
3253 810 3421 865 etiam

1850 909 2014 964 alicui
2047 908 2254 978 aliquid
2277 907 2477 973 facere,
2510 907 2616 961 nisi
2648 905 2793 976 quod
2826 905 2930 959 sibi
2955 904 3071 958 ﬁeri
3100 904 3288 967 vellet,
3332 903 3421 956 in—

1850 1001 2119 1057 struebat.
2153 1000 2410 1055 Sanctam
2441 1014 2659 1069 quoque
2676 996 2978 1052 Ecclesiam
3012 996 3421 1050 immaculatam

1848 1107 2041 1147 omnes
2072 1107 2292 1148 servare
2330 1091 2529 1146 debere
2565 1089 2997 1161 evangelizahat,
3038 1089 3197 1158 cujus
3238 1090 3423 1148 claves

1850 1186 2143 1257 episcopos
2178 1200 2301 1241 esse
2351 1184 2589 1239 dicebat.
2635 1181 2746 1252 ipsi
2773 1182 2917 1237 enim
2949 1181 3149 1235 habent
3179 1188 3420 1252 potesta-

1850 1284 1960 1333 tem
1989 1277 2250 1332 claudere
2295 1279 2518 1339 caelum,
2557 1283 2611 1330 et
2659 1274 2875 1345 aperire
2904 1283 3089 1343 portas
3114 1275 3255 1343 ejus,
3290 1276 3419 1346 quia

1850 1371 2033 1426 claves
2062 1371 2189 1425 caeli
2231 1369 2359 1424 facti
2390 1377 2541 1425 sunt.
2575 1367 2885 1423 Admonere
2916 1375 3098 1421 autem
3121 1381 3217 1422 eos
3246 1368 3411 1423 nemi-

1850 1477 1975 1516 nem
2006 1463 2205 1518 debere
2233 1462 2487 1524 docebat,
2513 1462 2640 1531 quia
2660 1460 2806 1515 oculi
2833 1458 3047 1513 Domini
3077 1467 3226 1524 sunt,
3255 1466 3312 1514 et.
3331 1461 3423 1528 qui

1850 1572 1936 1610 eos
1969 1556 2159 1626 tangit,
2199 1558 2363 1626 tangit
2411 1554 2667 1625 pupillam
2700 1553 2839 1608 oculi
2899 1552 3090 1621 ejus".
3120 1552 3186 1605 Et
3217 1559 3424 1623 quanta

1850 1664 2012 1720 pinna
2042 1649 2243 1721 dignus
2270 1651 2341 1705 sit
2381 1650 2472 1721 qui
2505 1662 2601 1703 eos
2628 1646 2991 1712 scandalizat,
3017 1647 3196 1718 ipsum
3238 1645 3425 1700 Domi-

1852 1758 1983 1796 num
2015 1742 2271 1797 docuisse
2302 1742 2544 1806 dicebat,
2576 1742 2668 1795 ubi
2696 1742 2771 1795 ait
2803 1760 2816 1795 :
2845 1740 2950 1806 Qui
2980 1739 3423 1794 scandalizaverit

166 1867 389 1910 sanctus
424 1853 850 1924 sanctiﬁcabitur
874 1854 928 1906 in
952 1851 1242 1921 justitia”.
1284 1848 1546 1905 Carnales
1578 1850 1745 1919 spiri-
1780 1854 1821 1907 B
1852 1852 2014 1889 unum
2042 1836 2106 1889 άε
2131 1836 2342 1904 Pusam
2384 1836 2501 1888 ίδίίδ
2532 1835 2623 1904 qui
2660 1836 2716 1887 ίη
2746 1850 2827 1887 me
2854 1832 3095 1895 στθάνητι
3141 1830 3347 1901 expedit
3376 1832 3425 1886 εί

166 1950 417 2005 tualibus
447 1949 703 2005 resistere
735 1947 1073 2019 prohibebat.
1102 1944 1167 1999 Et
1192 1945 1260 2000 de
1281 1943 1366 1998 his
1392 1943 1485 2013 qui
1504 1942 1747 1998 cervices

169 2058 300 2097 suas
338 2050 533 2096 contra
562 2041 854 2111 magistros
884 2046 938 2095 et
985 2038 1232 2095 seniores
1281 2052 1413 2092 suos
1441 2036 1744 2107 erigebant,

168 2135 286 2189 haec
320 2134 377 2189 in
400 2134 708 2204 exemplum
740 2132 1047 2187 adducebat
1064 2132 1109 2166 ⁸⁸
1138 2146 1150 2183 :
1177 2130 1433 2184 Detracta
1460 2139 1538 2185 est
1569 2129 1637 2184 ad
1664 2130 1749 2183 in-

169 2229 316 2297 feros
352 2226 601 2297 superbia
631 2235 743 2291 tua,
782 2226 1007 2280 concidit
1025 2225 1069 2265 ⁸⁷
1097 2223 1322 2279 cadaver
1358 2232 1542 2279 tuum:
1571 2222 1751 2278 subter

170 2333 219 2377 te
250 2330 520 2375 sternetur
557 2321 718 2385 tinea,
750 2328 801 2374 et
832 2319 1209 2388 operimentum
1246 2326 1393 2370 tuum
1437 2329 1590 2371 erunt
1633 2333 1746 2371 ver-

170 2432 311 2469 mes.
346 2413 617 2481 Quomodo
654 2411 890 2467 cecidisti
926 2412 989 2466 de
1028 2413 1179 2479 ccelo,
1211 2409 1449 2480 Lucifer,
1478 2410 1568 2481 qui
1599 2426 1752 2464 mane

170 2506 438 2561 oriebaris
455 2504 757 2561 ?Corruisti
780 2506 831 2558 in
853 2515 1073 2569 terram,
1096 2503 1187 2574 qui
1212 2502 1529 2557 vulnerabas
1550 2512 1749 2571 gentes,

171 2601 261 2669 qui
290 2598 508 2653 dicebas
531 2600 584 2653 in
617 2599 770 2653 corde
795 2608 885 2652 tuo
909 2613 928 2651 :
959 2596 1026 2651 In
1049 2598 1236 2651 caelum
1264 2594 1632 2663 conscendam,
1660 2611 1753 2649 su~

171 2708 259 2760 per
278 2701 433 2747 astra
460 2692 560 2746 Dei
582 2690 828 2745 exaltabo
857 2690 1049 2744 solium
1074 2705 1277 2753 meum;
1301 2687 1486 2746 sedebo
1504 2688 1557 2742 in
1580 2696 1753 2742 monte

175 2785 524 2851 Testamenti,
565 2787 619 2840 in
655 2785 910 2839 lateribus
955 2784 1252 2854 aquilonis;
1282 2782 1565 2837 ascendam
1596 2798 1753 2851 super

172 2879 513 2933 altitudinem
542 2878 777 2943 nubium,
800 2877 992 2931 similis
1020 2894 1109 2931 ero
1136 2876 1438 2930 Altissimo.
1478 2874 1755 2928 Verumta-

174 2989 286 3026 men
320 2974 393 3026 ad
424 2972 687 3042 infernum
716 2971 1010 3026 detraheris
1038 2970 1090 3023 in
1117 2968 1437 3039 profundum
1486 2969 1607 3022 laci.
1644 2968 1750 3035 Qui

178 3075 221 3119 te
252 3067 508 3132 viderint,
546 3065 613 3119 ad
648 3075 695 3121 te
744 3065 1160 3129 inclinabantur,
1195 3074 1339 3134 teque
1387 3063 1752 3132 prospicient;

177 3159 415 3229 nunquid
452 3160 551 3213 iste
582 3168 659 3214 est
689 3161 789 3224 vir,
813 3158 904 3229 qui
932 3156 1163 3211 turbavit
1188 3156 1232 3187 “‘
1261 3166 1479 3221 terram,
1506 3155 1596 3226 qui
1624 3171 1749 3207 con-

176 3256 338 3309 cussit
388 3270 575 3323 regna,
610 3254 699 3324 qui
751 3252 926 3321 posuit
971 3248 1146 3305 orbem
1195 3249 1479 3313 desertum,
1517 3258 1565 3302 et
1596 3245 1752 3300 urbes

175 3347 282 3415 ejus
325 3345 620 3411 destruxit,
650 3345 837 3399 vinctis
873 3343 987 3413 ejus
1020 3361 1121 3397 non
1145 3343 1358 3411 aperuit
1388 3357 1654 3395 carcerem
1673 3340 1757 3394 ”?

177 3439 514 3495 Ebrietatem
540 3439 739 3510 oppido
770 3437 1116 3508 prohibebat,
1146 3444 1200 3493 et
1217 3437 1488 3501 ebriosos,
1520 3449 1755 3505 corpore

175 3541 225 3587 et
254 3534 451 3587 animo
471 3540 717 3588 mortuos
746 3546 866 3586 esse
896 3529 1261 3600 praedicabat;
1295 3528 1360 3583 de
1382 3528 1581 3596 quibus
1617 3535 1669 3581 et
1698 3527 1754 3581 in

176 3626 492 3696 exemplum
561 3625 782 3680 aiebat:
821 3623 907 3677 Va:
960 3623 1049 3693 qui
1100 3621 1416 3691 consurgitis
1473 3635 1625 3672 mane
1687 3616 1755 3671 ad

173 3720 488 3775 ebrietatem
519 3716 848 3781 sectandam,
884 3725 934 3771 et
963 3713 1254 3785 potandum
1293 3729 1456 3782 usque
1493 3710 1562 3765 ad
1586 3725 1757 3779 vespe-

176 3822 399 3878 ram,ut
418 3813 535 3865 vino
563 3810 796 3865 wstuetis
822 3828 838 3865 :
870 3808 1100 3872 cithara,
1119 3817 1169 3861 et
1194 3807 1332 3877 lyra,
1360 3815 1407 3859 et
1426 3814 1755 3875 tympanum,

172 3920 221 3962 et
244 3907 409 3974 tibia,
439 3914 487 3960 et
516 3906 691 3959 vinum
716 3905 768 3957 in
790 3902 1036 3957 conviviis
1066 3900 1249 3955 vestris
1275 3915 1293 3953 :
1319 3908 1368 3953 et
1390 3913 1516 3966 opus
1541 3896 1759 3950 Domini

175 4018 276 4054 non
320 3998 599 4067 respicitis,
636 4014 727 4051 nec
779 4012 936 4065 opera
992 4012 1245 4049 manuum
1291 3995 1405 4060 ejus
1462 3990 1761 4046 considera-

177 4095 342 4148 tis".
374 4092 438 4146 Et
459 4094 657 4147 iterum
686 4110 700 4146 :
736 4089 826 4145 Va:
848 4094 939 4158 qui
964 4097 1194 4158 potentes
1229 4088 1355 4142 estis
1387 4084 1455 4139 ad
1480 4082 1767 4138 bibendum

175 4189 388 4249 vinum,
416 4195 463 4239 et
494 4185 592 4239 viri
632 4184 794 4253 fortes
838 4181 907 4236 ad
942 4179 1265 4236 miscendam
1296 4178 1642 4233 ebrietatem:
1669 4176 1759 4245 qui

167 4281 495 4349 justiﬁcatis
524 4279 737 4347 impium
768 4292 860 4345 pro
895 4273 1216 4338 muneribus,
1246 4282 1295 4327 et
1314 4272 1584 4342 justitiam
1620 4268 1759 4338 justi

175 4375 307 4443 aure
322 4373 417 4425 rtis
449 4375 513 4425 ab
554 4388 635 4426 eo.
670 4370 895 4439 Propter
937 4369 1053 4433 hoc,
1086 4368 1219 4420 sicut
1252 4365 1465 4419 devorat
1506 4362 1759 4430 stipulam

178 4469 370 4538 lingua
391 4466 552 4536 ignis,
583 4475 631 4518 et
654 4463 800 4517 calor
821 4464 1051 4531 ﬂamma:
1082 4459 1277 4523 exurit,
1304 4458 1379 4511 sic
1404 4455 1561 4509 radix
1580 4470 1761 4508 eorum

1850 1938 1906 1980 ut
1937 1927 2294 1997 suspendatur
2319 1926 2461 1979 mola
2490 1926 2732 1979 asinaria
2759 1926 2812 1978 in
2836 1925 2971 1979 collo
2994 1925 3129 1993 ejus,
3149 1935 3197 1977 et
3223 1923 3427 1978 demer-

1849 2030 2008 2091 gatur
2037 2021 2092 2073 in
2116 2018 2436 2089 profundum
2468 2019 2653 2073 maris.
2686 2017 2778 2073 Vw
2806 2016 3001 2071 mundo
3042 2034 3075 2070 a
3118 2006 3427 2070 scandulis!

1855 2111 2079 2167 Necesse
2106 2122 2185 2167 est
2212 2114 2351 2167 enim
2391 2122 2450 2164 ut
2475 2112 2684 2166 veniant
2727 2110 2985 2166 scandala
3014 2127 3033 2165 :
3066 2116 3423 2163 verumtamen

1851 2223 1928 2262 va:
1950 2207 2151 2261 homini
2178 2206 2278 2269 illi,
2314 2221 2405 2274 per
2437 2220 2588 2274 quem
2613 2203 2924 2257 scandalum
2959 2201 3128 2256 venit!
3157 2200 3219 2256 Si
3248 2209 3427 2254 autem

1852 2317 2042 2355 manus
2076 2309 2169 2353 tua
2201 2297 2538 2353 scandalizat
2570 2307 2637 2360 te,
2668 2294 2912 2349 abscinde
2944 2311 3083 2360 eam,
3132 2302 3182 2348 et
3230 2293 3429 2363 projice

1852 2396 1946 2448 abs
1977 2402 2044 2448 te.
2076 2393 2281 2446 Bonum
2311 2399 2391 2445 est
2441 2389 2536 2444 tibi
2591 2390 2659 2444 ad
2694 2391 2858 2443 vitam
2916 2387 3117 2459 ingredi
3175 2386 3423 2451 debilem,

1851 2503 2010 2558 quam
2060 2485 2207 2539 duas;
2249 2501 2439 2538 manus
2498 2483 2771 2537 habentem
2831 2484 2971 2537 mitti
3030 2484 3084 2536 in
3141 2482 3430 2552 gehennam

1851 2581 2009 2653 ignis.
2044 2579 2115 2635 Et
2142 2581 2190 2635 si
2236 2596 2323 2648 pes
2365 2586 2485 2633 tuus
2512 2570 2847 2633 scandalizat
2879 2588 2945 2641 te,
3000 2576 3247 2630 abscinde
3274 2591 3419 2642 eum,

1852 2686 1900 2729 et
1933 2675 2129 2744 projice
2159 2672 2253 2727 abs
2280 2682 2345 2728 te.
2375 2672 2581 2725 Bonum
2630 2680 2709 2725 est
2752 2670 2844 2723 tibi
2894 2671 3113 2723 introire
3144 2669 3213 2723 ad
3265 2670 3429 2723 vitam

1852 2767 2122 2834 claudum,
2153 2782 2310 2836 quam
2339 2764 2471 2819 duos
2502 2762 2655 2834 pedes
2682 2762 2955 2816 habentem
3008 2762 3146 2815 mitti
3176 2765 3229 2814 in
3260 2763 3430 2831 ignem

1855 2868 2129 2914 wternum.
2160 2858 2225 2911 Et
2255 2859 2303 2911 si
2330 2857 2512 2911 oculus
2550 2867 2672 2909 tuus
2695 2855 3029 2910 scandalizat
3053 2865 3120 2919 te,
3137 2870 3260 2909 erue
3286 2871 3428 2919 eum,

1852 2961 1901 3006 et
1929 2952 2126 3021 projice
2144 2951 2235 3006 abs
2266 2960 2332 3005 te.
2359 2950 2565 3004 Bonum
2587 2958 2662 3003 est
2690 2950 2784 3002 tibi
2818 2965 2979 3001 unum
3003 2948 3212 3001 oculum
3228 2948 3427 3002 haben-

1857 3054 1958 3098 tem
1992 3046 2045 3098 in
2073 3045 2234 3098 vitam
2276 3044 2515 3105 introire,
2547 3058 2703 3113 quam
2753 3040 2885 3095 duos
2942 3041 3121 3095 oculos
3159 3040 3431 3095 habentem

1856 3139 1997 3192 mitti
2012 3139 2065 3191 in
2080 3137 2367 3209 gehennam
2390 3137 2545 3207 ignis.
2580 3135 2776 3198 Videte,
2800 3152 2862 3188 ne
2892 3136 3235 3188 contemnatis
3268 3150 3431 3188 unum

1855 3245 1920 3283 ex
1941 3229 2020 3284 his
2044 3229 2274 3298 pusillis.
2309 3229 2473 3283 Amen
2506 3226 2623 3282 dico
2655 3229 2798 3280 vobis
2827 3244 2844 3281 :
2878 3227 3209 3297 Quwcunque
3239 3227 3433 3297 alliga-

1857 3324 2033 3379 veritis
2082 3338 2238 3392 super
2271 3332 2491 3385 terram,
2524 3330 2675 3375 erunt
2728 3320 2953 3389 alligata
3002 3329 3053 3373 et
3104 3321 3157 3373 in
3188 3323 3317 3375 caelo
3341 3335 3360 3371 :
3381 3329 3434 3375 et

1857 3433 2174 3487 qua'cunque
2197 3416 2458 3469 solveritis
2482 3430 2635 3483 super
2664 3422 2885 3476 terram,
2913 3422 3064 3466 erunt
3097 3412 3273 3467 soluta
3305 3424 3355 3468 et
3377 3416 3433 3469 in

1858 3510 2006 3565 cwlo.
2050 3508 2252 3562 Iterum
2294 3508 2412 3560 dico
2451 3506 2617 3567 vobis,
2657 3507 2783 3577 quia
2815 3506 2861 3559 si
2900 3504 3005 3558 duo
3038 3520 3103 3558 ex
3136 3504 3277 3559 vobis
3308 3522 3435 3559 con-

1858 3603 2113 3656 senserint
2144 3616 2298 3668 super
2330 3609 2547 3662 lerram.
2586 3598 2651 3652 de
2689 3599 2832 3651 omni
2876 3614 2930 3651 re
2958 3614 3319 3669 quamcunque
3346 3616 3436 3668 pe-

1860 3697 2058 3760 tierint,
2091 3694 2181 3764 ﬁet
2228 3694 2337 3747 illis
2367 3709 2399 3745 α
2436 3691 2603 3745 Patre
2638 3706 2771 3753 meo,
2822 3690 2912 3761 qui
2944 3692 2997 3743 in
3029 3691 3170 3743 caelis
3200 3700 3301 3746 est.
3336 3689 3436 3746 Ubi

1858 3790 1996 3843 enim
2021 3798 2144 3843 sunt
2173 3786 2277 3839 duo
2301 3786 2378 3841 vel
2412 3794 2513 3839 tres
2557 3785 2858 3855 congregati
2887 3785 2939 3836 in
2969 3783 3176 3837 nomine
3204 3800 3338 3849 meo,
3362 3783 3436 3838 ibi

1860 3898 1977 3935 sum
2021 3882 2075 3934 in
2103 3879 2275 3935 medio
2310 3895 2493 3934 eorum
2511 3879 2579 3933 ⁷⁸.
2610 3877 2674 3931 Et
2704 3878 2899 3931 iterum
2952 3891 3049 3946 per
3108 3876 3433 3946 prephetam

1861 3975 2125 4045 loquitur,
2158 3974 2347 4029 dicens
2377 3992 2389 4027 :
2421 3971 2669 4041 Expavit,
2703 3970 2902 4041 inquit,
2922 3970 3107 4024 ccelum
3135 3985 3293 4038 super
3315 3972 3433 4032 hoc,

1860 4077 1909 4122 et
1939 4068 2149 4121 horruit
2197 4067 2427 4135 amplius
2472 4065 2812 4131 vehementer,
2848 4064 2979 4118 dicit
3028 4063 3365 4118 Dominus".
3391 4061 3436 4118 Ο

1862 4160 2257 4215 intolerabilem
2309 4160 2725 4229 malignitatem,
2759 4174 2792 4212 ο
2820 4159 3058 4229 linguam
3091 4157 3435 4228 iniquitatem

1862 4254 2174 4324 loquentem
2203 4261 2392 4307 contra
2427 4251 2616 4320 Deum,
2643 4260 2698 4307 et
2738 4259 2975 4307 mentem
3004 4251 3059 4305 in
3091 4250 3436 4306 altitudinem

1861 4361 2031 4400 cornu
2064 4346 2446 4400 extollentem!
2484 4343 2549 4397 Et
2580 4345 2774 4399 iterum
2808 4364 2823 4399 :
2857 4344 3093 4414 Impone,
3123 4343 3300 4409 homo,
3331 4352 3437 4397 tua:

1865 4439 2061 4508 lingua:
2077 4438 2270 4491 ostium
2299 4446 2349 4491 et
2377 4453 2572 4491 seram.
2598 4438 2787 4501 Cesso,
2814 4454 2985 4493 cornu
3011 4437 3065 4491 in
3090 4437 3436 4492 altitudinem

179 4529 337 4630 qui”,
366 4529 556 4628 [ἆυίιια
596 4558 717 4621 εει-ετ⁹
750 4566 798 4609 ει
822 4529 1032 4625 germen
1061 4568 1241 4607 eorum
1286 4560 1339 4603 υτ
1370 4549 1538 4618 ρυινξε
1575 4564 1758 4602 ascen-
1790 4556 1833 4610 ι)
1864 4534 2155 4597 extollens,
2186 4542 2239 4588 et
2292 4534 2526 4602 loquens
2569 4532 2833 4585 adversus
2881 4530 3049 4583 Deum
3092 4529 3436 4599 iniquitatem

180 4655 288 4709 det.
331 4653 651 4721 Abjecerunt
692 4651 828 4703 enim
878 4649 1037 4717 legem
1086 4645 1299 4698 Domini
1339 4645 1683 4705 exercituum,
1714 4650 1762 4694 et

180 4749 451 4819 eloquium
478 4745 661 4800 Sancti
694 4742 869 4797 Israel
899 4740 1406 4810 blasphemaverunt.
1437 4736 1562 4791 Ideo
1594 4738 1763 4789 iratus

180 4852 260 4897 est
304 4843 460 4912 {uror
491 4838 707 4891 Domini
735 4837 787 4889 in
813 4834 1003 4904 populo
1032 4850 1148 4895 suo,
1182 4841 1230 4885 et
1272 4828 1504 4883 extendit
1549 4844 1764 4881 manum

183 4956 343 4991 suam
368 4951 522 5004 super
548 4949 687 4998 eum,
712 4940 759 4984 et
789 4926 1041 4997 percussit
1076 4941 1212 4977 eum.
1238 4922 1304 4975 EI
1329 4920 1766 4976 conturbatisunt

187 5040 420 5093 montes,
442 5038 489 5082 et
523 5028 667 5097 facta
711 5034 831 5077 sunt
866 5019 1145 5073 morticina
1174 5031 1355 5069 eorum
1383 5014 1536 5083 quasi
1564 5021 1764 5065 stercus

184 5128 238 5178 in
273 5124 451 5178 medio
491 5120 808 5191 platearum.
841 5113 902 5167 In
932 5110 1169 5167 onmibus
1201 5109 1281 5161 his
1311 5124 1411 5161 non
1443 5114 1519 5159 est
1552 5120 1765 5158 aversus

184 5221 349 5287 [uror
380 5216 515 5285 ejus,
543 5212 631 5267 sed
675 5209 845 5263 adhuc
876 5222 1063 5260 manus
1099 5203 1211 5273 ejus
1243 5198 1535 5255 extenta“.
1567 5196 1767 5250 "Nul-

186 5314 305 5368 lum
334 5308 561 5366 etiam"
594 5305 971 5377 presbyterum
994 5300 1046 5353 in
1073 5296 1308 5367 alicujus
1330 5291 1574 5364 episcopi
1606 5306 1768 5361 paro-

184 5408 316 5461 chia
363 5403 565 5474 aliquid
600 5417 763 5472 agere
789 5399 1006 5463 debere,
1038 5396 1246 5465 absque
1294 5393 1415 5461 ejus
1464 5389 1763 5461 permissu,

189 5497 532 5563 docebat“;
588 5494 684 5549 sed
727 5500 782 5549 et
828 5497 1060 5546 cunctos
1121 5487 1472 5559 presbyteros
1527 5484 1764 5556 propriis

260 5663 307 5692 “
334 5657 457 5712 lsai.
492 5672 531 5717 ι,
557 5655 594 5707 2
615 5661 668 5708 et
702 5668 816 5722 seq.

190 5750 315 5803 5‘"!-
394 5726 590 5803 7fqlsai.
610 5742 663 5803 y_.
686 5725 743 5777 Η
771 5730 824 5777 et
857 5738 971 5791 seq.
1049 5725 1117 5803 ⁷)-

193 5790 377 5870 ipsa.
409 5799 499 5853 36.
610 5797 655 5826 ⁷⁸
697 5790 987 5851 contentum
1033 5790 1174 5846 abire
1235 5797 1486 5859 oportere.

192 5873 237 5906 "
265 5872 435 5927 lCor.
470 5886 589 5927 \‘lll,
626 5865 689 5920 1?.

425 5915 435 5926 .
474 5900 589 5934 VIII,
626 5900 689 5920 ιιι

1049 5720 1092 5751 “
1128 5719 1288 5778 lbid.,
1318 5715 1389 5768 2‘2
1414 5722 1467 5768 et
1496 5729 1608 5782 seq.
1659 5750 1672 5759 .

930 5650 976 5681 ⁵⁸
996 5648 1120 5703 Isai.
1143 5665 1196 5711 γ,
1221 5646 1291 5701 20
1323 5652 1375 5699 et
1403 5659 1519 5713 seq.
1581 5641 1625 5672 “
1659 5635 1886 5697 dicebat.
1965 5635 2007 5664 ⁸⁷
2033 5635 2237 5687 cecidit.

936 5739 971 5773 ι.
1049 5720 1092 5751 ⁷¹
1128 5719 1288 5773 lbid..
1318 5715 1389 5768 2‘2
1414 5722 1467 5768 et
1496 5729 1608 5773 seq.
1659 5750 1672 5759 .
1725 5710 1771 5739 ’³³
1794 5708 1933 5761 (Ian.
1966 5711 2142 5773 apost.
2169 5700 2237 5754 40

1610 5784 1653 5815 ⁷⁷
1685 5779 1849 5834 Zach.
1902 5793 1961 5845 ιι,
2002 5761 2082 5831 ’8.
2115 5774 2160 5805 ⁷⁸
2238 5768 2427 5825 Matth.
2470 5781 2621 5835 XVIII,
2680 5764 2712 5821 6
2771 5772 2824 5822 ct
2888 5780 3001 5834 seq.
3066 5765 3110 5796 ⁷⁹
3139 5761 3341 5821 Jercm.
3372 5779 3435 5851 it.

1866 4635 1921 4683 et
1971 4628 2284 4697 proximum
2331 4634 2509 4680 tuum.
2565 4624 2863 4693 Quousque
2914 4624 3149 4677 insultas
3207 4622 3437 4691 patienti

1864 4720 2084 4777 Christo
2119 4727 2173 4776 et
2204 4719 2503 4774 fratribus?
2527 4717 2620 4772 Sic
2665 4725 2846 4772 autem
2878 4727 3165 4787 peccantes
3221 4718 3277 4769 in
3328 4714 3438 4768 ira-

1865 4827 1997 4881 tres,
2028 4824 2082 4871 et
2111 4814 2481 4885 percutientes
2504 4826 2695 4866 eorum
2728 4810 3000 4865 inﬁrmam
3047 4807 3437 4862 conscientiam

1868 4914 1921 4967 in
1949 4912 2228 4967 Christum
2263 4910 2503 4981 graviter
2531 4906 2769 4977 peccatis
2789 4907 2857 4967 ⁸ο,
2882 4914 2934 4958 et
2957 4904 3036 4957 rei
3077 4901 3286 4971 judicio
3310 4900 3441 4956 elle-

1866 5007 1962 5071 eti,
2007 5004 2238 5058 infames
2284 5001 2613 5063 eiliciemini,
2653 5006 2706 5054 et
2753 4998 2899 5068 juste
2954 4996 3311 5066 repellemini.
3374 4994 3441 5047 Et

1868 5098 2063 5152 iterum
2098 5113 2193 5166 per
2216 5096 2532 5166 prophetam
2564 5092 2827 5162 loquitur,
2861 5090 3050 5145 dicens
3081 5106 3095 5140 :
3132 5088 3233 5142 Vos
3264 5099 3440 5143 autem

1867 5188 2162 5244 sacerdotes
2193 5186 2408 5243 Domini
2446 5184 2790 5249 vocabimini;
2822 5183 3053 5237 ministri
3102 5183 3199 5237 Dei
3248 5186 3437 5249 nostri,

1867 5284 2070 5337 dicetur
2102 5280 2243 5335 vobis
2269 5295 2285 5333 :
2315 5278 2704 5331 Fortitudinem
2730 5277 2961 5347 gentium
2989 5273 3287 5337 comedetis,
3312 5285 3359 5329 et
3386 5277 3441 5329 in

1869 5380 2040 5451 gloria
2086 5392 2265 5430 eorum
2295 5372 2623 5443 superbietis.
2661 5370 2768 5423 Pro
2797 5368 3103 5437 confusione
3140 5376 3310 5421 vestra
3340 5366 3441 5419 du-

1869 5477 1995 5548 plici
2023 5487 2071 5527 et
2108 5469 2317 5534 rubore,
2376 5464 2672 5519 laudabunt
2723 5472 2925 5533 partem
2980 5478 3180 5517 eorum.
3216 5460 3442 5529 Propter

1965 5634 2007 5664 ⁸⁷
2033 5629 2245 5687 cecidit.
2288 5628 2332 5660 ⁸⁸
2355 5624 2489 5679 Luc.
2524 5621 2870 5678 conturbavit.
2940 5621 2985 5652 "
3006 5620 3129 5675 lsai.
3163 5636 3275 5680 xw.
3304 5622 3362 5675 Η
3387 5631 3441 5678 et

2341 5698 2386 5728 ’³
2409 5695 2507 5751 Ms.
2541 5695 2699 5748 enim.
2794 5695 2842 5724 ⁷⁸
2896 5692 3116 5747 volebat.
3222 5692 3268 5722 ⁷⁵
3300 5692 3435 5749 Can.
