3900 6334
564 293 633 348 79
1340 287 1398 345 S.
1426 285 1821 344 CLEMENTIS
1854 287 1873 342 1
1915 284 2083 342 ROM.
2123 281 2323 338 ΡΟΝΤ.
2364 281 2591 338 OPERA
2630 280 2856 338 DUBEA.
3609 294 3690 350 uti)

527 409 623 460 hoc
646 404 698 457 in
723 412 862 457 terra
891 417 987 454 sua
1018 400 1251 469 duplicia
1273 399 1637 468 possidebunt,
1670 408 1720 452 et
1749 398 1937 452 lwtitia
1961 414 2093 451 sem-
2123 398 2168 455 Α
2196 412 2376 449 eorum
2405 395 2666 451 delectata
2695 408 2793 453 est.
2831 394 2978 450 Unde
3025 401 3076 451 et
3129 413 3218 466 ego
3259 397 3442 469 eligam
3466 401 3693 466 illusiona

526 502 733 568 piterna
764 495 862 549 erit
890 496 1005 557 eis;
1033 494 1159 562 quia
1181 509 1272 562 ego
1298 490 1554 545 Dominus
1569 490 1791 561 diligens
1806 489 2093 559 judicium,

526 602 579 645 et
607 588 727 643 odio
777 586 971 639 habens
1029 585 1281 654 rapinam‘
1316 584 1371 637 in
1421 583 1823 645 holocaustum;
1874 590 1924 635 et
1960 580 2097 635 dabo

530 698 659 746 opus
696 695 874 735 eorum
904 678 957 731 in
995 678 1236 740 veritate,
1277 684 1325 729 et
1358 675 1526 744 fmdus
1568 684 1867 744 perpetuum
1907 673 2098 743 feriam

525 777 625 829 eis.
662 772 729 825 Et
762 772 957 825 scietur
990 772 1045 823 in
1082 769 1320 838 gentibus
1368 785 1540 822 semen
1580 784 1785 827 eorum,
1811 776 1861 821 et
1892 782 2099 835 germen

527 883 710 922 eorum
743 866 795 919 in
822 863 993 918 medio
1028 863 1359 931 populorum.
1395 861 1587 917 Omnes
1620 862 1710 931 qui
1736 859 1957 915 viderint
1986 876 2095 924 eos,

530 968 838 1030 cognoscent
876 975 985 1021 eos,
1016 958 1141 1027 quia
1190 957 1278 1009 isti
1318 964 1441 1009 sunt
1482 971 1655 1009 semen
1706 955 1791 1008 cui
1840 953 2100 1007 benedixit

536 1054 813 1107 Dominus.
872 1049 1115 1103 Gaudens
1150 1046 1385 1117 gaudebo
1426 1048 1478 1099 in
1519 1046 1760 1108 Domino,
1793 1055 1842 1099 et
1870 1045 2102 1099 exsulta~

531 1150 607 1200 bit
629 1146 809 1200 aninta
834 1160 947 1197 mea
967 1144 1020 1195 in
1048 1140 1152 1194 Deo
1181 1154 1327 1200 meo;
1357 1139 1481 1207 quia
1501 1136 1671 1190 induit
1693 1154 1772 1190 me
1799 1138 2099 1191 restituente

531 1240 745 1302 salutis,
777 1247 824 1291 et
855 1234 1157 1289 indumento
1184 1232 1413 1301 justitia:
1442 1228 1786 1283 circumdedit
1815 1246 1915 1291 me,
1946 1229 2101 1299 quasi

529 1348 779 1401 sponsum
807 1329 1110 1383 decoratum
1142 1340 1357 1386 corona,
1384 1332 1433 1375 et
1475 1322 1629 1392 quasi
1670 1336 1917 1390 sponsam
1939 1336 2102 1373 orna-

532 1436 636 1477 tant
671 1420 952 1477 monilibus
981 1420 1112 1473 suis.
1150 1417 1297 1471 Sicut
1324 1416 1463 1469 enim
1496 1424 1635 1468 terra
1662 1413 1857 1483 profert
1892 1430 2099 1483 germen

531 1532 706 1579 suum,
732 1523 780 1568 et
803 1515 937 1567 sicut
967 1511 1151 1564 hortus
1188 1524 1358 1563 semen
1388 1523 1542 1560 suum
1571 1506 1851 1575 germinat,
1883 1506 1957 1558 sic
1990 1505 2100 1557 Do-

531 1609 702 1662 minus
732 1606 872 1658 Deus
919 1601 1231 1673 germinabit
1266 1600 1536 1668 justitiam
1575 1607 1622 1651 et
1666 1597 1870 1650 laudent
1922 1613 2100 1650 coram

531 1698 787 1753 universis
851 1694 1169 1766 gentibus“.
1200 1691 1371 1747 “Eos
1425 1700 1606 1745 autem
1639 1707 1669 1743 ιι
1698 1691 1816 1745 solo
1872 1689 2100 1743 Domino

533 1801 627 1847 aut
654 1788 1004 1860 iudicandos,
1047 1794 1141 1841 aut
1193 1786 1575 1847 removendos,
1602 1792 1657 1838 et
1706 1798 1816 1837 non
1857 1783 1928 1836 ab
1977 1783 2100 1837 aliis

532 1901 656 1939 osse
686 1882 924 1943 dicebat,
955 1879 1083 1949 quia
1144 1879 1229 1933 sui
1289 1883 1439 1939 sunt,
1472 1884 1526 1930 et
1576 1892 1687 1930 non
1744 1876 1991 1931 alterius.
2037 1876 2103 1929 Et

532 1976 658 2045 quis
688 1985 791 2037 est,
820 1972 914 2043 qui
963 1969 1189 2025 alterius
1212 1969 1420 2037 judicet
1464 1968 1717 2021 servum?
1745 1966 1878 2020 Nam
1914 1968 1959 2022 si
1992 1983 2100 2021 non

530 2067 819 2137 patiuntur
850 2065 1120 2127 homines,
1154 2077 1255 2117 nec
1305 2061 1447 2115 Deus
1492 2061 1716 2115 deorum
1751 2069 1806 2113 et
1839 2060 2100 2115 Dominus

531 2158 934 2213 dominantium
968 2156 1083 2210 hate
1118 2155 1391 2209 ullatenus
1432 2153 1657 2223 patitur.
1690 2151 1845 2208 Unde
1885 2161 1939 2207 et
1970 2166 2097 2223 pro-

532 2251 722 2320 phetas
763 2249 867 2304 sibi
912 2255 1081 2303 testes
1111 2260 1235 2301 esse
1273 2246 1508 2306 dicebat,
1544 2260 1641 2315 per
1670 2259 1808 2314 quos
1839 2243 2099 2299 Dominus

531 2343 795 2413 loquitur,
831 2341 1019 2394 dicens
1048 2358 1061 2393 ε
1098 2338 1230 2393 Ecce
1259 2338 1443 2392 εει-οπὶ
1472 2348 1540 2400 te,
1567 2337 1656 2391 sed
1686 2355 1788 2391 non
1817 2338 1971 2407 quasi
2010 2353 2101 2390 ar-

529 2445 740 2505 gentum
770 2434 899 2503 elegi
937 2442 983 2485 te
1027 2434 1078 2485 in
1131 2432 1344 2484 camino
1387 2432 1732 2501 paupertatis.
1766 2430 1992 2498 Propter
2020 2447 2100 2484 me

533 2528 752 2596 faciant,
786 2535 841 2579 ut
873 2542 976 2579 non
1017 2523 1363 2589 blasphemer,
1388 2532 1438 2576 et
1486 2523 1715 2591 gloriam
1745 2538 1913 2576 meam
1944 2522 2100 2576 alteri

532 2638 635 2674 non
663 2619 820 2674 dabo.
852 2617 993 2671 Audi
1024 2633 1124 2681 me,
1165 2614 1330 2669 Jacob
1361 2625 1409 2668 et
1436 2614 1630 2680 Israel,
1656 2631 1808 2686 quem
1839 2632 1930 2685 ego
1953 2632 2094 2669 uoco.

539 2711 648 2782 Ego
676 2712 805 2780 ipse,
835 2726 927 2779 ego
954 2709 1181 2776 primus.
1205 2717 1254 2760 et
1279 2723 1371 2777 ego
1394 2707 1727 2761 novissimus.
1755 2705 1946 2760 Manus
1969 2724 2097 2775 quo-

530 2820 630 2875 que
660 2820 773 2857 mea
809 2799 1049 2870 fundavit
1083 2807 1302 2861 terram,
1339 2808 1388 2851 et
1411 2797 1628 2852 dextera
1668 2817 1781 2853 mea
1814 2816 1990 2853 mensa
2020 2809 2098 2852 est

531 2897 710 2950 caelos.
748 2894 859 2964 Ego
888 2892 1080 2947 uocabo
1109 2908 1218 2954 eos,
1249 2902 1299 2945 et
1332 2890 1883 2947 stabuntsimul".Me
1911 2892 2098 2948 insula:

527 2987 930 3057 exspectabant,
958 2995 1008 3040 et
1049 2983 1320 3038 brachium
1353 3000 1523 3037 meum
1587 2983 1945 3039 sustinebunt.
1994 2984 2098 3039 Sa-

533 3082 619 3134 lus
650 3089 825 3133 autem
867 3094 983 3132 mea
1011 3077 1067 3130 in
1113 3076 1481 3144 sempiternum
1512 3076 1633 3137 erit,
1665 3084 1713 3129 et
1744 3075 1952 3144 iustitia
1982 3094 2095 3129 mea
2121 3082 2164 3138 C

531 3189 634 3226 non
665 3171 890 3239 deficiet.
925 3168 1117 3222 Audite
1165 3184 1265 3232 me,
1305 3168 1394 3237 qui
1428 3168 1577 3221 scitis
1608 3168 1839 3237 justum,
1873 3170 2093 3237 populus

530 3281 699 3329 meus.
735 3264 818 3317 lea:
841 3279 958 3315 mea
986 3262 1041 3314 in
1072 3259 1228 3314 corde
1255 3276 1458 3314 eorum.
1498 3258 1677 3314 Nolite
1699 3261 1879 3314 timere
1915 3277 2099 3329 oppro-

533 3357 704 3409 brium
740 3355 1029 3416 hominum,
1063 3362 1113 3405 et
1136 3349 1489 3420 blasphemias
1520 3367 1699 3405 eorum
1727 3368 1790 3405 ne
1824 3354 2092 3408 metuatis.

530 3447 679 3502 Sicut
722 3447 859 3500 enim
899 3445 1282 3507 vestimentum,
1319 3442 1396 3496 sic
1418 3442 1651 3497 comedet
1683 3460 1769 3498 eos
1808 3446 2016 3508 vermis,
2047 3456 2095 3499 et

529 3541 663 3593 sicut
696 3539 877 3591 lanam
902 3538 977 3590 sic
1007 3534 1276 3590 devorabit
1298 3552 1383 3589 eos
1413 3536 1569 3589 tinea.
1604 3535 1763 3591 Salus
1786 3547 1959 3591 autent
1984 3554 2097 3593 mea

530 3634 585 3686 in
615 3633 990 3701 sempiternum
1023 3631 1142 3692 erit,
1167 3638 1217 3683 et
1234 3629 1453 3697 justitia
1504 3646 1621 3683 mea
1656 3631 1713 3683 in
1737 3625 2095 3701 genertitiones

529 3724 925 3794 generationum
941 3722 1006 3776 ⁸⁵.
1034 3720 1101 3773 Et
1144 3721 1341 3775 iterum
1369 3739 1382 3775 :
1408 3720 1735 3777 Abscondita
1759 3732 1839 3779 est
1869 3724 1951 3777 via
1983 3742 2099 3779 mea

532 3834 565 3868 a
593 3815 839 3881 Domino,
869 3824 919 3868 et
952 3831 985 3867 a
1013 3812 1123 3867 Deo
1168 3829 1281 3867 meo
1325 3811 1590 3881 judicium
1626 3829 1797 3867 meum
1826 3817 2094 3871 transivit.

532 3907 786 3979 Nunquid
815 3907 1007 3971 nescis,
1043 3915 1134 3960 aut
1162 3923 1263 3960 non
1294 3907 1532 3962 audisti?
1562 3905 1723 3972 Deus,
1751 3908 2097 3976 sempiternus

531 4001 812 4067 Dominus,
848 4002 937 4071 qui
976 4001 1170 4054 creavit
1218 4000 1467 4054 terminos
1514 4009 1687 4065 terrae,
1719 4017 1824 4055 non
1867 4001 2095 4071 deﬁciet,

531 4110 692 4164 neque
723 4091 1009 4156 laborabit,
1039 4108 1133 4147 nec
1166 4102 1243 4147 est
1278 4094 1609 4162 investigatio
1657 4096 1933 4164 sapientia:
1958 4096 2094 4165 ejus.

532 4186 637 4253 Qui
666 4185 761 4238 dat
801 4185 942 4239 lasso
972 4185 1236 4247 virtutem,
1263 4195 1311 4238 et
1342 4183 1421 4238 his
1444 4186 1532 4255 qui
1580 4202 1683 4239 non
1707 4196 1851 4251 sunt,
1882 4189 2099 4256 fortitu-

532 4278 709 4332 dinem
726 4287 775 4332 et
801 4278 966 4332 robur
984 4278 1326 4347 multiplicat.
1350 4277 1611 4346 Deﬁcient
1633 4280 1782 4348 pueri
1810 4290 1860 4334 et
1885 4281 2099 4336 labora-

531 4371 685 4437 bunt,
712 4382 759 4425 et
782 4372 998 4440 juvenes
1030 4372 1086 4425 in
1139 4372 1458 4441 infirmitate
1507 4371 1717 4427 cadent.
1774 4372 1878 4440 Qui
1922 4386 2095 4431 autem

530 4475 742 4533 sperant
773 4466 829 4519 in
862 4464 1108 4529 Domino,
1165 4465 1445 4518 mutabunt
1494 4465 1863 4534 fortitudinem
1894 4489 1913 4524 .·
1945 4487 2097 4523 assu-

531 4565 672 4610 ment
699 4572 895 4625 pennas
928 4554 1063 4611 sicut
1114 4557 1605 4626 aquilw:current,
1654 4568 1704 4612 et
1753 4576 1857 4613 non
1895 4561 2099 4616 labora-

531 4649 1093 4712 bunt:ambulabunt,
1146 4660 1195 4703 et
1248 4668 1350 4704 non
1394 4651 1723 4719 deﬁcient”.
1772 4652 2000 4708 Taceant
2032 4656 2100 4709 ad

531 4761 614 4799 me
636 4744 848 4808 insula',
879 4753 928 4799 et
962 4753 1137 4814 gentes
1169 4754 1365 4797 mutent
1396 4744 1782 4813 fortitudinem.
1815 4747 2100 4809 Accedant,

528 4844 578 4889 et
613 4844 732 4889 tunc
772 4836 1081 4907 loquantur,
1134 4835 1294 4889 simul
1343 4834 1412 4889 ad
1457 4835 1723 4905 judicium
1788 4840 2102 4911 propinque-

532 4944 649 4981 mus
672 4929 740 4983 ⁸⁸.
772 4926 888 4983 Hos
918 4936 1099 4983 autem
1129 4928 1222 4997 qui
1249 4943 1346 4983 eos
1376 4936 1580 4993 vetant,
1613 4938 1707 4983 aut
1736 4945 1988 4987 amovere
2012 4933 2096 4987 vel

532 5018 793 5075 damnare
852 5019 1128 5083 nituntur,
1193 5018 1457 5074 Dominus
1501 5036 1599 5091 per
1645 5022 1963 5091 prophetam
2006 5026 2104 5078 da-

531 5112 1022 5182 mnat",etusque
1051 5113 1116 5167 ad
1143 5110 1571 5167 satisfactionem
1601 5128 1788 5167 eorum
1819 5123 1873 5169 et
1913 5116 2100 5171 Eccle-

531 5204 626 5259 siae
675 5205 962 5260 damnatos
1008 5221 1130 5261 esse
1185 5206 1444 5269 docebat,
1473 5205 1567 5261 ubi
1601 5207 1678 5260 ait
1706 5223 1719 5260 :
1747 5208 1904 5263 Talia
1933 5209 2095 5281 elege-

529 5307 653 5351 runt
703 5299 760 5353 in
819 5298 916 5353 viis
951 5299 1085 5364 suis,
1117 5308 1169 5353 et
1215 5297 1701 5355 abominationibus
1748 5302 1858 5356 suis
1914 5305 2096 5360 anima

2196 505 2399 555 eorum,
2434 498 2483 542 et
2512 488 2906 543 damnationem
2938 486 3199 542 adducam
3240 491 3481 561 eis;quia
3527 495 3693 554 locutus

2197 598 2317 635 sum
2363 583 2465 648 eis,
2503 590 2552 636 et
2584 598 2690 636 non
2731 582 3059 635 audierunt:
3090 581 3407 653 feceruntque
3455 588 3628 642 malum
3654 593 3697 646 in

2199 674 2367 728 oculis
2400 675 2550 742 meis,
2581 683 2631 729 et
2659 689 2776 744 qua:
2819 672 2989 737 nolui,
3019 672 3298 743 elegerunt.
3325 676 3505 733 Audite
3527 683 3699 739 verbum

2203 765 2443 829 Domini,
2467 767 2558 835 qui
2584 765 2807 819 tremitis
2857 764 2925 818 ad
2973 765 3180 819 verbum
3198 767 3344 835 ejus;
3364 768 3585 826 dixerunt
3612 774 3700 843 fra-

2200 867 2305 911 tres
2349 858 2527 922 vestri,
2595 857 2829 911 odientes
2859 874 2969 920 vos,
3001 866 3049 911 et
3102 857 3392 926 abjicientes
3418 874 3601 931 propter
3623 883 3701 919 no-

2200 968 2315 1004 men
2345 966 2513 1005 meum
2552 965 2571 1003 :
2594 948 2930 1019 Gloriﬁcetur
2976 950 3250 1013 Dominus,
3292 960 3341 1006 et
3377 953 3628 1011 uidebimus
3660 960 3703 1014 in

2204 1041 2391 1107 latitia
2414 1051 2607 1107 vestra,
2633 1042 2738 1112 ipsi
2768 1051 2943 1096 autem
2972 1042 3354 1109 confundentur
3367 1043 3429 1098 ⁸⁸.
3460 1044 3563 1100 Non
3584 1049 3704 1104 enim

2202 1134 2536 1189 laborabunt
2565 1134 2767 1190 frustra
2803 1135 2856 1188 in
2885 1135 3303 1190 conturbatione
3332 1139 3569 1206 praesules
3603 1143 3703 1205 mei,

2199 1228 2325 1290 quia
2361 1242 2534 1287 semen
2565 1226 2951 1281 benedictorum
2975 1227 3188 1281 Domini
3207 1237 3303 1282 est.
3335 1228 3596 1297 Antequam
3615 1234 3704 1286 cla-

2202 1328 2362 1383 ment,
2413 1335 2507 1388 ego
2562 1319 2881 1383 exaudiam;
2914 1319 3084 1373 adhuc
3134 1320 3244 1374 illis
3295 1320 3613 1391 loquentibus.
3636 1341 3706 1394 ego

2202 1411 2422 1463 audiam
2438 1410 2505 1465 ⁸⁹.
2536 1410 2618 1464 Ad
2651 1411 3066 1481 glorificandum
3090 1428 3173 1477 se,
3202 1420 3257 1466 et
3288 1412 3464 1467 divina
3499 1415 3705 1469 mandata

2203 1502 2525 1558 seminanda
2565 1503 3012 1573 evangelizanda,
3045 1520 3141 1559 eos
3180 1504 3440 1560 Dominus
3470 1506 3627 1576 elegit,
3663 1516 3707 1563 et

2203 1613 2314 1651 non
2350 1606 2409 1649 ut
2453 1595 2867 1665 prohibeantur,
2900 1604 2995 1650 aut
3047 1598 3454 1666 perturbentur,
3506 1614 3708 1668 suggere-

2205 1687 2333 1754 bat;
2366 1689 2411 1723 ’°
2429 1689 2689 1759 quoniam
2744 1689 2837 1758 qui
2892 1703 2990 1744 eos
3030 1689 3196 1753 laedit,
3227 1706 3351 1745 eum
3403 1689 3553 1754 laedit,
3583 1693 3709 1761 cujus

2205 1782 2477 1851 legatione
2535 1781 2855 1852 funguntur.
2910 1781 3216 1839 Praedicare
3268 1797 3364 1838 eos
3414 1784 3626 1853 assidue,
3667 1794 3709 1840 et

2203 1874 2459 1928 mandata
2492 1874 2708 1929 Domini
2734 1874 2853 1929 sine
2896 1875 3307 1931 intermissione
3330 1878 3625 1931 annnntiare
3642 1893 3709 1931 ro-

2202 1966 2381 2036 gabat.
2408 1965 2586 2037 Opera
2614 1981 2805 2020 eorum
2853 1967 2995 2021 bona
3037 1982 3225 2022 coram
3264 1967 3558 2023 hominibus
3590 1985 3710 2023 mon-

2201 2068 2399 2125 strare,
2431 2066 2487 2114 et
2516 2060 2910 2114 conscientiam
2953 2060 3154 2114 bonam
3204 2075 3386 2114 coram
3416 2060 3520 2118 Deo
3557 2060 3711 2118 habere

2204 2149 2543 2208 insinuabat.
2579 2150 2781 2207 Omnes
2822 2152 3100 2222 principes
3126 2158 3308 2213 terrae,
3340 2161 3393 2207 et
3417 2160 3619 2208 cunctos
3636 2153 3711 2207 ho-

2201 2244 2378 2298 mines
2397 2243 2478 2299 eis
2507 2243 2751 2304 obedire.
2783 2253 2836 2301 et
2854 2244 3035 2314 capita
3065 2260 3168 2299 sua
3194 2245 3521 2310 submittere,
3538 2259 3711 2299 eorum.

2200 2352 2306 2406 que
2330 2336 2614 2407 adjutores
2646 2340 2880 2392 existere
2916 2338 3286 2407 praecipiebat,
3315 2345 3373 2391 ut
3404 2352 3577 2392 omnes
3600 2336 3711 2407 pari-

2200 2436 2285 2484 ter
2318 2430 2503 2487 ﬁdeles
2530 2438 2585 2485 et
2611 2438 2997 2500 cooperatores
3026 2430 3162 2501 legis
3195 2429 3289 2485 Dei
3310 2437 3709 2493 monstrarentnr,

2199 2538 2270 2577 ne
2310 2522 2378 2577 de
2411 2524 2491 2578 eis
2525 2522 2778 2577 dicatur:
2805 2520 3207 2590 Confundentur
3240 2532 3289 2577 et
3316 2522 3592 2577 erubescent
3626 2537 3710 2574 om-

2198 2632 2289 2670 nes
2332 2616 2424 2685 qui
2450 2624 2686 2684 pugnant
2715 2613 2992 2667 adversum
3050 2623 3119 2677 te,
3172 2624 3221 2668 et
3274 2624 3421 2669 erunt
3466 2614 3601 2685 quasi
3634 2629 3713 2666 non

2198 2709 2328 2771 sint,
2360 2716 2411 2761 et
2437 2708 2681 2776 peribunt
2725 2708 2823 2760 viri
2865 2708 2955 2777 qui
2990 2706 3364 2760 contradicunt
3394 2706 3500 2762 tibi.
3543 2706 3712 2773 Quare:

2196 2817 2307 2863 eos,
2340 2809 2391 2854 et
2421 2817 2525 2853 non
2567 2800 2794 2853 invenies
2830 2800 2968 2853 viros
2997 2798 3215 2856 rebelles
3251 2810 3387 2856 tuos.
3421 2799 3575 2854 Erunt
3595 2799 3713 2868 quasi

2199 2910 2303 2947 non
2329 2893 2456 2958 sint,
2489 2902 2538 2946 et
2562 2892 2720 2946 veluti
2747 2893 3075 2962 consumptio
3105 2890 3336 2947 hominis
3386 2892 3610 2947 bellantis
3639 2888 3713 2943 ad-

2198 3002 2404 3040 versum
2439 2985 2566 3040 te“.

2264 3077 2310 3109 ”
2346 3076 2547 3132 Omnes
2572 3093 2701 3148 ergo
2723 3076 2814 3147 qui
2839 3076 2919 3132 eis
2952 3078 3396 3141 contraveniunt,
3430 3077 3501 3131 ita
3530 3076 3713 3132 damna-

2200 3181 2283 3225 tos
2304 3176 2358 3225 et
2386 3170 2618 3225 infames
2649 3186 2821 3240 usque
2845 3171 2911 3225 ad
2948 3170 3379 3226 satisfactionem
3410 3168 3715 3229 monstrabat,

2194 3270 2249 3318 et
2276 3263 2382 3319 nisi
2410 3271 2872 3328 converterentur,
2906 3280 2935 3319 a
2969 3264 3254 3319 liminibus
3280 3264 3517 3319 ecclesia:
3550 3262 3716 3316 alienos

2195 3371 2317 3411 esse
2343 3356 2708 3426 praecipiebat.
2732 3358 2776 3388 ’³
2807 3356 3235 3411 Homicidiorum
3268 3372 3397 3412 vero
3437 3358 3533 3409 tria
3558 3366 3716 3425 genera

2195 3463 2318 3504 esse
2344 3449 2577 3516 dicebat,
2599 3457 2653 3504 et
2681 3464 2895 3519 poenam
2918 3464 3107 3505 eorum
3131 3451 3357 3521 parilem
3384 3448 3495 3505 fore
3514 3446 3715 3502 docebat.

2199 3540 2354 3595 Sicut
2391 3540 2536 3596 enim
2566 3541 2870 3596 homicidas
2901 3538 3284 3598 interfectores
3320 3541 3560 3605 fratrum,
3594 3538 3655 3593 ita
3677 3543 3718 3590 et

2196 3636 2532 3692 detractores
2559 3650 2769 3699 eorum,
2794 3648 2998 3704 eosque
3020 3634 3295 3699 odientes,
3322 3632 3604 3689 homicidas
3624 3643 3719 3684 esse

2196 3726 2579 3783 manifestabat
2606 3744 2620 3793 ;
2647 3726 2774 3798 quia
2795 3734 2848 3781 et
2889 3727 2980 3797 qui
3011 3726 3215 3781 occidit
3247 3726 3464 3782 fratrem
3500 3738 3657 3785 suum,
3679 3725 3720 3774 et

2195 3821 2288 3891 qui
2322 3819 2459 3886 odit,
2491 3828 2544 3875 et
2572 3820 2665 3890 qui
2698 3820 2934 3875 detrahit
2974 3819 3046 3885 ei,
3085 3820 3296 3889 pariter
3324 3817 3592 3874 homicida:
3625 3827 3719 3868 esse

2196 3922 2573 3970 monstrantur
2594 3914 2661 3971 ".
2693 3914 2895 3970 Omnes
2922 3915 3086 3969 etiam
3117 3929 3150 3969 a
3192 3914 3504 3970 carnalibus
3545 3907 3718 3964 deside-

2193 4006 2314 4072 riis,
2347 4021 2468 4077 qua:
2504 4006 2738 4061 militant
2762 4007 3023 4062 adversus
3052 4007 3315 4074 animam,
3368 4005 3639 4064 abstinere,
3677 4004 3719 4051 et

2196 4101 2394 4155 bonam
2433 4115 2622 4156 eorum
2655 4101 3124 4155 conversationem
3155 4116 3222 4155 ac
3275 4101 3602 4154 innocentem
3627 4106 3718 4145 nm-

2196 4193 2360 4247 nibus
2390 4198 2697 4248 monstrare
2728 4194 2974 4263 rogabat.
3025 4192 3101 4246 Ex
3138 4192 3308 4247 corde
3351 4191 3493 4247 enim
3530 4192 3719 4242 cunctos

2197 4284 2458 4340 attentius
2488 4285 2718 4339 invicem
2748 4286 2971 4356 diligere
2998 4284 3333 4348 insinuabat,
3367 4290 3418 4338 et
3444 4294 3607 4336 veram
3635 4274 3719 4328 fra-

2199 4380 2506 4434 ternitatem
2535 4378 2675 4433 inter
2698 4393 2756 4434 se
2780 4377 2977 4434 habere
2997 4376 3246 4432 docebat.
3275 4373 3586 4443 Quotidiana
3605 4367 3718 4423 enim

2201 4471 2349 4527 illius
2382 4470 2713 4541 praedicatio,
2745 4470 2886 4525 inter
2915 4477 3109 4524 cetera
3129 4468 3316 4524 divina
3333 4465 3591 4526 mandata,
3629 4459 3718 4513 haec

2198 4570 2336 4626 erat,
2371 4577 2535 4634 quam
2583 4562 2638 4616 in
2691 4561 2810 4631 ejus
2855 4562 3161 4631 exemplum
3218 4561 3384 4616 etiam
3430 4558 3540 4621 tibi,
3586 4554 3719 4609 frater

2199 4654 2525 4711 charissime
2548 4693 2565 4719 ,
2593 4655 2901 4725 signiﬁcare
2938 4653 3149 4710 curavi.
3169 4653 3216 4685 θ’
3247 4652 3534 4707 Bonorum.
3558 4643 3715 4716 inquit.

2197 4758 2421 4818 Operam
2446 4747 2589 4803 inter
2615 4753 2808 4801 caetera
2841 4747 3049 4801 semina
3077 4760 3143 4800 ac
3164 4746 3383 4817 negotia
3406 4751 3542 4806 sunt,
3583 4750 3719 4810 quan-

2200 4850 2315 4895 tum
2347 4840 2725 4911 unusquisque
2748 4842 2890 4909 sapit
2916 4846 2970 4894 et
2996 4846 3194 4909 potest,
3225 4846 3373 4895 totus
3420 4833 3582 4891 intimi
3621 4842 3717 4884 cor-

2203 4934 2311 4998 dis,
2343 4940 2405 4990 ut
2439 4931 2778 5003 praelibatum
2808 4938 2913 4997 est,
2944 4931 3247 4987 visceribus
3296 4930 3461 4987 Deum
3509 4926 3714 4995 diligere.

2198 5035 2254 5084 et
2281 5027 2586 5098 proximum
2611 5026 2757 5080 velut
2782 5024 3021 5095 seipsum
3045 5039 3058 5075 :
3080 5024 3349 5095 abnegare
3370 5021 3591 5092 seipsum
3615 5012 3714 5071 sibi.

2199 5128 2259 5175 ut
2285 5120 2471 5175 Jesum
2500 5117 2778 5175 Christum
2804 5116 3089 5172 Dominum
3121 5123 3370 5171 nostrum
3397 5117 3656 5183 sequatur;
3675 5109 3717 5156 el

2196 5213 2334 5268 nihil
2356 5210 2477 5282 ejus
2506 5210 2679 5265 amori
2709 5224 3041 5280 praeponere,
3075 5209 3358 5264 veritatem
3397 5205 3551 5262 corde
3570 5209 3616 5257 et
3640 5208 3715 5251 ore

2197 5305 2444 5377 proferre
2477 5303 2694 5368 debere,
2725 5310 2779 5358 et
2810 5310 2975 5358 totam
3004 5318 3152 5374 spem
3194 5301 3307 5359 Deo
3349 5314 3553 5371 semper
3594 5307 3716 5350 com-

594 5479 638 5510 “
666 5478 793 5534 lsai.
830 5495 940 5536 Lxl.
969 5479 1003 5534 6
1032 5488 1087 5535 et
1115 5495 1231 5549 seq.
1303 5480 1346 5513 θ’
1369 5478 1458 5533 Im
1494 5478 1547 5532 in
1584 5480 1843 5549 Decr.,,p.
1876 5480 1928 5543 5,
1956 5496 2006 5537 c.
2032 5481 2157 5535 232.
2184 5480 2396 5541 Anacl.,
2427 5495 2515 5548 ep.
2534 5479 2588 5535 2.
2614 5478 2766 5535 Alex.
2793 5478 2942 5549 cp.2.
2975 5478 3225 5549 Telesph.
3247 5479 3379 5534 Fab.
3403 5478 3543 5533 Melo.
3568 5472 3713 5549 {Illius

532 5548 828 5609 D:uu..etc.
903 5552 948 5583 ⁸³
975 5550 1098 5606 lsai.
1128 5548 1319 5615 xuvm,
1356 5551 1424 5604 10
1446 5557 1498 5603 et
1531 5564 1646 5620 seq.
1702 5550 1749 5580 ⁸⁸
1771 5548 1893 5605 lsai.
1926 5565 2001 5620 Li.
2036 5550 2135 5607 5ct
2168 5567 2285 5620 seq.

1900 5620 1946 5652 ⁸³
1972 5618 2094 5674 lsai.
2124 5618 2365 5683 ιινζῖὅ,
2398 5621 2487 5674 24.

530 5689 574 5720 ’³
605 5706 663 5751 Il,
686 5709 740 5759 q.
768 5692 823 5751 5,
858 5689 917 5746 Si
947 5701 1119 5746 autem
1153 5692 1313 5746 vobis.
1392 5693 1436 5725 ⁵³
1459 5689 1761 5759 Dequenit.
1784 5688 2027 5749 distinct.
2054 5707 2091 5747 1.

2199 5701 2210 5722 ³
2268 5690 2468 5750 lJoan.
2507 5705 2589 5755 ut,
2634 5691 2714 5744 15.

532 5622 727 5673 minam
762 5622 1037 5676 damnare.
1146 5622 1192 5653 ⁸⁸
1215 5622 1336 5676 lsai.
1370 5636 1514 5676 LXVI.
1547 5619 1580 5672 5
1607 5626 1660 5670 cl.
1682 5635 1796 5688 seq.

529 5757 747 5831 quidam
790 5762 997 5816 notavit
1042 5761 1108 5816 ad
1136 5780 1284 5819 oram
1313 5764 1364 5818 it:
1388 5778 1490 5816 ms.
1529 5757 1763 5816 Justclli.

2360 5541 2552 5625 “Alsai.
2590 5566 2676 5625 xu:
2706 5550 2774 5603 27
2805 5541 2858 5603 υἰ
2889 5567 3005 5625 δας]ζ
3080 5541 3268 5625 l‘_‘_'l_sai_.
3304 5566 3415 5613 xu,
3441 5549 3519 5625 ιε,
3560 5541 3709 5625 u700-

2564 5626 2610 5657 ”
2634 5620 2792 5691 Grcg.
2817 5636 2913 5681 xu,
2938 5619 3028 5673 ‘22.
3076 5621 3141 5691 A"
3160 5621 3284 5691 lsai.
3316 5636 3424 5681 sm,
3466 5618 3525 5691 il
3551 5623 3707 5691 etseq.

2814 5692 2859 5721 "
2894 5706 2944 5745 c.
2982 5691 3014 5745 4
3072 5689 3201 5762 Reg.
3235 5690 3293 5746 S.
3342 5688 3629 5747 Beneditti,
3665 5687 3711 5732 ut
