3900 6334
211 343 312 401 481

1381 332 1739 392 ΕΡΙΒΤΟΙΛΕ
1780 333 2248 390 DECRETALES.

3340 334 3367 387 Α
3377 332 3448 388 89.

208 458 451 513 mittere.
473 450 787 508 lnstruebat
815 456 970 507 actus
1001 464 1115 505 suae
1134 448 1257 504 vitae
1282 450 1430 503 omni
1452 450 1583 503 hora
1601 458 1787 505 custo—
1812 454 1860 510 Α
1886 464 1999 502 cere
2020 447 2183 502 nolite
2203 447 2245 503 ⁸.
2278 446 2383 517 Ipsi
2412 454 2593 503 autem
2618 444 2882 517 episcopi,
2907 445 2954 502 si
2978 442 3448 515 exorbitavcrint’,

206 550 351 607 dire,
375 555 428 600 et
454 545 507 598 in
534 544 681 598 omni
711 543 832 596 Ιο‹’0
854 541 1020 597 Deum
1045 541 1347 611 reSpicere;
1374 540 1600 595 ﬁrmiter
1615 541 1778 606 scire,

202 638 568 709 cogitationes
598 636 770 691 malas
795 633 946 690 cordi
983 648 1085 689 suo
1115 633 1485 695 advenientes,
1536 646 1661 686 mox
1711 633 1780 687 ad

202 727 491 783 Christum
539 726 785 791 allidere,
814 733 867 782 et
914 725 1293 781 sacerdotibus
1338 724 1552 781 Domini
1604 727 1782 781 mani-

203 818 436 874 festare.
484 816 559 873 Os
596 832 755 872 suum
806 830 836 870 a
879 816 1051 871 multo
1069 816 1117 848 "
1164 817 1248 871 vel
1301 832 1467 888 pravo
1507 817 1781 888 colloquio

200 910 507 973 custodire,
540 918 592 963 ct
620 908 782 964 verba
835 923 993 975 vana,
1022 914 1114 961 aut
1144 908 1424 962 mendacia
1455 923 1562 962 non
1595 909 1775 979 loqui;

200 999 338 1069 quia
368 1016 425 1053 os
470 998 605 1069 quod
656 999 929 1061 mentitur,
983 998 1175 1052 occidit
1224 999 1458 1052 animam
1477 1001 1545 1055 ".
1603 1000 1777 1056 Verba

200 1090 393 1145 divina
420 1090 652 1145 libenter
681 1089 891 1156 audire,
922 1097 977 1146 et
1006 1090 1384 1146 sacerdotibus
1409 1091 1525 1145 suis
1548 1092 1779 1147 libenter

198 1183 607 1251 obtemperare,
642 1188 807 1251 atque
833 1182 1148 1239 obedientes
1178 1198 1299 1238 esse
1337 1184 1586 1238 docebat.
1633 1182 1778 1239 Prte-

194 1275 467 1331 dicationi
495 1281 550 1329 et
575 1275 810 1330 orationi
842 1290 906 1329 ac
942 1276 1161 1331 lectioni
1204 1275 1518 1346 frequenter
1565 1278 1779 1331 incum-

191 1365 331 1422 bere
359 1407 376 1434 ,
431 1372 487 1420 et
535 1365 908 1439 eleemosynas
955 1384 1114 1425 veras
1166 1374 1443 1440 perlicere.
1499 1369 1775 1424 Desideria

191 1460 391 1516 carnis
420 1473 529 1514 non
558 1459 838 1530 perlicere,
872 1460 965 1515 sed
996 1462 1270 1532 propriam
1308 1461 1557 1530 frangere
1590 1462 1778 1515 Volun-

189 1561 372 1607 tatem
404 1572 417 1607 :
448 1552 575 1607 boni
604 1552 807 1623 aliquid
834 1553 889 1607 in
920 1569 979 1608 se
1009 1568 1131 1608 cum
1180 1554 1397 1620 viderit,
1446 1553 1556 1608 Deo
1602 1554 1775 1624 appli-

190 1659 327 1698 care
349 1644 416 1709 “,
455 1658 562 1698 non
587 1644 690 1699 sibi
719 1652 810 1700 :et
837 1644 1038 1699 malum
1069 1660 1097 1698 a
1129 1661 1188 1701 se
1221 1644 1421 1701 factum
1452 1655 1768 1718 cognoscat,

188 1745 246 1791 et
297 1736 408 1791 sibi
456 1736 766 1807 imputet”.
823 1737 1048 1792 Multum
1089 1739 1235 1809 loqui
1288 1755 1397 1793 non
1436 1754 1639 1804 amare,
1676 1740 1771 1795 sed

187 1827 477 1883 custodire
506 1828 646 1882 labia
671 1845 791 1892 sua,
824 1845 893 1884 ne
920 1830 1103 1884 dolum
1163 1838 1257 1884 aut
1287 1830 1489 1884 malum
1538 1830 1772 1901 loquan-

190 1926 307 1973 tur.
351 1917 505 1973 Diem
545 1918 738 1989 judicii
788 1924 999 1985 timere,
1048 1922 1351 1995 gehennam
1390 1936 1768 1991 expavescere,

190 2009 364 2063 vitam
406 2018 667 2066 aeternam
719 2014 865 2067 omni
919 2014 1360 2084 concupiscentia
1418 2012 1768 2083 desiderare;

190 2116 307 2155 non
342 2100 618 2167 decidere,
662 2119 771 2158 non
820 2104 1139 2169 adulterari,
1177 2121 1283 2160 non
1317 2105 1519 2161 furtum
1567 2106 1766 2172 facere,

190 2209 308 2248 non
353 2208 469 2248 rem
506 2195 737 2265 proximi
782 2199 1195 2268 concupiscere,
1244 2214 1352 2253 non
1385 2199 1579 2253 falsum
1617 2199 1771 2255 testi-

188 2284 441 2339 monium
469 2285 651 2341 dicere
674 2287 764 2353 ³⁸⁸,
806 2287 902 2343 sed
946 2305 1137 2345 omnes
1183 2289 1431 2345 homines
1477 2290 1767 2358 honorare,

188 2392 408 2448 corpus
443 2379 735 2444 custodire,
778 2395 947 2437 vanas
988 2388 1041 2435 et
1083 2381 1320 2436 caducas
1364 2397 1471 2436 non
1514 2383 1767 2453 amplecti

189 2468 450 2535 delicias,
473 2472 740 2542 jejunium
768 2479 822 2527 et
848 2471 1063 2542 vigilias
1091 2481 1310 2528 sanctas
1332 2487 1533 2541 amare,
1565 2488 1770 2545 paupe-

188 2576 581 2629 resrecreare,
614 2563 792 2619 nudos
836 2564 1059 2630 vestire,
1107 2563 1351 2620 inﬁrmos
1399 2565 1641 2631 visitare,
1690 2566 1769 2621 si-

188 2653 393 2711 tientes
447 2663 637 2726 potare
665 2695 680 2719 ,
739 2662 983 2711 mortuos
1035 2656 1268 2727 sepelire
1306 2697 1321 2719 ,
1366 2667 1420 2712 et
1476 2657 1768 2729 diligenter

188 2761 379 2803 eorum
414 2747 703 2819 exsequias
726 2763 1003 2820 peragere,
1033 2764 1131 2819 pro
1150 2749 1339 2819 eisque
1365 2764 1524 2805 orare
1544 2758 1597 2805 et
1624 2751 1768 2806 elec-

188 2852 453 2909 mosynas
480 2840 652 2908 dare;
694 2841 941 2897 dolentes
990 2842 1284 2905 consolari,
1340 2850 1394 2897 et
1443 2843 1558 2897 suis
1608 2843 1766 2898 bonis

187 2931 462 2997 relevere,
488 2941 544 2989 et
573 2946 602 2988 a
633 2935 791 2989 malis
824 2935 1036 2989 actibus
1060 2950 1117 2989 se
1150 2934 1387 2989 alienum
1418 2933 1617 2989 facere.
1642 2933 1764 2989 Non

188 3040 311 3081 esse
343 3028 668 3097 superbum,
704 3043 814 3081 non
842 3027 1203 3091 vinolentum,
1236 3042 1336 3081 nec
1365 3026 1593 3080 multum
1635 3026 1766 3081 eda-

1880 540 2099 595 abistis
2123 555 2231 593 non
2262 549 2392 593 sunt
2415 539 2842 609 reprehendendi
2886 538 2973 592 vel
3021 536 3304 608 arguendi,
3352 537 3448 592 sed

1876 632 2233 702 snpportandi
2245 632 2289 697 ⁸,
2321 631 2429 686 nisi
2459 632 2513 685 in
2544 631 2649 686 ﬁde
2669 633 2991 687 erraverint.

1952 722 2033 777 Illi
2063 738 2195 794 ergo
2221 738 2387 793 super
2418 723 2557 779 istos
2586 732 2738 788 sunt,
2768 739 2878 779 non
2921 730 3101 778 autem
3147 722 3235 779 isti
3285 737 3452 790 super

1878 813 2037 881 illos;
2078 816 2336 886 quoniam
2365 814 2544 884 major
2572 829 2602 868 a
2632 815 2845 871 minore
2879 830 2983 870 nec
3016 814 3193 884 argui,
3222 828 3321 867 nec
3352 813 3451 881 jn-

1876 904 2050 960 dicari
2074 914 2271 975 potest.
2301 904 2496 961 Nullus
2530 921 2589 961 se
2619 906 2843 961 extollat
2863 921 2992 976 erga
3012 907 3299 961 doctores’
3332 920 3451 959 ma-

1877 998 2078 1069 gistros
2114 1013 2265 1065 suos,
2296 999 2425 1069 quia
2451 998 2757 1069 discipulus
2784 1014 2949 1068 super
2973 998 3294 1069 magistrum
3323 1012 3453 1055 esse

1876 1104 1988 1144 non
2016 1089 2195 1153 debet,
2222 1105 2323 1144 nec
2344 1097 2522 1160 potest
2547 1091 2609 1145 ¹⁰.
2646 1091 2684 1122 ¹¹
2704 1089 2896 1145 Nullus
2924 1092 3052 1144 velit
3072 1090 3178 1145 dici
3200 1100 3448 1155 sanctus,

1876 1188 2165 1251 antequam
2198 1183 2304 1248 sit;
2352 1183 2447 1237 sed
2480 1184 2634 1252 prius
2674 1183 2769 1246 sit,
2817 1184 2936 1236 ut“
2984 1183 3169 1238 verius
3206 1183 3442 1238 dicatur.

1875 1269 2150 1343 Praecepta
2188 1273 2424 1340 Domini,
2474 1275 2874 1343 doctorumque
2920 1289 2985 1328 ac
3034 1276 3443 1344 magistrorum,

1874 1362 2035 1419 factis
2063 1366 2308 1435 quotidie
2338 1366 2658 1437 adimplere,
2691 1374 2745 1421 et
2776 1366 2832 1420 in
2861 1364 3068 1421 Christi
3098 1368 3316 1420 nomine
3347 1382 3446 1435 pro

1875 1457 2111 1515 inimicis
2137 1473 2292 1514 orare
2320 1466 2561 1529 oportet.
2589 1456 2966 1512 "Obedientia
2996 1457 3139 1512 enim
3183 1466 3238 1511 et
3268 1457 3446 1509 humi-

1874 1549 2027 1605 liatio
2079 1566 2201 1620 qua:
2250 1550 2529 1621 magistris
2581 1549 2799 1619 agitur,
2855 1548 3087 1603 Domino
3131 1548 3441 1614 exhibetur.

1877 1642 2059 1697 Timor
2092 1642 2302 1697 Domini
2342 1642 2620 1696 delectabit
2669 1659 2781 1705 cor,
2825 1650 2874 1695 et
2915 1641 3063 1694 dabit
3107 1641 3349 1695 latitiam
3394 1651 3447 1695 et

1872 1734 2126 1804 gaudium
2151 1736 2205 1788 in
2226 1734 2599 1805 longitudinem
2622 1734 2848 1788 dierum.
2880 1732 3102 1787 Timenti
3133 1732 3297 1785 Deum
3322 1732 3447 1787 bene

1872 1828 1970 1879 erit
2000 1826 2055 1879 in
2082 1827 2352 1890 extremis,
2385 1835 2435 1881 et
2462 1827 2520 1879 in
2546 1825 2631 1880 die
2660 1825 3012 1895 defunctiouis
3042 1841 3153 1878 sua:
3178 1824 3446 1879 benedice-

1872 1925 1958 1970 tur
1981 1919 2043 1973 ⁸⁵.
2084 1918 2174 1972 Va:
2196 1918 2472 1973 dissolutis
2497 1917 2677 1982 corde,
2703 1920 2792 1989 qui
2822 1917 2933 1972 non'
2954 1916 3169 1971 credunt
3211 1916 3341 1980 Deo,
3389 1926 3447 1973 et

1869 2010 2137 2064 resistunt
2170 2010 2444 2065 mandatis
2465 2010 2609 2080 ejus,
2651 2016 2704 2064 et
2734 2008 3112 2065 inobedientes
3138 2023 3203 2063 ac
3250 2019 3446 2063 contu-

1868 2116 2054 2156 maces
2084 2109 2216 2156 sunt
2259 2101 2345 2157 his
2396 2102 2491 2172 qui
2543 2102 2667 2171 ejus
2710 2102 2978 2170 legatione
3021 2100 3443 2172 fungunturzet

1867 2192 1984 2246 ideo
2013 2210 2115 2247 non
2143 2204 2479 2265 protegentur
2505 2194 2571 2248 ab
2601 2211 2681 2249 eo.
2724 2193 2814 2248 Vae
2844 2194 2925 2248 his
2976 2196 3067 2265 qui
3105 2193 3445 2263 perdiderunt

1866 2285 2257 2350 sustinentiam,
2289 2287 2379 2355 qui
2406 2285 2794 2356 dereliquerunt
2821 2287 2931 2339 vias
2969 2296 3163 2350 rectas,
3192 2296 3241 2339 et
3270 2287 3443 2339 diver-

1867 2386 2039 2431 terunt
2068 2380 2122 2432 in
2146 2380 2258 2433 vias
2282 2395 2494 2448 pravas.
2527 2379 2594 2433 Et
2613 2378 2740 2450 quid
2773 2379 2991 2448 facient,
3022 2395 3136 2432 cum
3163 2380 3414 2447 inspicere

1865 2470 2073 2538 coeperit
2100 2469 2355 2525 Dominus
2373 2475 2400 2529 Ρ
2426 2472 2531 2538 Qui
2560 2474 2743 2526 timent
2772 2472 3055 2525 Dominum
3082 2510 3097 2535 ,
3145 2487 3249 2523 non
3286 2480 3441 2525 erunt

1866 2561 2195 2618 incredibiles
2238 2562 2389 2617 verba
2412 2565 2598 2618 illius:
2630 2572 2682 2618 et
2708 2562 2800 2633 qui
2842 2562 3066 2633 diligunt
3098 2562 3272 2626 illum,
3317 2580 3444 2615 eon-

1863 2654 2145 2708 servabunt
2167 2656 2304 2709 viam
2339 2655 2505 2711 illius.
2540 2656 2645 2722 Qui
2679 2657 2871 2720 ,timent
2916 2656 3222 2720 Dominum,
3266 2658 3443 2727 inqui-

1864 2755 1978 2800 rent
2026 2762 2144 2817 qua:
2170 2746 2493 2817 beneplacita
2522 2758 2646 2803 sunt
2674 2749 2803 2804 illi:
2833 2759 2882 2803 et
2907 2750 2995 2819 qui
3034 2749 3258 2820 diligunt
3296 2767 3437 2814 eum,

1864 2839 2199 2906 replebantur
2223 2840 2331 2911 lege
2364 2842 2548 2908 ipsius.
2579 2841 2683 2908 Qui
2704 2842 2886 2896 timent
2915 2842 3213 2906 Dominum,
3234 2858 3441 2912 pra‘pa-

1864 2930 2055 2984 rabunt
2085 2931 2248 2985 corda
2278 2949 2398 2996 sua,
2428 2941 2476 2986 et
2506 2935 2562 2987 in
2604 2944 2881 3002 conspectu
2926 2935 3073 2989 illius
3124 2936 3437 3003 sancti/ica-

1865 3021 1991 3076 bunt
2021 3024 2228 3078 animas
2257 3041 2403 3079 suas.
2436 3025 2540 3091 Qui
2571 3026 2753 3081 timent
2788 3026 3094 3092 Dominum,
3134 3027 3440 3081 custodiunt

188 3133 328 3183 cem,
361 3135 473 3174 non
505 3119 929 3183 somnolentum,
970 3135 1081 3174 non
1110 3120 1345 3191 pigrum,
1378 3134 1485 3173 non
1522 3134 1760 3173 murmu-
1793 3133 1837 3191 ο
1871 3114 2127 3169 mandata
2154 3116 2322 3179 illius,
2347 3129 2394 3171 et
2421 3119 2731 3186 patientiam
2758 3118 3015 3172 habebunt
3051 3135 3211 3190 usque
3248 3120 3315 3172 ad
3357 3121 3439 3173 in-

189 3218 456 3273 ratorem,
489 3226 590 3265 nec
621 3211 983 3266 detractorem
1012 3229 1026 3277 ;
1058 3212 1186 3282 quia
1215 3214 1307 3283 qui
1349 3212 1604 3276 detrahit,
1649 3229 1760 3268 non

189 3316 245 3357 se
270 3303 316 3367 ⁸,
347 3302 446 3357 sed
475 3316 529 3357 et
553 3304 751 3359 multos
780 3304 916 3357 alios
947 3302 1165 3358 occidit.
1190 3302 1329 3357 iram
1348 3318 1454 3357 non
1478 3303 1758 3373 perlicere,

186 3408 289 3448 nec
320 3393 621 3449 iracundia:
646 3404 859 3464 tempus
906 3409 1205 3451 reservare.
1256 3394 1449 3449 Dolum
1496 3397 1551 3450 in
1596 3396 1761 3453 corde

184 3500 297 3539 non
328 3492 541 3549 tenere,
572 3500 672 3540 nec
718 3501 903 3555 pacem
944 3484 1136 3542 falsam
1182 3486 1369 3543 dare'.
1420 3486 1760 3543 Charitatem

184 3591 296 3631 non
327 3576 726 3647 derelinquere,
770 3593 869 3633 nec
893 3577 1101 3647 jurare,
1134 3593 1202 3633 ne
1255 3578 1394 3633 forte
1436 3578 1757 3648 perjurium,

184 3670 338 3740 quod
385 3669 566 3724 absit!
600 3669 711 3725 tiat.
768 3668 963 3724 Malum
1018 3684 1118 3739 pro
1162 3671 1306 3724 malo
1352 3685 1463 3725 non
1509 3670 1757 3736 reddere,

183 3776 288 3816 nec
330 3760 587 3829 iniuriam
612 3760 811 3827 facere,
849 3762 943 3818 sed
975 3761 1171 3816 factam
1212 3762 1477 3832 patienter
1506 3762 1754 3819 sull'erre.

181 3851 450 3909 Inimicos
479 3854 703 3925 diligere
726 3893 741 3918 ,
776 3854 1159 3910 maledicentes
1187 3869 1248 3909 se
1272 3870 1381 3908 non
1410 3855 1755 3918 maledicere,

180 3947 277 4002 sed
334 3946 511 4017 magis
534 3947 875 4011 benedicere,
905 3954 959 4002 et
989 3948 1424 4017 persecutionem
1458 3962 1557 4017 pro
1595 3947 1759 4017 justi-

181 4041 256 4092 tia
289 4038 590 4094 sustinere.
625 4038 958 4093 Charitatem
982 4040 1004 4071 ³
1034 4054 1239 4102 amare,
1270 4047 1325 4095 et
1372 4041 1582 4094 nullum
1629 4040 1757 4095 odio

178 4130 429 4197 habere;
459 4131 590 4201 quia
616 4132 706 4201 qui
724 4131 835 4186 odit
866 4131 1083 4200 fratrem
1112 4148 1266 4186 suum
1302 4131 1567 4186 homicida
1609 4144 1686 4187 est
1710 4134 1752 4188 ⁸.

177 4222 494 4280 Blasionem
528 4223 733 4295 fugere,
764 4225 938 4281 zelum
970 4225 1171 4279 malum
1200 4238 1310 4279 non
1353 4224 1572 4288 habere,
1616 4226 1756 4279 invi-

176 4314 330 4371 diam
358 4331 473 4370 non
502 4331 775 4380 exercere,
808 4332 908 4372 nec
934 4318 1335 4373 contentionem
1379 4332 1583 4372 amare.
1616 4316 1755 4372 Cum

176 4407 631 4465 discordantibus
659 4416 785 4464 ante
814 4409 948 4465 solis
974 4423 1230 4464 occasum
1252 4410 1307 4463 in
1337 4424 1527 4479 pacem
1556 4408 1750 4473 redire,

1861 3208 2174 3277 spectionem
2234 3209 2421 3274 illius,
2475 3210 2702 3264 dicentes
2744 3224 2762 3263 :
2829 3210 2887 3265 Si
2928 3212 3281 3279 ptenitentiam
3334 3228 3438 3266 non

1859 3301 2140 3371 egerimus,
2165 3302 2454 3356 incidemus
2490 3303 2544 3355 in
2573 3318 2761 3356 manus
2790 3302 2907 3368 Dei,
2942 3314 2989 3356 et
3020 3321 3123 3357 non
3156 3305 3211 3357 in
3248 3320 3435 3359 manus
3474 3366 3481 3373 ο

1860 3394 2130 3448 hominum
2154 3409 2175 3449 :
2206 3396 2490 3450 secundum
2510 3397 2647 3451 enim
2696 3397 3107 3467 magnitudinem
3154 3398 3322 3460 illius,
3358 3400 3437 3452 sic

1859 3497 1911 3541 et
1942 3490 2306 3544 misericordia
2337 3491 2500 3559 ipsius
2524 3504 2640 3542 cum
2680 3490 2793 3557 ipso
2812 3488 2970 3541 est“.
3012 3487 3188 3541 Venite
3213 3488 3434 3558 (inquit)

1860 3582 1982 3650 filii,
1997 3580 2174 3636 audite
2187 3598 2285 3647 me,
2310 3582 2547 3635 timorem
2568 3580 2780 3634 Domini
2795 3579 2986 3633 docebo
3007 3596 3093 3633 vos
3112 3580 3200 3635 η’.
3222 3580 3435 3637 Currite

1858 3673 1984 3727 dum
2004 3674 2175 3728 lumen
2187 3676 2305 3728 vitta
2316 3674 2538 3737 habetis,
2558 3689 2620 3727 ne
2643 3672 2864 3727 tenebra:
2878 3675 3061 3727 mortis
3084 3692 3173 3729 vos
3196 3692 3434 3745 compre-

1858 3765 2088 3820 hendant
2109 3768 2171 3822 ¹⁶.
2199 3766 2382 3822 Omnis
2411 3768 2500 3837 qui
2532 3766 2640 3821 vult
2668 3767 2846 3830 vitam,
2871 3775 2920 3819 et
2959 3768 3100 3835 cupit
3125 3767 3295 3822 videre
3317 3767 3432 3823 dies

1859 3858 2043 3923 bonas,
2072 3859 2343 3927 prohibeat
2373 3859 2611 3931 linguam
2632 3876 2785 3913 suam
2816 3878 2849 3913 a
2874 3860 3035 3923 malo,
3067 3869 3117 3914 et
3148 3860 3292 3914 labia
3313 3861 3429 3930 ejus

1860 3955 2226 4022 neloquantur
2250 3952 2455 4007 dolum.
2494 3951 2727 4005 Divertat
2765 3968 2798 4006 a
2825 3952 2988 4016 malo,
3038 3962 3088 4006 et
3128 3952 3296 4021 faciat
3334 3953 3430 4007 bo-

1857 4060 1981 4097 num
2007 4062 2026 4099 :
2052 4045 2280 4114 inquirat
2307 4060 2507 4113 pacem,
2537 4052 2585 4097 et
2607 4053 2945 4113 persequatur
2965 4061 3119 4099 eam:
3142 4046 3265 4115 quia
3292 4046 3431 4100 oculi

1856 4135 2073 4190 Domini
2104 4152 2258 4205 super
2276 4137 2475 4206 justas,
2503 4145 2552 4190 et
2574 4153 2727 4190 aures
2753 4135 2865 4205 ejus
2909 4135 2977 4189 ad
3022 4152 3193 4205 preces
3224 4154 3427 4192 eorum.

1870 4227 2052 4283 Vultus
2104 4238 2279 4282 autem
2326 4227 2542 4282 Domini
2600 4244 2757 4298 super
2822 4228 3067 4297 facientes
3121 4229 3263 4282 mala
3298 4268 3313 4292 ,
3369 4235 3430 4283 ut

1852 4320 2035 4387 perdat
2063 4319 2127 4374 de
2155 4330 2295 4374 terra
2323 4320 2627 4374 memoriam
2644 4336 2822 4374 eorum
2842 4320 2927 4374 “'.
2950 4319 3233 4389 Propterea
3265 4321 3429 4376 nolite

1857 4415 1972 4482 ﬁeri
1995 4415 2128 4467 sicut
2154 4430 2313 4483 equus
2343 4424 2391 4468 et
2436 4414 2631 4477 mulus,
2674 4417 2727 4467 in
2772 4413 2957 4483 quibus
2979 4431 3081 4467 non
3109 4426 3185 4468 est
3223 4414 3429 4468 intelle-

175 4509 230 4555 et
260 4501 333 4556 de
360 4500 458 4555 Dei
496 4501 870 4556 misericordia
900 4517 1178 4571 nunquam
1213 4501 1522 4571 desperare.
1558 4500 1753 4556 Senio-
1785 4492 1829 4547 Ι)
1856 4517 1991 4561 ctus.
2021 4504 2123 4561 Sed
2155 4506 2408 4560 ltetamini
2436 4507 2489 4559 in
2519 4505 2766 4569 Domino,
2807 4517 2855 4559 et
2899 4506 3159 4560 exsatiate
3188 4507 3346 4575 justi,
3374 4514 3426 4561 et

176 4609 269 4648 res
296 4593 573 4657 venerari,
595 4603 649 4649 et
681 4594 927 4663 iuniores
950 4594 1192 4664 diligere.
1224 4592 1543 4663 Episcopos,
1576 4607 1755 4648 sacer-

175 4686 338 4742 dotes
368 4702 524 4750 suos,
556 4701 619 4740 ac
648 4692 874 4741 cunctos
898 4685 1139 4755 reliquos
1168 4684 1423 4742 Ecclesia:
1450 4685 1753 4750 ministros.

177 4788 348 4851 atque
376 4794 596 4834 omnem
618 4778 826 4849 plebem
850 4778 951 4835 sibi
978 4779 1347 4843 commissam,
1376 4780 1541 4834 verbo
1568 4778 1754 4834 divino

176 4881 231 4925 et
261 4870 526 4927 mandato
551 4872 822 4927 instruere
851 4888 913 4926 ac
943 4872 1195 4943 dirigere,
1240 4871 1447 4941 hosque
1474 4886 1667 4926 omnes
1699 4878 1755 4926 et

175 4977 376 5018 eorum
418 4964 704 5034 episcopos
734 4972 847 5018 tota
868 4946 1262 5045 animi:virtute
1287 4964 1512 5033 diligere
1535 4970 1593 5016 ut
1621 4978 1753 5017 ocu-

195 5071 262 5110 os
312 5069 468 5117 suos,
518 5056 644 5125 quia
673 5056 816 5110 oculi
852 5065 979 5111 sunt
1005 5037 1240 5110 il'lhrum.
1275 5055 1297 5087 ⁵
1318 5054 1517 5108 Eorum
1552 5069 1754 5124 praece-

176 5148 290 5217 ptis
333 5148 390 5201 in
422 5148 676 5203 omnibus
708 5148 947 5212 obedire,
991 5147 1205 5203 etiamsi
1254 5147 1356 5217 ipsi
1392 5147 1570 5212 aliter,
1603 5145 1748 5216 quod

177 5239 366 5296 absit!
400 5248 583 5310 agant,
623 5255 891 5296 memores
914 5240 1119 5295 scilicet
1139 5240 1284 5297 illius
1305 5238 1572 5294 Dominici
1611 5253 1752 5308 prae-

178 5333 336 5404 cepti
370 5352 383 5385 :
417 5332 548 5399 Quae
576 5331 778 5399 dicunt,
804 5333 960 5402 facite
990 5347 1009 5386 :
1038 5349 1152 5406 qua:
1179 5341 1351 5386 autem
1399 5330 1620 5400 faciunt,
1662 5329 1749 5399 fa-

1856 4600 2160 4669 gloriamini
2199 4616 2373 4653 omnes
2397 4599 2524 4652 recti
2564 4599 2717 4653 corde
2743 4599 2805 4651 ".
2848 4598 2987 4663 Quia
3033 4599 3185 4651 multi
3224 4599 3425 4652 venient

1858 4691 1925 4745 ab
1953 4692 2152 4746 oriente
2192 4701 2242 4745 et
2282 4691 2581 4756 occidente,
2614 4690 2843 4745 Domino
2893 4690 3127 4754 dicente,
3168 4699 3221 4744 et
3260 4705 3291 4743 a
3334 4706 3427 4745 se-

1857 4786 2163 4854 ptentrione
2189 4791 2349 4853 atque
2372 4784 2615 4846 meridie,
2638 4793 2687 4838 et
2707 4782 2996 4837 recnmbent
3017 4799 3131 4836 rum
3152 4782 3423 4836 Abraham

1856 4884 1907 4929 et
1951 4874 2112 4928 Isaac
2157 4884 2207 4928 et
2228 4874 2477 4930 Iacob“.
2529 4874 2759 4945 Propter
2791 4875 2934 4945 quod
2956 4875 3019 4937 ¹⁹,
3054 4873 3315 4944 deprecor
3344 4884 3417 4939 te,

1856 4964 2023 5021 frater
2053 4966 2395 5033 charissime,
2422 4974 2483 5020 ut
2524 4965 2721 5022 doceas
2764 4967 3020 5022 attentius
3048 4966 3191 5020 hunc
3224 4968 3423 5037 praedi-

1853 5059 2085 5114 cationis
2110 5058 2353 5114 ordinem
2400 5066 2453 5115 et
2478 5059 2878 5114 absolutionum
2899 5059 3036 5122 dies,
3062 5066 3119 5113 ut
3142 5060 3422 5117 salvcntnr

1850 5149 2045 5203 anitum
2088 5150 2388 5215 hominum,
2436 5166 2555 5220 qua:
2599 5151 2812 5205 occulta
2862 5150 2955 5204 Dci
2998 5151 3221 5215 virtute,
3252 5166 3416 5219 quem

1849 5240 2083 5295 debeant
2110 5242 2353 5313 diligere,
2382 5243 2699 5312 priusquam
2738 5243 3054 5306 doceantur,
3086 5250 3411 5312 agnoscunt.

1848 5329 2087 5403 Operum
2117 5348 2247 5389 vero
2277 5334 2416 5389 ratio
2448 5335 2701 5406 potestati
2729 5346 2782 5389 et
2812 5335 3036 5390 arbitrio
3063 5333 3413 5401 uniuscujus-

252 5532 306 5605 ξ’
327 5531 484 5605 malo.
551 5534 596 5605 "_
620 5548 741 5601 cap.
775 5551 811 5593 ι,
836 5534 920 5605 Η.
956 5601 971 5605 Α
995 5530 1370 5605 "_attribuere.
1393 5516 1481 5605 δ’
1510 5534 1745 5600 applicet.

1870 5538 1891 5568 ⁸
1910 5535 2064 5591 Deut.
2082 5555 2132 5593 ν.
2209 5538 2223 5569 ⁸
2251 5533 2287 5590 Γ.
2312 5553 2366 5594 se
2390 5533 2577 5603 solum,
2603 5548 2672 5591 Ita
2705 5554 2807 5594 ms.
2824 5538 2962 5593 Just.
3041 5540 3405 5605 ’pm'tendere.

182 5602 841 5666 'Castitatem,itams.c.
908 5601 976 5655 ιι
1037 5601 1195 5656 Joan.
1243 5603 1439 5663 111,15.
1541 5606 1636 5667 ‘2,

189 5751 242 5798 5.
322 5732 557 5797 "-Ect'li.
592 5758 629 5804 ι,
678 5732 878 5804 12,13.
958 5744 999 5773 "
1039 5742 1205 5811 Eccli.
1239 5757 1300 5805 ιι,
1343 5743 1411 5798 i5
1437 5754 1489 5796 et
1519 5758 1630 5811 scq.

190 5816 285 5872 15.
362 5815 396 5845 ³⁷
429 5811 575 5870 Psal.
606 5827 753 5875 xxxi,
789 5813 842 5879 9,
884 5813 968 5870 li.

182 5604 841 5666 'Castitatem,itams.c.
908 5604 927 5633 ⁸
956 5604 976 5655 ι
1037 5604 1195 5656 Joan.
1243 5618 1322 5663 ιιι,
1356 5604 1439 5656 15.
1541 5606 1561 5634 ⁵
1586 5608 1636 5667 2,
1666 5621 1721 5672 q.
1752 5604 1764 5655 τ

182 5674 294 5732 sub
345 5670 688 5741 Symmacho.
763 5673 1072 5740 ‘portandi.
1151 5672 1171 5701 ’
1214 5689 1293 5726 ac.
1371 5674 1413 5704 ¹⁰
1442 5672 1625 5726 Matth.
1674 5690 1741 5739 x;

191 5751 219 5775 ζ
322 5742 367 5775 ίδ
392 5742 533 5775 ΙιήιιΙῖ
592 5758 608 5775 ι
678 5741 741 5775 ⁸ο
792 5744 858 5775 Ιῗξ
958 5744 999 5773 ιι
1042 5742 1181 5775 Ιηήηιῖ
1239 5757 1277 5775 II
1343 5743 1409 5775 IK
1437 5754 1484 5775 ul
1519 5758 1607 5775 ann
1750 5746 1764 5774 ί

1866 5606 2172 5661 iacerdote:.
2324 5610 2343 5639 ⁸
2371 5610 2555 5662 Matth.
2597 5626 2749 5669 χχιιι,
2789 5610 2843 5664 5.
2918 5612 2967 5656 ⁷4

1866 5689 2003 5775 {.31.
2065 5679 2178 5732 “c.
2220 5680 2293 5775 to
2314 5678 2443 5775 Reg“.
2469 5678 2539 5775 ‘S.
2584 5678 2874 5775 Bcncdiﬂi.
2951 5681 2967 5775 ξ

1047 5744 1205 5798 Eccli.
1239 5757 1300 5805 ιι,
1343 5744 1411 5798 i5
1437 5754 1489 5796 et
1519 5758 1630 5811 scq.
1750 5746 1764 5774 ¹

1047 5812 1089 5845 ⁸⁸
1120 5810 1250 5868 Luc.
1291 5828 1410 5878 xm,
1452 5812 1522 5868 29
1622 5815 1661 5843 ¹⁹
1734 5808 1764 5863 ﬁ

1866 5747 1972 5825 ’sal.
2008 5764 2194 5811 χχχιιι,
2230 5749 2315 5805 12.
2394 5744 2436 5781 7‘
2461 5749 2734 5814 Joan.xu,
2769 5750 2857 5806 35.

1866 5825 1995 5881 gmt.
2034 5830 2103 5872 tv.

2918 5612 2934 5640 ⁷
2960 5609 3125 5663 Cone.
3162 5609 3317 5663 lium.
3352 5623 3404 5671 ν,

2952 5681 2967 5710 ⁸
3019 5696 3139 5749 quo.
3220 5680 3405 5747 "cap.

2951 5749 3164 5805 “'Psal
3210 5764 3403 5814 nuit.

2324 5610 2343 5639 ⁸
2371 5610 2555 5662 Matth.
2597 5626 2749 5669 χχιιι,
2789 5610 2843 5664 5.
