  <div class='ocr_page' id='page_1' title='image "/cluster/home/n/w/nwhite01/storage/ocr_20150623/1/hvd.32044073501405/249.png"; bbox 0 0 3900 6334; ppageno 0'>
   <div class='ocr_carea' id='block_1_1' title="bbox 541 246 654 303">
    <p class='ocr_par' dir='ltr' id='par_1_1' title="bbox 541 246 654 303">
     <span class='ocr_line' id='line_1_1' title="bbox 541 246 654 303; baseline -0.027 0"><span class='ocrx_word' id='word_1_1' title='bbox 541 246 654 303; x_wconf 49' lang='grc' dir='ltr'><strong>λεδ</strong></span> 
     </span>
    </p>
   </div>
   <div class='ocr_carea' id='block_1_2' title="bbox 1359 241 3672 310">
    <p class='ocr_par' dir='ltr' id='par_1_2' title="bbox 1359 241 3672 310">
     <span class='ocr_line' id='line_1_2' title="bbox 1359 241 3672 310; baseline -0.004 -11"><span class='ocrx_word' id='word_1_2' title='bbox 1359 243 1416 301; x_wconf 86' lang='lat' dir='ltr'><strong>s.</strong></span> <span class='ocrx_word' id='word_1_3' title='bbox 1451 245 1843 300; x_wconf 68' lang='lat' dir='ltr'><strong>CLEMENTIS</strong></span> <span class='ocrx_word' id='word_1_4' title='bbox 1879 246 1895 299; x_wconf 91' lang='lat' dir='ltr'><strong>l</strong></span> <span class='ocrx_word' id='word_1_5' title='bbox 1933 246 2100 303; x_wconf 79' lang='lat' dir='ltr'><strong>non.</strong></span> <span class='ocrx_word' id='word_1_6' title='bbox 2143 245 2341 300; x_wconf 75' lang='lat' dir='ltr'><strong>PONT.</strong></span> <span class='ocrx_word' id='word_1_7' title='bbox 2383 243 2608 300; x_wconf 71' lang='lat' dir='ltr'><strong>opem</strong></span> <span class='ocrx_word' id='word_1_8' title='bbox 2647 241 2869 296; x_wconf 75' lang='lat' dir='ltr'><strong>nunn.</strong></span> <span class='ocrx_word' id='word_1_9' title='bbox 3608 255 3672 310; x_wconf 61' lang='lat'><strong>,3,</strong></span> 
     </span>
    </p>
   </div>
   <div class='ocr_carea' id='block_1_3' title="bbox 546 359 3679 440">
    <p class='ocr_par' dir='ltr' id='par_1_3' title="bbox 546 359 3679 440">
     <span class='ocr_line' id='line_1_3' title="bbox 546 359 3679 440; baseline 0.005 -26"><span class='ocrx_word' id='word_1_10' title='bbox 546 375 654 431; x_wconf 90' lang='lat' dir='ltr'><strong>que</strong></span> <span class='ocrx_word' id='word_1_11' title='bbox 686 359 1038 430; x_wconf 88' lang='lat' dir='ltr'><strong>permittitur,</strong></span> <span class='ocrx_word' id='word_1_12' title='bbox 1073 367 1126 413; x_wconf 92' lang='lat' dir='ltr'><strong>et</strong></span> <span class='ocrx_word' id='word_1_13' title='bbox 1158 360 1260 413; x_wconf 87' lang='lat' dir='ltr'><strong>hoc</strong></span> <span class='ocrx_word' id='word_1_14' title='bbox 1285 360 1524 428; x_wconf 85' lang='lat' dir='ltr'><strong>ipsorum</strong></span> <span class='ocrx_word' id='word_1_15' title='bbox 1557 369 1643 416; x_wconf 91' lang='lat' dir='ltr'><strong>est</strong></span> <span class='ocrx_word' id='word_1_16' title='bbox 1689 362 1990 431; x_wconf 90' lang='lat' dir='ltr'><strong>proprium.</strong></span> <span class='ocrx_word' id='word_1_17' title='bbox 2017 361 2118 418; x_wconf 92' lang='lat' dir='ltr'><strong>De-</strong></span> <span class='ocrx_word' id='word_1_18' title='bbox 2143 371 2191 429; x_wconf 81' lang='grc' dir='ltr'><strong>Α</strong></span> <span class='ocrx_word' id='word_1_19' title='bbox 2222 363 2339 417; x_wconf 82' lang='lat' dir='ltr'><strong>sine</strong></span> <span class='ocrx_word' id='word_1_20' title='bbox 2374 360 2540 414; x_wconf 86' lang='lat' dir='ltr'><strong>dubio</strong></span> <span class='ocrx_word' id='word_1_21' title='bbox 2585 367 2638 414; x_wconf 89' lang='lat' dir='ltr'><strong>et</strong></span> <span class='ocrx_word' id='word_1_22' title='bbox 2674 362 2828 414; x_wconf 98' lang='lat' dir='ltr'><strong>vacui</strong></span> <span class='ocrx_word' id='word_1_23' title='bbox 2868 360 2936 414; x_wconf 92' lang='lat' dir='ltr'><strong>ab</strong></span> <span class='ocrx_word' id='word_1_24' title='bbox 2989 361 3233 430; x_wconf 86' lang='lat' dir='ltr'><strong>operibus</strong></span> <span class='ocrx_word' id='word_1_25' title='bbox 3268 363 3408 420; x_wconf 88' lang='lat' dir='ltr'><strong>bonis</strong></span> <span class='ocrx_word' id='word_1_26' title='bbox 3454 383 3679 440; x_wconf 75' lang='lat' dir='ltr'><strong>pergennn</strong></span> 
     </span>
    </p>
   </div>
   <div class='ocr_carea' id='block_1_4' title="bbox 541 452 2117 523">
    <p class='ocr_par' dir='ltr' id='par_1_4' title="bbox 541 452 2117 523">
     <span class='ocr_line' id='line_1_4' title="bbox 541 452 2117 523; baseline 0.001 -14"><span class='ocrx_word' id='word_1_27' title='bbox 541 454 806 509; x_wconf 89' lang='lat' dir='ltr'><strong>siderium</strong></span> <span class='ocrx_word' id='word_1_28' title='bbox 853 467 980 505; x_wconf 90' lang='lat' dir='ltr'><strong>vero</strong></span> <span class='ocrx_word' id='word_1_29' title='bbox 1013 452 1209 507; x_wconf 85' lang='lat' dir='ltr'><strong>habere</strong></span> <span class='ocrx_word' id='word_1_30' title='bbox 1238 469 1364 523; x_wconf 89' lang='lat' dir='ltr'><strong>erga</strong></span> <span class='ocrx_word' id='word_1_31' title='bbox 1402 455 1676 509; x_wconf 89' lang='lat' dir='ltr'><strong>doctorem</strong></span> <span class='ocrx_word' id='word_1_32' title='bbox 1717 456 1980 520; x_wconf 72' lang='lat' dir='ltr'><strong>veritatis,</strong></span> <span class='ocrx_word' id='word_1_33' title='bbox 2015 456 2117 510; x_wconf 92' lang='lat' dir='ltr'><strong>hoc</strong></span> 
     </span>
    </p>
   </div>
   <div class='ocr_carea' id='block_1_5' title="bbox 541 542 2112 613">
    <p class='ocr_par' dir='ltr' id='par_1_5' title="bbox 541 542 2112 613">
     <span class='ocr_line' id='line_1_5' title="bbox 541 542 2112 613; baseline 0.003 -17"><span class='ocrx_word' id='word_1_34' title='bbox 541 559 570 596; x_wconf 90' lang='lat' dir='ltr'><strong>a</strong></span> <span class='ocrx_word' id='word_1_35' title='bbox 624 544 784 597; x_wconf 90' lang='lat' dir='ltr'><strong>Patre</strong></span> <span class='ocrx_word' id='word_1_36' title='bbox 827 544 1035 598; x_wconf 69' lang='lat' dir='ltr'><strong>caelesti</strong></span> <span class='ocrx_word' id='word_1_37' title='bbox 1067 542 1326 598; x_wconf 88' lang='lat' dir='ltr'><strong>donatum</strong></span> <span class='ocrx_word' id='word_1_38' title='bbox 1355 553 1455 600; x_wconf 91' lang='lat' dir='ltr'><strong>est.</strong></span> <span class='ocrx_word' id='word_1_39' title='bbox 1491 545 1593 601; x_wconf 88' lang='lat' dir='ltr'><strong>Sed</strong></span> <span class='ocrx_word' id='word_1_40' title='bbox 1625 548 1774 602; x_wconf 90' lang='lat' dir='ltr'><strong>salus</strong></span> <span class='ocrx_word' id='word_1_41' title='bbox 1813 548 1867 600; x_wconf 92' lang='lat' dir='ltr'><strong>in</strong></span> <span class='ocrx_word' id='word_1_42' title='bbox 1900 563 1964 602; x_wconf 93' lang='lat' dir='ltr'><strong>eo</strong></span> <span class='ocrx_word' id='word_1_43' title='bbox 2008 557 2112 613; x_wconf 91' lang='lat' dir='ltr'><strong>est,</strong></span> 
     </span>
    </p>
   </div>
   <div class='ocr_carea' id='block_1_6' title="bbox 542 637 2109 707">
    <p class='ocr_par' dir='ltr' id='par_1_6' title="bbox 542 637 2109 707">
     <span class='ocr_line' id='line_1_6' title="bbox 542 637 2109 707; baseline 0.004 -19"><span class='ocrx_word' id='word_1_44' title='bbox 542 645 600 688; x_wconf 91' lang='lat' dir='ltr'><strong>ut</strong></span> <span class='ocrx_word' id='word_1_45' title='bbox 633 637 966 690; x_wconf 76' lang='lat' dir='ltr'><strong>voluntatem</strong></span> <span class='ocrx_word' id='word_1_46' title='bbox 1013 637 1156 705; x_wconf 87' lang='lat' dir='ltr'><strong>ejus,</strong></span> <span class='ocrx_word' id='word_1_47' title='bbox 1197 638 1356 706; x_wconf 90' lang='lat' dir='ltr'><strong>cujus</strong></span> <span class='ocrx_word' id='word_1_48' title='bbox 1392 654 1632 694; x_wconf 90' lang='lat' dir='ltr'><strong>amorem</strong></span> <span class='ocrx_word' id='word_1_49' title='bbox 1681 649 1734 695; x_wconf 90' lang='lat' dir='ltr'><strong>et</strong></span> <span class='ocrx_word' id='word_1_50' title='bbox 1760 641 2109 707; x_wconf 86' lang='lat' dir='ltr'><strong>desiderium,</strong></span> 
     </span>
    </p>
   </div>
   <div class='ocr_carea' id='block_1_7' title="bbox 521 726 2112 799">
    <p class='ocr_par' dir='ltr' id='par_1_7' title="bbox 521 726 2112 799">
     <span class='ocr_line' id='line_1_7' title="bbox 521 726 2112 799; baseline 0.006 -22"><span class='ocrx_word' id='word_1_51' title='bbox 521 726 656 796; x_wconf 60' lang='lat' dir='ltr'><strong>TDeo</strong></span> <span class='ocrx_word' id='word_1_52' title='bbox 709 727 990 796; x_wconf 83' lang='lat' dir='ltr'><strong>largiente,</strong></span> <span class='ocrx_word' id='word_1_53' title='bbox 1023 731 1360 799; x_wconf 86' lang='lat' dir='ltr'><strong>conceperis,</strong></span> <span class='ocrx_word' id='word_1_54' title='bbox 1384 730 1586 798; x_wconf 80' lang='lat' dir='ltr'><strong>facias;</strong></span> <span class='ocrx_word' id='word_1_55' title='bbox 1622 748 1689 787; x_wconf 87' lang='lat' dir='ltr'><strong>ne</strong></span> <span class='ocrx_word' id='word_1_56' title='bbox 1704 733 2112 788; x_wconf 90' lang='lat' dir='ltr'><strong>dicatursermo</strong></span> 
     </span>
    </p>
   </div>
   <div class='ocr_carea' id='block_1_8' title="bbox 521 805 2113 890">
    <p class='ocr_par' dir='ltr' id='par_1_8' title="bbox 521 805 2113 890">
     <span class='ocr_line' id='line_1_8' title="bbox 521 805 2113 890; baseline 0.004 -16"><span class='ocrx_word' id='word_1_57' title='bbox 521 805 660 887; x_wconf 40' lang='lat' dir='ltr'><strong>&#39;ejus</strong></span> <span class='ocrx_word' id='word_1_58' title='bbox 693 820 756 872; x_wconf 92' lang='lat' dir='ltr'><strong>ad</strong></span> <span class='ocrx_word' id='word_1_59' title='bbox 791 835 911 883; x_wconf 90' lang='lat' dir='ltr'><strong>nos,</strong></span> <span class='ocrx_word' id='word_1_60' title='bbox 943 837 1104 890; x_wconf 89' lang='lat' dir='ltr'><strong>quem</strong></span> <span class='ocrx_word' id='word_1_61' title='bbox 1131 821 1272 876; x_wconf 90' lang='lat' dir='ltr'><strong>idem</strong></span> <span class='ocrx_word' id='word_1_62' title='bbox 1296 823 1434 877; x_wconf 83' lang='lat' dir='ltr'><strong>dixit</strong></span> <span class='ocrx_word' id='word_1_63' title='bbox 1463 843 1475 877; x_wconf 90' lang='lat'><strong>:</strong></span> <span class='ocrx_word' id='word_1_64' title='bbox 1513 824 1651 890; x_wconf 79' lang='lat' dir='ltr'><strong>Quid</strong></span> <span class='ocrx_word' id='word_1_65' title='bbox 1673 836 1846 879; x_wconf 85' lang='lat' dir='ltr'><strong>autem</strong></span> <span class='ocrx_word' id='word_1_66' title='bbox 1875 843 1953 879; x_wconf 87' lang='lat' dir='ltr'><strong>me</strong></span> <span class='ocrx_word' id='word_1_67' title='bbox 1980 825 2113 880; x_wconf 86' lang='lat' dir='ltr'><strong>dici-</strong></span> 
     </span>
    </p>
   </div>
   <div class='ocr_carea' id='block_1_9' title="bbox 543 912 2110 987">
    <p class='ocr_par' dir='ltr' id='par_1_9' title="bbox 543 912 2110 987">
     <span class='ocr_line' id='line_1_9' title="bbox 543 912 2110 987; baseline 0.004 -23"><span class='ocrx_word' id='word_1_68' title='bbox 543 913 636 977; x_wconf 81' lang='lat' dir='ltr'><strong>tis,</strong></span> <span class='ocrx_word' id='word_1_69' title='bbox 664 912 908 974; x_wconf 81' lang='lat' dir='ltr'><strong>Domine,</strong></span> <span class='ocrx_word' id='word_1_70' title='bbox 941 913 1180 979; x_wconf 84' lang='lat' dir='ltr'><strong>Domine,</strong></span> <span class='ocrx_word' id='word_1_71' title='bbox 1218 924 1266 968; x_wconf 85' lang='lat' dir='ltr'><strong>et</strong></span> <span class='ocrx_word' id='word_1_72' title='bbox 1299 932 1400 969; x_wconf 87' lang='lat' dir='ltr'><strong>non</strong></span> <span class='ocrx_word' id='word_1_73' title='bbox 1429 917 1606 984; x_wconf 78' lang='lat' dir='ltr'><strong>facitis</strong></span> <span class='ocrx_word' id='word_1_74' title='bbox 1639 935 1754 987; x_wconf 73' lang='lat' dir='ltr'><strong>qua:</strong></span> <span class='ocrx_word' id='word_1_75' title='bbox 1778 917 1895 971; x_wconf 83' lang='lat' dir='ltr'><strong>dico</strong></span> <span class='ocrx_word' id='word_1_76' title='bbox 1915 918 1996 970; x_wconf 71' lang='grc' dir='ltr'><strong>ὀἳ</strong></span> <span class='ocrx_word' id='word_1_77' title='bbox 2018 918 2110 973; x_wconf 90' lang='lat' dir='ltr'><strong>Est</strong></span> 
     </span>
    </p>
   </div>
   <div class='ocr_carea' id='block_1_10' title="bbox 539 1006 2110 1081">
    <p class='ocr_par' dir='ltr' id='par_1_10' title="bbox 539 1006 2110 1081">
     <span class='ocr_line' id='line_1_10' title="bbox 539 1006 2110 1081; baseline 0.006 -26"><span class='ocrx_word' id='word_1_78' title='bbox 539 1018 670 1071; x_wconf 86' lang='lat' dir='ltr'><strong>ergo</strong></span> <span class='ocrx_word' id='word_1_79' title='bbox 704 1006 906 1073; x_wconf 84' lang='lat' dir='ltr'><strong>proprii</strong></span> <span class='ocrx_word' id='word_1_80' title='bbox 952 1009 1214 1074; x_wconf 91' lang='lat' dir='ltr'><strong>muneris,</strong></span> <span class='ocrx_word' id='word_1_81' title='bbox 1276 1016 1334 1062; x_wconf 90' lang='lat' dir='ltr'><strong>ut</strong></span> <span class='ocrx_word' id='word_1_82' title='bbox 1389 1011 1765 1080; x_wconf 87' lang='lat' dir='ltr'><strong>unusquisque</strong></span> <span class='ocrx_word' id='word_1_83' title='bbox 1807 1012 1897 1074; x_wconf 88' lang='lat' dir='ltr'><strong>sit,</strong></span> <span class='ocrx_word' id='word_1_84' title='bbox 1950 1021 2110 1081; x_wconf 91' lang='lat' dir='ltr'><strong>prout</strong></span> 
     </span>
    </p>
   </div>
   <div class='ocr_carea' id='block_1_11' title="bbox 541 1095 2110 1170">
    <p class='ocr_par' dir='ltr' id='par_1_11' title="bbox 541 1095 2110 1170">
     <span class='ocr_line' id='line_1_11' title="bbox 541 1095 2110 1170; baseline 0.004 -21"><span class='ocrx_word' id='word_1_85' title='bbox 541 1095 803 1152; x_wconf 90' lang='lat' dir='ltr'><strong>Dominus</strong></span> <span class='ocrx_word' id='word_1_86' title='bbox 846 1107 1033 1153; x_wconf 88' lang='lat' dir='ltr'><strong>noster</strong></span> <span class='ocrx_word' id='word_1_87' title='bbox 1061 1100 1287 1164; x_wconf 91' lang='lat' dir='ltr'><strong>dederit,</strong></span> <span class='ocrx_word' id='word_1_88' title='bbox 1316 1101 1588 1170; x_wconf 89' lang='lat' dir='ltr'><strong>perfectus</strong></span> <span class='ocrx_word' id='word_1_89' title='bbox 1613 1103 1665 1156; x_wconf 91' lang='lat' dir='ltr'><strong>in</strong></span> <span class='ocrx_word' id='word_1_90' title='bbox 1699 1102 1958 1166; x_wconf 81' lang='lat' dir='ltr'><strong>Ecclesia,</strong></span> <span class='ocrx_word' id='word_1_91' title='bbox 1984 1104 2110 1156; x_wconf 91' lang='lat' dir='ltr'><strong>mit-</strong></span> 
     </span>
    </p>
   </div>
   <div class='ocr_carea' id='block_1_12' title="bbox 538 1192 2107 1266">
    <p class='ocr_par' dir='ltr' id='par_1_12' title="bbox 538 1192 2107 1266">
     <span class='ocr_line' id='line_1_12' title="bbox 538 1192 2107 1266; baseline 0.006 -25"><span class='ocrx_word' id='word_1_92' title='bbox 538 1196 769 1258; x_wconf 81' lang='lat' dir='ltr'><strong>tensque</strong></span> <span class='ocrx_word' id='word_1_93' title='bbox 807 1193 1015 1245; x_wconf 89' lang='lat' dir='ltr'><strong>semina</strong></span> <span class='ocrx_word' id='word_1_94' title='bbox 1044 1192 1251 1258; x_wconf 89' lang='lat' dir='ltr'><strong>divina,</strong></span> <span class='ocrx_word' id='word_1_95' title='bbox 1282 1202 1341 1247; x_wconf 88' lang='lat' dir='ltr'><strong>ut</strong></span> <span class='ocrx_word' id='word_1_96' title='bbox 1367 1193 1433 1248; x_wconf 90' lang='lat' dir='ltr'><strong>de</strong></span> <span class='ocrx_word' id='word_1_97' title='bbox 1466 1196 1643 1258; x_wconf 89' lang='lat' dir='ltr'><strong>nobis,</strong></span> <span class='ocrx_word' id='word_1_98' title='bbox 1678 1212 1782 1250; x_wconf 90' lang='lat' dir='ltr'><strong>non</strong></span> <span class='ocrx_word' id='word_1_99' title='bbox 1817 1197 2107 1266; x_wconf 67' lang='lat' dir='ltr'><strong>praedictus</strong></span> 
     </span>
    </p>
   </div>
   <div class='ocr_carea' id='block_1_13' title="bbox 539 1281 2108 1356">
    <p class='ocr_par' dir='ltr' id='par_1_13' title="bbox 539 1281 2108 1356">
     <span class='ocr_line' id='line_1_13' title="bbox 539 1281 2108 1356; baseline 0.006 -22"><span class='ocrx_word' id='word_1_100' title='bbox 539 1296 742 1345; x_wconf 89' lang='lat' dir='ltr'><strong>sermo,</strong></span> <span class='ocrx_word' id='word_1_101' title='bbox 777 1281 872 1335; x_wconf 86' lang='lat' dir='ltr'><strong>scd</strong></span> <span class='ocrx_word' id='word_1_102' title='bbox 905 1283 992 1338; x_wconf 92' lang='lat' dir='ltr'><strong>ille</strong></span> <span class='ocrx_word' id='word_1_103' title='bbox 1022 1284 1256 1350; x_wconf 82' lang='lat' dir='ltr'><strong>dicatur;</strong></span> <span class='ocrx_word' id='word_1_104' title='bbox 1286 1302 1444 1356; x_wconf 88' lang='lat' dir='ltr'><strong>quem</strong></span> <span class='ocrx_word' id='word_1_105' title='bbox 1471 1287 1599 1340; x_wconf 86' lang='lat' dir='ltr'><strong>alibi</strong></span> <span class='ocrx_word' id='word_1_106' title='bbox 1631 1287 1892 1342; x_wconf 85' lang='lat' dir='ltr'><strong>Dominus</strong></span> <span class='ocrx_word' id='word_1_107' title='bbox 1923 1298 2108 1344; x_wconf 86' lang='lat' dir='ltr'><strong>noster</strong></span> 
     </span>
    </p>
   </div>
   <div class='ocr_carea' id='block_1_14' title="bbox 537 1372 2106 1446">
    <p class='ocr_par' dir='ltr' id='par_1_14' title="bbox 537 1372 2106 1446">
     <span class='ocr_line' id='line_1_14' title="bbox 537 1372 2106 1446; baseline 0.007 -22"><span class='ocrx_word' id='word_1_108' title='bbox 537 1372 718 1425; x_wconf 73' lang='lat' dir='ltr'><strong>dixit:</strong></span> <span class='ocrx_word' id='word_1_109' title='bbox 775 1373 925 1437; x_wconf 87' lang='lat' dir='ltr'><strong>Ideo,</strong></span> <span class='ocrx_word' id='word_1_110' title='bbox 976 1377 1174 1446; x_wconf 86' lang='lat' dir='ltr'><strong>inquit,</strong></span> <span class='ocrx_word' id='word_1_111' title='bbox 1219 1381 1386 1431; x_wconf 85' lang='lat' dir='ltr'><strong>omnis</strong></span> <span class='ocrx_word' id='word_1_112' title='bbox 1423 1379 1595 1432; x_wconf 85' lang='lat' dir='ltr'><strong>scriba</strong></span> <span class='ocrx_word' id='word_1_113' title='bbox 1639 1381 1823 1434; x_wconf 86' lang='lat' dir='ltr'><strong>doctus</strong></span> <span class='ocrx_word' id='word_1_114' title='bbox 1856 1382 1910 1433; x_wconf 89' lang='lat' dir='ltr'><strong>in</strong></span> <span class='ocrx_word' id='word_1_115' title='bbox 1952 1398 2106 1446; x_wconf 80' lang='lat' dir='ltr'><strong>regno</strong></span> 
     </span>
    </p>
   </div>
   <div class='ocr_carea' id='block_1_15' title="bbox 537 1464 2104 1543">
    <p class='ocr_par' dir='ltr' id='par_1_15' title="bbox 537 1464 2104 1543">
     <span class='ocr_line' id='line_1_15' title="bbox 537 1464 2104 1543; baseline 0.008 -27"><span class='ocrx_word' id='word_1_116' title='bbox 537 1464 809 1528; x_wconf 67' lang='lat' dir='ltr'><strong>caelorum,</strong></span> <span class='ocrx_word' id='word_1_117' title='bbox 839 1468 1033 1520; x_wconf 79' lang='lat' dir='ltr'><strong>similis</strong></span> <span class='ocrx_word' id='word_1_118' title='bbox 1057 1479 1135 1522; x_wconf 87' lang='lat' dir='ltr'><strong>est</strong></span> <span class='ocrx_word' id='word_1_119' title='bbox 1168 1471 1364 1524; x_wconf 83' lang='lat' dir='ltr'><strong>homini</strong></span> <span class='ocrx_word' id='word_1_120' title='bbox 1408 1473 1811 1540; x_wconf 77' lang='lat' dir='ltr'><strong>patrifamilias,</strong></span> <span class='ocrx_word' id='word_1_121' title='bbox 1849 1474 1937 1543; x_wconf 83' lang='lat' dir='ltr'><strong>qui</strong></span> <span class='ocrx_word' id='word_1_122' title='bbox 1978 1491 2104 1542; x_wconf 88' lang='lat' dir='ltr'><strong>pro-</strong></span> 
     </span>
    </p>
   </div>
   <div class='ocr_carea' id='block_1_16' title="bbox 537 1556 2101 1637">
    <p class='ocr_par' dir='ltr' id='par_1_16' title="bbox 537 1556 2101 1637">
     <span class='ocr_line' id='line_1_16' title="bbox 537 1556 2101 1637; baseline 0.008 -29"><span class='ocrx_word' id='word_1_123' title='bbox 537 1556 639 1624; x_wconf 75' lang='lat' dir='ltr'><strong>fert</strong></span> <span class='ocrx_word' id='word_1_124' title='bbox 662 1557 724 1610; x_wconf 90' lang='lat' dir='ltr'><strong>de</strong></span> <span class='ocrx_word' id='word_1_125' title='bbox 749 1558 992 1612; x_wconf 78' lang='lat' dir='ltr'><strong>thesauro</strong></span> <span class='ocrx_word' id='word_1_126' title='bbox 1020 1578 1114 1614; x_wconf 89' lang='lat' dir='ltr'><strong>suo</strong></span> <span class='ocrx_word' id='word_1_127' title='bbox 1141 1579 1270 1616; x_wconf 81' lang='lat' dir='ltr'><strong>nova</strong></span> <span class='ocrx_word' id='word_1_128' title='bbox 1299 1573 1346 1616; x_wconf 89' lang='lat' dir='ltr'><strong>et</strong></span> <span class='ocrx_word' id='word_1_129' title='bbox 1375 1566 1624 1618; x_wconf 80' lang='lat' dir='ltr'><strong>vetera&quot;.</strong></span> <span class='ocrx_word' id='word_1_130' title='bbox 1665 1563 1855 1620; x_wconf 88' lang='lat' dir='ltr'><strong>Nullus</strong></span> <span class='ocrx_word' id='word_1_131' title='bbox 1890 1582 2020 1637; x_wconf 87' lang='lat' dir='ltr'><strong>ergo</strong></span> <span class='ocrx_word' id='word_1_132' title='bbox 2036 1569 2101 1632; x_wconf 82' lang='lat'><strong>“,</strong></span> 
     </span>
    </p>
   </div>
   <div class='ocr_carea' id='block_1_17' title="bbox 539 1649 2102 1727">
    <p class='ocr_par' dir='ltr' id='par_1_17' title="bbox 539 1649 2102 1727">
     <span class='ocr_line' id='line_1_17' title="bbox 539 1649 2102 1727; baseline 0.007 -25"><span class='ocrx_word' id='word_1_133' title='bbox 539 1649 736 1717; x_wconf 86' lang='lat' dir='ltr'><strong>inquit,</strong></span> <span class='ocrx_word' id='word_1_134' title='bbox 773 1651 1031 1721; x_wconf 87' lang='lat' dir='ltr'><strong>impediat</strong></span> <span class='ocrx_word' id='word_1_135' title='bbox 1060 1656 1328 1718; x_wconf 88' lang='lat' dir='ltr'><strong>ordinem,</strong></span> <span class='ocrx_word' id='word_1_136' title='bbox 1360 1665 1452 1710; x_wconf 92' lang='lat' dir='ltr'><strong>aut</strong></span> <span class='ocrx_word' id='word_1_137' title='bbox 1484 1658 1660 1710; x_wconf 92' lang='lat' dir='ltr'><strong>locum</strong></span> <span class='ocrx_word' id='word_1_138' title='bbox 1699 1666 1925 1727; x_wconf 82' lang='lat' dir='ltr'><strong>occupet</strong></span> <span class='ocrx_word' id='word_1_139' title='bbox 1962 1660 2102 1713; x_wconf 90' lang='lat' dir='ltr'><strong>irra-</strong></span> 
     </span>
    </p>
   </div>
   <div class='ocr_carea' id='block_1_18' title="bbox 536 1741 2107 1821">
    <p class='ocr_par' dir='ltr' id='par_1_18' title="bbox 536 1741 2107 1821">
     <span class='ocr_line' id='line_1_18' title="bbox 536 1741 2107 1821; baseline 0.008 -27"><span class='ocrx_word' id='word_1_140' title='bbox 536 1741 890 1808; x_wconf 91' lang='lat' dir='ltr'><strong>tionabiliter,</strong></span> <span class='ocrx_word' id='word_1_141' title='bbox 911 1747 993 1801; x_wconf 92' lang='lat' dir='ltr'><strong>vel</strong></span> <span class='ocrx_word' id='word_1_142' title='bbox 1016 1757 1316 1816; x_wconf 90' lang='lat' dir='ltr'><strong>temporum</strong></span> <span class='ocrx_word' id='word_1_143' title='bbox 1338 1757 1603 1818; x_wconf 89' lang='lat' dir='ltr'><strong>permutet</strong></span> <span class='ocrx_word' id='word_1_144' title='bbox 1625 1752 1794 1816; x_wconf 88' lang='lat' dir='ltr'><strong>vices;</strong></span> <span class='ocrx_word' id='word_1_145' title='bbox 1819 1756 1912 1806; x_wconf 89' lang='lat' dir='ltr'><strong>sed</strong></span> <span class='ocrx_word' id='word_1_146' title='bbox 1933 1752 2107 1821; x_wconf 92' lang='lat' dir='ltr'><strong>primo</strong></span> 
     </span>
    </p>
   </div>
   <div class='ocr_carea' id='block_1_19' title="bbox 534 1835 2109 1912">
    <p class='ocr_par' dir='ltr' id='par_1_19' title="bbox 534 1835 2109 1912">
     <span class='ocr_line' id='line_1_19' title="bbox 534 1835 2109 1912; baseline 0.008 -26"><span class='ocrx_word' id='word_1_147' title='bbox 534 1849 655 1902; x_wconf 69' lang='lat' dir='ltr'><strong>quas</strong></span> <span class='ocrx_word' id='word_1_148' title='bbox 685 1835 755 1889; x_wconf 89' lang='lat' dir='ltr'><strong>sit</strong></span> <span class='ocrx_word' id='word_1_149' title='bbox 779 1836 995 1904; x_wconf 91' lang='lat' dir='ltr'><strong>justitia</strong></span> <span class='ocrx_word' id='word_1_150' title='bbox 1024 1839 1164 1908; x_wconf 85' lang='lat' dir='ltr'><strong>ejus,</strong></span> <span class='ocrx_word' id='word_1_151' title='bbox 1205 1857 1325 1910; x_wconf 73' lang='lat' dir='ltr'><strong>qua:</strong></span> <span class='ocrx_word' id='word_1_152' title='bbox 1351 1843 1618 1906; x_wconf 89' lang='lat' dir='ltr'><strong>voluntas,</strong></span> <span class='ocrx_word' id='word_1_153' title='bbox 1655 1843 2016 1912; x_wconf 89' lang='lat' dir='ltr'><strong>requiramus,</strong></span> <span class='ocrx_word' id='word_1_154' title='bbox 2049 1853 2109 1898; x_wconf 91' lang='lat' dir='ltr'><strong>ut</strong></span> 
     </span>
    </p>
   </div>
   <div class='ocr_carea' id='block_1_20' title="bbox 537 1928 2106 2006">
    <p class='ocr_par' dir='ltr' id='par_1_20' title="bbox 537 1928 2106 2006">
     <span class='ocr_line' id='line_1_20' title="bbox 537 1928 2106 2006; baseline 0.008 -27"><span class='ocrx_word' id='word_1_155' title='bbox 537 1928 696 1981; x_wconf 87' lang='lat' dir='ltr'><strong>bonis</strong></span> <span class='ocrx_word' id='word_1_156' title='bbox 727 1930 984 1998; x_wconf 82' lang='lat' dir='ltr'><strong>operibus</strong></span> <span class='ocrx_word' id='word_1_157' title='bbox 1008 1948 1071 1986; x_wconf 91' lang='lat' dir='ltr'><strong>ac</strong></span> <span class='ocrx_word' id='word_1_158' title='bbox 1101 1932 1193 1987; x_wconf 90' lang='lat' dir='ltr'><strong>Dei</strong></span> <span class='ocrx_word' id='word_1_159' title='bbox 1227 1937 1398 2005; x_wconf 89' lang='lat' dir='ltr'><strong>gratia</strong></span> <span class='ocrx_word' id='word_1_160' title='bbox 1431 1937 1756 2006; x_wconf 89' lang='lat' dir='ltr'><strong>repleamur.</strong></span> <span class='ocrx_word' id='word_1_161' title='bbox 1784 1935 1926 1991; x_wconf 91' lang='lat' dir='ltr'><strong>Deus</strong></span> <span class='ocrx_word' id='word_1_162' title='bbox 1962 1938 2106 1992; x_wconf 89' lang='lat' dir='ltr'><strong>enim</strong></span> 
     </span>
    </p>
   </div>
   <div class='ocr_carea' id='block_1_21' title="bbox 535 2017 2105 2099">
    <p class='ocr_par' dir='ltr' id='par_1_21' title="bbox 535 2017 2105 2099">
     <span class='ocr_line' id='line_1_21' title="bbox 535 2017 2105 2099; baseline 0.013 -29"><span class='ocrx_word' id='word_1_163' title='bbox 535 2017 622 2072; x_wconf 87' lang='lat' dir='ltr'><strong>his</strong></span> <span class='ocrx_word' id='word_1_164' title='bbox 661 2021 752 2090; x_wconf 93' lang='lat' dir='ltr'><strong>qui</strong></span> <span class='ocrx_word' id='word_1_165' title='bbox 789 2031 937 2078; x_wconf 89' lang='lat' dir='ltr'><strong>recte</strong></span> <span class='ocrx_word' id='word_1_166' title='bbox 977 2028 1221 2081; x_wconf 91' lang='lat' dir='ltr'><strong>sentiunt</strong></span> <span class='ocrx_word' id='word_1_167' title='bbox 1288 2038 1342 2082; x_wconf 88' lang='lat' dir='ltr'><strong>et</strong></span> <span class='ocrx_word' id='word_1_168' title='bbox 1391 2030 1529 2083; x_wconf 90' lang='lat' dir='ltr'><strong>bona</strong></span> <span class='ocrx_word' id='word_1_169' title='bbox 1574 2038 1740 2099; x_wconf 87' lang='lat' dir='ltr'><strong>agunt</strong></span> <span class='ocrx_word' id='word_1_170' title='bbox 1789 2037 2105 2099; x_wconf 60' lang='lat' dir='ltr'><strong>pra‘stoest.</strong></span> 
     </span>
    </p>
   </div>
   <div class='ocr_carea' id='block_1_22' title="bbox 533 2113 2107 2194">
    <p class='ocr_par' dir='ltr' id='par_1_22' title="bbox 533 2113 2107 2194">
     <span class='ocr_line' id='line_1_22' title="bbox 533 2113 2107 2194; baseline 0.01 -32"><span class='ocrx_word' id='word_1_171' title='bbox 533 2113 794 2179; x_wconf 89' lang='lat' dir='ltr'><strong>quoniam</strong></span> <span class='ocrx_word' id='word_1_172' title='bbox 828 2116 916 2171; x_wconf 87' lang='lat' dir='ltr'><strong>hic</strong></span> <span class='ocrx_word' id='word_1_173' title='bbox 946 2119 1258 2173; x_wconf 80' lang='lat' dir='ltr'><strong>manifestat</strong></span> <span class='ocrx_word' id='word_1_174' title='bbox 1289 2121 1550 2190; x_wconf 89' lang='lat' dir='ltr'><strong>seipsum.</strong></span> <span class='ocrx_word' id='word_1_175' title='bbox 1583 2121 1716 2174; x_wconf 87' lang='lat' dir='ltr'><strong>Nam</strong></span> <span class='ocrx_word' id='word_1_176' title='bbox 1748 2123 1795 2177; x_wconf 91' lang='lat' dir='ltr'><strong>si</strong></span> <span class='ocrx_word' id='word_1_177' title='bbox 1827 2123 1949 2194; x_wconf 85' lang='lat' dir='ltr'><strong>quis</strong></span> <span class='ocrx_word' id='word_1_178' title='bbox 1979 2125 2107 2179; x_wconf 88' lang='lat' dir='ltr'><strong>velit</strong></span> 
     </span>
    </p>
   </div>
   <div class='ocr_carea' id='block_1_23' title="bbox 533 2202 2097 2284">
    <p class='ocr_par' dir='ltr' id='par_1_23' title="bbox 533 2202 2097 2284">
     <span class='ocr_line' id='line_1_23' title="bbox 533 2202 2097 2284; baseline 0.009 -29"><span class='ocrx_word' id='word_1_179' title='bbox 533 2202 853 2275; x_wconf 88' lang='lat' dir='ltr'><strong>(antequam</strong></span> <span class='ocrx_word' id='word_1_180' title='bbox 885 2217 1038 2265; x_wconf 86' lang='lat' dir='ltr'><strong>actus</strong></span> <span class='ocrx_word' id='word_1_181' title='bbox 1084 2227 1213 2266; x_wconf 90' lang='lat' dir='ltr'><strong>suos</strong></span> <span class='ocrx_word' id='word_1_182' title='bbox 1253 2212 1522 2284; x_wconf 90' lang='lat' dir='ltr'><strong>emendet)</strong></span> <span class='ocrx_word' id='word_1_183' title='bbox 1568 2213 1635 2267; x_wconf 91' lang='lat' dir='ltr'><strong>de</strong></span> <span class='ocrx_word' id='word_1_184' title='bbox 1671 2213 1755 2268; x_wconf 92' lang='lat' dir='ltr'><strong>his</strong></span> <span class='ocrx_word' id='word_1_185' title='bbox 1799 2215 2097 2283; x_wconf 84' lang='lat' dir='ltr'><strong>requirere,</strong></span> 
     </span>
    </p>
   </div>
   <div class='ocr_carea' id='block_1_24' title="bbox 535 2302 2100 2368">
    <p class='ocr_par' dir='ltr' id='par_1_24' title="bbox 535 2302 2100 2368">
     <span class='ocr_line' id='line_1_24' title="bbox 535 2302 2100 2368; baseline 0.009 -21"><span class='ocrx_word' id='word_1_186' title='bbox 535 2308 655 2361; x_wconf 72' lang='lat' dir='ltr'><strong>quae</strong></span> <span class='ocrx_word' id='word_1_187' title='bbox 677 2315 785 2351; x_wconf 87' lang='lat' dir='ltr'><strong>non</strong></span> <span class='ocrx_word' id='word_1_188' title='bbox 821 2307 997 2368; x_wconf 89' lang='lat' dir='ltr'><strong>potest</strong></span> <span class='ocrx_word' id='word_1_189' title='bbox 1025 2302 1288 2368; x_wconf 89' lang='lat' dir='ltr'><strong>invenire,</strong></span> <span class='ocrx_word' id='word_1_190' title='bbox 1315 2307 1479 2358; x_wconf 91' lang='lat' dir='ltr'><strong>stulta</strong></span> <span class='ocrx_word' id='word_1_191' title='bbox 1510 2312 1564 2358; x_wconf 91' lang='lat' dir='ltr'><strong>ct</strong></span> <span class='ocrx_word' id='word_1_192' title='bbox 1592 2305 1831 2359; x_wconf 80' lang='lat' dir='ltr'><strong>ineﬂicax</strong></span> <span class='ocrx_word' id='word_1_193' title='bbox 1858 2307 1963 2362; x_wconf 91' lang='lat' dir='ltr'><strong>erit</strong></span> <span class='ocrx_word' id='word_1_194' title='bbox 1999 2307 2100 2361; x_wconf 89' lang='lat' dir='ltr'><strong>hu-</strong></span> 
     </span>
    </p>
   </div>
   <div class='ocr_carea' id='block_1_25' title="bbox 530 2386 2098 2465">
    <p class='ocr_par' dir='ltr' id='par_1_25' title="bbox 530 2386 2098 2465">
     <span class='ocr_line' id='line_1_25' title="bbox 530 2386 2098 2465; baseline 0.009 -25"><span class='ocrx_word' id='word_1_195' title='bbox 530 2386 774 2455; x_wconf 88' lang='lat' dir='ltr'><strong>jusmodi</strong></span> <span class='ocrx_word' id='word_1_196' title='bbox 820 2392 1120 2462; x_wconf 90' lang='lat' dir='ltr'><strong>inquisitio.</strong></span> <span class='ocrx_word' id='word_1_197' title='bbox 1166 2394 1400 2465; x_wconf 88' lang='lat' dir='ltr'><strong>Tempus</strong></span> <span class='ocrx_word' id='word_1_198' title='bbox 1447 2398 1591 2451; x_wconf 91' lang='lat' dir='ltr'><strong>enim</strong></span> <span class='ocrx_word' id='word_1_199' title='bbox 1644 2397 1806 2453; x_wconf 88' lang='lat' dir='ltr'><strong>breve</strong></span> <span class='ocrx_word' id='word_1_200' title='bbox 1828 2406 1932 2465; x_wconf 91' lang='lat' dir='ltr'><strong>est,</strong></span> <span class='ocrx_word' id='word_1_201' title='bbox 1958 2407 2012 2454; x_wconf 89' lang='lat' dir='ltr'><strong>et</strong></span> <span class='ocrx_word' id='word_1_202' title='bbox 2042 2401 2098 2454; x_wconf 92' lang='lat' dir='ltr'><strong>in</strong></span> 
     </span>
    </p>
   </div>
   <div class='ocr_carea' id='block_1_26' title="bbox 529 2481 2096 2560">
    <p class='ocr_par' dir='ltr' id='par_1_26' title="bbox 529 2481 2096 2560">
     <span class='ocr_line' id='line_1_26' title="bbox 529 2481 2096 2560; baseline 0.008 -26"><span class='ocrx_word' id='word_1_203' title='bbox 529 2481 739 2549; x_wconf 89' lang='lat' dir='ltr'><strong>judicio</strong></span> <span class='ocrx_word' id='word_1_204' title='bbox 763 2483 854 2539; x_wconf 90' lang='lat' dir='ltr'><strong>Dei</strong></span> <span class='ocrx_word' id='word_1_205' title='bbox 873 2495 1148 2555; x_wconf 87' lang='lat' dir='ltr'><strong>gestorum</strong></span> <span class='ocrx_word' id='word_1_206' title='bbox 1173 2503 1338 2544; x_wconf 89' lang='lat' dir='ltr'><strong>causa</strong></span> <span class='ocrx_word' id='word_1_207' title='bbox 1363 2491 1559 2559; x_wconf 89' lang='lat' dir='ltr'><strong>agitur,</strong></span> <span class='ocrx_word' id='word_1_208' title='bbox 1583 2505 1690 2544; x_wconf 90' lang='lat' dir='ltr'><strong>non</strong></span> <span class='ocrx_word' id='word_1_209' title='bbox 1714 2491 2096 2560; x_wconf 68' lang='lat' dir='ltr'><strong>quaastionum.</strong></span> 
     </span>
    </p>
   </div>
   <div class='ocr_carea' id='block_1_27' title="bbox 533 2570 2106 2652">
    <p class='ocr_par' dir='ltr' id='par_1_27' title="bbox 533 2570 2106 2652">
     <span class='ocr_line' id='line_1_27' title="bbox 533 2570 2106 2652; baseline 0.01 -28"><span class='ocrx_word' id='word_1_210' title='bbox 533 2570 767 2644; x_wconf 78' lang='lat' dir='ltr'><strong>Ideoque</strong></span> <span class='ocrx_word' id='word_1_211' title='bbox 796 2585 922 2633; x_wconf 88' lang='lat' dir='ltr'><strong>ante</strong></span> <span class='ocrx_word' id='word_1_212' title='bbox 950 2580 1130 2632; x_wconf 91' lang='lat' dir='ltr'><strong>omnia</strong></span> <span class='ocrx_word' id='word_1_213' title='bbox 1180 2580 1280 2635; x_wconf 92' lang='lat' dir='ltr'><strong>hoc</strong></span> <span class='ocrx_word' id='word_1_214' title='bbox 1326 2597 1654 2650; x_wconf 72' lang='lat' dir='ltr'><strong>quaeramus,</strong></span> <span class='ocrx_word' id='word_1_215' title='bbox 1702 2582 1834 2652; x_wconf 91' lang='lat' dir='ltr'><strong>quid</strong></span> <span class='ocrx_word' id='word_1_216' title='bbox 1876 2598 1977 2638; x_wconf 91' lang='lat' dir='ltr'><strong>nos</strong></span> <span class='ocrx_word' id='word_1_217' title='bbox 2012 2594 2106 2639; x_wconf 90' lang='lat' dir='ltr'><strong>aut</strong></span> 
     </span>
    </p>
   </div>
   <div class='ocr_carea' id='block_1_28' title="bbox 532 2667 2102 2746">
    <p class='ocr_par' dir='ltr' id='par_1_28' title="bbox 532 2667 2102 2746">
     <span class='ocr_line' id='line_1_28' title="bbox 532 2667 2102 2746; baseline 0.008 -27"><span class='ocrx_word' id='word_1_218' title='bbox 532 2667 768 2734; x_wconf 88' lang='lat' dir='ltr'><strong>qualiter</strong></span> <span class='ocrx_word' id='word_1_219' title='bbox 787 2685 948 2739; x_wconf 86' lang='lat' dir='ltr'><strong>agere</strong></span> <span class='ocrx_word' id='word_1_220' title='bbox 975 2682 1238 2742; x_wconf 81' lang='lat' dir='ltr'><strong>Oporteat,</strong></span> <span class='ocrx_word' id='word_1_221' title='bbox 1270 2683 1332 2728; x_wconf 89' lang='lat' dir='ltr'><strong>ut</strong></span> <span class='ocrx_word' id='word_1_222' title='bbox 1360 2686 1616 2728; x_wconf 62' lang='lat' dir='ltr'><strong>aeternam</strong></span> <span class='ocrx_word' id='word_1_223' title='bbox 1646 2676 1811 2730; x_wconf 88' lang='lat' dir='ltr'><strong>vitam</strong></span> <span class='ocrx_word' id='word_1_224' title='bbox 1837 2677 2102 2746; x_wconf 88' lang='lat' dir='ltr'><strong>consequi</strong></span> 
     </span>
    </p>
   </div>
   <div class='ocr_carea' id='block_1_29' title="bbox 533 2761 2102 2838">
    <p class='ocr_par' dir='ltr' id='par_1_29' title="bbox 533 2761 2102 2838">
     <span class='ocr_line' id='line_1_29' title="bbox 533 2761 2102 2838; baseline 0.008 -28"><span class='ocrx_word' id='word_1_225' title='bbox 533 2773 862 2817; x_wconf 86' lang='lat' dir='ltr'><strong>mereamur.</strong></span> <span class='ocrx_word' id='word_1_226' title='bbox 899 2761 1032 2816; x_wconf 88' lang='lat' dir='ltr'><strong>Nam</strong></span> <span class='ocrx_word' id='word_1_227' title='bbox 1075 2766 1122 2819; x_wconf 91' lang='lat' dir='ltr'><strong>si</strong></span> <span class='ocrx_word' id='word_1_228' title='bbox 1153 2767 1406 2835; x_wconf 78' lang='lat' dir='ltr'><strong>exiguum</strong></span> <span class='ocrx_word' id='word_1_229' title='bbox 1437 2767 1542 2820; x_wconf 90' lang='lat' dir='ltr'><strong>hoc</strong></span> <span class='ocrx_word' id='word_1_230' title='bbox 1588 2777 1800 2838; x_wconf 91' lang='lat' dir='ltr'><strong>tempus</strong></span> <span class='ocrx_word' id='word_1_231' title='bbox 1837 2769 1960 2822; x_wconf 69' lang='lat' dir='ltr'><strong>vita:</strong></span> <span class='ocrx_word' id='word_1_232' title='bbox 2006 2784 2102 2838; x_wconf 84' lang='lat' dir='ltr'><strong>per</strong></span> 
     </span>
    </p>
   </div>
   <div class='ocr_carea' id='block_1_30' title="bbox 535 2851 2098 2929">
    <p class='ocr_par' dir='ltr' id='par_1_30' title="bbox 535 2851 2098 2929">
     <span class='ocr_line' id='line_1_30' title="bbox 535 2851 2098 2929; baseline 0.008 -25"><span class='ocrx_word' id='word_1_233' title='bbox 535 2851 727 2908; x_wconf 88' lang='lat' dir='ltr'><strong>inanes</strong></span> <span class='ocrx_word' id='word_1_234' title='bbox 756 2868 1086 2925; x_wconf 86' lang='lat' dir='ltr'><strong>occupamus</strong></span> <span class='ocrx_word' id='word_1_235' title='bbox 1132 2866 1186 2912; x_wconf 90' lang='lat' dir='ltr'><strong>et</strong></span> <span class='ocrx_word' id='word_1_236' title='bbox 1227 2858 1446 2914; x_wconf 88' lang='lat' dir='ltr'><strong>inutiles</strong></span> <span class='ocrx_word' id='word_1_237' title='bbox 1499 2860 1852 2929; x_wconf 63' lang='lat' dir='ltr'><strong>quaestiones,</strong></span> <span class='ocrx_word' id='word_1_238' title='bbox 1904 2861 2098 2916; x_wconf 88' lang='lat' dir='ltr'><strong>inanes</strong></span> 
     </span>
    </p>
   </div>
   <div class='ocr_carea' id='block_1_31' title="bbox 555 3025 1434 3051">
    <p class='ocr_par' dir='ltr' id='par_1_31' title="bbox 555 3025 1434 3051">
     <span class='ocr_line' id='line_1_31' title="bbox 555 3025 1434 3051; baseline 0.002 -5"><span class='ocrx_word' id='word_1_239' title='bbox 555 3025 1434 3051; x_wconf 48' lang='grc' dir='ltr'>Ἢ</span> 
     </span>
    </p>
   </div>
   <div class='ocr_carea' id='block_1_32' title="bbox 2218 451 3677 526">
    <p class='ocr_par' dir='ltr' id='par_1_32' title="bbox 2218 451 3677 526">
     <span class='ocr_line' id='line_1_32' title="bbox 2218 451 3677 526; baseline 0.01 -21"><span class='ocrx_word' id='word_1_240' title='bbox 2218 454 2286 506; x_wconf 89' lang='lat' dir='ltr'><strong>ad</strong></span> <span class='ocrx_word' id='word_1_241' title='bbox 2352 451 2542 516; x_wconf 93' lang='lat' dir='ltr'><strong>Deum,</strong></span> <span class='ocrx_word' id='word_1_242' title='bbox 2590 453 2682 506; x_wconf 90' lang='lat' dir='ltr'><strong>ubi</strong></span> <span class='ocrx_word' id='word_1_243' title='bbox 2721 452 2990 520; x_wconf 88' lang='lat' dir='ltr'><strong>judicium</strong></span> <span class='ocrx_word' id='word_1_244' title='bbox 3035 468 3246 522; x_wconf 81' lang='lat' dir='ltr'><strong>operum</strong></span> <span class='ocrx_word' id='word_1_245' title='bbox 3292 466 3558 515; x_wconf 90' lang='lat' dir='ltr'><strong>nostrorum</strong></span> <span class='ocrx_word' id='word_1_246' title='bbox 3599 468 3677 526; x_wconf 79' lang='lat' dir='ltr'><strong>tiet.</strong></span> 
     </span>
    </p>
   </div>
   <div class='ocr_carea' id='block_1_33' title="bbox 2218 547 3684 616">
    <p class='ocr_par' dir='ltr' id='par_1_33' title="bbox 2218 547 3684 616">
     <span class='ocr_line' id='line_1_33' title="bbox 2218 547 3684 616; baseline 0.003 -17"><span class='ocrx_word' id='word_1_247' title='bbox 2218 547 2565 616; x_wconf 74' lang='lat' dir='ltr'><strong>Unaquchue</strong></span> <span class='ocrx_word' id='word_1_248' title='bbox 2592 547 2788 600; x_wconf 84' lang='lat' dir='ltr'><strong>etenim</strong></span> <span class='ocrx_word' id='word_1_249' title='bbox 2819 560 2904 600; x_wconf 89' lang='lat' dir='ltr'><strong>res</strong></span> <span class='ocrx_word' id='word_1_250' title='bbox 2928 559 3084 599; x_wconf 90' lang='lat' dir='ltr'><strong>suum</strong></span> <span class='ocrx_word' id='word_1_251' title='bbox 3128 554 3322 615; x_wconf 90' lang='lat' dir='ltr'><strong>tempus</strong></span> <span class='ocrx_word' id='word_1_252' title='bbox 3367 548 3505 604; x_wconf 76' lang='lat' dir='ltr'><strong>habet</strong></span> <span class='ocrx_word' id='word_1_253' title='bbox 3544 561 3587 608; x_wconf 83' lang='lat' dir='ltr'><strong>et</strong></span> <span class='ocrx_word' id='word_1_254' title='bbox 3623 558 3684 612; x_wconf 84' lang='grc' dir='ltr'><strong>ιο.</strong></span> 
     </span>
    </p>
   </div>
   <div class='ocr_carea' id='block_1_34' title="bbox 2215 637 3684 710">
    <p class='ocr_par' dir='ltr' id='par_1_34' title="bbox 2215 637 3684 710">
     <span class='ocr_line' id='line_1_34' title="bbox 2215 637 3684 710; baseline -0.001 -18"><span class='ocrx_word' id='word_1_255' title='bbox 2215 654 2358 692; x_wconf 91' lang='lat' dir='ltr'><strong>cum.</strong></span> <span class='ocrx_word' id='word_1_256' title='bbox 2385 638 2428 669; x_wconf 80' lang='lat'><strong>&quot;</strong></span> <span class='ocrx_word' id='word_1_257' title='bbox 2471 637 2706 708; x_wconf 89' lang='lat' dir='ltr'><strong>Operum</strong></span> <span class='ocrx_word' id='word_1_258' title='bbox 2749 638 2837 691; x_wconf 90' lang='lat' dir='ltr'><strong>hic</strong></span> <span class='ocrx_word' id='word_1_259' title='bbox 2879 638 3052 698; x_wconf 87' lang='lat' dir='ltr'><strong>locus,</strong></span> <span class='ocrx_word' id='word_1_260' title='bbox 3091 637 3190 690; x_wconf 91' lang='lat' dir='ltr'><strong>boc</strong></span> <span class='ocrx_word' id='word_1_261' title='bbox 3221 645 3413 708; x_wconf 87' lang='lat' dir='ltr'><strong>tempus</strong></span> <span class='ocrx_word' id='word_1_262' title='bbox 3439 651 3535 710; x_wconf 88' lang='lat' dir='ltr'><strong>est;</strong></span> <span class='ocrx_word' id='word_1_263' title='bbox 3561 651 3684 702; x_wconf 87' lang='lat' dir='ltr'><strong>meri.</strong></span> 
     </span>
    </p>
   </div>
   <div class='ocr_carea' id='block_1_35' title="bbox 2214 728 3686 803">
    <p class='ocr_par' dir='ltr' id='par_1_35' title="bbox 2214 728 3686 803">
     <span class='ocr_line' id='line_1_35' title="bbox 2214 728 3686 803; baseline 0.003 -21"><span class='ocrx_word' id='word_1_264' title='bbox 2214 737 2416 793; x_wconf 92' lang='lat' dir='ltr'><strong>torum,</strong></span> <span class='ocrx_word' id='word_1_265' title='bbox 2451 732 2709 785; x_wconf 65' lang='lat' dir='ltr'><strong>saeculum</strong></span> <span class='ocrx_word' id='word_1_266' title='bbox 2736 730 2996 783; x_wconf 87' lang='lat' dir='ltr'><strong>futurum.</strong></span> <span class='ocrx_word' id='word_1_267' title='bbox 3027 728 3282 783; x_wconf 90' lang='lat' dir='ltr'><strong>Curratur</strong></span> <span class='ocrx_word' id='word_1_268' title='bbox 3306 733 3452 801; x_wconf 78' lang='lat' dir='ltr'><strong>igitur</strong></span> <span class='ocrx_word' id='word_1_269' title='bbox 3475 751 3556 803; x_wconf 79' lang='lat' dir='ltr'><strong>per</strong></span> <span class='ocrx_word' id='word_1_270' title='bbox 3579 739 3686 794; x_wconf 81' lang='lat' dir='ltr'><strong>viam</strong></span> 
     </span>
    </p>
   </div>
   <div class='ocr_carea' id='block_1_36' title="bbox 2213 822 3690 894">
    <p class='ocr_par' dir='ltr' id='par_1_36' title="bbox 2213 822 3690 894">
     <span class='ocr_line' id='line_1_36' title="bbox 2213 822 3690 894; baseline 0.007 -21"><span class='ocrx_word' id='word_1_271' title='bbox 2213 823 2590 876; x_wconf 86' lang='lat' dir='ltr'><strong>mandatorum</strong></span> <span class='ocrx_word' id='word_1_272' title='bbox 2622 822 2737 886; x_wconf 90' lang='lat' dir='ltr'><strong>Dei,</strong></span> <span class='ocrx_word' id='word_1_273' title='bbox 2767 832 2819 876; x_wconf 92' lang='lat' dir='ltr'><strong>et</strong></span> <span class='ocrx_word' id='word_1_274' title='bbox 2850 837 2877 874; x_wconf 92' lang='lat' dir='ltr'><strong>a</strong></span> <span class='ocrx_word' id='word_1_275' title='bbox 2908 822 3186 875; x_wconf 88' lang='lat' dir='ltr'><strong>beatorum</strong></span> <span class='ocrx_word' id='word_1_276' title='bbox 3235 835 3579 894; x_wconf 74' lang='lat' dir='ltr'><strong>pneceptorum</strong></span> <span class='ocrx_word' id='word_1_277' title='bbox 3611 830 3690 884; x_wconf 85' lang='lat' dir='ltr'><strong>Do-</strong></span> 
     </span>
    </p>
   </div>
   <div class='ocr_carea' id='block_1_37' title="bbox 2210 912 3689 984">
    <p class='ocr_par' dir='ltr' id='par_1_37' title="bbox 2210 912 3689 984">
     <span class='ocr_line' id='line_1_37' title="bbox 2210 912 3689 984; baseline 0.007 -18"><span class='ocrx_word' id='word_1_278' title='bbox 2210 914 2346 967; x_wconf 89' lang='lat' dir='ltr'><strong>mini</strong></span> <span class='ocrx_word' id='word_1_279' title='bbox 2395 914 2684 978; x_wconf 91' lang='lat' dir='ltr'><strong>institutis,</strong></span> <span class='ocrx_word' id='word_1_280' title='bbox 2723 923 2776 968; x_wconf 92' lang='lat' dir='ltr'><strong>et</strong></span> <span class='ocrx_word' id='word_1_281' title='bbox 2807 930 2836 966; x_wconf 92' lang='lat' dir='ltr'><strong>a</strong></span> <span class='ocrx_word' id='word_1_282' title='bbox 2877 912 3111 984; x_wconf 90' lang='lat' dir='ltr'><strong>Spiritus</strong></span> <span class='ocrx_word' id='word_1_283' title='bbox 3157 915 3318 968; x_wconf 82' lang='lat' dir='ltr'><strong>sancti</strong></span> <span class='ocrx_word' id='word_1_284' title='bbox 3357 917 3572 972; x_wconf 81' lang='lat' dir='ltr'><strong>doctrina</strong></span> <span class='ocrx_word' id='word_1_285' title='bbox 3608 937 3689 976; x_wconf 86' lang='lat' dir='ltr'><strong>non</strong></span> 
     </span>
    </p>
   </div>
   <div class='ocr_carea' id='block_1_38' title="bbox 2212 1005 3692 1076">
    <p class='ocr_par' dir='ltr' id='par_1_38' title="bbox 2212 1005 3692 1076">
     <span class='ocr_line' id='line_1_38' title="bbox 2212 1005 3692 1076; baseline 0.006 -19"><span class='ocrx_word' id='word_1_286' title='bbox 2212 1005 2516 1059; x_wconf 89' lang='lat' dir='ltr'><strong>recedatur.</strong></span> <span class='ocrx_word' id='word_1_287' title='bbox 2546 1005 2886 1076; x_wconf 81' lang='lat' dir='ltr'><strong>QuaprOpter</strong></span> <span class='ocrx_word' id='word_1_288' title='bbox 2912 1006 3261 1075; x_wconf 65' lang='lat' dir='ltr'><strong>praaparanda</strong></span> <span class='ocrx_word' id='word_1_289' title='bbox 3291 1017 3406 1061; x_wconf 87' lang='lat' dir='ltr'><strong>sunt</strong></span> <span class='ocrx_word' id='word_1_290' title='bbox 3433 1010 3583 1063; x_wconf 87' lang='lat' dir='ltr'><strong>.corda</strong></span> <span class='ocrx_word' id='word_1_291' title='bbox 3621 1029 3692 1066; x_wconf 88' lang='lat' dir='ltr'><strong>no-</strong></span> 
     </span>
    </p>
   </div>
   <div class='ocr_carea' id='block_1_39' title="bbox 2210 1097 3694 1168">
    <p class='ocr_par' dir='ltr' id='par_1_39' title="bbox 2210 1097 3694 1168">
     <span class='ocr_line' id='line_1_39' title="bbox 2210 1097 3694 1168; baseline 0.004 -18"><span class='ocrx_word' id='word_1_292' title='bbox 2210 1105 2321 1150; x_wconf 92' lang='lat' dir='ltr'><strong>stra</strong></span> <span class='ocrx_word' id='word_1_293' title='bbox 2349 1113 2412 1152; x_wconf 89' lang='lat' dir='ltr'><strong>ac</strong></span> <span class='ocrx_word' id='word_1_294' title='bbox 2439 1113 2688 1168; x_wconf 91' lang='lat' dir='ltr'><strong>corpora,</strong></span> <span class='ocrx_word' id='word_1_295' title='bbox 2734 1107 2934 1153; x_wconf 69' lang='lat' dir='ltr'><strong>sancta:</strong></span> <span class='ocrx_word' id='word_1_296' title='bbox 2968 1097 3336 1152; x_wconf 89' lang='lat' dir='ltr'><strong>mandatorum</strong></span> <span class='ocrx_word' id='word_1_297' title='bbox 3363 1099 3468 1168; x_wconf 90' lang='lat' dir='ltr'><strong>ejus</strong></span> <span class='ocrx_word' id='word_1_298' title='bbox 3495 1117 3694 1156; x_wconf 82' lang='lat' dir='ltr'><strong>suorum-</strong></span> 
     </span>
    </p>
   </div>
   <div class='ocr_carea' id='block_1_40' title="bbox 2209 1190 3694 1261">
    <p class='ocr_par' dir='ltr' id='par_1_40' title="bbox 2209 1190 3694 1261">
     <span class='ocr_line' id='line_1_40' title="bbox 2209 1190 3694 1261; baseline 0.004 -19"><span class='ocrx_word' id='word_1_299' title='bbox 2209 1204 2314 1258; x_wconf 90' lang='lat' dir='ltr'><strong>que</strong></span> <span class='ocrx_word' id='word_1_300' title='bbox 2361 1190 2744 1261; x_wconf 85' lang='lat' dir='ltr'><strong>episcoporum</strong></span> <span class='ocrx_word' id='word_1_301' title='bbox 2810 1206 2874 1244; x_wconf 89' lang='lat' dir='ltr'><strong>ac</strong></span> <span class='ocrx_word' id='word_1_302' title='bbox 2927 1190 3392 1259; x_wconf 65' lang='lat' dir='ltr'><strong>praedicatorum“</strong></span> <span class='ocrx_word' id='word_1_303' title='bbox 3440 1191 3694 1248; x_wconf 61' lang='lat' dir='ltr'><strong>obedientite</strong></span> 
     </span>
    </p>
   </div>
   <div class='ocr_carea' id='block_1_41' title="bbox 2208 1281 3696 1353">
    <p class='ocr_par' dir='ltr' id='par_1_41' title="bbox 2208 1281 3696 1353">
     <span class='ocr_line' id='line_1_41' title="bbox 2208 1281 3696 1353; baseline 0.005 -20"><span class='ocrx_word' id='word_1_304' title='bbox 2208 1281 2542 1348; x_wconf 88' lang='lat' dir='ltr'><strong>militatura,</strong></span> <span class='ocrx_word' id='word_1_305' title='bbox 2597 1291 2655 1336; x_wconf 90' lang='lat' dir='ltr'><strong>ut</strong></span> <span class='ocrx_word' id='word_1_306' title='bbox 2698 1298 2808 1338; x_wconf 64' lang='lat' dir='ltr'><strong>suae</strong></span> <span class='ocrx_word' id='word_1_307' title='bbox 2853 1284 3040 1353; x_wconf 63' lang='lat' dir='ltr'><strong>gratim</strong></span> <span class='ocrx_word' id='word_1_308' title='bbox 3079 1282 3264 1352; x_wconf 90' lang='lat' dir='ltr'><strong>jubeat</strong></span> <span class='ocrx_word' id='word_1_309' title='bbox 3310 1283 3454 1338; x_wconf 90' lang='lat' dir='ltr'><strong>nobis</strong></span> <span class='ocrx_word' id='word_1_310' title='bbox 3489 1286 3696 1341; x_wconf 75' lang='lat' dir='ltr'><strong>auxilium</strong></span> 
     </span>
    </p>
   </div>
   <div class='ocr_carea' id='block_1_42' title="bbox 2208 1375 3695 1453">
    <p class='ocr_par' dir='ltr' id='par_1_42' title="bbox 2208 1375 3695 1453">
     <span class='ocr_line' id='line_1_42' title="bbox 2208 1375 3695 1453; baseline 0.003 -26"><span class='ocrx_word' id='word_1_311' title='bbox 2208 1375 2528 1439; x_wconf 88' lang='lat' dir='ltr'><strong>ministrari,</strong></span> <span class='ocrx_word' id='word_1_312' title='bbox 2562 1384 2614 1430; x_wconf 90' lang='lat' dir='ltr'><strong>et</strong></span> <span class='ocrx_word' id='word_1_313' title='bbox 2644 1375 2912 1446; x_wconf 80' lang='lat' dir='ltr'><strong>fugientes</strong></span> <span class='ocrx_word' id='word_1_314' title='bbox 2935 1376 3194 1447; x_wconf 75' lang='lat' dir='ltr'><strong>gehenna:</strong></span> <span class='ocrx_word' id='word_1_315' title='bbox 3223 1390 3451 1453; x_wconf 58' lang='lat' dir='ltr'><strong>pinnam,</strong></span> <span class='ocrx_word' id='word_1_316' title='bbox 3476 1377 3533 1430; x_wconf 90' lang='lat' dir='ltr'><strong>ad</strong></span> <span class='ocrx_word' id='word_1_317' title='bbox 3571 1378 3695 1431; x_wconf 86' lang='lat' dir='ltr'><strong>vitam</strong></span> 
     </span>
    </p>
   </div>
   <div class='ocr_carea' id='block_1_43' title="bbox 2206 1467 3312 1536">
    <p class='ocr_par' dir='ltr' id='par_1_43' title="bbox 2206 1467 3312 1536">
     <span class='ocr_line' id='line_1_43' title="bbox 2206 1467 3312 1536; baseline 0.003 -17"><span class='ocrx_word' id='word_1_318' title='bbox 2206 1467 2483 1522; x_wconf 88' lang='lat' dir='ltr'><strong>valeamus</strong></span> <span class='ocrx_word' id='word_1_319' title='bbox 2505 1482 2694 1522; x_wconf 88' lang='lat' dir='ltr'><strong>omnes</strong></span> <span class='ocrx_word' id='word_1_320' title='bbox 2723 1469 3005 1536; x_wconf 85' lang='lat' dir='ltr'><strong>pervenire</strong></span> <span class='ocrx_word' id='word_1_321' title='bbox 3036 1475 3312 1522; x_wconf 64' lang='lat' dir='ltr'><strong>aeternam.</strong></span> 
     </span>
    </p>
   </div>
   <div class='ocr_carea' id='block_1_44' title="bbox 2276 1558 3698 1629">
    <p class='ocr_par' dir='ltr' id='par_1_44' title="bbox 2276 1558 3698 1629">
     <span class='ocr_line' id='line_1_44' title="bbox 2276 1558 3698 1629; baseline 0.005 -20"><span class='ocrx_word' id='word_1_322' title='bbox 2276 1559 2320 1589; x_wconf 78' lang='grc'><strong>’⁵</strong></span> <span class='ocrx_word' id='word_1_323' title='bbox 2347 1558 2469 1613; x_wconf 62' lang='lat' dir='ltr'><strong>llaec</strong></span> <span class='ocrx_word' id='word_1_324' title='bbox 2500 1560 2704 1629; x_wconf 84' lang='lat' dir='ltr'><strong>itaque,</strong></span> <span class='ocrx_word' id='word_1_325' title='bbox 2737 1559 2906 1614; x_wconf 84' lang='lat' dir='ltr'><strong>frater</strong></span> <span class='ocrx_word' id='word_1_326' title='bbox 2938 1559 3262 1614; x_wconf 89' lang='lat' dir='ltr'><strong>cbarissime</strong></span> <span class='ocrx_word' id='word_1_327' title='bbox 3307 1559 3512 1626; x_wconf 82' lang='lat' dir='ltr'><strong>Jacobe,</strong></span> <span class='ocrx_word' id='word_1_328' title='bbox 3547 1562 3602 1615; x_wconf 87' lang='lat' dir='ltr'><strong>ab</strong></span> <span class='ocrx_word' id='word_1_329' title='bbox 3631 1577 3698 1616; x_wconf 87' lang='lat' dir='ltr'><strong>ore</strong></span> 
     </span>
    </p>
   </div>
   <div class='ocr_carea' id='block_1_45' title="bbox 2209 1650 3697 1723">
    <p class='ocr_par' dir='ltr' id='par_1_45' title="bbox 2209 1650 3697 1723">
     <span class='ocr_line' id='line_1_45' title="bbox 2209 1650 3697 1723; baseline 0 -16"><span class='ocrx_word' id='word_1_330' title='bbox 2209 1653 2383 1707; x_wconf 86' lang='lat' dir='ltr'><strong>sancti</strong></span> <span class='ocrx_word' id='word_1_331' title='bbox 2429 1650 2573 1705; x_wconf 84' lang='lat' dir='ltr'><strong>Petri</strong></span> <span class='ocrx_word' id='word_1_332' title='bbox 2613 1651 2855 1720; x_wconf 91' lang='lat' dir='ltr'><strong>jubentis</strong></span> <span class='ocrx_word' id='word_1_333' title='bbox 2911 1652 3114 1721; x_wconf 90' lang='lat' dir='ltr'><strong>accepi,</strong></span> <span class='ocrx_word' id='word_1_334' title='bbox 3159 1652 3380 1722; x_wconf 88' lang='lat' dir='ltr'><strong>tibique,</strong></span> <span class='ocrx_word' id='word_1_335' title='bbox 3418 1661 3470 1705; x_wconf 90' lang='lat' dir='ltr'><strong>ut</strong></span> <span class='ocrx_word' id='word_1_336' title='bbox 3506 1653 3697 1723; x_wconf 82' lang='lat' dir='ltr'><strong>optabas,</strong></span> 
     </span>
    </p>
   </div>
   <div class='ocr_carea' id='block_1_46' title="bbox 2211 1744 3702 1810">
    <p class='ocr_par' dir='ltr' id='par_1_46' title="bbox 2211 1744 3702 1810">
     <span class='ocr_line' id='line_1_46' title="bbox 2211 1744 3702 1810; baseline 0.001 -13"><span class='ocrx_word' id='word_1_337' title='bbox 2211 1744 2490 1799; x_wconf 90' lang='lat' dir='ltr'><strong>insinuare</strong></span> <span class='ocrx_word' id='word_1_338' title='bbox 2539 1745 2744 1810; x_wconf 90' lang='lat' dir='ltr'><strong>studui,</strong></span> <span class='ocrx_word' id='word_1_339' title='bbox 2803 1753 2861 1797; x_wconf 90' lang='lat' dir='ltr'><strong>ut</strong></span> <span class='ocrx_word' id='word_1_340' title='bbox 2919 1744 3126 1798; x_wconf 87' lang='lat' dir='ltr'><strong>servari</strong></span> <span class='ocrx_word' id='word_1_341' title='bbox 3183 1747 3363 1798; x_wconf 88' lang='lat' dir='ltr'><strong>omnia</strong></span> <span class='ocrx_word' id='word_1_342' title='bbox 3417 1745 3702 1798; x_wconf 85' lang='lat' dir='ltr'><strong>immaculata</strong></span> 
     </span>
    </p>
   </div>
   <div class='ocr_carea' id='block_1_47' title="bbox 2209 1837 3702 1907">
    <p class='ocr_par' dir='ltr' id='par_1_47' title="bbox 2209 1837 3702 1907">
     <span class='ocr_line' id='line_1_47' title="bbox 2209 1837 3702 1907; baseline 0.001 -17"><span class='ocrx_word' id='word_1_343' title='bbox 2209 1838 2512 1906; x_wconf 77' lang='lat' dir='ltr'><strong>przecipias,</strong></span> <span class='ocrx_word' id='word_1_344' title='bbox 2553 1838 2680 1907; x_wconf 89' lang='lat' dir='ltr'><strong>quia</strong></span> <span class='ocrx_word' id='word_1_345' title='bbox 2716 1837 3088 1892; x_wconf 85' lang='lat' dir='ltr'><strong>ecclesiastica</strong></span> <span class='ocrx_word' id='word_1_346' title='bbox 3123 1853 3229 1890; x_wconf 90' lang='lat' dir='ltr'><strong>non</strong></span> <span class='ocrx_word' id='word_1_347' title='bbox 3259 1847 3461 1907; x_wconf 83' lang='lat' dir='ltr'><strong>Oportet</strong></span> <span class='ocrx_word' id='word_1_348' title='bbox 3488 1839 3702 1907; x_wconf 76' lang='lat' dir='ltr'><strong>negligen-</strong></span> 
     </span>
    </p>
   </div>
   <div class='ocr_carea' id='block_1_48' title="bbox 2205 1924 3706 2001">
    <p class='ocr_par' dir='ltr' id='par_1_48' title="bbox 2205 1924 3706 2001">
     <span class='ocr_line' id='line_1_48' title="bbox 2205 1924 3706 2001; baseline 0 -17"><span class='ocrx_word' id='word_1_349' title='bbox 2205 1939 2307 1995; x_wconf 88' lang='lat' dir='ltr'><strong>ter,</strong></span> <span class='ocrx_word' id='word_1_350' title='bbox 2340 1924 2440 1985; x_wconf 51' lang='lat' dir='ltr'><strong>sed&#39;</strong></span> <span class='ocrx_word' id='word_1_351' title='bbox 2462 1930 2748 2001; x_wconf 80' lang='lat' dir='ltr'><strong>diligenter</strong></span> <span class='ocrx_word' id='word_1_352' title='bbox 2776 1931 2977 2000; x_wconf 82' lang='lat' dir='ltr'><strong>expleri</strong></span> <span class='ocrx_word' id='word_1_353' title='bbox 3010 1931 3249 2000; x_wconf 88' lang='lat' dir='ltr'><strong>negotia.</strong></span> <span class='ocrx_word' id='word_1_354' title='bbox 3302 1930 3421 1984; x_wconf 66' lang='lat' dir='ltr'><strong>llaec</strong></span> <span class='ocrx_word' id='word_1_355' title='bbox 3455 1945 3567 2000; x_wconf 75' lang='lat' dir='ltr'><strong>ergo</strong></span> <span class='ocrx_word' id='word_1_356' title='bbox 3605 1946 3706 1999; x_wconf 64' lang='lat' dir='ltr'><strong>prro</strong></span> 
     </span>
    </p>
   </div>
   <div class='ocr_carea' id='block_1_49' title="bbox 2207 2023 3706 2094">
    <p class='ocr_par' dir='ltr' id='par_1_49' title="bbox 2207 2023 3706 2094">
     <span class='ocr_line' id='line_1_49' title="bbox 2207 2023 3706 2094; baseline -0.001 -17"><span class='ocrx_word' id='word_1_357' title='bbox 2207 2030 2364 2093; x_wconf 90' lang='lat' dir='ltr'><strong>cepta</strong></span> <span class='ocrx_word' id='word_1_358' title='bbox 2412 2040 2572 2079; x_wconf 91' lang='lat' dir='ltr'><strong>nemo</strong></span> <span class='ocrx_word' id='word_1_359' title='bbox 2622 2023 2807 2087; x_wconf 89' lang='lat' dir='ltr'><strong>credat</strong></span> <span class='ocrx_word' id='word_1_360' title='bbox 2848 2023 3054 2094; x_wconf 88' lang='lat' dir='ltr'><strong>absque</strong></span> <span class='ocrx_word' id='word_1_361' title='bbox 3090 2025 3178 2078; x_wconf 91' lang='lat' dir='ltr'><strong>sui</strong></span> <span class='ocrx_word' id='word_1_362' title='bbox 3223 2025 3454 2093; x_wconf 88' lang='lat' dir='ltr'><strong>periculo</strong></span> <span class='ocrx_word' id='word_1_363' title='bbox 3499 2024 3706 2092; x_wconf 79' lang='lat' dir='ltr'><strong>negligere</strong></span> 
     </span>
    </p>
   </div>
   <div class='ocr_carea' id='block_1_50' title="bbox 2209 2115 3706 2185">
    <p class='ocr_par' dir='ltr' id='par_1_50' title="bbox 2209 2115 3706 2185">
     <span class='ocr_line' id='line_1_50' title="bbox 2209 2115 3706 2185; baseline -0.001 -18"><span class='ocrx_word' id='word_1_364' title='bbox 2209 2117 2292 2170; x_wconf 91' lang='lat' dir='ltr'><strong>vel</strong></span> <span class='ocrx_word' id='word_1_365' title='bbox 2326 2115 2694 2177; x_wconf 88' lang='lat' dir='ltr'><strong>dissimulare.</strong></span> <span class='ocrx_word' id='word_1_366' title='bbox 2743 2115 2872 2185; x_wconf 90' lang='lat' dir='ltr'><strong>quia</strong></span> <span class='ocrx_word' id='word_1_367' title='bbox 2919 2116 2971 2169; x_wconf 91' lang='lat' dir='ltr'><strong>in</strong></span> <span class='ocrx_word' id='word_1_368' title='bbox 3006 2116 3220 2185; x_wconf 89' lang='lat' dir='ltr'><strong>judicio</strong></span> <span class='ocrx_word' id='word_1_369' title='bbox 3268 2115 3358 2170; x_wconf 90' lang='lat' dir='ltr'><strong>Dei</strong></span> <span class='ocrx_word' id='word_1_370' title='bbox 3402 2115 3531 2185; x_wconf 80' lang='lat' dir='ltr'><strong>ignis</strong></span> <span class='ocrx_word' id='word_1_371' title='bbox 3566 2116 3706 2168; x_wconf 68' lang='lat' dir='ltr'><strong>aeterni</strong></span> 
     </span>
    </p>
   </div>
   <div class='ocr_carea' id='block_1_51' title="bbox 2205 2208 3708 2277">
    <p class='ocr_par' dir='ltr' id='par_1_51' title="bbox 2205 2208 3708 2277">
     <span class='ocr_line' id='line_1_51' title="bbox 2205 2208 3708 2277; baseline -0.001 -16"><span class='ocrx_word' id='word_1_372' title='bbox 2205 2215 2476 2262; x_wconf 89' lang='lat' dir='ltr'><strong>tormenta</strong></span> <span class='ocrx_word' id='word_1_373' title='bbox 2501 2208 2832 2277; x_wconf 66' lang='lat' dir='ltr'><strong>;sustinebit,</strong></span> <span class='ocrx_word' id='word_1_374' title='bbox 2874 2209 2966 2277; x_wconf 92' lang='lat' dir='ltr'><strong>qui</strong></span> <span class='ocrx_word' id='word_1_375' title='bbox 3005 2208 3379 2264; x_wconf 86' lang='lat' dir='ltr'><strong>ecclesiastica</strong></span> <span class='ocrx_word' id='word_1_376' title='bbox 3422 2208 3610 2262; x_wconf 84' lang='lat' dir='ltr'><strong>decreta</strong></span> <span class='ocrx_word' id='word_1_377' title='bbox 3641 2222 3708 2259; x_wconf 81' lang='lat' dir='ltr'><strong>ne-</strong></span> 
     </span>
    </p>
   </div>
   <div class='ocr_carea' id='block_1_52' title="bbox 2205 2299 3710 2370">
    <p class='ocr_par' dir='ltr' id='par_1_52' title="bbox 2205 2299 3710 2370">
     <span class='ocr_line' id='line_1_52' title="bbox 2205 2299 3710 2370; baseline -0.002 -15"><span class='ocrx_word' id='word_1_378' title='bbox 2205 2300 2450 2370; x_wconf 75' lang='lat' dir='ltr'><strong>glexerit.</strong></span> <span class='ocrx_word' id='word_1_379' title='bbox 2483 2300 2585 2367; x_wconf 87' lang='lat' dir='ltr'><strong>Qui</strong></span> <span class='ocrx_word' id='word_1_380' title='bbox 2608 2317 2736 2356; x_wconf 90' lang='lat' dir='ltr'><strong>vero</strong></span> <span class='ocrx_word' id='word_1_381' title='bbox 2762 2308 2813 2355; x_wconf 93' lang='lat' dir='ltr'><strong>te</strong></span> <span class='ocrx_word' id='word_1_382' title='bbox 2830 2301 3082 2366; x_wconf 90' lang='lat' dir='ltr'><strong>audierit,</strong></span> <span class='ocrx_word' id='word_1_383' title='bbox 3111 2313 3174 2357; x_wconf 91' lang='lat' dir='ltr'><strong>ut</strong></span> <span class='ocrx_word' id='word_1_384' title='bbox 3205 2302 3443 2370; x_wconf 88' lang='lat' dir='ltr'><strong>jusserat</strong></span> <span class='ocrx_word' id='word_1_385' title='bbox 3465 2299 3710 2354; x_wconf 83' lang='lat' dir='ltr'><strong>minister“</strong></span> 
     </span>
    </p>
   </div>
   <div class='ocr_carea' id='block_1_53' title="bbox 2205 2392 3708 2464">
    <p class='ocr_par' dir='ltr' id='par_1_53' title="bbox 2205 2392 3708 2464">
     <span class='ocr_line' id='line_1_53' title="bbox 2205 2392 3708 2464; baseline -0.002 -17"><span class='ocrx_word' id='word_1_386' title='bbox 2205 2393 2409 2448; x_wconf 89' lang='lat' dir='ltr'><strong>Christi</strong></span> <span class='ocrx_word' id='word_1_387' title='bbox 2431 2392 2582 2456; x_wconf 82' lang='lat' dir='ltr'><strong>Jesu,</strong></span> <span class='ocrx_word' id='word_1_388' title='bbox 2616 2394 2839 2464; x_wconf 82' lang='lat' dir='ltr'><strong>gloriam</strong></span> <span class='ocrx_word' id='word_1_389' title='bbox 2865 2393 3114 2463; x_wconf 88' lang='lat' dir='ltr'><strong>accipiet.</strong></span> <span class='ocrx_word' id='word_1_390' title='bbox 3147 2393 3252 2460; x_wconf 86' lang='lat' dir='ltr'><strong>Qui</strong></span> <span class='ocrx_word' id='word_1_391' title='bbox 3276 2401 3448 2448; x_wconf 89' lang='lat' dir='ltr'><strong>autem</strong></span> <span class='ocrx_word' id='word_1_392' title='bbox 3471 2399 3517 2447; x_wconf 87' lang='lat' dir='ltr'><strong>te</strong></span> <span class='ocrx_word' id='word_1_393' title='bbox 3535 2409 3624 2446; x_wconf 87' lang='lat' dir='ltr'><strong>non</strong></span> <span class='ocrx_word' id='word_1_394' title='bbox 3641 2407 3708 2444; x_wconf 85' lang='lat' dir='ltr'><strong>au-</strong></span> 
     </span>
    </p>
   </div>
   <div class='ocr_carea' id='block_1_54' title="bbox 2207 2483 3712 2557">
    <p class='ocr_par' dir='ltr' id='par_1_54' title="bbox 2207 2483 3712 2557">
     <span class='ocr_line' id='line_1_54' title="bbox 2207 2483 3712 2557; baseline -0.004 -17"><span class='ocrx_word' id='word_1_395' title='bbox 2207 2486 2388 2552; x_wconf 92' lang='lat' dir='ltr'><strong>dierit,</strong></span> <span class='ocrx_word' id='word_1_396' title='bbox 2419 2485 2528 2540; x_wconf 91' lang='lat' dir='ltr'><strong>imo</strong></span> <span class='ocrx_word' id='word_1_397' title='bbox 2569 2485 2876 2555; x_wconf 89' lang='lat' dir='ltr'><strong>loquentem</strong></span> <span class='ocrx_word' id='word_1_398' title='bbox 2928 2485 3216 2541; x_wconf 91' lang='lat' dir='ltr'><strong>Dominum</strong></span> <span class='ocrx_word' id='word_1_399' title='bbox 3267 2503 3362 2557; x_wconf 91' lang='lat' dir='ltr'><strong>per</strong></span> <span class='ocrx_word' id='word_1_400' title='bbox 3391 2493 3463 2551; x_wconf 90' lang='lat' dir='ltr'><strong>te,</strong></span> <span class='ocrx_word' id='word_1_401' title='bbox 3504 2484 3602 2554; x_wconf 87' lang='lat' dir='ltr'><strong>ipse</strong></span> <span class='ocrx_word' id='word_1_402' title='bbox 3638 2483 3712 2536; x_wconf 83' lang='lat' dir='ltr'><strong>sibi</strong></span> 
     </span>
    </p>
   </div>
   <div class='ocr_carea' id='block_1_55' title="bbox 2204 2574 3712 2650">
    <p class='ocr_par' dir='ltr' id='par_1_55' title="bbox 2204 2574 3712 2650">
     <span class='ocr_line' id='line_1_55' title="bbox 2204 2574 3712 2650; baseline -0.005 -16"><span class='ocrx_word' id='word_1_403' title='bbox 2204 2580 2603 2635; x_wconf 89' lang='lat' dir='ltr'><strong>damnationem</strong></span> <span class='ocrx_word' id='word_1_404' title='bbox 2623 2577 2870 2649; x_wconf 89' lang='lat' dir='ltr'><strong>accipiet.</strong></span> <span class='ocrx_word' id='word_1_405' title='bbox 2889 2578 3205 2636; x_wconf 87' lang='lat' dir='ltr'><strong>Curandum</strong></span> <span class='ocrx_word' id='word_1_406' title='bbox 3223 2581 3266 2612; x_wconf 78' lang='grc'><strong>⁸⁷</strong></span> <span class='ocrx_word' id='word_1_407' title='bbox 3289 2595 3414 2650; x_wconf 90' lang='lat' dir='ltr'><strong>ergo</strong></span> <span class='ocrx_word' id='word_1_408' title='bbox 3429 2574 3712 2633; x_wconf 73' lang='lat' dir='ltr'><strong>etattenden-</strong></span> 
     </span>
    </p>
   </div>
   <div class='ocr_carea' id='block_1_56' title="bbox 2201 2668 3712 2743">
    <p class='ocr_par' dir='ltr' id='par_1_56' title="bbox 2201 2668 3712 2743">
     <span class='ocr_line' id='line_1_56' title="bbox 2201 2668 3712 2743; baseline -0.006 -15"><span class='ocrx_word' id='word_1_409' title='bbox 2201 2675 2330 2729; x_wconf 88' lang='lat' dir='ltr'><strong>dum</strong></span> <span class='ocrx_word' id='word_1_410' title='bbox 2357 2682 2441 2728; x_wconf 87' lang='lat' dir='ltr'><strong>est</strong></span> <span class='ocrx_word' id='word_1_411' title='bbox 2468 2671 2625 2726; x_wconf 88' lang='lat' dir='ltr'><strong>nobis</strong></span> <span class='ocrx_word' id='word_1_412' title='bbox 2655 2670 2930 2734; x_wconf 90' lang='lat' dir='ltr'><strong>omnibus,</strong></span> <span class='ocrx_word' id='word_1_413' title='bbox 2951 2673 3095 2742; x_wconf 91' lang='lat' dir='ltr'><strong>quod</strong></span> <span class='ocrx_word' id='word_1_414' title='bbox 3119 2673 3176 2727; x_wconf 91' lang='lat' dir='ltr'><strong>in</strong></span> <span class='ocrx_word' id='word_1_415' title='bbox 3195 2681 3506 2743; x_wconf 87' lang='lat' dir='ltr'><strong>perpetuum</strong></span> <span class='ocrx_word' id='word_1_416' title='bbox 3529 2668 3712 2739; x_wconf 78' lang='lat' dir='ltr'><strong>expedit,</strong></span> 
     </span>
    </p>
   </div>
   <div class='ocr_carea' id='block_1_57' title="bbox 2203 2763 3712 2836">
    <p class='ocr_par' dir='ltr' id='par_1_57' title="bbox 2203 2763 3712 2836">
     <span class='ocr_line' id='line_1_57' title="bbox 2203 2763 3712 2836; baseline -0.004 -14"><span class='ocrx_word' id='word_1_417' title='bbox 2203 2777 2262 2822; x_wconf 91' lang='lat' dir='ltr'><strong>ut</strong></span> <span class='ocrx_word' id='word_1_418' title='bbox 2281 2767 2480 2822; x_wconf 85' lang='lat' dir='ltr'><strong>Christi</strong></span> <span class='ocrx_word' id='word_1_419' title='bbox 2508 2763 2856 2835; x_wconf 88' lang='lat' dir='ltr'><strong>passionibus</strong></span> <span class='ocrx_word' id='word_1_420' title='bbox 2884 2779 2978 2834; x_wconf 88' lang='lat' dir='ltr'><strong>per</strong></span> <span class='ocrx_word' id='word_1_421' title='bbox 3019 2768 3342 2836; x_wconf 82' lang='lat' dir='ltr'><strong>patientiam</strong></span> <span class='ocrx_word' id='word_1_422' title='bbox 3366 2764 3712 2836; x_wconf 85' lang='lat' dir='ltr'><strong>participemus,</strong></span> 
     </span>
    </p>
   </div>
   <div class='ocr_carea' id='block_1_58' title="bbox 2204 2857 3714 2932">
    <p class='ocr_par' dir='ltr' id='par_1_58' title="bbox 2204 2857 3714 2932">
     <span class='ocr_line' id='line_1_58' title="bbox 2204 2857 3714 2932; baseline -0.005 -17"><span class='ocrx_word' id='word_1_423' title='bbox 2204 2868 2371 2932; x_wconf 84' lang='lat' dir='ltr'><strong>atque</strong></span> <span class='ocrx_word' id='word_1_424' title='bbox 2392 2859 2549 2932; x_wconf 90' lang='lat' dir='ltr'><strong>regni</strong></span> <span class='ocrx_word' id='word_1_425' title='bbox 2582 2857 2706 2927; x_wconf 89' lang='lat' dir='ltr'><strong>ejus</strong></span> <span class='ocrx_word' id='word_1_426' title='bbox 2747 2871 3053 2912; x_wconf 84' lang='lat' dir='ltr'><strong>mereamur</strong></span> <span class='ocrx_word' id='word_1_427' title='bbox 3093 2875 3221 2916; x_wconf 90' lang='lat' dir='ltr'><strong>esse</strong></span> <span class='ocrx_word' id='word_1_428' title='bbox 3249 2867 3542 2916; x_wconf 87' lang='lat' dir='ltr'><strong>consortes.</strong></span> <span class='ocrx_word' id='word_1_429' title='bbox 3566 2859 3714 2910; x_wconf 84' lang='lat' dir='ltr'><strong>Amen.</strong></span> 
     </span>
    </p>
   </div>
   <div class='ocr_carea' id='block_1_59' title="bbox 1697 3145 2590 3254">
    <p class='ocr_par' dir='ltr' id='par_1_59' title="bbox 1697 3145 2590 3254">
     <span class='ocr_line' id='line_1_59' title="bbox 1697 3145 2590 3254; baseline 0.007 -6"><span class='ocrx_word' id='word_1_430' title='bbox 1697 3159 2278 3254; x_wconf 77' lang='lat' dir='ltr'><strong>EPISTULA</strong></span> <span class='ocrx_word' id='word_1_431' title='bbox 2316 3145 2362 3178; x_wconf 73' lang='grc'><strong>’⁸</strong></span> <span class='ocrx_word' id='word_1_432' title='bbox 2457 3164 2590 3254; x_wconf 87' lang='grc' dir='ltr'><strong>ΙΙ.</strong></span> 
     </span>
    </p>
   </div>
   <div class='ocr_carea' id='block_1_60' title="bbox 1525 3351 2827 3428">
    <p class='ocr_par' dir='ltr' id='par_1_60' title="bbox 1525 3351 2827 3428">
     <span class='ocr_line' id='line_1_60' title="bbox 1525 3351 2827 3428; baseline 0.012 -16"><span class='ocrx_word' id='word_1_433' title='bbox 1525 3351 1631 3413; x_wconf 82' lang='lat' dir='ltr'><strong>AD</strong></span> <span class='ocrx_word' id='word_1_434' title='bbox 1666 3354 2033 3419; x_wconf 81' lang='lat' dir='ltr'><strong>JACOBUM</strong></span> <span class='ocrx_word' id='word_1_435' title='bbox 2081 3359 2469 3423; x_wconf 75' lang='lat' dir='ltr'><strong>FRATREM</strong></span> <span class='ocrx_word' id='word_1_436' title='bbox 2510 3361 2827 3428; x_wconf 85' lang='lat' dir='ltr'><strong>DOMINI.</strong></span> 
     </span>
    </p>
   </div>
   <div class='ocr_carea' id='block_1_61' title="bbox 1726 3517 2585 3580">
    <p class='ocr_par' dir='ltr' id='par_1_61' title="bbox 1726 3517 2585 3580">
     <span class='ocr_line' id='line_1_61' title="bbox 1726 3517 2585 3580; baseline 0.012 -10"><span class='ocrx_word' id='word_1_437' title='bbox 1726 3517 1802 3572; x_wconf 91' lang='lat' dir='ltr'><strong>De</strong></span> <span class='ocrx_word' id='word_1_438' title='bbox 1829 3520 2056 3574; x_wconf 85' lang='lat' dir='ltr'><strong>sacratis</strong></span> <span class='ocrx_word' id='word_1_439' title='bbox 2084 3522 2312 3577; x_wconf 78' lang='lat' dir='ltr'><strong>vestibus</strong></span> <span class='ocrx_word' id='word_1_440' title='bbox 2344 3533 2393 3576; x_wconf 90' lang='lat' dir='ltr'><strong>et</strong></span> <span class='ocrx_word' id='word_1_441' title='bbox 2430 3525 2585 3580; x_wconf 84' lang='lat' dir='ltr'><strong>vasis.</strong></span> 
     </span>
    </p>
   </div>
   <div class='ocr_carea' id='block_1_62' title="bbox 611 3787 3730 3870">
    <p class='ocr_par' dir='ltr' id='par_1_62' title="bbox 611 3787 3730 3870">
     <span class='ocr_line' id='line_1_62' title="bbox 611 3787 3730 3870; baseline 0.001 -25"><span class='ocrx_word' id='word_1_442' title='bbox 611 3789 856 3845; x_wconf 60' lang='lat' dir='ltr'><strong>Cerasus</strong></span> <span class='ocrx_word' id='word_1_443' title='bbox 908 3791 952 3821; x_wconf 81' lang='lat'><strong>”</strong></span> <span class='ocrx_word' id='word_1_444' title='bbox 992 3789 1249 3844; x_wconf 81' lang='lat' dir='ltr'><strong>Romame</strong></span> <span class='ocrx_word' id='word_1_445' title='bbox 1301 3787 1558 3845; x_wconf 64' lang='lat' dir='ltr'><strong>Ecclesia:</strong></span> <span class='ocrx_word' id='word_1_446' title='bbox 1620 3791 1854 3861; x_wconf 82' lang='lat' dir='ltr'><strong>praesul,</strong></span> <span class='ocrx_word' id='word_1_447' title='bbox 1901 3791 2100 3848; x_wconf 76' lang='lat' dir='ltr'><strong>JACOBO</strong></span> <span class='ocrx_word' id='word_1_448' title='bbox 2128 3802 2168 3860; x_wconf 84' lang='lat' dir='ltr'><strong>c</strong></span> <span class='ocrx_word' id='word_1_449' title='bbox 2201 3794 2329 3851; x_wconf 79' lang='lat' dir='ltr'><strong>Iesu</strong></span> <span class='ocrx_word' id='word_1_450' title='bbox 2361 3794 2566 3851; x_wconf 85' lang='lat' dir='ltr'><strong>Christi</strong></span> <span class='ocrx_word' id='word_1_451' title='bbox 2619 3797 2664 3852; x_wconf 91' lang='lat' dir='ltr'><strong>si</strong></span> <span class='ocrx_word' id='word_1_452' title='bbox 2697 3798 3028 3870; x_wconf 76' lang='lat' dir='ltr'><strong>negligenter</strong></span> <span class='ocrx_word' id='word_1_453' title='bbox 3073 3808 3360 3870; x_wconf 87' lang='lat' dir='ltr'><strong>erogetur,</strong></span> <span class='ocrx_word' id='word_1_454' title='bbox 3407 3807 3460 3854; x_wconf 87' lang='lat' dir='ltr'><strong>et</strong></span> <span class='ocrx_word' id='word_1_455' title='bbox 3499 3795 3730 3866; x_wconf 76' lang='lat' dir='ltr'><strong>presbyter</strong></span> 
     </span>
    </p>
   </div>
   <div class='ocr_carea' id='block_1_63' title="bbox 538 3880 1345 3952">
    <p class='ocr_par' dir='ltr' id='par_1_63' title="bbox 538 3880 1345 3952">
     <span class='ocr_line' id='line_1_63' title="bbox 538 3880 1345 3952; baseline 0.004 -18"><span class='ocrx_word' id='word_1_456' title='bbox 538 3880 1036 3951; x_wconf 85' lang='lat' dir='ltr'><strong>Hierosolymorum</strong></span> <span class='ocrx_word' id='word_1_457' title='bbox 1069 3882 1345 3952; x_wconf 86' lang='lat' dir='ltr'><strong>episc0po.</strong></span> 
     </span>
    </p>
   </div>
   <div class='ocr_carea' id='block_1_64' title="bbox 609 3974 2098 4049">
    <p class='ocr_par' dir='ltr' id='par_1_64' title="bbox 609 3974 2098 4049">
     <span class='ocr_line' id='line_1_64' title="bbox 609 3974 2098 4049; baseline 0.003 -20"><span class='ocrx_word' id='word_1_458' title='bbox 609 3976 653 4006; x_wconf 84' lang='grc'><strong>³⁸</strong></span> <span class='ocrx_word' id='word_1_459' title='bbox 684 3974 978 4040; x_wconf 84' lang='lat' dir='ltr'><strong>Quoniam,</strong></span> <span class='ocrx_word' id='word_1_460' title='bbox 1011 3977 1152 4029; x_wconf 91' lang='lat' dir='ltr'><strong>sicut</strong></span> <span class='ocrx_word' id='word_1_461' title='bbox 1175 3993 1205 4030; x_wconf 89' lang='lat' dir='ltr'><strong>a</strong></span> <span class='ocrx_word' id='word_1_462' title='bbox 1235 3976 1394 4030; x_wconf 89' lang='lat' dir='ltr'><strong>beato</strong></span> <span class='ocrx_word' id='word_1_463' title='bbox 1417 3976 1576 4031; x_wconf 88' lang='lat' dir='ltr'><strong>Petro</strong></span> <span class='ocrx_word' id='word_1_464' title='bbox 1601 3978 1848 4046; x_wconf 88' lang='lat' dir='ltr'><strong>apostolo</strong></span> <span class='ocrx_word' id='word_1_465' title='bbox 1880 3979 2098 4049; x_wconf 84' lang='lat' dir='ltr'><strong>accepi-</strong></span> 
     </span>
    </p>
   </div>
   <div class='ocr_carea' id='block_1_65' title="bbox 537 4068 2098 4142">
    <p class='ocr_par' dir='ltr' id='par_1_65' title="bbox 537 4068 2098 4142">
     <span class='ocr_line' id='line_1_65' title="bbox 537 4068 2098 4142; baseline 0.004 -22"><span class='ocrx_word' id='word_1_466' title='bbox 537 4083 680 4132; x_wconf 92' lang='lat' dir='ltr'><strong>mus,</strong></span> <span class='ocrx_word' id='word_1_467' title='bbox 714 4068 956 4122; x_wconf 86' lang='lat' dir='ltr'><strong>omnium</strong></span> <span class='ocrx_word' id='word_1_468' title='bbox 988 4069 1360 4137; x_wconf 86' lang='lat' dir='ltr'><strong>apostolorum</strong></span> <span class='ocrx_word' id='word_1_469' title='bbox 1391 4069 1571 4133; x_wconf 91' lang='lat' dir='ltr'><strong>Patre,</strong></span> <span class='ocrx_word' id='word_1_470' title='bbox 1605 4071 1697 4138; x_wconf 93' lang='lat' dir='ltr'><strong>qui</strong></span> <span class='ocrx_word' id='word_1_471' title='bbox 1736 4071 1916 4125; x_wconf 90' lang='lat' dir='ltr'><strong>claves</strong></span> <span class='ocrx_word' id='word_1_472' title='bbox 1945 4073 2098 4142; x_wconf 89' lang='lat' dir='ltr'><strong>regni</strong></span> 
     </span>
    </p>
   </div>
   <div class='ocr_carea' id='block_1_66' title="bbox 535 4159 2100 4230">
    <p class='ocr_par' dir='ltr' id='par_1_66' title="bbox 535 4159 2100 4230">
     <span class='ocr_line' id='line_1_66' title="bbox 535 4159 2100 4230; baseline 0.004 -18"><span class='ocrx_word' id='word_1_473' title='bbox 535 4159 779 4213; x_wconf 63' lang='lat' dir='ltr'><strong>cmlestis</strong></span> <span class='ocrx_word' id='word_1_474' title='bbox 809 4161 1038 4229; x_wconf 89' lang='lat' dir='ltr'><strong>accepit,</strong></span> <span class='ocrx_word' id='word_1_475' title='bbox 1067 4160 1300 4230; x_wconf 89' lang='lat' dir='ltr'><strong>qualiter</strong></span> <span class='ocrx_word' id='word_1_476' title='bbox 1326 4168 1510 4215; x_wconf 89' lang='lat' dir='ltr'><strong>tenere</strong></span> <span class='ocrx_word' id='word_1_477' title='bbox 1538 4162 1796 4218; x_wconf 90' lang='lat' dir='ltr'><strong>debemus</strong></span> <span class='ocrx_word' id='word_1_478' title='bbox 1823 4163 1888 4218; x_wconf 92' lang='lat' dir='ltr'><strong>de</strong></span> <span class='ocrx_word' id='word_1_479' title='bbox 1918 4179 2100 4219; x_wconf 87' lang='lat' dir='ltr'><strong>sacra-</strong></span> 
     </span>
    </p>
   </div>
   <div class='ocr_carea' id='block_1_67' title="bbox 535 4252 2101 4321">
    <p class='ocr_par' dir='ltr' id='par_1_67' title="bbox 535 4252 2101 4321">
     <span class='ocr_line' id='line_1_67' title="bbox 535 4252 2101 4321; baseline 0.006 -18"><span class='ocrx_word' id='word_1_480' title='bbox 535 4253 751 4314; x_wconf 86' lang='lat' dir='ltr'><strong>mentis,</strong></span> <span class='ocrx_word' id='word_1_481' title='bbox 785 4266 904 4321; x_wconf 66' lang='lat' dir='ltr'><strong>qua:</strong></span> <span class='ocrx_word' id='word_1_482' title='bbox 934 4259 1197 4321; x_wconf 90' lang='lat' dir='ltr'><strong>geruntur</strong></span> <span class='ocrx_word' id='word_1_483' title='bbox 1231 4252 1286 4306; x_wconf 91' lang='lat' dir='ltr'><strong>in</strong></span> <span class='ocrx_word' id='word_1_484' title='bbox 1330 4255 1558 4317; x_wconf 92' lang='lat' dir='ltr'><strong>sanctis,</strong></span> <span class='ocrx_word' id='word_1_485' title='bbox 1591 4265 1642 4309; x_wconf 91' lang='lat' dir='ltr'><strong>te</strong></span> <span class='ocrx_word' id='word_1_486' title='bbox 1679 4270 1743 4310; x_wconf 82' lang='lat' dir='ltr'><strong>ex</strong></span> <span class='ocrx_word' id='word_1_487' title='bbox 1774 4256 1965 4312; x_wconf 90' lang='lat' dir='ltr'><strong>ordine</strong></span> <span class='ocrx_word' id='word_1_488' title='bbox 2001 4272 2101 4312; x_wconf 90' lang='lat' dir='ltr'><strong>nos</strong></span> 
     </span>
    </p>
   </div>
   <div class='ocr_carea' id='block_1_68' title="bbox 549 4342 2102 4416">
    <p class='ocr_par' dir='ltr' id='par_1_68' title="bbox 549 4342 2102 4416">
     <span class='ocr_line' id='line_1_68' title="bbox 549 4342 2102 4416; baseline 0.005 -21"><span class='ocrx_word' id='word_1_489' title='bbox 549 4342 691 4396; x_wconf 81' lang='lat' dir='ltr'><strong>iecet</strong></span> <span class='ocrx_word' id='word_1_490' title='bbox 723 4343 1014 4398; x_wconf 90' lang='lat' dir='ltr'><strong>instruere.</strong></span> <span class='ocrx_word' id='word_1_491' title='bbox 1053 4344 1094 4374; x_wconf 80' lang='grc'>⁸¹</span> <span class='ocrx_word' id='word_1_492' title='bbox 1117 4343 1316 4399; x_wconf 89' lang='lat' dir='ltr'><strong>Tribus</strong></span> <span class='ocrx_word' id='word_1_493' title='bbox 1344 4346 1489 4400; x_wconf 90' lang='lat' dir='ltr'><strong>enim</strong></span> <span class='ocrx_word' id='word_1_494' title='bbox 1520 4347 1778 4416; x_wconf 87' lang='lat' dir='ltr'><strong>gradibus</strong></span> <span class='ocrx_word' id='word_1_495' title='bbox 1808 4349 2102 4405; x_wconf 85' lang='lat' dir='ltr'><strong>commissa</strong></span> 
     </span>
    </p>
   </div>
   <div class='ocr_carea' id='block_1_69' title="bbox 536 4435 2103 4506">
    <p class='ocr_par' dir='ltr' id='par_1_69' title="bbox 536 4435 2103 4506">
     <span class='ocr_line' id='line_1_69' title="bbox 536 4435 2103 4506; baseline 0.003 -14"><span class='ocrx_word' id='word_1_496' title='bbox 536 4445 666 4492; x_wconf 91' lang='lat' dir='ltr'><strong>sunt</strong></span> <span class='ocrx_word' id='word_1_497' title='bbox 731 4443 1071 4491; x_wconf 86' lang='lat' dir='ltr'><strong>sacramenta</strong></span> <span class='ocrx_word' id='word_1_498' title='bbox 1119 4435 1430 4492; x_wconf 89' lang='lat' dir='ltr'><strong>divinorum</strong></span> <span class='ocrx_word' id='word_1_499' title='bbox 1486 4447 1859 4506; x_wconf 89' lang='lat' dir='ltr'><strong>secretorum,</strong></span> <span class='ocrx_word' id='word_1_500' title='bbox 1913 4443 1966 4497; x_wconf 90' lang='lat' dir='ltr'><strong>id</strong></span> <span class='ocrx_word' id='word_1_501' title='bbox 2018 4452 2103 4500; x_wconf 89' lang='lat' dir='ltr'><strong>est</strong></span> 
     </span>
    </p>
   </div>
   <div class='ocr_carea' id='block_1_70' title="bbox 537 4529 2103 4602">
    <p class='ocr_par' dir='ltr' id='par_1_70' title="bbox 537 4529 2103 4602">
     <span class='ocr_line' id='line_1_70' title="bbox 537 4529 2103 4602; baseline 0.006 -20"><span class='ocrx_word' id='word_1_502' title='bbox 537 4529 877 4599; x_wconf 69' lang='lat' dir='ltr'><strong>presbytero,</strong></span> <span class='ocrx_word' id='word_1_503' title='bbox 913 4529 1146 4584; x_wconf 90' lang='lat' dir='ltr'><strong>diacono</strong></span> <span class='ocrx_word' id='word_1_504' title='bbox 1187 4538 1240 4584; x_wconf 90' lang='lat' dir='ltr'><strong>et</strong></span> <span class='ocrx_word' id='word_1_505' title='bbox 1265 4531 1513 4586; x_wconf 91' lang='lat' dir='ltr'><strong>ministro</strong></span> <span class='ocrx_word' id='word_1_506' title='bbox 1536 4532 1600 4599; x_wconf 85' lang='grc'><strong>³¹,</strong></span> <span class='ocrx_word' id='word_1_507' title='bbox 1634 4533 1726 4602; x_wconf 90' lang='lat' dir='ltr'><strong>qui</strong></span> <span class='ocrx_word' id='word_1_508' title='bbox 1754 4547 1878 4587; x_wconf 87' lang='lat' dir='ltr'><strong>cum</strong></span> <span class='ocrx_word' id='word_1_509' title='bbox 1907 4535 2103 4592; x_wconf 91' lang='lat' dir='ltr'><strong>timore</strong></span> 
     </span>
    </p>
   </div>
   <div class='ocr_carea' id='block_1_71' title="bbox 536 4621 2098 4695">
    <p class='ocr_par' dir='ltr' id='par_1_71' title="bbox 536 4621 2098 4695">
     <span class='ocr_line' id='line_1_71' title="bbox 536 4621 2098 4695; baseline 0.004 -21"><span class='ocrx_word' id='word_1_510' title='bbox 536 4627 592 4674; x_wconf 90' lang='lat' dir='ltr'><strong>et</strong></span> <span class='ocrx_word' id='word_1_511' title='bbox 638 4629 872 4674; x_wconf 86' lang='lat' dir='ltr'><strong>tremore</strong></span> <span class='ocrx_word' id='word_1_512' title='bbox 934 4621 1287 4685; x_wconf 90' lang='lat' dir='ltr'><strong>clericorum,</strong></span> <span class='ocrx_word' id='word_1_513' title='bbox 1352 4623 1612 4692; x_wconf 87' lang='lat' dir='ltr'><strong>reliquias</strong></span> <span class='ocrx_word' id='word_1_514' title='bbox 1673 4623 2098 4695; x_wconf 87' lang='lat' dir='ltr'><strong>fragmentorum</strong></span> 
     </span>
    </p>
   </div>
   <div class='ocr_carea' id='block_1_72' title="bbox 535 4713 2097 4788">
    <p class='ocr_par' dir='ltr' id='par_1_72' title="bbox 535 4713 2097 4788">
     <span class='ocr_line' id='line_1_72' title="bbox 535 4713 2097 4788; baseline 0.004 -22"><span class='ocrx_word' id='word_1_515' title='bbox 535 4713 785 4782; x_wconf 90' lang='lat' dir='ltr'><strong>corporis</strong></span> <span class='ocrx_word' id='word_1_516' title='bbox 831 4713 1097 4769; x_wconf 87' lang='lat' dir='ltr'><strong>Dominici</strong></span> <span class='ocrx_word' id='word_1_517' title='bbox 1139 4715 1417 4770; x_wconf 87' lang='lat' dir='ltr'><strong>custodire</strong></span> <span class='ocrx_word' id='word_1_518' title='bbox 1451 4717 1684 4780; x_wconf 89' lang='lat' dir='ltr'><strong>debent,</strong></span> <span class='ocrx_word' id='word_1_519' title='bbox 1727 4732 1797 4771; x_wconf 86' lang='lat' dir='ltr'><strong>ne</strong></span> <span class='ocrx_word' id='word_1_520' title='bbox 1843 4734 1950 4788; x_wconf 92' lang='lat' dir='ltr'><strong>qua</strong></span> <span class='ocrx_word' id='word_1_521' title='bbox 1993 4735 2097 4788; x_wconf 92' lang='lat' dir='ltr'><strong>pu-</strong></span> 
     </span>
    </p>
   </div>
   <div class='ocr_carea' id='block_1_73' title="bbox 534 4806 2101 4880">
    <p class='ocr_par' dir='ltr' id='par_1_73' title="bbox 534 4806 2101 4880">
     <span class='ocr_line' id='line_1_73' title="bbox 534 4806 2101 4880; baseline 0.002 -20"><span class='ocrx_word' id='word_1_522' title='bbox 534 4806 693 4861; x_wconf 88' lang='lat' dir='ltr'><strong>tredo</strong></span> <span class='ocrx_word' id='word_1_523' title='bbox 750 4807 807 4861; x_wconf 93' lang='lat' dir='ltr'><strong>in</strong></span> <span class='ocrx_word' id='word_1_524' title='bbox 849 4808 1093 4861; x_wconf 90' lang='lat' dir='ltr'><strong>sacrario</strong></span> <span class='ocrx_word' id='word_1_525' title='bbox 1148 4808 1454 4863; x_wconf 86' lang='lat' dir='ltr'><strong>inveniatur</strong></span> <span class='ocrx_word' id='word_1_526' title='bbox 1504 4824 1573 4863; x_wconf 86' lang='lat' dir='ltr'><strong>ne</strong></span> <span class='ocrx_word' id='word_1_527' title='bbox 1600 4823 1724 4863; x_wconf 89' lang='lat' dir='ltr'><strong>cum</strong></span> <span class='ocrx_word' id='word_1_528' title='bbox 1768 4810 2101 4880; x_wconf 87' lang='lat' dir='ltr'><strong>negligenter</strong></span> 
     </span>
    </p>
   </div>
   <div class='ocr_carea' id='block_1_74' title="bbox 537 4898 2100 4970">
    <p class='ocr_par' dir='ltr' id='par_1_74' title="bbox 537 4898 2100 4970">
     <span class='ocr_line' id='line_1_74' title="bbox 537 4898 2100 4970; baseline 0.003 -19"><span class='ocrx_word' id='word_1_529' title='bbox 537 4898 798 4968; x_wconf 78' lang='lat' dir='ltr'><strong>agitur”,</strong></span> <span class='ocrx_word' id='word_1_530' title='bbox 825 4899 1060 4968; x_wconf 90' lang='lat' dir='ltr'><strong>portioni</strong></span> <span class='ocrx_word' id='word_1_531' title='bbox 1093 4900 1338 4970; x_wconf 84' lang='lat' dir='ltr'><strong>corporis</strong></span> <span class='ocrx_word' id='word_1_532' title='bbox 1376 4899 1587 4954; x_wconf 90' lang='lat' dir='ltr'><strong>Domini</strong></span> <span class='ocrx_word' id='word_1_533' title='bbox 1626 4901 1808 4970; x_wconf 87' lang='lat' dir='ltr'><strong>gravis</strong></span> <span class='ocrx_word' id='word_1_534' title='bbox 1834 4901 2100 4956; x_wconf 89' lang='lat' dir='ltr'><strong>inferatur</strong></span> 
     </span>
    </p>
   </div>
   <div class='ocr_carea' id='block_1_75' title="bbox 538 4989 2098 5063">
    <p class='ocr_par' dir='ltr' id='par_1_75' title="bbox 538 4989 2098 5063">
     <span class='ocr_line' id='line_1_75' title="bbox 538 4989 2098 5063; baseline 0.004 -20"><span class='ocrx_word' id='word_1_535' title='bbox 538 4989 760 5060; x_wconf 74' lang='lat' dir='ltr'><strong>injuria.</strong></span> <span class='ocrx_word' id='word_1_536' title='bbox 809 4991 1135 5047; x_wconf 83' lang='lat' dir='ltr'><strong>Communio</strong></span> <span class='ocrx_word' id='word_1_537' title='bbox 1181 4993 1328 5046; x_wconf 90' lang='lat' dir='ltr'><strong>enim</strong></span> <span class='ocrx_word' id='word_1_538' title='bbox 1369 4993 1616 5063; x_wconf 86' lang='lat' dir='ltr'><strong>corporis</strong></span> <span class='ocrx_word' id='word_1_539' title='bbox 1664 4991 1874 5047; x_wconf 91' lang='lat' dir='ltr'><strong>Domini</strong></span> <span class='ocrx_word' id='word_1_540' title='bbox 1925 4995 2098 5050; x_wconf 87' lang='lat' dir='ltr'><strong>nostri</strong></span> 
     </span>
    </p>
   </div>
   <div class='ocr_carea' id='block_1_76' title="bbox 612 5135 1703 5202">
    <p class='ocr_par' dir='ltr' id='par_1_76' title="bbox 612 5135 1703 5202">
     <span class='ocr_line' id='line_1_76' title="bbox 612 5135 1703 5202; baseline 0.001 -11"><span class='ocrx_word' id='word_1_541' title='bbox 612 5139 659 5169; x_wconf 71' lang='grc' dir='ltr'><strong>ὀ</strong></span> <span class='ocrx_word' id='word_1_542' title='bbox 693 5136 826 5192; x_wconf 89' lang='lat' dir='ltr'><strong>Luc.</strong></span> <span class='ocrx_word' id='word_1_543' title='bbox 859 5153 932 5200; x_wconf 84' lang='lat' dir='ltr'><strong>vi,</strong></span> <span class='ocrx_word' id='word_1_544' title='bbox 960 5137 1052 5191; x_wconf 69' lang='grc'><strong>46.</strong></span> <span class='ocrx_word' id='word_1_545' title='bbox 1165 5137 1209 5170; x_wconf 79' lang='grc'>¹¹</span> <span class='ocrx_word' id='word_1_546' title='bbox 1245 5135 1432 5191; x_wconf 84' lang='lat' dir='ltr'><strong>Matth.</strong></span> <span class='ocrx_word' id='word_1_547' title='bbox 1468 5152 1589 5202; x_wconf 78' lang='lat' dir='ltr'><strong>xui,</strong></span> <span class='ocrx_word' id='word_1_548' title='bbox 1613 5135 1703 5192; x_wconf 82' lang='lat'><strong>52.</strong></span> 
     </span>
    </p>
   </div>
   <div class='ocr_carea' id='block_1_77' title="bbox 521 5207 1889 5277">
    <p class='ocr_par' dir='ltr' id='par_1_77' title="bbox 521 5207 1889 5277">
     <span class='ocr_line' id='line_1_77' title="bbox 521 5207 1889 5277; baseline 0.001 -14"><span class='ocrx_word' id='word_1_549' title='bbox 521 5208 566 5239; x_wconf 82' lang='lat'><strong>&quot;</strong></span> <span class='ocrx_word' id='word_1_550' title='bbox 600 5209 797 5271; x_wconf 91' lang='lat' dir='ltr'><strong>Clem.,</strong></span> <span class='ocrx_word' id='word_1_551' title='bbox 826 5223 911 5277; x_wconf 88' lang='lat' dir='ltr'><strong>ep.</strong></span> <span class='ocrx_word' id='word_1_552' title='bbox 944 5207 998 5261; x_wconf 84' lang='lat'><strong>2.</strong></span> <span class='ocrx_word' id='word_1_553' title='bbox 1111 5208 1156 5238; x_wconf 80' lang='lat'>“</span> <span class='ocrx_word' id='word_1_554' title='bbox 1190 5207 1336 5260; x_wconf 84' lang='lat' dir='ltr'><strong>utilis</strong></span> <span class='ocrx_word' id='word_1_555' title='bbox 1369 5207 1493 5277; x_wconf 87' lang='lat' dir='ltr'><strong>erit_</strong></span> <span class='ocrx_word' id='word_1_556' title='bbox 1518 5223 1587 5259; x_wconf 89' lang='lat' dir='ltr'><strong>m.</strong></span> <span class='ocrx_word' id='word_1_557' title='bbox 1624 5207 1678 5261; x_wconf 87' lang='lat' dir='ltr'><strong>.I.</strong></span> <span class='ocrx_word' id='word_1_558' title='bbox 1722 5208 1783 5263; x_wconf 71' lang='grc' dir='ltr'><strong>(Ι.</strong></span> <span class='ocrx_word' id='word_1_559' title='bbox 1818 5219 1889 5264; x_wconf 84' lang='lat' dir='ltr'><strong>et.</strong></span> 
     </span>
    </p>
   </div>
   <div class='ocr_carea' id='block_1_78' title="bbox 1819 5128 2255 5210">
    <p class='ocr_par' dir='ltr' id='par_1_78' title="bbox 1819 5128 2255 5210">
     <span class='ocr_line' id='line_1_78' title="bbox 1819 5128 2255 5210; baseline -0.002 -17"><span class='ocrx_word' id='word_1_560' title='bbox 1819 5141 1862 5171; x_wconf 82' lang='lat'><strong>&quot;</strong></span> <span class='ocrx_word' id='word_1_561' title='bbox 1898 5128 2170 5210; x_wconf 83' lang='lat' dir='ltr'><strong>Recognit.</strong></span> <span class='ocrx_word' id='word_1_562' title='bbox 2200 5139 2255 5192; x_wconf 83' lang='lat'><strong>2.</strong></span> 
     </span>
    </p>
   </div>
   <div class='ocr_carea' id='block_1_79' title="bbox 2009 5210 2416 5264">
    <p class='ocr_par' dir='ltr' id='par_1_79' title="bbox 2009 5210 2416 5264">
     <span class='ocr_line' id='line_1_79' title="bbox 2009 5210 2416 5264; baseline -0.007 1"><span class='ocrx_word' id='word_1_563' title='bbox 2009 5213 2050 5242; x_wconf 86' lang='grc'><strong>³⁷</strong></span> <span class='ocrx_word' id='word_1_564' title='bbox 2079 5210 2416 5264; x_wconf 87' lang='lat' dir='ltr'><strong>currendum.</strong></span> 
     </span>
    </p>
   </div>
   <div class='ocr_carea' id='block_1_80' title="bbox 2210 3883 3730 3959">
    <p class='ocr_par' dir='ltr' id='par_1_80' title="bbox 2210 3883 3730 3959">
     <span class='ocr_line' id='line_1_80' title="bbox 2210 3883 3730 3959; baseline -0.002 -20"><span class='ocrx_word' id='word_1_565' title='bbox 2210 3887 2422 3941; x_wconf 88' lang='lat' dir='ltr'><strong>minora</strong></span> <span class='ocrx_word' id='word_1_566' title='bbox 2453 3903 2560 3940; x_wconf 90' lang='lat' dir='ltr'><strong>non</strong></span> <span class='ocrx_word' id='word_1_567' title='bbox 2597 3897 2751 3943; x_wconf 90' lang='lat' dir='ltr'><strong>curet</strong></span> <span class='ocrx_word' id='word_1_568' title='bbox 2783 3890 3078 3946; x_wconf 87' lang='lat' dir='ltr'><strong>admonere</strong></span> <span class='ocrx_word' id='word_1_569' title='bbox 3115 3891 3296 3945; x_wconf 89' lang='lat' dir='ltr'><strong>ollicia</strong></span> <span class='ocrx_word' id='word_1_570' title='bbox 3316 3931 3330 3954; x_wconf 96' lang='lat'><strong>,</strong></span> <span class='ocrx_word' id='word_1_571' title='bbox 3363 3888 3512 3959; x_wconf 83' lang='lat' dir='ltr'><strong>gravi</strong></span> <span class='ocrx_word' id='word_1_572' title='bbox 3550 3883 3730 3939; x_wconf 78' lang='lat' dir='ltr'><strong>anathe-</strong></span> 
     </span>
    </p>
   </div>
   <div class='ocr_carea' id='block_1_81' title="bbox 2209 3976 3734 4052">
    <p class='ocr_par' dir='ltr' id='par_1_81' title="bbox 2209 3976 3734 4052">
     <span class='ocr_line' id='line_1_81' title="bbox 2209 3976 3734 4052; baseline -0.005 -21"><span class='ocrx_word' id='word_1_573' title='bbox 2209 3987 2353 4033; x_wconf 92' lang='lat' dir='ltr'><strong>mate</strong></span> <span class='ocrx_word' id='word_1_574' title='bbox 2383 3979 2426 4010; x_wconf 72' lang='lat'>“</span> <span class='ocrx_word' id='word_1_575' title='bbox 2455 3987 2509 4034; x_wconf 90' lang='lat' dir='ltr'><strong>et</strong></span> <span class='ocrx_word' id='word_1_576' title='bbox 2535 3979 2695 4050; x_wconf 89' lang='lat' dir='ltr'><strong>digna</strong></span> <span class='ocrx_word' id='word_1_577' title='bbox 2724 3981 3121 4036; x_wconf 90' lang='lat' dir='ltr'><strong>humiliationis</strong></span> <span class='ocrx_word' id='word_1_578' title='bbox 3151 3983 3317 4052; x_wconf 81' lang='lat' dir='ltr'><strong>plaga</strong></span> <span class='ocrx_word' id='word_1_579' title='bbox 3349 3981 3585 4036; x_wconf 89' lang='lat' dir='ltr'><strong>feriatur.</strong></span> <span class='ocrx_word' id='word_1_580' title='bbox 3611 3976 3734 4030; x_wconf 80' lang='lat' dir='ltr'><strong>Certe</strong></span> 
     </span>
    </p>
   </div>
   <div class='ocr_carea' id='block_1_82' title="bbox 2207 4070 3734 4138">
    <p class='ocr_par' dir='ltr' id='par_1_82' title="bbox 2207 4070 3734 4138">
     <span class='ocr_line' id='line_1_82' title="bbox 2207 4070 3734 4138; baseline -0.002 -14"><span class='ocrx_word' id='word_1_581' title='bbox 2207 4078 2360 4124; x_wconf 88' lang='lat' dir='ltr'><strong>tanta</strong></span> <span class='ocrx_word' id='word_1_582' title='bbox 2396 4071 2452 4125; x_wconf 89' lang='lat' dir='ltr'><strong>in</strong></span> <span class='ocrx_word' id='word_1_583' title='bbox 2493 4070 2537 4101; x_wconf 79' lang='grc'><strong>³⁸</strong></span> <span class='ocrx_word' id='word_1_584' title='bbox 2576 4072 2771 4126; x_wconf 89' lang='lat' dir='ltr'><strong>altario</strong></span> <span class='ocrx_word' id='word_1_585' title='bbox 2819 4073 3138 4127; x_wconf 66' lang='lat' dir='ltr'><strong>bolot:austa</strong></span> <span class='ocrx_word' id='word_1_586' title='bbox 3187 4074 3523 4135; x_wconf 74' lang='lat' dir='ltr'><strong>offerantur,</strong></span> <span class='ocrx_word' id='word_1_587' title='bbox 3571 4073 3734 4138; x_wconf 77' lang='lat' dir='ltr'><strong>quanta</strong></span> 
     </span>
    </p>
   </div>
   <div class='ocr_carea' id='block_1_83' title="bbox 2207 4157 3737 4234">
    <p class='ocr_par' dir='ltr' id='par_1_83' title="bbox 2207 4157 3737 4234">
     <span class='ocr_line' id='line_1_83' title="bbox 2207 4157 3737 4234; baseline -0.007 -16"><span class='ocrx_word' id='word_1_588' title='bbox 2207 4164 2409 4234; x_wconf 82' lang='lat' dir='ltr'><strong>pepulo</strong></span> <span class='ocrx_word' id='word_1_589' title='bbox 2440 4162 2686 4219; x_wconf 67' lang='lat' dir='ltr'><strong>subicere</strong></span> <span class='ocrx_word' id='word_1_590' title='bbox 2727 4163 2975 4221; x_wconf 89' lang='lat' dir='ltr'><strong>debeant.</strong></span> <span class='ocrx_word' id='word_1_591' title='bbox 3017 4164 3175 4230; x_wconf 84' lang='lat' dir='ltr'><strong>Quod</strong></span> <span class='ocrx_word' id='word_1_592' title='bbox 3221 4167 3268 4220; x_wconf 88' lang='lat' dir='ltr'><strong>si</strong></span> <span class='ocrx_word' id='word_1_593' title='bbox 3308 4163 3671 4225; x_wconf 89' lang='lat' dir='ltr'><strong>remanserint,</strong></span> <span class='ocrx_word' id='word_1_594' title='bbox 3697 4157 3737 4209; x_wconf 91' lang='lat' dir='ltr'><strong>in</strong></span> 
     </span>
    </p>
   </div>
   <div class='ocr_carea' id='block_1_84' title="bbox 2206 4253 3737 4321">
    <p class='ocr_par' dir='ltr' id='par_1_84' title="bbox 2206 4253 3737 4321">
     <span class='ocr_line' id='line_1_84' title="bbox 2206 4253 3737 4321; baseline -0.008 -9"><span class='ocrx_word' id='word_1_595' title='bbox 2206 4257 2508 4313; x_wconf 87' lang='lat' dir='ltr'><strong>crastinum</strong></span> <span class='ocrx_word' id='word_1_596' title='bbox 2540 4256 2585 4286; x_wconf 82' lang='grc'>³⁸</span> <span class='ocrx_word' id='word_1_597' title='bbox 2611 4272 2719 4310; x_wconf 91' lang='lat' dir='ltr'><strong>non</strong></span> <span class='ocrx_word' id='word_1_598' title='bbox 2761 4265 3141 4321; x_wconf 89' lang='lat' dir='ltr'><strong>reserventur,</strong></span> <span class='ocrx_word' id='word_1_599' title='bbox 3185 4256 3289 4311; x_wconf 90' lang='lat' dir='ltr'><strong>sed</strong></span> <span class='ocrx_word' id='word_1_600' title='bbox 3340 4269 3465 4309; x_wconf 90' lang='lat' dir='ltr'><strong>cum</strong></span> <span class='ocrx_word' id='word_1_601' title='bbox 3503 4254 3674 4305; x_wconf 85' lang='lat' dir='ltr'><strong>timore</strong></span> <span class='ocrx_word' id='word_1_602' title='bbox 3699 4253 3737 4300; x_wconf 86' lang='lat' dir='ltr'><strong>et</strong></span> 
     </span>
    </p>
   </div>
   <div class='ocr_carea' id='block_1_85' title="bbox 2204 4337 3739 4418">
    <p class='ocr_par' dir='ltr' id='par_1_85' title="bbox 2204 4337 3739 4418">
     <span class='ocr_line' id='line_1_85' title="bbox 2204 4337 3739 4418; baseline -0.006 -14"><span class='ocrx_word' id='word_1_603' title='bbox 2204 4359 2462 4414; x_wconf 90' lang='lat' dir='ltr'><strong>tremore,</strong></span> <span class='ocrx_word' id='word_1_604' title='bbox 2513 4349 2836 4404; x_wconf 91' lang='lat' dir='ltr'><strong>clericorum</strong></span> <span class='ocrx_word' id='word_1_605' title='bbox 2885 4349 3163 4418; x_wconf 82' lang='lat' dir='ltr'><strong>diligentia</strong></span> <span class='ocrx_word' id='word_1_606' title='bbox 3209 4356 3626 4403; x_wconf 90' lang='lat' dir='ltr'><strong>consumantur.</strong></span> <span class='ocrx_word' id='word_1_607' title='bbox 3662 4337 3739 4404; x_wconf 84' lang='lat' dir='ltr'><strong>Qui</strong></span> 
     </span>
    </p>
   </div>
   <div class='ocr_carea' id='block_1_86' title="bbox 2204 4432 3739 4510">
    <p class='ocr_par' dir='ltr' id='par_1_86' title="bbox 2204 4432 3739 4510">
     <span class='ocr_line' id='line_1_86' title="bbox 2204 4432 3739 4510; baseline -0.01 -14"><span class='ocrx_word' id='word_1_608' title='bbox 2204 4450 2386 4497; x_wconf 91' lang='lat' dir='ltr'><strong>autem</strong></span> <span class='ocrx_word' id='word_1_609' title='bbox 2426 4443 2643 4496; x_wconf 89' lang='lat' dir='ltr'><strong>residua</strong></span> <span class='ocrx_word' id='word_1_610' title='bbox 2692 4441 2939 4510; x_wconf 90' lang='lat' dir='ltr'><strong>corporis</strong></span> <span class='ocrx_word' id='word_1_611' title='bbox 2986 4439 3229 4505; x_wconf 90' lang='lat' dir='ltr'><strong>Domini,</strong></span> <span class='ocrx_word' id='word_1_612' title='bbox 3269 4455 3398 4510; x_wconf 63' lang='lat' dir='ltr'><strong>qua:</strong></span> <span class='ocrx_word' id='word_1_613' title='bbox 3444 4439 3499 4492; x_wconf 92' lang='lat' dir='ltr'><strong>in</strong></span> <span class='ocrx_word' id='word_1_614' title='bbox 3540 4432 3739 4490; x_wconf 86' lang='lat' dir='ltr'><strong>sacrario</strong></span> 
     </span>
    </p>
   </div>
   <div class='ocr_carea' id='block_1_87' title="bbox 2203 4531 3743 4598">
    <p class='ocr_par' dir='ltr' id='par_1_87' title="bbox 2203 4531 3743 4598">
     <span class='ocr_line' id='line_1_87' title="bbox 2203 4531 3743 4598; baseline -0.009 -10"><span class='ocrx_word' id='word_1_615' title='bbox 2203 4535 2391 4589; x_wconf 87' lang='lat' dir='ltr'><strong>relicta</strong></span> <span class='ocrx_word' id='word_1_616' title='bbox 2426 4542 2574 4598; x_wconf 89' lang='lat' dir='ltr'><strong>sunt,</strong></span> <span class='ocrx_word' id='word_1_617' title='bbox 2601 4534 2642 4564; x_wconf 83' lang='grc'><strong>³⁷</strong></span> <span class='ocrx_word' id='word_1_618' title='bbox 2669 4539 3018 4596; x_wconf 91' lang='lat' dir='ltr'><strong>consumunt,</strong></span> <span class='ocrx_word' id='word_1_619' title='bbox 3051 4547 3158 4586; x_wconf 90' lang='lat' dir='ltr'><strong>non</strong></span> <span class='ocrx_word' id='word_1_620' title='bbox 3191 4534 3389 4586; x_wconf 90' lang='lat' dir='ltr'><strong>statim</strong></span> <span class='ocrx_word' id='word_1_621' title='bbox 3436 4531 3502 4585; x_wconf 86' lang='lat' dir='ltr'><strong>ad</strong></span> <span class='ocrx_word' id='word_1_622' title='bbox 3539 4538 3743 4582; x_wconf 89' lang='lat' dir='ltr'><strong>commu-</strong></span> 
     </span>
    </p>
   </div>
   <div class='ocr_carea' id='block_1_88' title="bbox 2203 4618 3741 4696">
    <p class='ocr_par' dir='ltr' id='par_1_88' title="bbox 2203 4618 3741 4696">
     <span class='ocr_line' id='line_1_88' title="bbox 2203 4618 3741 4696; baseline -0.01 -16"><span class='ocrx_word' id='word_1_623' title='bbox 2203 4641 2302 4682; x_wconf 89' lang='lat' dir='ltr'><strong>nes</strong></span> <span class='ocrx_word' id='word_1_624' title='bbox 2358 4624 2703 4696; x_wconf 88' lang='lat' dir='ltr'><strong>accipiendos</strong></span> <span class='ocrx_word' id='word_1_625' title='bbox 2757 4624 2911 4679; x_wconf 89' lang='lat' dir='ltr'><strong>cibos</strong></span> <span class='ocrx_word' id='word_1_626' title='bbox 2965 4624 3342 4689; x_wconf 87' lang='lat' dir='ltr'><strong>conveniant;</strong></span> <span class='ocrx_word' id='word_1_627' title='bbox 3399 4638 3468 4676; x_wconf 89' lang='lat' dir='ltr'><strong>ne</strong></span> <span class='ocrx_word' id='word_1_628' title='bbox 3509 4621 3550 4652; x_wconf 85' lang='grc'><strong>³⁸</strong></span> <span class='ocrx_word' id='word_1_629' title='bbox 3585 4618 3741 4688; x_wconf 86' lang='lat' dir='ltr'><strong>putent</strong></span> 
     </span>
    </p>
   </div>
   <div class='ocr_carea' id='block_1_89' title="bbox 2204 4717 3745 4788">
    <p class='ocr_par' dir='ltr' id='par_1_89' title="bbox 2204 4717 3745 4788">
     <span class='ocr_line' id='line_1_89' title="bbox 2204 4717 3745 4788; baseline -0.008 -14"><span class='ocrx_word' id='word_1_630' title='bbox 2204 4728 2406 4774; x_wconf 73' lang='lat' dir='ltr'><strong>sanctae</strong></span> <span class='ocrx_word' id='word_1_631' title='bbox 2450 4718 2686 4788; x_wconf 90' lang='lat' dir='ltr'><strong>portioni</strong></span> <span class='ocrx_word' id='word_1_632' title='bbox 2725 4717 3066 4771; x_wconf 91' lang='lat' dir='ltr'><strong>commisceri</strong></span> <span class='ocrx_word' id='word_1_633' title='bbox 3099 4717 3317 4781; x_wconf 87' lang='lat' dir='ltr'><strong>cibum,</strong></span> <span class='ocrx_word' id='word_1_634' title='bbox 3353 4718 3447 4786; x_wconf 90' lang='lat' dir='ltr'><strong>qui</strong></span> <span class='ocrx_word' id='word_1_635' title='bbox 3481 4730 3573 4785; x_wconf 91' lang='lat' dir='ltr'><strong>per</strong></span> <span class='ocrx_word' id='word_1_636' title='bbox 3607 4723 3745 4778; x_wconf 77' lang='lat' dir='ltr'><strong>aqua-</strong></span> 
     </span>
    </p>
   </div>
   <div class='ocr_carea' id='block_1_90' title="bbox 2204 4805 3743 4882">
    <p class='ocr_par' dir='ltr' id='par_1_90' title="bbox 2204 4805 3743 4882">
     <span class='ocr_line' id='line_1_90' title="bbox 2204 4805 3743 4882; baseline -0.008 -16"><span class='ocrx_word' id='word_1_637' title='bbox 2204 4812 2399 4867; x_wconf 91' lang='lat' dir='ltr'><strong>liculos</strong></span> <span class='ocrx_word' id='word_1_638' title='bbox 2449 4810 2711 4882; x_wconf 80' lang='lat' dir='ltr'><strong>digestus,</strong></span> <span class='ocrx_word' id='word_1_639' title='bbox 2764 4810 2819 4863; x_wconf 91' lang='lat' dir='ltr'><strong>in</strong></span> <span class='ocrx_word' id='word_1_640' title='bbox 2873 4825 3150 4864; x_wconf 87' lang='lat' dir='ltr'><strong>secessum</strong></span> <span class='ocrx_word' id='word_1_641' title='bbox 3209 4809 3486 4863; x_wconf 88' lang='lat' dir='ltr'><strong>funditur.</strong></span> <span class='ocrx_word' id='word_1_642' title='bbox 3538 4805 3591 4859; x_wconf 93' lang='lat' dir='ltr'><strong>Si</strong></span> <span class='ocrx_word' id='word_1_643' title='bbox 3640 4816 3743 4870; x_wconf 83' lang='lat' dir='ltr'><strong>ergo</strong></span> 
     </span>
    </p>
   </div>
   <div class='ocr_carea' id='block_1_91' title="bbox 2203 4897 3745 4968">
    <p class='ocr_par' dir='ltr' id='par_1_91' title="bbox 2203 4897 3745 4968">
     <span class='ocr_line' id='line_1_91' title="bbox 2203 4897 3745 4968; baseline -0.007 -14"><span class='ocrx_word' id='word_1_644' title='bbox 2203 4914 2363 4954; x_wconf 88' lang='lat' dir='ltr'><strong>mane</strong></span> <span class='ocrx_word' id='word_1_645' title='bbox 2418 4897 2697 4953; x_wconf 89' lang='lat' dir='ltr'><strong>Dominica</strong></span> <span class='ocrx_word' id='word_1_646' title='bbox 2736 4900 2910 4968; x_wconf 76' lang='lat' dir='ltr'><strong>portio</strong></span> <span class='ocrx_word' id='word_1_647' title='bbox 2951 4899 3151 4960; x_wconf 89' lang='lat' dir='ltr'><strong>editur,</strong></span> <span class='ocrx_word' id='word_1_648' title='bbox 3210 4914 3398 4968; x_wconf 87' lang='lat' dir='ltr'><strong>usque</strong></span> <span class='ocrx_word' id='word_1_649' title='bbox 3453 4898 3520 4954; x_wconf 84' lang='lat' dir='ltr'><strong>ad</strong></span> <span class='ocrx_word' id='word_1_650' title='bbox 3570 4903 3745 4951; x_wconf 79' lang='lat' dir='ltr'><strong>sextam</strong></span> 
     </span>
    </p>
   </div>
   <div class='ocr_carea' id='block_1_92' title="bbox 2198 4984 3747 5063">
    <p class='ocr_par' dir='ltr' id='par_1_92' title="bbox 2198 4984 3747 5063">
     <span class='ocr_line' id='line_1_92' title="bbox 2198 4984 3747 5063; baseline -0.008 -15"><span class='ocrx_word' id='word_1_651' title='bbox 2198 4993 2449 5063; x_wconf 89' lang='lat' dir='ltr'><strong>jejunent</strong></span> <span class='ocrx_word' id='word_1_652' title='bbox 2497 4988 2736 5047; x_wconf 87' lang='lat' dir='ltr'><strong>ministri</strong></span> <span class='ocrx_word' id='word_1_653' title='bbox 2781 4991 2873 5063; x_wconf 92' lang='lat' dir='ltr'><strong>qui</strong></span> <span class='ocrx_word' id='word_1_654' title='bbox 2922 5005 3043 5046; x_wconf 88' lang='lat' dir='ltr'><strong>eam</strong></span> <span class='ocrx_word' id='word_1_655' title='bbox 3084 4995 3584 5062; x_wconf 86' lang='lat' dir='ltr'><strong>consumpserunt.</strong></span> <span class='ocrx_word' id='word_1_656' title='bbox 3625 4985 3680 5040; x_wconf 83' lang='lat' dir='ltr'><strong>Et</strong></span> <span class='ocrx_word' id='word_1_657' title='bbox 3713 4984 3747 5036; x_wconf 90' lang='lat' dir='ltr'><strong>si</strong></span> 
     </span>
    </p>
   </div>
   <div class='ocr_carea' id='block_1_93' title="bbox 2369 5119 3756 5206">
    <p class='ocr_par' dir='ltr' id='par_1_93' title="bbox 2369 5119 3756 5206">
     <span class='ocr_line' id='line_1_93' title="bbox 2369 5119 3756 5206; baseline -0.012 -13"><span class='ocrx_word' id='word_1_658' title='bbox 2369 5139 2416 5170; x_wconf 78' lang='grc'><strong>’³</strong></span> <span class='ocrx_word' id='word_1_659' title='bbox 2441 5135 2636 5200; x_wconf 90' lang='lat' dir='ltr'><strong>Clem.,</strong></span> <span class='ocrx_word' id='word_1_660' title='bbox 2677 5151 2762 5204; x_wconf 91' lang='lat' dir='ltr'><strong>ep.</strong></span> <span class='ocrx_word' id='word_1_661' title='bbox 2795 5135 2848 5188; x_wconf 77' lang='lat'><strong>5.</strong></span> <span class='ocrx_word' id='word_1_662' title='bbox 2959 5132 3006 5166; x_wconf 74' lang='grc'><strong>’⁸</strong></span> <span class='ocrx_word' id='word_1_663' title='bbox 3031 5131 3182 5203; x_wconf 66' lang='lat' dir='ltr'><strong>praef.</strong></span> <span class='ocrx_word' id='word_1_664' title='bbox 3224 5133 3378 5206; x_wconf 64' lang='lat' dir='ltr'><strong>Reg.</strong></span> <span class='ocrx_word' id='word_1_665' title='bbox 3417 5120 3475 5188; x_wconf 60' lang='grc' dir='ltr'><strong>δ’.</strong></span> <span class='ocrx_word' id='word_1_666' title='bbox 3510 5119 3756 5206; x_wconf 71' lang='lat' dir='ltr'><strong>Benedicti</strong></span> 
     </span>
    </p>
   </div>
   <div class='ocr_carea' id='block_1_94' title="bbox 2527 5204 3755 5273">
    <p class='ocr_par' dir='ltr' id='par_1_94' title="bbox 2527 5204 3755 5273">
     <span class='ocr_line' id='line_1_94' title="bbox 2527 5204 3755 5273; baseline -0.007 -13"><span class='ocrx_word' id='word_1_667' title='bbox 2527 5209 2571 5237; x_wconf 79' lang='grc'><strong>’⁸</strong></span> <span class='ocrx_word' id='word_1_668' title='bbox 2604 5208 2658 5260; x_wconf 92' lang='lat' dir='ltr'><strong>In</strong></span> <span class='ocrx_word' id='word_1_669' title='bbox 2695 5208 2864 5259; x_wconf 91' lang='lat' dir='ltr'><strong>altero</strong></span> <span class='ocrx_word' id='word_1_670' title='bbox 2883 5219 2926 5273; x_wconf 17' lang='lat' dir='ltr'><strong>ie</strong></span> <span class='ocrx_word' id='word_1_671' title='bbox 2959 5220 3090 5258; x_wconf 89' lang='lat' dir='ltr'><strong>mss.</strong></span> <span class='ocrx_word' id='word_1_672' title='bbox 3129 5204 3380 5267; x_wconf 81' lang='lat' dir='ltr'><strong>nostris,</strong></span> <span class='ocrx_word' id='word_1_673' title='bbox 3431 5204 3523 5273; x_wconf 76' lang='lat' dir='ltr'><strong>qui</strong></span> <span class='ocrx_word' id='word_1_674' title='bbox 3570 5205 3681 5273; x_wconf 76' lang='lat' dir='ltr'><strong>sunt</strong></span> <span class='ocrx_word' id='word_1_675' title='bbox 3706 5208 3755 5241; x_wconf 64' lang='grc' dir='ltr'>ιη</span> 
     </span>
    </p>
   </div>
   <div class='ocr_carea' id='block_1_95' title="bbox 521 5259 3763 5356">
    <p class='ocr_par' dir='ltr' id='par_1_95' title="bbox 521 5259 3763 5356">
     <span class='ocr_line' id='line_1_95' title="bbox 521 5259 3763 5356; baseline -0.003 -24"><span class='ocrx_word' id='word_1_676' title='bbox 521 5259 1408 5356; x_wconf 35' lang='grc' dir='ltr'><strong>ζηιῖἀ-ιι-ίδξίιιῆέξ-ιίιιιΙιιθεξιρ</strong></span> <span class='ocrx_word' id='word_1_677' title='bbox 1466 5259 1890 5356; x_wconf 50' lang='grc' dir='ltr'><strong>Ιιςηιέρῖεὶοξᾷ</strong></span> <span class='ocrx_word' id='word_1_678' title='bbox 1949 5259 2456 5356; x_wconf 25' lang='grc' dir='ltr'><strong>ρηεξεῐιντέῆἷιιιψλε.</strong></span> <span class='ocrx_word' id='word_1_679' title='bbox 2516 5277 2802 5356; x_wconf 70' lang='lat' dir='ltr'><strong>Clementis</strong></span> <span class='ocrx_word' id='word_1_680' title='bbox 2870 5272 3053 5356; x_wconf 46' lang='lat' dir='ltr'><strong>P‘apaz,</strong></span> <span class='ocrx_word' id='word_1_681' title='bbox 3117 5259 3763 5356; x_wconf 41' lang='lat' dir='ltr'><strong>missa_lla‘L-obo.[ra&#39;l&#39;ci</strong></span> 
     </span>
    </p>
   </div>
   <div class='ocr_carea' id='block_1_96' title="bbox 520 5335 3758 5417">
    <p class='ocr_par' dir='ltr' id='par_1_96' title="bbox 520 5335 3758 5417">
     <span class='ocr_line' id='line_1_96' title="bbox 520 5335 3758 5417; baseline -0.004 -16"><span class='ocrx_word' id='word_1_682' title='bbox 520 5335 755 5403; x_wconf 79' lang='lat' dir='ltr'><strong>Domini.</strong></span> <span class='ocrx_word' id='word_1_683' title='bbox 823 5348 878 5402; x_wconf 92' lang='lat' dir='ltr'><strong>In</strong></span> <span class='ocrx_word' id='word_1_684' title='bbox 936 5335 1106 5403; x_wconf 82' lang='lat' dir='ltr'><strong>altero</strong></span> <span class='ocrx_word' id='word_1_685' title='bbox 1150 5365 1164 5401; x_wconf 90' lang='lat'>:</span> <span class='ocrx_word' id='word_1_686' title='bbox 1209 5346 1407 5416; x_wconf 83' lang='lat' dir='ltr'><strong>Incipit</strong></span> <span class='ocrx_word' id='word_1_687' title='bbox 1469 5350 1642 5417; x_wconf 84' lang='lat' dir='ltr'><strong>prima</strong></span> <span class='ocrx_word' id='word_1_688' title='bbox 1688 5335 1760 5404; x_wconf 54' lang='lat' dir='ltr'><strong>&#39;S.</strong></span> <span class='ocrx_word' id='word_1_689' title='bbox 1825 5335 2127 5406; x_wconf 50' lang='lat' dir='ltr'><strong>Clementis.</strong></span> <span class='ocrx_word' id='word_1_690' title='bbox 2172 5350 2394 5403; x_wconf 84' lang='lat' dir='ltr'><strong>Romani</strong></span> <span class='ocrx_word' id='word_1_691' title='bbox 2457 5349 2525 5400; x_wconf 89' lang='lat' dir='ltr'><strong>ad</strong></span> <span class='ocrx_word' id='word_1_692' title='bbox 2578 5347 2833 5400; x_wconf 75' lang='lat' dir='ltr'><strong>Iacobum</strong></span> <span class='ocrx_word' id='word_1_693' title='bbox 2887 5335 2962 5398; x_wconf 54' lang='lat' dir='ltr'><strong>de&#39;</strong></span> <span class='ocrx_word' id='word_1_694' title='bbox 3001 5335 3361 5417; x_wconf 76' lang='lat' dir='ltr'><strong>sacramentis</strong></span> <span class='ocrx_word' id='word_1_695' title='bbox 3409 5340 3660 5417; x_wconf 57' lang='lat' dir='ltr'><strong>Ecclesia.</strong></span> <span class='ocrx_word' id='word_1_696' title='bbox 3699 5335 3758 5417; x_wconf 61' lang='grc' dir='ltr'><strong>Ιιεξ</strong></span> 
     </span>
    </p>
   </div>
   <div class='ocr_carea' id='block_1_97' title="bbox 520 5417 3102 5541">
    <p class='ocr_par' dir='ltr' id='par_1_97' title="bbox 520 5417 3102 5541">
     <span class='ocr_line' id='line_1_97' title="bbox 520 5417 3102 5488; baseline -0.002 -16"><span class='ocrx_word' id='word_1_697' title='bbox 520 5417 872 5484; x_wconf 84' lang='lat' dir='ltr'><strong>Harduinus,</strong></span> <span class='ocrx_word' id='word_1_698' title='bbox 935 5419 1024 5488; x_wconf 91' lang='lat' dir='ltr'><strong>qui</strong></span> <span class='ocrx_word' id='word_1_699' title='bbox 1079 5434 1145 5474; x_wconf 84' lang='lat' dir='ltr'><strong>ex</strong></span> <span class='ocrx_word' id='word_1_700' title='bbox 1203 5419 1477 5488; x_wconf 71' lang='lat' dir='ltr'><strong>praedictis</strong></span> <span class='ocrx_word' id='word_1_701' title='bbox 1539 5418 1822 5475; x_wconf 83' lang='lat' dir='ltr'><strong>codicibus</strong></span> <span class='ocrx_word' id='word_1_702' title='bbox 1884 5424 1987 5477; x_wconf 88' lang='lat' dir='ltr'><strong>has</strong></span> <span class='ocrx_word' id='word_1_703' title='bbox 2046 5422 2320 5474; x_wconf 84' lang='lat' dir='ltr'><strong>variantes</strong></span> <span class='ocrx_word' id='word_1_704' title='bbox 2383 5420 2641 5473; x_wconf 87' lang='lat' dir='ltr'><strong>lectiones</strong></span> <span class='ocrx_word' id='word_1_705' title='bbox 2703 5417 3102 5469; x_wconf 75' lang='lat' dir='ltr'><strong>animadvertit.</strong></span> 
     </span>
     <span class='ocr_line' id='line_1_98' title="bbox 520 5487 3096 5541; baseline -0.001 0"><span class='ocrx_word' id='word_1_706' title='bbox 520 5488 718 5541; x_wconf 85' lang='lat' dir='ltr'><strong>Jacobo</strong></span> <span class='ocrx_word' id='word_1_707' title='bbox 769 5490 1101 5541; x_wconf 87' lang='lat' dir='ltr'><strong>charissima.</strong></span> <span class='ocrx_word' id='word_1_708' title='bbox 1213 5489 1257 5519; x_wconf 85' lang='grc'><strong>⁸⁰</strong></span> <span class='ocrx_word' id='word_1_709' title='bbox 1298 5488 1374 5541; x_wconf 91' lang='lat' dir='ltr'><strong>De</strong></span> <span class='ocrx_word' id='word_1_710' title='bbox 1411 5503 1628 5541; x_wconf 86' lang='lat' dir='ltr'><strong>consec.</strong></span> <span class='ocrx_word' id='word_1_711' title='bbox 1671 5491 1910 5541; x_wconf 85' lang='lat' dir='ltr'><strong>distinct.</strong></span> <span class='ocrx_word' id='word_1_712' title='bbox 1952 5491 2024 5541; x_wconf 81' lang='lat'><strong>2.</strong></span> <span class='ocrx_word' id='word_1_713' title='bbox 2067 5492 2255 5541; x_wconf 77' lang='lat' dir='ltr'><strong>Tribus</strong></span> <span class='ocrx_word' id='word_1_714' title='bbox 2298 5489 2565 5541; x_wconf 77' lang='lat' dir='ltr'><strong>aradibus.</strong></span> <span class='ocrx_word' id='word_1_715' title='bbox 2676 5489 2716 5519; x_wconf 76' lang='lat'><strong>&quot;</strong></span> <span class='ocrx_word' id='word_1_716' title='bbox 2762 5487 2957 5540; x_wconf 90' lang='lat' dir='ltr'><strong>llumb.</strong></span> <span class='ocrx_word' id='word_1_717' title='bbox 2998 5487 3096 5538; x_wconf 82' lang='lat' dir='ltr'><strong>adt:</strong></span> 
     </span>
    </p>
   </div>
   <div class='ocr_carea' id='block_1_98' title="bbox 1531 5505 2565 5542">
    <p class='ocr_par' dir='ltr' id='par_1_98' title="bbox 1531 5505 2565 5542">
     <span class='ocr_line' id='line_1_99' title="bbox 1531 5505 2565 5542; baseline 0 0"><span class='ocrx_word' id='word_1_718' title='bbox 1531 5505 1628 5542; x_wconf 72' lang='lat' dir='ltr'><strong>sec.</strong></span> <span class='ocrx_word' id='word_1_719' title='bbox 1671 5505 1910 5542; x_wconf 78' lang='lat' dir='ltr'><strong>GlSllllCl.</strong></span> <span class='ocrx_word' id='word_1_720' title='bbox 1952 5505 2024 5542; x_wconf 76' lang='lat'><strong>‘2.</strong></span> <span class='ocrx_word' id='word_1_721' title='bbox 2068 5505 2255 5542; x_wconf 71' lang='lat' dir='ltr'><strong>&#39;I&#39;rtous</strong></span> <span class='ocrx_word' id='word_1_722' title='bbox 2298 5505 2565 5542; x_wconf 73' lang='lat' dir='ltr'><strong>araawus.</strong></span> 
     </span>
    </p>
   </div>
   <div class='ocr_carea' id='block_1_99' title="bbox 876 5488 2103 5680">
    <p class='ocr_par' dir='ltr' id='par_1_99' title="bbox 876 5488 2103 5680">
     <span class='ocr_line' id='line_1_100' title="bbox 876 5488 2103 5556; baseline 0.002 -14"><span class='ocrx_word' id='word_1_723' title='bbox 876 5490 1101 5544; x_wconf 86' lang='lat' dir='ltr'><strong>rissimo.</strong></span> <span class='ocrx_word' id='word_1_724' title='bbox 1213 5489 1257 5519; x_wconf 86' lang='grc'><strong>⁸⁰</strong></span> <span class='ocrx_word' id='word_1_725' title='bbox 1298 5488 1374 5542; x_wconf 92' lang='lat' dir='ltr'><strong>De</strong></span> <span class='ocrx_word' id='word_1_726' title='bbox 1411 5503 1628 5543; x_wconf 85' lang='lat' dir='ltr'><strong>consec.</strong></span> <span class='ocrx_word' id='word_1_727' title='bbox 1671 5491 1910 5547; x_wconf 89' lang='lat' dir='ltr'><strong>distinct.</strong></span> <span class='ocrx_word' id='word_1_728' title='bbox 1952 5491 2024 5556; x_wconf 89' lang='lat'><strong>2,</strong></span> <span class='ocrx_word' id='word_1_729' title='bbox 2067 5492 2103 5545; x_wconf 81' lang='grc' dir='ltr'><strong><em>Ἰ</em></strong></span> 
     </span>
     <span class='ocr_line' id='line_1_101' title="bbox 876 5558 2056 5632; baseline -0.001 -17"><span class='ocrx_word' id='word_1_730' title='bbox 876 5560 920 5591; x_wconf 87' lang='grc'><em>³³</em></span> <span class='ocrx_word' id='word_1_731' title='bbox 957 5559 1089 5615; x_wconf 82' lang='lat' dir='ltr'><strong>Luc.</strong></span> <span class='ocrx_word' id='word_1_732' title='bbox 1133 5558 1254 5614; x_wconf 88' lang='lat' dir='ltr'><strong>cod.</strong></span> <span class='ocrx_word' id='word_1_733' title='bbox 1312 5559 1438 5629; x_wconf 86' lang='lat' dir='ltr'><strong>legit</strong></span> <span class='ocrx_word' id='word_1_734' title='bbox 1479 5578 1492 5612; x_wconf 89' lang='lat'><strong>:</strong></span> <span class='ocrx_word' id='word_1_735' title='bbox 1535 5569 1583 5612; x_wconf 90' lang='lat' dir='ltr'><strong>et</strong></span> <span class='ocrx_word' id='word_1_736' title='bbox 1640 5561 1686 5614; x_wconf 89' lang='lat' dir='ltr'><strong>si</strong></span> <span class='ocrx_word' id='word_1_737' title='bbox 1737 5563 2056 5632; x_wconf 75' lang='lat' dir='ltr'><strong>negligenter</strong></span> 
     </span>
     <span class='ocr_line' id='line_1_102' title="bbox 876 5628 2064 5680; baseline 0 0"><span class='ocrx_word' id='word_1_738' title='bbox 876 5631 1053 5680; x_wconf 76' lang='lat' dir='ltr'><strong>&#39;omini</strong></span> <span class='ocrx_word' id='word_1_739' title='bbox 1094 5628 1167 5680; x_wconf 88' lang='grc' dir='ltr'><strong>Ν.</strong></span> <span class='ocrx_word' id='word_1_740' title='bbox 1209 5629 1264 5680; x_wconf 92' lang='grc'><strong>.1.</strong></span> <span class='ocrx_word' id='word_1_741' title='bbox 1309 5630 1370 5680; x_wconf 80' lang='lat' dir='ltr'><strong>C.</strong></span> <span class='ocrx_word' id='word_1_742' title='bbox 1411 5630 1685 5680; x_wconf 78' lang='lat' dir='ltr'><strong>nresbuter</strong></span> <span class='ocrx_word' id='word_1_743' title='bbox 1719 5635 1926 5680; x_wconf 84' lang='lat' dir='ltr'><strong>minora</strong></span> <span class='ocrx_word' id='word_1_744' title='bbox 1966 5650 2064 5680; x_wconf 85' lang='lat' dir='ltr'><strong>mm</strong></span> 
     </span>
    </p>
   </div>
   <div class='ocr_carea' id='block_1_100' title="bbox 2207 5488 3759 5680">
    <p class='ocr_par' dir='ltr' id='par_1_100' title="bbox 2207 5488 3759 5680">
     <span class='ocr_line' id='line_1_103' title="bbox 2207 5488 3759 5560; baseline -0.003 -18"><span class='ocrx_word' id='word_1_745' title='bbox 2207 5509 2255 5542; x_wconf 77' lang='lat' dir='ltr'><strong>us</strong></span> <span class='ocrx_word' id='word_1_746' title='bbox 2297 5489 2565 5560; x_wconf 74' lang='lat' dir='ltr'><strong>gradibus.</strong></span> <span class='ocrx_word' id='word_1_747' title='bbox 2676 5489 2716 5519; x_wconf 80' lang='grc'><strong>³¹</strong></span> <span class='ocrx_word' id='word_1_748' title='bbox 2762 5488 2957 5540; x_wconf 86' lang='lat' dir='ltr'><strong>llumb.</strong></span> <span class='ocrx_word' id='word_1_749' title='bbox 2998 5488 3117 5539; x_wconf 79' lang='lat' dir='ltr'><strong>adv.</strong></span> <span class='ocrx_word' id='word_1_750' title='bbox 3159 5488 3446 5542; x_wconf 82' lang='lat' dir='ltr'><strong>Nicetam.</strong></span> <span class='ocrx_word' id='word_1_751' title='bbox 3559 5488 3759 5557; x_wconf 61' lang='grc'><strong>³³1991³0·</strong></span> 
     </span>
     <span class='ocr_line' id='line_1_104' title="bbox 2207 5548 3759 5630; baseline -0.01 -16"><span class='ocrx_word' id='word_1_752' title='bbox 2207 5563 2310 5614; x_wconf 88' lang='lat' dir='ltr'><strong>ndo</strong></span> <span class='ocrx_word' id='word_1_753' title='bbox 2364 5562 2657 5630; x_wconf 83' lang='lat' dir='ltr'><strong>portionem</strong></span> <span class='ocrx_word' id='word_1_754' title='bbox 2713 5559 2945 5627; x_wconf 81' lang='lat' dir='ltr'><strong>corporis</strong></span> <span class='ocrx_word' id='word_1_755' title='bbox 2987 5563 3207 5623; x_wconf 86' lang='lat' dir='ltr'><strong>(manus</strong></span> <span class='ocrx_word' id='word_1_756' title='bbox 3250 5559 3487 5623; x_wconf 82' lang='lat' dir='ltr'><strong>antiqua</strong></span> <span class='ocrx_word' id='word_1_757' title='bbox 3539 5551 3674 5605; x_wconf 84' lang='lat' dir='ltr'><strong>addit</strong></span> <span class='ocrx_word' id='word_1_758' title='bbox 3722 5548 3759 5593; x_wconf 73' lang='lat' dir='ltr'><strong>tl</strong></span> 
     </span>
     <span class='ocr_line' id='line_1_105' title="bbox 2207 5623 3759 5680; baseline -0.005 0"><span class='ocrx_word' id='word_1_759' title='bbox 2207 5643 2278 5680; x_wconf 87' lang='lat' dir='ltr'><strong>at-</strong></span> <span class='ocrx_word' id='word_1_760' title='bbox 2321 5644 2423 5680; x_wconf 74' lang='lat' dir='ltr'><strong>etc.</strong></span> <span class='ocrx_word' id='word_1_761' title='bbox 2537 5632 2581 5662; x_wconf 67' lang='grc'>³⁵</span> <span class='ocrx_word' id='word_1_762' title='bbox 2611 5645 2884 5680; x_wconf 77' lang='lat' dir='ltr'><strong>nercussus</strong></span> <span class='ocrx_word' id='word_1_763' title='bbox 2922 5643 2988 5680; x_wconf 80' lang='lat' dir='ltr'><strong>ex</strong></span> <span class='ocrx_word' id='word_1_764' title='bbox 3028 5642 3072 5680; x_wconf 92' lang='lat' dir='ltr'><strong>c.</strong></span> <span class='ocrx_word' id='word_1_765' title='bbox 3117 5623 3265 5680; x_wconf 83' lang='lat' dir='ltr'><strong>Just.</strong></span> <span class='ocrx_word' id='word_1_766' title='bbox 3387 5629 3431 5659; x_wconf 81' lang='grc'><strong>³⁸</strong></span> <span class='ocrx_word' id='word_1_767' title='bbox 3470 5626 3544 5679; x_wconf 89' lang='lat' dir='ltr'><strong>De</strong></span> <span class='ocrx_word' id='word_1_768' title='bbox 3575 5628 3759 5676; x_wconf 62' lang='lat' dir='ltr'><strong>constt.</strong></span> 
     </span>
    </p>
   </div>
   <div class='ocr_carea' id='block_1_101' title="bbox 1675 5643 2423 5685">
    <p class='ocr_par' dir='ltr' id='par_1_101' title="bbox 1675 5643 2423 5685">
     <span class='ocr_line' id='line_1_106' title="bbox 1675 5643 2423 5685; baseline 0.003 -2"><span class='ocrx_word' id='word_1_769' title='bbox 1675 5648 1685 5659; x_wconf 87' lang='lat'><strong>&#39;</strong></span> <span class='ocrx_word' id='word_1_770' title='bbox 1719 5649 1926 5685; x_wconf 84' lang='lat' dir='ltr'><strong>mmora</strong></span> <span class='ocrx_word' id='word_1_771' title='bbox 1966 5650 2064 5685; x_wconf 70' lang='grc'><strong><em>11011</em></strong></span> <span class='ocrx_word' id='word_1_772' title='bbox 2107 5643 2278 5685; x_wconf 85' lang='lat' dir='ltr'><strong>curat.</strong></span> <span class='ocrx_word' id='word_1_773' title='bbox 2321 5644 2423 5685; x_wconf 62' lang='grc' dir='ltr'><strong>ριν.</strong></span> 
     </span>
    </p>
   </div>
   <div class='ocr_carea' id='block_1_102' title="bbox 519 5639 2542 5771">
    <p class='ocr_par' dir='ltr' id='par_1_102' title="bbox 519 5639 2542 5771">
     <span class='ocr_line' id='line_1_107' title="bbox 520 5639 2542 5699; baseline 0.002 -18"><span class='ocrx_word' id='word_1_774' title='bbox 520 5639 1052 5699; x_wconf 79' lang='lat' dir='ltr'><strong>sanguinis)l)omint</strong></span> <span class='ocrx_word' id='word_1_775' title='bbox 1094 5639 1167 5682; x_wconf 80' lang='lat' dir='ltr'><strong>IV.</strong></span> <span class='ocrx_word' id='word_1_776' title='bbox 1209 5639 1264 5682; x_wconf 82' lang='lat' dir='ltr'><strong>J.</strong></span> <span class='ocrx_word' id='word_1_777' title='bbox 1309 5639 1370 5684; x_wconf 73' lang='lat' dir='ltr'><strong>(J.</strong></span> <span class='ocrx_word' id='word_1_778' title='bbox 1411 5639 1685 5699; x_wconf 84' lang='lat' dir='ltr'><strong>presbyter</strong></span> <span class='ocrx_word' id='word_1_779' title='bbox 1719 5639 1926 5686; x_wconf 83' lang='lat' dir='ltr'><strong>minora</strong></span> <span class='ocrx_word' id='word_1_780' title='bbox 1966 5650 2064 5687; x_wconf 89' lang='lat' dir='ltr'><strong>non</strong></span> <span class='ocrx_word' id='word_1_781' title='bbox 2107 5643 2278 5695; x_wconf 85' lang='lat' dir='ltr'><strong>curat,</strong></span> <span class='ocrx_word' id='word_1_782' title='bbox 2321 5644 2423 5685; x_wconf 74' lang='lat' dir='ltr'><strong>etc.</strong></span> <span class='ocrx_word' id='word_1_783' title='bbox 2537 5639 2542 5661; x_wconf 77' lang='grc'><em>⁴</em></span> 
     </span>
     <span class='ocr_line' id='line_1_108' title="bbox 519 5698 2542 5771; baseline 0.003 -21"><span class='ocrx_word' id='word_1_784' title='bbox 519 5701 762 5771; x_wconf 82' lang='lat' dir='ltr'><strong>distinct.</strong></span> <span class='ocrx_word' id='word_1_785' title='bbox 787 5703 841 5766; x_wconf 88' lang='lat'><strong>2,</strong></span> <span class='ocrx_word' id='word_1_786' title='bbox 875 5700 1060 5756; x_wconf 86' lang='lat' dir='ltr'><strong>Tribus</strong></span> <span class='ocrx_word' id='word_1_787' title='bbox 1088 5700 1360 5771; x_wconf 78' lang='lat' dir='ltr'><strong>gradibus,</strong></span> <span class='ocrx_word' id='word_1_788' title='bbox 1394 5701 1478 5758; x_wconf 83' lang='lat' dir='ltr'><strong>vel</strong></span> <span class='ocrx_word' id='word_1_789' title='bbox 1511 5698 1678 5757; x_wconf 88' lang='lat' dir='ltr'><strong>Tanta</strong></span> <span class='ocrx_word' id='word_1_790' title='bbox 1709 5704 1780 5758; x_wconf 86' lang='lat' dir='ltr'><strong>in.</strong></span> <span class='ocrx_word' id='word_1_791' title='bbox 1811 5702 1878 5760; x_wconf 81' lang='lat' dir='ltr'><strong>Et</strong></span> <span class='ocrx_word' id='word_1_792' title='bbox 1910 5705 1963 5760; x_wconf 90' lang='lat' dir='ltr'><strong>in</strong></span> <span class='ocrx_word' id='word_1_793' title='bbox 1993 5704 2197 5760; x_wconf 79' lang='lat' dir='ltr'><strong>Dccrct.</strong></span> <span class='ocrx_word' id='word_1_794' title='bbox 2234 5703 2339 5760; x_wconf 84' lang='lat' dir='ltr'><strong>lvo.</strong></span> <span class='ocrx_word' id='word_1_795' title='bbox 2379 5703 2469 5758; x_wconf 90' lang='lat' dir='ltr'><strong>lib.</strong></span> <span class='ocrx_word' id='word_1_796' title='bbox 2506 5719 2542 5757; x_wconf 86' lang='lat' dir='ltr'><strong>t.</strong></span> 
     </span>
    </p>
   </div>
   <div class='ocr_carea' id='block_1_103' title="bbox 519 5488 1101 5544">
    <p class='ocr_par' dir='ltr' id='par_1_103' title="bbox 519 5488 1101 5544">
     <span class='ocr_line' id='line_1_109' title="bbox 519 5488 1101 5544; baseline 0.003 -2"><span class='ocrx_word' id='word_1_797' title='bbox 519 5488 718 5544; x_wconf 84' lang='lat' dir='ltr'><strong>Jacobo</strong></span> <span class='ocrx_word' id='word_1_798' title='bbox 769 5490 1101 5544; x_wconf 86' lang='lat' dir='ltr'><strong>charissima.</strong></span> 
     </span>
    </p>
   </div>
   <div class='ocr_carea' id='block_1_104' title="bbox 520 5561 764 5614">
    <p class='ocr_par' dir='ltr' id='par_1_104' title="bbox 520 5561 764 5614">
     <span class='ocr_line' id='line_1_110' title="bbox 520 5561 764 5614; baseline 0.012 -3"><span class='ocrx_word' id='word_1_799' title='bbox 520 5561 764 5614; x_wconf 89' lang='lat' dir='ltr'><strong>diacono.</strong></span> 
     </span>
    </p>
   </div>
   <div class='ocr_carea' id='block_1_105' title="bbox 520 5624 1370 5699">
    <p class='ocr_par' dir='ltr' id='par_1_105' title="bbox 520 5624 1370 5699">
     <span class='ocr_line' id='line_1_111' title="bbox 520 5624 1370 5699; baseline 0.004 -18"><span class='ocrx_word' id='word_1_800' title='bbox 520 5624 1053 5699; x_wconf 83' lang='lat' dir='ltr'><strong>sanquinis)Domini</strong></span> <span class='ocrx_word' id='word_1_801' title='bbox 1094 5628 1167 5682; x_wconf 88' lang='grc' dir='ltr'><strong>Ν.</strong></span> <span class='ocrx_word' id='word_1_802' title='bbox 1209 5629 1264 5682; x_wconf 86' lang='lat' dir='ltr'><strong>J.</strong></span> <span class='ocrx_word' id='word_1_803' title='bbox 1309 5624 1370 5684; x_wconf 62' lang='grc' dir='ltr'><strong>(λέ</strong></span> 
     </span>
    </p>
   </div>
   <div class='ocr_carea' id='block_1_106' title="bbox 520 5769 919 5827">
    <p class='ocr_par' dir='ltr' id='par_1_106' title="bbox 520 5769 919 5827">
     <span class='ocr_line' id='line_1_112' title="bbox 520 5769 919 5827; baseline 0.003 -2"><span class='ocrx_word' id='word_1_804' title='bbox 520 5769 660 5827; x_wconf 85' lang='lat' dir='ltr'><strong>loco.</strong></span> <span class='ocrx_word' id='word_1_805' title='bbox 737 5771 780 5802; x_wconf 75' lang='grc'><strong>³⁸</strong></span> <span class='ocrx_word' id='word_1_806' title='bbox 811 5787 919 5826; x_wconf 83' lang='lat' dir='ltr'><strong>nec.</strong></span> 
     </span>
    </p>
   </div>
   <div class='ocr_carea' id='block_1_107' title="bbox 3219 5408 3764 5472">
    <p class='ocr_par' dir='ltr' id='par_1_107' title="bbox 3219 5408 3764 5472">
     <span class='ocr_line' id='line_1_113' title="bbox 3219 5408 3764 5472; baseline -0.033 -2"><span class='ocrx_word' id='word_1_807' title='bbox 3219 5417 3266 5448; x_wconf 81' lang='grc'><strong>²⁹</strong></span> <span class='ocrx_word' id='word_1_808' title='bbox 3309 5416 3376 5472; x_wconf 87' lang='lat' dir='ltr'><strong>C.</strong></span> <span class='ocrx_word' id='word_1_809' title='bbox 3444 5415 3508 5468; x_wconf 87' lang='lat' dir='ltr'><strong>H.</strong></span> <span class='ocrx_word' id='word_1_810' title='bbox 3551 5408 3764 5468; x_wconf 77' lang='lat' dir='ltr'><strong>Clemens</strong></span> 
     </span>
    </p>
   </div>
   <div class='ocr_carea' id='block_1_108' title="bbox 2676 5479 3759 5544">
    <p class='ocr_par' dir='ltr' id='par_1_108' title="bbox 2676 5479 3759 5544">
     <span class='ocr_line' id='line_1_114' title="bbox 2676 5479 3759 5544; baseline 0.001 -5"><span class='ocrx_word' id='word_1_811' title='bbox 2676 5489 2716 5519; x_wconf 79' lang='grc'><strong>³¹</strong></span> <span class='ocrx_word' id='word_1_812' title='bbox 2762 5487 2957 5540; x_wconf 90' lang='lat' dir='ltr'><strong>llumb.</strong></span> <span class='ocrx_word' id='word_1_813' title='bbox 2998 5487 3117 5539; x_wconf 79' lang='lat' dir='ltr'><strong>adv.</strong></span> <span class='ocrx_word' id='word_1_814' title='bbox 3159 5483 3446 5542; x_wconf 81' lang='lat' dir='ltr'><strong>Nicetam.</strong></span> <span class='ocrx_word' id='word_1_815' title='bbox 3559 5484 3600 5514; x_wconf 83' lang='lat'><strong><em>”</em></strong></span> <span class='ocrx_word' id='word_1_816' title='bbox 3627 5479 3759 5544; x_wconf 61' lang='lat' dir='ltr'><strong>MPO‘</strong></span> 
     </span>
    </p>
   </div>
   <div class='ocr_carea' id='block_1_109' title="bbox 3387 5626 3759 5679">
    <p class='ocr_par' dir='ltr' id='par_1_109' title="bbox 3387 5626 3759 5679">
     <span class='ocr_line' id='line_1_115' title="bbox 3387 5626 3759 5679; baseline -0.008 -4"><span class='ocrx_word' id='word_1_817' title='bbox 3387 5629 3431 5659; x_wconf 77' lang='grc'><strong>³⁸</strong></span> <span class='ocrx_word' id='word_1_818' title='bbox 3470 5626 3544 5679; x_wconf 89' lang='lat' dir='ltr'><strong>De</strong></span> <span class='ocrx_word' id='word_1_819' title='bbox 3575 5628 3759 5676; x_wconf 62' lang='lat' dir='ltr'><strong>constt.</strong></span> 
     </span>
    </p>
   </div>
   <div class='ocr_carea' id='block_1_110' title="bbox 2537 5623 3741 5751">
    <p class='ocr_par' dir='ltr' id='par_1_110' title="bbox 2537 5623 3741 5751">
     <span class='ocr_line' id='line_1_116' title="bbox 2537 5623 3741 5702; baseline -0.011 -18"><span class='ocrx_word' id='word_1_820' title='bbox 2537 5632 2581 5662; x_wconf 70' lang='grc'>³⁵</span> <span class='ocrx_word' id='word_1_821' title='bbox 2610 5623 2884 5702; x_wconf 79' lang='lat' dir='ltr'><strong>percussus</strong></span> <span class='ocrx_word' id='word_1_822' title='bbox 2922 5643 2988 5682; x_wconf 79' lang='lat' dir='ltr'><strong>ex</strong></span> <span class='ocrx_word' id='word_1_823' title='bbox 3028 5642 3072 5680; x_wconf 93' lang='lat' dir='ltr'><strong>c.</strong></span> <span class='ocrx_word' id='word_1_824' title='bbox 3117 5623 3265 5683; x_wconf 78' lang='lat' dir='ltr'><strong>Just.</strong></span> <span class='ocrx_word' id='word_1_825' title='bbox 3387 5629 3431 5659; x_wconf 80' lang='grc'><strong>³⁸</strong></span> <span class='ocrx_word' id='word_1_826' title='bbox 3470 5626 3544 5679; x_wconf 89' lang='lat' dir='ltr'><strong>De</strong></span> <span class='ocrx_word' id='word_1_827' title='bbox 3575 5628 3741 5691; x_wconf 58' lang='lat' dir='ltr'><strong>constt</strong></span> 
     </span>
     <span class='ocr_line' id='line_1_117' title="bbox 2537 5695 3741 5751; baseline -0.002 0"><span class='ocrx_word' id='word_1_828' title='bbox 2537 5741 2542 5751; x_wconf 89' lang='lat'><strong>.</strong></span> <span class='ocrx_word' id='word_1_829' title='bbox 2622 5703 2664 5732; x_wconf 76' lang='grc'><strong>³⁸</strong></span> <span class='ocrx_word' id='word_1_830' title='bbox 2693 5699 2794 5751; x_wconf 76' lang='lat' dir='ltr'><strong>Ms.</strong></span> <span class='ocrx_word' id='word_1_831' title='bbox 2835 5699 2898 5751; x_wconf 78' lang='lat' dir='ltr'><strong>fit</strong></span> <span class='ocrx_word' id='word_1_832' title='bbox 2930 5697 3249 5751; x_wconf 75' lang='lat' dir='ltr'><strong>crastinum.</strong></span> <span class='ocrx_word' id='word_1_833' title='bbox 3353 5698 3396 5729; x_wconf 85' lang='grc'>³⁷</span> <span class='ocrx_word' id='word_1_834' title='bbox 3434 5695 3650 5751; x_wconf 78' lang='lat' dir='ltr'><strong>llumb..</strong></span> <span class='ocrx_word' id='word_1_835' title='bbox 3685 5696 3741 5740; x_wconf 73' lang='lat' dir='ltr'><strong>Cll</strong></span> 
     </span>
    </p>
   </div>
   <div class='ocr_carea' id='block_1_111' title="bbox 3487 5710 3759 5758">
    <p class='ocr_par' dir='ltr' id='par_1_111' title="bbox 3487 5710 3759 5758">
     <span class='ocr_line' id='line_1_118' title="bbox 3487 5710 3759 5758; baseline -0.015 -6"><span class='ocrx_word' id='word_1_836' title='bbox 3487 5710 3650 5758; x_wconf 78' lang='grc' dir='ltr'>υιιιο..</span> <span class='ocrx_word' id='word_1_837' title='bbox 3685 5710 3759 5740; x_wconf 67' lang='grc' dir='ltr'>(ιι-</span> 
     </span>
    </p>
   </div>
   <div class='ocr_carea' id='block_1_112' title="bbox 2622 5697 3249 5754">
    <p class='ocr_par' dir='ltr' id='par_1_112' title="bbox 2622 5697 3249 5754">
     <span class='ocr_line' id='line_1_119' title="bbox 2622 5697 3249 5754; baseline 0 0"><span class='ocrx_word' id='word_1_838' title='bbox 2622 5703 2664 5732; x_wconf 59' lang='lat'><strong>3°</strong></span> <span class='ocrx_word' id='word_1_839' title='bbox 2693 5699 2794 5754; x_wconf 75' lang='lat' dir='ltr'><strong>Ms.</strong></span> <span class='ocrx_word' id='word_1_840' title='bbox 2835 5699 2898 5752; x_wconf 77' lang='lat' dir='ltr'><strong>lit</strong></span> <span class='ocrx_word' id='word_1_841' title='bbox 2930 5697 3249 5754; x_wconf 75' lang='lat' dir='ltr'><strong>crastinum.</strong></span> 
     </span>
    </p>
   </div>
  </div>
