3900 6334
156 340 164 342 ”
223 333 318 389 485

1393 335 1750 392 EPISTOLE
1791 335 2262 392 DECRETAIJ‘IS.

3340 339 3444 393 486

215 446 367 504 tertia
398 447 483 504 vel
512 455 704 518 (parta
733 449 868 505 hora
887 455 1217 526 acceperint,
1237 455 1484 525 jejunent
1510 469 1682 524 usque
1708 451 1774 506 ad
1803 458 1847 514 A
1877 460 2071 518 sceret,
2101 453 2146 508 si
2177 452 2412 507 mundus
2436 461 2580 508 esset
2608 468 2637 506 a
2667 452 2912 518 muliere,
2938 468 3062 508 cum
3091 469 3150 510 se
3181 455 3444 511 mundum

212 549 514 608 vesperam.
554 537 644 594 Sic
665 551 876 595 secreta
908 545 1337 599 sanctiﬁcatione
1359 554 1558 600 aeterna
1586 552 1773 600 custo-

209 630 406 684 dienda
449 639 578 684 sunt
617 641 978 689 sacramenta.
1013 634 1088 690 De
1118 637 1265 692 vasis
1301 652 1432 692 sane
1475 636 1649 692 sacris
1697 636 1772 690 ita

207 719 502 789 gerendum
545 728 630 776 est
662 737 676 774 :
709 722 913 779 Altaris
959 727 1130 795 palla,
1173 728 1431 782 cathedra
1466 728 1532 793 ”,
1566 727 1768 782 cande-

206 811 418 864 labrum
447 820 502 866 et
541 813 755 881 velum,
790 816 834 871 si
872 816 1074 871 fuerint
1118 826 1386 875 vetustate
1423 828 1769 888 consumpta,

205 902 456 956 incendio
487 901 700 971 dentur,
727 907 986 975 quoniam
1017 923 1126 962 non
1165 909 1292 964 licet
1315 923 1380 963 ea
1405 924 1523 978 qum
1548 909 1600 962 in
1641 923 1769 963 san-

203 992 416 1046 ctuario
444 991 664 1062 fuerint,
691 997 832 1051 male
859 999 1103 1065 tractari,
1127 999 1221 1054 sed
1245 999 1494 1054 incendio
1519 998 1769 1053 universa

202 1082 510 1140 tradantur.
562 1086 789 1143 Cineres
834 1104 1052 1161 quoque
1107 1106 1296 1145 eorum
1341 1092 1397 1144 in
1449 1091 1768 1159 baptisterio

198 1175 545 1242 inferantur,
581 1179 673 1232 ubi
720 1180 902 1235 nullus
954 1182 1244 1236 transitum
1291 1181 1507 1244 habeat,
1564 1188 1658 1234 aut
1712 1181 1768 1235 in

198 1268 427 1338 pariete,
454 1278 548 1323 aut
588 1269 644 1324 in
697 1270 862 1327 fossis
893 1273 1326 1342 pavimentorum
1368 1274 1665 1343 jactentur,
1700 1290 1768 1329 ne

197 1361 599 1414 introeuntium
644 1361 874 1430 pedibus
930 1363 1300 1433 inquinentur.
1357 1362 1527 1418 Nemo
1581 1379 1677 1433 per
1721 1363 1767 1393 ⁸⁸

197 1452 568 1521 ignorantiam
601 1452 834 1508 clericus
864 1454 1006 1525 palla
1038 1463 1312 1509 mortuum
1355 1454 1540 1509 credat
1579 1454 1768 1508 obvol-

193 1544 458 1607 vendum,
512 1550 607 1598 aut
649 1544 912 1602 diaconus
964 1548 1217 1618 scapulas
1269 1548 1482 1618 Operire
1521 1547 1652 1602 velit
1697 1547 1762 1611 δι,

193 1648 308 1702 qua:
340 1633 451 1687 fuit
482 1636 537 1690 in
570 1637 746 1702 altari,
784 1645 876 1692 aut
911 1646 1059 1694 certe
1093 1656 1213 1710 quae
1237 1640 1361 1694 data
1399 1647 1482 1694 est
1524 1639 1578 1693 in
1613 1655 1767 1693 men-

195 1740 302 1779 sam
339 1729 390 1757 "
431 1726 665 1783 Domini.
691 1730 794 1794 Qui
835 1731 948 1785 haec
977 1731 1198 1798 fecerit,
1240 1732 1324 1787 vel
1375 1732 1567 1787 leviter
1605 1731 1761 1801 quasi

1873 551 1999 598 ante
2067 544 2307 598 triduum
2374 543 2757 613 proﬁteretur,
2816 560 2984 614 panes
3051 546 3442 615 propositionis

1871 638 2236 692 manducavit.

1941 730 1985 767 ⁵⁷
2024 729 2104 783 Ad
2137 728 2420 783 Domimca
2451 735 2630 783 autem
2676 730 2938 800 mysteria
2974 729 3110 785 tales
3145 731 3436 801 eligantur,

1870 821 1916 853 ⁸⁸
1937 823 2030 892 qui
2061 829 2186 876 ante
2225 822 2629 876 ordinationem
2662 837 2819 876 suam
2864 823 3126 892 conjuges
3172 840 3301 879 suas
3330 839 3439 878 non

1870 913 2119 967 noverint
2148 912 2214 967 ³³.
2259 911 2416 978 Quod
2464 913 2510 967 si
2549 922 2671 982 post
2719 913 3150 978 ordinationem,
3183 917 3437 990 ministro

1870 1003 2059 1058 altaris
2093 1005 2387 1076 contigerit
2420 1004 2702 1075 proprium
2727 1004 2985 1060 invadere
3017 1006 3196 1061 cubile
3226 1011 3432 1072 uxoris,

1868 1094 2096 1148 sacrarii
2138 1111 2246 1150 non
2296 1097 2462 1151 intret
2509 1096 2718 1162 limina,
2764 1112 2864 1151 nec
2911 1098 3167 1153 sacriﬁcii
3204 1102 3436 1170 portitor

1868 1185 1982 1252 ﬁat,
2015 1203 2115 1243 nec
2153 1189 2321 1243 altare
2349 1189 2647 1259 contingat,
2682 1205 2782 1244 nec
2809 1191 2877 1244 ab
2903 1191 3252 1249 offerentibus
3283 1195 3435 1250 holo-

1868 1279 2043 1334 cansti
2079 1279 2411 1334 oblationem
2436 1281 2720 1350 suscipiat,
2765 1297 2865 1335 nec
2905 1284 2969 1336 ad
3017 1283 3282 1340 Dominici
3313 1303 3434 1341 cor-

1867 1370 2017 1440 poris
2047 1370 2407 1440 portationem
2431 1371 2475 1401 ⁶⁰
2512 1371 2756 1435 accedat,
2815 1388 2915 1427 nec
2943 1374 2986 1404 “
3023 1390 3218 1444 aquam
3251 1392 3433 1432 sacer-

1867 1460 2085 1515 dotibus
2137 1461 2378 1532 porrigat
2422 1462 2489 1516 ad
2541 1477 2759 1517 manus.
2809 1461 2962 1518 Ostia
3001 1465 3070 1495 δί’
3125 1465 3432 1524 forinsecus

1866 1554 2104 1617 claudat,
2137 1555 2351 1608 minora
2385 1563 2538 1624 gerat
2563 1554 2760 1619 oﬁicia,
2803 1572 3026 1611 urceum
3059 1558 3174 1612 sive
3203 1560 3428 1616 calicem

1866 1645 1932 1698 ad
1962 1646 2133 1700 altare
2184 1662 2294 1700 non
2328 1646 2551 1702 sufferat
2582 1648 2649 1702 θ’.
2682 1646 2737 1701 Si
2787 1647 2927 1703 forte
2975 1650 3244 1720 quispiam
3300 1667 3427 1721 pre-

1866 1738 2072 1808 sbyter,
2107 1739 2220 1793 sive
2248 1739 2534 1803 diaconus,
2568 1741 2794 1795 sacrarii
2823 1741 3106 1796 sindonem
3127 1744 3210 1798 vel
3225 1746 3424 1810 velum,

193 1816 328 1870 nihil
380 1825 436 1871 et
479 1818 818 1889 negligenter
863 1821 1116 1876 habuerit
1161 1823 1344 1877 divina
1389 1800 1648 1894 mysteria
1697 1822 1761 1887 ".
1795 1800 1837 1855 Β
1867 1800 2149 1886 subtracta
2179 1830 2504 1894 vendiderit,
2523 1800 2738 1886 i'Judaz
2763 1830 3042 1888 lscariotis
3067 1835 3264 1890 similis
3289 1800 3432 1890 aesti;

189 1908 462 1965 diaconus
533 1912 791 1976 triennio,
849 1929 1051 1984 sexque
1097 1915 1377 1969 mensibus
1422 1930 1452 1968 a
1486 1913 1765 1968 Dominico

192 2003 408 2058 alienus
459 2005 566 2059 erit
617 2007 810 2074 altari,
861 2007 1013 2077 gravi
1051 2022 1348 2078 percussus
1394 2008 1760 2060 anathemate.

192 2097 346 2164 Quod
395 2099 443 2152 si
485 2099 744 2154 clericum
787 2102 1069 2172 presbyter
1119 2115 1226 2155 non
1275 2099 1760 2165 commonuerit“,

192 2187 380 2244 decem
413 2190 574 2245 annis
598 2197 651 2245 et
681 2191 921 2261 quinque
949 2191 1231 2246 mensibus
1259 2191 1762 2245 excommunicatus

191 2282 298 2346 sit;
330 2291 620 2352 propterea
649 2283 795 2352 quod
825 2283 890 2338 de
920 2281 1222 2338 Dominicis
1254 2283 1612 2338 sacramentis
1637 2285 1764 2339 sub-

188 2372 339 2441 jecta
389 2372 485 2426 sibi
534 2388 645 2428 non
689 2373 1085 2429 commonuerit
1130 2373 1456 2438 ministeria,
1489 2383 1544 2429 et
1572 2383 1760 2443 postea

193 2477 323 2518 cum
356 2465 554 2535 grandi
595 2463 899 2521 humilitate
941 2465 1103 2519 matri
1152 2465 1537 2522 reconcilietur
1569 2463 1759 2522 Eccle-

190 2555 305 2611 sie.
342 2556 392 2586 "
413 2554 590 2610 Pallas
611 2571 740 2610 vero
775 2567 829 2612 et
864 2557 1018 2623 vela,
1050 2572 1171 2627 quae
1211 2557 1265 2610 in
1299 2559 1597 2612 sanctuarii
1636 2574 1760 2615 sor-

191 2647 376 2702 didata
410 2648 612 2703 fuerint
657 2649 981 2715 ministerio,
1035 2649 1253 2704 diaconi
1297 2665 1423 2704 cum
1465 2651 1760 2710 humilibus

189 2741 464 2796 ministris
502 2741 659 2811 juxta
689 2741 734 2773 “
765 2743 1064 2797 sacrarium
1097 2743 1310 2808 lavent,
1340 2759 1449 2798 non
1478 2745 1758 2815 ejicientes

189 2830 336 2887 foras
389 2847 420 2886 a
467 2834 708 2888 sacrario
749 2835 1018 2889 velamina
1069 2833 1364 2890 Dominicze
1407 2852 1642 2901 mensae,
1691 2853 1759 2895 ne

188 2925 324 2980 forte
353 2927 535 2996 pulvis
573 2925 839 2982 Dominici
872 2927 1119 2998 corporis
1165 2929 1308 2983 male
1334 2928 1551 2984 decidat
1578 2946 1608 2983 a
1643 2931 1759 2986 sin-

187 3016 324 3073 done
356 3017 498 3072 foris
524 3018 730 3084 abluta,
761 3026 816 3074 et
845 3019 951 3074 erit
988 3019 1104 3073 baic
1142 3021 1390 3090 operanti
1421 3029 1703 3091 peccatum
1739 3041 1752 3077 τ

1864 1923 2103 1978 mabitur
2144 1923 2208 1977 “.
2260 1924 2365 1988 Qui
2411 1933 2634 1994 propter
2688 1925 3041 1994 cupiditatem
3093 1927 3280 1982 fecerit
3325 1929 3431 1983 hoc

1863 2027 2023 2082 opus,
2062 2014 2274 2068 noverit
2303 2029 2362 2068 se
2394 2014 2692 2084 supradicti
2722 2014 2874 2069 Judze
2917 2025 3296 2086 suscepturum
3321 2035 3432 2088 pm-

1863 2119 1990 2157 nam
2020 2104 2084 2158 ⁶⁵.
2109 2102 2354 2159 Clericus
2401 2120 2531 2159 vero
2571 2105 2724 2160 solus
2756 2106 2823 2160 ad
2863 2105 3076 2161 feminae
3105 2109 3430 2164 tabernacu-

1861 2197 1974 2250 lum
2006 2211 2115 2250 non
2153 2195 2398 2261 accedat,
2429 2211 2532 2251 nec
2563 2205 2838 2267 properet,
2883 2197 3000 2252 sine
3042 2200 3268 2268 majoris
3298 2210 3427 2254 natu

1862 2288 2126 2360 principis
2160 2288 2429 2357 jussione.
2460 2288 2503 2318 “
2533 2288 2643 2343 Nec
2666 2290 2947 2360 presbyter
2979 2291 3129 2346 solus
3154 2306 3277 2344 cum
3311 2292 3425 2346 sola

1862 2379 2208 2448 adjungatur,
2259 2377 2354 2432 sed
2395 2377 2611 2432 duobus
2661 2377 2914 2432 adductis
2961 2378 3193 2434 testibus
3243 2380 3426 2434 visitet

1861 2471 2152 2525 inﬁrmam.
2177 2469 2287 2525 Nec
2327 2470 2478 2526 solus
2519 2484 2655 2524 cum
2683 2468 2800 2523 sola
2832 2466 3033 2521 femina
3064 2467 3277 2524 fabulas
3317 2471 3423 2524 mi-

1861 2570 2030 2618 sceat.
2057 2564 2099 2597 ⁸⁷
2130 2562 2240 2617 Nec
2263 2561 2683 2615 archidiaconus
2725 2568 2817 2613 aut
2849 2559 3136 2625 diaconus,
3170 2562 3272 2616 sub
3293 2577 3425 2631 prae-

1861 2666 2010 2712 textu
2065 2655 2224 2712 ofﬁcii
2278 2655 2604 2709 humilitatis
2657 2654 2736 2718 ⁸⁸,
2786 2653 3098 2722 frequenter
3149 2653 3422 2713 domicilia

1861 2761 2254 2817 matronarum,
2283 2757 2376 2804 aut
2409 2749 2550 2803 forte
2586 2763 2681 2817 per
2709 2747 2940 2802 clericos
2966 2753 3058 2799 aut
3093 2746 3424 2805 domesticos

1857 2851 1998 2921 ejus,
2025 2857 2288 2903 matronae
2312 2846 2569 2900 mandent
2595 2845 2787 2899 secreti
2819 2843 2864 2875 “
2893 2843 3118 2912 aliquid.
3147 2842 3202 2896 Si
3233 2843 3424 2912 cogni-

1857 2953 1971 2999 tum
2008 2942 2191 3008 fuerit,
2240 2947 2294 2995 et
2350 2938 2439 2994 ille
2487 2937 2810 3006 deponatur,
2861 2943 2915 2991 et
2957 2935 3048 2988 illa
3077 2950 3109 2988 a
3143 2935 3423 2991 liminibus

1858 3043 2109 3091 arceatur
2137 3031 2410 3086 Ecclesiae.
2456 3028 2561 3084 Sed
2605 3028 2651 3083 si
2695 3027 2834 3082 forte
2877 3027 3057 3096 aliqua
3100 3026 3422 3082 intercessio

187 3107 394 3165 idcirco
431 3111 579 3165 intra
610 3111 912 3166 sacrarium
944 3111 1210 3168 ministris
1239 3113 1604 3184 praecipimus,
1637 3115 1751 3169 haec
1778 3139 1819 3196 ο
1853 3128 2034 3194 fuerit,
2065 3125 2322 3195 episcopo
2346 3127 2684 3192 suggeratur.
2715 3118 2781 3171 Et
2811 3119 2854 3173 si
2886 3118 3010 3173 talis
3037 3125 3139 3180 est,
3171 3117 3237 3170 ad
3259 3133 3421 3187 quam

189 3211 379 3258 sancta
409 3204 452 3234 ⁸⁷
485 3218 608 3259 cum
637 3203 915 3273 diligentia
954 3203 1588 3276 custodire.Sanepelvis
1614 3222 1752 3261 nova

187 3303 555 3366 comparetur,
587 3305 641 3350 et
671 3305 863 3365 printer
901 3295 1006 3349 hoc
1041 3295 1179 3350 nihil
1219 3297 1367 3351 aliud
1409 3306 1615 3368 tangat.
1649 3297 1754 3352 Sed

187 3400 282 3440 nec
315 3387 370 3418 ⁸⁸
416 3387 534 3458 ipsa
577 3387 750 3456 pelvis
782 3387 916 3441 velis
969 3394 1276 3457 apponatur
1325 3389 1607 3453 lavandis,
1647 3388 1754 3444 nisi

185 3495 299 3550 qua:
329 3478 407 3533 ad
440 3477 708 3533 Dominici
738 3477 930 3532 altaris
959 3479 1165 3532 cultum
1193 3478 1488 3548 pertinent.
1524 3480 1568 3510 ⁸³
1593 3479 1754 3534 Pallze

183 3571 378 3626 altaris
405 3569 535 3625 solae
566 3570 621 3623 in
669 3585 732 3624 ea
762 3571 1033 3631 laventur,
1062 3577 1116 3624 et
1149 3569 1205 3623 in
1253 3570 1358 3623 alia
1403 3571 1522 3626 vela
1557 3571 1754 3642 janua-

182 3679 301 3719 rum
352 3665 424 3718 ⁸⁸.
485 3662 558 3719 De
599 3664 731 3719 velis
779 3671 958 3718 autem
1004 3664 1296 3733 januarnm
1331 3664 1377 3695 “
1415 3679 1547 3719 cura
1605 3667 1678 3720 sit
1707 3667 1752 3697 "

181 3755 430 3811 ostiariis
455 3770 522 3809 ex
569 3754 939 3809 admonitione
971 3754 1238 3823 majorum
1260 3793 1276 3818 ,
1308 3769 1377 3809 ne
1419 3757 1544 3824 quis
1576 3757 1751 3827 negli-

179 3864 312 3919 gens
341 3854 441 3900 aut
484 3848 705 3918 ignarus
757 3848 824 3902 ad
871 3848 1049 3902 velum
1095 3848 1276 3918 januaa
1304 3846 1500 3903 domus
1539 3848 1752 3905 Domini

177 3954 387 3994 manus
436 3937 713 3994 incondite
755 3944 964 4008 tergat;
1012 3938 1110 3994 sed
1140 3939 1324 3993 statim
1350 3940 1622 3995 coercitus
1663 3941 1751 3996 di-

179 4041 297 4088 scat
329 4033 516 4088 omnis
547 4031 730 4094 homo.
755 4033 880 4103 quia
904 4032 1083 4087 velum
1131 4032 1260 4086 atrii
1311 4032 1505 4090 domus
1535 4033 1751 4090 Domini

174 4135 440 4182 sanctum
470 4134 574 4182 est.
608 4127 653 4157 ⁵⁸
681 4125 1034 4196 Praecipimus
1065 4127 1227 4182 etiam
1268 4142 1338 4183 ne
1377 4130 1753 4184 excommuni-

175 4224 304 4271 cato
331 4217 382 4249 “
413 4217 688 4282 Ecclesiae,
721 4218 836 4273 sive
865 4218 1023 4280 laico,
1062 4217 1130 4272 de
1171 4217 1490 4289 fragmentis
1521 4221 1753 4276 oblatio-

177 4324 310 4363 num
361 4308 579 4364 Domini
628 4317 862 4381 ponatur
900 4311 969 4365 ad
1019 4325 1285 4366 mensam.
1330 4310 1484 4368 Unde
1525 4313 1636 4367 scis
1668 4321 1749 4379 tu,

177 4399 271 4464 qui
327 4400 542 4469 passim
591 4395 816 4455 sacrarii
869 4400 914 4432 ⁸⁸
957 4415 1126 4471 panes
1170 4401 1409 4472 indignis
1457 4401 1748 4472 impendis,

1855 3219 2046 3275 debeat
2078 3219 2158 3272 ire
2183 3216 2272 3285 pio
2300 3216 2347 3247 ⁷ο
2379 3214 2683 3266 interventu
2715 3210 2831 3278 ipse
2859 3216 3068 3279 pergat.
3097 3207 3193 3262 Sin
3216 3216 3419 3272 autem,

1855 3311 1922 3366 de
1953 3310 2120 3364 latere
2148 3322 2248 3361 suo
2272 3305 2489 3373 dirigat,
2524 3317 2648 3356 cum
2680 3301 2895 3354 duobus
2944 3305 3039 3352 aut
3088 3299 3298 3362 tribus,
3325 3298 3420 3368 qui

1853 3405 1959 3460 hoc
1989 3416 2186 3458 sanare
2213 3399 2442 3455 debeant
2481 3395 2549 3450 ’¹.
2585 3393 2728 3448 Sane
2757 3391 2824 3446 ad
2855 3390 3179 3446 visitandam
3223 3389 3420 3443 mulie-

1854 3509 1968 3551 rem
1995 3492 2267 3547 inﬁrmam
2294 3489 2480 3542 nullus
2501 3485 2736 3540 clericus
2773 3479 3127 3552 ingrediatur,
3153 3479 3262 3533 nisi
3293 3494 3416 3532 cum

1853 3585 2067 3642 duobus
2089 3589 2182 3636 aut
2209 3581 2406 3634 tribus.
2441 3576 2610 3632 Nemo
2655 3582 2836 3628 tamen
2861 3571 3186 3626 clericorum
3216 3571 3262 3601 ⁷³
3291 3584 3415 3623 cum

1853 3685 2112 3734 extranea
2141 3672 2349 3727 habitet
2380 3669 2578 3724 femina
2611 3667 2676 3731 ⁷³,
2711 3665 2814 3720 nisi
2854 3663 3101 3734 proxima
3132 3669 3224 3715 aut
3261 3675 3419 3716 soror

1853 3768 2035 3824 fuerit.
2069 3765 2135 3818 Et
2177 3765 2279 3818 hoc
2327 3776 2451 3816 cum
2497 3772 2694 3828 magna
2735 3753 3102 3813 sollicitudine
3147 3752 3258 3806 ﬁat.
3296 3750 3416 3805 Non

1853 3860 2171 3931 ignoramus
2215 3852 2454 3908 malitias
2509 3847 2742 3903 Satanae.
2799 3843 3066 3900 Universa
3118 3842 3232 3896 haec
3290 3855 3416 3931 cum

1852 3930 2267 4006 mansuetudine
2312 3939 2686 3998 ecclesiastica
2731 3935 3054 4006 complenda
3093 3939 3221 3989 sunt
3250 3930 3415 3985 mini-

1853 4043 2040 4099 steria.
2080 4037 2365 4109 Negotium
2403 4033 2546 4090 enim
2592 4030 2688 4085 Dei
2734 4043 2846 4084 non
2879 4026 3037 4082 decet
3082 4025 3418 4094 negligenter

1851 4133 2081 4206 expleri.
2113 4130 2312 4185 lterum
2337 4133 2502 4195 atque
2547 4124 2744 4177 iterum
2785 4119 2852 4174 de
2882 4115 3203 4188 fragmentis
3232 4114 3417 4206 Domi-

1851 4205 1960 4278 nici
2003 4218 2248 4288 corporis
2291 4212 2702 4268 demandamus.
2738 4208 2972 4262 Calicem
3011 4220 3140 4259 vero
3183 4205 3250 4258 ad
3286 4219 3414 4273 per-

1851 4313 2131 4371 ferendum
2160 4305 2476 4377 sanguinem
2502 4301 2737 4364 Domini,
2762 4305 3122 4370 praeparatum
3153 4311 3277 4350 cum
3300 4301 3415 4346 tota

1851 4402 2116 4460 munditia
2187 4393 2509 4458 ministerii,
2558 4391 2806 4445 minister
2855 4392 3138 4459 prazparet,
3183 4399 3272 4448 ne,
3303 4397 3412 4436 non

177 4491 327 4546 unde
357 4492 526 4558 nosti,
561 4493 605 4547 si
636 4507 665 4545 a
695 4492 1012 4548 mulieribus
1056 4493 1250 4547 mundi
1298 4500 1428 4548 sunt
1469 4495 1524 4548 hi
1550 4497 1749 4566 quibus
1779 4491 1823 4545 Ι)
1853 4500 1990 4554 bene
2020 4494 2164 4547 lotus
2212 4488 2350 4543 calix
2369 4527 2384 4554 ,
2415 4485 2648 4540 diacono
2673 4487 2958 4551 peccatum
3005 4477 3097 4530 ﬁat
3140 4473 3408 4528 offerenti.

175 4580 492 4653 impendis?
519 4581 657 4639 Hinc
685 4591 739 4639 et
762 4583 930 4639 David
961 4584 1030 4639 ab
1056 4584 1368 4640 Abimelech
1394 4585 1441 4616 "
1469 4587 1749 4643 sacerdote

177 4675 572 4749 interrogatus,
603 4693 728 4732 cum
791 4692 959 4748 panes
991 4677 1095 4734 sibi
1119 4678 1186 4734 ad
1224 4679 1613 4735 comedendum
1651 4698 1750 4751 po-

1851 4589 1932 4644 lta
1958 4601 2082 4643 cum
2107 4581 2254 4638 omni
2285 4581 2598 4642 honestate,
2631 4581 2829 4628 cuncta
2877 4585 2996 4642 qua:
3037 4584 3200 4639 supra
3245 4581 3411 4635 expo-

1853 4681 2086 4739 suimus.
2125 4678 2338 4744 oportet
2379 4667 2612 4738 impleri.
2643 4665 2804 4720 Tales
2853 4664 2918 4718 ad
2963 4661 3011 4694 ⁷⁸
3048 4660 3412 4716 ministerium

246 4899 293 4930 ³⁹
336 4898 606 4971 εαηιιιᾳτα.
636 4897 712 4971 De
728 4914 945 4957 consec.
963 4900 1206 4955 distinct.
1229 4911 1250 4931 τ
1276 4901 1508 4956 :Altaris
1531 4903 1698 4971 palla.
1773 4908 1817 4939 ⁵ο
1833 4906 1904 4961 De
1918 4917 2134 4960 consec.
2152 4897 2432 4971 distinct._i
2460 4913 2472 4971 ς
2496 4894 2662 4971 Nemo
2689 4909 2797 4971 ρετ.
2872 4891 2915 4971 ‘_’
2930 4891 3095 4971 C0119
3104 4890 3404 4971 Ατιιηςτιρο

179 4969 234 5031 3,
252 4978 309 5023 et
324 4972 381 5030 5;
400 4969 605 5024 Autiss.
636 4970 724 5032 12,
752 4972 838 5026 l3.
915 4971 959 5001 "
982 4971 1083 5027 Ms.
1105 4972 1158 5025 in
1189 4988 1390 5036 mensa;
1408 4981 1461 5026 at
1489 4969 1843 5032 Gratianusin
1859 4992 2109 5030 mensam.

1155 5041 1212 5113 “_
1250 5040 1362 5113 livo.
1397 5053 1536 5113 part.
1573 5060 1656 5104 ιιι.
1691 5061 1740 5100 c.
1775 5047 1900 5101 266.

985 5111 1152 5185 "Ms.
1177 5111 1366 5185 Pallg,
1394 5111 1446 5166 in
1473 5115 1581 5166 alia
1608 5116 1746 5183 pelve
1781 5118 2036 5178 laventur,
2067 5128 2118 5172 et
2145 5115 2218 5166 in.
2305 5111 2350 5185 '_°
2376 5111 2587 5185 Absunt
2618 5122 2646 5158 a
2680 5119 2729 5158 c.
2755 5111 2995 5185 dustclli:
3101 5111 3165 5185 ’ξ’

1665 5185 1708 5215 ³⁸
1754 5186 1853 5243 Ms.
1886 5171 2044 5240 etiam
2098 5171 2226 5236 cura
2282 5182 2371 5243 sit,
2399 5177 2607 5233 caeteris
2662 5176 2902 5234 omissis,
2958 5171 3023 5243 de
3068 5171 3190 5224 velis
3231 5181 3403 5243 autem

178 5041 381 5111 uicerit,
414 5047 469 5111 et
499 5041 572 5094 ita
603 5057 822 5111 rursum
856 5050 1061 5111 postea.

177 5109 290 5162 duo
320 5110 509 5165 verba.
583 5111 629 5141 ⁸⁸
650 5110 748 5166 Ms.
781 5109 907 5166 non.

177 5195 295 5234 sec.
329 5180 585 5252 distinct.
607 5181 687 5252 2:7
706 5182 892 5235 Tribus
925 5181 1195 5252 gradibus,
1231 5180 1258 5252 §
1297 5182 1467 5252 Tanta
1489 5185 1562 5239 in.

170 5266 490 5316 Januarum.
567 5251 613 5282 ⁸³
644 5251 853 5306 Matisc.
885 5251 971 5314 Η,
999 5267 1048 5307 c.
1085 5251 1137 5306 6.

1244 5250 1290 5284 “
1308 5250 1406 5306 Ms.
1440 5270 1501 5307 ne
1533 5271 1760 5320 unquam
1791 5265 1986 5311 extero.

179 5320 330 5397 braca
380 5321 722 5375 Achimelecli.
762 5393 774 5397 _
799 5323 840 5353 ⁸⁷
873 5322 1123 5397 A_l_it_er_in
1152 5337 1285 5397 mss.
1314 5322 1477 5377 Hard.
1504 5333 1556 5378 et
1590 5325 1730 5380 Just.
1764 5344 1882 5397 qua:
1909 5331 2255 5397 reservantur
2282 5321 2451 5397 notis.

2186 4973 2231 5002 ’⁸³
2258 4970 2356 5023 Ms.
2382 4967 2620 5020 habuerit
2650 4961 2960 5018 ministeria.
3035 4964 3080 4991 “
3103 4961 3201 5014 Ms.
3225 4962 3408 5014 admo-

2207 5042 2370 5084 intra-
2415 5045 2472 5084 ut
2505 5051 2650 5084 mox.
2762 5035 2806 5064 ‘7
2842 5031 2898 5084 ln
2936 5048 3038 5084 ms.
3069 5031 3267 5084 absunt
3291 5031 3406 5084 ha‘c

2869 5050 2898 5085 η
2936 5048 3038 5086 ms.
3069 5046 3267 5089 305m“
3293 5046 3406 5086 ua'c

2007 5046 2051 5076 “
2081 5043 2180 5098 Ms.
2207 5042 2371 5101 intra,
2415 5045 2472 5090 ut
2505 5051 2650 5090 mox.
2762 5042 2805 5064 "
2842 5042 2898 5085 In
2936 5048 3038 5086 ms.
3069 5042 3267 5089 absunt
3293 5042 3369 5084 tia'

2007 5132 2029 5154 -,
2068 5128 2118 5154 ,ι
2145 5115 2196 5154 in
2305 5111 2350 5142 ⁸ο
2378 5109 2587 5154 Ahsnnt
2618 5122 2646 5154 a
2680 5119 2729 5154 ρ.
2760 5101 2995 5154 Justelli.
3101 5102 3143 5132 ⁸¹
3176 5100 3248 5154 De
3273 5117 3373 5154 (‘Oll

2305 5111 2350 5142 ⁸ο
2376 5109 2587 5161 Ahsunt
2618 5122 2646 5158 a
2680 5119 2729 5158 c.
2760 5101 2995 5157 Justclli.

2574 5246 2620 5276 ⁸⁸
2653 5244 2727 5297 lta
2753 5260 2855 5298 ms.
2890 5241 3263 5309 atVulgata,et
3298 5240 3405 5294 Hc-

2077 5254 2121 5284 l'
2161 5249 2448 5284 .nHF'OIIl'l...

2157 5263 2472 5307 sanctuarii.
2574 5263 2620 5276 "'
2654 5263 2727 5297 Ita
2753 5263 2855 5298 ms.
2890 5263 2944 5296 at
2969 5263 3263 5309 vurgata,t:t
3298 5263 3402 5294 nc-

2157 5331 2255 5375 lllll‘
2282 5321 2451 5374 notis.
2554 5316 2599 5347 ⁸⁸
2627 5315 2724 5368 Ms.
2753 5315 2842 5383 qui
2871 5321 2989 5366 ante
3022 5310 3402 5383 ordinationem

176 5391 428 5459 conjuges
450 5408 571 5444 suas
599 5393 852 5446 noverint.
902 5393 945 5423 ⁸⁸
963 5391 1202 5452 Scilicet,
1228 5393 1482 5460 sisemper
1503 5379 2064 5451 continereiioluerint.
2089 5393 2177 5446 Sic
2207 5392 2331 5460 legit
2353 5392 2494 5443 hunc
2517 5388 2697 5460 locum
2727 5379 2778 5460 et
2814 5385 3199 5460 interpretatur
3224 5379 3362 5433 llum
3385 5410 3399 5421 ς

179 5451 378 5533 ὺειῖιυξ
434 5462 747 5523 cardinalis,
779 5473 1019 5533 tempore
1035 5462 1230 5516 Leonis
1254 5461 1346 5528 IX,
1375 5451 1471 5518 lib.
1494 5475 1677 5519 contra
1710 5467 1976 5522 Nicetam.
2051 5451 2397 5533 “partionem
2427 5475 2475 5512 c.
2509 5456 2766 5533 Just."‘”
2787 5451 2924 5533 sed;
2988 5453 3052 5533 ἦν
3077 5451 3400 5533 Μεκεισλξαηι

178 5531 518 5603 sacerdotum
565 5518 822 5603 porrigat
859 5518 1133 5603 manibus;
1180 5518 1344 5596 ostia,
1368 5541 1473 5588 etc.
1515 5537 1557 5566 ⁶¹
1603 5518 2058 5592 arciumvsanead
2090 5518 2261 5588 altare
2288 5538 2636 5603 suggerat.__c:
2667 5523 2798 5578 Har.
2826 5521 3047 5603 et_Just._
3114 5521 3158 5551 “
3188 5520 3230 5603 il
3254 5518 3394 5603 ‘TIII'.

178 5599 273 5663 25,
313 5600 376 5654 Ill
442 5599 598 5657 Brac.
633 5604 684 5656 5.

789 5602 833 5634 “
862 5601 960 5656 Ms.
1007 5602 1135 5656 Inde
1167 5604 1356 5657 similis
1387 5606 1732 5668 wstimabitur
1769 5607 2045 5663 Scariotis.
2119 5605 2163 5672 ‘_'
2187 5603 2344 5672 Hipp.
2378 5600 2466 5653 26.

173 5672 769 5744 §ententia,rquoniam
799 5673 1026 5744 inferius
1054 5675 1334 5743 repetitur.
1411 5675 1452 5705 ⁶⁷
1486 5675 1689 5734 Turon.
1721 5677 1759 5731 ll

1861 5695 1883 5744 ι,
1918 5679 1971 5733 9,
2048 5675 2094 5708 ⁸⁸
2137 5669 2386 5728 hum—(vel
2412 5669 2581 5744 oﬂicii.

2545 5600 2589 5630 ⁶⁶
2620 5597 2678 5650 ln
2719 5609 2819 5649 ms.
2858 5593 3008 5648 deest
3038 5593 3147 5646 hazc
3192 5593 3398 5648 integra

2667 5667 2710 5698 ε’
2737 5664 2836 5720 Ms.
2863 5665 3118 5718 secretim.
3192 5662 3239 5693 '°
3282 5675 3395 5726 pro.

179 5738 224 5770 ’¹
257 5741 360 5824 Ms.
401 5733 863 5824 .debéansgnare.
937 5741 1062 5824 τζξη
1107 5733 1210 5824 lllS:
1272 5746 1427 5824 abest
1472 5762 1576 5808 vox
1607 5733 1685 5808 ea
1719 5733 2048 5808 clericorum.
2127 5747 2198 5824 _"
2229 5733 2590 5818 Euvatcdiic-ctp,
2614 5737 2682 5795 de
2727 5752 2836 5808 qua
2887 5749 3027 5807 saepe
3067 5734 3122 5788 in
3149 5733 3398 5788 conciliis

182 5819 236 5864 et
265 5810 540 5870 Patribus.
616 5815 661 5845 7"
685 5813 929 5871 Distinet.
963 5814 1077 5890 25;
1112 5813 1263 5870 Tales
1295 5815 1381 5872 ad.
