3900 6334
558 278 665 334 487

1437 276 1497 333 S.
1532 274 1924 332 CLEMENTIS
1957 279 1977 333 l
2011 276 2177 334 ROM.
2215 275 2420 335 PONT.
2458 275 2685 332 OPERA
2730 279 2958 335 DUBIA.
3626 294 3695 353 tas

555 395 832 465 eligantur
852 391 1061 455 clerici,
1087 390 1179 460 qui
1210 390 1371 462 digne
1391 393 1602 463 possint
1623 392 1905 449 Dominiea
1934 410 2122 450 sacra—
2147 401 2192 455 Α
2221 406 2527 450 convertar.
2558 394 2676 449 Non
2723 396 2949 465 νείιυίνίι
2982 406 3023 448 ’θ
3072 401 3125 450 ιθ
3168 394 3301 453 Deus
3339 401 3605 468 Pecuniam.
3628 412 3700 466 Ml

555 495 739 542 menta
766 493 1022 541 tractare.
1057 483 1248 539 Melius
1279 492 1362 539 est
1393 485 1538 539 enim
1592 484 1801 540 Domini
1849 485 2120 540 sacerdoti

558 594 763 648 paucos
812 577 1011 632 habere
1049 577 1350 640 ministros,
1398 576 1491 647 qui
1544 578 1755 647 possint
1793 578 1955 649 digne
1984 594 2121 648 opus

556 669 651 725 Dei
676 684 952 734 exercere,
982 684 1147 739 quam
1172 669 1374 724 multos
1396 668 1638 734 inutiles,
1672 671 1764 740 qui
1790 686 1932 727 onus
1958 686 2121 741 grave

554 761 853 816 ordinatori
885 760 1176 816 adducant.
1210 761 1256 814 A
1283 762 1550 832 principio
1578 763 1822 831 epistolae
1848 779 2023 833 usque
2052 762 2119 819 ad

555 854 701 909 hunc
730 854 932 918 locum,
964 853 1032 909 de
1059 853 1419 910 sacramentis
1457 854 1698 925 delegavi
1727 855 1865 912 bene
1904 855 2121 911 intuen-

552 945 640 1001 dis
669 946 717 978 ⁷⁵
749 960 763 998 :
796 946 888 1000 ubi
928 961 1036 999 non
1086 945 1321 1000 murium
1352 956 1593 1002 stercora
1636 947 1778 1001 inter
1817 947 2121 1019 fragmenta

552 1033 851 1090 Dominica:
876 1037 1144 1106 portionis
1169 1044 1483 1105 appareant,
1509 1051 1682 1107 neque
1711 1039 1758 1069 "
1781 1038 1993 1108 putrida
2025 1055 2120 1108 per

553 1129 935 1199 negligentiam
967 1138 1284 1184 remaneant
1319 1132 1674 1195 clericorum,
1708 1138 1761 1185 et
1789 1132 2119 1186 convenien-

552 1233 654 1281 tes.
688 1220 779 1291 qui
820 1222 1069 1291 accipere
1103 1222 1207 1277 sibi
1257 1222 1582 1278 medicinam
1632 1222 1979 1286 desiderant,
2019 1240 2119 1293 pu-

550 1313 698 1366 trida
725 1328 849 1367 cum
881 1312 1134 1379 viderint,
1181 1314 1353 1386 magis
1384 1330 1509 1368 cum
1549 1313 1778 1369 ridiculo
1806 1321 1860 1369 et
1904 1314 2119 1369 fastidio

551 1407 842 1460 videantur
869 1408 1136 1476 accipere,
1170 1413 1223 1460 et
1252 1407 1305 1461 in
1339 1416 1621 1477 peccatum
1654 1408 1824 1477 magis
1866 1406 2119 1461 decidant

552 1514 650 1568 per
702 1499 1082 1570 negligentiam
1138 1500 1485 1555 clericorum.
1546 1498 1887 1569 Quapropter
1959 1514 2120 1553 nemo

550 1592 881 1647 clericorum
913 1593 1055 1646 ultra
1096 1592 1211 1646 base
1237 1592 1545 1648 dissimulet
1565 1633 1579 1655 ,
1611 1603 1702 1647 aut
1731 1594 2005 1664 negligere
2035 1593 2120 1647 ul-

552 1682 769 1738 latenus
798 1683 1014 1749 audeat,
1050 1682 1142 1737 sed
1196 1683 1446 1744 libenter,
1480 1698 1603 1752 quae
1648 1682 1800 1751 jussa
1833 1690 1980 1747 sunt,
2022 1699 2119 1738 ex-

554 1775 721 1843 pleat,
754 1782 809 1829 et
836 1782 1177 1829 sacramenta
1201 1774 1381 1829 divina
1418 1789 1761 1843 nequaquam
1790 1776 2122 1846 negligenter

550 1874 875 1921 Contrcctet.
910 1865 1141 1935 Ideoque
1166 1872 1275 1918 tam
1299 1866 1526 1935 juvenes
1553 1880 1716 1935 quam
1741 1882 1901 1921 senes
1923 1867 1990 1921 de
2011 1866 2121 1933 bis,

548 1966 608 2013 et
632 1957 701 2013 de
744 1957 893 2011 omni
936 1958 1353 2012 conversatione
1389 1972 1524 2020 sua,
1559 1967 1614 2012 et
1660 1958 2039 2022 conversione,
2069 1965 2123 2012 et

540 2048 879 2119 paenitentia
920 2049 1079 2103 valde
1127 2063 1251 2104 esse
1304 2048 1571 2105 sollicitos
1614 2057 1849 2120 oportet,
1881 2050 2125 2119 satisque

550 2158 735 2214 agere,
765 2152 847 2207 ut,
882 2142 998 2196 haec
1027 2141 1295 2213 condigne
1329 2150 1511 2213 agant,
1556 2152 1609 2198 et
1651 2144 1720 2197 de
1772 2143 1986 2214 reliquo
2032 2158 2125 2197 or-

550 2241 683 2287 nent
720 2240 830 2286 tam
864 2232 1053 2287 clerici
1082 2246 1246 2302 quam
1286 2232 1577 2287 smculares
1616 2233 1828 2287 animas
1860 2248 1990 2288 suas
2034 2247 2125 2287 or-

552 2324 826 2380 namentis
848 2324 1213 2395 dignissimis,
1238 2323 1584 2395 dogmatibus
1620 2324 1829 2379 scilicet
1856 2325 2121 2389 veritatis,

524 2416 751 2471 .decore
772 2415 1063 2487 pudicitiae,
1102 2417 1390 2486 splendore
1416 2416 1663 2485 justitize,
1689 2417 1927 2472 candore
1954 2418 2125 2487 pieta-

552 2511 646 2575 tis,
677 2510 909 2580 aliisque
937 2509 1211 2573 omnibus,
1244 2509 1446 2579 quibus
1489 2510 1850 2579 compositam
1880 2511 1925 2539 ⁷⁷
1970 2510 2126 2565 decet

551 2616 677 2656 esse
703 2600 1083 2655 rationabilem
1112 2606 1369 2653 mentem.
1396 2598 1532 2652 Tum
1560 2606 1823 2669 praetcrea
1853 2598 2127 2655 declinare

551 2710 587 2748 a
616 2691 914 2747 consortiis
944 2689 1253 2745 inhonestis
1293 2696 1349 2743 et
1376 2688 1707 2756 inﬁdelibus,
1740 2697 1794 2745 et
1834 2692 2125 2747 societates

554 2786 759 2840 habere
791 2783 1053 2843 ﬁdelium,
1080 2788 1243 2850 atque
1264 2782 1385 2837 illos
1416 2781 1763 2851 frequentare
1797 2792 2121 2849 conventus,

555 2878 612 2932 in
640 2877 841 2947 quibus
877 2876 944 2929 de
986 2875 1270 2946 pudicitia,
1303 2876 1371 2930 de
1413 2875 1647 2944 justitia,
1684 2875 1751 2929 de
1790 2878 1989 2945 pietate
2021 2884 2127 2933 tra-

554 2976 760 3023 ctatur.
807 2965 977 3022 Orare
1007 2981 1224 3037 semper
1267 2966 1436 3022 Deum
1476 2983 1542 3021 ex
1588 2974 1705 3020 toto
1750 2968 1936 3031 corde,
1973 2976 2027 3024 et
2059 2971 2127 3025 ab

2219 488 2462 543 animum
2485 487 2888 543 misericordem
2911 495 2965 541 et
2990 486 3131 557 piam
3157 496 3392 545 mentem.
3414 490 3571 563 Neque
3586 496 3701 557 dives

2219 576 2629 632 conversionem
2662 591 2816 630 suam
2846 576 3058 630 diﬂ‘erat
3088 591 3183 646 pro
3216 579 3547 638 sollicitudine
3571 601 3704 643 sam.

2218 668 2341 732 lari,
2372 670 2501 723 dum
2532 671 2732 740 cogitat
2775 667 3049 739 quomodo
3091 668 3352 738 dispenset
3385 672 3703 733 abundantiam

2219 761 2456 833 frugum.
2498 761 2682 833 Neque
2729 761 2874 816 dicat
2919 761 3058 815 intra
3107 762 3471 831 semetipsum:
3506 764 3624 832 Quid
3646 768 3705 822 la.

2217 854 2399 909 ciam?
2437 855 2529 909 ubi
2571 853 2862 910 recondam
2914 852 3125 909 fructus
3180 855 3354 909 meos?
3393 854 3557 926 Neque
3597 860 3708 915 dicat

2219 947 2412 1001 anima:
2439 962 2578 1001 suae:
2605 945 2780 999 Habes
2801 946 2968 998 multa
2990 945 3123 1019 bona
3142 946 3362 1013 reposita
3380 949 3430 1001 in
3448 964 3590 1003 annos
3606 953 3711 1005 insl-

2219 1047 2298 1091 tos
2325 1076 2343 1102 ,
2364 1038 2576 1106 epulare
2604 1046 2652 1090 et
2686 1038 2885 1090 la’tare.
2912 1035 3043 1089 Nam
3084 1036 3287 1091 dicetur
3316 1037 3363 1091 ei
3395 1057 3407 1091 :
3444 1036 3608 1105 Stulte,
3638 1042 3711 1095 hac

2218 1139 2366 1183 nocte
2391 1130 2660 1198 auferetur
2688 1128 2780 1183 abs
2818 1138 2865 1182 to
2905 1129 3083 1182 anima
3112 1139 3221 1193 tua,
3250 1138 3298 1183 et
3317 1147 3424 1201 qua:
3453 1131 3625 1197 parasti
3649 1150 3711 1186 cs-

2210 1221 2303 1290 jus
2350 1222 2563 1275 erunt“
2594 1222 2616 1274 ?
2651 1221 2837 1290 Itaque
2865 1221 3083 1276 festinet
3108 1220 3173 1275 ad
3198 1223 3538 1291 paenitentiam
3578 1226 3711 1279 omnis

2217 1320 2370 1376 tetas,
2417 1315 2596 1367 omnis
2658 1329 2822 1368 sexus
2869 1313 3155 1382 omnisque
3201 1311 3449 1376 conditio,
3502 1319 3552 1366 ut
3586 1315 3710 1369 vitam

2219 1414 2589 1475 consequatur
2620 1414 2901 1459 aeternam.
2932 1404 3168 1459 Juvenes
3197 1404 3405 1473 quidem
3450 1405 3499 1458 in
3532 1420 3587 1459 eo
3610 1406 3712 1473 grati

2219 1500 2352 1562 sint,
2402 1497 2547 1567 quod
2596 1498 2649 1551 in
2695 1498 2814 1567 ipso
2862 1498 3061 1565 impetu
3110 1497 3503 1558 desideriorum,
3529 1498 3712 1551 cervices

2219 1606 2349 1648 suas
2382 1591 2515 1661 jugo
2546 1590 2845 1659 subjiciunt
2888 1589 3210 1658 disciplinae.
3261 1588 3423 1642 Senes
3445 1594 3495 1641 et
3523 1587 3608 1656 ipsi
3630 1588 3711 1641 lau-

2221 1686 2448 1747 dabiles,
2508 1686 2634 1755 quia
2690 1684 2848 1738 multi
2894 1683 3159 1753 temporis
3208 1680 3639 1742 consuetudinem,
3674 1680 3712 1731 in

2225 1794 2330 1851 qua
2362 1779 2503 1833 male
2522 1776 2777 1848 praeventi
2810 1784 2957 1838 sunt,
2987 1791 3084 1845 pro
3136 1774 3230 1831 Dei
3271 1787 3445 1828 amore
3465 1774 3506 1805 ⁸¹
3533 1787 3714 1827 commu-

2225 1879 2362 1927 tant.
2408 1869 2577 1926 Nemo
2621 1885 2752 1940 ergo
2792 1868 3025 1935 diﬂ'erat,
3056 1883 3218 1923 nemo
3265 1874 3551 1921 cunctetur.
3576 1862 3715 1929 “Qua

2226 1963 2372 2019 enim
2413 1977 2579 2017 causa
2613 1960 2907 2017 cunctandi
2939 1971 3023 2016 est
3064 1959 3131 2013 ad
3173 1960 3309 2014 bene
3340 1955 3715 2028 agendum?Ani-

2228 2071 2350 2111 mus
2380 2054 2484 2110 sibi
2522 2054 2663 2109 male
2716 2053 2994 2117 conscius,
3032 2052 3162 2107 dum
3200 2050 3410 2105 videtur
3436 2049 3529 2103 sibi
3564 2047 3714 2101 nullam

2228 2165 2442 2221 penam
2475 2149 2609 2220 pati,
2642 2148 2817 2203 credit
2865 2147 2992 2217 quia
3043 2162 3155 2201 non
3210 2145 3410 2217 judiret
3485 2140 3713 2199 Dominus;

2228 2256 2352 2297 cum
2386 2240 2536 2295 abuti
2568 2238 2828 2309 patientia
2861 2236 2979 2299 Dei,
3003 2244 3057 2291 et
3095 2251 3210 2291 non
3239 2234 3524 2304 intelligere
3549 2243 3716 2300 parcen-

2230 2332 2301 2387 tis
2351 2330 2767 2400 benignitatem,
2791 2328 2906 2398 jam
2960 2327 3032 2382 sit
3075 2341 3273 2398 magna
3314 2321 3584 2379 damnatio.
3608 2316 3716 2372 Unde

2228 2423 2493 2494 scriptum
2527 2430 2651 2479 est:
2688 2421 3003 2475 Maledictus
3045 2420 3218 2473 omnis
3272 2418 3358 2488 qui
3408 2432 3525 2485 opus
3561 2407 3717 2466 Domini

2230 2516 2550 2586 negligenter
2581 2516 2689 2585 agit
2710 2514 2776 2568 ⁸⁸.
2835 2513 3185 2584 Quapropter
3243 2508 3520 2580 pastoralis
3564 2501 3718 2558 ordinis

2228 2614 2332 2667 est,
2377 2605 2795 2675 infatigabiliter
2846 2617 3123 2664 revocare.
3179 2598 3438 2671 quidquid
3489 2594 3549 2650 ad
3586 2606 3718 2648 corre-

2228 2698 2465 2752 ctionem
2512 2697 2862 2766 populorum,
2895 2695 3005 2749 imo
3044 2692 3223 2764 magis
3276 2690 3499 2745 ﬁliorum
3529 2686 3720 2758 spiritua-

2231 2788 2364 2842 lium
2432 2796 2699 2858 quantum
2728 2795 2812 2840 est
2840 2783 2923 2839 fas
2950 2784 3285 2854 intelligere.
3334 2777 3616 2851 cognoverit
3637 2788 3719 2844 pet—

2229 2881 2424 2947 tinere,
2448 2886 2501 2935 et
2529 2894 2661 2944 non,
2694 2878 2837 2948 quod
2875 2878 3045 2932 absit!
3087 2890 3218 2930 cum
3264 2890 3363 2930 suo
3394 2870 3607 2945 periculo
3629 2866 3719 2919 alie.

2230 2994 2314 3033 na:
2361 2976 2475 3047 spei
2533 2992 2628 3047 per
2659 2975 2830 3030 solam
2875 2972 3265 3043 negligentiam
3297 2970 3464 3025 facere
3496 2963 3720 3020 detrimen-

557 3061 682 3131 ipso
711 3068 895 3132 petere
942 3075 1067 3131 qum
1104 3061 1297 3124 decet,
1329 3060 1432 3129 ipsi
1464 3060 1671 3131 gratias
1710 3076 1888 3131 agere,
1941 3078 2124 3117 veram
2154 3105 2196 3162 ο
2232 3079 2372 3135 tum;
2403 3069 2499 3125 sed
2553 3068 2698 3138 quod
2750 3067 2814 3121 ad
2867 3065 3141 3136 generalis
3192 3062 3381 3119 salutis
3408 3064 3590 3129 spectat
3620 3069 3724 3109 con.

557 3152 957 3224 pmnitndinem
1003 3167 1191 3227 gerere
1239 3153 1641 3222 praeteritorum
1685 3164 1994 3221 gestorum,
2028 3155 2129 3207 ali-

551 3246 881 3315 quantulum
921 3246 1109 3308 etiam,
1154 3244 1201 3299 si
1232 3245 1491 3315 possibile
1528 3258 1634 3310 est,
1682 3263 1777 3317 per
1818 3246 2130 3302 misericor-

551 3338 679 3392 dias
707 3351 1004 3407 pauperum
1032 3337 1226 3405 juvare
1255 3337 1661 3407 pmnitentiam.
1698 3338 1801 3394 Per
1842 3339 1954 3393 hate
1986 3340 2128 3394 enim

554 3428 771 3482 facilior
797 3428 954 3483 venia
984 3428 1224 3495 dabitur,
1254 3437 1308 3484 et
1338 3430 1636 3502 indulgenti
1681 3432 1844 3487 citius
1891 3432 2134 3503 indulge-

554 3519 725 3574 bitur.
751 3518 908 3585 Quod
958 3518 1006 3575 si
1055 3521 1414 3590 provectioris
1466 3523 1642 3577 aetatis
1693 3522 1765 3577 sit
1818 3523 1898 3588 is,
1930 3525 2023 3592 qui
2062 3524 2129 3578 ad

553 3610 936 3681 paenitentiam
983 3611 1150 3673 venit,
1183 3628 1250 3668 eo
1301 3612 1474 3681 magis
1520 3614 1726 3684 gratias
1766 3630 1925 3686 agere
1970 3614 2129 3669 debet

557 3701 692 3765 Deo,
718 3703 862 3771 quod
892 3710 1182 3773 postquam
1208 3703 1332 3759 linis
1354 3704 1402 3735 ⁷⁸
1430 3712 1513 3759 est
1539 3705 1719 3760 omnis
1743 3704 1979 3776 impetus
2005 3721 2132 3759 con-

554 3793 915 3863 cupiscentiae
967 3794 1243 3859 carnalis,
1306 3795 1533 3850 scientia
1583 3795 1829 3851 veritatis
1882 3806 2127 3866 accepta,

553 3885 709 3940 nulla
738 3885 789 3941 ei
833 3885 1080 3939 imminet
1116 3900 1297 3956 pugna
1329 3885 1666 3951 certaminis,
1701 3902 1797 3957 per
1828 3902 2012 3957 quam,
2045 3886 2131 3943 in-

554 3985 848 4047 surgentes
873 3976 1136 4033 adversus
1178 3979 1437 4042 animam,
1470 3978 1731 4049 reprimat
1756 3980 2002 4050 carperis
2031 3996 2130 4035 vo-

561 4069 803 4123 luntates
829 4070 899 4125 ⁷⁹.
933 4066 1193 4139 Superest
1216 4084 1347 4139 ergo
1375 4070 1423 4124 ei
1455 4069 1510 4124 in
1543 4069 1818 4140 agnitione
1858 4071 2125 4136 veritatis,

550 4169 615 4216 et
649 4161 1039 4217 misericordia:
1066 4161 1325 4231 Operibus
1374 4161 1641 4226 exerceri,
1684 4170 1745 4215 ut
1784 4162 1975 4217 all‘erat
2014 4162 2130 4217 fru-

552 4262 685 4311 ctus
712 4256 908 4326 dignos
931 4256 1285 4325 poenitentiae.
1309 4254 1420 4311 Nec
1450 4264 1633 4327 putet,
1667 4258 1794 4326 quia
1824 4257 1879 4311 in
1918 4266 2129 4328 tempo-

558 4348 639 4403 ris
664 4349 1004 4419 longitudine
1032 4342 1417 4403 documentum
1457 4352 1833 4404 conversionis
1879 4351 2128 4405 ostendi-

2235 3160 2513 3231 pendium,
2545 3158 2752 3215 salubri
2784 3171 3010 3211 necesse
3064 3162 3153 3211 est
3198 3153 3475 3224 providere
3523 3151 3718 3203 tractatu.

2232 3254 2277 3285 ⁸⁸
2299 3252 2515 3307 Homini
2564 3249 2822 3321 religioso
2874 3262 3069 3318 parum
3113 3263 3240 3302 esse
3289 3245 3442 3299 debet
3480 3236 3723 3296 inimicitias

2230 3345 2458 3399 aliorum
2516 3358 2626 3397 non
2675 3356 2957 3404 exercere,
2984 3338 3069 3395 vel
3114 3354 3228 3392 non
3279 3350 3469 3406 augere
3512 3331 3629 3385 male
3670 3326 3723 3378 lo-

2229 3436 2464 3508 quendo.
2497 3435 2605 3491 nisi
2640 3450 2733 3490 eas
2773 3432 2941 3490 etiam
2967 3430 3324 3500 exstinguere
3358 3429 3486 3482 bene
3516 3416 3725 3490 loquendo

2231 3526 2523 3583 studuerit.
2557 3526 2602 3557 ⁸⁸
2620 3524 2761 3579 Ecce
2790 3524 2907 3577 oris
2943 3520 3116 3577 nostri
3145 3519 3381 3575 buccina
3405 3515 3467 3570 ad
3496 3527 3634 3567 aures
3654 3508 3720 3561 bo-

2229 3616 2436 3670 ntinum
2490 3628 2871 3685 personamus,
2902 3627 3078 3682 neque
3112 3627 3176 3667 se
3207 3609 3463 3678 deinceps
3508 3599 3727 3661 excusabit

2228 3728 2337 3767 non
2370 3710 2660 3772 monitum,
2689 3709 2805 3774 qui,
2840 3707 2984 3777 quod
3028 3706 3188 3775 sequi
3220 3705 3431 3765 debeat,
3460 3713 3558 3755 tam
3596 3696 3726 3752 verbis

2228 3818 2392 3874 quam
2419 3800 2616 3855 litteris
2649 3800 2927 3853 edocetur.
2953 3796 3209 3861 "Qualis
3245 3802 3424 3849 autem
3452 3790 3721 3846 condemna-

2228 3895 2329 3954 tio.
2360 3900 2414 3949 et
2436 3892 2615 3965 qualis
2656 3891 2907 3946 imminet
2936 3888 3259 3943 maledictio
3287 3888 3372 3941 his
3406 3884 3493 3955 qui
3520 3884 3568 3936 in
3592 3886 3727 3950 palm

2228 3994 2484 4061 peccant,
2504 3985 2687 4040 divina
2711 3999 2810 4038 nos
2840 3981 2999 4037 docet
3027 3978 3340 4051 Scriptura.
3372 3976 3427 4032 Si
3455 3976 3584 4031 enim
3605 3970 3728 4026 Cham

2230 4080 2374 4135 ﬁlius
2403 4077 2516 4133 Noe
2535 4077 2603 4141 ⁸⁸,
2635 4092 2760 4131 cum
2801 4076 3031 4131 vidisset
3078 4074 3290 4129 nudum
3341 4087 3494 4127 suum
3552 4072 3728 4136 patrati.

2227 4171 2486 4244 quoniam
2516 4183 2626 4222 non
2655 4168 2937 4238 cooperuit
2964 4166 3140 4236 patris
3178 4163 3477 4235 corporalis
3498 4161 3539 4192 θ’
3566 4154 3730 4244 ιιυύιωῖ

2229 4240 2364 4325 tem,
2396 4258 2492 4315 sed
2520 4273 2798 4328 egressus,
2829 4256 3099 4311 nuntiavit
3140 4271 3264 4311 eam
3314 4253 3580 4311 fratribus,
3601 4254 3645 4301 et
3677 4240 3730 4296 illi

2228 4353 2553 4409 vestimento
2592 4366 2716 4405 eum
2768 4356 3203 4419 cooperuerunt;
3234 4349 3353 4417 ipse
3380 4342 3580 4415 quidem
3606 4337 3732 4392 (Ibam

556 4447 671 4503 tur,
700 4450 754 4495 et
772 4455 882 4494 non
913 4440 967 4494 in
997 4440 1302 4495 devotionis
1325 4456 1388 4494 ac
1416 4442 1680 4511 propositi
1714 4440 1987 4498 ﬁrmitate.
2021 4442 2130 4497 Deo
2162 4449 2206 4506 ι)
2233 4451 2288 4497 et
2329 4442 2403 4495 illi
2440 4440 2529 4510 qui
2578 4456 2644 4494 ex
2690 4454 2757 4493 eo
2805 4440 2917 4492 nati
2964 4445 3113 4503 sunt,
3166 4439 3273 4493 sub
3324 4435 3531 4491 maledil
3546 4441 3594 4485 to
3641 4423 3732 4479 iacti

553 4532 704 4586 enim
740 4530 1044 4585 manifestae
1088 4540 1216 4584 sunt
1248 4538 1474 4595 mentes,
1498 4532 1629 4602 quia
1673 4548 1780 4586 non
1822 4542 2125 4604 temporum

554 4626 819 4679 rationem
845 4625 1068 4696 colligit,
1102 4625 1195 4680 sed
1226 4628 1551 4683 animorum.
1587 4626 1703 4697 Ipse
1740 4630 1881 4683 enim
1913 4631 2125 4699 probat,

554 4712 603 4767 si
634 4713 777 4783 quis.
808 4715 990 4784 agnita
1028 4716 1270 4770 veritatis
1316 4719 1719 4787 praedicatione.
1760 4735 1868 4773 non
1893 4721 2124 4785 distulit,

555 4817 733 4871 neque
759 4809 977 4874 tempus
1006 4805 1322 4875 negligendo
1348 4808 1688 4876 consumpsit
1716 4808 1781 4870 ⁸⁸.
1814 4810 1908 4863 sed
1945 4812 2127 4865 statim

550 4905 627 4959 et,
657 4894 703 4949 si
746 4895 853 4951 dici
884 4904 1083 4966 potest,
1126 4897 1315 4952 eodem
1365 4908 1639 4953 momento
1690 4901 1959 4968 praeterita
2005 4917 2128 4971 per-

556 4984 901 5050 horrescens,
931 4988 1236 5043 l'uturorum
1267 4990 1595 5044 desiderium
1621 4993 1782 5060 cepit,
1803 5001 1857 5047 ct
1892 4992 1945 5046 in
1979 5007 2128 5045 amo-

554 5084 671 5133 rem
704 5081 854 5150 regni
886 5080 1124 5136 caelestis
1157 5081 1381 5135 exarsit.
1420 5079 1653 5151 Propter
1690 5081 1832 5151 qu‘od
1858 5098 2015 5153 nemo
2041 5099 2134 5137 ve-

555 5176 732 5225 strum
770 5172 912 5225 ultra
941 5171 1264 5235 dissimulet,
1315 5187 1414 5227 nec
1449 5181 1597 5227 retro
1626 5173 1902 5243 respiciat,
1936 5174 2030 5229 sed
2062 5173 2132 5228 ad

556 5258 905 5333 Evangelium
957 5264 1109 5334 regni
1158 5261 1250 5317 Dei
1304 5263 1533 5318 libenter
1579 5264 1822 5319 accedat.
1886 5262 2003 5318 Non
2048 5263 2133 5318 di-

554 5364 646 5410 cat
681 5371 924 5425 pauper:
958 5354 1132 5423 Quia,
1180 5371 1304 5411 cum
1352 5357 1504 5413 dives
1550 5357 1727 5413 factus
1775 5356 1951 5419 fuero,
2002 5363 2131 5411 tunc

624 5513 671 5545 "
726 5512 950 5570 tuendis.

556 5651 679 5709 1'58.

552 5720 602 5756 "'
629 5721 884 5778 Justinia.
933 5725 1000 5780 de
1043 5726 1379 5799 3capitulis.
1456 5729 1501 5759 ³⁸
1532 5720 1665 5781 Gén.
1722 5740 1798 5779 ιι.
1876 5725 1923 5757 ⁸⁹
1970 5724 2309 5790 corporalem.

1053 5516 1099 5546 ⁷⁸
1124 5514 1181 5571 S.
1236 5515 1396 5586 Greg.
1455 5516 1508 5569 in
1549 5513 1808 5586 'Sacram.
1859 5512 2108 5586 ca_p._De
2140 5511 2254 5586 0rd.
2293 5511 2623 5586 subdiaconi.

551 5582 948 5656 'lrolupfates.
1023 5585 1068 5616 ⁸⁰
1101 5582 1428 5656 contempsit.
1506 5586 1547 5616 ⁸¹
1580 5584 1713 5639 Luc.
1740 5599 1839 5645 xtl,
1878 5582 2083 5656 19,724}.
2106 5652 2130 5656 _

2262 5584 2463 5637 (iniure.
2479 5652 2491 5656 _
2526 5582 2571 5612 ⁸³
2597 5582 2717 5656 λέξῃς

791 5654 836 5726 'f
862 5654 1062 5726 Jerem.
1091 5652 1313 5712 nvitl.‘
1354 5658 1397 5688 ⁸⁵
1450 5656 1703 5726 Prosper.
1738 5662 1879 5709 sent.
1906 5655 2057 5726 7178.
2093 5652 2291 5726 Calixt.
2351 5652 2522 5726 epit.

2234 4546 2394 4603 sunt;
2413 4535 2505 4605 qui
2536 4542 2719 4588 autem
2737 4538 3162 4601 cooperuerunt,
3189 4544 3438 4600 magnam
3462 4517 3733 4581 benedictio-

2236 4644 2359 4685 nem
2403 4633 2759 4689 meruerunt;
2788 4625 2960 4678 multo
2998 4624 3172 4693 magis
3227 4624 3320 4677 isti
3372 4622 3565 4688 majore
3589 4623 3631 4669 et
3650 4623 3733 4663 am-

2234 4722 2407 4791 pliore
2442 4717 2895 4773 condemnatione
2935 4714 3085 4784 digni
3124 4722 3259 4768 sunt
3306 4712 3397 4783 qui
3426 4706 3644 4781 patribus
3665 4700 3725 4754 ob

2233 4811 2404 4875 viare,
2439 4816 2533 4863 aut
2555 4816 2745 4862 contra
2791 4821 2887 4861 eos
2913 4805 3200 4874 insurgere
3232 4805 3497 4864 nituntur,
3526 4804 3606 4853 aut
3631 4792 3725 4859 inju-

2233 4905 2370 4959 riam
2394 4902 2480 4957 vel
2530 4898 2913 4955 contumeliam
2944 4897 3024 4952 eis
3057 4897 3263 4951 inferre
3298 4895 3611 4955 moliuntur;
3638 4899 3735 4955 quo-

2233 4996 2381 5051 niam
2417 4993 2512 5063 qui
2544 4992 2625 5047 eis
2654 4990 2884 5050 resistit,
2918 4988 3031 5043 Deo
3066 4989 3311 5055 resistit,
3351 4996 3406 5043 et
3427 4986 3515 5056 qui
3544 4983 3612 5037 eis
3632 4976 3729 5043 inju-

2233 5086 2370 5139 riam
2400 5084 2482 5138 vel
2519 5081 2904 5137 contumeliam
2948 5080 3096 5143 facit,
3146 5079 3281 5142 Deo,
3316 5078 3473 5147 cujus
3521 5069 3737 5142 legatione

2234 5176 2557 5247 funguntur.
2592 5173 2723 5227 facit
2752 5192 2763 5226 :
2799 5172 3022 5241 Expavit
3052 5172 3238 5224 cmlum
3266 5186 3419 5238 super
3449 5168 3555 5226 hoc,
3582 5173 3622 5216 et
3647 5161 3734 5247 hor-

2234 5246 2351 5318 ruit
2372 5264 2601 5331 aritplius
2625 5261 2964 5322 vehementer,
2990 5260 3116 5312 dicit
3156 5260 3417 5313 Dominus
3438 5258 3500 5311 ”.
3523 5252 3562 5309 Ο
3587 5246 3734 5305 intole-

2233 5357 2459 5415 rabilem
2498 5355 2888 5423 malignitatem
2912 5354 2933 5405 ἓν
2961 5368 2993 5405 ο
3042 5353 3284 5420 linguam
3342 5352 3625 5421 loquentem
3668 5335 3734 5389 ini-

2729 5510 2774 5541 "
2809 5520 3086 5577 comptam,
3118 5512 3189 5566 ita
3229 5523 3337 5561 ms.
3436 5505 3481 5535 ⁷⁸
3553 5498 3735 5577 fractus.

2723 5622 2735 5633 .
2771 5581 2823 5631 in
2870 5571 2957 5633 Ps.
2996 5571 3239 5647 “(apud
3280 5571 3735 5647 Prosperunt,s¢'llt.

2411 5600 2463 5635 .e.
2526 5596 2571 5612 -ο
2597 5596 2735 5649 ang.
2771 5596 2823 5631 ιιι
2871 5596 2957 5633 rs.
2996 5596 3068 5635 ix.
3097 5597 3122 5629 ει
3167 5596 3239 5630 uu
3280 5596 3735 5647 l’l'OSperuuthrI-v.

2411 5671 2457 5753 to
2474 5652 2594 5777 ‘jer
2625 5650 2761 5775 ""2-
2788 5650 2971 5715 Ουεεει
3041 5650 3092 5709 7,
3125 5596 3457 5709 gacerdom,
3492 5653 3537 5697 et
3572 5638 3736 5707 reliqui.
