3900 6334
182 286 285 347 tea
942 256 944 259 ’
1073 276 1087 293 '
1370 286 1736 346 EPISTOLE
1771 284 2240 345 DECRETALES.
2277 352 2283 358 ,
3314 287 3431 351 490'

175 402 432 473 quitatem
471 412 666 456 contra
707 398 897 466 Deum,
923 409 976 456 et
1022 410 1263 457 mentem
1310 402 1365 456 in
1395 402 1742 457 altitudinem
1775 403 1819 460 A
1847 400 1977 471 gite,
2008 409 2062 457 et
2084 402 2369 456 veritatem
2406 401 2575 458 corde
2600 402 2877 474 prolerte,
2911 403 3169 473 quoniam
3211 406 3418 465 multos

173 509 338 548 cornu
382 493 765 548 extollentem!
796 492 863 546 Et
893 494 1087 548 iterum
1123 513 1136 548 :
1167 491 1400 563 Impone,
1437 496 1612 558 homo,
1639 504 1744 548 tua:
1841 494 1955 564 jam
1986 494 2354 566 supplantavit
2384 496 2680 564 suspicio'.
2714 495 3050 551 Charitatem
3084 512 3300 567 semper
3328 499 3420 555 di-

171 585 359 654 linguae
414 587 610 638 ostium
659 594 707 640 et
767 603 942 639 seram
961 587 1027 641 ⁹¹.
1059 586 1365 643 Cessa"in
1391 588 1742 644 altitudinem
1846 586 2029 655 ligite.
2060 595 2115 640 et
2143 582 2344 640 fratres
2386 585 2661 650 adiuvate.
2706 587 2880 643 Erunt
2918 589 3063 643 enim
3101 590 3260 659 quasi
3303 608 3416 648 non

167 677 453 737 extollens,
485 684 538 732 et
574 679 806 746 loquens
854 678 1117 735 adversus
1164 680 1335 735 Deum
1392 680 1740 753 iniquitatem
1844 690 1953 734 sm't
1998 690 2053 735 et
2088 674 2346 751 peribunt
2384 681 2488 734 viri
2513 680 2606 749 qui
2637 679 3024 736 contradicunt
3055 684 3228 739 vobis.
3264 678 3416 743 Unde

165 777 217 823 et
267 770 581 836 proximum
640 778 816 824 tuum.
870 769 1164 841 Quousque
1219 773 1456 828 insultas
1510 772 1739 841 patienti
1842 780 1896 826 et
1921 767 2186 829 Dominus
2208 775 2283 827 ait
2315 787 2329 825 :
2365 771 2471 839 Qui
2492 790 2579 827 vos
2619 773 2792 834 audit.
2820 792 2901 829 me
2929 785 3116 836 audit;
3145 793 3195 831 et
3212 793 3300 849 qui
3326 796 3416 835 vos

162 856 387 911 Christo
446 866 503 911 et
558 856 860 915 fratribus?
926 860 1049 915 llam
1101 877 1204 917 nos
1265 862 1593 920 familiarius
1640 863 1740 919 do-
1841 854 2059 933 spernit,
2089 883 2170 920 me
2196 868 2597 937 spernit;etqui
2626 868 2823 929 spernit
2845 886 2944 932 me,
2968 875 3165 938 spernit
3190 874 3421 943 eumqui

163 947 344 1014 cebat,
391 958 446 1004 et
502 948 618 1004 haec
667 951 827 1006 nobis
872 953 1169 1023 publicitus
1187 955 1235 987 ”
1269 955 1568 1025 praedictus
1618 970 1738 1010 ma-
1840 973 1922 1012 me
1960 959 2103 1012 misit
2120 959 2161 1015 ³.
2185 958 2253 1013 Et
2284 959 2411 1015 item
2446 960 2588 1026 :Qui
2610 960 2748 1013 enim
2772 977 2873 1014 non
2893 971 2971 1015 est
3002 962 3278 1018 adversum
3299 982 3412 1031 vos,

158 1040 328 1109 gister
419 1047 474 1095 et
546 1040 846 1098 instructor
930 1052 1094 1115 atque
1162 1046 1449 1100 ordinator
1524 1055 1734 1111 noster,
1836 1065 1930 1118 pro
1959 1051 2100 1105 vobis
2128 1063 2226 1105 est.
2262 1051 2512 1122 Quisquis
2549 1053 2685 1105 enim
2708 1061 2888 1121 potum
2914 1054 3114 1108 dederit
3157 1058 3296 1112 vobis
3322 1075 3415 1113 ea-

158 1132 421 1201 princeps
480 1135 846 1203 apostolorum
902 1135 1131 1198 Petrus,
1185 1139 1240 1192 in
1298 1138 1543 1194 Ecclesia
1598 1156 1737 1209 prte-
1838 1143 1988 1196 licem
2016 1160 2167 1213 aqua:
2197 1146 2249 1197 in
2283 1145 2493 1198 nomine
2536 1160 2670 1209 meo,
2704 1147 2830 1216 quia
2855 1143 3053 1201 Christi
3081 1150 3227 1213 estis,
3260 1168 3411 1207 amen

156 1223 400 1291 dicabat,
436 1228 744 1296 exemplum
796 1229 955 1289 dans.
982 1238 1039 1283 ut
1073 1238 1126 1284 et
1155 1246 1257 1285 nos
1287 1231 1541 1286 similiter
1562 1231 1737 1287 facia-
1837 1236 1953 1290 dico
1971 1236 2133 1300 vobis,
2164 1251 2267 1290 non
2288 1238 2465 1305 perdet
2488 1237 2768 1290 mercedem
2793 1255 2962 1293 suam.
2992 1238 3057 1292 Et
3078 1243 3165 1309 qui
3186 1243 3413 1298 scanda-

158 1330 275 1372 mus
309 1333 325 1368 :
366 1317 767 1384 Humiliamini,
822 1322 1018 1390 inquit,
1072 1323 1126 1375 in
1172 1333 1452 1391 conspectu
1496 1323 1731 1389 Domini,
1838 1328 2073 1382 lizaverit
2103 1345 2265 1381 unum
2296 1345 2359 1382 ex
2391 1328 2470 1383 his
2490 1330 2699 1398 pusillis
2731 1329 3061 1385 credentibus
3093 1334 3143 1385 in
3188 1351 3286 1401 me,
3320 1335 3411 1388 bo-

156 1418 202 1462 et
242 1408 516 1462 exaltabit
590 1410 764 1467 v08”.
788 1409 970 1465 Nolite
1041 1413 1315 1468 detrahere
1393 1413 1732 1483 alterutrum
1836 1438 1961 1475 num
2007 1430 2083 1475 est
2124 1420 2173 1475 ei
2218 1423 2407 1491 magis,
2453 1423 2499 1478 si
2545 1422 2961 1476 circumdantur
3000 1424 3139 1478 mola
3171 1428 3411 1482 asinaria

155 1503 409 1569 quoniam
446 1502 536 1572 qui
569 1502 797 1557 detrahit
826 1504 1005 1572 fratri,
1043 1515 1137 1558 aut
1168 1506 1259 1576 qui
1278 1506 1489 1576 judicat
1514 1507 1735 1576 fratrem
1836 1513 1971 1569 collo
1993 1514 2129 1583 ejus,
2159 1524 2209 1568 et
2236 1516 2287 1568 in
2317 1532 2463 1569 mare
2496 1516 2808 1571 mitteretur.
2836 1513 2904 1569 Et
2937 1519 2984 1571 si
3013 1520 3409 1575 scandalizave-

156 1608 326 1654 suum,
391 1592 617 1647 detrahit
667 1595 786 1666 legi,
823 1605 872 1649 et
911 1595 1123 1665 judicat
1183 1598 1362 1668 legem.
1408 1599 1513 1665 Qui
1558 1612 1732 1655 autem
1835 1608 1905 1659 rit
1930 1617 1977 1659 te
2008 1620 2197 1660 manus
2228 1616 2341 1671 tua,
2375 1606 2621 1661 abscinde
2659 1608 2827 1662 illam.
2852 1608 3056 1663 Bonum
3078 1622 3154 1665 est
3186 1611 3281 1666 tibi
3318 1616 3411 1667 de-

156 1684 355 1737 iudicat
416 1688 600 1756 legem,
649 1703 752 1742 non
816 1698 895 1743 est
942 1688 1115 1758 factor
1170 1690 1319 1761 legis,
1396 1691 1487 1745 sed
1539 1693 1727 1762 judex.
1762 1745 1804 1770 ἢ
1835 1696 1991 1751 bilem
2010 1699 2229 1753 introire
2250 1700 2307 1753 in
2338 1700 2699 1770 vitam,quam
2729 1699 2866 1769 duas
2909 1719 3098 1757 manus
3128 1703 3401 1759 habentem

160 1774 299 1829 Unus
333 1788 417 1831 est
442 1780 579 1832 enim
611 1780 883 1850 legislator
904 1791 954 1835 et
977 1780 1166 1850 judex,
1197 1784 1287 1853 qui
1315 1792 1484 1851 potest
1513 1784 1732 1851 perdere
1762 1774 1806 1801 υ
1836 1791 1912 1844 ire
1935 1789 1987 1843 in
2007 1790 2315 1860 gehennam,
2351 1792 2405 1845 in
2434 1793 2603 1862 ignem
2641 1793 3138 1864 inexstinguibilem,
3176 1797 3265 1851 ubi
3296 1814 3409 1852 ver-

152 1877 197 1920 et
227 1868 479 1925 liberare.
530 1871 609 1924 Tu
649 1881 821 1926 autem
867 1874 982 1943 quis
1031 1890 1107 1937 es,
1162 1876 1253 1944 qui
1287 1876 1504 1944 judicas
1551 1879 1732 1945 proxi-
1836 1885 1936 1935 mis
1966 1895 2145 1937 eorum
2169 1900 2272 1937 non
2293 1885 2539 1949 moritur,
2565 1894 2613 1938 et
2641 1886 2777 1956 ignis
2808 1902 2911 1940 non
2931 1887 3301 1959 exstinguitur.
3340 1889 3408 1945 Et

154 1976 291 2012 mum
311 1959 399 2017 ’⁸2
424 1960 544 2017 Non
564 1972 797 2033 oportet.
830 1963 948 2018 Non
983 1966 1226 2036 pracipit
1245 1982 1347 2023 nos
1371 1967 1617 2037 judicare
1647 1970 1731 2024 in-
1830 1962 1883 2027 si
1907 1990 1993 2043 pes
2016 1984 2137 2029 tuus
2162 1976 2495 2030 scandalizat
2526 1988 2595 2041 te,
2628 1986 2844 2047 amputa
2886 1978 3057 2036 illum.
3097 1981 3302 2035 Bonum
3328 1992 3405 2037 est

151 2051 348 2115 vicem,
385 2052 479 2107 sed
509 2056 682 2125 magis
714 2056 975 2110 auxilium
1009 2055 1227 2115 ferre."
1261 2057 1351 2113 Vm
1370 2060 1494 2125 erit,
1528 2061 1725 2132 inquit,
1835 2067 1951 2133 tibi,
1976 2069 2224 2123 claudum
2247 2069 2470 2123 introire
2499 2071 2555 2124 in
2584 2072 2745 2125 vitam
2784 2080 3055 2135 wternam,
3087 2089 3244 2144 quam
3273 2073 3405 2128 duos

151 2143 235 2200 his
264 2146 366 2213 qui
398 2146 596 2203 fratres
624 2149 911 2213 tribulant,
952 2161 1006 2206 et
1028 2151 1110 2206 eis
1141 2151 1234 2221 qui
1264 2168 1359 2209 eos
1386 2169 1727 2227 persequun—
1830 2158 1983 2228 pedes
2010 2160 2302 2227 habentem,
2328 2163 2468 2216 mitti
2497 2163 2551 2217 in
2578 2163 2868 2234 gehennam
2896 2165 3031 2235 ignis
3055 2143 3405 2237 inexstingui-

150 2240 257 2291 tur.
294 2236 412 2293 Vos
441 2246 622 2293 autem
652 2253 858 2311 quanto
895 2243 1131 2313 amplius
1174 2245 1533 2314 tribulamini,
1575 2257 1726 2303 tanto
1831 2250 1975 2317 bilis,
1996 2252 2089 2307 ubi
2109 2256 2295 2309 vermis
2314 2271 2493 2310 eorum
2520 2273 2623 2310 non
2649 2258 2893 2320 moritur,
2912 2268 2961 2311 et
2991 2259 3127 2328 ignis
3158 2276 3259 2313 non
3290 2277 3406 2315 exs-

148 2330 499 2398 purgatiores
541 2341 708 2402 atque
752 2333 1028 2390 beatiores
1072 2335 1426 2403 efficiemini,
1461 2340 1507 2394 si
1540 2348 1723 2395 tamen
1830 2344 2106 2414 tinguitur.
2154 2346 2307 2413 Quod
2328 2348 2375 2409 si
2403 2349 2586 2403 oculus
2616 2357 2735 2404 tuus
2783 2349 3117 2404 scandalizat
3165 2364 3233 2415 te,
3276 2354 3405 2419 ejice

146 2421 271 2490 ipsa
317 2423 595 2479 tribulatio
651 2426 921 2496 patienter
975 2428 1138 2483 fuerit
1186 2439 1524 2500 supportata.
1566 2431 1722 2499 Quod
1826 2455 1964 2493 eum.
2007 2438 2213 2493 Bonum
2250 2451 2328 2495 est
2363 2442 2458 2496 tibi
2475 2441 2677 2497 luscum
2710 2444 2930 2498 introire
2958 2443 3011 2497 in
3040 2460 3254 2516 regnum
3278 2446 3400 2511 Dei,

144 2513 311 2568 etiam
344 2516 465 2586 ipse
487 2533 586 2573 nos
622 2517 885 2576 Dominus
918 2520 1144 2576 docuit:
1183 2522 1345 2578 Beati
1363 2525 1454 2594 qui
1480 2541 1723 2595 persecu-
1825 2546 1982 2601 quam
2048 2532 2180 2587 duos
2240 2534 2441 2589 oculos.
2491 2534 2764 2590 habentem
2818 2537 2958 2591 mitti
3012 2538 3065 2591 in
3100 2513 3399 2608 gehennam

148 2606 341 2660 tionem
370 2608 650 2675 patiuntur
670 2621 881 2680 propter
901 2614 1171 2682 justitiam
1188 2616 1253 2671 ".
1274 2615 1341 2672 Et
1368 2617 1534 2673 item:
1568 2617 1722 2673 Beati
1824 2625 1982 2696 ignis.
2042 2628 2133 2681 ubi
2185 2628 2372 2682 vermis
2418 2643 2599 2683 eorum
2632 2644 2734 2683 non
2765 2628 3008 2693 moritur,
3062 2606 3273 2700 ειήὶῃηὶε
3297 2646 3401 2685 non

145 2698 308 2761 ιτὶιίες
342 2716 465 2753 cum
498 2719 584 2757 vos
614 2703 819 2759 oderint
844 2706 1101 2771 homines.
1130 2718 1180 2762 et
1206 2712 1461 2778 persecuti
1489 2728 1576 2766 vos
1604 2710 1721 2781 fue-
1823 2722 2192 2793 exstinguitur.
2238 2722 2424 2777 Omnis
2485 2722 2623 2777 enim
2668 2723 2819 2776 homo
2867 2723 2982 2791 igne
3034 2723 3276 2786 salietur,
3349 2731 3401 2778 et

146 2790 270 2853 τίηι,
297 2801 351 2845 εί
394 2792 637 2856 eiecerint
690 2813 875 2852 nomen
926 2811 1156 2855 vestrum
1197 2810 1450 2873 tanquam
1492 2803 1714 2861 malum.
1814 2790 2238 2869 ‘omnisvvictima
2271 2815 2496 2870 salietur
2511 2815 2553 2869 ⁸.
2586 2815 2793 2869 Bonum
2817 2790 2899 2868 est
2923 2814 3007 2868 sal
3034 2814 3208 2877 :quod
3242 2814 3290 2870 si
3315 2816 3400 2871 sal

148 2879 383 2939 Gaudete
412 2887 467 2939 in
491 2887 591 2941 illa
616 2888 701 2943 die
728 2900 778 2944 et
806 2894 1099 2975 eusultate,
1131 2897 1380 2964 quoniam
1418 2914 1612 2953 merces
1640 2914 1720 2954 ve-
1822 2906 2085 2961 insulsum
2112 2908 2293 2977 fuerit,
2324 2908 2380 2960 in
2419 2924 2521 2977 quo
2582 2907 2718 2961 illud
2747 2907 2990 2962 salictis?
3012 2906 3209 2961 llabete
3240 2907 3324 2961 sal
3342 2908 3398 2963 in

147 2984 250 3029 stra
270 2979 452 3032 multa
486 2990 562 3033 est
586 2981 641 3035 in
669 2983 794 3036 caelo
810 2968 877 3038 ’νζ
912 2983 1065 3040 Unde
1099 2994 1153 3041 et
1197 2988 1314 3057 ipse
1356 2988 1436 3042 ait
1468 3008 1480 3042 :
1514 2988 1713 3061 Diliges
1823 2999 1986 3060 vobis,
2018 3008 2066 3053 et
2087 2968 2470 3068 pacem'habet'e
2509 3001 2649 3054 inter
2679 3002 2806 3054 vos'
2827 3017 2842 3065 ;
2867 2999 2995 3069 quia
3026 3000 3273 3069 quisquis
3307 3014 3388 3052 ve-

146 3066 431 3123 Dominum
464 3071 630 3127 Deum
670 3083 816 3127 tuum
838 3092 902 3129 ex
938 3086 1044 3132 toto
1086 3079 1240 3134 corde
1272 3090 1381 3147 tua,
1414 3091 1465 3135 et
1501 3097 1565 3136 ex
1606 3093 1718 3139 tota
1745 3105 1787 3161 α
1820 3098 1993 3146 strum
2021 3066 2171 3148 recte
2197 3092 2471 3157 docuerit,
2508 3099 2563 3148 et
2592 3092 2743 3162 juste
2780 3066 2997 3155 vixerit,
3029 3066 3246 3145 habebit
3280 3093 3397 3161 glm

146 3163 317 3216 anima
344 3173 463 3229 tua,
494 3177 543 3219 et
571 3182 634 3220 ea:
658 3170 779 3221 totis
809 3170 1006 3225 viribus
1032 3173 1154 3237 tuis,
1179 3183 1228 3226 et
1248 3176 1547 3242 proximum
1570 3185 1715 3230 tuum
1819 3183 1978 3238 riam.
2012 3182 2115 3250 Qui
2144 3193 2322 3241 autem
2353 3200 2516 3240 secus
2555 3185 2747 3255 egerit,
2776 3183 3148 3238 indubitanter
3177 3197 3395 3254 poenam

145 3254 271 3307 sicut
310 3257 543 3323 teipsum
557 3259 649 3314 “2
683 3259 799 3314 Non
834 3264 1017 3343 enim,
1077 3266 1287 3335 inquit.
1313 3265 1318 3269 ’
1346 3277 1493 3324 recte
1542 3271 1717 3341 diligit
1820 3278 2132 3333 sustinebit.
2167 3277 2293 3333 Ideo
2315 3278 2458 3333 bona
2492 3254 2652 3347 agere
2679 3292 2777 3332 vos
2808 3292 3024 3347 semper
3060 3284 3303 3348 Oportet,
3335 3284 3396 3331 ut

148 3342 333 3433 Deum,
366 3348 460 3416 qui
480 3348 700 3404 fratrem
728 3352 1068 3425 insequitur:
1091 3374 1193 3413 nec
1213 3360 1389 3431 diligit
1408 3365 1715 3432 proximum
1818 3368 2066 3424 bravium
2107 3379 2325 3426 aeterna:
2348 3372 2472 3425 vita:
2499 3342 2839 3441 percipiatis.

143 3437 229 3507 qui
256 3432 323 3493 ei
345 3439 618 3505 detrahit,
661 3444 745 3499 vel
776 3448 869 3515 qui
910 3449 1063 3502 illum
1104 3462 1360 3519 accusat;
1399 3457 1527 3525 quia
1571 3458 1716 3527 quod
1885 3460 1984 3520 His
2013 3474 2144 3534 ergo
2168 3465 2308 3520 bene
2324 3432 2519 3535 parete
2535 3432 2849 3519 sententiis.
2878 3459 2956 3517 Ne
2976 3462 3103 3532 quis
3118 3462 3233 3516 haec
3256 3477 3393 3532 prae"

144 3530 238 3584 sibi
261 3532 399 3602 quis
431 3533 547 3589 ﬁeri
577 3550 685 3591 non
716 3541 852 3601 vult,
888 3541 991 3597 hoc
1014 3544 1171 3600 alteri
1201 3547 1515 3604 nullatenus
1538 3549 1717 3607 facere
1817 3562 1973 3626 cepta
2002 3530 2225 3611 minime
2253 3530 2443 3611 credat
2471 3553 2769 3625 implenda,
2802 3530 3083 3623 etjudicio
3107 3553 3202 3608 Dei
3232 3530 3395 3607 aeter-

142 3621 317 3678 debet.
360 3623 583 3690 Discite,
617 3628 813 3699 inquit,
841 3631 937 3686 lilii
976 3635 1456 3706 mei.sapientiam,
1487 3650 1542 3696 et
1572 3650 1716 3699 tene—
1815 3621 2037 3719 ni—ignis
2064 3655 2334 3723 tormenta
2365 3621 2670 3711 sustineat,
2705 3646 2799 3717 qui
2828 3621 3187 3701 ecclesiastici
3211 3645 3392 3715 operis

140 3714 427 3769 toteﬁdem
442 3725 669 3783 rectam,
687 3729 740 3775 et
755 3724 1506 3796 amplectiminicbaritatem,
1524 3743 1582 3788 ut
1606 3752 1714 3792 non
1818 3714 1976 3794 sacra
2013 3719 2337 3811 neglexerit.
2369 3737 2499 3793 Haec
2525 3714 2911 3809 igiturJfrater
2940 3737 3165 3805 Jacobe,
3196 3714 3265 3793 de
3293 3754 3390 3794 ore

138 3806 430 3862 excidatis.
454 3807 595 3863 Data
618 3820 694 3865 est
719 3814 856 3866 enim
887 3832 920 3868 a
943 3815 1169 3872 Domino
1188 3830 1441 3889 potestas,
1466 3834 1516 3878 et
1549 3828 1713 3883 virtus
1816 3833 1991 3888 sancti
2022 3806 2167 3895 Petri
2189 3832 2437 3901 jubentis
2474 3806 2663 3886 audivi
2690 3846 2702 3881 :
2738 3829 2796 3884 Si
2828 3830 2951 3900 quis
2983 3840 3248 3900 praecepta
3274 3830 3390 3885 huic

139 3896 202 3949 ab
230 3900 539 3967 ditissima,
564 3906 653 3973 qui
678 3906 1022 3977 interrogabit
1042 3928 1200 3980 opera
1229 3925 1421 3981 vestra,
1438 3928 1487 3971 et
1510 3922 1715 3989 eogita-
1814 3943 1924 3981 non
1958 3927 2169 3998 integra
2190 3896 2542 3990 custodierit,
2570 3926 2641 3980 sit
2669 3923 2954 3978 anathema
2988 3939 3161 3993 usque
3192 3923 3258 3976 ad
3286 3924 3386 3977 ad-

142 3991 300 4047 tiones
336 3997 664 4051 scrutabitur
689 4011 889 4055 vestras
912 4003 976 4057 ’⁸.
1007 4003 1110 4070 Qui
1139 4016 1318 4062 autem
1357 4014 1715 4070 custodiet-int
1813 4029 2037 4077 ventum
2075 3991 2289 4075 Domini
2324 4018 2503 4074 nostri
2533 4016 2665 4073 Jesu
2703 4016 2931 4071 Christi.
2963 4015 3087 4095 Hzec
3115 4024 3386 4086 praecepta

134 4084 409 4153 justitiam
452 4090 602 4159 juste
635 4093 1030 4161 iudicabuntur
1070 4117 1083 4153 :
1124 4110 1176 4154 et
1217 4103 1311 4170 qui
1345 4103 1712 4160 didicerint’”
1813 4112 2490 4183 asanctoPetroapostolo
2510 4110 2803 4180 accepi;et
2825 4110 2947 4174 tibi,
2969 4084 3144 4164 frater
3171 4084 3386 4164 charis-

134 4177 302 4245 justa,
324 4181 376 4211 θ’
400 4181 554 4249 juste
584 4183 859 4239 invenient
890 4187 1021 4256 quid
1052 4192 1437 4260 respondeant.
1487 4195 1714 4268 Semper
1814 4206 1970 4273 sime,
2009 4206 2292 4261 insinuare
2316 4204 2528 4269 curavi,
2552 4210 2613 4257 ut
2635 4202 2841 4258 servari
2874 4202 3059 4256 omnia
3099 4202 3385 4272 praecipias

136 4280 409 4327 cavetote.
432 4271 698 4344 Praecepit
723 4278 867 4331 enim
914 4294 983 4334 ne
1010 4281 1305 4352 aliquando
1329 4297 1552 4356 peccato
1576 4306 1710 4345 con-
1813 4297 1933 4355 sine
1958 4271 2197 4354 macula.
2232 4295 2291 4350 Si
2313 4297 2437 4367 quis
2461 4311 2591 4351 vero
2606 4294 2849 4349 audierit
2877 4301 2954 4357 te,
2978 4271 3132 4348 utilis
3150 4295 3256 4348 erit
3282 4295 3384 4348 mi-

136 4367 449 4422 sentiamus
485 4374 539 4421 et
578 4371 1057 4438 praetermittamus
1086 4385 1353 4446 praecepta
1384 4377 1477 4433 Dei
1509 4382 1704 4439 nostri.
1743 4441 1781 4456 λ
1814 4392 1986 4447 nister
2011 4390 2138 4446 Jesu
2169 4389 2392 4445 Christi.
2419 4388 2520 4456 Qui
2553 4397 2732 4443 autem
2756 4401 2867 4441 non
2897 4385 3129 4439 audierit
3159 4393 3233 4448 te,
3270 4386 3384 4439 imo

143 4457 211 4488 “‘
234 4457 523 4514 Ecclesias
556 4476 651 4528 per
678 4476 919 4532 congrua
948 4471 1002 4519 et
1034 4441 1188 4521 utilia
1220 4441 1381 4525 facite
1408 4471 1547 4538 loca,
1588 4490 1683 4545 qua

1839 4492 2122 4554 oquentem
2153 4482 2441 4537 Dominum
2471 4497 2575 4551 per
2594 4489 2669 4545 te,
2703 4480 2819 4550 ipse
2846 4479 2951 4534 sibi
2982 4478 3379 4532 damnationem

136 4549 339 4606 divinis
372 4553 630 4621 precibus
658 4569 877 4609 sacrare
898 4565 1113 4627 Oportet
1135 4598 1150 4621 ,
1189 4569 1243 4615 et
1268 4560 1322 4615 in
1345 4563 1578 4635 singulis
1619 4584 1708 4622 sa-
1813 4549 2065 4646 accipiet,
2090 4573 2111 4607 ⁸
2141 4549 2499 4645 Omnipotens
2518 4572 2682 4651 Deus,
2700 4549 3046 4634 charissime,
3066 4578 3233 4625 suate
3256 4586 3373 4640 pro-

135 4644 427 4706 cerdntes,
477 4643 677 4699 divinis
724 4647 1068 4704 orationibus
1125 4649 1236 4707 Deo
1291 4654 1521 4722 dicatos,
1554 4660 1702 4728 poni.
1813 4643 3379 4736 lectioneCiistodiat,atqueadcoclestisremunerationem

134 4730 285 4799 Quos
309 4738 384 4789 ab
403 4736 658 4792 omnibus
679 4742 927 4794 venerari
956 4751 1194 4811 oportet,
1217 4752 1270 4800 et
1300 4761 1409 4801 non
1432 4764 1706 4821 quoquam
1809 4734 2021 4833 patriae,
2052 4759 2337 4829 multiplici
2374 4730 2680 4812 animarum
2712 4754 2891 4813 fructu
2925 4756 3208 4825 perducat.
3234 4753 3379 4811 Deus

135 4827 377 4893 gravari.
410 4827 641 4898 Semper
675 4831 842 4888 vitate
871 4834 1035 4900 mala,
1068 4847 1122 4892 et
1162 4854 1265 4909 pro
1297 4843 1584 4902 animabus
1610 4865 1705 4904 ve-
1809 4827 2087 4910 teiterum'
2105 4827 2411 4923 iterumque
2435 4851 2765 4907 incolumem
2794 4847 3090 4914 custodiat,
3123 4862 3377 4903 reveren-

136 4920 268 4976 stris
298 4937 374 4978 ne
394 4924 805 4984 confundamini
835 4928 1019 4986 dicere
1041 4934 1286 4989 verum‘.
1311 4934 1592 4995 Mcndacia
1621 4944 1707 4999 fu-
1809 4948 2025 5004 tissime
2055 4946 2241 5001 frater.
2267 4920 2463 5000 Amen.
2782 4943 2785 4945 “

200 5129 677 5239 'I'JEcel-i.“xttv'ttl.
755 5158 801 5239 ’ξ
830 5176 1014 5239 (ξυνίῃΣ
1092 5161 1138 5239 ξ’
1167 5164 1389 5239 publice.
1436 5238 1439 5239 ν
1466 5167 1511 5239 ’ξ
1542 5166 1562 5220 l
1593 5164 1739 5226 Petr.
1770 5167 2026 5239 v."“Jac.
2059 5185 2138 5239 tv,
2167 5166 2232 5220 ad
2265 5183 2423 5239 quem
2456 5174 2634 5239 tamen
2662 5170 2773 5221 lucc
2802 5166 2963 5239 scribi
3009 5169 3211 5225 dicitur
3255 5169 3367 5239 epi-

201 5178 241 5185 --
280 5178 455 5208 uoti.
487 5178 677 5214 ιιι-ιιι.
758 5178 800 5189 θ’
830 5178 920 5214 cor
1000 5204 1013 5215 .
1094 5178 1138 5193 "
1167 5178 1389 5232 pttDltee.
1466 5178 1511 5197 "
1542 5178 1562 5220 Ι
1594 5178 1673 5225 l’e:

352 5224 421 5306 _"_’
441 5224 618 5291 Alex.,
652 5231 822 5306 epil.
899 5178 1151 5306 ’ἤιξαιι
1181 5251 1234 5299 v,
1266 5233 1352 5289 {0.
1428 5238 1473 5269 "’
1492 5238 1655 5305 lbid.,

1819 5178 2026 5223 ."'Jac.
2059 5185 2138 5234 tv,
2167 5178 2232 5220 ad
2265 5183 2423 5237 quem
2456 5178 2634 5221 tamen
2662 5178 2773 5221 lucc
2802 5178 2963 5223 scribi
3009 5178 3211 5225 dicitur
3255 5178 3359 5239 epi-

1844 5236 2118 5293 ‘7‘Matth.
2144 5255 2277 5303 xm,
2311 5236 2397 5294 37.
2474 5237 2519 5269 “
2536 5235 2663 5306 Sap.
2698 5255 2774 5301 vi,
2803 5238 2856 5291 4.
2933 5239 2999 5271 ’⁸⁸
3029 5242 3359 5292 crediderint.

133 5291 371 5379 :Abest
566 5291 783 5379 _voéula
842 5314 903 5379 ξι-
933 5291 1234 5379 ειιυειηξ
1271 5306 1338 5337 ¹⁶⁰
1389 5308 1458 5363 10
1486 5291 1673 5379 (ιξῆῗ,

1822 5291 2115 5379 ’δὶαείρεέηί
2138 5291 2212 5365 et
2239 5291 2309 5364 de
2338 5291 2509 5379 icons.
2568 5291 2695 5363 dist.
2746 5291 2797 5362 ι’,
2825 5307 3111 5379 Ecciestas.
3221 5309 3236 5339 ³
3262 5309 3362 5360 Ec-

253 5379 345 5486 εἴη
414 5365 625 5423 ’Ecclt.
686 5386 768 5428 Ill.
843 5371 1012 5447 'Luc.
1076 5391 1134 5436 ι,
1170 5375 1259 5432 16.
1365 5378 1389 5409 ⁸
1435 5361 1546 5435 kal;
1580 5361 2300 5443 ὲάιᾶἱάὲζ””ῖ⁷δίέιιο.”ιὶ,’
2335 5361 2404 5434 39
2443 5361 2507 5433 et
2535 5361 2692 5448 seq.v
2761 5379 2781 5409 ‘
2818 5361 2885 5435 S.
2911 5361 3087 5451 δέος.
3137 5394 3223 5450 ep.
3270 5379 3359 5443 27.

442 5861 707 5917 “non.
749 5857 867 5916 GI.
904 5856 981 5929 1,,
2096 5818 2099 5819 ν
2506 5896 2507 5899 η
2666 5878 2667 5881 ‘
3040 5862 3117 5923 .16
