  <div class='ocr_page' id='page_1' title='image "/cluster/home/n/w/nwhite01/storage/ocr_20150623/1/hvd.32044073501405/253.png"; bbox 0 0 3900 6334; ppageno 0'>
   <div class='ocr_carea' id='block_1_1' title="bbox 524 336 621 392">
    <p class='ocr_par' dir='ltr' id='par_1_1' title="bbox 524 336 621 392">
     <span class='ocr_line' id='line_1_1' title="bbox 524 336 621 392; baseline 0 0"><span class='ocrx_word' id='word_1_1' title='bbox 524 336 621 392; x_wconf 60' lang='lat' dir='ltr'><strong><em>bili</em></strong></span> 
     </span>
    </p>
   </div>
   <div class='ocr_carea' id='block_1_2' title="bbox 1402 292 3745 393">
    <p class='ocr_par' dir='ltr' id='par_1_2' title="bbox 1402 292 3745 393">
     <span class='ocr_line' id='line_1_2' title="bbox 1402 292 3745 393; baseline 0.001 -3"><span class='ocrx_word' id='word_1_2' title='bbox 1402 333 1461 390; x_wconf 54' lang='lat' dir='ltr'><strong><em>so</em></strong></span> <span class='ocrx_word' id='word_1_3' title='bbox 1496 330 1889 390; x_wconf 82' lang='lat' dir='ltr'><strong><em>CLEMENTIS</em></strong></span> <span class='ocrx_word' id='word_1_4' title='bbox 1921 334 1939 388; x_wconf 92' lang='lat' dir='ltr'><strong><em>l</em></strong></span> <span class='ocrx_word' id='word_1_5' title='bbox 1978 332 2141 391; x_wconf 73' lang='lat' dir='ltr'><strong><em>non.</em></strong></span> <span class='ocrx_word' id='word_1_6' title='bbox 2181 334 2383 391; x_wconf 72' lang='lat' dir='ltr'><strong><em>rosr.</em></strong></span> <span class='ocrx_word' id='word_1_7' title='bbox 2421 332 2649 391; x_wconf 62' lang='lat' dir='ltr'><strong><em>ornus</em></strong></span> <span class='ocrx_word' id='word_1_8' title='bbox 2682 330 2912 392; x_wconf 79' lang='lat' dir='ltr'><strong><em>DUBIA.</em></strong></span> <span class='ocrx_word' id='word_1_9' title='bbox 3601 338 3679 393; x_wconf 71' lang='lat' dir='ltr'><strong><em>tri</em></strong></span> <span class='ocrx_word' id='word_1_10' title='bbox 3742 292 3745 293; x_wconf 11' lang='grc' dir='ltr'><em>ν</em></span> 
     </span>
    </p>
   </div>
   <div class='ocr_carea' id='block_1_3' title="bbox 1672 530 2602 681">
    <p class='ocr_par' dir='ltr' id='par_1_3' title="bbox 1672 530 2602 681">
     <span class='ocr_line' id='line_1_3' title="bbox 1672 530 2602 681; baseline 0.001 -4"><span class='ocrx_word' id='word_1_11' title='bbox 1672 530 2316 681; x_wconf 69' lang='lat' dir='ltr'><strong><em>EPISTOLA&#39;</em></strong></span> <span class='ocrx_word' id='word_1_12' title='bbox 2414 593 2602 678; x_wconf 85' lang='lat' dir='ltr'><strong><em>Ill.</em></strong></span> 
     </span>
    </p>
   </div>
   <div class='ocr_carea' id='block_1_4' title="bbox 518 734 3689 804">
    <p class='ocr_par' dir='ltr' id='par_1_4' title="bbox 518 734 3689 804">
     <span class='ocr_line' id='line_1_4' title="bbox 518 734 3689 804; baseline 0.002 -10"><span class='ocrx_word' id='word_1_13' title='bbox 518 739 621 794; x_wconf 69' lang='grc' dir='ltr'><strong><em>ἈΒ</em></strong></span> <span class='ocrx_word' id='word_1_14' title='bbox 656 734 1051 800; x_wconf 85' lang='lat' dir='ltr'><strong><em>EPISCOPOS,</em></strong></span> <span class='ocrx_word' id='word_1_15' title='bbox 1070 735 1603 802; x_wconf 77' lang='lat' dir='ltr'><strong><em>PRESBYTEROS,</em></strong></span> <span class='ocrx_word' id='word_1_16' title='bbox 1623 737 1985 803; x_wconf 75' lang='lat' dir='ltr'><strong><em>DIACONOS,</em></strong></span> <span class='ocrx_word' id='word_1_17' title='bbox 2010 738 2187 801; x_wconf 88' lang='lat' dir='ltr'><strong><em>ETC.,</em></strong></span> <span class='ocrx_word' id='word_1_18' title='bbox 2221 739 2307 792; x_wconf 87' lang='lat' dir='ltr'><strong>ET</strong></span> <span class='ocrx_word' id='word_1_19' title='bbox 2351 737 2744 795; x_wconf 80' lang='lat' dir='ltr'><strong><em>UNIVERSOS</em></strong></span> <span class='ocrx_word' id='word_1_20' title='bbox 2776 738 3088 804; x_wconf 85' lang='lat' dir='ltr'><strong><em>FIDELES,</em></strong></span> <span class='ocrx_word' id='word_1_21' title='bbox 3109 740 3192 795; x_wconf 84' lang='lat' dir='ltr'><strong><em>DE</em></strong></span> <span class='ocrx_word' id='word_1_22' title='bbox 3213 740 3461 799; x_wconf 84' lang='lat' dir='ltr'><strong><em>OFFICIO</em></strong></span> <span class='ocrx_word' id='word_1_23' title='bbox 3486 743 3689 801; x_wconf 72' lang='lat' dir='ltr'><strong><em>SACER—</em></strong></span> 
     </span>
    </p>
   </div>
   <div class='ocr_carea' id='block_1_5' title="bbox 1731 830 2555 899">
    <p class='ocr_par' dir='ltr' id='par_1_5' title="bbox 1731 830 2555 899">
     <span class='ocr_line' id='line_1_5' title="bbox 1731 830 2555 899; baseline 0.002 -14"><span class='ocrx_word' id='word_1_24' title='bbox 1731 831 1947 887; x_wconf 76' lang='lat' dir='ltr'><strong><em>DOTlS&#39;</em></strong></span> <span class='ocrx_word' id='word_1_25' title='bbox 1966 831 2056 887; x_wconf 84' lang='lat' dir='ltr'><strong><em>ET</em></strong></span> <span class='ocrx_word' id='word_1_26' title='bbox 2087 830 2531 888; x_wconf 79' lang='lat' dir='ltr'><strong><em>CLERICORUM</em></strong></span> <span class='ocrx_word' id='word_1_27' title='bbox 2540 872 2555 899; x_wconf 97' lang='lat'><strong><em>,</em></strong></span> 
     </span>
    </p>
   </div>
   <div class='ocr_carea' id='block_1_6' title="bbox 1463 971 2884 1045">
    <p class='ocr_par' dir='ltr' id='par_1_6' title="bbox 1463 971 2884 1045">
     <span class='ocr_line' id='line_1_6' title="bbox 1463 971 2884 1045; baseline 0.003 -20"><span class='ocrx_word' id='word_1_28' title='bbox 1463 971 1652 1044; x_wconf 79' lang='lat' dir='ltr'><strong><em>Ruﬁno</em></strong></span> <span class='ocrx_word' id='word_1_29' title='bbox 1674 973 1886 1031; x_wconf 86' lang='lat' dir='ltr'><strong><em>Torano</em></strong></span> <span class='ocrx_word' id='word_1_30' title='bbox 1904 972 2228 1045; x_wconf 81' lang='lat' dir='ltr'><strong><em>Aquileiensi</em></strong></span> <span class='ocrx_word' id='word_1_31' title='bbox 2257 972 2561 1045; x_wconf 73' lang='lat' dir='ltr'><strong><em>presbytero</em></strong></span> <span class='ocrx_word' id='word_1_32' title='bbox 2587 974 2884 1045; x_wconf 76' lang='lat' dir='ltr'><strong><em>interprete.</em></strong></span> 
     </span>
    </p>
   </div>
   <div class='ocr_carea' id='block_1_7' title="bbox 610 1192 3697 1272">
    <p class='ocr_par' dir='ltr' id='par_1_7' title="bbox 610 1192 3697 1272">
     <span class='ocr_line' id='line_1_7' title="bbox 610 1192 3697 1272; baseline 0.002 -24"><span class='ocrx_word' id='word_1_33' title='bbox 610 1193 861 1249; x_wconf 74' lang='lat' dir='ltr'><strong><em>CLEMENS</em></strong></span> <span class='ocrx_word' id='word_1_34' title='bbox 892 1194 1044 1250; x_wconf 84' lang='lat' dir='ltr'><strong><em>urbis</em></strong></span> <span class='ocrx_word' id='word_1_35' title='bbox 1064 1192 1248 1250; x_wconf 70' lang='lat' dir='ltr'><strong><em>Roma:</em></strong></span> <span class='ocrx_word' id='word_1_36' title='bbox 1286 1196 1575 1269; x_wconf 89' lang='lat' dir='ltr'><strong><em>episcopus</em></strong></span> <span class='ocrx_word' id='word_1_37' title='bbox 1598 1198 1856 1255; x_wconf 92' lang='lat' dir='ltr'><strong><em>omnibus</em></strong></span> <span class='ocrx_word' id='word_1_38' title='bbox 1886 1199 2102 1272; x_wconf 91' lang='lat' dir='ltr'><strong><em>coepis-</em></strong></span> <span class='ocrx_word' id='word_1_39' title='bbox 2130 1203 2178 1262; x_wconf 79' lang='grc' dir='ltr'><strong>Α</strong></span> <span class='ocrx_word' id='word_1_40' title='bbox 2204 1200 2352 1257; x_wconf 90' lang='lat' dir='ltr'><strong><em>nime</em></strong></span> <span class='ocrx_word' id='word_1_41' title='bbox 2393 1201 2686 1257; x_wconf 79' lang='lat' dir='ltr'><strong><em>crediderit</em></strong></span> <span class='ocrx_word' id='word_1_42' title='bbox 2733 1199 3053 1257; x_wconf 88' lang='lat' dir='ltr'><strong><em>doctoribus</em></strong></span> <span class='ocrx_word' id='word_1_43' title='bbox 3082 1206 3137 1255; x_wconf 90' lang='lat' dir='ltr'><strong><em>et</em></strong></span> <span class='ocrx_word' id='word_1_44' title='bbox 3170 1198 3431 1270; x_wconf 88' lang='lat' dir='ltr'><strong><em>episc0pis</em></strong></span> <span class='ocrx_word' id='word_1_45' title='bbox 3458 1198 3590 1261; x_wconf 85' lang='lat' dir='ltr'><strong><em>suis,</em></strong></span> <span class='ocrx_word' id='word_1_46' title='bbox 3616 1214 3697 1254; x_wconf 87' lang='lat' dir='ltr'><strong><em>non</em></strong></span> 
     </span>
    </p>
   </div>
   <div class='ocr_carea' id='block_1_8' title="bbox 531 1286 2105 1360">
    <p class='ocr_par' dir='ltr' id='par_1_8' title="bbox 531 1286 2105 1360">
     <span class='ocr_line' id='line_1_8' title="bbox 531 1286 2105 1360; baseline 0.003 -16"><span class='ocrx_word' id='word_1_47' title='bbox 531 1287 704 1357; x_wconf 68' lang='grc' dir='ltr'><strong><em>θυρὶς.</em></strong></span> <span class='ocrx_word' id='word_1_48' title='bbox 740 1286 1094 1357; x_wconf 73' lang='lat' dir='ltr'><strong><em>presbyteris,</em></strong></span> <span class='ocrx_word' id='word_1_49' title='bbox 1131 1287 1378 1344; x_wconf 89' lang='lat' dir='ltr'><strong><em>diaconis</em></strong></span> <span class='ocrx_word' id='word_1_50' title='bbox 1405 1304 1469 1345; x_wconf 91' lang='lat' dir='ltr'><strong><em>ac</em></strong></span> <span class='ocrx_word' id='word_1_51' title='bbox 1510 1289 1742 1360; x_wconf 83' lang='lat' dir='ltr'><strong><em>reliquis</em></strong></span> <span class='ocrx_word' id='word_1_52' title='bbox 1775 1291 2017 1358; x_wconf 90' lang='lat' dir='ltr'><strong><em>clericis,</em></strong></span> <span class='ocrx_word' id='word_1_53' title='bbox 2048 1299 2105 1348; x_wconf 93' lang='lat' dir='ltr'><strong><em>et</em></strong></span> 
     </span>
    </p>
   </div>
   <div class='ocr_carea' id='block_1_9' title="bbox 530 1378 2106 1449">
    <p class='ocr_par' dir='ltr' id='par_1_9' title="bbox 530 1378 2106 1449">
     <span class='ocr_line' id='line_1_9' title="bbox 530 1378 2106 1449; baseline 0.002 -14"><span class='ocrx_word' id='word_1_54' title='bbox 530 1379 747 1435; x_wconf 90' lang='lat' dir='ltr'><strong><em>cunctis</em></strong></span> <span class='ocrx_word' id='word_1_55' title='bbox 779 1378 1119 1449; x_wconf 86' lang='lat' dir='ltr'><strong><em>principibus</em></strong></span> <span class='ocrx_word' id='word_1_56' title='bbox 1151 1380 1453 1448; x_wconf 82' lang='lat' dir='ltr'><strong><em>majoribus</em></strong></span> <span class='ocrx_word' id='word_1_57' title='bbox 1488 1380 1893 1449; x_wconf 88' lang='lat' dir='ltr'><strong><em>minoribusve,</em></strong></span> <span class='ocrx_word' id='word_1_58' title='bbox 1927 1384 2106 1438; x_wconf 80' lang='lat' dir='ltr'><strong><em>omni-</em></strong></span> 
     </span>
    </p>
   </div>
   <div class='ocr_carea' id='block_1_10' title="bbox 531 1470 2106 1542">
    <p class='ocr_par' dir='ltr' id='par_1_10' title="bbox 531 1470 2106 1542">
     <span class='ocr_line' id='line_1_10' title="bbox 531 1470 2106 1542; baseline 0.005 -16"><span class='ocrx_word' id='word_1_59' title='bbox 531 1470 746 1542; x_wconf 86' lang='lat' dir='ltr'><strong><em>busque</em></strong></span> <span class='ocrx_word' id='word_1_60' title='bbox 794 1472 1128 1542; x_wconf 78' lang='lat' dir='ltr'><strong><em>generaliter</em></strong></span> <span class='ocrx_word' id='word_1_61' title='bbox 1156 1471 1177 1503; x_wconf 78' lang='grc'>⁸</span> <span class='ocrx_word' id='word_1_62' title='bbox 1218 1472 1470 1527; x_wconf 83' lang='lat' dir='ltr'><strong><em>ﬁdelibus</em></strong></span> <span class='ocrx_word' id='word_1_63' title='bbox 1506 1473 1842 1539; x_wconf 76' lang='lat' dir='ltr'><strong><em>benedictio,</em></strong></span> <span class='ocrx_word' id='word_1_64' title='bbox 1883 1475 2106 1534; x_wconf 80' lang='lat' dir='ltr'><strong><em>claritas</em></strong></span> 
     </span>
    </p>
   </div>
   <div class='ocr_carea' id='block_1_11' title="bbox 531 1563 2106 1636">
    <p class='ocr_par' dir='ltr' id='par_1_11' title="bbox 531 1563 2106 1636">
     <span class='ocr_line' id='line_1_11' title="bbox 531 1563 2106 1636; baseline 0.003 -16"><span class='ocrx_word' id='word_1_65' title='bbox 531 1572 589 1620; x_wconf 85' lang='lat' dir='ltr'><strong><em>et</em></strong></span> <span class='ocrx_word' id='word_1_66' title='bbox 646 1564 820 1633; x_wconf 81' lang='lat' dir='ltr'><strong><em>gloria</em></strong></span> <span class='ocrx_word' id='word_1_67' title='bbox 873 1565 928 1618; x_wconf 89' lang='lat' dir='ltr'><strong><em>in</em></strong></span> <span class='ocrx_word' id='word_1_68' title='bbox 981 1564 1156 1635; x_wconf 83' lang='lat' dir='ltr'><strong><em>gratia</em></strong></span> <span class='ocrx_word' id='word_1_69' title='bbox 1210 1563 1346 1633; x_wconf 85' lang='lat' dir='ltr'><strong><em>Dei,</em></strong></span> <span class='ocrx_word' id='word_1_70' title='bbox 1388 1580 1509 1636; x_wconf 68' lang='lat' dir='ltr'><strong><em>quae</em></strong></span> <span class='ocrx_word' id='word_1_71' title='bbox 1540 1564 1667 1621; x_wconf 89' lang='lat' dir='ltr'><strong><em>data</em></strong></span> <span class='ocrx_word' id='word_1_72' title='bbox 1723 1574 1806 1623; x_wconf 88' lang='lat' dir='ltr'><strong><em>est</em></strong></span> <span class='ocrx_word' id='word_1_73' title='bbox 1835 1568 1997 1625; x_wconf 90' lang='lat' dir='ltr'><strong><em>nobis</em></strong></span> <span class='ocrx_word' id='word_1_74' title='bbox 2048 1569 2106 1626; x_wconf 92' lang='lat' dir='ltr'><strong><em>in</em></strong></span> 
     </span>
    </p>
   </div>
   <div class='ocr_carea' id='block_1_12' title="bbox 534 1652 1420 1714">
    <p class='ocr_par' dir='ltr' id='par_1_12' title="bbox 534 1652 1420 1714">
     <span class='ocr_line' id='line_1_12' title="bbox 534 1652 1420 1714; baseline 0.003 -3"><span class='ocrx_word' id='word_1_75' title='bbox 534 1652 756 1713; x_wconf 88' lang='lat' dir='ltr'><strong><em>Christo</em></strong></span> <span class='ocrx_word' id='word_1_76' title='bbox 790 1655 920 1714; x_wconf 88' lang='lat' dir='ltr'><strong><em>Jesu</em></strong></span> <span class='ocrx_word' id='word_1_77' title='bbox 950 1658 1183 1714; x_wconf 91' lang='lat' dir='ltr'><strong><em>Domino</em></strong></span> <span class='ocrx_word' id='word_1_78' title='bbox 1212 1667 1420 1714; x_wconf 89' lang='lat' dir='ltr'><strong><em>nostro.</em></strong></span> 
     </span>
    </p>
   </div>
   <div class='ocr_carea' id='block_1_13' title="bbox 608 1747 2109 1820">
    <p class='ocr_par' dir='ltr' id='par_1_13' title="bbox 608 1747 2109 1820">
     <span class='ocr_line' id='line_1_13' title="bbox 608 1747 2109 1820; baseline 0.006 -18"><span class='ocrx_word' id='word_1_79' title='bbox 608 1747 774 1820; x_wconf 80' lang='lat' dir='ltr'><strong><em>Urget</em></strong></span> <span class='ocrx_word' id='word_1_80' title='bbox 803 1766 926 1814; x_wconf 89' lang='lat' dir='ltr'><strong><em>nos,</em></strong></span> <span class='ocrx_word' id='word_1_81' title='bbox 976 1750 1199 1817; x_wconf 81' lang='lat' dir='ltr'><strong><em>fratres,</em></strong></span> <span class='ocrx_word' id='word_1_82' title='bbox 1234 1753 1441 1809; x_wconf 92' lang='lat' dir='ltr'><strong><em>multus</em></strong></span> <span class='ocrx_word' id='word_1_83' title='bbox 1475 1768 1629 1809; x_wconf 88' lang='lat' dir='ltr'><strong><em>amor</em></strong></span> <span class='ocrx_word' id='word_1_84' title='bbox 1669 1762 1872 1820; x_wconf 84' lang='lat' dir='ltr'><strong><em>vester,</em></strong></span> <span class='ocrx_word' id='word_1_85' title='bbox 1900 1762 1953 1811; x_wconf 87' lang='lat' dir='ltr'><strong><em>et</em></strong></span> <span class='ocrx_word' id='word_1_86' title='bbox 1981 1756 2109 1813; x_wconf 88' lang='lat' dir='ltr'><strong><em>reli-</em></strong></span> 
     </span>
    </p>
   </div>
   <div class='ocr_carea' id='block_1_14' title="bbox 536 1840 2108 1920">
    <p class='ocr_par' dir='ltr' id='par_1_14' title="bbox 536 1840 2108 1920">
     <span class='ocr_line' id='line_1_14' title="bbox 536 1840 2108 1920; baseline 0.008 -27"><span class='ocrx_word' id='word_1_87' title='bbox 536 1841 688 1911; x_wconf 83' lang='lat' dir='ltr'><strong><em>giosa</em></strong></span> <span class='ocrx_word' id='word_1_88' title='bbox 719 1840 909 1896; x_wconf 86' lang='lat' dir='ltr'><strong><em>invitat</em></strong></span> <span class='ocrx_word' id='word_1_89' title='bbox 927 1844 1165 1907; x_wconf 84' lang='lat' dir='ltr'><strong><em>devotio,</em></strong></span> <span class='ocrx_word' id='word_1_90' title='bbox 1193 1844 1320 1914; x_wconf 88' lang='lat' dir='ltr'><strong><em>quia</em></strong></span> <span class='ocrx_word' id='word_1_91' title='bbox 1341 1844 1615 1903; x_wconf 89' lang='lat' dir='ltr'><strong><em>debitores</em></strong></span> <span class='ocrx_word' id='word_1_92' title='bbox 1638 1863 1851 1913; x_wconf 89' lang='lat' dir='ltr'><strong><em>sumus,</em></strong></span> <span class='ocrx_word' id='word_1_93' title='bbox 1870 1858 1929 1903; x_wconf 93' lang='lat' dir='ltr'><strong><em>ut</em></strong></span> <span class='ocrx_word' id='word_1_94' title='bbox 1957 1865 2108 1920; x_wconf 75' lang='lat' dir='ltr'><strong><em>quae-</em></strong></span> 
     </span>
    </p>
   </div>
   <div class='ocr_carea' id='block_1_15' title="bbox 536 1934 2108 2010">
    <p class='ocr_par' dir='ltr' id='par_1_15' title="bbox 536 1934 2108 2010">
     <span class='ocr_line' id='line_1_15' title="bbox 536 1934 2108 2010; baseline 0.006 -22"><span class='ocrx_word' id='word_1_95' title='bbox 536 1934 661 1988; x_wconf 84' lang='lat' dir='ltr'><strong><em>dam</em></strong></span> <span class='ocrx_word' id='word_1_96' title='bbox 691 1934 847 1990; x_wconf 84' lang='lat' dir='ltr'><strong><em>vobis</em></strong></span> <span class='ocrx_word' id='word_1_97' title='bbox 876 1936 1200 1993; x_wconf 85' lang='lat' dir='ltr'><strong><em>scribamus.</em></strong></span> <span class='ocrx_word' id='word_1_98' title='bbox 1240 1936 1349 1993; x_wconf 83' lang='lat' dir='ltr'><strong><em>Vos</em></strong></span> <span class='ocrx_word' id='word_1_99' title='bbox 1369 1954 1519 2010; x_wconf 89' lang='lat' dir='ltr'><strong><em>ergo,</em></strong></span> <span class='ocrx_word' id='word_1_100' title='bbox 1547 1940 1639 2010; x_wconf 90' lang='lat' dir='ltr'><strong><em>qui</em></strong></span> <span class='ocrx_word' id='word_1_101' title='bbox 1665 1941 1975 1997; x_wconf 87' lang='lat' dir='ltr'><strong><em>sacerdotio</em></strong></span> <span class='ocrx_word' id='word_1_102' title='bbox 1998 1942 2108 1999; x_wconf 91' lang='lat' dir='ltr'><strong><em>Do-</em></strong></span> 
     </span>
    </p>
   </div>
   <div class='ocr_carea' id='block_1_16' title="bbox 538 2024 2112 2106">
    <p class='ocr_par' dir='ltr' id='par_1_16' title="bbox 538 2024 2112 2106">
     <span class='ocr_line' id='line_1_16' title="bbox 538 2024 2112 2106; baseline 0.011 -28"><span class='ocrx_word' id='word_1_103' title='bbox 538 2026 673 2080; x_wconf 88' lang='lat' dir='ltr'><strong><em>mini</em></strong></span> <span class='ocrx_word' id='word_1_104' title='bbox 702 2024 967 2094; x_wconf 81' lang='lat' dir='ltr'><strong><em>fruimini,</em></strong></span> <span class='ocrx_word' id='word_1_105' title='bbox 1008 2035 1063 2083; x_wconf 91' lang='lat' dir='ltr'><strong><em>et</em></strong></span> <span class='ocrx_word' id='word_1_106' title='bbox 1090 2029 1145 2082; x_wconf 91' lang='lat' dir='ltr'><strong><em>in</em></strong></span> <span class='ocrx_word' id='word_1_107' title='bbox 1174 2030 1393 2100; x_wconf 89' lang='lat' dir='ltr'><strong><em>specula</em></strong></span> <span class='ocrx_word' id='word_1_108' title='bbox 1424 2033 1557 2088; x_wconf 88' lang='lat' dir='ltr'><strong><em>estis</em></strong></span> <span class='ocrx_word' id='word_1_109' title='bbox 1591 2034 1774 2103; x_wconf 90' lang='lat' dir='ltr'><strong><em>positi,</em></strong></span> <span class='ocrx_word' id='word_1_110' title='bbox 1816 2035 1938 2106; x_wconf 90' lang='lat' dir='ltr'><strong><em>plus</em></strong></span> <span class='ocrx_word' id='word_1_111' title='bbox 1969 2037 2112 2095; x_wconf 92' lang='lat' dir='ltr'><strong><em>scire</em></strong></span> 
     </span>
    </p>
   </div>
   <div class='ocr_carea' id='block_1_17' title="bbox 542 2119 2112 2197">
    <p class='ocr_par' dir='ltr' id='par_1_17' title="bbox 542 2119 2112 2197">
     <span class='ocr_line' id='line_1_17' title="bbox 542 2119 2112 2197; baseline 0.011 -26"><span class='ocrx_word' id='word_1_112' title='bbox 542 2126 775 2188; x_wconf 87' lang='lat' dir='ltr'><strong><em>oportet,</em></strong></span> <span class='ocrx_word' id='word_1_113' title='bbox 811 2128 869 2173; x_wconf 92' lang='lat' dir='ltr'><strong><em>ut</em></strong></span> <span class='ocrx_word' id='word_1_114' title='bbox 909 2119 1159 2178; x_wconf 88' lang='lat' dir='ltr'><strong><em>subditos</em></strong></span> <span class='ocrx_word' id='word_1_115' title='bbox 1188 2121 1346 2178; x_wconf 86' lang='lat' dir='ltr'><strong><em>vobis</em></strong></span> <span class='ocrx_word' id='word_1_116' title='bbox 1390 2126 1620 2194; x_wconf 90' lang='lat' dir='ltr'><strong><em>populos</em></strong></span> <span class='ocrx_word' id='word_1_117' title='bbox 1651 2127 1885 2197; x_wconf 87' lang='lat' dir='ltr'><strong><em>pleniter</em></strong></span> <span class='ocrx_word' id='word_1_118' title='bbox 1914 2128 2112 2188; x_wconf 90' lang='lat' dir='ltr'><strong><em>docere</em></strong></span> 
     </span>
    </p>
   </div>
   <div class='ocr_carea' id='block_1_18' title="bbox 542 2211 2113 2294">
    <p class='ocr_par' dir='ltr' id='par_1_18' title="bbox 542 2211 2113 2294">
     <span class='ocr_line' id='line_1_18' title="bbox 542 2211 2113 2294; baseline 0.011 -32"><span class='ocrx_word' id='word_1_119' title='bbox 542 2211 788 2282; x_wconf 88' lang='lat' dir='ltr'><strong><em>possitis,</em></strong></span> <span class='ocrx_word' id='word_1_120' title='bbox 814 2213 1003 2283; x_wconf 83' lang='lat' dir='ltr'><strong><em>eisque</em></strong></span> <span class='ocrx_word' id='word_1_121' title='bbox 1026 2214 1093 2269; x_wconf 83' lang='lat' dir='ltr'><strong><em>ad</em></strong></span> <span class='ocrx_word' id='word_1_122' title='bbox 1122 2231 1289 2286; x_wconf 83' lang='lat' dir='ltr'><strong><em>regna</em></strong></span> <span class='ocrx_word' id='word_1_123' title='bbox 1321 2221 1585 2274; x_wconf 77' lang='lat' dir='ltr'><strong><em>cmlorum</em></strong></span> <span class='ocrx_word' id='word_1_124' title='bbox 1612 2220 1874 2277; x_wconf 83' lang='lat' dir='ltr'><strong><em>ducatum</em></strong></span> <span class='ocrx_word' id='word_1_125' title='bbox 1904 2224 2113 2294; x_wconf 64' lang='lat' dir='ltr'><strong><em>praebe-</em></strong></span> 
     </span>
    </p>
   </div>
   <div class='ocr_carea' id='block_1_19' title="bbox 430 2302 2115 2384">
    <p class='ocr_par' dir='ltr' id='par_1_19' title="bbox 430 2302 2115 2384">
     <span class='ocr_line' id='line_1_19' title="bbox 430 2302 2115 2384; baseline 0.011 -30"><span class='ocrx_word' id='word_1_126' title='bbox 430 2348 440 2362; x_wconf 64' lang='lat'><em>.</em></span> <span class='ocrx_word' id='word_1_127' title='bbox 541 2317 621 2367; x_wconf 90' lang='lat' dir='ltr'><strong><em>re,</em></strong></span> <span class='ocrx_word' id='word_1_128' title='bbox 641 2302 750 2357; x_wconf 92' lang='lat' dir='ltr'><strong><em>Deo</em></strong></span> <span class='ocrx_word' id='word_1_129' title='bbox 781 2314 1075 2373; x_wconf 86' lang='lat' dir='ltr'><strong><em>annuente,</em></strong></span> <span class='ocrx_word' id='word_1_130' title='bbox 1101 2309 1351 2365; x_wconf 82' lang='lat' dir='ltr'><strong><em>valeatis.</em></strong></span> <span class='ocrx_word' id='word_1_131' title='bbox 1383 2309 1534 2367; x_wconf 86' lang='lat' dir='ltr'><strong><em>Unde</em></strong></span> <span class='ocrx_word' id='word_1_132' title='bbox 1561 2320 1615 2369; x_wconf 88' lang='lat' dir='ltr'><strong><em>et</em></strong></span> <span class='ocrx_word' id='word_1_133' title='bbox 1640 2313 1759 2384; x_wconf 88' lang='lat' dir='ltr'><strong><em>ipsa</em></strong></span> <span class='ocrx_word' id='word_1_134' title='bbox 1796 2330 1891 2384; x_wconf 89' lang='lat' dir='ltr'><strong><em>per</em></strong></span> <span class='ocrx_word' id='word_1_135' title='bbox 1924 2330 1983 2371; x_wconf 89' lang='lat' dir='ltr'><strong><em>se</em></strong></span> <span class='ocrx_word' id='word_1_136' title='bbox 2008 2314 2115 2371; x_wconf 82' lang='lat' dir='ltr'><strong><em>Ve—</em></strong></span> 
     </span>
    </p>
   </div>
   <div class='ocr_carea' id='block_1_20' title="bbox 540 2395 2115 2479">
    <p class='ocr_par' dir='ltr' id='par_1_20' title="bbox 540 2395 2115 2479">
     <span class='ocr_line' id='line_1_20' title="bbox 540 2395 2115 2479; baseline 0.01 -32"><span class='ocrx_word' id='word_1_137' title='bbox 540 2395 675 2451; x_wconf 77' lang='lat' dir='ltr'><strong><em>ritas</em></strong></span> <span class='ocrx_word' id='word_1_138' title='bbox 706 2396 821 2450; x_wconf 88' lang='lat' dir='ltr'><strong><em>ait:</em></strong></span> <span class='ocrx_word' id='word_1_139' title='bbox 869 2396 1028 2456; x_wconf 81' lang='lat' dir='ltr'><strong><em>Vobis</em></strong></span> <span class='ocrx_word' id='word_1_140' title='bbox 1063 2399 1249 2455; x_wconf 88' lang='lat' dir='ltr'><strong><em>datum</em></strong></span> <span class='ocrx_word' id='word_1_141' title='bbox 1286 2413 1365 2457; x_wconf 88' lang='lat' dir='ltr'><strong><em>est</em></strong></span> <span class='ocrx_word' id='word_1_142' title='bbox 1424 2419 1576 2459; x_wconf 86' lang='lat' dir='ltr'><strong><em>nosse</em></strong></span> <span class='ocrx_word' id='word_1_143' title='bbox 1612 2408 1921 2476; x_wconf 81' lang='lat' dir='ltr'><strong><em>mysterium</em></strong></span> <span class='ocrx_word' id='word_1_144' title='bbox 1970 2409 2115 2479; x_wconf 83' lang='lat' dir='ltr'><strong><em>regni</em></strong></span> 
     </span>
    </p>
   </div>
   <div class='ocr_carea' id='block_1_21' title="bbox 541 2486 2114 2572">
    <p class='ocr_par' dir='ltr' id='par_1_21' title="bbox 541 2486 2114 2572">
     <span class='ocr_line' id='line_1_21' title="bbox 541 2486 2114 2572; baseline 0.011 -33"><span class='ocrx_word' id='word_1_145' title='bbox 541 2486 660 2555; x_wconf 85' lang='lat' dir='ltr'><strong><em>Dei,</em></strong></span> <span class='ocrx_word' id='word_1_146' title='bbox 692 2492 893 2547; x_wconf 75' lang='lat' dir='ltr'><strong><em>cwteris</em></strong></span> <span class='ocrx_word' id='word_1_147' title='bbox 922 2503 1096 2547; x_wconf 87' lang='lat' dir='ltr'><strong><em>autem</em></strong></span> <span class='ocrx_word' id='word_1_148' title='bbox 1136 2496 1189 2549; x_wconf 84' lang='lat' dir='ltr'><strong><em>in</em></strong></span> <span class='ocrx_word' id='word_1_149' title='bbox 1214 2495 1481 2561; x_wconf 74' lang='lat' dir='ltr'><strong><em>parabolis</em></strong></span> <span class='ocrx_word' id='word_1_150' title='bbox 1500 2498 1540 2565; x_wconf 71' lang='grc'><strong><em>⁸,</em></strong></span> <span class='ocrx_word' id='word_1_151' title='bbox 1575 2508 1678 2556; x_wconf 88' lang='lat' dir='ltr'><strong><em>etc.</em></strong></span> <span class='ocrx_word' id='word_1_152' title='bbox 1708 2498 1937 2570; x_wconf 85' lang='lat' dir='ltr'><strong><em>Propter</em></strong></span> <span class='ocrx_word' id='word_1_153' title='bbox 1967 2500 2114 2572; x_wconf 91' lang='lat' dir='ltr'><strong><em>quod</em></strong></span> 
     </span>
    </p>
   </div>
   <div class='ocr_carea' id='block_1_22' title="bbox 543 2580 2114 2658">
    <p class='ocr_par' dir='ltr' id='par_1_22' title="bbox 543 2580 2114 2658">
     <span class='ocr_line' id='line_1_22' title="bbox 543 2580 2114 2658; baseline 0.011 -25"><span class='ocrx_word' id='word_1_154' title='bbox 543 2580 832 2637; x_wconf 86' lang='lat' dir='ltr'><strong><em>consilium</em></strong></span> <span class='ocrx_word' id='word_1_155' title='bbox 861 2582 930 2639; x_wconf 93' lang='lat' dir='ltr'><strong><em>do</em></strong></span> <span class='ocrx_word' id='word_1_156' title='bbox 963 2587 1259 2658; x_wconf 87' lang='lat' dir='ltr'><strong><em>unicuique</em></strong></span> <span class='ocrx_word' id='word_1_157' title='bbox 1286 2597 1547 2651; x_wconf 88' lang='lat' dir='ltr'><strong><em>vestrum,</em></strong></span> <span class='ocrx_word' id='word_1_158' title='bbox 1576 2598 1895 2647; x_wconf 89' lang='lat' dir='ltr'><strong><em>constanter</em></strong></span> <span class='ocrx_word' id='word_1_159' title='bbox 1915 2593 2114 2650; x_wconf 79' lang='lat' dir='ltr'><strong><em>ducere</em></strong></span> 
     </span>
    </p>
   </div>
   <div class='ocr_carea' id='block_1_23' title="bbox 544 2673 2116 2747">
    <p class='ocr_par' dir='ltr' id='par_1_23' title="bbox 544 2673 2116 2747">
     <span class='ocr_line' id='line_1_23' title="bbox 544 2673 2116 2747; baseline 0.011 -22"><span class='ocrx_word' id='word_1_160' title='bbox 544 2673 709 2728; x_wconf 90' lang='lat' dir='ltr'><strong><em>verba</em></strong></span> <span class='ocrx_word' id='word_1_161' title='bbox 734 2676 917 2732; x_wconf 87' lang='lat' dir='ltr'><strong><em>divina</em></strong></span> <span class='ocrx_word' id='word_1_162' title='bbox 945 2696 959 2744; x_wconf 91' lang='lat'><strong>;</strong></span> <span class='ocrx_word' id='word_1_163' title='bbox 1003 2687 1057 2733; x_wconf 87' lang='lat' dir='ltr'><strong><em>et</em></strong></span> <span class='ocrx_word' id='word_1_164' title='bbox 1087 2680 1448 2747; x_wconf 88' lang='lat' dir='ltr'><strong><em>discentibus,</em></strong></span> <span class='ocrx_word' id='word_1_165' title='bbox 1480 2682 1711 2739; x_wconf 89' lang='lat' dir='ltr'><strong><em>libenter</em></strong></span> <span class='ocrx_word' id='word_1_166' title='bbox 1740 2687 2116 2741; x_wconf 87' lang='lat' dir='ltr'><strong><em>accommoda-</em></strong></span> 
     </span>
    </p>
   </div>
   <div class='ocr_carea' id='block_1_24' title="bbox 543 2771 2117 2848">
    <p class='ocr_par' dir='ltr' id='par_1_24' title="bbox 543 2771 2117 2848">
     <span class='ocr_line' id='line_1_24' title="bbox 543 2771 2117 2848; baseline 0.01 -28"><span class='ocrx_word' id='word_1_167' title='bbox 543 2781 604 2820; x_wconf 88' lang='lat' dir='ltr'><strong><em>re</em></strong></span> <span class='ocrx_word' id='word_1_168' title='bbox 634 2782 824 2823; x_wconf 88' lang='lat' dir='ltr'><strong><em>aurem</em></strong></span> <span class='ocrx_word' id='word_1_169' title='bbox 855 2772 1023 2826; x_wconf 88' lang='lat' dir='ltr'><strong><em>verbo</em></strong></span> <span class='ocrx_word' id='word_1_170' title='bbox 1052 2771 1167 2828; x_wconf 88' lang='lat' dir='ltr'><strong><em>Dei.</em></strong></span> <span class='ocrx_word' id='word_1_171' title='bbox 1201 2771 1456 2828; x_wconf 81' lang='lat' dir='ltr'><strong><em>Vestrum</em></strong></span> <span class='ocrx_word' id='word_1_172' title='bbox 1488 2774 1657 2841; x_wconf 88' lang='lat' dir='ltr'><strong><em>enim,</em></strong></span> <span class='ocrx_word' id='word_1_173' title='bbox 1684 2778 1811 2846; x_wconf 89' lang='lat' dir='ltr'><strong><em>quia</em></strong></span> <span class='ocrx_word' id='word_1_174' title='bbox 1847 2777 2117 2848; x_wconf 85' lang='lat' dir='ltr'><strong><em>legatione</em></strong></span> 
     </span>
    </p>
   </div>
   <div class='ocr_carea' id='block_1_25' title="bbox 546 2854 2118 2936">
    <p class='ocr_par' dir='ltr' id='par_1_25' title="bbox 546 2854 2118 2936">
     <span class='ocr_line' id='line_1_25' title="bbox 546 2854 2118 2936; baseline 0.01 -26"><span class='ocrx_word' id='word_1_175' title='bbox 546 2854 762 2914; x_wconf 88' lang='lat' dir='ltr'><strong><em>Domini</em></strong></span> <span class='ocrx_word' id='word_1_176' title='bbox 795 2861 1106 2932; x_wconf 81' lang='lat' dir='ltr'><strong><em>fungimini,</em></strong></span> <span class='ocrx_word' id='word_1_177' title='bbox 1137 2872 1222 2921; x_wconf 89' lang='lat' dir='ltr'><strong><em>est</em></strong></span> <span class='ocrx_word' id='word_1_178' title='bbox 1244 2866 1441 2920; x_wconf 89' lang='lat' dir='ltr'><strong><em>docere</em></strong></span> <span class='ocrx_word' id='word_1_179' title='bbox 1465 2868 1727 2936; x_wconf 92' lang='lat' dir='ltr'><strong><em>populos;</em></strong></span> <span class='ocrx_word' id='word_1_180' title='bbox 1759 2883 1947 2924; x_wconf 88' lang='lat' dir='ltr'><strong><em>eorum</em></strong></span> <span class='ocrx_word' id='word_1_181' title='bbox 1987 2884 2118 2926; x_wconf 87' lang='lat' dir='ltr'><strong><em>vero</em></strong></span> 
     </span>
    </p>
   </div>
   <div class='ocr_carea' id='block_1_26' title="bbox 548 2952 2120 3032">
    <p class='ocr_par' dir='ltr' id='par_1_26' title="bbox 548 2952 2120 3032">
     <span class='ocr_line' id='line_1_26' title="bbox 548 2952 2120 3032; baseline 0.011 -30"><span class='ocrx_word' id='word_1_182' title='bbox 548 2960 631 3004; x_wconf 86' lang='lat' dir='ltr'><strong><em>est</em></strong></span> <span class='ocrx_word' id='word_1_183' title='bbox 660 2952 814 3009; x_wconf 84' lang='lat' dir='ltr'><strong><em>vobis</em></strong></span> <span class='ocrx_word' id='word_1_184' title='bbox 845 2954 1071 3010; x_wconf 73' lang='lat' dir='ltr'><strong><em>obedire</em></strong></span> <span class='ocrx_word' id='word_1_185' title='bbox 1104 2966 1162 3012; x_wconf 92' lang='lat' dir='ltr'><strong><em>ut</em></strong></span> <span class='ocrx_word' id='word_1_186' title='bbox 1198 2957 1309 3013; x_wconf 92' lang='lat' dir='ltr'><strong><em>Deo</em></strong></span> <span class='ocrx_word' id='word_1_187' title='bbox 1330 2959 1394 3015; x_wconf 77' lang='grc' dir='ltr'><strong><em>ίο.</em></strong></span> <span class='ocrx_word' id='word_1_188' title='bbox 1425 2957 1481 3014; x_wconf 90' lang='lat' dir='ltr'><strong><em>Si</em></strong></span> <span class='ocrx_word' id='word_1_189' title='bbox 1505 2971 1687 3017; x_wconf 80' lang='lat' dir='ltr'><strong><em>autem</em></strong></span> <span class='ocrx_word' id='word_1_190' title='bbox 1721 2962 1875 3018; x_wconf 91' lang='lat' dir='ltr'><strong><em>vobis</em></strong></span> <span class='ocrx_word' id='word_1_191' title='bbox 1904 2962 2120 3032; x_wconf 84' lang='lat' dir='ltr'><strong><em>episco-</em></strong></span> 
     </span>
    </p>
   </div>
   <div class='ocr_carea' id='block_1_27' title="bbox 548 3045 2121 3124">
    <p class='ocr_par' dir='ltr' id='par_1_27' title="bbox 548 3045 2121 3124">
     <span class='ocr_line' id='line_1_27' title="bbox 548 3045 2121 3124; baseline 0.006 -25"><span class='ocrx_word' id='word_1_192' title='bbox 548 3045 634 3115; x_wconf 83' lang='lat' dir='ltr'><strong><em>pis</em></strong></span> <span class='ocrx_word' id='word_1_193' title='bbox 652 3061 759 3101; x_wconf 89' lang='lat' dir='ltr'><strong><em>non</em></strong></span> <span class='ocrx_word' id='word_1_194' title='bbox 778 3048 1080 3104; x_wconf 88' lang='lat' dir='ltr'><strong><em>obcdierint</em></strong></span> <span class='ocrx_word' id='word_1_195' title='bbox 1102 3066 1291 3107; x_wconf 90' lang='lat' dir='ltr'><strong><em>omnes</em></strong></span> <span class='ocrx_word' id='word_1_196' title='bbox 1308 3053 1861 3124; x_wconf 83' lang='lat' dir='ltr'><strong><em>presbyteri,diaconi</em></strong></span> <span class='ocrx_word' id='word_1_197' title='bbox 1894 3069 1959 3108; x_wconf 90' lang='lat' dir='ltr'><strong><em>ac</em></strong></span> <span class='ocrx_word' id='word_1_198' title='bbox 1989 3054 2121 3110; x_wconf 89' lang='lat' dir='ltr'><strong><em>sub-</em></strong></span> 
     </span>
    </p>
   </div>
   <div class='ocr_carea' id='block_1_28' title="bbox 549 3138 2118 3219">
    <p class='ocr_par' dir='ltr' id='par_1_28' title="bbox 549 3138 2118 3219">
     <span class='ocr_line' id='line_1_28' title="bbox 549 3138 2118 3219; baseline 0.007 -26"><span class='ocrx_word' id='word_1_199' title='bbox 549 3138 787 3207; x_wconf 87' lang='lat' dir='ltr'><strong><em>diaconi,</em></strong></span> <span class='ocrx_word' id='word_1_200' title='bbox 818 3150 871 3198; x_wconf 90' lang='lat' dir='ltr'><strong><em>et</em></strong></span> <span class='ocrx_word' id='word_1_201' title='bbox 897 3143 1093 3214; x_wconf 87' lang='lat' dir='ltr'><strong><em>reliqui</em></strong></span> <span class='ocrx_word' id='word_1_202' title='bbox 1123 3145 1330 3210; x_wconf 90' lang='lat' dir='ltr'><strong><em>clerici,</em></strong></span> <span class='ocrx_word' id='word_1_203' title='bbox 1362 3162 1661 3218; x_wconf 90' lang='lat' dir='ltr'><strong><em>omnesque</em></strong></span> <span class='ocrx_word' id='word_1_204' title='bbox 1680 3148 1978 3219; x_wconf 86' lang='lat' dir='ltr'><strong><em>principes,</em></strong></span> <span class='ocrx_word' id='word_1_205' title='bbox 2010 3156 2118 3204; x_wconf 84' lang='lat' dir='ltr'><strong><em>tam</em></strong></span> 
     </span>
    </p>
   </div>
   <div class='ocr_carea' id='block_1_29' title="bbox 550 3233 2120 3317">
    <p class='ocr_par' dir='ltr' id='par_1_29' title="bbox 550 3233 2120 3317">
     <span class='ocr_line' id='line_1_29' title="bbox 550 3233 2120 3317; baseline 0.003 -28"><span class='ocrx_word' id='word_1_206' title='bbox 550 3233 779 3302; x_wconf 89' lang='lat' dir='ltr'><strong><em>majoris</em></strong></span> <span class='ocrx_word' id='word_1_207' title='bbox 816 3235 1026 3293; x_wconf 89' lang='lat' dir='ltr'><strong><em>ordinis</em></strong></span> <span class='ocrx_word' id='word_1_208' title='bbox 1063 3253 1229 3317; x_wconf 80' lang='lat' dir='ltr'><strong><em>quam</em></strong></span> <span class='ocrx_word' id='word_1_209' title='bbox 1269 3237 1566 3303; x_wconf 83' lang='lat' dir='ltr'><strong><em>inferioris,</em></strong></span> <span class='ocrx_word' id='word_1_210' title='bbox 1600 3247 1764 3310; x_wconf 86' lang='lat' dir='ltr'><strong><em>atque</em></strong></span> <span class='ocrx_word' id='word_1_211' title='bbox 1793 3240 1987 3310; x_wconf 89' lang='lat' dir='ltr'><strong><em>reliqui</em></strong></span> <span class='ocrx_word' id='word_1_212' title='bbox 2024 3255 2120 3311; x_wconf 83' lang='lat' dir='ltr'><strong><em>po-</em></strong></span> 
     </span>
    </p>
   </div>
   <div class='ocr_carea' id='block_1_30' title="bbox 553 3325 2123 3402">
    <p class='ocr_par' dir='ltr' id='par_1_30' title="bbox 553 3325 2123 3402">
     <span class='ocr_line' id='line_1_30' title="bbox 553 3325 2123 3402; baseline 0.007 -26"><span class='ocrx_word' id='word_1_213' title='bbox 553 3325 665 3393; x_wconf 86' lang='lat' dir='ltr'><strong><em>puli</em></strong></span> <span class='ocrx_word' id='word_1_214' title='bbox 697 3326 876 3383; x_wconf 91' lang='lat' dir='ltr'><strong><em>tribus</em></strong></span> <span class='ocrx_word' id='word_1_215' title='bbox 909 3336 963 3385; x_wconf 91' lang='lat' dir='ltr'><strong><em>et</em></strong></span> <span class='ocrx_word' id='word_1_216' title='bbox 995 3330 1193 3401; x_wconf 70' lang='lat' dir='ltr'><strong><em>lingua:</em></strong></span> <span class='ocrx_word' id='word_1_217' title='bbox 1214 3346 1326 3385; x_wconf 91' lang='lat' dir='ltr'><strong><em>non</em></strong></span> <span class='ocrx_word' id='word_1_218' title='bbox 1360 3331 1874 3402; x_wconf 87' lang='lat' dir='ltr'><strong><em>obtemperaverint,</em></strong></span> <span class='ocrx_word' id='word_1_219' title='bbox 1900 3348 2011 3388; x_wconf 91' lang='lat' dir='ltr'><strong><em>non</em></strong></span> <span class='ocrx_word' id='word_1_220' title='bbox 2032 3348 2123 3387; x_wconf 81' lang='lat' dir='ltr'><strong><em>so-</em></strong></span> 
     </span>
    </p>
   </div>
   <div class='ocr_carea' id='block_1_31' title="bbox 554 3415 2124 3499">
    <p class='ocr_par' dir='ltr' id='par_1_31' title="bbox 554 3415 2124 3499">
     <span class='ocr_line' id='line_1_31' title="bbox 554 3415 2124 3499; baseline 0.008 -30"><span class='ocrx_word' id='word_1_221' title='bbox 554 3415 666 3471; x_wconf 91' lang='lat' dir='ltr'><strong><em>lum</em></strong></span> <span class='ocrx_word' id='word_1_222' title='bbox 698 3419 951 3486; x_wconf 81' lang='lat' dir='ltr'><strong><em>infames,</em></strong></span> <span class='ocrx_word' id='word_1_223' title='bbox 1007 3423 1102 3477; x_wconf 91' lang='lat' dir='ltr'><strong><em>sed</em></strong></span> <span class='ocrx_word' id='word_1_224' title='bbox 1147 3431 1200 3479; x_wconf 87' lang='lat' dir='ltr'><strong><em>et</em></strong></span> <span class='ocrx_word' id='word_1_225' title='bbox 1232 3432 1484 3481; x_wconf 87' lang='lat' dir='ltr'><strong><em>extorres</em></strong></span> <span class='ocrx_word' id='word_1_226' title='bbox 1529 3441 1560 3479; x_wconf 92' lang='lat' dir='ltr'><strong><em>a</em></strong></span> <span class='ocrx_word' id='word_1_227' title='bbox 1590 3442 1759 3499; x_wconf 79' lang='lat' dir='ltr'><strong><em>regno</em></strong></span> <span class='ocrx_word' id='word_1_228' title='bbox 1789 3426 1883 3482; x_wconf 90' lang='lat' dir='ltr'><strong><em>Dei</em></strong></span> <span class='ocrx_word' id='word_1_229' title='bbox 1913 3434 1966 3481; x_wconf 89' lang='lat' dir='ltr'><strong><em>et</em></strong></span> <span class='ocrx_word' id='word_1_230' title='bbox 1990 3441 2124 3481; x_wconf 84' lang='lat' dir='ltr'><strong><em>con-</em></strong></span> 
     </span>
    </p>
   </div>
   <div class='ocr_carea' id='block_1_32' title="bbox 554 3512 2128 3579">
    <p class='ocr_par' dir='ltr' id='par_1_32' title="bbox 554 3512 2128 3579">
     <span class='ocr_line' id='line_1_32' title="bbox 554 3512 2128 3579; baseline 0.007 -15"><span class='ocrx_word' id='word_1_231' title='bbox 554 3512 724 3566; x_wconf 82' lang='lat' dir='ltr'><strong><em>sortio</em></strong></span> <span class='ocrx_word' id='word_1_232' title='bbox 749 3512 1011 3579; x_wconf 76' lang='lat' dir='ltr'><strong><em>fidelium,</em></strong></span> <span class='ocrx_word' id='word_1_233' title='bbox 1045 3531 1109 3570; x_wconf 92' lang='lat' dir='ltr'><strong><em>ac</em></strong></span> <span class='ocrx_word' id='word_1_234' title='bbox 1133 3533 1163 3571; x_wconf 92' lang='lat' dir='ltr'><strong><em>a</em></strong></span> <span class='ocrx_word' id='word_1_235' title='bbox 1196 3517 1477 3575; x_wconf 88' lang='lat' dir='ltr'><strong><em>liminibus</em></strong></span> <span class='ocrx_word' id='word_1_236' title='bbox 1508 3528 1712 3575; x_wconf 71' lang='lat' dir='ltr'><strong><em>sanctze</em></strong></span> <span class='ocrx_word' id='word_1_237' title='bbox 1746 3518 1839 3575; x_wconf 88' lang='lat' dir='ltr'><strong><em>Dei</em></strong></span> <span class='ocrx_word' id='word_1_238' title='bbox 1870 3519 2128 3576; x_wconf 65' lang='lat' dir='ltr'><strong><em>Ecclesiae</em></strong></span> 
     </span>
    </p>
   </div>
   <div class='ocr_carea' id='block_1_33' title="bbox 555 3605 2124 3675">
    <p class='ocr_par' dir='ltr' id='par_1_33' title="bbox 555 3605 2124 3675">
     <span class='ocr_line' id='line_1_33' title="bbox 555 3605 2124 3675; baseline 0.008 -18"><span class='ocrx_word' id='word_1_239' title='bbox 555 3605 717 3659; x_wconf 85' lang='lat' dir='ltr'><strong><em>alieni</em></strong></span> <span class='ocrx_word' id='word_1_240' title='bbox 745 3618 926 3662; x_wconf 88' lang='lat' dir='ltr'><strong><em>erunt.</em></strong></span> <span class='ocrx_word' id='word_1_241' title='bbox 961 3607 1096 3664; x_wconf 85' lang='lat' dir='ltr'><strong><em>Nam</em></strong></span> <span class='ocrx_word' id='word_1_242' title='bbox 1122 3618 1364 3666; x_wconf 91' lang='lat' dir='ltr'><strong><em>vestrum</em></strong></span> <span class='ocrx_word' id='word_1_243' title='bbox 1420 3620 1506 3667; x_wconf 91' lang='lat' dir='ltr'><strong><em>est</em></strong></span> <span class='ocrx_word' id='word_1_244' title='bbox 1554 3628 1648 3667; x_wconf 91' lang='lat' dir='ltr'><strong><em>eos</em></strong></span> <span class='ocrx_word' id='word_1_245' title='bbox 1694 3613 1998 3675; x_wconf 87' lang='lat' dir='ltr'><strong><em>instruere;</em></strong></span> <span class='ocrx_word' id='word_1_246' title='bbox 2032 3628 2124 3669; x_wconf 80' lang='lat' dir='ltr'><strong><em>eo-</em></strong></span> 
     </span>
    </p>
   </div>
   <div class='ocr_carea' id='block_1_34' title="bbox 556 3703 2126 3776">
    <p class='ocr_par' dir='ltr' id='par_1_34' title="bbox 556 3703 2126 3776">
     <span class='ocr_line' id='line_1_34' title="bbox 556 3703 2126 3776; baseline 0.005 -24"><span class='ocrx_word' id='word_1_247' title='bbox 556 3714 677 3753; x_wconf 91' lang='lat' dir='ltr'><strong><em>rum</em></strong></span> <span class='ocrx_word' id='word_1_248' title='bbox 705 3706 789 3755; x_wconf 85' lang='lat' dir='ltr'><strong><em>est</em></strong></span> <span class='ocrx_word' id='word_1_249' title='bbox 832 3703 987 3759; x_wconf 86' lang='lat' dir='ltr'><strong><em>vobis</em></strong></span> <span class='ocrx_word' id='word_1_250' title='bbox 1023 3704 1243 3759; x_wconf 89' lang='lat' dir='ltr'><strong><em>obedire</em></strong></span> <span class='ocrx_word' id='word_1_251' title='bbox 1273 3715 1329 3760; x_wconf 92' lang='lat' dir='ltr'><strong><em>ut</em></strong></span> <span class='ocrx_word' id='word_1_252' title='bbox 1354 3705 1485 3772; x_wconf 89' lang='lat' dir='ltr'><strong><em>Deo,</em></strong></span> <span class='ocrx_word' id='word_1_253' title='bbox 1518 3706 1675 3775; x_wconf 90' lang='lat' dir='ltr'><strong><em>cujus</em></strong></span> <span class='ocrx_word' id='word_1_254' title='bbox 1701 3706 1969 3776; x_wconf 84' lang='lat' dir='ltr'><strong><em>legatione</em></strong></span> <span class='ocrx_word' id='word_1_255' title='bbox 1998 3704 2126 3760; x_wconf 83' lang='lat' dir='ltr'><strong><em>fun-</em></strong></span> 
     </span>
    </p>
   </div>
   <div class='ocr_carea' id='block_1_35' title="bbox 557 3791 2123 3867">
    <p class='ocr_par' dir='ltr' id='par_1_35' title="bbox 557 3791 2123 3867">
     <span class='ocr_line' id='line_1_35' title="bbox 557 3791 2123 3867; baseline 0.006 -23"><span class='ocrx_word' id='word_1_256' title='bbox 557 3791 771 3863; x_wconf 81' lang='lat' dir='ltr'><strong><em>gimini,</em></strong></span> <span class='ocrx_word' id='word_1_257' title='bbox 797 3793 1012 3851; x_wconf 85' lang='lat' dir='ltr'><strong><em>dicente</em></strong></span> <span class='ocrx_word' id='word_1_258' title='bbox 1038 3795 1312 3853; x_wconf 90' lang='lat' dir='ltr'><strong><em>Domino:</em></strong></span> <span class='ocrx_word' id='word_1_259' title='bbox 1348 3799 1454 3867; x_wconf 83' lang='lat' dir='ltr'><strong><em>Qui</em></strong></span> <span class='ocrx_word' id='word_1_260' title='bbox 1482 3816 1569 3854; x_wconf 83' lang='lat' dir='ltr'><strong><em>vos</em></strong></span> <span class='ocrx_word' id='word_1_261' title='bbox 1602 3799 1789 3865; x_wconf 86' lang='lat' dir='ltr'><strong><em>audit,</em></strong></span> <span class='ocrx_word' id='word_1_262' title='bbox 1830 3815 1911 3853; x_wconf 91' lang='lat' dir='ltr'><strong><em>me</em></strong></span> <span class='ocrx_word' id='word_1_263' title='bbox 1952 3799 2123 3865; x_wconf 83' lang='lat' dir='ltr'><strong><em>audit,</em></strong></span> 
     </span>
    </p>
   </div>
   <div class='ocr_carea' id='block_1_36' title="bbox 2206 1291 3698 1364">
    <p class='ocr_par' dir='ltr' id='par_1_36' title="bbox 2206 1291 3698 1364">
     <span class='ocr_line' id='line_1_36' title="bbox 2206 1291 3698 1364; baseline -0.002 -16"><span class='ocrx_word' id='word_1_264' title='bbox 2206 1293 2527 1360; x_wconf 89' lang='lat' dir='ltr'><strong><em>benevolus,</em></strong></span> <span class='ocrx_word' id='word_1_265' title='bbox 2560 1294 2657 1350; x_wconf 90' lang='lat' dir='ltr'><strong><em>sed</em></strong></span> <span class='ocrx_word' id='word_1_266' title='bbox 2680 1295 2899 1350; x_wconf 89' lang='lat' dir='ltr'><strong><em>rebellis</em></strong></span> <span class='ocrx_word' id='word_1_267' title='bbox 2923 1302 3088 1364; x_wconf 89' lang='lat' dir='ltr'><strong><em>atque</em></strong></span> <span class='ocrx_word' id='word_1_268' title='bbox 3130 1292 3436 1348; x_wconf 90' lang='lat' dir='ltr'><strong><em>inobediens</em></strong></span> <span class='ocrx_word' id='word_1_269' title='bbox 3462 1291 3698 1356; x_wconf 84' lang='lat' dir='ltr'><strong><em>exstiterit,</em></strong></span> 
     </span>
    </p>
   </div>
   <div class='ocr_carea' id='block_1_37' title="bbox 2208 1384 3702 1459">
    <p class='ocr_par' dir='ltr' id='par_1_37' title="bbox 2208 1384 3702 1459">
     <span class='ocr_line' id='line_1_37' title="bbox 2208 1384 3702 1459; baseline 0 -18"><span class='ocrx_word' id='word_1_270' title='bbox 2208 1385 2449 1442; x_wconf 81' lang='lat' dir='ltr'><strong><em>fructum</em></strong></span> <span class='ocrx_word' id='word_1_271' title='bbox 2480 1403 2592 1443; x_wconf 90' lang='lat' dir='ltr'><strong><em>non</em></strong></span> <span class='ocrx_word' id='word_1_272' title='bbox 2621 1387 2948 1459; x_wconf 87' lang='lat' dir='ltr'><strong><em>germinabit</em></strong></span> <span class='ocrx_word' id='word_1_273' title='bbox 2980 1402 3081 1443; x_wconf 90' lang='lat' dir='ltr'><strong><em>nec</em></strong></span> <span class='ocrx_word' id='word_1_274' title='bbox 3110 1391 3303 1458; x_wconf 84' lang='lat' dir='ltr'><strong><em>pariet,</em></strong></span> <span class='ocrx_word' id='word_1_275' title='bbox 3336 1384 3619 1443; x_wconf 77' lang='lat' dir='ltr'><strong><em>sedsimilis</em></strong></span> <span class='ocrx_word' id='word_1_276' title='bbox 3640 1394 3702 1441; x_wconf 85' lang='lat' dir='ltr'><strong><em>est</em></strong></span> 
     </span>
    </p>
   </div>
   <div class='ocr_carea' id='block_1_38' title="bbox 2208 1474 3702 1551">
    <p class='ocr_par' dir='ltr' id='par_1_38' title="bbox 2208 1474 3702 1551">
     <span class='ocr_line' id='line_1_38' title="bbox 2208 1474 3702 1551; baseline -0.003 -16"><span class='ocrx_word' id='word_1_277' title='bbox 2208 1480 2390 1537; x_wconf 88' lang='lat' dir='ltr'><strong><em>arbori</em></strong></span> <span class='ocrx_word' id='word_1_278' title='bbox 2421 1480 2523 1547; x_wconf 88' lang='lat' dir='ltr'><strong><em>illi,</em></strong></span> <span class='ocrx_word' id='word_1_279' title='bbox 2556 1480 2625 1536; x_wconf 89' lang='lat' dir='ltr'><strong><em>de</em></strong></span> <span class='ocrx_word' id='word_1_280' title='bbox 2653 1494 2760 1551; x_wconf 85' lang='lat' dir='ltr'><strong><em>qua</em></strong></span> <span class='ocrx_word' id='word_1_281' title='bbox 2800 1479 3063 1536; x_wconf 87' lang='lat' dir='ltr'><strong><em>Dominus</em></strong></span> <span class='ocrx_word' id='word_1_282' title='bbox 3103 1479 3218 1533; x_wconf 90' lang='lat' dir='ltr'><strong><em>ait:</em></strong></span> <span class='ocrx_word' id='word_1_283' title='bbox 3253 1476 3427 1532; x_wconf 81' lang='lat' dir='ltr'><strong><em>Omnis</em></strong></span> <span class='ocrx_word' id='word_1_284' title='bbox 3470 1474 3702 1547; x_wconf 73' lang='lat' dir='ltr'><strong><em>arborque</em></strong></span> 
     </span>
    </p>
   </div>
   <div class='ocr_carea' id='block_1_39' title="bbox 2208 1568 3703 1642">
    <p class='ocr_par' dir='ltr' id='par_1_39' title="bbox 2208 1568 3703 1642">
     <span class='ocr_line' id='line_1_39' title="bbox 2208 1568 3703 1642; baseline -0.004 -16"><span class='ocrx_word' id='word_1_285' title='bbox 2208 1588 2311 1627; x_wconf 81' lang='lat' dir='ltr'><strong><em>non</em></strong></span> <span class='ocrx_word' id='word_1_286' title='bbox 2354 1571 2486 1642; x_wconf 75' lang='lat' dir='ltr'><strong><em>facit</em></strong></span> <span class='ocrx_word' id='word_1_287' title='bbox 2506 1574 2739 1642; x_wconf 84' lang='lat' dir='ltr'><strong><em>fructum</em></strong></span> <span class='ocrx_word' id='word_1_288' title='bbox 2762 1574 2974 1637; x_wconf 77' lang='lat' dir='ltr'><strong><em>bonum,</em></strong></span> <span class='ocrx_word' id='word_1_289' title='bbox 3001 1570 3291 1637; x_wconf 77' lang='lat' dir='ltr'><strong><em>excidatur,</em></strong></span> <span class='ocrx_word' id='word_1_290' title='bbox 3307 1578 3355 1623; x_wconf 89' lang='lat' dir='ltr'><strong><em>et</em></strong></span> <span class='ocrx_word' id='word_1_291' title='bbox 3381 1570 3433 1623; x_wconf 87' lang='lat' dir='ltr'><strong><em>in</em></strong></span> <span class='ocrx_word' id='word_1_292' title='bbox 3450 1568 3593 1638; x_wconf 85' lang='lat' dir='ltr'><strong><em>ignem</em></strong></span> <span class='ocrx_word' id='word_1_293' title='bbox 3612 1568 3703 1621; x_wconf 87' lang='lat' dir='ltr'><strong><em>mit-</em></strong></span> 
     </span>
    </p>
   </div>
   <div class='ocr_carea' id='block_1_40' title="bbox 2208 1660 3704 1736">
    <p class='ocr_par' dir='ltr' id='par_1_40' title="bbox 2208 1660 3704 1736">
     <span class='ocr_line' id='line_1_40' title="bbox 2208 1660 3704 1736; baseline -0.002 -18"><span class='ocrx_word' id='word_1_294' title='bbox 2208 1673 2350 1719; x_wconf 85' lang='lat' dir='ltr'><strong><em>tetur</em></strong></span> <span class='ocrx_word' id='word_1_295' title='bbox 2374 1664 2437 1720; x_wconf 69' lang='grc' dir='ltr'><strong><em>ιδ.</em></strong></span> <span class='ocrx_word' id='word_1_296' title='bbox 2474 1665 2518 1700; x_wconf 77' lang='grc'><strong><em>³⁵</em></strong></span> <span class='ocrx_word' id='word_1_297' title='bbox 2551 1665 2769 1721; x_wconf 89' lang='lat' dir='ltr'><strong><em>Primus</em></strong></span> <span class='ocrx_word' id='word_1_298' title='bbox 2795 1665 2940 1721; x_wconf 91' lang='lat' dir='ltr'><strong><em>enim</em></strong></span> <span class='ocrx_word' id='word_1_299' title='bbox 2962 1663 3207 1736; x_wconf 80' lang='lat' dir='ltr'><strong><em>pontifex</em></strong></span> <span class='ocrx_word' id='word_1_300' title='bbox 3236 1662 3433 1725; x_wconf 89' lang='lat' dir='ltr'><strong><em>Aaron,</em></strong></span> <span class='ocrx_word' id='word_1_301' title='bbox 3469 1660 3704 1715; x_wconf 85' lang='lat' dir='ltr'><strong><em>chrismate</em></strong></span> 
     </span>
    </p>
   </div>
   <div class='ocr_carea' id='block_1_41' title="bbox 2208 1752 3705 1827">
    <p class='ocr_par' dir='ltr' id='par_1_41' title="bbox 2208 1752 3705 1827">
     <span class='ocr_line' id='line_1_41' title="bbox 2208 1752 3705 1827; baseline -0.003 -17"><span class='ocrx_word' id='word_1_302' title='bbox 2208 1756 2626 1827; x_wconf 87' lang='lat' dir='ltr'><strong><em>compositionis</em></strong></span> <span class='ocrx_word' id='word_1_303' title='bbox 2666 1765 2963 1827; x_wconf 88' lang='lat' dir='ltr'><strong><em>perunctus</em></strong></span> <span class='ocrx_word' id='word_1_304' title='bbox 2988 1795 3002 1821; x_wconf 93' lang='lat'><strong><em>,</em></strong></span> <span class='ocrx_word' id='word_1_305' title='bbox 3052 1756 3307 1825; x_wconf 89' lang='lat' dir='ltr'><strong><em>princeps</em></strong></span> <span class='ocrx_word' id='word_1_306' title='bbox 3334 1753 3507 1825; x_wconf 87' lang='lat' dir='ltr'><strong><em>populi</em></strong></span> <span class='ocrx_word' id='word_1_307' title='bbox 3535 1752 3613 1806; x_wconf 81' lang='lat' dir='ltr'><strong><em>fuit</em></strong></span> <span class='ocrx_word' id='word_1_308' title='bbox 3633 1772 3644 1820; x_wconf 88' lang='lat'><strong>;</strong></span> <span class='ocrx_word' id='word_1_309' title='bbox 3667 1762 3705 1807; x_wconf 86' lang='lat' dir='ltr'><strong><em>et</em></strong></span> 
     </span>
    </p>
   </div>
   <div class='ocr_carea' id='block_1_42' title="bbox 2210 1846 3706 1920">
    <p class='ocr_par' dir='ltr' id='par_1_42' title="bbox 2210 1846 3706 1920">
     <span class='ocr_line' id='line_1_42' title="bbox 2210 1846 3706 1920; baseline -0.003 -16"><span class='ocrx_word' id='word_1_310' title='bbox 2210 1856 2469 1920; x_wconf 90' lang='lat' dir='ltr'><strong><em>tanquam</em></strong></span> <span class='ocrx_word' id='word_1_311' title='bbox 2492 1866 2609 1918; x_wconf 88' lang='lat' dir='ltr'><strong><em>rex,</em></strong></span> <span class='ocrx_word' id='word_1_312' title='bbox 2640 1850 2911 1920; x_wconf 89' lang='lat' dir='ltr'><strong><em>primitias</em></strong></span> <span class='ocrx_word' id='word_1_313' title='bbox 2931 1857 2986 1904; x_wconf 89' lang='lat' dir='ltr'><strong><em>et</em></strong></span> <span class='ocrx_word' id='word_1_314' title='bbox 3012 1850 3273 1904; x_wconf 89' lang='lat' dir='ltr'><strong><em>tributum</em></strong></span> <span class='ocrx_word' id='word_1_315' title='bbox 3304 1862 3395 1918; x_wconf 89' lang='lat' dir='ltr'><strong><em>per</em></strong></span> <span class='ocrx_word' id='word_1_316' title='bbox 3415 1846 3573 1917; x_wconf 89' lang='lat' dir='ltr'><strong><em>capita</em></strong></span> <span class='ocrx_word' id='word_1_317' title='bbox 3596 1859 3706 1900; x_wconf 86' lang='lat' dir='ltr'><strong><em>acce-</em></strong></span> 
     </span>
    </p>
   </div>
   <div class='ocr_carea' id='block_1_43' title="bbox 2214 1942 3704 2014">
    <p class='ocr_par' dir='ltr' id='par_1_43' title="bbox 2214 1942 3704 2014">
     <span class='ocr_line' id='line_1_43' title="bbox 2214 1942 3704 2014; baseline -0.005 -16"><span class='ocrx_word' id='word_1_318' title='bbox 2214 1943 2294 2014; x_wconf 81' lang='lat' dir='ltr'><strong><em>pit</em></strong></span> <span class='ocrx_word' id='word_1_319' title='bbox 2316 1958 2347 1997; x_wconf 89' lang='lat' dir='ltr'><strong><em>a</em></strong></span> <span class='ocrx_word' id='word_1_320' title='bbox 2368 1944 2604 2013; x_wconf 91' lang='lat' dir='ltr'><strong><em>populo:</em></strong></span> <span class='ocrx_word' id='word_1_321' title='bbox 2635 1942 2989 2011; x_wconf 86' lang='lat' dir='ltr'><strong><em>etjudicandi</em></strong></span> <span class='ocrx_word' id='word_1_322' title='bbox 3021 1942 3276 2011; x_wconf 82' lang='lat' dir='ltr'><strong><em>papulum</em></strong></span> <span class='ocrx_word' id='word_1_323' title='bbox 3313 1945 3453 1993; x_wconf 88' lang='lat' dir='ltr'><strong><em>sorte</em></strong></span> <span class='ocrx_word' id='word_1_324' title='bbox 3489 1944 3704 2006; x_wconf 72' lang='lat' dir='ltr'><strong><em>suscepta,</em></strong></span> 
     </span>
    </p>
   </div>
   <div class='ocr_carea' id='block_1_44' title="bbox 2211 2028 3707 2105">
    <p class='ocr_par' dir='ltr' id='par_1_44' title="bbox 2211 2028 3707 2105">
     <span class='ocr_line' id='line_1_44' title="bbox 2211 2028 3707 2105; baseline -0.006 -14"><span class='ocrx_word' id='word_1_325' title='bbox 2211 2036 2281 2092; x_wconf 89' lang='lat' dir='ltr'><strong><em>de</em></strong></span> <span class='ocrx_word' id='word_1_326' title='bbox 2309 2035 2527 2091; x_wconf 88' lang='lat' dir='ltr'><strong><em>mundis</em></strong></span> <span class='ocrx_word' id='word_1_327' title='bbox 2552 2034 2952 2105; x_wconf 89' lang='lat' dir='ltr'><strong><em>immundisquc</em></strong></span> <span class='ocrx_word' id='word_1_328' title='bbox 2988 2032 3293 2104; x_wconf 82' lang='lat' dir='ltr'><strong><em>judicabat.</em></strong></span> <span class='ocrx_word' id='word_1_329' title='bbox 3335 2028 3432 2084; x_wconf 90' lang='lat' dir='ltr'><strong><em>Sed</em></strong></span> <span class='ocrx_word' id='word_1_330' title='bbox 3456 2036 3503 2083; x_wconf 88' lang='lat' dir='ltr'><strong><em>et</em></strong></span> <span class='ocrx_word' id='word_1_331' title='bbox 3534 2028 3574 2083; x_wconf 89' lang='lat' dir='ltr'><strong><em>si</em></strong></span> <span class='ocrx_word' id='word_1_332' title='bbox 3606 2028 3707 2082; x_wconf 88' lang='lat' dir='ltr'><strong><em>alius</em></strong></span> 
     </span>
    </p>
   </div>
   <div class='ocr_carea' id='block_1_45' title="bbox 2211 2119 3709 2199">
    <p class='ocr_par' dir='ltr' id='par_1_45' title="bbox 2211 2119 3709 2199">
     <span class='ocr_line' id='line_1_45' title="bbox 2211 2119 3709 2199; baseline -0.009 -15"><span class='ocrx_word' id='word_1_333' title='bbox 2211 2143 2281 2185; x_wconf 85' lang='lat' dir='ltr'><strong><em>ex</em></strong></span> <span class='ocrx_word' id='word_1_334' title='bbox 2309 2128 2430 2199; x_wconf 92' lang='lat' dir='ltr'><strong><em>ipso</em></strong></span> <span class='ocrx_word' id='word_1_335' title='bbox 2471 2134 2749 2198; x_wconf 89' lang='lat' dir='ltr'><strong><em>unguento</em></strong></span> <span class='ocrx_word' id='word_1_336' title='bbox 2786 2134 3083 2197; x_wconf 85' lang='lat' dir='ltr'><strong><em>perunctus</em></strong></span> <span class='ocrx_word' id='word_1_337' title='bbox 3113 2129 3221 2187; x_wconf 90' lang='lat' dir='ltr'><strong><em>est,</em></strong></span> <span class='ocrx_word' id='word_1_338' title='bbox 3249 2122 3444 2176; x_wconf 90' lang='lat' dir='ltr'><strong><em>virtute</em></strong></span> <span class='ocrx_word' id='word_1_339' title='bbox 3483 2119 3591 2174; x_wconf 88' lang='lat' dir='ltr'><strong><em>inde</em></strong></span> <span class='ocrx_word' id='word_1_340' title='bbox 3615 2132 3709 2172; x_wconf 90' lang='lat' dir='ltr'><strong><em>con-</em></strong></span> 
     </span>
    </p>
   </div>
   <div class='ocr_carea' id='block_1_46' title="bbox 2216 2207 3709 2291">
    <p class='ocr_par' dir='ltr' id='par_1_46' title="bbox 2216 2207 3709 2291">
     <span class='ocr_line' id='line_1_46' title="bbox 2216 2207 3709 2291; baseline -0.008 -17"><span class='ocrx_word' id='word_1_341' title='bbox 2216 2229 2398 2291; x_wconf 91' lang='lat' dir='ltr'><strong><em>cepta,</em></strong></span> <span class='ocrx_word' id='word_1_342' title='bbox 2422 2220 2584 2275; x_wconf 90' lang='lat' dir='ltr'><strong><em>etiam</em></strong></span> <span class='ocrx_word' id='word_1_343' title='bbox 2615 2219 2730 2290; x_wconf 91' lang='lat' dir='ltr'><strong><em>ipse</em></strong></span> <span class='ocrx_word' id='word_1_344' title='bbox 2752 2234 2847 2272; x_wconf 88' lang='lat' dir='ltr'><strong><em>rex</em></strong></span> <span class='ocrx_word' id='word_1_345' title='bbox 2872 2230 2965 2271; x_wconf 87' lang='lat' dir='ltr'><strong><em>aut</em></strong></span> <span class='ocrx_word' id='word_1_346' title='bbox 2995 2216 3261 2287; x_wconf 88' lang='lat' dir='ltr'><strong><em>propheta</em></strong></span> <span class='ocrx_word' id='word_1_347' title='bbox 3300 2221 3389 2267; x_wconf 91' lang='lat' dir='ltr'><strong><em>aut</em></strong></span> <span class='ocrx_word' id='word_1_348' title='bbox 3415 2210 3621 2282; x_wconf 77' lang='lat' dir='ltr'><strong><em>pontifex</em></strong></span> <span class='ocrx_word' id='word_1_349' title='bbox 3642 2207 3709 2262; x_wconf 77' lang='lat' dir='ltr'><strong><em>lic-</em></strong></span> 
     </span>
    </p>
   </div>
   <div class='ocr_carea' id='block_1_47' title="bbox 2216 2303 3710 2380">
    <p class='ocr_par' dir='ltr' id='par_1_47' title="bbox 2216 2303 3710 2380">
     <span class='ocr_line' id='line_1_47' title="bbox 2216 2303 3710 2380; baseline -0.01 -13"><span class='ocrx_word' id='word_1_350' title='bbox 2216 2313 2330 2367; x_wconf 91' lang='lat' dir='ltr'><strong><em>bat.</em></strong></span> <span class='ocrx_word' id='word_1_351' title='bbox 2362 2312 2516 2378; x_wconf 86' lang='lat' dir='ltr'><strong><em>Quod</em></strong></span> <span class='ocrx_word' id='word_1_352' title='bbox 2548 2311 2592 2367; x_wconf 91' lang='lat' dir='ltr'><strong><em>si</em></strong></span> <span class='ocrx_word' id='word_1_353' title='bbox 2625 2310 2938 2380; x_wconf 88' lang='lat' dir='ltr'><strong><em>temporalis</em></strong></span> <span class='ocrx_word' id='word_1_354' title='bbox 2976 2309 3152 2379; x_wconf 86' lang='lat' dir='ltr'><strong><em>gratia</em></strong></span> <span class='ocrx_word' id='word_1_355' title='bbox 3185 2308 3254 2362; x_wconf 90' lang='lat' dir='ltr'><strong><em>ab</em></strong></span> <span class='ocrx_word' id='word_1_356' title='bbox 3291 2303 3579 2359; x_wconf 88' lang='lat' dir='ltr'><strong><em>hominibus</em></strong></span> <span class='ocrx_word' id='word_1_357' title='bbox 3602 2315 3710 2355; x_wconf 86' lang='lat' dir='ltr'><strong><em>com-</em></strong></span> 
     </span>
    </p>
   </div>
   <div class='ocr_carea' id='block_1_48' title="bbox 2216 2390 3711 2477">
    <p class='ocr_par' dir='ltr' id='par_1_48' title="bbox 2216 2390 3711 2477">
     <span class='ocr_line' id='line_1_48' title="bbox 2216 2390 3711 2477; baseline -0.009 -19"><span class='ocrx_word' id='word_1_358' title='bbox 2216 2405 2416 2477; x_wconf 89' lang='lat' dir='ltr'><strong><em>posita,</em></strong></span> <span class='ocrx_word' id='word_1_359' title='bbox 2446 2412 2656 2457; x_wconf 88' lang='lat' dir='ltr'><strong><em>tantum</em></strong></span> <span class='ocrx_word' id='word_1_360' title='bbox 2690 2403 2908 2474; x_wconf 90' lang='lat' dir='ltr'><strong><em>potuit,</em></strong></span> <span class='ocrx_word' id='word_1_361' title='bbox 2939 2400 3231 2471; x_wconf 86' lang='lat' dir='ltr'><strong><em>intelligite</em></strong></span> <span class='ocrx_word' id='word_1_362' title='bbox 3266 2396 3377 2468; x_wconf 86' lang='lat' dir='ltr'><strong><em>jam</em></strong></span> <span class='ocrx_word' id='word_1_363' title='bbox 3420 2404 3644 2466; x_wconf 86' lang='lat' dir='ltr'><strong><em>quantum</em></strong></span> <span class='ocrx_word' id='word_1_364' title='bbox 3663 2390 3711 2445; x_wconf 89' lang='lat' dir='ltr'><strong><em>sit</em></strong></span> 
     </span>
    </p>
   </div>
   <div class='ocr_carea' id='block_1_49' title="bbox 2217 2485 3707 2567">
    <p class='ocr_par' dir='ltr' id='par_1_49' title="bbox 2217 2485 3707 2567">
     <span class='ocr_line' id='line_1_49' title="bbox 2217 2485 3707 2567; baseline -0.008 -17"><span class='ocrx_word' id='word_1_365' title='bbox 2217 2495 2351 2551; x_wconf 90' lang='lat' dir='ltr'><strong><em>illud</em></strong></span> <span class='ocrx_word' id='word_1_366' title='bbox 2384 2504 2744 2567; x_wconf 80' lang='lat' dir='ltr'><strong><em>unguentum,</em></strong></span> <span class='ocrx_word' id='word_1_367' title='bbox 2768 2494 2913 2567; x_wconf 90' lang='lat' dir='ltr'><strong><em>quod</em></strong></span> <span class='ocrx_word' id='word_1_368' title='bbox 2943 2508 2974 2547; x_wconf 90' lang='lat' dir='ltr'><strong><em>a</em></strong></span> <span class='ocrx_word' id='word_1_369' title='bbox 3018 2491 3131 2547; x_wconf 88' lang='lat' dir='ltr'><strong><em>Deo</em></strong></span> <span class='ocrx_word' id='word_1_370' title='bbox 3157 2491 3226 2546; x_wconf 81' lang='lat' dir='ltr'><strong><em>de</em></strong></span> <span class='ocrx_word' id='word_1_371' title='bbox 3254 2488 3481 2561; x_wconf 87' lang='lat' dir='ltr'><strong><em>virgulto</em></strong></span> <span class='ocrx_word' id='word_1_372' title='bbox 3503 2485 3707 2554; x_wconf 62' lang='lat' dir='ltr'><strong><em>vitam»</em></strong></span> 
     </span>
    </p>
   </div>
   <div class='ocr_carea' id='block_1_50' title="bbox 2216 2579 3712 2658">
    <p class='ocr_par' dir='ltr' id='par_1_50' title="bbox 2216 2579 3712 2658">
     <span class='ocr_line' id='line_1_50' title="bbox 2216 2579 3712 2658; baseline -0.011 -16"><span class='ocrx_word' id='word_1_373' title='bbox 2216 2589 2384 2643; x_wconf 89' lang='lat' dir='ltr'><strong><em>latum</em></strong></span> <span class='ocrx_word' id='word_1_374' title='bbox 2416 2598 2520 2653; x_wconf 89' lang='lat' dir='ltr'><strong><em>est,</em></strong></span> <span class='ocrx_word' id='word_1_375' title='bbox 2555 2604 2677 2643; x_wconf 89' lang='lat' dir='ltr'><strong><em>cum</em></strong></span> <span class='ocrx_word' id='word_1_376' title='bbox 2702 2588 2805 2642; x_wconf 90' lang='lat' dir='ltr'><strong><em>hoc</em></strong></span> <span class='ocrx_word' id='word_1_377' title='bbox 2832 2587 2976 2658; x_wconf 91' lang='lat' dir='ltr'><strong><em>quod</em></strong></span> <span class='ocrx_word' id='word_1_378' title='bbox 2999 2584 3068 2639; x_wconf 88' lang='lat' dir='ltr'><strong><em>ab</em></strong></span> <span class='ocrx_word' id='word_1_379' title='bbox 3105 2580 3418 2637; x_wconf 88' lang='lat' dir='ltr'><strong><em>hominibus</em></strong></span> <span class='ocrx_word' id='word_1_380' title='bbox 3443 2579 3615 2632; x_wconf 79' lang='lat' dir='ltr'><strong><em>factum</em></strong></span> <span class='ocrx_word' id='word_1_381' title='bbox 3637 2580 3712 2634; x_wconf 86' lang='lat' dir='ltr'><strong><em>est,</em></strong></span> 
     </span>
    </p>
   </div>
   <div class='ocr_carea' id='block_1_51' title="bbox 2215 2665 3715 2744">
    <p class='ocr_par' dir='ltr' id='par_1_51' title="bbox 2215 2665 3715 2744">
     <span class='ocr_line' id='line_1_51' title="bbox 2215 2665 3715 2744; baseline -0.011 -10"><span class='ocrx_word' id='word_1_382' title='bbox 2215 2686 2328 2736; x_wconf 89' lang='lat' dir='ltr'><strong><em>tam</em></strong></span> <span class='ocrx_word' id='word_1_383' title='bbox 2346 2681 2575 2737; x_wconf 79' lang='lat' dir='ltr'><strong><em>eximias</em></strong></span> <span class='ocrx_word' id='word_1_384' title='bbox 2599 2681 2745 2735; x_wconf 90' lang='lat' dir='ltr'><strong><em>inter</em></strong></span> <span class='ocrx_word' id='word_1_385' title='bbox 2758 2681 3010 2734; x_wconf 90' lang='lat' dir='ltr'><strong><em>homines</em></strong></span> <span class='ocrx_word' id='word_1_386' title='bbox 3037 2676 3290 2731; x_wconf 82' lang='lat' dir='ltr'><strong><em>conferat</em></strong></span> <span class='ocrx_word' id='word_1_387' title='bbox 3313 2672 3597 2744; x_wconf 81' lang='lat' dir='ltr'><strong><em>dignitates.</em></strong></span> <span class='ocrx_word' id='word_1_388' title='bbox 3613 2665 3715 2734; x_wconf 82' lang='lat' dir='ltr'><strong><em>Quid</em></strong></span> 
     </span>
    </p>
   </div>
   <div class='ocr_carea' id='block_1_52' title="bbox 2217 2762 3717 2844">
    <p class='ocr_par' dir='ltr' id='par_1_52' title="bbox 2217 2762 3717 2844">
     <span class='ocr_line' id='line_1_52' title="bbox 2217 2762 3717 2844; baseline -0.009 -16"><span class='ocrx_word' id='word_1_389' title='bbox 2217 2772 2364 2828; x_wconf 88' lang='lat' dir='ltr'><strong><em>enim</em></strong></span> <span class='ocrx_word' id='word_1_390' title='bbox 2393 2774 2448 2827; x_wconf 91' lang='lat' dir='ltr'><strong><em>in</em></strong></span> <span class='ocrx_word' id='word_1_391' title='bbox 2483 2773 2738 2844; x_wconf 62' lang='lat' dir='ltr'><strong><em>praisenti</em></strong></span> <span class='ocrx_word' id='word_1_392' title='bbox 2769 2772 2969 2827; x_wconf 66' lang='lat' dir='ltr'><strong><em>sarculo</em></strong></span> <span class='ocrx_word' id='word_1_393' title='bbox 3000 2769 3269 2841; x_wconf 88' lang='lat' dir='ltr'><strong><em>pr0pheta</em></strong></span> <span class='ocrx_word' id='word_1_394' title='bbox 3302 2762 3593 2837; x_wconf 87' lang='lat' dir='ltr'><strong><em>gloriosius,</em></strong></span> <span class='ocrx_word' id='word_1_395' title='bbox 3624 2772 3717 2827; x_wconf 82' lang='lat' dir='ltr'><strong><em>pon-</em></strong></span> 
     </span>
    </p>
   </div>
   <div class='ocr_carea' id='block_1_53' title="bbox 2218 2850 3716 2936">
    <p class='ocr_par' dir='ltr' id='par_1_53' title="bbox 2218 2850 3716 2936">
     <span class='ocr_line' id='line_1_53' title="bbox 2218 2850 3716 2936; baseline -0.01 -15"><span class='ocrx_word' id='word_1_396' title='bbox 2218 2865 2365 2921; x_wconf 87' lang='lat' dir='ltr'><strong><em>tilice</em></strong></span> <span class='ocrx_word' id='word_1_397' title='bbox 2395 2866 2617 2930; x_wconf 82' lang='lat' dir='ltr'><strong><em>clarius,</em></strong></span> <span class='ocrx_word' id='word_1_398' title='bbox 2654 2880 2779 2936; x_wconf 83' lang='lat' dir='ltr'><strong><em>rege</em></strong></span> <span class='ocrx_word' id='word_1_399' title='bbox 2801 2862 3134 2919; x_wconf 86' lang='lat' dir='ltr'><strong><em>sublimius?</em></strong></span> <span class='ocrx_word' id='word_1_400' title='bbox 3164 2859 3357 2917; x_wconf 89' lang='lat' dir='ltr'><strong><em>Omnis</em></strong></span> <span class='ocrx_word' id='word_1_401' title='bbox 3374 2857 3508 2913; x_wconf 89' lang='lat' dir='ltr'><strong><em>enim</em></strong></span> <span class='ocrx_word' id='word_1_402' title='bbox 3532 2850 3716 2924; x_wconf 73' lang='lat' dir='ltr'><strong><em>pontifex</em></strong></span> 
     </span>
    </p>
   </div>
   <div class='ocr_carea' id='block_1_54' title="bbox 2221 2942 3718 3026">
    <p class='ocr_par' dir='ltr' id='par_1_54' title="bbox 2221 2942 3718 3026">
     <span class='ocr_line' id='line_1_54' title="bbox 2221 2942 3718 3026; baseline -0.015 -10"><span class='ocrx_word' id='word_1_403' title='bbox 2221 2974 2380 3016; x_wconf 89' lang='lat' dir='ltr'><strong><em>sacro</em></strong></span> <span class='ocrx_word' id='word_1_404' title='bbox 2403 2959 2700 3013; x_wconf 88' lang='lat' dir='ltr'><strong><em>chrismate</em></strong></span> <span class='ocrx_word' id='word_1_405' title='bbox 2728 2964 3027 3026; x_wconf 88' lang='lat' dir='ltr'><strong><em>perunctus</em></strong></span> <span class='ocrx_word' id='word_1_406' title='bbox 3048 2993 3063 3018; x_wconf 91' lang='lat'><strong><em>,</em></strong></span> <span class='ocrx_word' id='word_1_407' title='bbox 3094 2962 3153 3010; x_wconf 90' lang='lat' dir='ltr'><strong><em>et</em></strong></span> <span class='ocrx_word' id='word_1_408' title='bbox 3190 2953 3247 3008; x_wconf 90' lang='lat' dir='ltr'><strong><em>in</em></strong></span> <span class='ocrx_word' id='word_1_409' title='bbox 3281 2950 3489 3006; x_wconf 88' lang='lat' dir='ltr'><strong><em>civitate</em></strong></span> <span class='ocrx_word' id='word_1_410' title='bbox 3514 2942 3718 3000; x_wconf 86' lang='lat' dir='ltr'><strong><em>constitu-</em></strong></span> 
     </span>
    </p>
   </div>
   <div class='ocr_carea' id='block_1_55' title="bbox 2221 3033 3717 3122">
    <p class='ocr_par' dir='ltr' id='par_1_55' title="bbox 2221 3033 3717 3122">
     <span class='ocr_line' id='line_1_55' title="bbox 2221 3033 3717 3122; baseline -0.015 -16"><span class='ocrx_word' id='word_1_411' title='bbox 2221 3059 2332 3118; x_wconf 93' lang='lat' dir='ltr'><strong><em>tus,</em></strong></span> <span class='ocrx_word' id='word_1_412' title='bbox 2363 3049 2660 3122; x_wconf 91' lang='lat' dir='ltr'><strong><em>Scripturis</em></strong></span> <span class='ocrx_word' id='word_1_413' title='bbox 2688 3050 2861 3105; x_wconf 87' lang='lat' dir='ltr'><strong><em>sacris</em></strong></span> <span class='ocrx_word' id='word_1_414' title='bbox 2894 3046 3151 3103; x_wconf 90' lang='lat' dir='ltr'><strong><em>conditus</em></strong></span> <span class='ocrx_word' id='word_1_415' title='bbox 3172 3045 3238 3111; x_wconf 86' lang='grc'><strong><em>¹⁶,</em></strong></span> <span class='ocrx_word' id='word_1_416' title='bbox 3275 3042 3471 3099; x_wconf 89' lang='lat' dir='ltr'><strong><em>cbarus</em></strong></span> <span class='ocrx_word' id='word_1_417' title='bbox 3492 3045 3540 3095; x_wconf 89' lang='lat' dir='ltr'><strong><em>et</em></strong></span> <span class='ocrx_word' id='word_1_418' title='bbox 3565 3033 3717 3106; x_wconf 83' lang='lat' dir='ltr'><strong><em>pretio-</em></strong></span> 
     </span>
    </p>
   </div>
   <div class='ocr_carea' id='block_1_56' title="bbox 2223 3124 3719 3213">
    <p class='ocr_par' dir='ltr' id='par_1_56' title="bbox 2223 3124 3719 3213">
     <span class='ocr_line' id='line_1_56' title="bbox 2223 3124 3719 3213; baseline -0.016 -11"><span class='ocrx_word' id='word_1_419' title='bbox 2223 3162 2319 3202; x_wconf 90' lang='lat' dir='ltr'><strong><em>sus</em></strong></span> <span class='ocrx_word' id='word_1_420' title='bbox 2359 3144 2672 3200; x_wconf 90' lang='lat' dir='ltr'><strong><em>hominibus</em></strong></span> <span class='ocrx_word' id='word_1_421' title='bbox 2706 3140 2902 3213; x_wconf 89' lang='lat' dir='ltr'><strong><em>oppido</em></strong></span> <span class='ocrx_word' id='word_1_422' title='bbox 2940 3155 3063 3196; x_wconf 91' lang='lat' dir='ltr'><strong><em>esse</em></strong></span> <span class='ocrx_word' id='word_1_423' title='bbox 3103 3133 3335 3196; x_wconf 80' lang='lat' dir='ltr'><strong><em>debet.“</em></strong></span> <span class='ocrx_word' id='word_1_424' title='bbox 3401 3134 3574 3201; x_wconf 87' lang='lat' dir='ltr'><strong><em>Quem,</em></strong></span> <span class='ocrx_word' id='word_1_425' title='bbox 3607 3124 3719 3197; x_wconf 76' lang='lat' dir='ltr'><strong><em>quasi</em></strong></span> 
     </span>
    </p>
   </div>
   <div class='ocr_carea' id='block_1_57' title="bbox 2222 3217 3723 3298">
    <p class='ocr_par' dir='ltr' id='par_1_57' title="bbox 2222 3217 3723 3298">
     <span class='ocr_line' id='line_1_57' title="bbox 2222 3217 3723 3298; baseline -0.018 -3"><span class='ocrx_word' id='word_1_426' title='bbox 2222 3238 2426 3295; x_wconf 90' lang='lat' dir='ltr'><strong><em>Christi</em></strong></span> <span class='ocrx_word' id='word_1_427' title='bbox 2455 3239 2633 3292; x_wconf 90' lang='lat' dir='ltr'><strong><em>locum</em></strong></span> <span class='ocrx_word' id='word_1_428' title='bbox 2658 3243 2953 3298; x_wconf 90' lang='lat' dir='ltr'><strong><em>tenentem,</em></strong></span> <span class='ocrx_word' id='word_1_429' title='bbox 2975 3233 3253 3287; x_wconf 89' lang='lat' dir='ltr'><strong><em>honorare</em></strong></span> <span class='ocrx_word' id='word_1_430' title='bbox 3271 3242 3455 3284; x_wconf 89' lang='lat' dir='ltr'><strong><em>omnes</em></strong></span> <span class='ocrx_word' id='word_1_431' title='bbox 3476 3217 3723 3279; x_wconf 83' lang='lat' dir='ltr'><strong><em>debent.ei-</em></strong></span> 
     </span>
    </p>
   </div>
   <div class='ocr_carea' id='block_1_58' title="bbox 2225 3312 3725 3404">
    <p class='ocr_par' dir='ltr' id='par_1_58' title="bbox 2225 3312 3725 3404">
     <span class='ocr_line' id='line_1_58' title="bbox 2225 3312 3725 3404; baseline -0.019 -15"><span class='ocrx_word' id='word_1_432' title='bbox 2225 3348 2330 3404; x_wconf 89' lang='lat' dir='ltr'><strong><em>que</em></strong></span> <span class='ocrx_word' id='word_1_433' title='bbox 2357 3334 2583 3397; x_wconf 87' lang='lat' dir='ltr'><strong><em>servire,</em></strong></span> <span class='ocrx_word' id='word_1_434' title='bbox 2610 3337 2664 3386; x_wconf 91' lang='lat' dir='ltr'><strong><em>et</em></strong></span> <span class='ocrx_word' id='word_1_435' title='bbox 2694 3328 3009 3385; x_wconf 88' lang='lat' dir='ltr'><strong><em>obedientes</em></strong></span> <span class='ocrx_word' id='word_1_436' title='bbox 3035 3325 3102 3380; x_wconf 85' lang='lat' dir='ltr'><strong><em>ad</em></strong></span> <span class='ocrx_word' id='word_1_437' title='bbox 3135 3326 3367 3381; x_wconf 87' lang='lat' dir='ltr'><strong><em>salutem</em></strong></span> <span class='ocrx_word' id='word_1_438' title='bbox 3391 3334 3532 3376; x_wconf 89' lang='lat' dir='ltr'><strong><em>suam</em></strong></span> <span class='ocrx_word' id='word_1_439' title='bbox 3550 3312 3725 3369; x_wconf 73' lang='lat' dir='ltr'><strong><em>ﬁdeliter</em></strong></span> 
     </span>
    </p>
   </div>
   <div class='ocr_carea' id='block_1_59' title="bbox 2224 3407 3725 3493">
    <p class='ocr_par' dir='ltr' id='par_1_59' title="bbox 2224 3407 3725 3493">
     <span class='ocr_line' id='line_1_59' title="bbox 2224 3407 3725 3493; baseline -0.021 -9"><span class='ocrx_word' id='word_1_440' title='bbox 2224 3428 2479 3490; x_wconf 76' lang='lat' dir='ltr'><strong><em>existere,</em></strong></span> <span class='ocrx_word' id='word_1_441' title='bbox 2499 3425 2735 3481; x_wconf 88' lang='lat' dir='ltr'><strong><em>scientes</em></strong></span> <span class='ocrx_word' id='word_1_442' title='bbox 2755 3419 2900 3493; x_wconf 88' lang='lat' dir='ltr'><strong><em>quod</em></strong></span> <span class='ocrx_word' id='word_1_443' title='bbox 2922 3419 3037 3474; x_wconf 91' lang='lat' dir='ltr'><strong><em>sive</em></strong></span> <span class='ocrx_word' id='word_1_444' title='bbox 3062 3416 3263 3480; x_wconf 90' lang='lat' dir='ltr'><strong><em>honor,</em></strong></span> <span class='ocrx_word' id='word_1_445' title='bbox 3288 3416 3400 3471; x_wconf 87' lang='lat' dir='ltr'><strong><em>sive</em></strong></span> <span class='ocrx_word' id='word_1_446' title='bbox 3430 3407 3625 3480; x_wconf 87' lang='lat' dir='ltr'><strong><em>injuria,</em></strong></span> <span class='ocrx_word' id='word_1_447' title='bbox 3640 3415 3725 3473; x_wconf 72' lang='lat' dir='ltr'><strong><em>qua</em></strong></span> 
     </span>
    </p>
   </div>
   <div class='ocr_carea' id='block_1_60' title="bbox 2224 3494 3726 3585">
    <p class='ocr_par' dir='ltr' id='par_1_60' title="bbox 2224 3494 3726 3585">
     <span class='ocr_line' id='line_1_60' title="bbox 2224 3494 3726 3585; baseline -0.021 -7"><span class='ocrx_word' id='word_1_448' title='bbox 2224 3520 2277 3578; x_wconf 81' lang='lat' dir='ltr'><strong><em>ei</em></strong></span> <span class='ocrx_word' id='word_1_449' title='bbox 2300 3517 2562 3585; x_wconf 75' lang='lat' dir='ltr'><strong><em>defertur,</em></strong></span> <span class='ocrx_word' id='word_1_450' title='bbox 2593 3516 2649 3569; x_wconf 88' lang='lat' dir='ltr'><strong><em>in</em></strong></span> <span class='ocrx_word' id='word_1_451' title='bbox 2689 3514 2967 3570; x_wconf 88' lang='lat' dir='ltr'><strong><em>Christum</em></strong></span> <span class='ocrx_word' id='word_1_452' title='bbox 3000 3507 3273 3565; x_wconf 88' lang='lat' dir='ltr'><strong><em>redundat</em></strong></span> <span class='ocrx_word' id='word_1_453' title='bbox 3301 3547 3316 3572; x_wconf 92' lang='lat'><strong><em>,</em></strong></span> <span class='ocrx_word' id='word_1_454' title='bbox 3345 3514 3399 3562; x_wconf 89' lang='lat' dir='ltr'><strong><em>et</em></strong></span> <span class='ocrx_word' id='word_1_455' title='bbox 3427 3519 3456 3558; x_wconf 88' lang='lat' dir='ltr'><strong><em>a</em></strong></span> <span class='ocrx_word' id='word_1_456' title='bbox 3484 3501 3667 3555; x_wconf 83' lang='lat' dir='ltr'><strong><em>Christo</em></strong></span> <span class='ocrx_word' id='word_1_457' title='bbox 3689 3494 3726 3546; x_wconf 90' lang='lat' dir='ltr'><strong><em>in</em></strong></span> 
     </span>
    </p>
   </div>
   <div class='ocr_carea' id='block_1_61' title="bbox 2230 3586 3727 3677">
    <p class='ocr_par' dir='ltr' id='par_1_61' title="bbox 2230 3586 3727 3677">
     <span class='ocr_line' id='line_1_61' title="bbox 2230 3586 3727 3677; baseline -0.02 -9"><span class='ocrx_word' id='word_1_458' title='bbox 2230 3614 2419 3668; x_wconf 85' lang='lat' dir='ltr'><strong><em>Deum.</em></strong></span> <span class='ocrx_word' id='word_1_459' title='bbox 2451 3609 2495 3641; x_wconf 82' lang='grc'><strong><em>¹⁸</em></strong></span> <span class='ocrx_word' id='word_1_460' title='bbox 2524 3609 2728 3663; x_wconf 82' lang='lat' dir='ltr'><strong><em>Audire</em></strong></span> <span class='ocrx_word' id='word_1_461' title='bbox 2762 3620 2893 3677; x_wconf 87' lang='lat' dir='ltr'><strong><em>ergo</em></strong></span> <span class='ocrx_word' id='word_1_462' title='bbox 2926 3619 3051 3660; x_wconf 89' lang='lat' dir='ltr'><strong><em>eum</em></strong></span> <span class='ocrx_word' id='word_1_463' title='bbox 3094 3602 3360 3656; x_wconf 89' lang='lat' dir='ltr'><strong><em>attentius</em></strong></span> <span class='ocrx_word' id='word_1_464' title='bbox 3387 3600 3600 3668; x_wconf 82' lang='lat' dir='ltr'><strong><em>Oportet,</em></strong></span> <span class='ocrx_word' id='word_1_465' title='bbox 3624 3586 3727 3645; x_wconf 80' lang='lat' dir='ltr'><strong><em>etab</em></strong></span> 
     </span>
    </p>
   </div>
   <div class='ocr_carea' id='block_1_62' title="bbox 2230 3679 3729 3778">
    <p class='ocr_par' dir='ltr' id='par_1_62' title="bbox 2230 3679 3729 3778">
     <span class='ocr_line' id='line_1_62' title="bbox 2230 3679 3729 3778; baseline -0.019 -18"><span class='ocrx_word' id='word_1_466' title='bbox 2230 3705 2349 3776; x_wconf 91' lang='lat' dir='ltr'><strong><em>ipso</em></strong></span> <span class='ocrx_word' id='word_1_467' title='bbox 2374 3701 2655 3773; x_wconf 85' lang='lat' dir='ltr'><strong><em>suscipere</em></strong></span> <span class='ocrx_word' id='word_1_468' title='bbox 2699 3698 3009 3763; x_wconf 88' lang='lat' dir='ltr'><strong><em>doctrinam</em></strong></span> <span class='ocrx_word' id='word_1_469' title='bbox 3048 3693 3196 3758; x_wconf 85' lang='lat' dir='ltr'><strong><em>ﬁdei,</em></strong></span> <span class='ocrx_word' id='word_1_470' title='bbox 3229 3692 3432 3747; x_wconf 90' lang='lat' dir='ltr'><strong><em>monita</em></strong></span> <span class='ocrx_word' id='word_1_471' title='bbox 3464 3694 3619 3743; x_wconf 77' lang='lat' dir='ltr'><strong><em>autem</em></strong></span> <span class='ocrx_word' id='word_1_472' title='bbox 3642 3679 3729 3778; x_wconf 59' lang='lat' dir='ltr'><strong><em>vita</em></strong></span> 
     </span>
    </p>
   </div>
   <div class='ocr_carea' id='block_1_63' title="bbox 2232 3772 3731 3869">
    <p class='ocr_par' dir='ltr' id='par_1_63' title="bbox 2232 3772 3731 3869">
     <span class='ocr_line' id='line_1_63' title="bbox 2232 3772 3731 3869; baseline -0.015 -17"><span class='ocrx_word' id='word_1_473' title='bbox 2232 3772 2270 3852; x_wconf 59' lang='grc' dir='ltr'><strong><em>τί</em></strong></span> <span class='ocrx_word' id='word_1_474' title='bbox 2294 3793 2626 3869; x_wconf 82' lang='lat' dir='ltr'><strong><em>presbyteris</em></strong></span> <span class='ocrx_word' id='word_1_475' title='bbox 2644 3792 2943 3863; x_wconf 87' lang='lat' dir='ltr'><strong><em>inquirere,</em></strong></span> <span class='ocrx_word' id='word_1_476' title='bbox 2967 3805 2997 3843; x_wconf 89' lang='lat' dir='ltr'><strong><em>a</em></strong></span> <span class='ocrx_word' id='word_1_477' title='bbox 3021 3786 3274 3843; x_wconf 88' lang='lat' dir='ltr'><strong><em>diaconis</em></strong></span> <span class='ocrx_word' id='word_1_478' title='bbox 3296 3799 3426 3841; x_wconf 91' lang='lat' dir='ltr'><strong><em>vero</em></strong></span> <span class='ocrx_word' id='word_1_479' title='bbox 3450 3780 3661 3837; x_wconf 84' lang='lat' dir='ltr'><strong><em>ordinem</em></strong></span> <span class='ocrx_word' id='word_1_480' title='bbox 3675 3772 3731 3826; x_wconf 80' lang='lat' dir='ltr'><strong><em>di-</em></strong></span> 
     </span>
    </p>
   </div>
   <div class='ocr_carea' id='block_1_64' title="bbox 558 3869 3733 3963">
    <p class='ocr_par' dir='ltr' id='par_1_64' title="bbox 558 3869 3733 3963">
     <span class='ocr_line' id='line_1_64' title="bbox 558 3869 3733 3963; baseline -0.005 -27"><span class='ocrx_word' id='word_1_481' title='bbox 558 3895 607 3938; x_wconf 88' lang='lat' dir='ltr'><strong><em>et</em></strong></span> <span class='ocrx_word' id='word_1_482' title='bbox 632 3885 720 3955; x_wconf 85' lang='lat' dir='ltr'><strong><em>qui</em></strong></span> <span class='ocrx_word' id='word_1_483' title='bbox 749 3901 837 3938; x_wconf 80' lang='lat' dir='ltr'><strong><em>vos</em></strong></span> <span class='ocrx_word' id='word_1_484' title='bbox 873 3889 1090 3955; x_wconf 85' lang='lat' dir='ltr'><strong><em>spernit,</em></strong></span> <span class='ocrx_word' id='word_1_485' title='bbox 1122 3906 1201 3944; x_wconf 91' lang='lat' dir='ltr'><strong><em>me</em></strong></span> <span class='ocrx_word' id='word_1_486' title='bbox 1229 3893 1423 3959; x_wconf 89' lang='lat' dir='ltr'><strong><em>spernit</em></strong></span> <span class='ocrx_word' id='word_1_487' title='bbox 1442 3892 1514 3959; x_wconf 83' lang='lat'><strong><em>“;</em></strong></span> <span class='ocrx_word' id='word_1_488' title='bbox 1543 3899 1596 3947; x_wconf 87' lang='lat' dir='ltr'><strong><em>et</em></strong></span> <span class='ocrx_word' id='word_1_489' title='bbox 1622 3910 1636 3948; x_wconf 84' lang='lat'><strong>:</strong></span> <span class='ocrx_word' id='word_1_490' title='bbox 1665 3892 1769 3958; x_wconf 84' lang='lat' dir='ltr'><strong><em>Qui</em></strong></span> <span class='ocrx_word' id='word_1_491' title='bbox 1799 3910 1883 3948; x_wconf 84' lang='lat' dir='ltr'><strong><em>vos</em></strong></span> <span class='ocrx_word' id='word_1_492' title='bbox 1925 3894 2127 3963; x_wconf 83' lang='lat' dir='ltr'><strong><em>recipit,</em></strong></span> <span class='ocrx_word' id='word_1_493' title='bbox 2157 3892 2199 3949; x_wconf 90' lang='lat' dir='ltr'><strong><em>C</em></strong></span> <span class='ocrx_word' id='word_1_494' title='bbox 2236 3890 2498 3961; x_wconf 76' lang='lat' dir='ltr'><strong><em>sciplinte.</em></strong></span> <span class='ocrx_word' id='word_1_495' title='bbox 2543 3886 2772 3958; x_wconf 89' lang='lat' dir='ltr'><strong><em>Pr0pter</em></strong></span> <span class='ocrx_word' id='word_1_496' title='bbox 2809 3882 2956 3955; x_wconf 89' lang='lat' dir='ltr'><strong><em>quod</em></strong></span> <span class='ocrx_word' id='word_1_497' title='bbox 3006 3881 3273 3951; x_wconf 90' lang='lat' dir='ltr'><strong><em>deprecor</em></strong></span> <span class='ocrx_word' id='word_1_498' title='bbox 3308 3892 3406 3934; x_wconf 88' lang='lat' dir='ltr'><strong><em>vos</em></strong></span> <span class='ocrx_word' id='word_1_499' title='bbox 3426 3881 3674 3930; x_wconf 84' lang='lat' dir='ltr'><strong><em>conservos</em></strong></span> <span class='ocrx_word' id='word_1_500' title='bbox 3696 3869 3733 3915; x_wconf 65' lang='lat' dir='ltr'><strong><em>et</em></strong></span> 
     </span>
    </p>
   </div>
   <div class='ocr_carea' id='block_1_65' title="bbox 562 3980 2134 4058">
    <p class='ocr_par' dir='ltr' id='par_1_65' title="bbox 562 3980 2134 4058">
     <span class='ocr_line' id='line_1_65' title="bbox 562 3980 2134 4058; baseline 0.005 -26"><span class='ocrx_word' id='word_1_501' title='bbox 562 3996 643 4033; x_wconf 89' lang='lat' dir='ltr'><strong><em>me</em></strong></span> <span class='ocrx_word' id='word_1_502' title='bbox 674 3980 876 4048; x_wconf 82' lang='lat' dir='ltr'><strong><em>recipit,</em></strong></span> <span class='ocrx_word' id='word_1_503' title='bbox 906 3991 954 4035; x_wconf 89' lang='lat' dir='ltr'><strong><em>et</em></strong></span> <span class='ocrx_word' id='word_1_504' title='bbox 992 3985 1079 4053; x_wconf 89' lang='lat' dir='ltr'><strong><em>qui</em></strong></span> <span class='ocrx_word' id='word_1_505' title='bbox 1103 4002 1183 4039; x_wconf 91' lang='lat' dir='ltr'><strong><em>me</em></strong></span> <span class='ocrx_word' id='word_1_506' title='bbox 1216 3986 1420 4055; x_wconf 85' lang='lat' dir='ltr'><strong><em>recipit,</em></strong></span> <span class='ocrx_word' id='word_1_507' title='bbox 1452 3987 1635 4055; x_wconf 86' lang='lat' dir='ltr'><strong><em>recipit</em></strong></span> <span class='ocrx_word' id='word_1_508' title='bbox 1657 4003 1775 4040; x_wconf 88' lang='lat' dir='ltr'><strong><em>eum</em></strong></span> <span class='ocrx_word' id='word_1_509' title='bbox 1805 3987 1894 4058; x_wconf 88' lang='lat' dir='ltr'><strong><em>qui</em></strong></span> <span class='ocrx_word' id='word_1_510' title='bbox 1923 4001 2003 4042; x_wconf 85' lang='lat' dir='ltr'><strong><em>me</em></strong></span> <span class='ocrx_word' id='word_1_511' title='bbox 2033 3986 2134 4041; x_wconf 87' lang='lat' dir='ltr'><strong><em>mi-</em></strong></span> 
     </span>
    </p>
   </div>
   <div class='ocr_carea' id='block_1_66' title="bbox 563 4071 2133 4150">
    <p class='ocr_par' dir='ltr' id='par_1_66' title="bbox 563 4071 2133 4150">
     <span class='ocr_line' id='line_1_66' title="bbox 563 4071 2133 4150; baseline 0.006 -25"><span class='ocrx_word' id='word_1_512' title='bbox 563 4072 632 4125; x_wconf 87' lang='lat' dir='ltr'><strong><em>sit</em></strong></span> <span class='ocrx_word' id='word_1_513' title='bbox 652 4071 866 4126; x_wconf 81' lang='lat' dir='ltr'><strong><em>&quot;.Nihil</em></strong></span> <span class='ocrx_word' id='word_1_514' title='bbox 896 4076 1040 4130; x_wconf 87' lang='lat' dir='ltr'><strong><em>enim</em></strong></span> <span class='ocrx_word' id='word_1_515' title='bbox 1076 4076 1336 4146; x_wconf 91' lang='lat' dir='ltr'><strong><em>injustius</em></strong></span> <span class='ocrx_word' id='word_1_516' title='bbox 1358 4079 1441 4133; x_wconf 90' lang='lat' dir='ltr'><strong><em>vel</em></strong></span> <span class='ocrx_word' id='word_1_517' title='bbox 1466 4079 1810 4135; x_wconf 88' lang='lat' dir='ltr'><strong><em>inhonestius</em></strong></span> <span class='ocrx_word' id='word_1_518' title='bbox 1830 4086 1934 4144; x_wconf 90' lang='lat' dir='ltr'><strong><em>est,</em></strong></span> <span class='ocrx_word' id='word_1_519' title='bbox 1968 4094 2133 4150; x_wconf 90' lang='lat' dir='ltr'><strong><em>quam</em></strong></span> 
     </span>
    </p>
   </div>
   <div class='ocr_carea' id='block_1_67' title="bbox 568 4162 2136 4237">
    <p class='ocr_par' dir='ltr' id='par_1_67' title="bbox 568 4162 2136 4237">
     <span class='ocr_line' id='line_1_67' title="bbox 568 4162 2136 4237; baseline 0.008 -23"><span class='ocrx_word' id='word_1_520' title='bbox 568 4162 709 4229; x_wconf 81' lang='lat' dir='ltr'><strong><em>ﬁlios</em></strong></span> <span class='ocrx_word' id='word_1_521' title='bbox 739 4166 989 4235; x_wconf 89' lang='lat' dir='ltr'><strong><em>patribus</em></strong></span> <span class='ocrx_word' id='word_1_522' title='bbox 1022 4169 1287 4237; x_wconf 88' lang='lat' dir='ltr'><strong><em>rebelles,</em></strong></span> <span class='ocrx_word' id='word_1_523' title='bbox 1323 4176 1416 4224; x_wconf 86' lang='lat' dir='ltr'><strong><em>aut</em></strong></span> <span class='ocrx_word' id='word_1_524' title='bbox 1446 4171 1679 4226; x_wconf 86' lang='lat' dir='ltr'><strong><em>clericos</em></strong></span> <span class='ocrx_word' id='word_1_525' title='bbox 1710 4172 1796 4227; x_wconf 89' lang='lat' dir='ltr'><strong><em>vel</em></strong></span> <span class='ocrx_word' id='word_1_526' title='bbox 1834 4173 2005 4229; x_wconf 89' lang='lat' dir='ltr'><strong><em>laicos</em></strong></span> <span class='ocrx_word' id='word_1_527' title='bbox 2035 4172 2136 4226; x_wconf 73' lang='lat' dir='ltr'><strong><em>tio-</em></strong></span> 
     </span>
    </p>
   </div>
   <div class='ocr_carea' id='block_1_68' title="bbox 568 4257 2135 4333">
    <p class='ocr_par' dir='ltr' id='par_1_68' title="bbox 568 4257 2135 4333">
     <span class='ocr_line' id='line_1_68' title="bbox 568 4257 2135 4333; baseline 0.008 -26"><span class='ocrx_word' id='word_1_528' title='bbox 568 4257 839 4323; x_wconf 87' lang='lat' dir='ltr'><strong><em>ctoribus,</em></strong></span> <span class='ocrx_word' id='word_1_529' title='bbox 883 4274 979 4314; x_wconf 86' lang='lat' dir='ltr'><strong><em>seu</em></strong></span> <span class='ocrx_word' id='word_1_530' title='bbox 1010 4260 1310 4332; x_wconf 89' lang='lat' dir='ltr'><strong><em>discipulos</em></strong></span> <span class='ocrx_word' id='word_1_531' title='bbox 1336 4263 1615 4333; x_wconf 87' lang='lat' dir='ltr'><strong><em>magistris</em></strong></span> <span class='ocrx_word' id='word_1_532' title='bbox 1644 4264 2020 4323; x_wconf 88' lang='lat' dir='ltr'><strong><em>inobedientes</em></strong></span> <span class='ocrx_word' id='word_1_533' title='bbox 2050 4266 2135 4321; x_wconf 91' lang='lat' dir='ltr'><strong><em>vel</em></strong></span> 
     </span>
    </p>
   </div>
   <div class='ocr_carea' id='block_1_69' title="bbox 568 4348 2140 4428">
    <p class='ocr_par' dir='ltr' id='par_1_69' title="bbox 568 4348 2140 4428">
     <span class='ocr_line' id='line_1_69' title="bbox 568 4348 2140 4428; baseline 0.007 -28"><span class='ocrx_word' id='word_1_534' title='bbox 568 4358 853 4418; x_wconf 90' lang='lat' dir='ltr'><strong><em>protervos</em></strong></span> <span class='ocrx_word' id='word_1_535' title='bbox 886 4352 1140 4410; x_wconf 80' lang='lat' dir='ltr'><strong><em>existere.</em></strong></span> <span class='ocrx_word' id='word_1_536' title='bbox 1171 4353 1430 4412; x_wconf 84' lang='lat' dir='ltr'><strong><em>Novimus</em></strong></span> <span class='ocrx_word' id='word_1_537' title='bbox 1475 4348 1639 4410; x_wconf 55' lang='lat' dir='ltr'><strong><em>enim&#39;</em></strong></span> <span class='ocrx_word' id='word_1_538' title='bbox 1669 4357 1905 4428; x_wconf 89' lang='lat' dir='ltr'><strong><em>primum</em></strong></span> <span class='ocrx_word' id='word_1_539' title='bbox 1960 4357 2140 4412; x_wconf 88' lang='lat' dir='ltr'><strong><em>homi-</em></strong></span> 
     </span>
    </p>
   </div>
   <div class='ocr_carea' id='block_1_70' title="bbox 570 4444 2138 4513">
    <p class='ocr_par' dir='ltr' id='par_1_70' title="bbox 570 4444 2138 4513">
     <span class='ocr_line' id='line_1_70' title="bbox 570 4444 2138 4513; baseline 0.008 -19"><span class='ocrx_word' id='word_1_540' title='bbox 570 4454 694 4496; x_wconf 89' lang='lat' dir='ltr'><strong><em>nem</em></strong></span> <span class='ocrx_word' id='word_1_541' title='bbox 742 4459 839 4513; x_wconf 88' lang='lat' dir='ltr'><strong><em>per</em></strong></span> <span class='ocrx_word' id='word_1_542' title='bbox 879 4444 1304 4504; x_wconf 88' lang='lat' dir='ltr'><strong><em>inobedientiam</em></strong></span> <span class='ocrx_word' id='word_1_543' title='bbox 1336 4448 1604 4505; x_wconf 81' lang='lat' dir='ltr'><strong><em>cecidisse</em></strong></span> <span class='ocrx_word' id='word_1_544' title='bbox 1647 4468 1662 4506; x_wconf 88' lang='lat'><strong>:</strong></span> <span class='ocrx_word' id='word_1_545' title='bbox 1713 4451 1920 4505; x_wconf 88' lang='lat' dir='ltr'><strong><em>idcirco</em></strong></span> <span class='ocrx_word' id='word_1_546' title='bbox 1948 4465 2138 4506; x_wconf 87' lang='lat' dir='ltr'><strong><em>omnes</em></strong></span> 
     </span>
    </p>
   </div>
   <div class='ocr_carea' id='block_1_71' title="bbox 571 4533 2139 4613">
    <p class='ocr_par' dir='ltr' id='par_1_71' title="bbox 571 4533 2139 4613">
     <span class='ocr_line' id='line_1_71' title="bbox 571 4533 2139 4613; baseline 0.006 -26"><span class='ocrx_word' id='word_1_547' title='bbox 571 4533 677 4589; x_wconf 89' lang='lat' dir='ltr'><strong><em>hoc</em></strong></span> <span class='ocrx_word' id='word_1_548' title='bbox 707 4536 902 4592; x_wconf 88' lang='lat' dir='ltr'><strong><em>vitium</em></strong></span> <span class='ocrx_word' id='word_1_549' title='bbox 940 4555 1288 4611; x_wconf 89' lang='lat' dir='ltr'><strong><em>summopere</em></strong></span> <span class='ocrx_word' id='word_1_550' title='bbox 1328 4558 1521 4598; x_wconf 91' lang='lat' dir='ltr'><strong><em>cavere</em></strong></span> <span class='ocrx_word' id='word_1_551' title='bbox 1558 4558 1864 4600; x_wconf 91' lang='lat' dir='ltr'><strong><em>monemus.</em></strong></span> <span class='ocrx_word' id='word_1_552' title='bbox 1901 4543 1967 4597; x_wconf 89' lang='lat' dir='ltr'><strong><em>Et</em></strong></span> <span class='ocrx_word' id='word_1_553' title='bbox 2009 4544 2139 4613; x_wconf 91' lang='lat' dir='ltr'><strong><em>quia</em></strong></span> 
     </span>
    </p>
   </div>
   <div class='ocr_carea' id='block_1_72' title="bbox 574 4626 2141 4706">
    <p class='ocr_par' dir='ltr' id='par_1_72' title="bbox 574 4626 2141 4706">
     <span class='ocr_line' id='line_1_72' title="bbox 574 4626 2141 4706; baseline 0.006 -27"><span class='ocrx_word' id='word_1_554' title='bbox 574 4626 832 4683; x_wconf 88' lang='lat' dir='ltr'><strong><em>Dominus</em></strong></span> <span class='ocrx_word' id='word_1_555' title='bbox 856 4632 1092 4701; x_wconf 85' lang='lat' dir='ltr'><strong><em>superbis</em></strong></span> <span class='ocrx_word' id='word_1_556' title='bbox 1123 4634 1354 4700; x_wconf 83' lang='lat' dir='ltr'><strong><em>resistit,</em></strong></span> <span class='ocrx_word' id='word_1_557' title='bbox 1380 4635 1661 4690; x_wconf 78' lang='lat' dir='ltr'><strong><em>humilibus</em></strong></span> <span class='ocrx_word' id='word_1_558' title='bbox 1703 4645 1877 4691; x_wconf 79' lang='lat' dir='ltr'><strong><em>autem</em></strong></span> <span class='ocrx_word' id='word_1_559' title='bbox 1906 4636 1998 4691; x_wconf 88' lang='lat' dir='ltr'><strong><em>dat</em></strong></span> <span class='ocrx_word' id='word_1_560' title='bbox 2017 4652 2141 4706; x_wconf 90' lang='lat' dir='ltr'><strong><em>gra-</em></strong></span> 
     </span>
    </p>
   </div>
   <div class='ocr_carea' id='block_1_73' title="bbox 575 4720 2141 4787">
    <p class='ocr_par' dir='ltr' id='par_1_73' title="bbox 575 4720 2141 4787">
     <span class='ocr_line' id='line_1_73' title="bbox 575 4720 2141 4787; baseline 0.006 -12"><span class='ocrx_word' id='word_1_561' title='bbox 575 4720 705 4775; x_wconf 82' lang='lat' dir='ltr'><strong><em>tiam</em></strong></span> <span class='ocrx_word' id='word_1_562' title='bbox 723 4722 786 4787; x_wconf 78' lang='grc'><strong><em>¹³,</em></strong></span> <span class='ocrx_word' id='word_1_563' title='bbox 803 4721 1067 4781; x_wconf 88' lang='lat' dir='ltr'><strong><em>Dominus</em></strong></span> <span class='ocrx_word' id='word_1_564' title='bbox 1087 4734 1274 4782; x_wconf 91' lang='lat' dir='ltr'><strong><em>noster</em></strong></span> <span class='ocrx_word' id='word_1_565' title='bbox 1307 4728 1529 4784; x_wconf 89' lang='lat' dir='ltr'><strong><em>mittens</em></strong></span> <span class='ocrx_word' id='word_1_566' title='bbox 1551 4744 1650 4784; x_wconf 92' lang='lat' dir='ltr'><strong><em>vos</em></strong></span> <span class='ocrx_word' id='word_1_567' title='bbox 1666 4729 1785 4785; x_wconf 86' lang='lat' dir='ltr'><strong><em>vice</em></strong></span> <span class='ocrx_word' id='word_1_568' title='bbox 1814 4744 1912 4785; x_wconf 89' lang='lat' dir='ltr'><strong><em>sua</em></strong></span> <span class='ocrx_word' id='word_1_569' title='bbox 1934 4729 1992 4784; x_wconf 91' lang='lat' dir='ltr'><strong><em>in</em></strong></span> <span class='ocrx_word' id='word_1_570' title='bbox 2020 4729 2141 4784; x_wconf 93' lang='lat' dir='ltr'><strong><em>loco</em></strong></span> 
     </span>
    </p>
   </div>
   <div class='ocr_carea' id='block_1_74' title="bbox 577 4817 2145 4891">
    <p class='ocr_par' dir='ltr' id='par_1_74' title="bbox 577 4817 2145 4891">
     <span class='ocr_line' id='line_1_74' title="bbox 577 4817 2145 4891; baseline 0.005 -23"><span class='ocrx_word' id='word_1_571' title='bbox 577 4817 947 4886; x_wconf 82' lang='lat' dir='ltr'><strong><em>apostolorum</em></strong></span> <span class='ocrx_word' id='word_1_572' title='bbox 970 4819 1038 4874; x_wconf 89' lang='lat' dir='ltr'><strong><em>ad</em></strong></span> <span class='ocrx_word' id='word_1_573' title='bbox 1066 4819 1489 4890; x_wconf 62' lang='lat' dir='ltr'><strong><em>praedicandum,</em></strong></span> <span class='ocrx_word' id='word_1_574' title='bbox 1520 4821 1776 4891; x_wconf 61' lang='lat' dir='ltr'><strong><em>prmcepit</em></strong></span> <span class='ocrx_word' id='word_1_575' title='bbox 1798 4823 1951 4879; x_wconf 90' lang='lat' dir='ltr'><strong><em>vobis</em></strong></span> <span class='ocrx_word' id='word_1_576' title='bbox 1980 4822 2145 4877; x_wconf 85' lang='lat' dir='ltr'><strong><em>doce-</em></strong></span> 
     </span>
    </p>
   </div>
   <div class='ocr_carea' id='block_1_75' title="bbox 577 4911 2144 4983">
    <p class='ocr_par' dir='ltr' id='par_1_75' title="bbox 577 4911 2144 4983">
     <span class='ocr_line' id='line_1_75' title="bbox 577 4911 2144 4983; baseline 0.003 -19"><span class='ocrx_word' id='word_1_577' title='bbox 577 4924 638 4964; x_wconf 90' lang='lat' dir='ltr'><strong><em>re</em></strong></span> <span class='ocrx_word' id='word_1_578' title='bbox 668 4924 880 4974; x_wconf 90' lang='lat' dir='ltr'><strong><em>omnes,</em></strong></span> <span class='ocrx_word' id='word_1_579' title='bbox 924 4926 1225 4981; x_wconf 89' lang='lat' dir='ltr'><strong><em>omnesque</em></strong></span> <span class='ocrx_word' id='word_1_580' title='bbox 1262 4912 1418 4966; x_wconf 91' lang='lat' dir='ltr'><strong><em>vobis</em></strong></span> <span class='ocrx_word' id='word_1_581' title='bbox 1448 4911 1679 4968; x_wconf 75' lang='lat' dir='ltr'><strong><em>fideliter</em></strong></span> <span class='ocrx_word' id='word_1_582' title='bbox 1713 4915 2048 4983; x_wconf 89' lang='lat' dir='ltr'><strong><em>obedientes,</em></strong></span> <span class='ocrx_word' id='word_1_583' title='bbox 2084 4924 2144 4969; x_wconf 85' lang='lat' dir='ltr'><strong><em>ut</em></strong></span> 
     </span>
    </p>
   </div>
   <div class='ocr_carea' id='block_1_76' title="bbox 575 5000 2142 5076">
    <p class='ocr_par' dir='ltr' id='par_1_76' title="bbox 575 5000 2142 5076">
     <span class='ocr_line' id='line_1_76' title="bbox 575 5000 2142 5076; baseline 0.003 -19"><span class='ocrx_word' id='word_1_584' title='bbox 575 5000 705 5074; x_wconf 84' lang='lat' dir='ltr'><strong><em>ipsi,</em></strong></span> <span class='ocrx_word' id='word_1_585' title='bbox 737 5003 1003 5071; x_wconf 85' lang='lat' dir='ltr'><strong><em>existere;</em></strong></span> <span class='ocrx_word' id='word_1_586' title='bbox 1035 5005 1293 5074; x_wconf 90' lang='lat' dir='ltr'><strong><em>quoniam</em></strong></span> <span class='ocrx_word' id='word_1_587' title='bbox 1328 5019 1431 5059; x_wconf 87' lang='lat' dir='ltr'><strong><em>nec</em></strong></span> <span class='ocrx_word' id='word_1_588' title='bbox 1460 5005 1619 5060; x_wconf 91' lang='lat' dir='ltr'><strong><em>aliter</em></strong></span> <span class='ocrx_word' id='word_1_589' title='bbox 1648 5013 1793 5061; x_wconf 89' lang='lat' dir='ltr'><strong><em>terra</em></strong></span> <span class='ocrx_word' id='word_1_590' title='bbox 1816 5007 1991 5076; x_wconf 89' lang='lat' dir='ltr'><strong><em>pariet</em></strong></span> <span class='ocrx_word' id='word_1_591' title='bbox 2023 5008 2142 5061; x_wconf 82' lang='lat' dir='ltr'><strong><em>tru-</em></strong></span> 
     </span>
    </p>
   </div>
   <div class='ocr_carea' id='block_1_77' title="bbox 578 5095 2145 5171">
    <p class='ocr_par' dir='ltr' id='par_1_77' title="bbox 578 5095 2145 5171">
     <span class='ocr_line' id='line_1_77' title="bbox 578 5095 2145 5171; baseline 0.003 -22"><span class='ocrx_word' id='word_1_592' title='bbox 578 5102 701 5151; x_wconf 93' lang='lat' dir='ltr'><strong><em>ctus</em></strong></span> <span class='ocrx_word' id='word_1_593' title='bbox 730 5111 895 5162; x_wconf 90' lang='lat' dir='ltr'><strong><em>suos,</em></strong></span> <span class='ocrx_word' id='word_1_594' title='bbox 946 5095 1054 5151; x_wconf 89' lang='lat' dir='ltr'><strong><em>nisi</em></strong></span> <span class='ocrx_word' id='word_1_595' title='bbox 1099 5098 1247 5151; x_wconf 89' lang='lat' dir='ltr'><strong><em>culta</em></strong></span> <span class='ocrx_word' id='word_1_596' title='bbox 1280 5101 1547 5168; x_wconf 87' lang='lat' dir='ltr'><strong><em>receperit</em></strong></span> <span class='ocrx_word' id='word_1_597' title='bbox 1594 5114 1801 5163; x_wconf 91' lang='lat' dir='ltr'><strong><em>semen,</em></strong></span> <span class='ocrx_word' id='word_1_598' title='bbox 1838 5106 1892 5153; x_wconf 90' lang='lat' dir='ltr'><strong><em>et</em></strong></span> <span class='ocrx_word' id='word_1_599' title='bbox 1921 5100 2145 5171; x_wconf 88' lang='lat' dir='ltr'><strong><em>irrigata</em></strong></span> 
     </span>
    </p>
   </div>
   <div class='ocr_carea' id='block_1_78' title="bbox 581 5189 2146 5264">
    <p class='ocr_par' dir='ltr' id='par_1_78' title="bbox 581 5189 2146 5264">
     <span class='ocr_line' id='line_1_78' title="bbox 581 5189 2146 5264; baseline 0 -17"><span class='ocrx_word' id='word_1_600' title='bbox 581 5192 988 5262; x_wconf 80' lang='lat' dir='ltr'><strong><em>germinaverit,</em></strong></span> <span class='ocrx_word' id='word_1_601' title='bbox 1042 5200 1096 5247; x_wconf 89' lang='lat' dir='ltr'><strong><em>et</em></strong></span> <span class='ocrx_word' id='word_1_602' title='bbox 1142 5192 1318 5261; x_wconf 90' lang='lat' dir='ltr'><strong><em>pariat</em></strong></span> <span class='ocrx_word' id='word_1_603' title='bbox 1353 5207 1473 5262; x_wconf 63' lang='lat' dir='ltr'><strong><em>qua}</em></strong></span> <span class='ocrx_word' id='word_1_604' title='bbox 1512 5201 1596 5248; x_wconf 89' lang='lat' dir='ltr'><strong><em>est</em></strong></span> <span class='ocrx_word' id='word_1_605' title='bbox 1640 5193 1904 5264; x_wconf 78' lang='lat' dir='ltr'><strong><em>paritura.</em></strong></span> <span class='ocrx_word' id='word_1_606' title='bbox 1957 5189 2049 5247; x_wconf 86' lang='lat' dir='ltr'><strong><em>Sic</em></strong></span> <span class='ocrx_word' id='word_1_607' title='bbox 2092 5202 2146 5247; x_wconf 91' lang='lat' dir='ltr'><strong><em>et</em></strong></span> 
     </span>
    </p>
   </div>
   <div class='ocr_carea' id='block_1_79' title="bbox 581 5286 2141 5357">
    <p class='ocr_par' dir='ltr' id='par_1_79' title="bbox 581 5286 2141 5357">
     <span class='ocr_line' id='line_1_79' title="bbox 581 5286 2141 5357; baseline -0.002 -14"><span class='ocrx_word' id='word_1_608' title='bbox 581 5287 761 5343; x_wconf 87' lang='lat' dir='ltr'><strong><em>Omnis</em></strong></span> <span class='ocrx_word' id='word_1_609' title='bbox 792 5288 973 5352; x_wconf 87' lang='lat' dir='ltr'><strong><em>homo,</em></strong></span> <span class='ocrx_word' id='word_1_610' title='bbox 998 5288 1092 5357; x_wconf 90' lang='lat' dir='ltr'><strong><em>qui</em></strong></span> <span class='ocrx_word' id='word_1_611' title='bbox 1110 5287 1342 5342; x_wconf 87' lang='lat' dir='ltr'><strong><em>libenter</em></strong></span> <span class='ocrx_word' id='word_1_612' title='bbox 1356 5302 1466 5342; x_wconf 91' lang='lat' dir='ltr'><strong><em>non</em></strong></span> <span class='ocrx_word' id='word_1_613' title='bbox 1489 5287 1752 5357; x_wconf 81' lang='lat' dir='ltr'><strong><em>receperit</em></strong></span> <span class='ocrx_word' id='word_1_614' title='bbox 1774 5289 1995 5343; x_wconf 89' lang='lat' dir='ltr'><strong><em>verbum</em></strong></span> <span class='ocrx_word' id='word_1_615' title='bbox 2027 5286 2141 5351; x_wconf 90' lang='lat' dir='ltr'><strong><em>Dei,</em></strong></span> 
     </span>
    </p>
   </div>
   <div class='ocr_carea' id='block_1_80' title="bbox 583 5378 2146 5453">
    <p class='ocr_par' dir='ltr' id='par_1_80' title="bbox 583 5378 2146 5453">
     <span class='ocr_line' id='line_1_80' title="bbox 583 5378 2146 5453; baseline -0.001 -18"><span class='ocrx_word' id='word_1_616' title='bbox 583 5378 829 5452; x_wconf 86' lang='lat' dir='ltr'><strong><em>illudque</em></strong></span> <span class='ocrx_word' id='word_1_617' title='bbox 849 5383 905 5437; x_wconf 90' lang='lat' dir='ltr'><strong><em>in</em></strong></span> <span class='ocrx_word' id='word_1_618' title='bbox 934 5382 1098 5439; x_wconf 92' lang='lat' dir='ltr'><strong><em>corde</em></strong></span> <span class='ocrx_word' id='word_1_619' title='bbox 1126 5396 1228 5438; x_wconf 91' lang='lat' dir='ltr'><strong><em>suo</em></strong></span> <span class='ocrx_word' id='word_1_620' title='bbox 1248 5383 1553 5453; x_wconf 87' lang='lat' dir='ltr'><strong><em>germinare</em></strong></span> <span class='ocrx_word' id='word_1_621' title='bbox 1574 5397 1684 5436; x_wconf 90' lang='lat' dir='ltr'><strong><em>non</em></strong></span> <span class='ocrx_word' id='word_1_622' title='bbox 1707 5380 1914 5448; x_wconf 87' lang='lat' dir='ltr'><strong><em>siverit,</em></strong></span> <span class='ocrx_word' id='word_1_623' title='bbox 1950 5397 2013 5436; x_wconf 91' lang='lat' dir='ltr'><strong><em>ac</em></strong></span> <span class='ocrx_word' id='word_1_624' title='bbox 2046 5381 2146 5434; x_wconf 91' lang='lat' dir='ltr'><strong><em>mi-</em></strong></span> 
     </span>
    </p>
   </div>
   <div class='ocr_carea' id='block_1_81' title="bbox 2234 3968 3735 4054">
    <p class='ocr_par' dir='ltr' id='par_1_81' title="bbox 2234 3968 3735 4054">
     <span class='ocr_line' id='line_1_81' title="bbox 2234 3968 3735 4054; baseline -0.019 -15"><span class='ocrx_word' id='word_1_625' title='bbox 2234 3984 2514 4054; x_wconf 91' lang='lat' dir='ltr'><strong><em>adjutores</em></strong></span> <span class='ocrx_word' id='word_1_626' title='bbox 2543 3995 2715 4046; x_wconf 88' lang='lat' dir='ltr'><strong><em>meos,</em></strong></span> <span class='ocrx_word' id='word_1_627' title='bbox 2739 3987 2798 4033; x_wconf 92' lang='lat' dir='ltr'><strong><em>ut</em></strong></span> <span class='ocrx_word' id='word_1_628' title='bbox 2822 3974 3049 4031; x_wconf 87' lang='lat' dir='ltr'><strong><em>discatis</em></strong></span> <span class='ocrx_word' id='word_1_629' title='bbox 3081 3971 3348 4028; x_wconf 87' lang='lat' dir='ltr'><strong><em>attentius</em></strong></span> <span class='ocrx_word' id='word_1_630' title='bbox 3382 3968 3652 4024; x_wconf 87' lang='lat' dir='ltr'><strong><em>animarum</em></strong></span> <span class='ocrx_word' id='word_1_631' title='bbox 3672 3970 3735 4010; x_wconf 86' lang='lat' dir='ltr'><strong><em>cu-</em></strong></span> 
     </span>
    </p>
   </div>
   <div class='ocr_carea' id='block_1_82' title="bbox 2234 4060 3736 4147">
    <p class='ocr_par' dir='ltr' id='par_1_82' title="bbox 2234 4060 3736 4147">
     <span class='ocr_line' id='line_1_82' title="bbox 2234 4060 3736 4147; baseline -0.019 -16"><span class='ocrx_word' id='word_1_632' title='bbox 2234 4092 2351 4132; x_wconf 88' lang='lat' dir='ltr'><strong><em>ram</em></strong></span> <span class='ocrx_word' id='word_1_633' title='bbox 2388 4089 2596 4147; x_wconf 90' lang='lat' dir='ltr'><strong><em>gerere,</em></strong></span> <span class='ocrx_word' id='word_1_634' title='bbox 2628 4079 2683 4127; x_wconf 92' lang='lat' dir='ltr'><strong><em>et</em></strong></span> <span class='ocrx_word' id='word_1_635' title='bbox 2722 4085 2821 4143; x_wconf 88' lang='lat' dir='ltr'><strong><em>pro</em></strong></span> <span class='ocrx_word' id='word_1_636' title='bbox 2849 4068 3104 4125; x_wconf 91' lang='lat' dir='ltr'><strong><em>omnibus</em></strong></span> <span class='ocrx_word' id='word_1_637' title='bbox 3133 4076 3309 4130; x_wconf 90' lang='lat' dir='ltr'><strong><em>stare,</em></strong></span> <span class='ocrx_word' id='word_1_638' title='bbox 3352 4060 3570 4118; x_wconf 81' lang='lat' dir='ltr'><strong><em>maxime</em></strong></span> <span class='ocrx_word' id='word_1_639' title='bbox 3600 4063 3736 4108; x_wconf 82' lang='lat' dir='ltr'><strong><em>tamen</em></strong></span> 
     </span>
    </p>
   </div>
   <div class='ocr_carea' id='block_1_83' title="bbox 2236 4147 3738 4240">
    <p class='ocr_par' dir='ltr' id='par_1_83' title="bbox 2236 4147 3738 4240">
     <span class='ocr_line' id='line_1_83' title="bbox 2236 4147 3738 4240; baseline -0.017 -16"><span class='ocrx_word' id='word_1_640' title='bbox 2236 4183 2336 4240; x_wconf 90' lang='lat' dir='ltr'><strong><em>pro</em></strong></span> <span class='ocrx_word' id='word_1_641' title='bbox 2367 4167 2453 4223; x_wconf 89' lang='lat' dir='ltr'><strong><em>bis</em></strong></span> <span class='ocrx_word' id='word_1_642' title='bbox 2481 4166 2575 4238; x_wconf 91' lang='lat' dir='ltr'><strong><em>qui</em></strong></span> <span class='ocrx_word' id='word_1_643' title='bbox 2604 4166 2662 4220; x_wconf 85' lang='lat' dir='ltr'><strong><em>in</em></strong></span> <span class='ocrx_word' id='word_1_644' title='bbox 2701 4163 2853 4218; x_wconf 91' lang='lat' dir='ltr'><strong><em>cultu</em></strong></span> <span class='ocrx_word' id='word_1_645' title='bbox 2897 4160 3082 4215; x_wconf 91' lang='lat' dir='ltr'><strong><em>divino</em></strong></span> <span class='ocrx_word' id='word_1_646' title='bbox 3126 4158 3402 4213; x_wconf 86' lang='lat' dir='ltr'><strong><em>laborant.</em></strong></span> <span class='ocrx_word' id='word_1_647' title='bbox 3438 4147 3738 4240; x_wconf 76' lang='lat' dir='ltr'><strong><em>Ecclesiarum</em></strong></span> 
     </span>
    </p>
   </div>
   <div class='ocr_carea' id='block_1_84' title="bbox 2238 4237 3740 4319">
    <p class='ocr_par' dir='ltr' id='par_1_84' title="bbox 2238 4237 3740 4319">
     <span class='ocr_line' id='line_1_84' title="bbox 2238 4237 3740 4319; baseline -0.021 -1"><span class='ocrx_word' id='word_1_648' title='bbox 2238 4237 2482 4318; x_wconf 74' lang='lat' dir='ltr'><strong><em>omnium</em></strong></span> <span class='ocrx_word' id='word_1_649' title='bbox 2511 4271 2700 4314; x_wconf 89' lang='lat' dir='ltr'><strong><em>curam</em></strong></span> <span class='ocrx_word' id='word_1_650' title='bbox 2732 4256 3009 4318; x_wconf 86' lang='lat' dir='ltr'><strong><em>habetote,</em></strong></span> <span class='ocrx_word' id='word_1_651' title='bbox 3042 4251 3331 4319; x_wconf 85' lang='lat' dir='ltr'><strong><em>servisque</em></strong></span> <span class='ocrx_word' id='word_1_652' title='bbox 3368 4258 3544 4302; x_wconf 86' lang='lat' dir='ltr'><strong><em>earum</em></strong></span> <span class='ocrx_word' id='word_1_653' title='bbox 3578 4237 3740 4305; x_wconf 81' lang='lat' dir='ltr'><strong><em>adjuto-</em></strong></span> 
     </span>
    </p>
   </div>
   <div class='ocr_carea' id='block_1_85' title="bbox 2238 4326 3739 4423">
    <p class='ocr_par' dir='ltr' id='par_1_85' title="bbox 2238 4326 3739 4423">
     <span class='ocr_line' id='line_1_85' title="bbox 2238 4326 3739 4423; baseline -0.016 -14"><span class='ocrx_word' id='word_1_654' title='bbox 2238 4354 2381 4409; x_wconf 90' lang='lat' dir='ltr'><strong><em>rium</em></strong></span> <span class='ocrx_word' id='word_1_655' title='bbox 2414 4350 2682 4423; x_wconf 63' lang='lat' dir='ltr'><strong><em>praabete,</em></strong></span> <span class='ocrx_word' id='word_1_656' title='bbox 2717 4347 3007 4403; x_wconf 89' lang='lat' dir='ltr'><strong><em>viduarum</em></strong></span> <span class='ocrx_word' id='word_1_657' title='bbox 3042 4342 3362 4413; x_wconf 89' lang='lat' dir='ltr'><strong><em>religiosam</em></strong></span> <span class='ocrx_word' id='word_1_658' title='bbox 3398 4349 3573 4393; x_wconf 89' lang='lat' dir='ltr'><strong><em>curam</em></strong></span> <span class='ocrx_word' id='word_1_659' title='bbox 3598 4326 3739 4401; x_wconf 73' lang='lat' dir='ltr'><strong><em>gerite.</em></strong></span> 
     </span>
    </p>
   </div>
   <div class='ocr_carea' id='block_1_86' title="bbox 2239 4422 3742 4518">
    <p class='ocr_par' dir='ltr' id='par_1_86' title="bbox 2239 4422 3742 4518">
     <span class='ocr_line' id='line_1_86' title="bbox 2239 4422 3742 4518; baseline -0.021 -16"><span class='ocrx_word' id='word_1_660' title='bbox 2239 4447 2474 4518; x_wconf 90' lang='lat' dir='ltr'><strong><em>pupillos</em></strong></span> <span class='ocrx_word' id='word_1_661' title='bbox 2511 4443 2728 4501; x_wconf 82' lang='lat' dir='ltr'><strong><em>enixius</em></strong></span> <span class='ocrx_word' id='word_1_662' title='bbox 2766 4438 3075 4502; x_wconf 79' lang='lat' dir='ltr'><strong><em>liberate&quot;,</em></strong></span> <span class='ocrx_word' id='word_1_663' title='bbox 3120 4434 3452 4508; x_wconf 89' lang='lat' dir='ltr'><strong><em>pauperibus</em></strong></span> <span class='ocrx_word' id='word_1_664' title='bbox 3494 4422 3742 4518; x_wconf 78' lang='lat' dir='ltr'><strong><em>misericor-</em></strong></span> 
     </span>
    </p>
   </div>
   <div class='ocr_carea' id='block_1_87' title="bbox 2240 4516 3744 4606">
    <p class='ocr_par' dir='ltr' id='par_1_87' title="bbox 2240 4516 3744 4606">
     <span class='ocr_line' id='line_1_87' title="bbox 2240 4516 3744 4606; baseline -0.019 -9"><span class='ocrx_word' id='word_1_665' title='bbox 2240 4516 2385 4597; x_wconf 67' lang='lat' dir='ltr'><strong><em>diam</em></strong></span> <span class='ocrx_word' id='word_1_666' title='bbox 2410 4537 2594 4603; x_wconf 82' lang='lat' dir='ltr'><strong><em>facite,</em></strong></span> <span class='ocrx_word' id='word_1_667' title='bbox 2620 4538 2850 4606; x_wconf 91' lang='lat' dir='ltr'><strong><em>juvenes</em></strong></span> <span class='ocrx_word' id='word_1_668' title='bbox 2880 4530 3205 4604; x_wconf 88' lang='lat' dir='ltr'><strong><em>pudicitiam</em></strong></span> <span class='ocrx_word' id='word_1_669' title='bbox 3236 4528 3450 4583; x_wconf 87' lang='lat' dir='ltr'><strong><em>docete.</em></strong></span> <span class='ocrx_word' id='word_1_670' title='bbox 3476 4523 3556 4589; x_wconf 84' lang='lat' dir='ltr'><strong><em>Et,</em></strong></span> <span class='ocrx_word' id='word_1_671' title='bbox 3586 4525 3634 4573; x_wconf 85' lang='lat' dir='ltr'><strong><em>ut</em></strong></span> <span class='ocrx_word' id='word_1_672' title='bbox 3656 4516 3744 4569; x_wconf 79' lang='lat' dir='ltr'><strong><em>bte-</em></strong></span> 
     </span>
    </p>
   </div>
   <div class='ocr_carea' id='block_1_88' title="bbox 2242 4613 3744 4692">
    <p class='ocr_par' dir='ltr' id='par_1_88' title="bbox 2242 4613 3744 4692">
     <span class='ocr_line' id='line_1_88' title="bbox 2242 4613 3744 4692; baseline -0.018 -3"><span class='ocrx_word' id='word_1_673' title='bbox 2242 4634 2383 4689; x_wconf 90' lang='lat' dir='ltr'><strong><em>viter</em></strong></span> <span class='ocrx_word' id='word_1_674' title='bbox 2407 4639 2579 4686; x_wconf 91' lang='lat' dir='ltr'><strong><em>totum</em></strong></span> <span class='ocrx_word' id='word_1_675' title='bbox 2624 4630 2826 4692; x_wconf 89' lang='lat' dir='ltr'><strong><em>dicam,</em></strong></span> <span class='ocrx_word' id='word_1_676' title='bbox 2860 4627 3186 4689; x_wconf 81' lang='lat' dir='ltr'><strong><em>alterutrum</em></strong></span> <span class='ocrx_word' id='word_1_677' title='bbox 3226 4635 3349 4688; x_wconf 90' lang='lat' dir='ltr'><strong><em>vos,</em></strong></span> <span class='ocrx_word' id='word_1_678' title='bbox 3388 4620 3443 4674; x_wconf 89' lang='lat' dir='ltr'><strong><em>in</em></strong></span> <span class='ocrx_word' id='word_1_679' title='bbox 3474 4613 3646 4686; x_wconf 89' lang='lat' dir='ltr'><strong><em>quibus</em></strong></span> <span class='ocrx_word' id='word_1_680' title='bbox 3682 4618 3744 4657; x_wconf 76' lang='lat' dir='ltr'><strong><em>res</em></strong></span> 
     </span>
    </p>
   </div>
   <div class='ocr_carea' id='block_1_89' title="bbox 2242 4703 3745 4801">
    <p class='ocr_par' dir='ltr' id='par_1_89' title="bbox 2242 4703 3745 4801">
     <span class='ocr_line' id='line_1_89' title="bbox 2242 4703 3745 4801; baseline -0.012 -20"><span class='ocrx_word' id='word_1_681' title='bbox 2242 4723 2572 4798; x_wconf 88' lang='lat' dir='ltr'><strong><em>poposcerit,</em></strong></span> <span class='ocrx_word' id='word_1_682' title='bbox 2603 4717 3111 4779; x_wconf 85' lang='lat' dir='ltr'><strong><em>sustentate.Deum</em></strong></span> <span class='ocrx_word' id='word_1_683' title='bbox 3147 4716 3333 4779; x_wconf 91' lang='lat' dir='ltr'><strong><em>colite,</em></strong></span> <span class='ocrx_word' id='word_1_684' title='bbox 3363 4711 3453 4783; x_wconf 89' lang='lat' dir='ltr'><strong><em>qui</em></strong></span> <span class='ocrx_word' id='word_1_685' title='bbox 3474 4703 3745 4801; x_wconf 68' lang='lat' dir='ltr'><strong><em>creavit</em></strong></span> 
     </span>
    </p>
   </div>
   <div class='ocr_carea' id='block_1_90' title="bbox 2244 4794 3742 4880">
    <p class='ocr_par' dir='ltr' id='par_1_90' title="bbox 2244 4794 3742 4880">
     <span class='ocr_line' id='line_1_90' title="bbox 2244 4794 3742 4880; baseline -0.018 -7"><span class='ocrx_word' id='word_1_686' title='bbox 2244 4794 2356 4873; x_wconf 78' lang='lat' dir='ltr'><strong><em>lum</em></strong></span> <span class='ocrx_word' id='word_1_687' title='bbox 2379 4830 2432 4873; x_wconf 91' lang='lat' dir='ltr'><strong><em>ct</em></strong></span> <span class='ocrx_word' id='word_1_688' title='bbox 2458 4828 2680 4880; x_wconf 88' lang='lat' dir='ltr'><strong><em>terram,</em></strong></span> <span class='ocrx_word' id='word_1_689' title='bbox 2718 4822 2772 4869; x_wconf 93' lang='lat' dir='ltr'><strong><em>et</em></strong></span> <span class='ocrx_word' id='word_1_690' title='bbox 2800 4811 3023 4868; x_wconf 88' lang='lat' dir='ltr'><strong><em>Christo</em></strong></span> <span class='ocrx_word' id='word_1_691' title='bbox 3045 4810 3273 4875; x_wconf 90' lang='lat' dir='ltr'><strong><em>credite,</em></strong></span> <span class='ocrx_word' id='word_1_692' title='bbox 3302 4808 3525 4863; x_wconf 87' lang='lat' dir='ltr'><strong><em>invicem</em></strong></span> <span class='ocrx_word' id='word_1_693' title='bbox 3546 4816 3629 4857; x_wconf 92' lang='lat' dir='ltr'><strong><em>vos</em></strong></span> <span class='ocrx_word' id='word_1_694' title='bbox 3652 4794 3742 4850; x_wconf 88' lang='lat' dir='ltr'><strong><em>dili-</em></strong></span> 
     </span>
    </p>
   </div>
   <div class='ocr_carea' id='block_1_91' title="bbox 2245 4885 3747 4987">
    <p class='ocr_par' dir='ltr' id='par_1_91' title="bbox 2245 4885 3747 4987">
     <span class='ocr_line' id='line_1_91' title="bbox 2245 4885 3747 4987; baseline -0.016 -21"><span class='ocrx_word' id='word_1_695' title='bbox 2245 4912 2375 4985; x_wconf 81' lang='lat' dir='ltr'><strong><em>gite,</em></strong></span> <span class='ocrx_word' id='word_1_696' title='bbox 2418 4918 2472 4965; x_wconf 78' lang='lat' dir='ltr'><strong><em>et</em></strong></span> <span class='ocrx_word' id='word_1_697' title='bbox 2511 4907 2895 4966; x_wconf 87' lang='lat' dir='ltr'><strong><em>misericordes</em></strong></span> <span class='ocrx_word' id='word_1_698' title='bbox 2937 4912 3113 4959; x_wconf 89' lang='lat' dir='ltr'><strong><em>estote</em></strong></span> <span class='ocrx_word' id='word_1_699' title='bbox 3161 4903 3217 4957; x_wconf 92' lang='lat' dir='ltr'><strong><em>in</em></strong></span> <span class='ocrx_word' id='word_1_700' title='bbox 3251 4916 3462 4965; x_wconf 83' lang='lat' dir='ltr'><strong><em>omnes,</em></strong></span> <span class='ocrx_word' id='word_1_701' title='bbox 3505 4912 3598 4951; x_wconf 86' lang='lat' dir='ltr'><strong><em>non</em></strong></span> <span class='ocrx_word' id='word_1_702' title='bbox 3625 4885 3747 4987; x_wconf 73' lang='lat' dir='ltr'><strong><em>verbo</em></strong></span> 
     </span>
    </p>
   </div>
   <div class='ocr_carea' id='block_1_92' title="bbox 2247 4984 3747 5073">
    <p class='ocr_par' dir='ltr' id='par_1_92' title="bbox 2247 4984 3747 5073">
     <span class='ocr_line' id='line_1_92' title="bbox 2247 4984 3747 5073; baseline -0.007 -14"><span class='ocrx_word' id='word_1_703' title='bbox 2247 4984 2385 5067; x_wconf 80' lang='lat' dir='ltr'><strong><em>Solo,</em></strong></span> <span class='ocrx_word' id='word_1_704' title='bbox 2411 5004 2503 5058; x_wconf 90' lang='lat' dir='ltr'><strong><em>sed</em></strong></span> <span class='ocrx_word' id='word_1_705' title='bbox 2527 5018 2690 5073; x_wconf 87' lang='lat' dir='ltr'><strong><em>opere</em></strong></span> <span class='ocrx_word' id='word_1_706' title='bbox 2706 5009 2759 5056; x_wconf 89' lang='lat' dir='ltr'><strong><em>et</em></strong></span> <span class='ocrx_word' id='word_1_707' title='bbox 2774 5002 2941 5056; x_wconf 89' lang='lat' dir='ltr'><strong><em>rebus</em></strong></span> <span class='ocrx_word' id='word_1_708' title='bbox 2962 4999 3179 5068; x_wconf 89' lang='lat' dir='ltr'><strong><em>implete</em></strong></span> <span class='ocrx_word' id='word_1_709' title='bbox 3194 4997 3510 5051; x_wconf 88' lang='lat' dir='ltr'><strong><em>charitatem</em></strong></span> <span class='ocrx_word' id='word_1_710' title='bbox 3527 4990 3584 5042; x_wconf 80' lang='lat'><strong><em>&quot;.</em></strong></span> <span class='ocrx_word' id='word_1_711' title='bbox 3601 4987 3635 5017; x_wconf 86' lang='lat'><strong>&quot;</strong></span> <span class='ocrx_word' id='word_1_712' title='bbox 3653 4984 3747 5048; x_wconf 67' lang='grc' dir='ltr'><strong><em>Λεί-</em></strong></span> 
     </span>
    </p>
   </div>
   <div class='ocr_carea' id='block_1_93' title="bbox 2246 5074 3747 5170">
    <p class='ocr_par' dir='ltr' id='par_1_93' title="bbox 2246 5074 3747 5170">
     <span class='ocr_line' id='line_1_93' title="bbox 2246 5074 3747 5170; baseline -0.013 -16"><span class='ocrx_word' id='word_1_713' title='bbox 2246 5109 2297 5155; x_wconf 92' lang='lat' dir='ltr'><strong><em>te</em></strong></span> <span class='ocrx_word' id='word_1_714' title='bbox 2326 5113 2424 5170; x_wconf 90' lang='lat' dir='ltr'><strong><em>pro</em></strong></span> <span class='ocrx_word' id='word_1_715' title='bbox 2443 5098 2670 5163; x_wconf 82' lang='lat' dir='ltr'><strong><em>viribus,</em></strong></span> <span class='ocrx_word' id='word_1_716' title='bbox 2700 5095 2947 5152; x_wconf 90' lang='lat' dir='ltr'><strong><em>conservi</em></strong></span> <span class='ocrx_word' id='word_1_717' title='bbox 2962 5090 3327 5157; x_wconf 90' lang='lat' dir='ltr'><strong><em>dilectissimi,</em></strong></span> <span class='ocrx_word' id='word_1_718' title='bbox 3354 5088 3476 5159; x_wconf 86' lang='lat' dir='ltr'><strong><em>quia</em></strong></span> <span class='ocrx_word' id='word_1_719' title='bbox 3501 5083 3671 5138; x_wconf 89' lang='lat' dir='ltr'><strong><em>bonum</em></strong></span> <span class='ocrx_word' id='word_1_720' title='bbox 3688 5074 3747 5124; x_wconf 62' lang='lat'><strong><em>03‘</em></strong></span> 
     </span>
    </p>
   </div>
   <div class='ocr_carea' id='block_1_94' title="bbox 2247 5176 3745 5265">
    <p class='ocr_par' dir='ltr' id='par_1_94' title="bbox 2247 5176 3745 5265">
     <span class='ocr_line' id='line_1_94' title="bbox 2247 5176 3745 5265; baseline -0.002 -19"><span class='ocrx_word' id='word_1_721' title='bbox 2247 5203 2308 5247; x_wconf 89' lang='lat' dir='ltr'><strong><em>ut</em></strong></span> <span class='ocrx_word' id='word_1_722' title='bbox 2337 5191 2712 5262; x_wconf 90' lang='lat' dir='ltr'><strong><em>unusquisque</em></strong></span> <span class='ocrx_word' id='word_1_723' title='bbox 2744 5198 2987 5243; x_wconf 90' lang='lat' dir='ltr'><strong><em>vestrum</em></strong></span> <span class='ocrx_word' id='word_1_724' title='bbox 3009 5228 3025 5252; x_wconf 92' lang='lat'><strong><em>,</em></strong></span> <span class='ocrx_word' id='word_1_725' title='bbox 3070 5184 3372 5241; x_wconf 90' lang='lat' dir='ltr'><strong><em>secundum</em></strong></span> <span class='ocrx_word' id='word_1_726' title='bbox 3420 5177 3553 5251; x_wconf 88' lang='lat' dir='ltr'><strong><em>quod</em></strong></span> <span class='ocrx_word' id='word_1_727' title='bbox 3596 5176 3745 5265; x_wconf 54' lang='grc' dir='ltr'><strong><em>Ρθίεξξτ</em></strong></span> 
     </span>
    </p>
   </div>
   <div class='ocr_carea' id='block_1_95' title="bbox 2248 5256 3748 5355">
    <p class='ocr_par' dir='ltr' id='par_1_95' title="bbox 2248 5256 3748 5355">
     <span class='ocr_line' id='line_1_95' title="bbox 2248 5256 3748 5355; baseline -0.015 -16"><span class='ocrx_word' id='word_1_728' title='bbox 2248 5285 2422 5355; x_wconf 89' lang='lat' dir='ltr'><strong><em>prosit</em></strong></span> <span class='ocrx_word' id='word_1_729' title='bbox 2465 5256 2849 5339; x_wconf 75' lang='lat' dir='ltr'><strong><em>accedentibus</em></strong></span> <span class='ocrx_word' id='word_1_730' title='bbox 2877 5278 2945 5334; x_wconf 80' lang='lat' dir='ltr'><strong><em>ad</em></strong></span> <span class='ocrx_word' id='word_1_731' title='bbox 2984 5279 3138 5333; x_wconf 83' lang='lat' dir='ltr'><strong><em>[idem</em></strong></span> <span class='ocrx_word' id='word_1_732' title='bbox 3171 5276 3452 5348; x_wconf 86' lang='lat' dir='ltr'><strong><em>religionis</em></strong></span> <span class='ocrx_word' id='word_1_733' title='bbox 3484 5276 3671 5327; x_wconf 69' lang='lat' dir='ltr'><strong><em>nostris.</em></strong></span> <span class='ocrx_word' id='word_1_734' title='bbox 3703 5256 3748 5309; x_wconf 72' lang='lat' dir='ltr'><strong><em>El</em></strong></span> 
     </span>
    </p>
   </div>
   <div class='ocr_carea' id='block_1_96' title="bbox 2247 5366 3750 5445">
    <p class='ocr_par' dir='ltr' id='par_1_96' title="bbox 2247 5366 3750 5445">
     <span class='ocr_line' id='line_1_96' title="bbox 2247 5366 3750 5445; baseline -0.014 -11"><span class='ocrx_word' id='word_1_735' title='bbox 2247 5381 2370 5434; x_wconf 79' lang='lat' dir='ltr'><strong><em>ideo</em></strong></span> <span class='ocrx_word' id='word_1_736' title='bbox 2394 5393 2466 5433; x_wconf 91' lang='lat' dir='ltr'><strong><em>no</em></strong></span> <span class='ocrx_word' id='word_1_737' title='bbox 2524 5391 2621 5430; x_wconf 91' lang='lat' dir='ltr'><strong><em>vos</em></strong></span> <span class='ocrx_word' id='word_1_738' title='bbox 2651 5374 3166 5445; x_wconf 67' lang='lat' dir='ltr'><strong><em>pigeat;secuudum</em></strong></span> <span class='ocrx_word' id='word_1_739' title='bbox 3194 5368 3531 5439; x_wconf 87' lang='lat' dir='ltr'><strong><em>sapientiam,</em></strong></span> <span class='ocrx_word' id='word_1_740' title='bbox 3558 5371 3658 5430; x_wconf 69' lang='lat' dir='ltr'><strong><em>qua:</em></strong></span> <span class='ocrx_word' id='word_1_741' title='bbox 3678 5366 3750 5404; x_wconf 73' lang='grc' dir='ltr'><strong><em>νο-</em></strong></span> 
     </span>
    </p>
   </div>
   <div class='ocr_carea' id='block_1_97' title="bbox 656 5492 3747 5583">
    <p class='ocr_par' dir='ltr' id='par_1_97' title="bbox 656 5492 3747 5583">
     <span class='ocr_line' id='line_1_97' title="bbox 656 5492 3747 5583; baseline -0.002 -11"><span class='ocrx_word' id='word_1_742' title='bbox 656 5519 678 5551; x_wconf 70' lang='grc' dir='ltr'><strong><em>τ</em></strong></span> <span class='ocrx_word' id='word_1_743' title='bbox 726 5519 782 5572; x_wconf 92' lang='lat' dir='ltr'><strong><em>In</em></strong></span> <span class='ocrx_word' id='word_1_744' title='bbox 844 5533 947 5573; x_wconf 89' lang='lat' dir='ltr'><strong><em>ms.</em></strong></span> <span class='ocrx_word' id='word_1_745' title='bbox 990 5525 1181 5572; x_wconf 90' lang='lat' dir='ltr'><strong><em>nostro</em></strong></span> <span class='ocrx_word' id='word_1_746' title='bbox 1208 5518 1400 5573; x_wconf 87' lang='lat' dir='ltr'><strong><em>titulus</em></strong></span> <span class='ocrx_word' id='word_1_747' title='bbox 1435 5523 1519 5571; x_wconf 88' lang='lat' dir='ltr'><strong><em>est</em></strong></span> <span class='ocrx_word' id='word_1_748' title='bbox 1553 5531 1567 5568; x_wconf 92' lang='lat'><strong>:</strong></span> <span class='ocrx_word' id='word_1_749' title='bbox 1633 5512 1768 5569; x_wconf 84' lang='lat' dir='ltr'><strong><em>Item</em></strong></span> <span class='ocrx_word' id='word_1_750' title='bbox 1799 5515 1978 5583; x_wconf 84' lang='lat' dir='ltr'><strong><em>incipit</em></strong></span> <span class='ocrx_word' id='word_1_751' title='bbox 2012 5512 2254 5582; x_wconf 80' lang='lat' dir='ltr'><strong><em>Epistola</em></strong></span> <span class='ocrx_word' id='word_1_752' title='bbox 2277 5511 2534 5583; x_wconf 82' lang='lat' dir='ltr'><strong><em>generatis</em></strong></span> <span class='ocrx_word' id='word_1_753' title='bbox 2571 5507 2852 5583; x_wconf 70' lang='lat' dir='ltr'><strong><em>Clementis</em></strong></span> <span class='ocrx_word' id='word_1_754' title='bbox 2888 5522 3061 5583; x_wconf 62' lang='lat' dir='ltr'><strong><em>parite,</em></strong></span> <span class='ocrx_word' id='word_1_755' title='bbox 3094 5502 3333 5583; x_wconf 61' lang='lat' dir='ltr'><strong><em>omnibus</em></strong></span> <span class='ocrx_word' id='word_1_756' title='bbox 3365 5492 3747 5583; x_wconf 19' lang='lat' dir='ltr'><strong><em>{qm‘mait’fi‘fi‘fj</em></strong></span> 
     </span>
    </p>
   </div>
   <div class='ocr_carea' id='block_1_98' title="bbox 588 5587 1969 5663">
    <p class='ocr_par' dir='ltr' id='par_1_98' title="bbox 588 5587 1969 5663">
     <span class='ocr_line' id='line_1_98' title="bbox 588 5587 1969 5663; baseline -0.004 -20"><span class='ocrx_word' id='word_1_757' title='bbox 588 5606 747 5663; x_wconf 87' lang='lat' dir='ltr'><strong><em>quam</em></strong></span> <span class='ocrx_word' id='word_1_758' title='bbox 796 5588 1062 5663; x_wconf 61' lang='lat' dir='ltr'><strong><em>inferioris</em></strong></span> <span class='ocrx_word' id='word_1_759' title='bbox 1116 5590 1315 5643; x_wconf 85' lang='lat' dir='ltr'><strong><em>ordinis</em></strong></span> <span class='ocrx_word' id='word_1_760' title='bbox 1367 5587 1621 5663; x_wconf 67' lang='lat' dir='ltr'><strong><em>ciericis,_</em></strong></span> <span class='ocrx_word' id='word_1_761' title='bbox 1650 5603 1715 5663; x_wconf 84' lang='lat' dir='ltr'><strong><em>_u_c</em></strong></span> <span class='ocrx_word' id='word_1_762' title='bbox 1770 5587 1969 5663; x_wconf 83' lang='lat' dir='ltr'><strong><em>cune_tis</em></strong></span> 
     </span>
    </p>
   </div>
   <div class='ocr_carea' id='block_1_99' title="bbox 592 5657 1729 5732">
    <p class='ocr_par' dir='ltr' id='par_1_99' title="bbox 592 5657 1729 5732">
     <span class='ocr_line' id='line_1_99' title="bbox 592 5657 1729 5732; baseline -0.004 -18"><span class='ocrx_word' id='word_1_763' title='bbox 592 5657 872 5732; x_wconf 64' lang='lat' dir='ltr'><strong><em>generatis.</em></strong></span> <span class='ocrx_word' id='word_1_764' title='bbox 975 5659 1150 5732; x_wconf 49' lang='lat' dir='ltr'><strong><em>flauo.</em></strong></span> <span class='ocrx_word' id='word_1_765' title='bbox 1198 5676 1324 5732; x_wconf 72' lang='lat' dir='ltr'><strong><em>vni,</em></strong></span> <span class='ocrx_word' id='word_1_766' title='bbox 1362 5660 1473 5732; x_wconf 25' lang='lat' dir='ltr'><strong><em>Ait).</em></strong></span> <span class='ocrx_word' id='word_1_767' title='bbox 1566 5657 1729 5732; x_wconf 31' lang='grc' dir='ltr'><strong><em>ΔΝΜ.</em></strong></span> 
     </span>
    </p>
   </div>
   <div class='ocr_carea' id='block_1_100' title="bbox 600 5724 2126 5795">
    <p class='ocr_par' dir='ltr' id='par_1_100' title="bbox 600 5724 2126 5795">
     <span class='ocr_line' id='line_1_100' title="bbox 600 5724 2126 5795; baseline -0.003 -12"><span class='ocrx_word' id='word_1_768' title='bbox 600 5724 642 5762; x_wconf 61' lang='grc'><strong><em>⁵³</em></strong></span> <span class='ocrx_word' id='word_1_769' title='bbox 669 5730 857 5783; x_wconf 78' lang='lat' dir='ltr'><strong><em>Matth.</em></strong></span> <span class='ocrx_word' id='word_1_770' title='bbox 893 5748 947 5795; x_wconf 86' lang='lat' dir='ltr'><strong><em>x,</em></strong></span> <span class='ocrx_word' id='word_1_771' title='bbox 978 5729 1066 5783; x_wconf 71' lang='grc'><strong><em>40.</em></strong></span> <span class='ocrx_word' id='word_1_772' title='bbox 1171 5724 1418 5792; x_wconf 67' lang='grc' dir='ltr'><strong><em>ιηποιι,</em></strong></span> <span class='ocrx_word' id='word_1_773' title='bbox 1452 5746 1524 5791; x_wconf 86' lang='lat' dir='ltr'><strong><em>iv,</em></strong></span> <span class='ocrx_word' id='word_1_774' title='bbox 1556 5728 1610 5788; x_wconf 89' lang='lat'><strong><em>6.</em></strong></span> <span class='ocrx_word' id='word_1_775' title='bbox 1642 5736 1696 5781; x_wconf 87' lang='lat' dir='ltr'><strong><em>et</em></strong></span> <span class='ocrx_word' id='word_1_776' title='bbox 1744 5725 1762 5778; x_wconf 92' lang='lat' dir='ltr'><strong><em>l</em></strong></span> <span class='ocrx_word' id='word_1_777' title='bbox 1791 5724 1932 5780; x_wconf 81' lang='lat' dir='ltr'><strong><em>Petr.</em></strong></span> <span class='ocrx_word' id='word_1_778' title='bbox 1989 5742 2041 5784; x_wconf 86' lang='lat' dir='ltr'><strong><em>v,</em></strong></span> <span class='ocrx_word' id='word_1_779' title='bbox 2071 5724 2126 5778; x_wconf 81' lang='lat'><strong><em>5.</em></strong></span> 
     </span>
    </p>
   </div>
   <div class='ocr_carea' id='block_1_101' title="bbox 604 5798 2130 5869">
    <p class='ocr_par' dir='ltr' id='par_1_101' title="bbox 604 5798 2130 5869">
     <span class='ocr_line' id='line_1_101' title="bbox 604 5798 2130 5869; baseline -0.001 -19"><span class='ocrx_word' id='word_1_780' title='bbox 604 5801 644 5835; x_wconf 65' lang='grc' dir='ltr'><strong><em>ιτ</em></strong></span> <span class='ocrx_word' id='word_1_781' title='bbox 670 5798 937 5869; x_wconf 71' lang='lat' dir='ltr'><strong><em>liccognit.</em></strong></span> <span class='ocrx_word' id='word_1_782' title='bbox 970 5800 1021 5867; x_wconf 78' lang='lat'><strong><em>3,</em></strong></span> <span class='ocrx_word' id='word_1_783' title='bbox 1051 5815 1100 5855; x_wconf 92' lang='lat' dir='ltr'><strong><em>c.</em></strong></span> <span class='ocrx_word' id='word_1_784' title='bbox 1129 5799 1216 5855; x_wconf 88' lang='lat'><strong><em>66.</em></strong></span> <span class='ocrx_word' id='word_1_785' title='bbox 1292 5800 1487 5854; x_wconf 77' lang='lat' dir='ltr'><strong><em>“Dist.</em></strong></span> <span class='ocrx_word' id='word_1_786' title='bbox 1524 5800 1575 5864; x_wconf 83' lang='lat'><strong><em>5,</em></strong></span> <span class='ocrx_word' id='word_1_787' title='bbox 1599 5798 1794 5851; x_wconf 81' lang='lat' dir='ltr'><strong><em>Audire</em></strong></span> <span class='ocrx_word' id='word_1_788' title='bbox 1816 5799 2130 5865; x_wconf 74' lang='lat' dir='ltr'><strong><em>episcopum.</em></strong></span> 
     </span>
    </p>
   </div>
   <div class='ocr_carea' id='block_1_102' title="bbox 2021 5560 3749 5654">
    <p class='ocr_par' dir='ltr' id='par_1_102' title="bbox 2021 5560 3749 5654">
     <span class='ocr_line' id='line_1_102' title="bbox 2021 5560 3749 5654; baseline -0.012 -20"><span class='ocrx_word' id='word_1_789' title='bbox 2959 5560 2998 5609; x_wconf 73' lang='grc'><strong><em>’⁸</em></strong></span> <span class='ocrx_word' id='word_1_790' title='bbox 3014 5560 3073 5631; x_wconf 71' lang='lat' dir='ltr'><strong><em>In</em></strong></span> <span class='ocrx_word' id='word_1_791' title='bbox 3094 5591 3143 5630; x_wconf 92' lang='lat' dir='ltr'><strong><em>c.</em></strong></span> <span class='ocrx_word' id='word_1_792' title='bbox 3165 5574 3319 5654; x_wconf 41' lang='lat' dir='ltr'><strong><em>dust.</em></strong></span> <span class='ocrx_word' id='word_1_793' title='bbox 3335 5573 3546 5654; x_wconf 37' lang='lat' dir='ltr'><strong><em>‘dicitur</em></strong></span> <span class='ocrx_word' id='word_1_794' title='bbox 3568 5560 3749 5654; x_wconf 40' lang='lat' dir='ltr'><strong><em>&#39;eptstpi‘a</em></strong></span> 
     </span>
    </p>
   </div>
   <div class='ocr_carea' id='block_1_103' title="bbox 1823 5647 3213 5719">
    <p class='ocr_par' dir='ltr' id='par_1_103' title="bbox 1823 5647 3213 5719">
     <span class='ocr_line' id='line_1_103' title="bbox 1823 5647 3213 5719; baseline -0.009 -8"><span class='ocrx_word' id='word_1_795' title='bbox 1823 5697 1837 5711; x_wconf 94' lang='lat'><strong><em>.</em></strong></span> <span class='ocrx_word' id='word_1_796' title='bbox 1887 5647 2030 5719; x_wconf 51' lang='lat' dir='ltr'><strong><em>5,Si&#39;</em></strong></span> <span class='ocrx_word' id='word_1_797' title='bbox 2071 5663 2244 5708; x_wconf 78' lang='lat' dir='ltr'><strong><em>autem</em></strong></span> <span class='ocrx_word' id='word_1_798' title='bbox 2300 5647 2465 5708; x_wconf 75' lang='lat' dir='ltr'><strong><em>vobis.</em></strong></span> <span class='ocrx_word' id='word_1_799' title='bbox 2490 5652 2741 5705; x_wconf 89' lang='lat' dir='ltr'><strong><em>—Conc.</em></strong></span> <span class='ocrx_word' id='word_1_800' title='bbox 2792 5648 3036 5719; x_wconf 83' lang='lat' dir='ltr'><strong><em>Tribur.,</em></strong></span> <span class='ocrx_word' id='word_1_801' title='bbox 3073 5663 3123 5702; x_wconf 89' lang='lat' dir='ltr'><strong><em>c.</em></strong></span> <span class='ocrx_word' id='word_1_802' title='bbox 3162 5647 3213 5719; x_wconf 83' lang='grc'><strong><em>8.</em></strong></span> 
     </span>
    </p>
   </div>
   <div class='ocr_carea' id='block_1_104' title="bbox 2235 5713 3727 5788">
    <p class='ocr_par' dir='ltr' id='par_1_104' title="bbox 2235 5713 3727 5788">
     <span class='ocr_line' id='line_1_104' title="bbox 2235 5713 3727 5788; baseline -0.013 -14"><span class='ocrx_word' id='word_1_803' title='bbox 2235 5723 2278 5754; x_wconf 73' lang='grc'><strong><em>’⁸</em></strong></span> <span class='ocrx_word' id='word_1_804' title='bbox 2329 5722 2518 5777; x_wconf 86' lang='lat' dir='ltr'><strong><em>Matth.</em></strong></span> <span class='ocrx_word' id='word_1_805' title='bbox 2564 5739 2672 5779; x_wconf 84' lang='lat' dir='ltr'><strong><em>vn.</em></strong></span> <span class='ocrx_word' id='word_1_806' title='bbox 2720 5718 2806 5775; x_wconf 78' lang='lat' dir='ltr'><strong><em>i9.</em></strong></span> <span class='ocrx_word' id='word_1_807' title='bbox 2885 5720 2928 5750; x_wconf 79' lang='lat'>“</span> <span class='ocrx_word' id='word_1_808' title='bbox 2967 5718 3238 5788; x_wconf 69' lang='lat' dir='ltr'><strong><em>Recognit.</em></strong></span> <span class='ocrx_word' id='word_1_809' title='bbox 3272 5716 3337 5788; x_wconf 57' lang='grc'><strong><em>,1.</em></strong></span> <span class='ocrx_word' id='word_1_810' title='bbox 3442 5713 3503 5788; x_wconf 28' lang='grc' dir='ltr'><strong><em>’τ’</em></strong></span> <span class='ocrx_word' id='word_1_811' title='bbox 3540 5713 3727 5788; x_wconf 48' lang='grc' dir='ltr'><strong><em>ξηαπς-τ</em></strong></span> 
     </span>
    </p>
   </div>
   <div class='ocr_carea' id='block_1_105' title="bbox 2203 5771 3742 5861">
    <p class='ocr_par' dir='ltr' id='par_1_105' title="bbox 2203 5771 3742 5861">
     <span class='ocr_line' id='line_1_105' title="bbox 2203 5771 3742 5861; baseline -0.016 -12"><span class='ocrx_word' id='word_1_812' title='bbox 2203 5795 2244 5826; x_wconf 70' lang='grc' dir='ltr'><strong><em>ι’</em></strong></span> <span class='ocrx_word' id='word_1_813' title='bbox 2556 5771 2818 5861; x_wconf 24' lang='lat' dir='ltr'><strong><em>2v&#39;nr‘epieti</em></strong></span> <span class='ocrx_word' id='word_1_814' title='bbox 2849 5771 3128 5842; x_wconf 40' lang='lat' dir='ltr'><strong><em>chara—ate:</em></strong></span> <span class='ocrx_word' id='word_1_815' title='bbox 3156 5771 3243 5818; x_wconf 6' lang='lat' dir='ltr'><strong><em>Si,“</em></strong></span> <span class='ocrx_word' id='word_1_816' title='bbox 3263 5775 3589 5849; x_wconf 77' lang='lat' dir='ltr'><strong><em>Recognit.3,</em></strong></span> <span class='ocrx_word' id='word_1_817' title='bbox 3611 5790 3653 5830; x_wconf 89' lang='lat' dir='ltr'><strong><em>c.</em></strong></span> <span class='ocrx_word' id='word_1_818' title='bbox 3676 5771 3742 5826; x_wconf 70' lang='grc' dir='ltr'><strong><em>δῖ.</em></strong></span> 
     </span>
    </p>
   </div>
   <div class='ocr_carea' id='block_1_106' title="bbox 3334 5630 3747 5699">
    <p class='ocr_par' dir='ltr' id='par_1_106' title="bbox 3334 5630 3747 5699">
     <span class='ocr_line' id='line_1_106' title="bbox 3334 5630 3747 5699; baseline -0.022 0"><span class='ocrx_word' id='word_1_819' title='bbox 3334 5644 3376 5676; x_wconf 86' lang='lat'>“</span> <span class='ocrx_word' id='word_1_820' title='bbox 3417 5642 3541 5699; x_wconf 84' lang='lat' dir='ltr'><strong><em>an.</em></strong></span> <span class='ocrx_word' id='word_1_821' title='bbox 3585 5630 3632 5696; x_wconf 57' lang='grc' dir='ltr'><strong><em>ἡ.</em></strong></span> <span class='ocrx_word' id='word_1_822' title='bbox 3683 5630 3747 5684; x_wconf 67' lang='grc' dir='ltr'><strong><em>16η</em></strong></span> 
     </span>
    </p>
   </div>
   <div class='ocr_carea' id='block_1_107' title="bbox 3541 5703 3747 5760">
    <p class='ocr_par' dir='ltr' id='par_1_107' title="bbox 3541 5703 3747 5760">
     <span class='ocr_line' id='line_1_107' title="bbox 3541 5703 3747 5760; baseline -0.034 -5"><span class='ocrx_word' id='word_1_823' title='bbox 3541 5703 3747 5760; x_wconf 69' lang='lat' dir='ltr'><strong><em>eruditus.</em></strong></span> 
     </span>
    </p>
   </div>
  </div>
