3900 6334
203 320 301 390 ιοζς

1391 302 1749 376 EPISTOL/E
1789 316 2241 373 nncnn'races

3330 322 3437 379 ιθι

200 449 282 500 bis
303 460 398 515 per
424 442 519 498 Dei
546 424 943 512 providentiam
968 439 1162 495 collata
1183 445 1290 501 est,
1315 438 1589 490 instruere
1612 435 1764 504 igna-
1796 444 1838 501 Α
1869 434 1940 488 tis
1971 432 2245 486 dmmones
2275 445 2397 484 cum
2426 432 2781 499 passionibus
2800 474 2814 497 ,
2845 447 2985 503 quas
3012 427 3322 492 hominibus
3361 440 3441 492 in.

198 554 287 593 ros
316 545 371 592 et
405 537 624 591 docere.
660 534 993 590 Desiderium
1024 549 1155 603 ergo
1177 531 1376 585 habere
1410 544 1599 582 omnes
1636 531 1762 597 erga

196 633 479 688 doctorem
521 630 792 693 veritatis,
839 642 1074 698 eumque
1102 634 1162 682 ut
1190 626 1381 681 oculos
1415 636 1544 679 suos
1578 635 1765 675 amare

194 734 444 795 Oportet;
476 725 604 796 qhia
634 733 689 779 et
719 724 899 794 ipsum
941 722 1201 792 populum
1244 718 1350 774 sibi
1385 717 1761 779 commissum,

193 833 286 873 ceu
318 820 572 889 praprios
603 817 765 883 ﬁlios,
795 831 981 871 amare
1011 826 1065 869 et
1091 814 1290 868 docere
1330 810 1627 873 condecet;
1662 806 1764 859 hoc

189 914 334 969 enim
356 913 409 968 ei
438 928 469 966 a
502 911 665 966 Patre
693 912 905 967 cmlesti
928 910 1185 964 donatum
1207 915 1291 962 est
1306 898 1371 959 “.
1408 902 1513 957 Sed
1533 910 1586 955 et
1615 899 1765 953 salus

188 1009 242 1063 in
263 1022 332 1062 eo
367 1015 472 1073 est,
513 1015 571 1062 ut
597 1008 931 1062 voluntatem
958 1005 1079 1074 ejus
1108 1000 1266 1071 cujus
1312 1008 1551 1053 amorem
1581 1000 1649 1077 et,
1669 992 1766 1047 de—

188 1102 482 1167 sidcrium,
516 1102 627 1158 Deo
656 1102 946 1172 largiente,
974 1094 1354 1166 conceperint,
1384 1084 1765 1158 faciant,”,Si

187 1198 309 1268 quis
337 1214 474 1269 ergo
511 1196 687 1252 ﬁdelis
716 1195 952 1251 voluerit
980 1192 1239 1256 existere,
1275 1197 1330 1244 et
1359 1185 1631 1243 desiderat
1668 1181 1765 1237 ba-

185 1292 410 1362 ptizari,
442 1294 640 1346 exutus
663 1290 938 1360 prioribus
961 1288 1141 1353 malis,
1166 1286 1233 1342 de
1260 1284 1471 1353 reliquo
1492 1294 1592 1353 pro
1606 1278 1765 1333 bonis

187 1384 408 1440 actibus
440 1384 611 1440 hatres
631 1386 897 1440 bonorum
922 1382 1225 1437 caelestium
1248 1384 1314 1435 ex
1333 1377 1499 1450 gestis
1526 1372 1764 1445 propriis

186 1479 286 1534 fiet.
327 1478 575 1534 Accedat
614 1485 793 1533 autem
824 1476 917 1548 qui
948 1475 1064 1530 vult
1113 1472 1181 1527 ad
1219 1471 1555 1527 sacerdotem
1582 1478 1761 1531 suum,

188 1580 237 1627 et
258 1572 374 1641 ipsi
400 1572 492 1627 det
518 1586 719 1626 nomen
749 1586 934 1633 suum,
960 1568 1124 1639 atque
1146 1566 1214 1620 ab
1255 1580 1320 1620 eo
1347 1562 1536 1617 audiat
1562 1567 1765 1632 myste-

186 1665 261 1720 ria
283 1668 450 1739 regni
471 1668 759 1734 caelorum,
776 1667 1001 1738 jejuniis
1028 1661 1401 1734 frequentibus
1424 1668 1644 1729 operam
1670 1656 1765 1710 im-

186 1762 415 1833 pendat,
440 1779 504 1819 ac
525 1762 878 1835 semetipsum
900 1765 957 1818 in
982 1762 1235 1817 omnibus
1256 1757 1469 1830 probet,
1501 1766 1558 1810 ut
1583 1753 1763 1808 tribus

187 1861 476 1916 mensibus
504 1858 619 1932 jam
647 1860 1063 1925 consummatis,
1093 1858 1150 1913 in
1178 1856 1267 1912 die
1294 1855 1434 1911 festo
1460 1851 1635 1923 possit
1664 1849 1763 1904 ba-

190 1958 411 2026 ptizari.
457 1956 771 2028 Baptizetur
801 1964 982 2011 autem
1011 1952 1390 2023 unusquisque
1412 1948 1466 2002 in
1487 1944 1644 2017 aquis
1675 1958 1765 2015 pe-

189 2052 477 2118 rennibus,
511 2051 730 2106 nomine
758 2050 916 2105 trinae
945 2045 1299 2103 beatitudinis
1326 2042 1579 2098 invocato
1598 2053 1763 2108 super

189 2164 266 2215 se,
306 2153 610 2219 perunctus
629 2147 806 2218 primo
821 2146 944 2202 oleo
963 2159 1059 2217 per
1080 2143 1381 2197 orationem
1400 2134 1758 2201 sanctiﬁcato,

187 2250 247 2295 ut
275 2243 356 2295 ita
387 2240 602 2297 demum
628 2283 643 2308 ,
675 2256 771 2312 per
800 2240 917 2296 haec
959 2246 1317 2295 consecratus
1336 2277 1352 2303 ,
1383 2237 1558 2309 possit
1582 2233 1761 2305 perci-

188 2349 322 2404 pere
351 2333 526 2388 locum
557 2350 681 2391 cum
721 2336 1003 2392 sanctis.“
1023 2334 1217 2392 Nullus
1242 2336 1386 2391 enim
1420 2343 1639 2407 propter
1663 2349 1760 2405 ops

187 2431 474 2499 probrium
504 2432 803 2487 senectutis
831 2441 923 2487 aut
945 2432 1272 2503 juventutis,
1306 2432 1391 2487 vel
1419 2432 1756 2487 nobilitatem

186 2525 426 2593 generis,
470 2540 500 2580 a
529 2527 772 2597 parvulis
801 2534 855 2583 et
888 2528 1069 2583 minus
1088 2525 1319 2583 eruditis
1339 2569 1353 2591 ,
1385 2526 1431 2582 si
1460 2526 1588 2596 quid
1621 2524 1760 2580 forte

186 2627 265 2671 est
297 2617 559 2674 utilitatis
578 2629 669 2673 aut
685 2619 899 2686 salutis,
914 2618 1189 2691 inquirere
1212 2619 1470 2690 negligat.
1493 2618 1597 2686 Qui
1615 2620 1757 2673 enim

186 2710 469 2767 rebelliter
494 2712 643 2781 vivit,
672 2723 726 2769 et
751 2714 959 2769 discere
981 2725 1143 2784 atque
1166 2728 1325 2784 agere
1352 2714 1493 2768 bona
1519 2720 1757 2779 recusat,

186 2806 363 2877 magis
386 2806 595 2862 diaboli
622 2824 784 2879 quam
806 2807 1012 2863 Christi
1042 2808 1347 2863 membrum
1376 2823 1498 2863 esse
1526 2808 1762 2863 ostendi-

189 2905 293 2965 tur,
338 2908 397 2954 et
443 2900 627 2969 potius
678 2900 912 2956 inﬁdelis
955 2914 1118 2971 quam
1177 2899 1352 2957 fidelis
1398 2908 1756 2956 monstratur.

187 2984 477 3057 Quomodo
497 3006 628 3063 ergo
658 3008 764 3047 non
796 2990 1051 3047 omnibus
1094 2991 1199 3048 hoc
1228 2990 1461 3046 amabile
1488 3001 1593 3059 est,
1624 3002 1761 3047 cnn-

1868 533 2147 591 vexerant,
2172 522 2511 578 transierunt
2532 531 2586 579 et
2603 524 2773 596 fugati
2802 535 2949 581 sunt.
2976 527 3020 558 ”
3037 526 3175 593 Quia
3196 544 3325 600 ergo
3346 533 3436 589 alii

1866 616 2083 685 quidem
2111 616 2363 671 homines
2402 618 2726 685 patiuntur,
2773 618 2864 672 alii
2907 619 3175 688 patientes
3222 632 3437 688 sanant,

1866 722 2033 761 causa
2064 707 2183 762 sine
2210 706 2377 762 dubio
2404 709 2487 763 vel
2514 710 2755 779 patiendi
2792 711 2876 765 vel
2903 711 3133 766 curandi
3166 714 3441 768 noscenda

1865 809 1989 868 est;
2024 816 2147 870 qum
2177 816 2287 857 non
2313 798 2421 856 alia
2454 818 2599 867 esse,
2634 817 2799 872 quam
2831 804 3167 873 patientibus
3197 808 3441 875 quidem,

1867 892 2225 961 inﬁdelitatis,
2269 895 2592 949 curantibus
2638 909 2768 950 vero
2789 936 2803 959 ,
2835 894 2979 957 ﬁdei,
3013 896 3438 952 demonstratur.

1865 984 2160 1042 lnfidelitas
2191 986 2338 1042 enim
2378 986 2509 1041 dum
2552 1002 2665 1042 non
2696 988 2872 1042 credit
2904 988 3147 1045 futurum
3176 989 3272 1045 Dei
3302 991 3443 1061 judi-

1865 1077 2045 1145 cium,
2077 1079 2341 1148 peccandi
2379 1078 2657 1134 licentiam
2698 1079 2935 1150 praebet;
2982 1086 3261 1150 peceatum
3290 1099 3440 1148 vero,

1866 1167 2140 1224 hominem
2166 1170 2516 1239 passionibus
2546 1170 2841 1226 obnoxium
2876 1170 3022 1226 facit.
3048 1170 3209 1229 Fides
3239 1182 3440 1243 autem,

1868 1259 2118 1316 futurum
2151 1262 2247 1318 Dei
2268 1262 2537 1333 judicium
2576 1277 2699 1320 esse
2726 1263 2977 1331 credens,
3006 1266 3249 1322 continet
3271 1268 3445 1321 homi-

1867 1369 1965 1409 nes
1994 1368 2025 1408 a
2056 1356 2304 1425 peccato.
2331 1355 2450 1410 Non
2490 1365 2783 1427 peccantes
2812 1371 2943 1412 vero
2963 1398 2979 1424 ,
3014 1374 3124 1413 non
3167 1360 3343 1415 solum
3377 1360 3445 1413 li-

1865 1445 1982 1502 beri
2002 1455 2132 1503 sunt
2152 1464 2181 1501 a
2201 1447 2543 1503 dremonibus
2563 1456 2618 1503 et
2635 1449 3006 1519 passionibus,
3030 1464 3219 1504 verum
3234 1458 3287 1505 et
3307 1452 3439 1506 alio.

1866 1554 1984 1594 rum
2013 1539 2285 1597 daemones
2308 1547 2361 1596 et
2392 1541 2680 1611 passiones
2704 1540 2892 1613 fugare
2917 1552 3168 1613 possunt.
3201 1544 3243 1575 ³¹
3261 1543 3334 1599 Ex
3356 1545 3443 1601 bis

1863 1647 1995 1703 ergo
2025 1635 2281 1689 omnibus
2307 1635 2599 1704 colligitur,
2639 1636 2788 1706 quod
2819 1637 2975 1706 Origo
3008 1637 3174 1691 totius
3217 1636 3345 1692 mali
3372 1639 3442 1693 ab

1868 1723 2176 1793 ignorantia
2217 1725 2537 1792 descendat,
2571 1734 2623 1781 et
2654 1726 2770 1797 ipsa
2800 1728 2871 1783 sit
2906 1730 3147 1783 omnium
3177 1732 3441 1785 malorum

1866 1824 2059 1881 mater,
2078 1833 2199 1887 qua:
2212 1817 2422 1873 incuria
2440 1827 2493 1873 et
2511 1819 2724 1889 ignavia
2740 1820 3000 1890 gignitur,
3014 1822 3335 1892 negligentia
3352 1842 3433 1879 ve.

1864 1921 1926 1962 ro
1943 1908 2109 1963 alitur
2123 1910 2437 1981 etaugetur,
2462 1911 2697 1982 atquein
2719 1912 2971 1968 sensibus
2991 1911 3274 1967 hominum
3297 1915 3443 1969 radi-

1862 2000 2189 2064 catur,dum
2217 2010 2455 2070 amatur;
2492 2018 2656 2073 quam
2684 2004 2731 2059 si
2761 2004 2885 2074 quis
2922 2003 3063 2059 forte
3084 2004 3276 2060 doceat
3299 2007 3440 2061 effu-

1862 2094 2095 2165 gandam
2127 2095 2274 2150 velut
2304 2095 2545 2166 antiquis
2574 2103 2629 2150 et
2657 2095 3020 2152 haereditariis
3052 2096 3300 2160 sedibus,
3331 2112 3445 2151 mo-

1862 2185 1999 2241 leste
2025 2193 2080 2241 et
2115 2186 2468 2257 indignanter
2495 2186 2770 2242 avellitur.
2808 2187 2874 2240 Et
2894 2187 3015 2243 ideo
3046 2188 3327 2257 paululum
3360 2189 3443 2245 lae

1861 2278 2167 2333 borandum
2218 2278 2378 2335 nobis
2430 2287 2535 2344 est,
2571 2286 2633 2334 ut
2690 2278 3061 2349 indignantes,
3125 2282 3443 2351 ignorantiae

1862 2369 2339 2440 praesumptionem
2372 2371 2617 2427 scientia:
2647 2372 2859 2427 ratione
2891 2385 3241 2440 resecemus;
3275 2373 3328 2427 in
3357 2374 3443 2430 his

1863 2460 2156 2531 praecipue,
2183 2462 2276 2532 qui
2312 2463 2367 2517 in
2389 2463 2666 2533 aliquibus
2692 2463 2875 2517 minus
2897 2464 3061 2520 rectis
3090 2464 3442 2535 opinionibus

1863 2552 2122 2622 praeventi
2163 2561 2312 2617 sunt,
2346 2569 2443 2625 per
2488 2569 2649 2625 quas,
2680 2555 2839 2626 quasi
2868 2555 2971 2611 sub
2998 2557 3179 2626 specie
3206 2557 3441 2628 alicujus

1861 2631 2129 2707 scientia),
2166 2646 2477 2715 ignorantia
2534 2646 2590 2700 in
2622 2646 2710 2709 bis
2768 2646 3145 2704 vehementius
3193 2648 3443 2705 radicata

1861 2744 1965 2792 est.
1989 2736 2137 2792 Nihil
2167 2740 2314 2794 enim
2341 2748 2423 2795 est
2457 2740 2699 2811 gravius,
2727 2755 2891 2811 quam
2911 2741 2958 2796 si
2988 2740 3041 2795 id
3059 2741 3203 2812 quod
3229 2742 3442 2813 ignorat

1862 2832 2009 2900 quis,
2042 2833 2182 2888 scire
2212 2846 2271 2888 se
2299 2831 2506 2899 credat,
2534 2830 2589 2888 et
2619 2832 2876 2888 defendat
2905 2849 3090 2889 verum
3122 2849 3263 2900 esse,
3292 2835 3439 2908 quod

1864 2922 2063 2978 falsum
2089 2932 2204 2989 est:
2232 2924 2380 2995 quod
2408 2925 2517 2979 tale
2542 2932 2648 2990 est,
2680 2926 2840 2995 quale
2872 2927 2920 2981 si
2952 2928 3077 2998 quis
3106 2928 3292 2985 ebrius
3344 2946 3438 2985 so-

1862 3015 2042 3070 brium
2095 3031 2155 3073 se
2201 3024 2376 3087 putet,
2407 3025 2461 3072 et
2490 3024 2616 3087 agat
2646 3018 2867 3087 quidem
2894 3027 3093 3074 cuncta
3135 3027 3194 3074 ut
3223 3021 3437 3087 ebrius,

187 3083 791 3183 easque-exoptatum,
815 3094 873 3183 ut
899 3100 1033 3183 qua;
1048 3085 1259 3156 ignorat
1280 3126 1295 3152 ,
1320 3085 1518 3153 discat,
1558 3092 1612 3141 ει
1640 3102 1760 3183 qua?
1786 3125 1829 3183 ρ
1866 3108 2109 3162 sobrium
2142 3083 2410 3164 stt-tamen
2438 3116 2493 3164 et
2530 3083 2862 3180 ipse-putet,
2895 3120 2950 3166 et
2973 3111 3082 3167 dici
3137 3127 3167 3165 a
3222 3083 3440 3168 caeteris

186 3175 466 3243 didicerit,
495 3177 718 3233 doceat?
748 3170 791 3209 ³⁸
807 3177 1187 3233 Certissimum
1214 3192 1450 3249 namque
1474 3184 1579 3246 est,
1610 3178 1753 3249 quod

184 3285 363 3340 neque
394 3270 659 3339 amicitia,
698 3286 875 3341 neque
903 3271 1283 3341 propinquitas
1312 3272 1550 3343 generis,
1581 3287 1758 3340 neque

184 3364 335 3434 regni
374 3363 705 3429 sublimitas,
736 3365 945 3419 homini
975 3366 1134 3420 debet
1153 3379 1277 3420 esse
1298 3365 1587 3434 pretiosior
1610 3366 1757 3420 veri-

183 3467 307 3525 tate,
340 3460 476 3528 quia
500 3458 636 3513 nihil
664 3468 748 3515 est
772 3460 1066 3529 pretiosius
1082 3460 1285 3515 anima.
1311 3457 1637 3515 “Dominus
1658 3475 1756 3514 au-

182 3558 284 3603 tem
318 3560 545 3604 creator
568 3552 846 3618 omnium,
894 3564 960 3606 ex
991 3551 1150 3607 initio
1172 3553 1241 3606 ad
1272 3552 1563 3623 imaginem
1599 3568 1755 3609 suam

179 3642 461 3697 hominem
513 3643 663 3709 fecit,
720 3644 879 3714 eique
926 3644 1359 3699 dominationem
1404 3649 1585 3712 terrai,
1634 3662 1753 3700 ma-

178 3737 371 3807 risque
418 3738 477 3790 et
527 3737 671 3793 aeris
729 3738 903 3808 ipsius
965 3735 1153 3805 dedit,
1209 3740 1600 3809 veritatemque
1669 3741 1753 3794 in-

176 3830 403 3898 quirere
453 3829 735 3899 praacepit,
785 3832 930 3886 sicut
978 3837 1033 3886 et
1084 3846 1245 3887 verus
1291 3832 1450 3885 nobis
1488 3833 1753 3903 propheta

176 3921 482 3984 enarravit,
515 3928 570 3976 et
614 3921 729 3991 ipsa
774 3937 956 3977 rerum
994 3922 1134 3977 ratio
1177 3922 1355 3979 docet.
1413 3921 1575 3978 Solus
1607 3925 1750 3979 enim

178 4010 344 4067 homo
380 4012 670 4068 rationalis
702 4022 787 4070 est
811 4057 824 4081 ,
859 4022 912 4069 et
939 4029 1284 4086 consequens
1314 4025 1418 4086 est,
1444 4027 1503 4073 ut
1529 4021 1670 4076 ratio
1696 4023 1751 4077 in

176 4106 544 4161 rationalibus
572 4107 614 4138 "
658 4108 992 4164 dominetur.
1017 4108 1119 4165 Hic
1145 4112 1291 4166 enim
1326 4113 1394 4167 ab
1423 4113 1602 4182 initio,
1627 4132 1749 4171 cum

175 4198 361 4253 adhuc
380 4198 568 4267 justus
594 4209 760 4265 esset,
792 4204 1007 4258 cunctis
1028 4205 1176 4260 vitiis
1198 4214 1253 4260 et
1275 4208 1425 4261 omni
1459 4206 1749 4279 fragilitate

175 4293 430 4362 Superior
486 4301 637 4359 erat;
688 4295 778 4349 ubi
828 4303 1009 4350 autem
1056 4298 1322 4366 peccavit,
1362 4308 1415 4354 et
1444 4299 1621 4356 factus
1666 4311 1749 4357 est

174 4400 373 4441 servus
397 4386 636 4456 peccati,
668 4388 906 4443 simulet
954 4386 1232 4460 fragilitati
1271 4392 1510 4449 efﬁcitur
1534 4396 1748 4453 debitor

1862 3202 2008 3255 velit.
2038 3199 2117 3254 Ita
2151 3210 2280 3257 sunt
2295 3217 2426 3272 ergo
2454 3211 2509 3257 et
2527 3201 2605 3267 hi,
2631 3203 2725 3274 qui
2741 3203 3061 3273 ignorantes
3073 3204 3217 3275 quod
3249 3221 3439 3259 verum

1856 3303 1965 3358 est.
2016 3295 2256 3364 speciem
2306 3304 2489 3350 tamen
2542 3296 2778 3366 alicujus
2838 3296 3082 3352 scientiae
3142 3305 3345 3363 tenent,
3382 3304 3439 3353 et

1859 3389 2001 3442 mala
2041 3387 2199 3458 quasi
2229 3388 2373 3442 bona
2407 3396 2625 3459 gerunt,
2656 3396 2822 3459 atque
2848 3387 2917 3443 ad
2950 3389 3245 3459 perniciem
3277 3392 3436 3461 quasi

1856 3480 1924 3534 ad
1951 3481 2185 3536 salutem
2215 3479 2501 3536 festinant.
2536 3480 2579 3511 ³²
2608 3478 2839 3551 Propter
2890 3480 3037 3551 quod
3098 3488 3224 3535 ante
3251 3482 3436 3537 omnia

1855 3571 2262 3642 properandum
2294 3579 2378 3627 est
2409 3572 2475 3625 ad
2506 3571 2841 3641 agnitionem
2868 3572 3139 3638 veritatis,
3171 3582 3229 3626 ut
3256 3574 3437 3642 possi-

1855 3679 2000 3727 mus,
2036 3664 2193 3735 quasi
2227 3664 2434 3718 lumine
2464 3664 2623 3719 nobis
2654 3663 2783 3718 inde
2813 3677 3049 3718 accenso
3079 3662 3146 3729 ³⁸,
3180 3678 3434 3719 errorum

1854 3756 2109 3813 tenebras
2135 3756 2425 3826 depellere.
2468 3755 2686 3812 Grande
2714 3757 2858 3812 enim
2887 3757 3090 3810 malum
3127 3766 3234 3825 est,
3265 3764 3325 3811 ut
3352 3757 3435 3812 di-

1853 3850 2054 3914 ximus,
2085 3847 2429 3919 ignorantia;
2453 3848 2547 3905 sed
2563 3849 2692 3919 quia
2717 3848 3085 3904 substantiam
3107 3864 3217 3903 non
3248 3849 3431 3914 habet,

1852 3940 2011 3995 facile
2045 3941 2116 3996 ab
2152 3940 2260 4004 bis,
2311 3941 2405 4011 qui
2464 3940 2706 3997 studiosi
2762 3948 2914 4005 sunt,
2960 3940 3256 4013 eﬁugatur.
3314 3940 3433 3995 Non

1850 4033 1999 4088 enim
2030 4033 2178 4088 aliud
2195 4038 2279 4088 est
2307 4034 2639 4105 ignorantia,
2666 4033 2773 4089 nisi
2802 4049 2913 4089 non
2937 4034 3261 4106 cognovisse
3287 4036 3433 4104 quod

1849 4126 2087 4198 expedit.
2140 4126 2242 4182 Ubi
2300 4136 2477 4182 autem
2505 4127 3029 4198 cognoveris,perit
3077 4127 3422 4197 ignorantia.

1848 4220 2028 4287 Quaeri
2058 4236 2189 4291 ergo
2209 4236 2537 4292 magnopere
2555 4221 2714 4276 debet
2733 4222 2982 4277 veritatis
3009 4221 3236 4290 agnitio,
3270 4236 3430 4291 quam

1848 4329 2010 4369 nemo
2037 4314 2180 4370 alius
2212 4316 2495 4385 assignare
2528 4323 2729 4384 potest,
2764 4314 2871 4369 nisi
2924 4329 3085 4368 verus
3144 4314 3409 4383 propheta

1857 4406 1981 4461 llaec
2008 4407 2154 4462 enim
2182 4406 2227 4438 “
2253 4406 2341 4460 via
2372 4406 2416 4437 ³⁵
2449 4416 2564 4471 est,
2604 4408 2771 4461 vitam
2823 4406 3134 4463 volentibus
3193 4408 3407 4476 ingredi

170 4488 227 4571 et
255 4478 555 4535 obnoxius.
603 4479 757 4546 Quod
789 4481 995 4536 idcirco
1025 4484 1287 4555 scriptum
1317 4494 1424 4551 est,
1474 4496 1533 4542 ut
1572 4489 1751 4545 sciant
1783 4470 1825 4523 D
1852 4506 1907 4553 et
1936 4513 2211 4553 summum
2239 4497 2283 4529 ³⁵
2311 4498 2414 4553 iter
2443 4499 2711 4553 bonorum
2736 4513 2960 4570 operum
2985 4470 3338 4571 pergentibus
3364 4503 3431 4556 ad

174 4570 465 4637 homines,
512 4573 642 4642 quia
680 4573 823 4628 sicut
864 4589 931 4628 ex
968 4574 1245 4645 impietate
1288 4579 1579 4647 passibiles
1621 4582 1749 4637 facti

175 4674 327 4733 sunt;
370 4666 446 4720 ita
474 4682 573 4736 per
594 4666 850 4737 pietatem
875 4676 1104 4737 possunt
1123 4684 1246 4725 esse
1272 4671 1641 4741 impassibiles
1659 4676 1705 4707 ³⁸
1731 4695 1745 4731 :

173 4766 228 4813 et
254 4774 371 4813 non
395 4759 573 4815 solum
598 4759 984 4829 impassibiles,
1010 4777 1194 4816 verum
1218 4772 1270 4817 et
1300 4778 1465 4832 parva
1494 4767 1548 4820 in
1578 4766 1748 4823 Deum

172 4850 276 4907 ﬁde
297 4852 535 4906 aliorum
560 4852 844 4922 passiones
865 4863 1143 4911 curantes.
1179 4853 1255 4910 Ita
1275 4857 1419 4911 enim
1450 4874 1615 4915 verus
1636 4862 1750 4930 ipse

172 4946 439 5015 prepheta
469 4946 740 5017 promisit,
772 4947 962 5003 dicens
989 4969 1001 5003 :
1036 4949 1200 5005 Amen
1230 4950 1346 5005 dico
1375 4951 1540 5017 vobis,
1579 4956 1625 5008 si
1651 4955 1748 5008 [ια-ι

173 5037 397 5093 Meritis
434 5039 593 5108 ﬁdem
635 5042 770 5094 sicut
811 5051 1034 5112 granum
1080 5044 1322 5114 sinapis,
1352 5046 1536 5100 dicetis
1581 5052 1748 5103 monti

171 5130 293 5185 huic
320 5148 340 5185 :
375 5132 569 5187 Transi
604 5133 745 5199 hinc,
767 5144 817 5190 et
847 5137 1093 5191 transibit
1111 5139 1174 5193 ".
1204 5137 1380 5208 Hujus
1404 5140 1553 5195 vocis
1580 5142 1744 5197 etiam

172 5240 271 5280 vos
299 5225 403 5294 ipsi
440 5226 770 5282 documenta
812 5229 1054 5299 cepistis,
1094 5239 1148 5286 et
1177 5232 1290 5301 jam
1322 5231 1464 5288 facta
1497 5234 1744 5303 quaedam

172 5332 269 5387 per
317 5320 611 5388 magistros
646 5328 886 5388 nostros,
929 5322 1078 5392 ipsos
1125 5325 1380 5382 videlicet
1428 5329 1738 5399 apostolos,

173 5422 287 5463 non
311 5406 612 5481 ignoratis;
647 5413 797 5483 quia,
823 5416 1131 5475 astantibus
1157 5420 1337 5488 nobis,
1366 5434 1555 5478 eorum
1587 5426 1747 5480 mere

222 5553 268 5627 ’ξ
302 5551 572 5627 Recognit.
603 5569 700 5627 Διν,
744 5556 893 5627 c._5.
952 5555 1350 5627 77"Recognit.
1399 5572 1486 5621 tu,
1530 5573 1581 5613 ει
1636 5558 1723 5613 67;

154 5623 197 5652 ’⁸
229 5625 362 5677 Ans.
417 5624 553 5680 Luc.
602 5624 693 5679 lib.
738 5641 755 5680 ι
802 5623 868 5679 In
922 5623 1236 5685 Wibertum;

228 5695 414 5770 simul.
448 5711 583 5770 Evn,
614 5696 699 5770 i9.
806 5694 851 5728 ’°
881 5697 1150 5770 Recogitit.
1192 5711 1244 5763 v,
1280 5714 1331 5755 ει
1357 5700 1411 5756 ’5.

1350 5628 1395 5659 ’⁸
1437 5627 1705 5699 Recognit.
1751 5646 1812 5695 v,
1860 5633 1993 5691 c.2.

1524 5698 1869 5771 “Recognit.
1910 5719 1962 5770 v,
1992 5719 2042 5758 c.
2088 5703 2142 5760 4.

1853 4590 2130 4645 civitatem
2160 4589 2374 4645 salutis.
2396 4590 2437 4621 ³⁷
2472 4588 2529 4644 Si
2557 4591 2681 4661 quis
2710 4606 2842 4646 sane
2873 4592 3103 4647 audiens
3121 4609 3428 4649 sermonem

1857 4684 1970 4740 veri
2018 4684 2297 4754 prophetas
2338 4683 2469 4739 velit
2494 4690 2589 4737 aut
2619 4683 2757 4737 nolit
2790 4684 3033 4753 recipere
3064 4691 3118 4738 et
3174 4684 3429 4756 amplecti

1855 4793 1996 4834 onus
2025 4777 2168 4846 ejus,
2202 4776 2255 4831 id
2284 4783 2371 4832 est
2397 4774 2653 4831 mandata
2683 4776 2828 4840 vitae,
2866 4777 3029 4832 habet
3052 4794 3106 4831 tn
3134 4793 3234 4833 sua
3274 4785 3429 4848 pote-

1856 4878 2025 4938 state;
2068 4870 2228 4926 liberi
2257 4870 2402 4925 enim
2422 4885 2614 4925 sumus
2632 4869 2868 4925 arbitrii.
2892 4868 3027 4924 Nam
3053 4870 3098 4925 si
3130 4871 3233 4926 hoc
3256 4877 3425 4935 esset,

1852 4971 1909 5016 ut
1939 4962 2186 5018 videntes
2211 4977 2298 5023 ea,
2326 4961 2440 5032 jam
2466 4978 2575 5016 non
2604 4962 2870 5017 haberent
2896 4962 2951 5016 in
2978 4969 3250 5033 potestate
3275 4963 3425 5018 aliud

1848 5055 2046 5119 facere,
2080 5071 2245 5127 quam
2275 5056 2564 5110 audierant
2589 5073 2604 5121 ;
2632 5055 2717 5110 vis
2745 5063 2864 5109 erat
2892 5056 3141 5139 quaedam
3189 5064 3421 5122 naturae,

1846 5163 1944 5217 per
1977 5163 2141 5219 quam
2172 5147 2403 5202 liberum
2425 5163 2533 5201 non
2559 5157 2705 5204 esset
2732 5147 2801 5201 ad
2835 5148 2999 5203 aliam
3028 5149 3267 5219 migrare
3296 5165 3421 5204 sen-

1846 5241 2095 5297 tentiam.
2126 5240 2234 5295 Aut
2264 5240 2312 5296 si
2340 5251 2535 5295 rursus
2574 5257 2641 5295 ex
2685 5240 3040 5296 audientibus
3080 5243 3265 5298 nullus
3305 5258 3416 5297 om-

1848 5334 1979 5389 nino
2008 5334 2295 5404 reciperet,
2331 5344 2385 5390 et
2429 5334 2533 5388 hoc
2566 5341 2775 5388 naturae
2803 5334 2887 5389 vis
2916 5342 3056 5399 erat,
3092 5351 3214 5405 qua:
3251 5352 3417 5390 unum

1850 5426 2057 5499 aliquid
2085 5426 2199 5485 fleri
2226 5434 2467 5499 cogeret,
2485 5435 2538 5482 et
2556 5426 2715 5482 alteri
2734 5427 2879 5498 parti
2896 5438 3007 5483 nan
3031 5428 3185 5483 daret
3216 5428 3415 5483 locum.

1839 5559 1886 5592 "
1916 5560 2053 5637 Dist.
2086 5561 2177 5637 3§,
2209 5560 2735 5637 Nullusepiscopus.
2768 5586 2840 5605 ει-
2869 5564 3139 5637 Recogm‘t.
3172 5584 3209 5635 ι,
3244 5585 3293 5626 c.
3322 5572 3421 5626 67.

2105 5633 2149 5665 ³⁷
2182 5634 2463 5688 rationalis
2498 5636 2977 5691 irrationabilibus.
3009 5633 3025 5637 ’
3088 5641 3134 5671 ’⁵
3171 5633 3422 5706 ἀπαθεῖς.

2105 5703 2190 5776 l.__
2256 5704 2300 5735 ³⁸
2330 5704 2602 5776 Recognit.
2646 5706 2803 5771 ibid.,
2828 5723 2877 5762 c.
2913 5708 2963 5763 5.
3077 5708 3124 5741 ³⁸
3156 5728 3422 5771 succenso.

159 5764 200 5852 '4‘
234 5764 335 5852 bis.
359 5776 411 5820 et
436 5764 733 5852 .Recognit.
778 5779 932 5838 porta
980 5764 1056 5826 erit
1102 5770 1245 5837 vim,
1291 5769 1583 5828 volentibus
1624 5764 1850 5843 ἰριονέαή
1891 5764 1959 5828 αι’
1985 5777 2103 5830 iter.
2148 5764 2493 5835 liannmtms:
2561 5777 2607 5809 ”
2645 5764 2820 5846 ρυνιιὶ.
2897 5780 2943 5811 ³⁵
2972 5781 3179 5837 semita.
3256 5782 3298 5814 ’ν
3322 5764 3424 5840 nil

160 5837 374 5905 cognit.,
404 5853 453 5904 v,
484 5853 535 5894 c.
569 5837 621 5891 6ο
