3900 6334
536 309 642 365 693

1421 305 1480 361 S.
1516 304 1913 361 CLEMENTIS
1947 307 1964 360 l
2001 305 2165 362 ROM.
2202 300 2402 362 PONT.
2439 300 2663 362 OPERA
2699 304 2924 364 DUBIA.
3606 321 3683 379 ωδ

536 426 691 483 Nunc
718 435 919 491 autem,
953 426 1081 498 quia
1106 425 1336 480 liberum
1365 431 1450 479 est
1467 424 1674 487 animo,
1705 424 1946 495 inquam
1973 425 2103 480 velit
2132 433 2177 488 Α
2208 441 2558 482 concurrere.
2586 426 2817 498 Propter
2847 428 2952 481 hoc
2997 424 3227 495 denique
3273 440 3422 481 verus
3454 431 3685 503 propheta,

536 529 743 590 partem
774 519 1051 573 declinare
1093 516 1365 586 judicium
1401 532 1585 580 suum,
1616 525 1670 571 et
1699 533 1864 588 quam
1909 518 2107 588 proba-

535 613 689 675 verit,
723 611 923 680 eligere
956 610 1131 676 viam;
1159 615 1375 663 constat
1393 608 1694 674 evidenter,
1716 611 1899 665 inesse
1933 610 2107 665 homi-

534 704 697 757 nibus
742 701 953 756 arbitrii
992 701 1319 755 libertatem.
1354 699 1399 731 ³⁸
1427 699 1595 771 Igitur
1649 701 1971 771 priusquam
2003 716 2103 754 au-

530 795 644 849 diat
669 795 813 865 quis,
846 793 989 865 quod
1019 793 1066 848 ei
1095 793 1332 863 expedit,
1367 801 1575 847 certum
1592 801 1675 849 est
1701 794 1830 863 quia
1861 794 2097 864 ignoret:

530 896 581 942 et
614 887 869 957 ignorans
896 886 1013 939 vult
1055 892 1108 940 et
1160 883 1462 948 desiderat,
1519 883 1665 954 quod
1719 898 1828 938 non
1882 883 2103 955 expedit

531 994 709 1049 agere,
741 984 967 1048 propter
1021 974 1167 1045 quod
1212 990 1311 1044 pro
1339 976 1441 1029 hoc
1471 990 1578 1029 non
1609 975 1910 1044 judicatur.
1961 976 2101 1031 Cum

528 1086 657 1125 vero
684 1071 917 1126 audierit
947 1084 1144 1123 causas
1180 1067 1383 1122 erroris
1413 1068 1531 1131 sui,
1561 1076 1615 1123 et
1656 1067 1929 1123 rationem
1960 1069 2102 1123 veri-

527 1162 654 1219 tatis
696 1162 989 1231 acceperit,
1047 1169 1177 1214 tunc
1208 1161 1254 1213 si
1308 1162 1670 1231 permanserit
1701 1162 1755 1215 in
1785 1162 1869 1217 his
1900 1162 2101 1216 errori-

524 1256 667 1320 bus,
718 1256 920 1326 quibus
951 1254 1153 1307 dudum
1184 1252 1360 1307 fuerat
1394 1262 1720 1323 przeventus,
1785 1261 1934 1309 recte
1985 1255 2096 1323 jam

524 1347 808 1402 vocabitur
858 1345 924 1399 ad
951 1345 1240 1415 judicium,
1272 1345 1501 1401 daturus
1531 1361 1721 1416 ptenas
1743 1386 1757 1409 ,
1808 1346 1934 1416 quia
1972 1345 2098 1401 vitm

525 1438 691 1508 hujus
721 1437 982 1507 spatium,
1012 1436 1155 1507 quod
1189 1437 1255 1490 ad
1277 1438 1416 1493 bene
1434 1438 1725 1492 vivendum
1763 1438 2006 1508 accepit,
2039 1439 2096 1492 in

524 1530 779 1585 ludibriis
807 1531 1210 1599 consumpserit
1238 1545 1508 1583 errorum.
1566 1529 1669 1596 Qui
1704 1546 1830 1585 vero
1867 1531 2095 1586 audiens

525 1622 662 1688 hare,
693 1623 923 1677 libenter
965 1622 1185 1692 accipit,
1216 1628 1270 1677 et
1323 1623 1631 1692 gratulatur
1678 1623 1943 1677 bonorum
1988 1622 2093 1678 sibi

523 1716 828 1771 doctrinam
886 1714 1061 1770 fuisse
1117 1715 1379 1782 delatam;
1425 1716 1669 1785 requirat
1723 1715 2008 1779 intentius,
2039 1723 2094 1770 et

2210 533 2336 572 cum
2373 528 2517 575 esset
2547 536 2787 590 praesens
2826 520 3132 583 nobiscum,
3159 525 3209 573 et
3237 521 3474 588 quosdam
3498 538 3555 577 ex
3580 526 3690 583 divi.

2209 611 2359 666 tibus
2389 613 2726 683 negligentes
2748 629 2878 684 erga
2906 612 3003 668 Dei
3032 612 3233 666 cultum
3251 613 3458 679 videret,
3478 615 3617 685 hujus
3632 623 3692 676 rei

2209 699 2283 753 ita
2315 703 2534 770 aperuit
2566 703 2887 759 veritatem:
2924 702 3092 757 Nemo
3124 712 3304 771 potest,
3328 704 3504 775 inquit,
3531 709 3692 768 duobus

2208 791 2437 847 dominis
2467 795 2699 859 servire;
2754 803 2841 850 et:
2876 794 3001 850 Non
3048 796 3257 865 potestis
3304 796 3406 851 Deo
3455 803 3619 854 servire
3658 813 3697 858 et

2204 900 2519 939 mammona:
2540 886 2616 953 “;
2643 903 2975 951 mammona,
3012 888 3185 957 patria
3207 902 3385 943 eorum
3412 906 3547 958 voce,
3588 894 3697 950 divi-

2202 977 2305 1033 tias
2339 993 2562 1034 vocans.
2590 979 2636 1010 “
2655 979 2755 1033 llic
2802 994 2933 1050 ergo
2960 995 3122 1035 verus
3154 979 3423 1049 propheta,
3444 982 3529 1051 qui
3555 983 3600 1037 in
3622 982 3699 1039 Ju-

2202 1068 2316 1123 daa
2344 1064 2503 1125 nobis
2538 1071 2811 1141 apparuit,
2854 1082 2912 1126 ut
2935 1071 3195 1139 audistis;
3219 1074 3329 1143 qui,
3348 1082 3487 1129 stans
3508 1078 3697 1146 publice,

2202 1162 2317 1216 sola
2343 1163 2592 1231 jussione
2620 1162 2858 1217 faciebat
2886 1180 3062 1219 caecos
3092 1166 3296 1229 videre,
3328 1166 3509 1221 surdos
3532 1169 3700 1233 audire,

2201 1251 2421 1323 fugabat
2455 1256 2748 1319 daemones,
2774 1256 2930 1326 aegris
2957 1258 3241 1311 sanitatem
3268 1258 3507 1312 reddebat
3531 1268 3576 1313 et
3596 1277 3704 1314 mor-

2198 1345 2308 1399 tuis
2331 1344 2530 1402 vitam:
2573 1362 2808 1418 cumque
2827 1348 2964 1402 nihil
2985 1358 3131 1404 esset
3147 1349 3195 1403 ei
3215 1350 3552 1419 impossibile,
3577 1353 3705 1406 etiam

2198 1440 2556 1511 cogitationes
2585 1440 2868 1493 hominum
2920 1440 3258 1510 pervidebat,
3304 1441 3441 1510 quod
3488 1444 3603 1496 nulli
3643 1454 3705 1498 est

2197 1532 2485 1602 possibile,
2516 1531 2625 1586 nisi
2656 1531 2761 1587 soli
2793 1530 2924 1587 Deo.
2985 1531 3085 1586 Hic
3132 1533 3487 1587 annuntiabat
3527 1550 3707 1604 regnum

2195 1622 2326 1691 Dei;
2363 1623 2453 1677 cui
2485 1638 2588 1678 nos
2639 1623 2706 1679 de
2733 1625 2992 1681 omnibus
3044 1641 3167 1696 quae
3211 1626 3452 1693 dicebat,
3501 1634 3706 1697 tanquam

2194 1730 2322 1770 vero
2354 1714 2653 1785 prophetae,
2680 1715 2998 1785 credimus;
3047 1716 3359 1773 ﬁrmitatem
3408 1717 3525 1773 ﬁdei
3550 1728 3710 1774 nostrae

522 1809 734 1864 discere
769 1824 879 1862 non
930 1807 1166 1876 desinat,
1211 1822 1498 1877 usquequo
1546 1817 1863 1878 cognoscat,
1913 1807 1960 1863 si
2007 1816 2091 1862 est
2121 1801 2163 1855 Β
2192 1822 2303 1860 non
2333 1807 2511 1861 solum
2534 1821 2601 1861 ex
2631 1807 2817 1863 verbis
2838 1808 2979 1877 ejus,
2999 1810 3091 1864 sed
3110 1813 3166 1865 et
3195 1810 3450 1880 operibus
3478 1824 3710 1865 assumen-

520 1915 645 1955 vere
674 1900 821 1954 aliud
852 1899 1132 1966 saeculum,
1185 1902 1241 1953 in
1270 1914 1379 1969 quo
1406 1898 1567 1955 bonis
1618 1900 1837 1970 praemia
1878 1914 2090 1969 praepa-

521 2001 638 2045 rata
665 1991 791 2047 sint.
822 1991 887 2045 Et
917 2008 1040 2046 cum
1067 1999 1252 2046 certus
1284 1992 1351 2046 de
1380 1992 1486 2046 hoc
1518 1990 1703 2055 fuerit,
1736 1991 1943 2062 gratias
1968 1998 2092 2061 agat

521 2084 655 2149 Deo,
712 2085 858 2155 quod
889 2084 992 2140 sibi
1024 2085 1272 2141 veritatis
1316 2085 1500 2139 lumen
1531 2085 1873 2148 ostenderit,
1913 2098 1977 2138 ac
2026 2082 2093 2139 de

520 2185 722 2231 cmtero
752 2176 951 2248 dirigat
982 2185 1140 2232 actus
1172 2192 1302 2232 suos
1328 2176 1383 2231 in
1415 2177 1674 2232 omnibus
1701 2177 1962 2246 operibus
1994 2177 2092 2232 bo-

518 2269 626 2333 nis,
658 2284 893 2339 quorum
935 2269 1037 2325 sibi
1069 2270 1125 2323 in
1181 2267 1367 2324 futuro
1424 2268 1731 2326 mercedem
1786 2278 2091 2326 certusest

517 2374 899 2432 praeparatam,
932 2361 1210 2417 demirans
1242 2377 1339 2432 per
1372 2362 1559 2418 omnia
1586 2369 1640 2416 et
1667 2370 1895 2433 stupens
1926 2372 2084 2419 caete-

516 2467 703 2507 rorum
727 2454 1010 2508 hominum
1033 2470 1269 2519 errores,
1299 2462 1351 2510 et
1381 2456 1527 2525 quod
1560 2464 1687 2509 ante
1722 2454 1913 2510 oculos
1943 2455 2091 2525 posi-

517 2552 626 2598 tam
647 2545 931 2601 veritatem
970 2562 1129 2601 nemo
1186 2548 1387 2603 videat.
1436 2545 1559 2617 Ipse
1613 2557 1794 2602 tamen
1846 2547 2090 2617 gaudens

518 2653 682 2709 super
702 2637 923 2693 divitias
955 2639 1259 2709 sapientiae,
1287 2655 1425 2709 quas
1444 2640 1671 2704 invenit,
1708 2640 2089 2695 satiabiliter"

516 2728 603 2786 his
638 2729 973 2800 perfruatur,
1004 2741 1056 2787 et
1082 2732 1346 2787 exercitio
1374 2732 1642 2787 bonorum
1675 2748 1900 2803 operum
1944 2732 2084 2787 dele-

517 2830 697 2877 ctetur
719 2863 733 2885 ,
759 2819 1028 2879 festinans
1052 2826 1118 2878 ad
1149 2825 1408 2879 saeculum
1440 2825 1684 2881 futurum
1703 2824 1907 2881 mundo
1927 2825 2091 2880 corde

520 2923 577 2967 et
608 2930 744 2984 pura
807 2915 1147 2971 conscientia
1177 2917 1463 2985 pervenire
1489 2957 1503 2981 ,
1556 2917 1650 2972 ubi
1706 2917 1869 2972 etiam
1906 2916 2091 2972 videre

518 3003 688 3059 Deum
723 3019 904 3075 regem
931 3008 1174 3062 omnium
1208 3009 1403 3077 possit.
1438 3008 1481 3040 ιθ
1506 3008 1602 3064 His
1633 3016 1812 3065 autem
1834 3008 2090 3065 omnibus

518 3114 708 3155 carere
745 3115 845 3155 nos
872 3094 926 3155 et
952 3100 1217 3163 fraudari,
1269 3102 1384 3157 sola
1416 3100 1546 3155 facit
1578 3101 1908 3172 ignorantia.
1950 3100 2085 3154 Dum
2118 3136 2158 3192 Ο

516 3191 659 3247 enim
719 3191 971 3263 ignorant
1033 3192 1324 3256 homines,
1382 3200 1648 3262 quantum
1695 3193 1825 3247 boni
1892 3192 2089 3247 habeat

518 3282 771 3348 scientia,
820 3283 1143 3354 ignorantiae
1193 3285 1395 3337 malum
1432 3284 1501 3339 de
1542 3300 1602 3341 se
1648 3300 1757 3339 non
1812 3284 2091 3354 patiuntur

517 3374 771 3441 excludi;
809 3375 1065 3430 nesciunt
1120 3377 1265 3431 enim
1313 3384 1519 3445 quanta
1550 3378 1621 3432 sit
1647 3377 1702 3432 in
1730 3378 1923 3433 horum
1960 3393 2086 3447 per-

515 3466 817 3520 mutatione
876 3466 1185 3522 diversitas.
1222 3466 1450 3538 Propter
1485 3471 1630 3539 quod
1676 3471 1968 3526 consilium
2020 3472 2090 3526 do

517 3558 815 3628 unicuique
849 3560 1105 3625 discenti,
1142 3561 1374 3616 libenter
1422 3562 1664 3632 praebere
1694 3570 1873 3618 autem
1923 3564 2091 3619 verbo

517 3647 633 3715 Dei,
659 3659 858 3707 etcum
886 3668 1074 3708 amore
1101 3655 1347 3710 veritatis
1370 3656 1562 3710 audire
1591 3672 1711 3725 quae
1738 3656 1996 3720 dicimus,
2030 3666 2089 3711 ut

520 3760 674 3800 mens
720 3746 928 3815 Optimo
973 3746 1183 3802 semine
1238 3757 1517 3818 suscepto,
1576 3764 1675 3819 per
1727 3749 1902 3804 bonos
1933 3758 2088 3805 actus

518 3837 669 3891 laetos
690 3838 879 3893 afferat
903 3838 1133 3895 fructus.
1158 3837 1294 3892 Nam
1328 3839 1396 3903 si,
1425 3854 1510 3894 me
1533 3839 1761 3895 docente
1790 3854 1854 3894 ea
1876 3855 1995 3910 quae
2021 3841 2087 3894 ad

515 3933 748 3988 salutem
774 3932 1073 4002 pertinent,
1099 3932 1342 4001 recipere
1366 3932 1490 4002 quis
1518 3932 1708 3986 abnuit
1733 3972 1748 3997 ,
1796 3942 1850 3988 et
1904 3935 2086 3989 animo

520 4024 705 4092 pravis
735 4023 1087 4093 opinionibus
1112 4031 1379 4093 occupato
1404 4024 1672 4078 obsistere
1700 4023 1930 4092 nititur;
1975 4040 2088 4081 non

517 4131 583 4169 ex
615 4117 794 4179 nobis,
830 4117 924 4172 sed
954 4131 1022 4171 ex
1044 4117 1343 4186 semetipso
1374 4116 1595 4171 habebit
1641 4117 1906 4187 pereundi
1958 4133 2091 4173 cau-

518 4224 655 4265 sam.
706 4209 877 4265 Debet
897 4210 1044 4265 enim
1070 4210 1222 4279 justo
1245 4209 1453 4280 judicio
1475 4211 1789 4266 examinare
1814 4226 1934 4282 quae
1960 4212 2092 4267 dici-

519 4318 662 4368 mus,
693 4311 746 4358 et
784 4303 1112 4374 intelligere,
1152 4303 1282 4373 quia
1314 4303 1481 4358 verba
1512 4303 1788 4374 loquimur
1816 4304 2086 4369 veritatis,

519 4407 578 4449 ut
609 4395 844 4469 cognitis
872 4398 959 4453 his
989 4412 1109 4468 qua:
1130 4405 1278 4461 sunt,
1313 4404 1373 4450 ut
1401 4404 1552 4461 sunt,
1600 4397 1654 4452 in
1680 4397 1841 4453 bonis
1874 4398 2088 4454 actibus

2195 1905 2311 1965 tes;
2347 1900 2474 1968 quia
2510 1899 2654 1954 dicta
2681 1900 2836 1970 legis,
2858 1916 2979 1970 quae
2999 1910 3125 1957 ante
3157 1902 3361 1956 multas
3390 1902 3712 1972 generationes

2192 1992 2260 2047 de
2284 1992 2574 2063 praesentia
2591 1991 2712 2060 ejus
2737 2006 3129 2061 exposuerant,
3170 1994 3224 2047 in
3253 1993 3371 2062 ipso
3388 1992 3709 2062 designantur,

2192 2088 2247 2135 et
2283 2082 2546 2151 imagines
2577 2091 2857 2153 gestorum
2890 2083 3078 2147 Mosis,
3100 2090 3158 2138 et
3188 2094 3313 2139 ante
3341 2086 3511 2154 ipsum
3528 2085 3714 2153 patriar-

2193 2173 2308 2227 cha;
2338 2172 2528 2239 Jacob,
2554 2174 2730 2246 ipsius
2764 2190 2861 2245 per
2889 2178 3071 2230 omnia
3093 2184 3286 2246 typum
3320 2176 3570 2231 ferebant.
3598 2174 3717 2228 Tem-

2192 2280 2298 2335 pus
2336 2282 2555 2337 quoque
2599 2268 2865 2323 adventus
2896 2267 3039 2337 ejus,
3071 2267 3182 2322 hoc
3235 2275 3321 2323 est
3351 2268 3522 2337 ipsum
3548 2267 3595 2320 in
3636 2278 3717 2335 quo

2192 2364 2435 2422 venerat,
2470 2358 2790 2427 praedictum
2817 2359 2990 2413 abhis
3017 2368 3276 2427 constat;
3300 2368 3354 2414 et
3375 2375 3532 2428 super
3555 2358 3715 2420 omnia,

2192 2450 2340 2519 quod
2369 2458 2518 2503 esset
2552 2465 2580 2503 a
2603 2451 2858 2521 gentibus
2888 2451 3324 2520 exspectandus,
3354 2452 3522 2508 sacris
3566 2450 3720 2504 litteris

2191 2540 2644 2609 comprehensum
2668 2552 2771 2605 est,
2799 2558 2918 2613 quae
2948 2546 2999 2597 in
3023 2558 3087 2598 eo
3114 2544 3329 2613 pariter
3352 2544 3589 2597 universa
3606 2556 3723 2594 com-

2191 2632 2333 2701 pleta
2360 2639 2507 2685 sunt.
2527 2631 2573 2663 ⁸⁵
2588 2632 2739 2698 Quod
2754 2643 2931 2689 autem
2943 2633 2972 2688 ,Ι
2979 2636 3261 2689 udmorum
3280 2635 3535 2705 propheta
3560 2632 3600 2663 “
3618 2645 3724 2702 plm-

2191 2723 2475 2779 dixitcum
2507 2741 2537 2779 a
2571 2727 2823 2796 gentibus
2851 2728 3311 2798 exspectandum,
3358 2744 3518 2797 supra
3546 2725 3723 2779 modum

2193 2815 2249 2870 in
2271 2831 2336 2871 eo
2368 2816 2526 2871 ﬁdem
2558 2834 2742 2873 veram
2777 2818 3051 2876 ﬁrmat.Si
3071 2821 3225 2874 enim
3259 2820 3489 2875 dixisset
3509 2833 3536 2871 a
3564 2816 3726 2871 Judaei:

2191 2910 2638 2978 exspectandum,
2669 2927 2779 2966 non
2804 2912 3009 2981 aliquid
3041 2913 3310 2967 eximium
3346 2911 3671 2981 prophetasse
3694 2907 3726 2937 "

2192 3002 2490 3067 videretur,
2537 3003 2684 3073 quod
2727 3019 2757 3057 a
2803 3006 3099 3060 contribuli
3147 3008 3380 3076 populo,
3405 3013 3460 3062 et
3494 3020 3521 3059 a
3551 3002 3729 3074 propria

2192 3103 2352 3163 gente
2401 3104 2717 3164 speraretur
2766 3096 2843 3160 is,
2896 3097 3053 3166 cujus
3081 3098 3365 3154 adventus
3421 3098 3489 3151 ad
3540 3098 3729 3150 salutem

2196 3187 2383 3241 mundi
2415 3187 2592 3242 fuerat
2618 3189 3006 3257 repromissus.
3030 3188 3267 3245 Videtur
3286 3192 3435 3246 enim
3458 3189 3733 3260 magiscou-

2193 3293 2428 3348 sequens
2454 3280 2593 3334 ratio
2617 3296 2759 3345 esse,
2785 3288 2844 3334 ut
2885 3282 2989 3336 hoc
3032 3282 3213 3349 ﬁeret,
3251 3299 3422 3353 quam
3459 3280 3593 3352 quod
3623 3293 3733 3349 prse-

2192 3371 2409 3426 dicebat
2432 3372 2833 3442 magniﬁcentia
2860 3375 3226 3444 pr0phetalis.
3246 3374 3410 3430 Nunc
3441 3382 3611 3429 autem
3637 3385 3735 3425 cum

2193 3464 2470 3530 propheta:
2499 3464 2705 3529 dicant,
2731 3480 2948 3521 omnem
2970 3467 3116 3520 illam
3154 3484 3341 3537 spem,
3366 3483 3489 3538 qua:
3515 3467 3577 3521 de
3598 3464 3737 3518 salute

2193 3554 2378 3608 mundi
2404 3557 2819 3625 repromittitur,
2852 3565 2906 3612 et
2941 3559 3247 3614 novitatem
3288 3560 3484 3631 regni,
3516 3571 3628 3627 qua:
3671 3554 3738 3606 in-

2192 3648 2452 3702 struenda
2486 3665 2584 3718 per
2614 3649 2891 3705 Christum
2925 3660 3027 3719 est,
3053 3662 3223 3722 atque
3255 3654 3447 3709 omnia
3478 3667 3592 3722 qua:
3619 3650 3739 3701 dero

2192 3737 2504 3793 indicantur
2558 3741 2625 3795 ad
2673 3750 2862 3812 gentes
2890 3758 3013 3799 esse
3052 3744 3485 3809 transferenda,
3513 3743 3618 3813 jam
3657 3754 3740 3792 non

2193 3833 2493 3887 secundum
2546 3837 2991 3905 consequentiam
3043 3852 3275 3901 rerum,
3332 3838 3432 3892 sed
3478 3830 3743 3890 incredibili

2190 3925 2427 3994 quodam
2458 3928 2866 3983 vaticinationis
2906 3938 3103 3984 eventu
3127 3970 3142 3995 ,
3198 3928 3613 4001 magniﬁcentia
3646 3938 3747 3996 pro-

2190 4016 2404 4087 phetica
2443 4019 2813 4075 conﬁrmatur.
2845 4019 3018 4075 Judaei
3068 4036 3325 4092 namque
3356 4039 3427 4077 ex
3472 4019 3642 4079 initio,
3670 4013 3746 4067 ad-

2191 4107 2307 4163 fore
2335 4109 2625 4180 aliquando
2652 4112 2799 4167 hunc
2827 4113 3026 4176 virum,
3062 4130 3160 4183 per
3189 4131 3367 4187 quem
3398 4121 3599 4170 cuncta
3618 4123 3751 4180 repa-

2192 4210 2405 4266 rentur,
2437 4206 2723 4259 verissima
2756 4206 3052 4261 traditione
3109 4217 3527 4279 susceperunt;
3565 4214 3617 4261 el
3642 4217 3753 4271 (ῐυο-

2192 4295 2322 4362 tidie
2341 4298 2666 4354 meditantes
2698 4313 2761 4353 ac
2783 4300 3209 4369 prospicientes,
3229 4301 3466 4372 quando
3482 4300 3599 4370 ejus
3631 4296 3754 4350 ﬁeret

2191 4386 2495 4455 adventus;
2529 4391 2621 4445 ubi
2668 4391 2860 4446 adesse
2907 4407 3031 4446 eum
3089 4393 3390 4459 viderunt,
3425 4401 3481 4448 et
3522 4393 3664 4460 signa
3706 4399 3756 4437 ac

518 4484 760 4558 dirigens
783 4489 925 4543 viam
952 4505 1129 4551 suam,
1154 4491 1309 4560 regni
1334 4491 1599 4545 caelorum
1622 4493 1796 4560 possit
1816 4492 2087 4562 particeps
2123 4486 2163 4539 Ι)
2193 4485 2459 4554 prodigia,
2488 4487 2629 4540 sicut
2657 4487 2723 4541 de
2750 4501 2816 4540 eo
2842 4486 3105 4555 scriptum
3132 4486 3353 4553 fuerat,
3375 4486 3755 4555 adimplentem;

519 4578 774 4645 inveniri,
809 4581 1108 4649 subjiciens
1142 4582 1243 4636 sibi
1267 4584 1450 4637 carnis
1479 4582 1770 4648 desideria,
1803 4590 1859 4638 et
1894 4581 2087 4638 'domi-

520 4686 626 4725 nus
656 4686 847 4725 eorum
878 4672 1078 4737 factus,
1138 4682 1197 4728 ut
1249 4674 1323 4729 ita
1369 4673 1586 4729 demum
1619 4674 1785 4730 etiam
1828 4675 1944 4744 ipse
1993 4674 2086 4728 fiat

519 4760 882 4821 dominatoris
906 4766 1150 4819 omnium
1174 4766 1415 4835 jucunda
1438 4767 1737 4837 possessio.
1766 4767 1810 4798 δι
1833 4765 1969 4820 Nam
1993 4768 2087 4836 qui

520 4862 800 4922 permanet
830 4856 886 4909 in
914 4858 1077 4921 malo,
1109 4866 1163 4912 et
1201 4872 1393 4913 servus
1435 4866 1518 4913 est
1550 4858 1703 4921 mali,
1760 4875 1869 4913 non
1907 4866 2087 4928 potest

518 4944 656 5000 elIici
690 4948 868 5017 portio
888 4948 1039 5012 boni,
1065 4950 1237 5004 donec
1263 4957 1544 5018 permanet
1573 4950 1629 5004 in
1648 4949 1829 5017 malo;
1862 4950 1990 5019 quia
2020 4951 2087 5004 ab

520 5039 700 5103 initio,
735 5048 793 5094 ut
820 5049 943 5096 ante
962 5041 1076 5111 jam
1105 5042 1370 5106 diximus,
1390 5042 1498 5097 duo
1525 5058 1691 5110 regna
1712 5043 1905 5096 statuit
1925 5041 2090 5108 Deus;

521 5138 574 5184 et
608 5140 934 5200 potestatem
962 5134 1110 5188 dedit
1154 5134 1446 5203 unicuique
1491 5134 1775 5189 hominum
1798 5174 1814 5197 ,
1850 5142 1909 5188 ut
1945 5135 2091 5190 illius

522 5224 675 5293 regni
700 5224 791 5283 ﬁat
821 5227 1022 5296 portio,
1052 5228 1140 5280 cui
1170 5242 1229 5281 se
1250 5226 1317 5280 ad
1341 5225 1705 5281 obediendutn
1746 5226 1863 5294 ipse
1908 5226 2089 5295 subje-

523 5315 680 5370 cerit.
715 5317 781 5371 Et
808 5320 932 5389 quia
964 5318 1245 5375 deﬁnitum
1266 5330 1348 5375 est
1374 5320 1514 5390 apud
1541 5319 1733 5384 Deum,
1777 5335 1887 5373 non
1930 5332 2091 5387 posse

525 5425 692 5464 unum
737 5412 1013 5467 hominem
1032 5414 1319 5483 utriusque
1335 5413 1486 5482 regni
1512 5428 1633 5467 esse
1656 5427 1911 5477 servum;
1942 5411 2091 5465 omni

524 5504 708 5562 Studio
737 5505 863 5561 date
893 5522 1137 5577 Operam,
1170 5507 1225 5561 in
1258 5507 1385 5561 boni
1407 5506 1552 5577 regis
1580 5505 1761 5559 aulam
1796 5504 1841 5536 “
1872 5519 1936 5558 ac
1963 5504 2088 5574 jura

580 5624 627 5696 ξ’
660 5623 928 5693 Recognit.
991 5641 1041 5679 v.
1110 5642 1160 5681 c.
1213 5628 1264 5696 7,
1309 5630 1530 5685 totidem
1583 5631 1784 5686 verbis.

501 5693 655 5767 ibid.,
682 5712 730 5748 c.
756 5699 807 5749 υ.
910 5698 953 5727 δ’
981 5697 1197 5764 [αἰιωη.
1250 5693 1259 5696 ”
1296 5701 1341 5731 ⁴³
1367 5701 1555 5757 Matth.
1588 5718 1663 5767 vt,
1693 5704 1783 5758 ‘24.

500 5762 546 5795 "’
573 5765 707 5821 Ceu.
750 5781 897 5831 ηυξ,
936 5762 1023 5821 10.
1066 5770 1142 5800 ’⁸⁸
1173 5768 1443 5840 Recognit.
1504 5789 1554 5836 v,
1590 5762 1761 5829 0.12.

1891 5631 1934 5662 ”
1966 5630 2360 5686 insatiabiliter.

1883 5702 1929 5733 “
1961 5702 2229 5771 choguil.
2265 5721 2314 5769 ν,
2341 5720 2391 5759 c.
2427 5704 2514 5759 10.

2193 4576 2396 4630 invidia
2414 4579 2691 4645 excaecati,
2710 4594 3005 4650 agnoscere
3030 4581 3423 4648 nequiverunt
3440 4582 3756 4651 prmsentem.

2191 4670 2247 4724 in
2275 4670 2434 4740 cujus
2464 4686 2560 4740 spe
2587 4672 2912 4727 ltetabantur
2943 4672 3216 4728 absentis.
3240 4673 3638 4728 lntellexerunt
3660 4674 3759 4717 tan-

2190 4773 2306 4816 tum
2338 4764 2515 4818 sancti
2542 4765 2808 4838 apostoli,
2841 4766 2934 4834 qui
2964 4780 2993 4818 a
3020 4765 3129 4820 Deo
3159 4766 3340 4821 electi
3392 4771 3545 4823 sunt,
3578 4769 3630 4815 et
3660 4770 3759 4815 nos,

2193 4861 2284 4930 qui
2317 4867 2440 4930 post
2478 4861 2544 4914 ab
2569 4861 2651 4915 eis
2700 4860 2856 4915 electi
2891 4874 3101 4913 sumus.
3139 4857 3189 4891 ⁸⁸
3214 4858 3342 4913 Hoc
3378 4869 3567 4912 autem
3606 4846 3753 4923 provi-

2191 4954 2376 5008 dentia
2409 4953 2502 5007 Dei
2535 4952 2737 5007 factum
2761 4960 2866 5016 est,
2895 4961 2955 5005 ut
2987 4951 3200 5022 agnitio
3246 4953 3391 5006 boni
3435 4951 3599 5019 hujus
3623 4945 3764 4999 etiam

2191 5047 2444 5116 gentibus
2476 5044 2817 5111 traderetur;
2860 5052 2915 5099 et
2942 5045 2994 5098 hi
3022 5045 3113 5113 qui
3148 5059 3462 5115 nunquam
3495 5043 3563 5097 de
3601 5052 3663 5093 eo
3686 5048 3757 5086 alt-

2191 5138 2424 5196 dierant,
2458 5153 2560 5191 nec
2590 5153 2619 5190 a
2673 5137 2950 5207 prophetis
3004 5135 3376 5199 didicerant,
3432 5132 3765 5203 agnoscerem

2190 5245 2346 5295 cum;
2381 5230 2455 5283 illi
2491 5246 2640 5288 vero.
2676 5232 2768 5299 qui
2792 5230 3126 5300 quotidianis
3156 5226 3636 5283 meditationibus
3659 5231 3763 5274 eva-

2192 5331 2443 5385 nuerant,
2478 5322 2810 5392 ignorarent.
2847 5321 2985 5375 Ecce
3010 5320 3154 5374 enim
3190 5336 3358 5374 nunc
3414 5336 3516 5389 per
3551 5332 3661 5373 vos.
3690 5308 3767 5378 qui

2192 5424 2485 5483 praesentes
2530 5415 2686 5478 estis,
2743 5423 2796 5469 et
2827 5414 3151 5469 desideratis
3214 5414 3427 5468 audire
3482 5407 3770 5465 doctrinam

2191 5505 2311 5561 ﬁdei
2336 5506 2477 5575 ejus,
2506 5514 2561 5561 et
2587 5521 2884 5576 agnoscere
2927 5506 3048 5575 quis
3077 5513 3129 5559 et
3170 5507 3483 5574 quomodo
3511 5513 3565 5559 et
3615 5499 3771 5570 qualis

2472 5633 2518 5664 ’⁵ο
2546 5631 2837 5700 Recognit.,
2906 5630 3059 5694 ibid.,
3124 5642 3177 5682 c.
3233 5629 3272 5685 8

2589 5702 2655 5773 ιδδ
2690 5702 2983 5771 liecognit.,
3018 5701 3173 5764 ibid.,
3214 5716 3273 5757 c.
3308 5703 3404 5758 H.

3409 5633 3469 5664 ἠ
3508 5627 3786 5700 Βεεοῃηὶίη

3507 5705 3556 5735 ⁸⁵
3576 5706 3703 5770 Agg.
3735 5710 3785 5745 Il-
