3900 6334
233 254 329 312 497

1425 243 1781 302 ΕΡΙΞΤΟΗΕ
1816 242 2287 299 DECRETALES.

3366 242 3473 302 498

231 377 300 431 sit
321 372 440 444 ejus
488 370 777 434 adventus,
827 367 1146 439 prephetica
1192 365 1396 422 veritas
1440 364 1788 435 adimpletur.
1822 366 1865 421 A
1897 361 2071 415 luceat
2102 358 2350 414 omnibus
2399 358 2487 429 qui
2518 358 2571 411 in
2602 356 2758 412 domo
2812 365 2935 410 sunt
2966 356 3033 413 “.
3079 354 3135 409 Si
3168 356 3292 426 quis
3343 373 3472 427 ergo

226 468 270 500 δ’
292 465 406 519 Hoc
424 465 570 520 enim
599 462 877 533 prophetae
904 461 951 492 ”
981 460 1366 530 pnedixerant,
1399 458 1526 527 quia
1575 471 1605 509 a
1636 456 1790 510 vobis

224 559 551 633 quaerendus
577 565 742 619 esset,
770 554 863 624 qui
892 554 960 609 de
993 567 1058 608 eo
1093 566 1375 621 nunquam
1403 547 1634 603 audistis
1655 589 1670 602 .
1726 545 1793 601 Et

223 656 345 709 ideo
369 652 614 706 videntes
644 648 701 702 in
730 646 884 702 vobis
925 645 1059 714 ipsis
1104 642 1420 714 prophetica
1466 640 1612 695 dicta
1642 652 1792 693 com-

222 744 385 817 pleri,
416 743 543 796 huic
564 739 660 793 uni
688 744 837 793 recte
865 736 1108 796 creditis.
1139 735 1286 788 hunc
1325 740 1474 788 recte
1507 741 1791 801 exspecta-

220 839 315 901 tis,
351 835 423 890 de
455 836 557 889 hoc
586 840 734 888 recte
764 828 1063 900 inquiritis,
1095 835 1153 881 ut
1176 842 1285 882 non
1309 824 1484 881 solum
1506 830 1792 894 exspecte-

220 931 291 984 tis
322 942 475 992 eum,
510 924 605 981 sed
635 930 689 980 et
725 921 1094 978 haereditatem
1136 918 1293 990 regni
1344 918 1464 989 ejus
1507 916 1791 971 credentes

219 1018 661 1092 consequamini,
725 1014 1025 1073 secundum
1076 1013 1221 1084 quod
1274 1014 1391 1084 ipse
1445 1011 1605 1074 dixit,
1663 1011 1791 1079 quia

218 1112 605 1182 unusquisque
634 1108 782 1163 illius
834 1107 891 1162 ﬁt
919 1122 1132 1171 servus,
1174 1107 1263 1161 cui
1295 1121 1353 1161 se
1393 1104 1509 1175 ipse
1542 1102 1793 1171 subiece-

214 1210 306 1263 rit.
340 1208 390 1240 ³¹
426 1205 721 1275 Propterea
752 1217 881 1273 ergo
910 1200 1152 1271 vigilate,
1180 1207 1235 1253 et
1263 1198 1550 1252 Dominum
1590 1195 1792 1249 Deum-

216 1316 321 1371 que
355 1305 608 1353 nostrum
666 1294 822 1350 vobis
852 1292 1185 1348 conscribito
1226 1290 1536 1353 Dominum.
1591 1290 1684 1359 qui
1739 1295 1795 1343 et

215 1392 346 1447 caeli
384 1408 447 1447 ac
479 1398 638 1445 terra:
672 1386 936 1443 Dominus
966 1393 1071 1441 est.
1102 1384 1167 1439 Et
1195 1384 1261 1439 ad
1294 1384 1466 1455 ipsius
1511 1398 1610 1438 vos
1657 1382 1794 1436 ima-

213 1488 406 1557 ginem
429 1498 495 1538 ac
522 1479 932 1537 similitudinem
963 1478 1274 1543 reformate,
1307 1477 1448 1533 sicut
1496 1476 1613 1546 ipse
1632 1490 1795 1530 verus

215 1577 492 1648 propheta
513 1575 692 1635 docet,
722 1572 941 1627 dicens:
969 1570 1150 1625 Estote
1180 1569 1321 1632 boni,
1352 1577 1402 1623 et
1432 1565 1794 1622 misericordes

218 1671 358 1725 sicut
398 1677 447 1722 et
473 1666 637 1721 Pater
658 1674 823 1719 vester
839 1663 1061 1717 cwlestis
1092 1662 1391 1715 misericors
1420 1669 1519 1724 est,
1552 1660 1640 1729 qui
1666 1660 1797 1713 oriri

219 1762 353 1832 facit
381 1760 545 1815 solem
575 1773 728 1813 suum
762 1772 918 1826 super
950 1754 1109 1809 bonos
1131 1764 1179 1809 et
1204 1754 1393 1813 malos,
1416 1762 1466 1807 et
1488 1752 1621 1821 pluit
1642 1768 1798 1821 super

213 1857 393 1926 justas
424 1863 475 1908 et
507 1852 732 1921 injustos
760 1851 828 1905 “.
862 1849 1017 1904 Hunc
1045 1863 1175 1918 ergo
1204 1847 1488 1901 imitamini
1509 1886 1522 1908 .
1564 1852 1618 1900 et
1655 1846 1799 1900 hunc

223 1952 448 2016 timete;
487 1955 541 2003 et
566 1947 709 2002 sicut
733 1944 1049 1998 mandatum
1096 1941 1258 1996 datur
1311 1938 1646 2001 hominibus,
1688 1934 1797 1990 Do-

223 2044 427 2095 minum
484 2040 644 2093 Deum
677 2048 825 2091 tuum
867 2034 1094 2097 timebis,
1146 2043 1195 2087 et
1238 2031 1320 2086 illi
1352 2031 1453 2086 soli
1508 2031 1696 2084 servies
1727 2030 1794 2084 ³⁸.

225 2134 267 2167 ⁸⁸
301 2132 623 2187 lnﬁdelibus
664 2129 883 2199 quidem
910 2125 1114 2182 dormit
1142 2124 1404 2179 Dominus
1430 2162 1445 2188 ,
1497 2129 1551 2177 et
1599 2122 1797 2176 absens

225 2229 463 2283 habetur
490 2225 578 2279 his
610 2239 639 2277 a
667 2221 867 2292 quibus
897 2234 1019 2274 esse
1049 2232 1158 2272 non
1188 2215 1452 2279 creditur,
1488 2220 1542 2268 et
1571 2213 1797 2267 manda-

229 2320 301 2375 tis
347 2320 467 2388 ejus
496 2331 605 2371 non
648 2313 944 2378 obediunt;
982 2318 1146 2380 atque
1196 2308 1266 2363 ob
1310 2306 1361 2361 id
1418 2306 1528 2361 illis
1582 2303 1798 2359 videtur

230 2412 391 2481 quasi
418 2408 651 2464 dormire
666 2405 953 2468 Dominus,
986 2402 1113 2472 quia
1142 2415 1240 2470 pro
1265 2397 1501 2469 peccatis
1536 2396 1650 2452 suis
1687 2410 1797 2451 non

227 2502 620 2559 exaudiuntur.
675 2499 727 2531 "
753 2498 1098 2568 QuaprOpter
1142 2493 1357 2548 cunctis
1408 2491 1691 2556 ﬁdelibus,
1745 2497 1800 2544 et

227 2610 577 2666 summopere
603 2592 860 2647 omnibus
890 2587 1224 2659 presbyteris
1258 2594 1312 2643 et
1346 2584 1593 2640 diaconis
1633 2590 1687 2638 et
1715 2597 1799 2638 re-

228 2689 395 2759 liquis
447 2686 664 2743 clericis
723 2681 1115 2739 attendendum
1146 2688 1231 2735 est
1294 2686 1355 2732 ut
1404 2677 1540 2731 nihil
1593 2676 1800 2745 absque

225 2781 469 2852 episcopi
500 2779 701 2850 proprii
735 2776 953 2831 licentia
979 2780 1161 2846 agant.
1188 2773 1233 2803 "
1265 2769 1382 2825 Non
1398 2770 1585 2840 utique
1603 2768 1801 2824 missas

227 2878 348 2931 sine
383 2875 505 2945 ejus
552 2873 705 2943 jussu
754 2870 1049 2941 quisquam
1102 2863 1544 2935 presbyterorum
1600 2860 1656 2915 in
1702 2873 1801 2913 sua

225 2967 492 3039 parochia
519 2973 663 3037 agat,
694 2978 805 3017 non
837 2958 1095 3031 baptizet,
1129 2972 1229 3011 nec
1252 2955 1546 3025 quidquam
1596 2950 1803 3020 absque

1892 453 1978 507 his
2008 453 2298 512 obedierit.
2313 451 2445 516 Deo,
2470 458 2531 505 ut
2588 450 2793 505 dictum
2824 460 2925 513 est,
2969 464 3226 519 magnum
3276 464 3475 507 munus

1893 544 2076 601 oﬁ‘ert.
2100 544 2205 611 Qui
2224 552 2407 599 autem
2438 542 2525 598 his
2543 543 2826 607 restiterit,
2853 549 2946 595 aut
2965 541 3285 597 inobediens
3306 546 3477 597 exsti-

1893 639 2045 703 terit,
2080 653 2190 693 non
2214 637 2323 701 his,
2351 635 2447 692 sed
2479 635 2712 690 Domino
2744 633 3012 689 Salvatori
3053 640 3276 697 nostro,
3317 631 3477 701 cujus

1891 732 2166 803 legatione
2204 730 2533 800 funguntur,
2565 727 2795 783 resistit.
2823 728 2867 759 ⁶¹
2893 726 3124 796 Propter
3164 726 3309 796 quod
3365 726 3473 797 pri-

1893 841 2042 881 mum
2067 832 2152 881 est
2183 824 2449 887 omnium,
2500 822 2771 892 justitiam
2811 821 2926 883 Dei,
2970 836 3308 892 regnumque
3353 820 3475 889 ejus

1894 917 2207 988 inquirere,
2241 922 2295 971 et
2334 915 2451 971 suis
2482 913 2829 983 jussionihus
2856 913 3270 982 obtemperare;
3311 912 3477 982 justi-

1893 1009 2026 1063 tiam
2067 1007 2327 1079 quidem,
2356 1014 2419 1062 ut
2467 1013 2617 1061 recte
2664 1018 2823 1076 agere
2867 1004 3198 1071 doceamur;
3244 1016 3473 1075 regnum

1893 1116 2042 1167 vero,
2078 1109 2159 1165 ut,
2185 1114 2307 1170 quas
2329 1098 2625 1153 sitmerces
2655 1096 2834 1167 posita
2860 1094 3065 1150 laboris
3092 1102 3147 1150 et
3175 1095 3493 1165 patientiae,.

1894 1192 2247 1258 noverimus;
2280 1190 2337 1244 in
2378 1204 2488 1261 quo
2527 1196 2611 1244 est
2665 1187 2825 1243 bonis
2868 1186 3088 1257 quidem
3137 1194 3474 1242 aeternorum
3544 1160 3555 1179 ‘

1895 1285 2166 1342 bonorum
2196 1283 2590 1348 remuneratio,
2622 1281 2708 1337 his
2731 1290 2911 1336 autem
2943 1279 3038 1350 qui
3062 1288 3256 1334 contra
3283 1280 3478 1335 volun-

1898 1385 2060 1433 tatem
2091 1377 2212 1447 ejus
2234 1377 2465 1447 egerint,
2495 1390 2595 1445 pro
2624 1373 3061 1443 uniuscujusque
3087 1373 3258 1443 gestis
3281 1388 3442 1443 paena
3465 1401 3478 1410 -

1897 1486 2018 1526 rum
2048 1470 2211 1541 digna
2240 1469 2537 1525 restitutio.
2572 1468 2616 1499 “
2652 1467 2751 1523 llic
2780 1482 2932 1537 ergo,
2972 1466 3076 1521 hoc
3107 1475 3213 1528 est,
3239 1468 3295 1521 in
3340 1481 3477 1537 pra:-

1898 1563 2041 1620 senti
2064 1565 2177 1618 vita
2205 1563 2437 1633 positos,
2458 1568 2674 1631 oportet
2702 1577 2804 1617 nos
2826 1574 3125 1630 agnoscere
3144 1558 3479 1614 voluntatem

1899 1655 2017 1721 Dei,
2047 1656 2140 1710 ubi
2172 1663 2226 1711 et
2245 1654 2459 1725 agendi,
2481 1663 2536 1709 et
2563 1652 2911 1709 sacriﬁcandi
2935 1659 3019 1707 est
3050 1652 3236 1718 locus;
3269 1650 3314 1681 ⁵³
3342 1664 3481 1719 quo-

1899 1751 2047 1803 niam
2088 1748 2143 1802 in
2174 1748 2297 1803 aliis
2333 1748 2468 1803 locis
2494 1746 2808 1803 sacriﬁcare
2841 1755 2896 1801 et
2940 1745 3141 1801 missas
3191 1743 3477 1801 celebrare

1896 1858 2005 1897 non
2032 1842 2183 1908 licet,
2220 1842 2325 1897 nisi
2355 1842 2409 1895 in
2440 1841 2549 1907 his,
2572 1841 2628 1894 in
2658 1840 2858 1911 quibus
2885 1840 3177 1909 episcopus
3224 1839 3480 1909 proprius

1892 1935 2147 2006 jusserit,
2179 1943 2275 1989 aut
2310 1935 2379 1989 ab
2408 1934 2670 2005 episcopo
2696 1933 3021 2004 regulariter
3054 1932 3308 1987 ordinato
3333 1974 3348 1999 ,
3395 1942 3477 1989 te-

1897 2038 2062 2086 nente
2084 2029 2341 2085 videlicet
2371 2028 2669 2094 civitatem,
2700 2034 3060 2082 consecratus
3092 2025 3275 2081 fuerit.
3306 2024 3480 2082 Aliter

1897 2125 2041 2181 enim
2097 2139 2208 2180 non
2265 2132 2391 2179 sunt
2429 2122 2544 2177 haec
2577 2121 2809 2192 agenda,
2858 2136 2959 2176 nec
2990 2120 3093 2174 rite
3129 2119 3477 2185 celebranda,

1897 2217 2127 2273 docente
2195 2232 2297 2272 nos
2357 2213 2508 2271 Novo
2565 2221 2619 2271 et
2674 2214 2855 2269 Veteri
2918 2212 3290 2267 Testamento.
3350 2211 3479 2269 Haec

1897 2311 2129 2381 apostoli
2186 2325 2217 2363 a
2265 2308 2493 2364 Domino
2562 2315 2922 2378 acceperunt,
2978 2314 3030 2360 et
3093 2307 3252 2361 nobis
3303 2306 3478 2359 tradi-

1898 2403 2132 2470 derunt;
2162 2403 2277 2457 haec
2318 2417 2420 2458 nos
2450 2402 2745 2468 fdocemus,
2787 2400 3053 2469 vobisque
3110 2398 3478 2463 et,omnibus,

1899 2498 2103 2567 absque
2146 2492 2600 2566 reprehensione,
2671 2501 2857 2549 tenere
2912 2501 2966 2547 et
3014 2492 3232 2554 docere,
3281 2491 3482 2561 quibus

1900 2588 2172 2657 agendum
2235 2594 2340 2653 est,
2398 2585 2743 2639 mandamus.
2797 2583 2842 2615 “
2867 2582 3217 2653 Unaquaeque
3276 2583 3480 2638 etenim

1902 2695 1990 2734 res
2050 2692 2265 2747 tempus
2317 2694 2475 2733 suum
2538 2676 2701 2730 habet
2758 2683 2815 2729 et
2874 2676 3074 2729 locum.
3107 2673 3343 2745 Operum
3387 2673 3480 2728 hic

1901 2770 2057 2827 locus
2085 2778 2189 2837 est,
2218 2779 2435 2840 tempus
2464 2785 2594 2824 vero
2623 2768 2938 2823 meritorum
2972 2775 3057 2822 est
3101 2767 3357 2823 saeculum
3387 2763 3479 2820 fu-

1904 2871 2111 2918 turum.
2140 2861 2219 2917 Ne
2242 2877 2373 2933 ergo
2404 2862 2766 2931 impediantur
2790 2901 2805 2926 ,
2838 2859 3086 2914 ordmem
3119 2860 3361 2913 locorum
3416 2872 3482 2913 ac

1904 2963 2212 3024 temporum
2239 2960 2633 3023 permutantes,
2665 2953 2862 3021 primo,
2888 2966 3009 3021 qua:
3033 2951 3106 3005 sit
3134 2949 3226 3005 Dei
3245 2949 3480 3019 justitia,

225 3063 347 3133 ejus
375 3060 650 3131 permissu
696 3056 878 3111 faciat.
934 3051 1198 3107 Similiter
1253 3056 1307 3104 et
1342 3046 1538 3117 reliqui
1595 3044 1799 3115 populi,
1830 3052 1871 3110 C
1905 3048 2623 3118 requiramus,ettanquam
2664 3044 2767 3099 iter
2797 3042 2998 3109 acturi,
3026 3040 3327 3095 abundanti
3374 3039 3484 3094 via-

225 3156 474 3225 majores
505 3152 715 3208 scilicet
751 3164 815 3204 ac
838 3147 1078 3202 minores
1105 3143 1175 3209 ⁸⁷,
1200 3157 1296 3213 per
1332 3140 1452 3210 ejus
1501 3137 1797 3203 licentiam,

228 3246 500 3319 quidquid
550 3242 817 3316 agendum
847 3247 954 3305 est,
986 3244 1181 3310 agant:
1233 3249 1335 3290 nec
1363 3235 1482 3290 sine
1512 3233 1631 3302 ejus
1678 3246 1802 3302 per-

228 3342 409 3396 missu
441 3353 473 3392 a
502 3336 758 3409 parochia
785 3332 1101 3394 abscedant,
1139 3331 1223 3385 vel
1259 3328 1315 3385 in
1343 3343 1408 3383 ea
1448 3325 1802 3380 adventantes

225 3432 436 3488 morari
464 3434 814 3500 praesumant.
841 3425 1050 3479 Anima:
1088 3435 1220 3477 vero
1248 3434 1439 3476 eorum
1488 3418 1538 3473 ei
1585 3414 1803 3471 creditae

227 3535 384 3583 sunt.
410 3523 539 3579 Ideo
570 3521 751 3576 omnia
781 3519 900 3590 ejus
929 3517 1161 3573 consilio
1189 3529 1347 3584 agere
1388 3511 1608 3573 debent,
1639 3517 1693 3564 et
1736 3522 1804 3563 eo

228 3617 547 3673 inconsulto
571 3613 725 3668 nihil.
754 3613 798 3644 ⁸⁸
813 3611 1132 3679 Quicunque
1149 3606 1292 3661 enim
1317 3603 1575 3659 obediunt
1590 3601 1804 3672 episco-

227 3711 312 3779 pis
343 3709 484 3771 suis,
516 3706 770 3761 videntur
816 3702 1035 3775 quidem
1086 3698 1288 3769 aliquid
1326 3696 1514 3767 gratiae
1555 3692 1805 3749 conferre

229 3800 370 3855 Deo.
403 3798 508 3865 Qui
538 3806 717 3853 autem
743 3796 824 3851 eis
852 3810 961 3849 non
991 3792 1273 3857 obediunt,
1317 3786 1690 3843 indubitanter
1724 3783 1806 3839 rei

229 3902 283 3949 et
308 3892 534 3962 reprobi
582 3890 844 3945 existunt.
872 3886 1044 3942 Porro
1067 3886 1171 3955 ipsi
1197 3899 1227 3937 a
1251 3883 1359 3938 Deo
1379 3882 1582 3936 donum
1607 3875 1807 3934 summi

231 3987 481 4041 muneris
513 3991 949 4054 consequuntur,
981 3978 1077 4051 qui
1113 3992 1212 4048 per
1247 3974 1473 4046 justitia:
1510 3981 1563 4027 et
1606 3984 1808 4042 praece-

233 4088 457 4149 ptorum
515 4078 633 4147 ejus
688 4075 913 4131 semitas
957 4071 1275 4128 incedentes
1322 4066 1641 4123 doctoribus
1691 4063 1807 4119 suis

234 4172 353 4241 (qui
384 4177 534 4225 recte
564 4168 801 4239 episcopi
835 4163 1237 4236 intelliguntur)
1272 4163 1501 4217 libenter
1522 4158 1803 4214 obediunt.

234 4264 311 4320 De
350 4263 555 4334 quibus
583 4272 635 4316 et
654 4261 845 4316 beatus
861 4259 1078 4321 Petrus,
1108 4257 1410 4311 instructor
1442 4261 1496 4308 et
1525 4252 1809 4307 ordinator

233 4366 451 4419 noster,
483 4362 538 4409 et
566 4353 818 4423 princeps
849 4351 1248 4422 apostolorum,
1277 4345 1565 4402 manifeste
1580 4353 1810 4400 cunctos

1903 3140 2011 3194 tico
2061 3139 2221 3194 bonis
2263 3138 2521 3208 operibus
2563 3137 2876 3206 rcpleamur
2901 3176 2915 3201 ,
2948 3150 3060 3205 quo
3093 3133 3371 3205 possimus
3412 3130 3482 3185 ad

1903 3245 2129 3301 regnum
2170 3229 2287 3297 Dei,
2320 3238 2575 3297 tanquam
2608 3228 2675 3282 ad
2706 3227 2899 3282 urbem
2947 3228 3264 3290 maximam,
3289 3237 3482 3293 perve-

1904 3325 2044 3380 nire.
2095 3323 2235 3379 Deus
2262 3323 2407 3377 enim
2441 3322 2524 3375 his
2577 3321 2671 3389 qui
2728 3327 2875 3374 recte
2931 3318 3178 3373 sentiunt
3215 3330 3313 3386 per
3363 3315 3485 3385 ipsa

1904 3432 2070 3487 opera
2110 3414 2323 3480 mundi,
2364 3428 2486 3483 quae
2532 3410 2682 3474 fecit,
2719 3409 3046 3465 manifestus
3068 3416 3153 3463 est
3176 3407 3262 3474 ‘5;
3309 3406 3484 3475 ipsius

1904 3518 2169 3566 creatum
2191 3523 2304 3564 suae
2334 3514 2496 3562 utens
2526 3504 2870 3560 testimonio:
2902 3510 2956 3557 et
2983 3500 3108 3555 ideo
3137 3514 3261 3555 cum
3285 3500 3351 3553 de
3372 3497 3485 3553 Deo

1906 3602 2172 3657 dubitatio
2211 3615 2332 3656 esse
2356 3614 2465 3653 non
2485 3597 2705 3659 debeat,
2735 3595 2803 3651 de
2826 3596 2940 3651 sola
2976 3608 3123 3647 nunc
3171 3591 3293 3659 ejus
3318 3589 3486 3657 justi.-

1907 3695 1982 3748 tia
2004 3693 2346 3763 requiramus
2366 3697 2420 3745 et
2451 3705 2638 3761 regno.
2658 3688 2870 3743 Idcirco
2893 3683 3203 3756 persuadeo
3220 3682 3481 3752 primum,

1903 3786 2171 3858 justitiam
2202 3785 2321 3854 ejus
2341 3798 2463 3839 esse
2493 3779 2903 3852 requirendam,
2934 3784 2993 3831 ut
3038 3791 3136 3846 per
3182 3774 3323 3828 hanc
3378 3773 3486 3826 iter

1909 3886 2150 3949 agentes,
2182 3884 2236 3931 et
2266 3878 2319 3930 in
2343 3876 2430 3930 via
2458 3874 2701 3930 veritatis
2725 3871 2912 3942 positi,
2936 3883 3125 3926 verum
3156 3866 3486 3936 prophetam

1909 3970 2153 4026 invenire
2183 3967 2479 4039 possimus,
2505 3982 2614 4021 non
2635 3964 2925 4020 velocitate
2947 3961 3169 4032 pedum,
3196 3956 3291 4013 sed
3312 3957 3347 4011 b
3362 3971 3487 4010 mo-

1909 4078 2031 4117 rum
2060 4076 2286 4133 operum
2311 4059 2597 4115 velocitate
2623 4064 2910 4113 currentes
2934 4072 2948 4121 ;
2968 4060 3030 4107 ut
3054 4052 3173 4121 ipso
3204 4049 3345 4104 duce
3376 4044 3481 4109 usi,

1910 4155 2121 4209 nullum
2153 4153 2252 4207 viae
2283 4150 2444 4221 hujus
2466 4150 2737 4221 patiamur
2759 4160 3023 4202 errorem.
3052 4143 3111 4198 Si
3129 4139 3486 4209 enimipsum

1912 4252 2223 4317 sequentes,
2257 4242 2466 4313 ingredi
2522 4240 2888 4296 meruerimus
2942 4239 3116 4301 illam,
3147 4247 3484 4305 quorperve-

1912 4340 2031 4395 nire
2053 4339 2325 4408 cupimus,
2340 4335 2652 4400 civitatem;
2683 4331 2870 4387 omnia
2896 4329 3007 4397 jam
3026 4328 3101 4383 de
3117 4327 3319 4396 quibus
3342 4338 3486 4393 qua:-

233 4453 527 4508 audientes
559 4447 883 4509 instruebat,
916 4444 1138 4499 dicens:
1164 4442 1210 4472 ”
1241 4436 1677 4499 Videnturmihi,
1714 4435 1810 4505 qui
1843 4432 1886 4486 D
1915 4432 2071 4497 ritur,
2105 4430 2280 4484 oculis
2316 4426 2643 4488 videbimus,
2682 4433 2943 4493 tanquam
2971 4420 3213 4477 haeredes
3241 4418 3486 4473 omnium

238 4547 543 4615 loquuntur
565 4541 729 4596 verba
758 4537 1024 4600 veritatis,
1056 4542 1109 4589 et
1139 4533 1231 4603 qui
1263 4532 1575 4586 illuminant
1597 4528 1809 4582 animas

240 4626 790 4700 hominumfsimiles
818 4647 939 4688 esse
970 4630 1141 4684 radiis
1163 4627 1327 4691 solis;
1363 4625 1454 4694 qui
1488 4632 1545 4677 ut
1590 4637 1813 4693 proces-

242 4732 415 4787 serint
436 4737 492 4785 et
518 4727 869 4798 apparuerint
894 4724 1117 4785 mundo,
1149 4722 1317 4776 celari
1348 4720 1489 4773 ultra
1518 4724 1610 4770 aut
1629 4714 1813 4770 occul-

244 4822 348 4876 tari
372 4822 688 4875 nullatenus
720 4822 970 4888 possunt,
1008 4814 1137 4869 dum
1180 4828 1289 4867 non
1322 4819 1429 4864 tam
1454 4808 1709 4862 videntur
1747 4805 1815 4859 ab

246 4914 527 4975 erunibus,
557 4926 717 4981 quam
744 4909 927 4963 videre
962 4905 1218 4961 onmibus
1242 4908 1522 4971 praestant.
1562 4896 1715 4951 Unde
1764 4906 1818 4950 et

248 5006 523 5074 beneipsa
555 5020 648 5072 per
671 5018 728 5057 se
762 5000 975 5056 Veritas
1008 4998 1072 5052 ad
1098 4997 1356 5052 Veritatis
1389 5008 1673 5063 praecones
1705 4992 1815 5046 ait:

260 5094 364 5150 Vos
385 5097 509 5149 estis
537 5097 629 5147 lux
653 5093 831 5146 mundi
855 5107 873 5155 ;
907 5098 993 5146 et:
1024 5088 1144 5142 Non
1159 5095 1325 5155 potest
1356 5087 1541 5139 civitas
1567 5081 1819 5137 abscondi

250 5204 412 5256 supra
444 5196 669 5239 montem
695 5185 887 5253 posita.
920 5198 1079 5252 neque
1132 5176 1420 5232 accendunt
1476 5176 1741 5236 lucernam
1770 5182 1820 5228 et

250 5290 450 5348 ponunt
478 5296 594 5334 eam
626 5277 718 5331 sub
751 5275 945 5338 modio,
1002 5272 1091 5328 sed
1120 5287 1283 5341 supra
1330 5267 1726 5334 candelabrum,
1761 5274 1820 5319 ut

308 5418 353 5448 ⁸⁸
388 5416 480 5471 Est
510 5416 670 5478 quod.
765 5416 941 5468 l"’lsa.
987 5430 1109 5468 va.
1209 5410 1253 5442 “
1300 5409 1591 5478 llecoguit.,

510 5416 670 5487 quod.
765 5416 956 5487 l"’lsa.‘
987 5430 1109 5468 va.

803 5557 847 5588 ⁸³
869 5555 1145 5625 Rerognit.‘
1176 5569 1235 5606 ιι.

470 5626 513 5661 δι’
542 5629 728 5682 Matth.
758 5643 809 5689 v,
836 5626 922 5680 14.

484 5702 527 5735 εδ
561 5699 827 5768 Rccoguit.
860 5715 919 5766 ιι,
948 5706 999 5753 et
1030 5712 1193 5767 supra
1225 5691 1278 5750 in
1310 5695 1469 5762 epist.
1504 5691 1551 5745 1.

240 5576 325 5612 res
368 5576 427 5611 ac
464 5561 727 5628 juniores.

241 5647 296 5684 c.
330 5628 378 5681 4.

242 5716 329 5771 ep.
362 5700 405 5762 1,

1013 5621 1055 5656 δι
1091 5623 1362 5693 Recognit.
1396 5638 1455 5683 ιι,
1487 5636 1536 5693 c.
1570 5621 1660 5693 '20.

1632 5423 1685 5469 ν,
1727 5422 1777 5459 c.
1827 5405 1907 5458 l5.

234 5489 287 5521 ⁵³
318 5477 581 5558 lieeognit.
625 5502 742 5540 vm.
816 5486 862 5517 ⁸⁸
878 5484 962 5558 ,16
983 5525 997 5549 ,
1030 5492 1219 5558 (ιιιιεει.
1265 5477 1581 5558 t,__G_uncti_s
1610 5477 1874 5558 fidelibus.

483 5521 581 5541 η...
631 5521 742 5540 η...
902 5521 962 5538 ,υ
1030 5521 1219 5538 nam...
1265 5521 1280 5535 .
1369 5521 1580 5533 πω..-
1631 5521 1874 5529 .--η-κ--
2269 5521 2278 5523 -
2699 5521 2707 5524 ,

482 5559 727 5614 iuniores.
803 5557 847 5588 ⁸³
869 5521 1145 5614 Rerbqitit.‘
1176 5569 1235 5606 ιι.
1302 5521 1356 5583 ’δθ
1393 5551 1519 5603 Haec
1546 5521 1689 5602 be’ati
1718 5547 1857 5600 Petri
1894 5543 2126 5614 apustoli
2163 5542 2325 5614 verba
2353 5533 2727 5614 _habe_utu't_‘_in
2751 5521 3018 5614 libro'vm
3050 5521 3507 5614 Recqgtgti‘ommi

1652 5598 1795 5739 1:”
1834 5618 1907 5670 De
1930 5598 2204 5677 lt'onsecr”
2240 5608 2459 5666 distinc.
2496 5605 2554 5670 1,
2584 5602 2685 5657 Hic
2719 5617 2860 5673 ergo,
2896 5598 3071 5652 idest.

1756 5703 1865 5739 om.
1906 5702 1941 5739 ι.

1629 5692 1670 5720 ⁸⁵
1706 5692 1865 5744 llum.
1906 5702 1941 5742 ι.

1920 4523 2068 4580 facti.
2100 4522 2386 4591 lntelligite
2407 4521 2589 4588 itaque
2618 4516 2760 4575 viam
2791 4530 2914 4570 esse
2942 4514 3090 4567 hunc
3140 4513 3260 4568 vita:
3289 4521 3489 4569 nostra:

1919 4630 2177 4681 cursum;
2210 4613 2468 4676 viatores,
2500 4625 2595 4664 eos
2622 4607 2716 4677 qui
2747 4621 2847 4660 nos
2884 4605 3183 4667 instruunt,
3232 4603 3316 4658 vel
3344 4602 3488 4657 bona

1918 4722 2085 4779 Opera
2106 4712 2333 4777 gerunt;
2366 4709 2578 4773 portam
2592 4714 2742 4765 vero,
2774 4698 3092 4768 prephetam
3121 4697 3187 4752 de
3209 4711 3317 4765 quo
3345 4692 3486 4748 dici-

1923 4816 2071 4864 mus;
2098 4799 2306 4863 urbem,
2338 4810 2566 4865 regnum
2595 4806 2743 4855 esse,
2771 4791 2826 4843 in
2852 4805 2961 4859 quo
3012 4783 3490 4853 residet.omnipo—

1921 4901 2042 4949 tens
2069 4891 2248 4955 Pater,
2281 4903 2441 4959 quem
2484 4886 2587 4942 soli
2616 4885 2798 4940 videre
2822 4888 3052 4953 possunt
3095 4881 3150 4935 hi
3174 4875 3491 4949 quimundo

1921 4994 2051 5044 sunt
2078 4985 2261 5041 corde.
2305 4982 2423 5038 Non
2455 4994 2585 5049 ergo
2610 4973 3026 5033 nobisdiﬁicilis
3061 4972 3307 5026 videatur
3326 4967 3490 5037 hujus

1921 5078 2135 5135 itineris
2167 5078 2341 5141 labor,
2366 5074 2494 5145 quia
2540 5072 2596 5126 in
2619 5070 2724 5125 ﬁne
2747 5068 2868 5138 ejus
2898 5065 3115 5135 requies
3144 5063 3263 5119 erit.
3284 5058 3419 5113 Nam
3436 5066 3492 5113 et

1922 5173 2042 5244 ipse
2064 5188 2225 5227 verus
2252 5168 2537 5241 propheta,
2558 5164 2625 5218 ab
2648 5163 2805 5217 initio
2854 5158 3041 5214 mundi
3084 5171 3178 5227 per
3227 5152 3488 5209 saeculum

1924 5280 2177 5330 currens,
2211 5262 2435 5318 festinat
2455 5257 2523 5312 ad
2551 5254 2815 5326 requiem.
2845 5249 3172 5307 Adestenim
3190 5245 3349 5301 nobis
3372 5257 3493 5297 om-

3032 5384 3079 5416 ⁸³
3116 5381 3272 5437 Deut.
3302 5396 3376 5445 vI,
3415 5376 3503 5432 15.

2003 5404 2048 5434 ⁸³
2079 5401 2211 5454 Luc.
2263 5414 2315 5451 γι
2339 5437 2352 5459 ,
2387 5395 2491 5455 97;
2535 5392 2720 5444 Matth.
2760 5405 2814 5454 v,
2845 5387 2935 5441 45.
3032 5387 3079 5416 ⁸³
3116 5387 3272 5437 Deut.
3302 5396 3376 5445 vI,
3415 5387 3503 5432 15.

2018 5474 2165 5504 tu...“
2218 5468 2419 5504 ἰ’νίιηηο
2468 5464 2553 5504 πει
2592 5461 2707 5504 Ινη-
2750 5476 2801 5504 ιι-
2848 5474 2920 5504 ιι.
2952 5471 3003 5504 c.
3043 5453 3169 5504 2'25.
3261 5452 3305 5484 ⁸⁷
3335 5449 3508 5504 senio—

1950 5475 1995 5506 ³⁸
2018 5453 2187 5527 Cone.
2218 5453 2439 5523 Tribur.
2468 5453 2556 5518 5‘2.
2592 5461 2711 5524 Ivo,
2750 5476 2802 5528 p.
2848 5474 2920 5519 ιι,
2952 5471 3003 5511 c.
3043 5453 3169 5528 9525.

3146 5588 3207 5667 f5
3236 5592 3385 5649 Felix
3416 5588 3505 5660 ιν,
