3900 6334
506 224 615 282 499

1378 218 1438 278 S.
1473 217 1864 275 CLEMENTIS
1897 217 1915 271 Ι
1949 215 2114 274 ROM.
2154 214 2355 272 ΡΟΝΤ.
2393 213 2619 270 OPERA
2654 212 2881 269 DUBEA.
3577 222 3659 277 500

494 336 657 392 nibus
678 334 894 404 diebus;
926 343 978 392 et
1001 337 1047 391 si
1072 334 1292 407 quando
1324 351 1549 392 necesse
1571 344 1676 400 est.
1726 344 1970 407 apparet,
2012 347 2065 391 et
2093 341 2140 399 Α
2170 350 2294 391 rum
2329 348 2496 388 causa
2538 334 2605 399 ⁷⁸,
2655 332 2786 387 utile
2824 346 2934 385 non
2966 328 3207 386 videtur:
3250 346 3315 386 ne
3356 330 3482 389 forte
3506 338 3655 395 existi-

493 427 718 497 corrigit
741 445 864 496 nos,
887 441 946 482 ut
969 429 1406 498 obtemperantes
1427 431 1555 495 sibi,
1585 431 1652 485 ad
1676 431 1838 485 vitam
1863 430 2064 500 perdu-

490 526 580 573 cat
604 527 881 575 mternam.
917 519 993 576 De
1020 519 1107 576 his
1149 530 1330 576 autem
1362 523 1454 594 qui
1478 522 1757 593 negligunt
1782 522 1925 576 viam
1951 539 2065 583 suae

492 609 707 677 salutis,
746 618 801 666 et
820 612 1001 666 adhuc
1031 612 1077 644 “
1105 629 1216 668 non
1234 614 1374 670 bene
1428 613 1644 678 ﬁdeles.
1676 622 1732 670 et
1779 616 2064 685 praeceptis

490 700 612 771 ejus
626 717 959 775 suorumque
974 706 1293 776 pontiﬁcum
1306 706 1649 779 jussionibus
1668 707 2060 775 inobedientes,

490 795 577 850 vel
626 804 981 853 contumaces
1036 799 1119 855 eis
1158 800 1436 869 existunt,
1485 800 1529 847 “.7
1563 800 1827 856 Dominus
1875 808 2064 856 noster

489 884 651 944 Jesus
677 888 954 951 Christus.
1011 893 1234 949 mittens
1268 893 1569 964 discipulos
1606 911 1758 960 suos,
1808 897 2065 968 praecepit

491 979 672 1046 nobis,
688 981 876 1038 dicens
899 1001 912 1038 :
938 981 1005 1037 Ut
1020 984 1075 1037 in
1096 1001 1455 1056 quamcunque
1468 987 1564 1041 civi
1572 996 1726 1051 tatem
1740 998 1830 1043 aut
1847 987 2061 1043 domum

404 1138 411 1147 ι
485 1072 868 1141 introierintus,
892 1074 1132 1131 dicamus
1165 1091 1184 1130 :
1208 1075 1330 1131 Pax
1359 1078 1479 1132 huic
1506 1078 1712 1141 domui.
1758 1080 1825 1134 Et
1856 1081 1903 1135 si
1944 1082 2063 1152 qui-

483 1169 625 1236 dem,
650 1166 848 1242 inquit,
864 1168 1029 1242 fuerit
1058 1170 1129 1223 ibi
1156 1170 1301 1239 ﬁlius
1325 1173 1505 1239 pacis,
1546 1173 1712 1227 veniet
1760 1190 1916 1243 super
1943 1191 2062 1230 eum

482 1280 590 1339 pax
605 1274 798 1321 vestra.
818 1265 879 1321 Si
903 1282 1020 1327 vero
1034 1279 1142 1323 mm
1156 1263 1339 1332 fuerit,
1358 1280 1465 1334 paa:
1487 1276 1659 1331 vestra
1680 1265 1749 1319 ad
1766 1284 1854 1321 vos
1891 1284 2061 1328 rever-

486 1369 642 1414 tetur.
684 1359 882 1415 Euntes
913 1369 1090 1414 autem
1117 1358 1181 1415 de
1222 1358 1383 1414 deum
1408 1357 1485 1412 vel
1524 1359 1732 1425 civitate
1755 1358 1873 1424 illa,
1899 1361 2059 1415 etiam

483 1452 745 1521 pulverem
767 1453 856 1523 qui
885 1451 1163 1516 adhreserit
1183 1452 1399 1521 pedibus
1423 1451 1637 1518 vestris,
1665 1452 1948 1506 excutiatis
1970 1468 2061 1506 su-

484 1558 575 1614 per
602 1560 710 1599 eos.
760 1542 1114 1615 Tolerabilius
1156 1545 1259 1598 erit
1290 1553 1446 1600 terra:
1475 1543 1832 1600 Sodomorum
1871 1552 1922 1597 et
1953 1541 2060 1602 Go-

483 1634 867 1689 morrhazorum
912 1636 968 1706 in
997 1635 1081 1697 die
1120 1636 1338 1706 judicii,
1387 1653 1544 1708 quam
1594 1637 1677 1692 illi
1721 1636 1929 1692 civitati
1979 1636 2059 1692 vel

482 1726 663 1784 domui
694 1728 757 1782 ⁸⁸.
794 1704 949 1812 Quod
979 1703 1169 1810 utique
1194 1729 1268 1783 ita
1301 1703 1521 1789 demum
1552 1729 1672 1785 ﬁeri
1698 1730 1975 1801 praecepit,
2004 1728 2061 1789 si
2090 1703 2134 1765 Β

480 1820 636 1891 prius
658 1820 716 1880 in
739 1805 959 1890 civitate
988 1822 1071 1876 vel
1091 1805 1097 1810 ’
1116 1822 1278 1893 domo
1312 1821 1559 1879 veritatis
1587 1837 1767 1889 sermo
1787 1823 2055 1894 pradice-

483 1922 605 1980 tur;
653 1929 722 1981 ex
772 1928 884 1995 quo
926 1915 1013 1989 vel
1057 1914 1384 1984 recipientes
1426 1916 1675 1979 veritatis
1723 1916 1907 1981 ﬁdem,
1957 1916 2054 1972 ﬁlii

482 2004 637 2082 pacis
666 2013 721 2061 et
744 2005 840 2059 ﬁlii
878 2006 971 2060 Dei
1003 2006 1135 2077 (iant
1161 2023 1176 2074 ;
1203 2008 1287 2061 vel
1312 2004 1421 2077 non
1458 2008 1787 2078 recipientes
1818 2024 2057 2080 arguant-2

485 2106 599 2163 tur,
654 2099 814 2172 quasi
845 2098 1058 2165 inimici
1097 2099 1249 2168 pacis
1277 2107 1333 2169 et
1380 2098 1497 2165 Dei.
1544 2100 1623 2155 Ita
1652 2116 1781 2172 ergo
1835 2110 1889 2158 et
1928 2118 2052 2167 nos,

480 2190 731 2261 magistri
763 2190 1011 2259 instituta
1042 2198 1338 2257 sectantes,
1365 2192 1542 2262 primo
1577 2208 1766 2262 pacem
1795 2194 2055 2263 proponi-

482 2296 607 2353 mus
671 2282 1057 2357 auditoribus,
1118 2292 1178 2339 ut
1226 2283 1434 2354 absque
1484 2285 1595 2339 ulla
1644 2286 2055 2356 perturbatione

480 2374 659 2444 possit
684 2373 773 2429 via
808 2373 1006 2443 salutis
1033 2375 1277 2445 agnosci.
1302 2374 1459 2447 Quod
1489 2376 1677 2446 siquis
1706 2378 1856 2448 pacis
1888 2378 2052 2432 verba

481 2480 594 2520 non
628 2466 884 2545 suscipit,
918 2482 1100 2537 neque
1123 2452 1425 2538 acquiescit
1450 2470 1687 2537 veritati,
1719 2470 1924 2527 scimus
1963 2470 2054 2529 ads

480 2573 678 2615 versus
716 2575 842 2627 eum
895 2575 1130 2633 pugnam
1173 2562 1326 2618 verbi
1364 2576 1607 2628 movere,
1650 2570 1706 2623 et
1740 2578 1970 2635 arguere
2008 2565 2053 2599 “-

479 2651 689 2720 acrius,
737 2652 1076 2708 confutando
1133 2654 1521 2727 ignorantiam,
1574 2663 1629 2711 et
1673 2654 2053 2727 redarguendo

481 2752 727 2820 peccata.
763 2743 1089 2801 Necessario
1133 2747 1300 2815 igitur
1342 2762 1530 2817 pacem
1564 2750 1945 2818 proponimus,
1993 2756 2053 2805 ut

478 2838 528 2912 si
572 2839 698 2909 quis
747 2845 831 2904 est
861 2838 1009 2897 illius
1050 2840 1227 2910 pacis,
1261 2856 1365 2910 pax
1412 2849 1601 2897 nostra
1652 2841 1834 2899 veniat
1886 2857 2053 2913 super

477 2946 644 3001 cum;
684 2931 755 2987 ab
784 2946 849 2987 eo
889 2917 1073 2988 autem
1106 2934 1202 3005 qui
1244 2948 1304 2991 se
1333 2934 1572 2989 alienum
1615 2934 1741 3004 paci
1786 2933 2049 3003 effecerit,

2169 434 2318 482 ment
2370 443 2471 483 nos
2525 410 2896 496 responsionis
2960 423 3183 504 penuria
3234 424 3484 482 declinare
3518 442 3665 489 certa.

2165 535 2312 585 men,
2342 527 2398 574 et
2441 519 2576 575 ﬁdes
2615 534 2804 574 eorum
2855 520 3105 585 laedatur,
3145 534 3251 574 non
3292 521 3665 594 intelligentia"

2164 611 2428 682 propositi
2458 612 2631 668 nostri
2656 612 2727 679 ’σε
2779 610 3033 684 "Magna
3072 614 3409 680 contumelia,
3450 625 3499 672 et
3536 635 3668 689 grave

2166 705 2328 763 nobis
2377 705 2485 760 erit
2523 714 2831 776 peccatum,
2873 705 2919 761 si
2971 706 3045 760 ita
3098 704 3437 776 desipiamus,
3472 720 3526 765 ut
3567 729 3667 779 cum

2164 797 2448 854 videamus
2474 814 2601 854 eum
2624 799 2720 870 qui
2743 798 2887 853 idola
2919 798 3054 853 colit
3068 814 3189 863 esse
3213 798 3463 867 sobrium,
3491 819 3578 859 nos
3594 810 3670 877 qui

2164 888 2334 949 Deum
2363 892 2620 960 colimus,
2656 890 2829 949 sobrii
2858 907 2982 950 esse
3009 906 3342 950 recusemus.
3369 893 3477 950 Non
3504 898 3593 955 hoc
3614 901 3671 959 sit

2164 983 2307 1040 inter
2332 999 2454 1052 uos,
2487 984 2583 1042 sed
2618 1000 2876 1056 magnum
2906 985 3205 1042 habeamus
3255 987 3502 1055 studium,
3545 1003 3597 1048 ut
3633 996 3672 1052 si

2165 1075 2242 1139 illi
2294 1077 2386 1148 qui
2444 1086 2635 1136 errant
2682 1078 3043 1134 homicidium
3091 1094 3200 1135 non
3254 1079 3465 1147 faciunt.
3496 1100 3583 1141 nos
3619 1103 3672 1143 ne

2164 1167 2471 1225 irascamur
2517 1170 2762 1242 quidem:
2799 1169 2866 1226 Et
2893 1171 2941 1229 si
2973 1171 3051 1227 illi
3082 1172 3405 1229 adulterium
3434 1192 3529 1230 non
3554 1194 3673 1233 coui-

2163 1261 2408 1328 mittunt,
2442 1277 2544 1319 nec
2580 1263 3040 1341 concupiscamus
3071 1265 3287 1335 quidem
3324 1267 3537 1322 alienam
3576 1287 3675 1324 mu-

2162 1351 2372 1409 lierem.
2423 1353 2480 1409 Si
2520 1354 2599 1409 illi
2643 1364 2833 1410 amant
2880 1358 3166 1428 proximos
3217 1374 3368 1427 suos,
3416 1376 3507 1417 nos
3541 1362 3673 1421 etiam

2161 1443 2453 1516 diligamus
2484 1446 2737 1503 inimicos
2777 1456 3020 1505 nostros.
3055 1448 3115 1504 Si
3152 1450 3232 1505 illi
3264 1457 3446 1506 mutuo
3471 1452 3585 1515 dant
3608 1453 3673 1510 bis

2162 1538 2256 1608 qui
2288 1539 2489 1597 habent
2526 1540 2668 1595 unde
2696 1541 2961 1607 reddant,
2994 1557 3097 1596 nos
3139 1542 3300 1605 etiam
3339 1543 3420 1599 his
3439 1543 3624 1611 demus,
3651 1561 3675 1599 a

2161 1631 2363 1703 quibus
2394 1633 2637 1703 recipere
2667 1648 2777 1696 non
2803 1648 3112 1703 speramus.
3150 1633 3217 1687 Et
3254 1650 3349 1705 per
3376 1636 3545 1690 omnia
3579 1652 3672 1702 nos,

2166 1723 2261 1794 qui
2288 1723 2336 1759 ⁷³
2365 1725 2553 1793 ωερνηί
2589 1724 2775 1781 saeculi
2813 1724 3187 1793 haereditatem
3224 1741 3519 1798 speramus,
3549 1728 3677 1786 debe-

2160 1832 2286 1879 mus
2312 1817 2624 1889 przecedere
2655 1817 2701 1850 "
2727 1832 2846 1885 eos,
2895 1819 2989 1890 qui
3034 1834 3279 1890 praesens
3312 1828 3510 1876 tantum
3537 1837 3675 1877 saecu-

2156 1912 2273 1971 lum
2310 1911 2893 1989 noveruntgscientes,
2921 1913 3047 1983 quia
3080 1912 3129 1969 si
3162 1928 3326 1981 opera
3378 1914 3575 1969 illorum
3601 1930 3677 1971 no-

2156 2015 2292 2062 stris
2318 2002 2577 2077 operibus
2628 2004 2846 2069 collata,
2890 2004 2945 2059 in
2988 2004 3077 2059 die
3112 2004 3309 2075 judicii
3355 2006 3539 2073 similia
3566 2006 3679 2063 inve-

2155 2097 2386 2153 niantur
2419 2111 2484 2151 ac
2513 2097 2688 2171 paria,
2718 2097 2972 2154 confusio
2995 2098 3158 2154 nobis
3182 2099 3304 2166 erit,
3328 2099 3466 2170 quod
3489 2100 3681 2170 aequales

2154 2188 2504 2245 inveniamur
2525 2189 2581 2242 in
2606 2189 2887 2258 operibus,
2900 2189 2989 2247 his
3008 2191 3104 2261 qui
3127 2199 3351 2261 propter
3369 2192 3679 2261 ignorantiam

2153 2282 2616 2349 condemnamur,
2668 2292 2723 2337 et
2765 2283 2971 2342 nullam
3003 2300 3159 2355 spem
3202 2284 3373 2340 futuri
3410 2284 3575 2341 szecuh
3606 2284 3680 2339 ha~

2154 2374 2420 2433 buerunt.
2465 2374 2513 2408 '°
2555 2374 2622 2430 Et
2656 2390 2783 2430 vere
2815 2376 2981 2447 digna
3011 2376 3271 2434 confusio
3320 2385 3423 2442 est,
3462 2378 3546 2435 ubi
3576 2377 3679 2432 nihil

2155 2469 2392 2541 amplius
2421 2467 2699 2540 gessimus
2727 2469 2799 2525 ab
2826 2468 2913 2539 bis
2942 2470 3150 2541 quibus
3192 2472 3422 2545 amplius
3458 2469 3681 2527 intellexi-

2156 2574 2299 2617 mus.
2330 2559 2490 2628 Quod
2518 2559 2567 2615 si
2596 2559 2852 2617 confusio
2896 2560 3059 2618 nobis
3089 2563 3220 2629 erit,
3252 2564 3484 2634 aequales
3512 2563 3586 2618 his
3615 2562 3680 2616 in-

2154 2653 2329 2711 veniri
2352 2653 2406 2708 in
2432 2653 2695 2737 operibus
2717 2653 2913 2727 bonis;
2938 2655 3071 2726 quid
3096 2656 3206 2711 erit
3230 2657 3409 2719 nobis.
3440 2655 3483 2711 si
3507 2654 3681 2710 inferio-

2154 2759 2247 2806 res.
2278 2761 2381 2801 nos
2412 2761 2478 2802 ac
2505 2744 2829 2811 deteriores,
2863 2748 3201 2817 examinatio
3247 2748 3427 2816 futura
3458 2746 3683 2818 reperiat!

2152 2837 2350 2895 Audite
2379 2853 2532 2910 ergo,
2573 2839 2848 2910 quomodo
2878 2838 2947 2897 de
2977 2840 3067 2896 his
3118 2856 3225 2898 nos
3262 2842 3377 2912 ipse
3402 2856 3552 2896 verus
3585 2854 3681 2911 pro-

2155 2930 2314 3001 pheta
2348 2930 2618 2989 docuerit.
2645 2930 2728 2987 Ad
2754 2948 2849 2989 eos
2879 2940 3062 2991 autem
3103 2935 3202 3005 qui
3230 2936 3503 3006 negligunt
3531 2932 3682 2987 audire:

482 3026 823 3097 regredietur
868 3026 939 3082 ad
980 3041 1083 3084 nos
1120 3042 1227 3098 pax
1258 3025 1525 3087 nostra."
1576 3027 1645 3083 Et
1676 3028 1724 3085 si
1758 3029 1959 3086 iterum
1991 3030 2047 3085 in
2077 3051 2120 3113 ο
2153 3023 2321 3078 verba
2358 3023 2664 3096 sapientiae.
2718 3026 2794 3079 ita
2842 3026 2959 3082 ait:
2992 3024 3196 3099 Regina
3243 3026 3413 3083 austri
3456 3034 3609 3097 surget
3641 3024 3683 3089 is

481 3117 757 3191 mandatis
790 3117 1075 3191 habemus,
1103 3125 1165 3172 ut
1192 3118 1476 3175 venientes
1524 3118 1591 3173 ad
1637 3118 1936 3190 civitatem,
1966 3121 2053 3177 di—

490 3226 714 3281 scamus
742 3211 896 3283 prius
927 3211 1055 3282 quis
1085 3210 1141 3265 in
1178 3226 1240 3267 ea
1286 3210 1485 3282 dignus
1533 3210 1629 3279 sit,
1653 3218 1712 3267 ut
1736 3211 1881 3283 apud
1926 3228 2053 3269 eum

481 3304 665 3359 cibum
690 3318 977 3360 sumamus
991 3304 1071 3371 ⁷¹;
1105 3310 1311 3375 quanto
1330 3303 1503 3374 magis
1518 3304 1774 3359 convenit
1798 3319 2050 3373 noscere,

481 3396 630 3467 quis,
663 3396 913 3470 qualisve
938 3397 1011 3454 sit
1039 3396 1109 3463 is,
1140 3397 1230 3451 cui
1271 3397 1699 3465 immortalitatis
1730 3397 1895 3477 verba
1939 3415 2057 3459 ore:

481 3488 657 3547 denda
695 3491 865 3546 sunt?
902 3489 1135 3546 Solliciti
1168 3490 1339 3555 enim,
1377 3498 1432 3556 et
1454 3490 1612 3546 valde
1656 3491 1881 3545 solliciti
1929 3507 2053 3549 esse

482 3582 765 3649 debemus,
827 3599 896 3641 ne
946 3584 1272 3655 margaritas
1318 3590 1537 3649 nostras
1588 3585 1870 3644 mittamus
1926 3595 2054 3641 ante

483 3690 680 3757 porcos
708 3677 779 3733 ⁷³.
811 3675 920 3745 Sed
946 3684 1000 3746 et
1036 3662 1175 3732 alias
1198 3675 1269 3731 ob
1295 3692 1518 3741 causas,
1544 3678 1675 3733 utile
1701 3686 1784 3734 est
1823 3679 1929 3737 viri
1958 3680 2055 3745 hue

478 3768 572 3836 jus
592 3770 794 3825 habere
824 3785 911 3826 me
948 3769 1225 3839 notitiam.
1268 3768 1325 3833 Si
1377 3771 1525 3841 enim
1557 3772 1751 3838 sciam,
1807 3774 1938 3843 quia
1995 3773 2053 3830 in

482 3861 597 3936 his,
625 3860 693 3918 de
720 3861 923 3931 quibus
953 3877 1059 3917 non
1091 3869 1271 3931 potest
1299 3862 1541 3927 dubitari
1580 3864 1726 3934 quod
1753 3865 1893 3919 bona
1917 3865 2049 3938 sint,

484 3954 806 4013 emendatus
835 3962 987 4025 estet
1012 3955 1394 4026 inculpabilis;
1421 3955 1526 4011 hoc
1539 3965 1643 4023 est,
1672 3958 1968 4021 sisobrius,
2003 3960 2052 4023 si

482 4048 824 4112 misericors,
855 4049 902 4106 si
920 4047 1127 4117 justus,
1166 4049 1213 4105 si
1242 4048 1395 4121 mitis
1419 4060 1474 4107 et
1496 4049 1770 4109 humanus
1793 4060 1898 4118 est,
1931 4067 2052 4123 qua:

482 4142 673 4213 utique
709 4144 853 4198 bona
883 4156 1005 4209 esse
1035 4142 1220 4206 nullus
1256 4142 1518 4212 ambigit;
1551 4150 1682 4197 tunc
1705 4157 2051 4214 consciiuens

482 4234 774 4303 videbitur,
808 4245 866 4290 ut
891 4235 941 4289 ei
968 4235 1060 4305 qui
1098 4234 1306 4289 obtinet
1353 4235 1495 4289 bona
1539 4236 1824 4300 virtutum,
1860 4236 2047 4302 etiam,

482 4330 625 4399 quod
649 4329 805 4384 deest
836 4328 961 4384 ﬁdei
990 4335 1046 4383 et
1074 4329 1342 4397 scientiae,
1375 4326 1723 4395 conferatur;
1747 4337 1802 4385 et
1833 4329 1887 4382 in
1934 4330 2053 4400 qui-

482 4422 585 4481 bus
608 4421 872 4487 macuqlari
908 4420 1125 4476 videtur
1153 4421 1274 4491 ejus
1301 4422 1433 4486 vita,
1465 4435 1585 4491 quae
1612 4428 1699 4476 est
1728 4421 1781 4474 in
1820 4421 2049 4491 reliquis

480 4513 804 4586 probabilis,
848 4515 1190 4582 emendetur.
1236 4511 1295 4577 Si
1332 4528 1465 4569 vero
1505 4512 1562 4568 in
1594 4512 1681 4577 his
1718 4529 1840 4583 quae
1869 4514 2049 4584 palam

480 4618 611 4669 sunt
641 4608 881 4678 peccatis
908 4608 1190 4675 involutus
1240 4614 1525 4678 permanet
1569 4606 1909 4677 inquinatus.
1941 4623 2051 4662 non

480 4716 568 4756 me
594 4708 811 4771 oportet
833 4699 1038 4771 aliquid
1078 4699 1146 4757 de
1178 4699 1569 4764 secretioribus
1610 4707 1665 4755 et
1690 4699 1919 4755 remotis
1965 4699 2052 4765 di-

478 4792 619 4848 vinae
645 4792 891 4858 scientiae
912 4791 1183 4863 proloqui,
1211 4790 1308 4863 sed
1324 4792 1496 4863 magis
1518 4790 1808 4862 protestari
1840 4799 1896 4847 et
1917 4806 2051 4846 con-

477 4886 668 4947 venire
716 4901 864 4951 eum,
904 4893 965 4941 ut
996 4900 1233 4957 peccare
1270 4884 1505 4951 desinat,
1548 4892 1605 4939 et
1642 4892 1799 4949 actus
1847 4900 1980 4945 suos
2014 4900 2049 4941 a

476 4978 629 5037 vitiis
658 4978 929 5049 emendet.
953 4977 1109 5044 Quod
1136 4978 1183 5033 si
1215 4977 1508 5049 ingesserit
1531 4992 1612 5043 se,
1635 4983 1689 5031 et
1717 4991 2050 5048 provocave—

480 5072 553 5125 rit
586 5085 687 5126 nos
722 5070 926 5137 dicere,
979 5084 1101 5142 quae
1137 5084 1286 5137 eum,
1328 5069 1517 5124 minus
1565 5075 1716 5124 recte
1768 5075 2043 5139 agentem,

478 5179 591 5217 non
642 5169 891 5239 Oporteat
951 5162 1181 5230 audire;
1231 5159 1527 5245 prudenter
1587 5176 1713 5216 eum
1786 5160 2051 5233 debemus

480 5255 699 5331 eludere
714 5252 768 5288 "
800 5274 816 5311 :
843 5271 972 5324 nam
1015 5255 1153 5311 nihil
1181 5253 1409 5331 omnino
1440 5251 1793 5329 respondere,
1829 5252 2049 5329 audito-

536 5472 594 5548 ’ἔῖ
629 5474 695 5548 οδ
730 5473 847 5545 ¹εοει
900 5546 917 5548 ξ
960 5477 1020 5548 ἦ(
1050 5475 1327 5548 Recognit.
1366 5493 1425 5532 ιι.

1540 5476 1586 5509 ⁸⁸
1622 5475 1813 5533 Matth.
1853 5495 1909 5541 ιι,
1946 5476 2043 5540 H;
2082 5473 2214 5541 Luc.
2264 5490 2318 5538 Χ,
2354 5472 2407 5527 8.

2146 3114 2354 3186 judicio
2399 3133 2519 3173 cum
2562 3119 2897 3189 generatione
2939 3120 3061 3185 hac,
3103 3130 3155 3175 et
3199 3119 3549 3187 condemnabit
3572 3133 3679 3181 eam,

2151 3210 2278 3281 quia
2304 3212 2441 3266 venit
2465 3228 2497 3265 a
2520 3210 2715 3282 ﬁnibus
2742 3220 2896 3279 terra:
2923 3213 3111 3268 audire
3136 3215 3448 3284 sapientiam
3481 3212 3682 3270 Sulcato.

2153 3303 2236 3356 nis
2263 3318 2281 3356 :
2304 3312 2353 3358 et
2376 3320 2490 3358 ecce
2510 3305 2792 3374 plusquam
2814 3304 3068 3361 Salomon
3092 3306 3200 3371 hic,
3224 3318 3273 3363 et
3296 3324 3399 3362 non
3420 3306 3679 3361 audiunt”.

2154 3395 2236 3464 Ad
2263 3412 2359 3452 eos
2390 3412 2539 3465 vero,
2572 3397 2667 3467 qui
2699 3398 2767 3453 de
2791 3400 2951 3455 malis
2994 3400 3216 3457 actibus
3241 3416 3430 3472 gerere
3463 3401 3685 3457 detrecta-

2155 3487 2286 3543 bant
2308 3490 2709 3559 paznitentiam,
2738 3491 2812 3543 ita
2843 3492 2920 3545 ait
2944 3511 2956 3547 :
2999 3491 3114 3554 Viri
3143 3492 3196 3545 Ν
3202 3495 3398 3550 inivitoz
3422 3502 3611 3564 surgent
3642 3492 3685 3549 ia

2146 3580 2349 3650 judicio
2376 3598 2494 3637 eum
2514 3582 2848 3652 generatione
2891 3583 3012 3649 hac,
3041 3594 3091 3639 et
3118 3585 3533 3643 condemnabam
3572 3602 3685 3649 eam,

2151 3674 2277 3739 quia
2297 3674 2654 3741 pamitentiam
2692 3685 2907 3745 egerunt
2950 3677 3006 3731 in
3044 3678 3427 3746 prwdicatione
3459 3678 3613 3743 Jonar,
3646 3686 3684 3729 et

2152 3782 2269 3831 ecce
2292 3766 2412 3835 plus
2440 3784 2597 3838 quam
2626 3766 2796 3823 Jonas
2818 3767 2900 3823 hic
2927 3768 2995 3826 “.
3024 3768 3245 3832 Videtis
3270 3754 3430 3843 ergo,
3448 3768 3687 3841 quomodo.

2154 3873 2274 3922 eos.
2307 3859 2401 3930 qui
2441 3859 2838 3919 erudiebantur
2866 3877 2936 3919 ex
2979 3862 3117 3934 lege,
3150 3865 3403 3919 adductis
3436 3863 3498 3918 ad
3536 3877 3686 3917 exem-

2154 3951 2301 4021 plum
2348 3950 2456 4013 illis
2498 3952 2590 4023 qui
2633 3968 2700 4009 ex
2744 3953 2934 4025 gentili
2979 3954 3295 4026 ignorantia
3331 3956 3621 4016 veniebant.
3646 3960 3688 4007 et

2153 4044 2454 4100 ostendens
2483 4060 2581 4102 eos
2604 4061 2707 4111 nec
2735 4047 2972 4117 mquales
3001 4048 3109 4103 illis
3145 4065 3273 4106 esse
3308 4050 3400 4120 qui
3438 4050 3491 4104 in
3532 4061 3686 4104 errore

2153 4136 2315 4207 positi
2362 4136 2710 4205 videbantur,
2749 4155 2815 4202 ex
2871 4140 2990 4211 ipsa
3053 4150 3268 4196 tantum
3319 4141 3686 4213 comparatione

2152 4229 2503 4286 condemnat.
2541 4230 2618 4287 Ex
2647 4233 2848 4303 quibus
2880 4234 3141 4289 omnibus
3167 4250 3375 4301 sermo,
3408 4250 3559 4306 quem
3584 4246 3687 4302 pros

2154 4324 2457 4392 posuimus,
2473 4325 2827 4394 approbatur,
2846 4333 2905 4381 ut
2930 4327 3283 4392 castimonia,
3314 4344 3435 4399 quae
3458 4327 3687 4397 aliquate-

2153 4431 2260 4485 nus
2286 4417 2449 4471 etiam
2477 4417 2547 4486 ab
2576 4417 2665 4477 his
2695 4418 2751 4472 in
2796 4433 2987 4474 errore
3018 4427 3148 4474 sunt
3173 4421 3345 4491 positi
3381 4419 3685 4481 custoditur;

2152 4510 2327 4573 multo
2356 4510 2511 4580 prius
2542 4518 2597 4579 et
2643 4511 2931 4582 attentius,
2959 4520 3014 4568 et
3044 4528 3141 4583 per
3171 4514 3420 4585 singulas
3445 4523 3681 4585 quasque,

2150 4603 2293 4671 sicut
2321 4617 2489 4673 supra
2526 4603 2890 4669 ostendimus,
2941 4607 3151 4674 species
3175 4621 3205 4660 a
3232 4608 3415 4673 nobis,
3456 4609 3543 4679 qui
3570 4602 3685 4660 veri-

2150 4702 2317 4750 tatem
2364 4694 2669 4767 sequimur,
2713 4702 2996 4764 teneatur;
3039 4712 3105 4753 eo
3154 4700 3353 4771 magis,
3393 4700 3532 4771 quod
3567 4695 3685 4767 apud

2151 4803 2253 4843 nos
2277 4788 2640 4851 observantiae
2666 4789 2786 4859 ejus
2819 4791 3037 4860 praemia
3067 4799 3279 4849 aeterna
3332 4803 3462 4849 sunt
3514 4791 3680 4862 posita.

2153 4877 2330 4935 Aliter
2357 4881 2503 4937 enim
2533 4896 2695 4937 nemo
2729 4882 2913 4941 salvus
2944 4897 3069 4938 esse
3100 4885 3326 4954 poterit,
3355 4885 3459 4941 nisi
3491 4884 3570 4940 his
3604 4881 3685 4936 ob-

2154 4975 2560 5039 servationibus
2580 4991 2679 5045 pro
2704 4976 2914 5033 viribus
2935 4992 3154 5047 operam
3183 4977 3418 5035 dederit.
3459 4978 3588 5031 Deus
3605 4990 3683 5028 vos

2156 5067 2213 5121 in
2256 5083 2355 5123 sua
2410 5068 2711 5133 voluntate,
2768 5086 3215 5141 unumquemque
3271 5072 3329 5129 in
3381 5087 3480 5127 suo
3522 5068 3683 5125 ordine

2154 5176 2370 5231 semper
2390 5161 2682 5233 custodiat,
2726 5161 2947 5229 fratres,
2986 5163 3087 5229 sibi
3110 5164 3327 5236 placere
3362 5165 3417 5221 in
3465 5161 3682 5220 omnibus

2153 5253 2437 5311 concedat.
2467 5254 2661 5313 Amen.

2520 5473 2566 5505 ⁶⁹
2617 5487 2823 5544 umeros
2932 5471 2979 5544 ⁷9
3012 5469 3294 5544 Reatini“.
3325 5482 3385 5544 ¹.¹’
3427 5482 3475 5523 θ’
3515 5465 3547 5519 ⁵
3572 5460 3679 5544 σει-θ

548 5527 739 5599 Μθιίιιο
899 5546 945 5579 ⁷³
972 5527 1328 5611 Μεῖίιίίῖίινιῖῗ
1366 5527 2043 5614 ’ἦειίιάὶνξῗΠίῖεᾶιλδλιέ.⁷
2082 5527 2273 5599 isnon
2295 5527 2560 5598 intellecta
2582 5527 2882 5614 diligentia.
2960 5542 3006 5574 ⁷³
3033 5527 3541 5614 ΙιιΙῖιξεοῇιιὶίἊιιριι
3566 5527 3691 5614 intel-

466 5611 740 5761 iigentium
763 5620 1101 5742 propositum
1129 5629 1388 5674 nostrum.
1412 5612 1746 5674 Haribumus.

492 5700 619 5761 ενι,
647 5702 696 5740 e.
728 5686 750 5740 l
798 5726 820 5761 ._
889 5690 931 5721 ⁸⁸
964 5688 1154 5745 Matth.
1186 5706 1283 5751 xu.
1317 5688 1423 5752 42;
1458 5688 1594 5745 Luc.
1625 5689 1744 5754 “,9.

492 5724 507 5737 .
526 5700 614 5747 ‘Vl,
647 5702 696 5740 C.
728 5700 813 5742 14.

1839 5613 1886 5651 ’⁷⁷
1917 5618 2184 5687 Ιιιιεοσηὶι.
2218 5631 2292 5687 \’l_,
2322 5632 2371 5669 c.
2409 5615 2495 5668 15.

889 5690 931 5721 ⁸⁸
964 5688 1154 5745 Matth.
1186 5706 1283 5751 xu.
1317 5688 1423 5752 42;
1458 5688 1594 5745 Luc.
1625 5705 1687 5754 ιι,
1708 5686 1799 5744 24.
1876 5691 1921 5722 δ’
1948 5685 2106 5763 Ibid},
2136 5688 2195 5742 lii
2221 5704 2236 5755 ;
2265 5685 2389 5742 Jou.
2419 5702 2499 5757 ut,
2528 5685 2583 5741 5.

2593 5615 2643 5648 ⁷⁸
2669 5602 2817 5687 quia.
2907 5614 2952 5659 ⁷ς⁹
2977 5602 3296 5681 ριἰιιεειιενᾷ
3386 5609 3431 5641 ⁸⁰
3459 5602 3692 5673 liecogntl-
