  <div class='ocr_page' id='page_1' title='image "/cluster/home/n/w/nwhite01/storage/ocr_20150623/1/hvd.32044073501405/258.png"; bbox 0 0 3900 6334; ppageno 0'>
   <div class='ocr_carea' id='block_1_1' title="bbox 236 220 332 280">
    <p class='ocr_par' dir='ltr' id='par_1_1' title="bbox 236 220 332 280">
     <span class='ocr_line' id='line_1_1' title="bbox 236 220 332 280; baseline 0.021 -2"><span class='ocrx_word' id='word_1_1' title='bbox 236 220 332 280; x_wconf 72' lang='lat'><strong>150!</strong></span> 
     </span>
    </p>
   </div>
   <div class='ocr_carea' id='block_1_2' title="bbox 1389 230 2270 293">
    <p class='ocr_par' dir='ltr' id='par_1_2' title="bbox 1389 230 2270 293">
     <span class='ocr_line' id='line_1_2' title="bbox 1389 230 2270 293; baseline 0.008 -8"><span class='ocrx_word' id='word_1_2' title='bbox 1389 230 1755 287; x_wconf 59' lang='lat' dir='ltr'><strong>EPISTOLJE</strong></span> <span class='ocrx_word' id='word_1_3' title='bbox 1792 232 2270 293; x_wconf 80' lang='lat' dir='ltr'><strong>DECRETALES.</strong></span> 
     </span>
    </p>
   </div>
   <div class='ocr_carea' id='block_1_3' title="bbox 3353 242 3458 300">
    <p class='ocr_par' dir='ltr' id='par_1_3' title="bbox 3353 242 3458 300">
     <span class='ocr_line' id='line_1_3' title="bbox 3353 242 3458 300; baseline 0.038 -4"><span class='ocrx_word' id='word_1_4' title='bbox 3353 242 3458 300; x_wconf 67' lang='lat' dir='ltr'><strong>I02</strong></span> 
     </span>
    </p>
   </div>
   <div class='ocr_carea' id='block_1_4' title="bbox 872 430 2262 605">
    <p class='ocr_par' dir='ltr' id='par_1_4' title="bbox 872 430 2262 605">
     <span class='ocr_line' id='line_1_4' title="bbox 872 430 2262 605; baseline 0.005 -13"><span class='ocrx_word' id='word_1_5' title='bbox 872 430 877 433; x_wconf 8' lang='grc' dir='ltr'>ἴ</span> <span class='ocrx_word' id='word_1_6' title='bbox 1422 502 2016 602; x_wconf 77' lang='lat' dir='ltr'><strong>EPISTOLA</strong></span> <span class='ocrx_word' id='word_1_7' title='bbox 2098 514 2262 605; x_wconf 85' lang='lat' dir='ltr'><strong>IV.</strong></span> 
     </span>
    </p>
   </div>
   <div class='ocr_carea' id='block_1_5' title="bbox 286 688 3397 777">
    <p class='ocr_par' dir='ltr' id='par_1_5' title="bbox 286 688 3397 777">
     <span class='ocr_line' id='line_1_5' title="bbox 286 688 3397 777; baseline 0.008 -34"><span class='ocrx_word' id='word_1_8' title='bbox 286 688 501 760; x_wconf 84' lang='lat' dir='ltr'><strong>Scripta</strong></span> <span class='ocrx_word' id='word_1_9' title='bbox 530 690 801 762; x_wconf 76' lang='lat' dir='ltr'><strong>discipulis</strong></span> <span class='ocrx_word' id='word_1_10' title='bbox 825 695 947 777; x_wconf 41' lang='lat' dir='ltr'><strong>suis.</strong></span> <span class='ocrx_word' id='word_1_11' title='bbox 966 694 1114 749; x_wconf 82' lang='lat' dir='ltr'><strong>Julia</strong></span> <span class='ocrx_word' id='word_1_12' title='bbox 1140 704 1198 777; x_wconf 74' lang='lat' dir='ltr'><strong>et</strong></span> <span class='ocrx_word' id='word_1_13' title='bbox 1216 695 1457 777; x_wconf 80' lang='lat' dir='ltr'><strong>aliane,</strong></span> <span class='ocrx_word' id='word_1_14' title='bbox 1482 701 1570 770; x_wconf 87' lang='lat' dir='ltr'><strong>qui</strong></span> <span class='ocrx_word' id='word_1_15' title='bbox 1594 703 1859 777; x_wconf 61' lang='lat' dir='ltr'><strong>malorum</strong></span> <span class='ocrx_word' id='word_1_16' title='bbox 1894 701 2626 777; x_wconf 72' lang='lat' dir='ltr'><strong>hominum&#39;persuasionibus</strong></span> <span class='ocrx_word' id='word_1_17' title='bbox 2678 707 3009 777; x_wconf 72' lang='lat' dir='ltr'><strong>aliquatenus</strong></span> <span class='ocrx_word' id='word_1_18' title='bbox 3055 728 3087 765; x_wconf 90' lang='lat' dir='ltr'><strong><em>a</em></strong></span> <span class='ocrx_word' id='word_1_19' title='bbox 3136 719 3277 767; x_wconf 82' lang='lat' dir='ltr'><strong>recta</strong></span> <span class='ocrx_word' id='word_1_20' title='bbox 3303 712 3397 770; x_wconf 73' lang='lat' dir='ltr'><strong>via</strong></span> 
     </span>
    </p>
   </div>
   <div class='ocr_carea' id='block_1_6' title="bbox 812 762 2872 843">
    <p class='ocr_par' dir='ltr' id='par_1_6' title="bbox 812 762 2872 843">
     <span class='ocr_line' id='line_1_6' title="bbox 812 762 2872 843; baseline 0.01 -28"><span class='ocrx_word' id='word_1_21' title='bbox 812 762 1219 835; x_wconf 81' lang='lat' dir='ltr'><strong>declinaverunt,</strong></span> <span class='ocrx_word' id='word_1_22' title='bbox 1237 769 1309 842; x_wconf 86' lang='lat' dir='ltr'><strong>[et</strong></span> <span class='ocrx_word' id='word_1_23' title='bbox 1327 768 1412 823; x_wconf 82' lang='lat' dir='ltr'><strong>Itis</strong></span> <span class='ocrx_word' id='word_1_24' title='bbox 1445 762 1625 843; x_wconf 65' lang='lat' dir='ltr'><strong>alque]</strong></span> <span class='ocrx_word' id='word_1_25' title='bbox 1650 772 1910 843; x_wconf 82' lang='lat' dir='ltr'><strong>gentibus,</strong></span> <span class='ocrx_word' id='word_1_26' title='bbox 1941 773 2074 826; x_wconf 87' lang='lat' dir='ltr'><strong>inter</strong></span> <span class='ocrx_word' id='word_1_27' title='bbox 2113 762 2246 843; x_wconf 80' lang='lat' dir='ltr'><strong>quas</strong></span> <span class='ocrx_word' id='word_1_28' title='bbox 2286 774 2619 841; x_wconf 83' lang='lat' dir='ltr'><strong>habitabant,</strong></span> <span class='ocrx_word' id='word_1_29' title='bbox 2649 762 2872 836; x_wconf 68' lang='lat' dir='ltr'><strong>directa.</strong></span> 
     </span>
    </p>
   </div>
   <div class='ocr_carea' id='block_1_7' title="bbox 275 995 3461 1081">
    <p class='ocr_par' dir='ltr' id='par_1_7' title="bbox 275 995 3461 1081">
     <span class='ocr_line' id='line_1_7' title="bbox 275 995 3461 1081; baseline 0.005 -32"><span class='ocrx_word' id='word_1_30' title='bbox 275 995 539 1049; x_wconf 63' lang='lat' dir='ltr'><strong>Caeneus</strong></span> <span class='ocrx_word' id='word_1_31' title='bbox 569 995 827 1052; x_wconf 82' lang='lat' dir='ltr'><strong>Romana</strong></span> <span class='ocrx_word' id='word_1_32' title='bbox 885 996 1037 1053; x_wconf 82' lang='lat' dir='ltr'><strong>urbis</strong></span> <span class='ocrx_word' id='word_1_33' title='bbox 1080 996 1393 1068; x_wconf 88' lang='lat' dir='ltr'><strong>episcopus,</strong></span> <span class='ocrx_word' id='word_1_34' title='bbox 1437 999 1783 1056; x_wconf 87' lang='lat' dir='ltr'><strong>cbarissimis</strong></span> <span class='ocrx_word' id='word_1_35' title='bbox 1812 1007 1859 1064; x_wconf 66' lang='grc' dir='ltr'><strong>Α</strong></span> <span class='ocrx_word' id='word_1_36' title='bbox 1887 997 2236 1063; x_wconf 80' lang='lat' dir='ltr'><strong>abstraxerit,</strong></span> <span class='ocrx_word' id='word_1_37' title='bbox 2270 1004 2324 1053; x_wconf 88' lang='lat' dir='ltr'><strong>et</strong></span> <span class='ocrx_word' id='word_1_38' title='bbox 2354 998 2409 1054; x_wconf 91' lang='lat' dir='ltr'><strong>in</strong></span> <span class='ocrx_word' id='word_1_39' title='bbox 2454 1015 2575 1071; x_wconf 85' lang='lat' dir='ltr'><strong>qua</strong></span> <span class='ocrx_word' id='word_1_40' title='bbox 2613 1003 2965 1073; x_wconf 84' lang='lat' dir='ltr'><strong>pracipitarit</strong></span> <span class='ocrx_word' id='word_1_41' title='bbox 2993 1007 3153 1073; x_wconf 89' lang='lat' dir='ltr'><strong>mala,</strong></span> <span class='ocrx_word' id='word_1_42' title='bbox 3192 1018 3268 1075; x_wconf 84' lang='lat' dir='ltr'><strong>et,</strong></span> <span class='ocrx_word' id='word_1_43' title='bbox 3314 1011 3461 1081; x_wconf 90' lang='lat' dir='ltr'><strong>quod</strong></span> 
     </span>
    </p>
   </div>
   <div class='ocr_carea' id='block_1_8' title="bbox 210 1088 1783 1163">
    <p class='ocr_par' dir='ltr' id='par_1_8' title="bbox 210 1088 1783 1163">
     <span class='ocr_line' id='line_1_8' title="bbox 210 1088 1783 1163; baseline 0.006 -20"><span class='ocrx_word' id='word_1_44' title='bbox 210 1088 479 1145; x_wconf 74' lang='lat' dir='ltr'><strong>fratribus</strong></span> <span class='ocrx_word' id='word_1_45' title='bbox 504 1088 663 1144; x_wconf 80' lang='lat' dir='ltr'><strong>Juuo</strong></span> <span class='ocrx_word' id='word_1_46' title='bbox 692 1099 744 1145; x_wconf 90' lang='lat' dir='ltr'><strong>et</strong></span> <span class='ocrx_word' id='word_1_47' title='bbox 772 1088 1020 1157; x_wconf 72' lang='lat' dir='ltr'><strong>Juutuo,</strong></span> <span class='ocrx_word' id='word_1_48' title='bbox 1051 1105 1115 1146; x_wconf 89' lang='lat' dir='ltr'><strong>ac</strong></span> <span class='ocrx_word' id='word_1_49' title='bbox 1138 1092 1365 1163; x_wconf 83' lang='lat' dir='ltr'><strong>reliquis</strong></span> <span class='ocrx_word' id='word_1_50' title='bbox 1396 1094 1783 1153; x_wconf 87' lang='lat' dir='ltr'><strong>consodalibus</strong></span> 
     </span>
    </p>
   </div>
   <div class='ocr_carea' id='block_1_9' title="bbox 208 1185 1477 1256">
    <p class='ocr_par' dir='ltr' id='par_1_9' title="bbox 208 1185 1477 1256">
     <span class='ocr_line' id='line_1_9' title="bbox 208 1185 1477 1256; baseline 0.004 -18"><span class='ocrx_word' id='word_1_51' title='bbox 208 1185 445 1251; x_wconf 83' lang='lat' dir='ltr'><strong>nostris,</strong></span> <span class='ocrx_word' id='word_1_52' title='bbox 481 1185 846 1255; x_wconf 79' lang='lat' dir='ltr'><strong>gentibusque</strong></span> <span class='ocrx_word' id='word_1_53' title='bbox 876 1200 997 1256; x_wconf 85' lang='lat' dir='ltr'><strong>qua</strong></span> <span class='ocrx_word' id='word_1_54' title='bbox 1024 1185 1171 1239; x_wconf 89' lang='lat' dir='ltr'><strong>circa</strong></span> <span class='ocrx_word' id='word_1_55' title='bbox 1205 1202 1300 1241; x_wconf 83' lang='lat' dir='ltr'><strong>vos</strong></span> <span class='ocrx_word' id='word_1_56' title='bbox 1328 1194 1477 1243; x_wconf 89' lang='lat' dir='ltr'><strong>sunt.</strong></span> 
     </span>
    </p>
   </div>
   <div class='ocr_carea' id='block_1_10' title="bbox 270 1275 1783 1350">
    <p class='ocr_par' dir='ltr' id='par_1_10' title="bbox 270 1275 1783 1350">
     <span class='ocr_line' id='line_1_10' title="bbox 270 1275 1783 1350; baseline 0.004 -19"><span class='ocrx_word' id='word_1_57' title='bbox 270 1276 512 1346; x_wconf 88' lang='lat' dir='ltr'><strong>Oportet</strong></span> <span class='ocrx_word' id='word_1_58' title='bbox 539 1275 761 1343; x_wconf 88' lang='lat' dir='ltr'><strong>fratres,</strong></span> <span class='ocrx_word' id='word_1_59' title='bbox 795 1291 986 1333; x_wconf 89' lang='lat' dir='ltr'><strong>omnes</strong></span> <span class='ocrx_word' id='word_1_60' title='bbox 1009 1277 1286 1343; x_wconf 88' lang='lat' dir='ltr'><strong>doctores,</strong></span> <span class='ocrx_word' id='word_1_61' title='bbox 1312 1280 1402 1350; x_wconf 90' lang='lat' dir='ltr'><strong>qui</strong></span> <span class='ocrx_word' id='word_1_62' title='bbox 1435 1279 1503 1335; x_wconf 89' lang='lat' dir='ltr'><strong>ad</strong></span> <span class='ocrx_word' id='word_1_63' title='bbox 1546 1281 1783 1337; x_wconf 78' lang='lat' dir='ltr'><strong>salutem</strong></span> 
     </span>
    </p>
   </div>
   <div class='ocr_carea' id='block_1_11' title="bbox 208 1369 1781 1437">
    <p class='ocr_par' dir='ltr' id='par_1_11' title="bbox 208 1369 1781 1437">
     <span class='ocr_line' id='line_1_11' title="bbox 208 1369 1781 1437; baseline 0.006 -14"><span class='ocrx_word' id='word_1_64' title='bbox 208 1371 524 1424; x_wconf 85' lang='lat' dir='ltr'><strong>animarum</strong></span> <span class='ocrx_word' id='word_1_65' title='bbox 553 1369 789 1424; x_wconf 75' lang='lat' dir='ltr'><strong>instituti</strong></span> <span class='ocrx_word' id='word_1_66' title='bbox 833 1378 984 1437; x_wconf 91' lang='lat' dir='ltr'><strong>sunt,</strong></span> <span class='ocrx_word' id='word_1_67' title='bbox 1028 1379 1083 1426; x_wconf 91' lang='lat' dir='ltr'><strong>et</strong></span> <span class='ocrx_word' id='word_1_68' title='bbox 1132 1371 1198 1427; x_wconf 86' lang='lat' dir='ltr'><strong>ad</strong></span> <span class='ocrx_word' id='word_1_69' title='bbox 1224 1373 1520 1430; x_wconf 88' lang='lat' dir='ltr'><strong>lucrandas</strong></span> <span class='ocrx_word' id='word_1_70' title='bbox 1567 1377 1781 1434; x_wconf 88' lang='lat' dir='ltr'><strong>animas</strong></span> 
     </span>
    </p>
   </div>
   <div class='ocr_carea' id='block_1_12' title="bbox 205 1465 1782 1537">
    <p class='ocr_par' dir='ltr' id='par_1_12' title="bbox 205 1465 1782 1537">
     <span class='ocr_line' id='line_1_12' title="bbox 205 1465 1782 1537; baseline 0.004 -20"><span class='ocrx_word' id='word_1_71' title='bbox 205 1466 454 1534; x_wconf 73' lang='lat' dir='ltr'><strong>episcopi</strong></span> <span class='ocrx_word' id='word_1_72' title='bbox 486 1472 615 1521; x_wconf 90' lang='lat' dir='ltr'><strong>sunt</strong></span> <span class='ocrx_word' id='word_1_73' title='bbox 643 1465 974 1530; x_wconf 88' lang='lat' dir='ltr'><strong>consecrati,</strong></span> <span class='ocrx_word' id='word_1_74' title='bbox 1000 1480 1099 1537; x_wconf 88' lang='lat' dir='ltr'><strong>pro</strong></span> <span class='ocrx_word' id='word_1_75' title='bbox 1115 1466 1329 1521; x_wconf 88' lang='lat' dir='ltr'><strong>cunctis</strong></span> <span class='ocrx_word' id='word_1_76' title='bbox 1355 1466 1782 1524; x_wconf 85' lang='lat' dir='ltr'><strong>sollicitudinem</strong></span> 
     </span>
    </p>
   </div>
   <div class='ocr_carea' id='block_1_13' title="bbox 206 1558 1783 1631">
    <p class='ocr_par' dir='ltr' id='par_1_13' title="bbox 206 1558 1783 1631">
     <span class='ocr_line' id='line_1_13' title="bbox 206 1558 1783 1631; baseline 0.003 -20"><span class='ocrx_word' id='word_1_77' title='bbox 206 1572 421 1626; x_wconf 84' lang='lat' dir='ltr'><strong>gerere,</strong></span> <span class='ocrx_word' id='word_1_78' title='bbox 461 1566 518 1611; x_wconf 91' lang='lat' dir='ltr'><strong>et</strong></span> <span class='ocrx_word' id='word_1_79' title='bbox 543 1566 788 1613; x_wconf 79' lang='lat' dir='ltr'><strong>errantes</strong></span> <span class='ocrx_word' id='word_1_80' title='bbox 818 1558 883 1611; x_wconf 90' lang='lat' dir='ltr'><strong>ad</strong></span> <span class='ocrx_word' id='word_1_81' title='bbox 918 1559 1060 1613; x_wconf 90' lang='lat' dir='ltr'><strong>viam</strong></span> <span class='ocrx_word' id='word_1_82' title='bbox 1104 1559 1350 1615; x_wconf 83' lang='lat' dir='ltr'><strong>veritatis</strong></span> <span class='ocrx_word' id='word_1_83' title='bbox 1377 1567 1433 1615; x_wconf 87' lang='lat' dir='ltr'><strong>et</strong></span> <span class='ocrx_word' id='word_1_84' title='bbox 1455 1559 1523 1614; x_wconf 89' lang='lat' dir='ltr'><strong>ad</strong></span> <span class='ocrx_word' id='word_1_85' title='bbox 1564 1569 1783 1631; x_wconf 87' lang='lat' dir='ltr'><strong>portum</strong></span> 
     </span>
    </p>
   </div>
   <div class='ocr_carea' id='block_1_14' title="bbox 205 1648 1781 1726">
    <p class='ocr_par' dir='ltr' id='par_1_14' title="bbox 205 1648 1781 1726">
     <span class='ocr_line' id='line_1_14' title="bbox 205 1648 1781 1726; baseline 0.006 -23"><span class='ocrx_word' id='word_1_86' title='bbox 205 1650 403 1703; x_wconf 78' lang='lat' dir='ltr'><strong>salutis</strong></span> <span class='ocrx_word' id='word_1_87' title='bbox 433 1649 715 1705; x_wconf 88' lang='lat' dir='ltr'><strong>reducere.</strong></span> <span class='ocrx_word' id='word_1_88' title='bbox 750 1648 815 1705; x_wconf 85' lang='lat' dir='ltr'><strong>Et</strong></span> <span class='ocrx_word' id='word_1_89' title='bbox 846 1651 974 1706; x_wconf 90' lang='lat' dir='ltr'><strong>licet</strong></span> <span class='ocrx_word' id='word_1_90' title='bbox 998 1659 1219 1723; x_wconf 80' lang='lat' dir='ltr'><strong>propter</strong></span> <span class='ocrx_word' id='word_1_91' title='bbox 1248 1665 1458 1724; x_wconf 88' lang='lat' dir='ltr'><strong>gentes,</strong></span> <span class='ocrx_word' id='word_1_92' title='bbox 1492 1671 1614 1726; x_wconf 83' lang='lat' dir='ltr'><strong>qua</strong></span> <span class='ocrx_word' id='word_1_93' title='bbox 1635 1658 1781 1713; x_wconf 90' lang='lat' dir='ltr'><strong>circa</strong></span> 
     </span>
    </p>
   </div>
   <div class='ocr_carea' id='block_1_15' title="bbox 205 1742 1781 1820">
    <p class='ocr_par' dir='ltr' id='par_1_15' title="bbox 205 1742 1781 1820">
     <span class='ocr_line' id='line_1_15' title="bbox 205 1742 1781 1820; baseline 0.006 -25"><span class='ocrx_word' id='word_1_94' title='bbox 205 1757 296 1797; x_wconf 88' lang='lat' dir='ltr'><strong>vos</strong></span> <span class='ocrx_word' id='word_1_95' title='bbox 320 1750 483 1806; x_wconf 89' lang='lat' dir='ltr'><strong>sunt,</strong></span> <span class='ocrx_word' id='word_1_96' title='bbox 510 1742 565 1797; x_wconf 90' lang='lat' dir='ltr'><strong>in</strong></span> <span class='ocrx_word' id='word_1_97' title='bbox 596 1742 813 1797; x_wconf 84' lang='lat' dir='ltr'><strong>modico</strong></span> <span class='ocrx_word' id='word_1_98' title='bbox 841 1758 941 1799; x_wconf 88' lang='lat' dir='ltr'><strong>vos</strong></span> <span class='ocrx_word' id='word_1_99' title='bbox 963 1759 1183 1801; x_wconf 87' lang='lat' dir='ltr'><strong>errasse</strong></span> <span class='ocrx_word' id='word_1_100' title='bbox 1215 1748 1548 1820; x_wconf 77' lang='lat' dir='ltr'><strong>contigerit;</strong></span> <span class='ocrx_word' id='word_1_101' title='bbox 1582 1750 1781 1805; x_wconf 90' lang='lat' dir='ltr'><strong>melius</strong></span> 
     </span>
    </p>
   </div>
   <div class='ocr_carea' id='block_1_16' title="bbox 205 1834 1780 1910">
    <p class='ocr_par' dir='ltr' id='par_1_16' title="bbox 205 1834 1780 1910">
     <span class='ocr_line' id='line_1_16' title="bbox 205 1834 1780 1910; baseline 0.006 -21"><span class='ocrx_word' id='word_1_102' title='bbox 205 1843 282 1889; x_wconf 83' lang='lat' dir='ltr'><strong>est</strong></span> <span class='ocrx_word' id='word_1_103' title='bbox 326 1843 513 1889; x_wconf 86' lang='lat' dir='ltr'><strong>tamen</strong></span> <span class='ocrx_word' id='word_1_104' title='bbox 550 1834 733 1890; x_wconf 86' lang='lat' dir='ltr'><strong>redire</strong></span> <span class='ocrx_word' id='word_1_105' title='bbox 773 1834 841 1889; x_wconf 91' lang='lat' dir='ltr'><strong>ad</strong></span> <span class='ocrx_word' id='word_1_106' title='bbox 871 1836 1121 1893; x_wconf 81' lang='lat' dir='ltr'><strong>veritatis</strong></span> <span class='ocrx_word' id='word_1_107' title='bbox 1165 1838 1331 1904; x_wconf 86' lang='lat' dir='ltr'><strong>viam,</strong></span> <span class='ocrx_word' id='word_1_108' title='bbox 1365 1855 1529 1910; x_wconf 89' lang='lat' dir='ltr'><strong>quam</strong></span> <span class='ocrx_word' id='word_1_109' title='bbox 1575 1842 1780 1899; x_wconf 89' lang='lat' dir='ltr'><strong>diutius</strong></span> 
     </span>
    </p>
   </div>
   <div class='ocr_carea' id='block_1_17' title="bbox 206 1927 1781 2003">
    <p class='ocr_par' dir='ltr' id='par_1_17' title="bbox 206 1927 1781 2003">
     <span class='ocr_line' id='line_1_17' title="bbox 206 1927 1781 2003; baseline 0.007 -23"><span class='ocrx_word' id='word_1_110' title='bbox 206 1927 255 1980; x_wconf 82' lang='lat' dir='ltr'><strong>in</strong></span> <span class='ocrx_word' id='word_1_111' title='bbox 281 1927 410 1995; x_wconf 87' lang='lat' dir='ltr'><strong>ipso</strong></span> <span class='ocrx_word' id='word_1_112' title='bbox 440 1942 629 1982; x_wconf 88' lang='lat' dir='ltr'><strong>errore</strong></span> <span class='ocrx_word' id='word_1_113' title='bbox 649 1942 1004 1997; x_wconf 88' lang='lat' dir='ltr'><strong>perseverare</strong></span> <span class='ocrx_word' id='word_1_114' title='bbox 1022 1930 1089 1985; x_wconf 79' lang='grc'><strong>⁸³.</strong></span> <span class='ocrx_word' id='word_1_115' title='bbox 1115 1929 1487 2003; x_wconf 87' lang='lat' dir='ltr'><strong>Quoscunque</strong></span> <span class='ocrx_word' id='word_1_116' title='bbox 1530 1935 1671 1990; x_wconf 86' lang='lat' dir='ltr'><strong>enim</strong></span> <span class='ocrx_word' id='word_1_117' title='bbox 1713 1936 1781 1991; x_wconf 89' lang='lat' dir='ltr'><strong>de</strong></span> 
     </span>
    </p>
   </div>
   <div class='ocr_carea' id='block_1_18' title="bbox 208 2018 1780 2097">
    <p class='ocr_par' dir='ltr' id='par_1_18' title="bbox 208 2018 1780 2097">
     <span class='ocr_line' id='line_1_18' title="bbox 208 2018 1780 2097; baseline 0.008 -26"><span class='ocrx_word' id='word_1_118' title='bbox 208 2018 313 2081; x_wconf 88' lang='lat' dir='ltr'><strong>bis,</strong></span> <span class='ocrx_word' id='word_1_119' title='bbox 338 2019 437 2089; x_wconf 89' lang='lat' dir='ltr'><strong>qui</strong></span> <span class='ocrx_word' id='word_1_120' title='bbox 464 2035 564 2075; x_wconf 84' lang='lat' dir='ltr'><strong>vos</strong></span> <span class='ocrx_word' id='word_1_121' title='bbox 593 2034 781 2075; x_wconf 87' lang='lat' dir='ltr'><strong>errare</strong></span> <span class='ocrx_word' id='word_1_122' title='bbox 815 2019 1085 2087; x_wconf 87' lang='lat' dir='ltr'><strong>fecerunt,</strong></span> <span class='ocrx_word' id='word_1_123' title='bbox 1118 2024 1203 2078; x_wconf 89' lang='lat' dir='ltr'><strong>vel</strong></span> <span class='ocrx_word' id='word_1_124' title='bbox 1236 2024 1304 2079; x_wconf 92' lang='lat' dir='ltr'><strong>de</strong></span> <span class='ocrx_word' id='word_1_125' title='bbox 1334 2025 1442 2091; x_wconf 87' lang='lat' dir='ltr'><strong>bis,</strong></span> <span class='ocrx_word' id='word_1_126' title='bbox 1472 2026 1565 2097; x_wconf 86' lang='lat' dir='ltr'><strong>qui</strong></span> <span class='ocrx_word' id='word_1_127' title='bbox 1599 2027 1780 2083; x_wconf 88' lang='lat' dir='ltr'><strong>adhuc</strong></span> 
     </span>
    </p>
   </div>
   <div class='ocr_carea' id='block_1_19' title="bbox 206 2112 1777 2188">
    <p class='ocr_par' dir='ltr' id='par_1_19' title="bbox 206 2112 1777 2188">
     <span class='ocr_line' id='line_1_19' title="bbox 206 2112 1777 2188; baseline 0.009 -25"><span class='ocrx_word' id='word_1_128' title='bbox 206 2112 434 2165; x_wconf 85' lang='lat' dir='ltr'><strong>verbum</strong></span> <span class='ocrx_word' id='word_1_129' title='bbox 466 2112 873 2181; x_wconf 63' lang='lat' dir='ltr'><strong>praedicationis</strong></span> <span class='ocrx_word' id='word_1_130' title='bbox 903 2130 1015 2169; x_wconf 93' lang='lat' dir='ltr'><strong>non</strong></span> <span class='ocrx_word' id='word_1_131' title='bbox 1044 2115 1360 2184; x_wconf 89' lang='lat' dir='ltr'><strong>audierunt,</strong></span> <span class='ocrx_word' id='word_1_132' title='bbox 1401 2121 1655 2188; x_wconf 88' lang='lat' dir='ltr'><strong>potestis,</strong></span> <span class='ocrx_word' id='word_1_133' title='bbox 1682 2136 1777 2176; x_wconf 74' lang='lat' dir='ltr'><strong>vo-</strong></span> 
     </span>
    </p>
   </div>
   <div class='ocr_carea' id='block_1_20' title="bbox 208 2202 1779 2279">
    <p class='ocr_par' dir='ltr' id='par_1_20' title="bbox 208 2202 1779 2279">
     <span class='ocr_line' id='line_1_20' title="bbox 208 2202 1779 2279; baseline 0.009 -23"><span class='ocrx_word' id='word_1_134' title='bbox 208 2202 421 2257; x_wconf 88' lang='lat' dir='ltr'><strong>biscum</strong></span> <span class='ocrx_word' id='word_1_135' title='bbox 454 2205 739 2268; x_wconf 90' lang='lat' dir='ltr'><strong>assumite,</strong></span> <span class='ocrx_word' id='word_1_136' title='bbox 764 2213 819 2259; x_wconf 90' lang='lat' dir='ltr'><strong>et</strong></span> <span class='ocrx_word' id='word_1_137' title='bbox 843 2205 912 2260; x_wconf 89' lang='lat' dir='ltr'><strong>ad</strong></span> <span class='ocrx_word' id='word_1_138' title='bbox 939 2206 1083 2262; x_wconf 89' lang='lat' dir='ltr'><strong>viam</strong></span> <span class='ocrx_word' id='word_1_139' title='bbox 1125 2209 1373 2265; x_wconf 82' lang='lat' dir='ltr'><strong>veritatis</strong></span> <span class='ocrx_word' id='word_1_140' title='bbox 1401 2211 1678 2279; x_wconf 89' lang='lat' dir='ltr'><strong>adducite,</strong></span> <span class='ocrx_word' id='word_1_141' title='bbox 1710 2231 1779 2271; x_wconf 89' lang='lat' dir='ltr'><strong>ne</strong></span> 
     </span>
    </p>
   </div>
   <div class='ocr_carea' id='block_1_21' title="bbox 208 2294 1778 2362">
    <p class='ocr_par' dir='ltr' id='par_1_21' title="bbox 208 2294 1778 2362">
     <span class='ocr_line' id='line_1_21' title="bbox 208 2294 1778 2362; baseline 0.01 -15"><span class='ocrx_word' id='word_1_142' title='bbox 208 2294 521 2360; x_wconf 86' lang='lat' dir='ltr'><strong>iufruetosi,</strong></span> <span class='ocrx_word' id='word_1_143' title='bbox 551 2295 648 2352; x_wconf 90' lang='lat' dir='ltr'><strong>sed</strong></span> <span class='ocrx_word' id='word_1_144' title='bbox 676 2295 945 2355; x_wconf 90' lang='lat' dir='ltr'><strong>fructuosi</strong></span> <span class='ocrx_word' id='word_1_145' title='bbox 970 2300 1199 2355; x_wconf 90' lang='lat' dir='ltr'><strong>Domino</strong></span> <span class='ocrx_word' id='word_1_146' title='bbox 1231 2302 1608 2362; x_wconf 88' lang='lat' dir='ltr'><strong>inveniamini.</strong></span> <span class='ocrx_word' id='word_1_147' title='bbox 1639 2304 1685 2338; x_wconf 75' lang='lat'><strong>“</strong></span> <span class='ocrx_word' id='word_1_148' title='bbox 1712 2306 1778 2362; x_wconf 88' lang='lat' dir='ltr'><strong>Et</strong></span> 
     </span>
    </p>
   </div>
   <div class='ocr_carea' id='block_1_22' title="bbox 1888 1092 3461 1165">
    <p class='ocr_par' dir='ltr' id='par_1_22' title="bbox 1888 1092 3461 1165">
     <span class='ocr_line' id='line_1_22' title="bbox 1888 1092 3461 1165; baseline 0.009 -20"><span class='ocrx_word' id='word_1_149' title='bbox 1888 1100 1972 1145; x_wconf 91' lang='lat' dir='ltr'><strong>est</strong></span> <span class='ocrx_word' id='word_1_150' title='bbox 2000 1106 2162 1163; x_wconf 88' lang='lat' dir='ltr'><strong>super</strong></span> <span class='ocrx_word' id='word_1_151' title='bbox 2196 1092 2378 1147; x_wconf 83' lang='lat' dir='ltr'><strong>omnia</strong></span> <span class='ocrx_word' id='word_1_152' title='bbox 2420 1092 2663 1163; x_wconf 86' lang='lat' dir='ltr'><strong>gravius,</strong></span> <span class='ocrx_word' id='word_1_153' title='bbox 2700 1096 2844 1165; x_wconf 92' lang='lat' dir='ltr'><strong>quod</strong></span> <span class='ocrx_word' id='word_1_154' title='bbox 2878 1113 2975 1151; x_wconf 81' lang='lat' dir='ltr'><strong>vos</strong></span> <span class='ocrx_word' id='word_1_155' title='bbox 3026 1099 3079 1153; x_wconf 91' lang='lat' dir='ltr'><strong>in</strong></span> <span class='ocrx_word' id='word_1_156' title='bbox 3134 1100 3317 1158; x_wconf 88' lang='lat' dir='ltr'><strong>futuro</strong></span> <span class='ocrx_word' id='word_1_157' title='bbox 3356 1118 3461 1160; x_wconf 81' lang='lat' dir='ltr'><strong>sa-</strong></span> 
     </span>
    </p>
   </div>
   <div class='ocr_carea' id='block_1_23' title="bbox 1888 1183 3462 1265">
    <p class='ocr_par' dir='ltr' id='par_1_23' title="bbox 1888 1183 3462 1265">
     <span class='ocr_line' id='line_1_23' title="bbox 1888 1183 3462 1265; baseline 0.01 -28"><span class='ocrx_word' id='word_1_158' title='bbox 1888 1183 2013 1237; x_wconf 83' lang='lat' dir='ltr'><strong>culo</strong></span> <span class='ocrx_word' id='word_1_159' title='bbox 2042 1183 2263 1240; x_wconf 73' lang='lat' dir='ltr'><strong>aeternis</strong></span> <span class='ocrx_word' id='word_1_160' title='bbox 2308 1183 2487 1253; x_wconf 81' lang='lat' dir='ltr'><strong>panis</strong></span> <span class='ocrx_word' id='word_1_161' title='bbox 2519 1185 2785 1241; x_wconf 77' lang='lat' dir='ltr'><strong>obnoxios</strong></span> <span class='ocrx_word' id='word_1_162' title='bbox 2826 1187 2973 1244; x_wconf 85' lang='lat' dir='ltr'><strong>fecit.</strong></span> <span class='ocrx_word' id='word_1_163' title='bbox 3022 1189 3213 1248; x_wconf 88' lang='lat' dir='ltr'><strong>Nonne</strong></span> <span class='ocrx_word' id='word_1_164' title='bbox 3240 1210 3337 1265; x_wconf 90' lang='lat' dir='ltr'><strong>pro</strong></span> <span class='ocrx_word' id='word_1_165' title='bbox 3378 1197 3462 1253; x_wconf 85' lang='lat' dir='ltr'><strong>his</strong></span> 
     </span>
    </p>
   </div>
   <div class='ocr_carea' id='block_1_24' title="bbox 1888 1276 3462 1361">
    <p class='ocr_par' dir='ltr' id='par_1_24' title="bbox 1888 1276 3462 1361">
     <span class='ocr_line' id='line_1_24' title="bbox 1888 1276 3462 1361; baseline 0.01 -32"><span class='ocrx_word' id='word_1_166' title='bbox 1888 1276 2165 1341; x_wconf 88' lang='lat' dir='ltr'><strong>omnibus,</strong></span> <span class='ocrx_word' id='word_1_167' title='bbox 2216 1276 2305 1330; x_wconf 88' lang='lat' dir='ltr'><strong>ubi</strong></span> <span class='ocrx_word' id='word_1_168' title='bbox 2352 1276 2508 1333; x_wconf 89' lang='lat' dir='ltr'><strong>vobis</strong></span> <span class='ocrx_word' id='word_1_169' title='bbox 2530 1279 2776 1334; x_wconf 77' lang='lat' dir='ltr'><strong>veritatis</strong></span> <span class='ocrx_word' id='word_1_170' title='bbox 2821 1281 3004 1337; x_wconf 89' lang='lat' dir='ltr'><strong>lumen</strong></span> <span class='ocrx_word' id='word_1_171' title='bbox 3044 1283 3266 1353; x_wconf 84' lang='lat' dir='ltr'><strong>ell‘ulsit,</strong></span> <span class='ocrx_word' id='word_1_172' title='bbox 3319 1288 3462 1361; x_wconf 80' lang='lat' dir='ltr'><strong>ignis</strong></span> 
     </span>
    </p>
   </div>
   <div class='ocr_carea' id='block_1_25' title="bbox 1883 1368 3463 1441">
    <p class='ocr_par' dir='ltr' id='par_1_25' title="bbox 1883 1368 3463 1441">
     <span class='ocr_line' id='line_1_25' title="bbox 1883 1368 3463 1441; baseline 0.011 -21"><span class='ocrx_word' id='word_1_173' title='bbox 1883 1368 2208 1437; x_wconf 88' lang='lat' dir='ltr'><strong>justissima</strong></span> <span class='ocrx_word' id='word_1_174' title='bbox 2243 1369 2639 1440; x_wconf 80' lang='lat' dir='ltr'><strong>indignationis</strong></span> <span class='ocrx_word' id='word_1_175' title='bbox 2682 1373 3027 1441; x_wconf 78' lang='lat' dir='ltr'><strong>accenditur,</strong></span> <span class='ocrx_word' id='word_1_176' title='bbox 3070 1385 3124 1431; x_wconf 93' lang='lat' dir='ltr'><strong>et</strong></span> <span class='ocrx_word' id='word_1_177' title='bbox 3166 1378 3463 1437; x_wconf 88' lang='lat' dir='ltr'><strong>iracundia</strong></span> 
     </span>
    </p>
   </div>
   <div class='ocr_carea' id='block_1_26' title="bbox 1888 1458 3463 1545">
    <p class='ocr_par' dir='ltr' id='par_1_26' title="bbox 1888 1458 3463 1545">
     <span class='ocr_line' id='line_1_26' title="bbox 1888 1458 3463 1545; baseline 0.01 -31"><span class='ocrx_word' id='word_1_178' title='bbox 1888 1458 2000 1515; x_wconf 89' lang='lat' dir='ltr'><strong>Deo</strong></span> <span class='ocrx_word' id='word_1_179' title='bbox 2049 1462 2261 1531; x_wconf 85' lang='lat' dir='ltr'><strong>placita</strong></span> <span class='ocrx_word' id='word_1_180' title='bbox 2301 1462 2444 1516; x_wconf 90' lang='lat' dir='ltr'><strong>intra</strong></span> <span class='ocrx_word' id='word_1_181' title='bbox 2485 1478 2581 1519; x_wconf 90' lang='lat' dir='ltr'><strong>vos</strong></span> <span class='ocrx_word' id='word_1_182' title='bbox 2627 1466 2911 1536; x_wconf 81' lang='lat' dir='ltr'><strong>consurgit</strong></span> <span class='ocrx_word' id='word_1_183' title='bbox 2960 1467 3297 1539; x_wconf 86' lang='lat' dir='ltr'><strong>incendium,</strong></span> <span class='ocrx_word' id='word_1_184' title='bbox 3352 1489 3463 1545; x_wconf 90' lang='lat' dir='ltr'><strong>quo</strong></span> 
     </span>
    </p>
   </div>
   <div class='ocr_carea' id='block_1_27' title="bbox 1887 1556 3461 1632">
    <p class='ocr_par' dir='ltr' id='par_1_27' title="bbox 1887 1556 3461 1632">
     <span class='ocr_line' id='line_1_27' title="bbox 1887 1556 3461 1632; baseline 0.006 -22"><span class='ocrx_word' id='word_1_185' title='bbox 1887 1564 2246 1610; x_wconf 86' lang='lat' dir='ltr'><strong>consumatur</strong></span> <span class='ocrx_word' id='word_1_186' title='bbox 2268 1563 2321 1611; x_wconf 89' lang='lat' dir='ltr'><strong>et</strong></span> <span class='ocrx_word' id='word_1_187' title='bbox 2350 1556 2614 1611; x_wconf 83' lang='lat' dir='ltr'><strong>radicitus</strong></span> <span class='ocrx_word' id='word_1_188' title='bbox 2660 1557 2895 1613; x_wconf 85' lang='lat' dir='ltr'><strong>intereat</strong></span> <span class='ocrx_word' id='word_1_189' title='bbox 2941 1574 3103 1616; x_wconf 89' lang='lat' dir='ltr'><strong>omne</strong></span> <span class='ocrx_word' id='word_1_190' title='bbox 3136 1578 3380 1632; x_wconf 88' lang='lat' dir='ltr'><strong>germen,</strong></span> <span class='ocrx_word' id='word_1_191' title='bbox 3414 1567 3461 1622; x_wconf 89' lang='lat' dir='ltr'><strong>si</strong></span> 
     </span>
    </p>
   </div>
   <div class='ocr_carea' id='block_1_28' title="bbox 1886 1647 3463 1725">
    <p class='ocr_par' dir='ltr' id='par_1_28' title="bbox 1886 1647 3463 1725">
     <span class='ocr_line' id='line_1_28' title="bbox 1886 1647 3463 1725; baseline 0.006 -24"><span class='ocrx_word' id='word_1_192' title='bbox 1886 1648 2031 1719; x_wconf 90' lang='lat' dir='ltr'><strong>quod</strong></span> <span class='ocrx_word' id='word_1_193' title='bbox 2066 1647 2208 1703; x_wconf 84' lang='lat' dir='ltr'><strong>forte</strong></span> <span class='ocrx_word' id='word_1_194' title='bbox 2238 1648 2380 1702; x_wconf 89' lang='lat' dir='ltr'><strong>intra</strong></span> <span class='ocrx_word' id='word_1_195' title='bbox 2409 1664 2509 1704; x_wconf 88' lang='lat' dir='ltr'><strong>vos</strong></span> <span class='ocrx_word' id='word_1_196' title='bbox 2538 1650 2693 1704; x_wconf 89' lang='lat' dir='ltr'><strong>mala</strong></span> <span class='ocrx_word' id='word_1_197' title='bbox 2740 1651 3092 1707; x_wconf 89' lang='lat' dir='ltr'><strong>conscientia</strong></span> <span class='ocrx_word' id='word_1_198' title='bbox 3138 1654 3185 1686; x_wconf 88' lang='lat'><strong>&#39;°</strong></span> <span class='ocrx_word' id='word_1_199' title='bbox 3225 1656 3463 1725; x_wconf 87' lang='lat' dir='ltr'><strong>pullula-</strong></span> 
     </span>
    </p>
   </div>
   <div class='ocr_carea' id='block_1_29' title="bbox 1886 1738 3463 1815">
    <p class='ocr_par' dir='ltr' id='par_1_29' title="bbox 1886 1738 3463 1815">
     <span class='ocr_line' id='line_1_29' title="bbox 1886 1738 3463 1815; baseline 0.008 -23"><span class='ocrx_word' id='word_1_200' title='bbox 1886 1742 1963 1795; x_wconf 83' lang='lat' dir='ltr'><strong>vit</strong></span> <span class='ocrx_word' id='word_1_201' title='bbox 1984 1741 2068 1795; x_wconf 78' lang='lat'><strong>?’°</strong></span> <span class='ocrx_word' id='word_1_202' title='bbox 2087 1747 2103 1763; x_wconf 84' lang='lat'>&#39;</span> <span class='ocrx_word' id='word_1_203' title='bbox 2133 1738 2286 1797; x_wconf 87' lang='lat' dir='ltr'><strong>Unde</strong></span> <span class='ocrx_word' id='word_1_204' title='bbox 2307 1750 2360 1796; x_wconf 89' lang='lat' dir='ltr'><strong>et</strong></span> <span class='ocrx_word' id='word_1_205' title='bbox 2389 1740 2507 1812; x_wconf 89' lang='lat' dir='ltr'><strong>ipse</strong></span> <span class='ocrx_word' id='word_1_206' title='bbox 2533 1743 2625 1812; x_wconf 90' lang='lat' dir='ltr'><strong>qui</strong></span> <span class='ocrx_word' id='word_1_207' title='bbox 2649 1743 2798 1799; x_wconf 86' lang='lat' dir='ltr'><strong>misit</strong></span> <span class='ocrx_word' id='word_1_208' title='bbox 2826 1760 2947 1807; x_wconf 85' lang='lat' dir='ltr'><strong>nos,</strong></span> <span class='ocrx_word' id='word_1_209' title='bbox 2972 1762 3096 1801; x_wconf 89' lang='lat' dir='ltr'><strong>cum</strong></span> <span class='ocrx_word' id='word_1_210' title='bbox 3120 1748 3380 1815; x_wconf 89' lang='lat' dir='ltr'><strong>venisset,</strong></span> <span class='ocrx_word' id='word_1_211' title='bbox 3408 1757 3463 1806; x_wconf 90' lang='lat' dir='ltr'><strong>et</strong></span> 
     </span>
    </p>
   </div>
   <div class='ocr_carea' id='block_1_30' title="bbox 1885 1833 3457 1909">
    <p class='ocr_par' dir='ltr' id='par_1_30' title="bbox 1885 1833 3457 1909">
     <span class='ocr_line' id='line_1_30' title="bbox 1885 1833 3457 1909; baseline 0.006 -22"><span class='ocrx_word' id='word_1_212' title='bbox 1885 1848 2101 1888; x_wconf 83' lang='lat' dir='ltr'><strong>omnem</strong></span> <span class='ocrx_word' id='word_1_213' title='bbox 2148 1833 2411 1889; x_wconf 91' lang='lat' dir='ltr'><strong>mundum</strong></span> <span class='ocrx_word' id='word_1_214' title='bbox 2447 1834 2677 1890; x_wconf 86' lang='lat' dir='ltr'><strong>vidisset</strong></span> <span class='ocrx_word' id='word_1_215' title='bbox 2717 1834 2783 1889; x_wconf 89' lang='lat' dir='ltr'><strong>ad</strong></span> <span class='ocrx_word' id='word_1_216' title='bbox 2822 1837 3083 1891; x_wconf 86' lang='lat' dir='ltr'><strong>malitiam</strong></span> <span class='ocrx_word' id='word_1_217' title='bbox 3115 1837 3421 1897; x_wconf 89' lang='lat' dir='ltr'><strong>declinasse</strong></span> <span class='ocrx_word' id='word_1_218' title='bbox 3443 1884 3457 1909; x_wconf 92' lang='lat'><strong>,</strong></span> 
     </span>
    </p>
   </div>
   <div class='ocr_carea' id='block_1_31' title="bbox 1886 1924 3461 2001">
    <p class='ocr_par' dir='ltr' id='par_1_31' title="bbox 1886 1924 3461 2001">
     <span class='ocr_line' id='line_1_31' title="bbox 1886 1924 3461 2001; baseline 0.006 -22"><span class='ocrx_word' id='word_1_219' title='bbox 1886 1940 1995 1979; x_wconf 90' lang='lat' dir='ltr'><strong>non</strong></span> <span class='ocrx_word' id='word_1_220' title='bbox 2024 1924 2285 1979; x_wconf 91' lang='lat' dir='ltr'><strong>continuo</strong></span> <span class='ocrx_word' id='word_1_221' title='bbox 2309 1925 2358 1980; x_wconf 89' lang='lat' dir='ltr'><strong>ei</strong></span> <span class='ocrx_word' id='word_1_222' title='bbox 2388 1940 2598 1995; x_wconf 90' lang='lat' dir='ltr'><strong>pacem,</strong></span> <span class='ocrx_word' id='word_1_223' title='bbox 2626 1926 2681 1981; x_wconf 91' lang='lat' dir='ltr'><strong>in</strong></span> <span class='ocrx_word' id='word_1_224' title='bbox 2713 1929 2991 1984; x_wconf 85' lang='lat' dir='ltr'><strong>erroribus</strong></span> <span class='ocrx_word' id='word_1_225' title='bbox 3038 1931 3241 2001; x_wconf 86' lang='lat' dir='ltr'><strong>posito,</strong></span> <span class='ocrx_word' id='word_1_226' title='bbox 3286 1933 3461 2001; x_wconf 89' lang='lat' dir='ltr'><strong>dedit,</strong></span> 
     </span>
    </p>
   </div>
   <div class='ocr_carea' id='block_1_32' title="bbox 1885 2017 3459 2097">
    <p class='ocr_par' dir='ltr' id='par_1_32' title="bbox 1885 2017 3459 2097">
     <span class='ocr_line' id='line_1_32' title="bbox 1885 2017 3459 2097; baseline 0.007 -25"><span class='ocrx_word' id='word_1_227' title='bbox 1885 2034 1953 2074; x_wconf 91' lang='lat' dir='ltr'><strong>ne</strong></span> <span class='ocrx_word' id='word_1_228' title='bbox 1984 2032 2109 2072; x_wconf 91' lang='lat' dir='ltr'><strong>eum</strong></span> <span class='ocrx_word' id='word_1_229' title='bbox 2150 2017 2501 2074; x_wconf 85' lang='lat' dir='ltr'><strong>conﬁrmaret</strong></span> <span class='ocrx_word' id='word_1_230' title='bbox 2544 2019 2600 2073; x_wconf 92' lang='lat' dir='ltr'><strong>in</strong></span> <span class='ocrx_word' id='word_1_231' title='bbox 2642 2020 2822 2085; x_wconf 91' lang='lat' dir='ltr'><strong>malis,</strong></span> <span class='ocrx_word' id='word_1_232' title='bbox 2855 2021 2950 2077; x_wconf 85' lang='lat' dir='ltr'><strong>sed</strong></span> <span class='ocrx_word' id='word_1_233' title='bbox 2986 2022 3309 2093; x_wconf 83' lang='lat' dir='ltr'><strong>ignorantia</strong></span> <span class='ocrx_word' id='word_1_234' title='bbox 3337 2027 3459 2097; x_wconf 89' lang='lat' dir='ltr'><strong>ejus</strong></span> 
     </span>
    </p>
   </div>
   <div class='ocr_carea' id='block_1_33' title="bbox 1882 2110 3462 2189">
    <p class='ocr_par' dir='ltr' id='par_1_33' title="bbox 1882 2110 3462 2189">
     <span class='ocr_line' id='line_1_33' title="bbox 1882 2110 3462 2189; baseline 0.007 -24"><span class='ocrx_word' id='word_1_235' title='bbox 1882 2110 2060 2166; x_wconf 90' lang='lat' dir='ltr'><strong>ruinis</strong></span> <span class='ocrx_word' id='word_1_236' title='bbox 2096 2111 2387 2168; x_wconf 89' lang='lat' dir='ltr'><strong>scientiam</strong></span> <span class='ocrx_word' id='word_1_237' title='bbox 2412 2113 2659 2170; x_wconf 81' lang='lat' dir='ltr'><strong>veritatis</strong></span> <span class='ocrx_word' id='word_1_238' title='bbox 2683 2115 2974 2184; x_wconf 91' lang='lat' dir='ltr'><strong>opposuit;</strong></span> <span class='ocrx_word' id='word_1_239' title='bbox 3000 2124 3078 2181; x_wconf 89' lang='lat' dir='ltr'><strong>ut,</strong></span> <span class='ocrx_word' id='word_1_240' title='bbox 3121 2117 3168 2171; x_wconf 91' lang='lat' dir='ltr'><strong>si</strong></span> <span class='ocrx_word' id='word_1_241' title='bbox 3196 2118 3291 2189; x_wconf 88' lang='lat' dir='ltr'><strong>qui</strong></span> <span class='ocrx_word' id='word_1_242' title='bbox 3316 2118 3462 2177; x_wconf 88' lang='lat' dir='ltr'><strong>forte</strong></span> 
     </span>
    </p>
   </div>
   <div class='ocr_carea' id='block_1_34' title="bbox 1882 2204 3458 2284">
    <p class='ocr_par' dir='ltr' id='par_1_34' title="bbox 1882 2204 3458 2284">
     <span class='ocr_line' id='line_1_34' title="bbox 1882 2204 3458 2284; baseline 0.008 -27"><span class='ocrx_word' id='word_1_243' title='bbox 1882 2204 2288 2274; x_wconf 86' lang='lat' dir='ltr'><strong>resipiscerent,</strong></span> <span class='ocrx_word' id='word_1_244' title='bbox 2321 2205 2501 2261; x_wconf 91' lang='lat' dir='ltr'><strong>lumen</strong></span> <span class='ocrx_word' id='word_1_245' title='bbox 2533 2207 2783 2263; x_wconf 85' lang='lat' dir='ltr'><strong>veritatis</strong></span> <span class='ocrx_word' id='word_1_246' title='bbox 2831 2209 3161 2279; x_wconf 85' lang='lat' dir='ltr'><strong>aspicerent,</strong></span> <span class='ocrx_word' id='word_1_247' title='bbox 3196 2212 3458 2284; x_wconf 89' lang='lat' dir='ltr'><strong>deceptos</strong></span> 
     </span>
    </p>
   </div>
   <div class='ocr_carea' id='block_1_35' title="bbox 1884 2297 3458 2368">
    <p class='ocr_par' dir='ltr' id='par_1_35' title="bbox 1884 2297 3458 2368">
     <span class='ocr_line' id='line_1_35' title="bbox 1884 2297 3458 2368; baseline 0.01 -19"><span class='ocrx_word' id='word_1_248' title='bbox 1884 2311 1963 2361; x_wconf 91' lang='lat' dir='ltr'><strong>se,</strong></span> <span class='ocrx_word' id='word_1_249' title='bbox 2005 2305 2059 2351; x_wconf 91' lang='lat' dir='ltr'><strong>et</strong></span> <span class='ocrx_word' id='word_1_250' title='bbox 2090 2297 2143 2351; x_wconf 90' lang='lat' dir='ltr'><strong>in</strong></span> <span class='ocrx_word' id='word_1_251' title='bbox 2181 2298 2485 2368; x_wconf 88' lang='lat' dir='ltr'><strong>pracipitia</strong></span> <span class='ocrx_word' id='word_1_252' title='bbox 2529 2300 2737 2355; x_wconf 90' lang='lat' dir='ltr'><strong>erroris</strong></span> <span class='ocrx_word' id='word_1_253' title='bbox 2783 2302 3092 2361; x_wconf 85' lang='lat' dir='ltr'><strong>abstractos</strong></span> <span class='ocrx_word' id='word_1_254' title='bbox 3121 2307 3319 2362; x_wconf 90' lang='lat' dir='ltr'><strong>merito</strong></span> <span class='ocrx_word' id='word_1_255' title='bbox 3357 2308 3458 2364; x_wconf 85' lang='lat' dir='ltr'><strong>do-</strong></span> 
     </span>
    </p>
   </div>
   <div class='ocr_carea' id='block_1_36' title="bbox 208 2365 3457 2467">
    <p class='ocr_par' dir='ltr' id='par_1_36' title="bbox 208 2365 3457 2467">
     <span class='ocr_line' id='line_1_36' title="bbox 208 2365 3457 2467; baseline 0.005 -26"><span class='ocrx_word' id='word_1_256' title='bbox 208 2390 471 2457; x_wconf 88' lang='lat' dir='ltr'><strong>quoniam</strong></span> <span class='ocrx_word' id='word_1_257' title='bbox 501 2390 741 2460; x_wconf 88' lang='lat' dir='ltr'><strong>quidem,</strong></span> <span class='ocrx_word' id='word_1_258' title='bbox 774 2392 917 2447; x_wconf 89' lang='lat' dir='ltr'><strong>sicut</strong></span> <span class='ocrx_word' id='word_1_259' title='bbox 973 2408 1005 2448; x_wconf 90' lang='lat' dir='ltr'><strong>a</strong></span> <span class='ocrx_word' id='word_1_260' title='bbox 1053 2396 1261 2451; x_wconf 90' lang='lat' dir='ltr'><strong>cultore</strong></span> <span class='ocrx_word' id='word_1_261' title='bbox 1308 2398 1551 2467; x_wconf 89' lang='lat' dir='ltr'><strong>neglecta</strong></span> <span class='ocrx_word' id='word_1_262' title='bbox 1607 2407 1775 2466; x_wconf 86' lang='lat' dir='ltr'><strong>terra,</strong></span> <span class='ocrx_word' id='word_1_263' title='bbox 1809 2365 1854 2423; x_wconf 75' lang='lat' dir='ltr'><strong>B</strong></span> <span class='ocrx_word' id='word_1_264' title='bbox 1885 2389 2081 2455; x_wconf 90' lang='lat' dir='ltr'><strong>lerent,</strong></span> <span class='ocrx_word' id='word_1_265' title='bbox 2112 2399 2166 2447; x_wconf 91' lang='lat' dir='ltr'><strong>et</strong></span> <span class='ocrx_word' id='word_1_266' title='bbox 2192 2390 2490 2446; x_wconf 82' lang='lat' dir='ltr'><strong>iracundia</strong></span> <span class='ocrx_word' id='word_1_267' title='bbox 2520 2393 2779 2450; x_wconf 88' lang='lat' dir='ltr'><strong>salutaris</strong></span> <span class='ocrx_word' id='word_1_268' title='bbox 2819 2396 2997 2466; x_wconf 87' lang='lat' dir='ltr'><strong>ignem</strong></span> <span class='ocrx_word' id='word_1_269' title='bbox 3045 2396 3310 2456; x_wconf 89' lang='lat' dir='ltr'><strong>adversus</strong></span> <span class='ocrx_word' id='word_1_270' title='bbox 3360 2400 3457 2457; x_wconf 84' lang='lat' dir='ltr'><strong>de-</strong></span> 
     </span>
    </p>
   </div>
   <div class='ocr_carea' id='block_1_37' title="bbox 207 2482 1780 2557">
    <p class='ocr_par' dir='ltr' id='par_1_37' title="bbox 207 2482 1780 2557">
     <span class='ocr_line' id='line_1_37' title="bbox 207 2482 1780 2557; baseline 0.009 -22"><span class='ocrx_word' id='word_1_271' title='bbox 207 2482 404 2550; x_wconf 86' lang='lat' dir='ltr'><strong>spinas</strong></span> <span class='ocrx_word' id='word_1_272' title='bbox 433 2493 487 2537; x_wconf 90' lang='lat' dir='ltr'><strong>et</strong></span> <span class='ocrx_word' id='word_1_273' title='bbox 520 2484 751 2540; x_wconf 89' lang='lat' dir='ltr'><strong>tribulos</strong></span> <span class='ocrx_word' id='word_1_274' title='bbox 786 2487 1101 2542; x_wconf 89' lang='lat' dir='ltr'><strong>necessario</strong></span> <span class='ocrx_word' id='word_1_275' title='bbox 1150 2488 1421 2557; x_wconf 90' lang='lat' dir='ltr'><strong>producit,</strong></span> <span class='ocrx_word' id='word_1_276' title='bbox 1460 2492 1537 2547; x_wconf 88' lang='lat' dir='ltr'><strong>ita</strong></span> <span class='ocrx_word' id='word_1_277' title='bbox 1582 2508 1780 2549; x_wconf 85' lang='lat' dir='ltr'><strong>sensus</strong></span> 
     </span>
    </p>
   </div>
   <div class='ocr_carea' id='block_1_38' title="bbox 205 2576 1779 2658">
    <p class='ocr_par' dir='ltr' id='par_1_38' title="bbox 205 2576 1779 2658">
     <span class='ocr_line' id='line_1_38' title="bbox 205 2576 1779 2658; baseline 0.009 -30"><span class='ocrx_word' id='word_1_278' title='bbox 205 2584 392 2629; x_wconf 83' lang='lat' dir='ltr'><strong>vester</strong></span> <span class='ocrx_word' id='word_1_279' title='bbox 416 2576 565 2646; x_wconf 90' lang='lat' dir='ltr'><strong>longi</strong></span> <span class='ocrx_word' id='word_1_280' title='bbox 589 2578 851 2647; x_wconf 89' lang='lat' dir='ltr'><strong>temporis</strong></span> <span class='ocrx_word' id='word_1_281' title='bbox 876 2580 1088 2634; x_wconf 90' lang='lat' dir='ltr'><strong>incuria</strong></span> <span class='ocrx_word' id='word_1_282' title='bbox 1119 2582 1322 2639; x_wconf 89' lang='lat' dir='ltr'><strong>multas</strong></span> <span class='ocrx_word' id='word_1_283' title='bbox 1344 2592 1395 2638; x_wconf 90' lang='lat' dir='ltr'><strong>et</strong></span> <span class='ocrx_word' id='word_1_284' title='bbox 1421 2586 1618 2642; x_wconf 80' lang='lat' dir='ltr'><strong>noxias</strong></span> <span class='ocrx_word' id='word_1_285' title='bbox 1658 2587 1779 2658; x_wconf 91' lang='lat' dir='ltr'><strong>opi-</strong></span> 
     </span>
    </p>
   </div>
   <div class='ocr_carea' id='block_1_39' title="bbox 204 2668 1779 2749">
    <p class='ocr_par' dir='ltr' id='par_1_39' title="bbox 204 2668 1779 2749">
     <span class='ocr_line' id='line_1_39' title="bbox 204 2668 1779 2749; baseline 0.01 -29"><span class='ocrx_word' id='word_1_286' title='bbox 204 2668 404 2723; x_wconf 85' lang='lat' dir='ltr'><strong>niones</strong></span> <span class='ocrx_word' id='word_1_287' title='bbox 443 2684 627 2723; x_wconf 91' lang='lat' dir='ltr'><strong>rerum</strong></span> <span class='ocrx_word' id='word_1_288' title='bbox 664 2677 717 2723; x_wconf 90' lang='lat' dir='ltr'><strong>et</strong></span> <span class='ocrx_word' id='word_1_289' title='bbox 765 2671 1158 2743; x_wconf 87' lang='lat' dir='ltr'><strong>intelligentias</strong></span> <span class='ocrx_word' id='word_1_290' title='bbox 1188 2673 1340 2729; x_wconf 86' lang='lat' dir='ltr'><strong>falsa</strong></span> <span class='ocrx_word' id='word_1_291' title='bbox 1379 2677 1626 2734; x_wconf 84' lang='lat' dir='ltr'><strong>scientia</strong></span> <span class='ocrx_word' id='word_1_292' title='bbox 1657 2694 1779 2749; x_wconf 86' lang='lat' dir='ltr'><strong>ger-</strong></span> 
     </span>
    </p>
   </div>
   <div class='ocr_carea' id='block_1_40' title="bbox 203 2760 1777 2837">
    <p class='ocr_par' dir='ltr' id='par_1_40' title="bbox 203 2760 1777 2837">
     <span class='ocr_line' id='line_1_40' title="bbox 203 2760 1777 2837; baseline 0.01 -25"><span class='ocrx_word' id='word_1_293' title='bbox 203 2760 436 2815; x_wconf 84' lang='lat' dir='ltr'><strong>minavit</strong></span> <span class='ocrx_word' id='word_1_294' title='bbox 455 2779 471 2827; x_wconf 89' lang='lat'><strong>;</strong></span> <span class='ocrx_word' id='word_1_295' title='bbox 493 2776 631 2831; x_wconf 86' lang='lat' dir='ltr'><strong>epus</strong></span> <span class='ocrx_word' id='word_1_296' title='bbox 651 2770 902 2818; x_wconf 84' lang='lat' dir='ltr'><strong>estnunc</strong></span> <span class='ocrx_word' id='word_1_297' title='bbox 930 2766 1098 2818; x_wconf 88' lang='lat' dir='ltr'><strong>multa</strong></span> <span class='ocrx_word' id='word_1_298' title='bbox 1120 2766 1401 2837; x_wconf 83' lang='lat' dir='ltr'><strong>diligentia</strong></span> <span class='ocrx_word' id='word_1_299' title='bbox 1429 2768 1497 2823; x_wconf 91' lang='lat' dir='ltr'><strong>ad</strong></span> <span class='ocrx_word' id='word_1_300' title='bbox 1520 2772 1777 2827; x_wconf 82' lang='lat' dir='ltr'><strong>excolen-</strong></span> 
     </span>
    </p>
   </div>
   <div class='ocr_carea' id='block_1_41' title="bbox 201 2852 1777 2940">
    <p class='ocr_par' dir='ltr' id='par_1_41' title="bbox 201 2852 1777 2940">
     <span class='ocr_line' id='line_1_41' title="bbox 201 2852 1777 2940; baseline 0.01 -35"><span class='ocrx_word' id='word_1_301' title='bbox 201 2852 330 2906; x_wconf 89' lang='lat' dir='ltr'><strong>dum</strong></span> <span class='ocrx_word' id='word_1_302' title='bbox 382 2868 483 2909; x_wconf 90' lang='lat' dir='ltr'><strong>rus</strong></span> <span class='ocrx_word' id='word_1_303' title='bbox 519 2854 719 2910; x_wconf 90' lang='lat' dir='ltr'><strong>mentis</strong></span> <span class='ocrx_word' id='word_1_304' title='bbox 766 2864 985 2923; x_wconf 83' lang='lat' dir='ltr'><strong>vestra,</strong></span> <span class='ocrx_word' id='word_1_305' title='bbox 1037 2868 1097 2913; x_wconf 90' lang='lat' dir='ltr'><strong>ut</strong></span> <span class='ocrx_word' id='word_1_306' title='bbox 1153 2859 1257 2916; x_wconf 88' lang='lat' dir='ltr'><strong>hoc</strong></span> <span class='ocrx_word' id='word_1_307' title='bbox 1297 2877 1480 2917; x_wconf 89' lang='lat' dir='ltr'><strong>sermo</strong></span> <span class='ocrx_word' id='word_1_308' title='bbox 1532 2864 1777 2940; x_wconf 85' lang='lat' dir='ltr'><strong>veritatis</strong></span> 
     </span>
    </p>
   </div>
   <div class='ocr_carea' id='block_1_42' title="bbox 203 2944 1776 3027">
    <p class='ocr_par' dir='ltr' id='par_1_42' title="bbox 203 2944 1776 3027">
     <span class='ocr_line' id='line_1_42' title="bbox 203 2944 1776 3027; baseline 0.01 -30"><span class='ocrx_word' id='word_1_309' title='bbox 203 2944 314 3015; x_wconf 88' lang='lat' dir='ltr'><strong>(qui</strong></span> <span class='ocrx_word' id='word_1_310' title='bbox 350 2954 439 3001; x_wconf 83' lang='lat' dir='ltr'><strong>est</strong></span> <span class='ocrx_word' id='word_1_311' title='bbox 468 2963 631 3003; x_wconf 82' lang='lat' dir='ltr'><strong>verus</strong></span> <span class='ocrx_word' id='word_1_312' title='bbox 662 2958 715 3004; x_wconf 90' lang='lat' dir='ltr'><strong>et</strong></span> <span class='ocrx_word' id='word_1_313' title='bbox 757 2948 994 3021; x_wconf 87' lang='lat' dir='ltr'><strong>diligens</strong></span> <span class='ocrx_word' id='word_1_314' title='bbox 1024 2953 1207 3007; x_wconf 87' lang='lat' dir='ltr'><strong>cordis</strong></span> <span class='ocrx_word' id='word_1_315' title='bbox 1251 2954 1502 3027; x_wconf 90' lang='lat' dir='ltr'><strong>colonus)</strong></span> <span class='ocrx_word' id='word_1_316' title='bbox 1534 2957 1776 3013; x_wconf 88' lang='lat' dir='ltr'><strong>assiduis</strong></span> 
     </span>
    </p>
   </div>
   <div class='ocr_carea' id='block_1_43' title="bbox 198 3039 1775 3118">
    <p class='ocr_par' dir='ltr' id='par_1_43' title="bbox 198 3039 1775 3118">
     <span class='ocr_line' id='line_1_43' title="bbox 198 3039 1775 3118; baseline 0.011 -27"><span class='ocrx_word' id='word_1_317' title='bbox 198 3040 422 3094; x_wconf 72' lang='lat' dir='ltr'><strong>excolat</strong></span> <span class='ocrx_word' id='word_1_318' title='bbox 447 3039 779 3112; x_wconf 89' lang='lat' dir='ltr'><strong>disciplinis.</strong></span> <span class='ocrx_word' id='word_1_319' title='bbox 811 3039 1068 3100; x_wconf 86' lang='lat' dir='ltr'><strong>Vestrum</strong></span> <span class='ocrx_word' id='word_1_320' title='bbox 1099 3062 1233 3117; x_wconf 87' lang='lat' dir='ltr'><strong>ergo</strong></span> <span class='ocrx_word' id='word_1_321' title='bbox 1261 3056 1347 3102; x_wconf 90' lang='lat' dir='ltr'><strong>est</strong></span> <span class='ocrx_word' id='word_1_322' title='bbox 1370 3050 1611 3118; x_wconf 86' lang='lat' dir='ltr'><strong>prabere</strong></span> <span class='ocrx_word' id='word_1_323' title='bbox 1640 3050 1775 3106; x_wconf 85' lang='lat' dir='ltr'><strong>obe-</strong></span> 
     </span>
    </p>
   </div>
   <div class='ocr_carea' id='block_1_44' title="bbox 201 3132 1781 3215">
    <p class='ocr_par' dir='ltr' id='par_1_44' title="bbox 201 3132 1781 3215">
     <span class='ocr_line' id='line_1_44' title="bbox 201 3132 1781 3215; baseline 0.011 -31"><span class='ocrx_word' id='word_1_324' title='bbox 201 3132 492 3198; x_wconf 83' lang='lat' dir='ltr'><strong>dientiam,</strong></span> <span class='ocrx_word' id='word_1_325' title='bbox 528 3143 583 3190; x_wconf 91' lang='lat' dir='ltr'><strong>et</strong></span> <span class='ocrx_word' id='word_1_326' title='bbox 612 3137 1005 3208; x_wconf 89' lang='lat' dir='ltr'><strong>occupationes</strong></span> <span class='ocrx_word' id='word_1_327' title='bbox 1044 3153 1108 3193; x_wconf 91' lang='lat' dir='ltr'><strong>ac</strong></span> <span class='ocrx_word' id='word_1_328' title='bbox 1151 3140 1552 3199; x_wconf 88' lang='lat' dir='ltr'><strong>sollicitudines</strong></span> <span class='ocrx_word' id='word_1_329' title='bbox 1586 3160 1781 3215; x_wconf 82' lang='lat' dir='ltr'><strong>super-</strong></span> 
     </span>
    </p>
   </div>
   <div class='ocr_carea' id='block_1_45' title="bbox 202 3225 1777 3305">
    <p class='ocr_par' dir='ltr' id='par_1_45' title="bbox 202 3225 1777 3305">
     <span class='ocr_line' id='line_1_45' title="bbox 202 3225 1777 3305; baseline 0.007 -26"><span class='ocrx_word' id='word_1_330' title='bbox 202 3225 342 3282; x_wconf 76' lang='lat' dir='ltr'><strong>ﬂuas</strong></span> <span class='ocrx_word' id='word_1_331' title='bbox 402 3238 688 3299; x_wconf 85' lang='lat' dir='ltr'><strong>amputare</strong></span> <span class='ocrx_word' id='word_1_332' title='bbox 716 3271 733 3295; x_wconf 87' lang='lat'><strong>,</strong></span> <span class='ocrx_word' id='word_1_333' title='bbox 793 3247 860 3286; x_wconf 91' lang='lat' dir='ltr'><strong>ne</strong></span> <span class='ocrx_word' id='word_1_334' title='bbox 906 3233 1109 3288; x_wconf 87' lang='lat' dir='ltr'><strong>bonum</strong></span> <span class='ocrx_word' id='word_1_335' title='bbox 1168 3234 1321 3290; x_wconf 86' lang='lat' dir='ltr'><strong>verbi</strong></span> <span class='ocrx_word' id='word_1_336' title='bbox 1361 3252 1545 3293; x_wconf 88' lang='lat' dir='ltr'><strong>semen</strong></span> <span class='ocrx_word' id='word_1_337' title='bbox 1586 3244 1777 3305; x_wconf 87' lang='lat' dir='ltr'><strong>enecet</strong></span> 
     </span>
    </p>
   </div>
   <div class='ocr_carea' id='block_1_46' title="bbox 198 3320 1777 3401">
    <p class='ocr_par' dir='ltr' id='par_1_46' title="bbox 198 3320 1777 3401">
     <span class='ocr_line' id='line_1_46' title="bbox 198 3320 1777 3401; baseline 0.008 -28"><span class='ocrx_word' id='word_1_338' title='bbox 198 3320 428 3373; x_wconf 77' lang='lat' dir='ltr'><strong>noxium</strong></span> <span class='ocrx_word' id='word_1_339' title='bbox 456 3336 699 3390; x_wconf 84' lang='lat' dir='ltr'><strong>germen.</strong></span> <span class='ocrx_word' id='word_1_340' title='bbox 732 3321 916 3378; x_wconf 86' lang='lat' dir='ltr'><strong>Potest</strong></span> <span class='ocrx_word' id='word_1_341' title='bbox 947 3325 1091 3380; x_wconf 90' lang='lat' dir='ltr'><strong>enim</strong></span> <span class='ocrx_word' id='word_1_342' title='bbox 1123 3326 1263 3393; x_wconf 82' lang='lat' dir='ltr'><strong>fieri,</strong></span> <span class='ocrx_word' id='word_1_343' title='bbox 1306 3337 1364 3383; x_wconf 91' lang='lat' dir='ltr'><strong>ut</strong></span> <span class='ocrx_word' id='word_1_344' title='bbox 1388 3329 1543 3382; x_wconf 89' lang='lat' dir='ltr'><strong>multi</strong></span> <span class='ocrx_word' id='word_1_345' title='bbox 1573 3338 1777 3401; x_wconf 89' lang='lat' dir='ltr'><strong>tempo-</strong></span> 
     </span>
    </p>
   </div>
   <div class='ocr_carea' id='block_1_47' title="bbox 197 3410 1775 3499">
    <p class='ocr_par' dir='ltr' id='par_1_47' title="bbox 197 3410 1775 3499">
     <span class='ocr_line' id='line_1_47' title="bbox 197 3410 1775 3499; baseline 0.008 -35"><span class='ocrx_word' id='word_1_346' title='bbox 197 3410 272 3466; x_wconf 88' lang='lat' dir='ltr'><strong>ris</strong></span> <span class='ocrx_word' id='word_1_347' title='bbox 306 3412 702 3482; x_wconf 88' lang='lat' dir='ltr'><strong>negligentiam</strong></span> <span class='ocrx_word' id='word_1_348' title='bbox 742 3414 926 3471; x_wconf 85' lang='lat' dir='ltr'><strong>brevis</strong></span> <span class='ocrx_word' id='word_1_349' title='bbox 955 3423 1009 3470; x_wconf 93' lang='lat' dir='ltr'><strong>et</strong></span> <span class='ocrx_word' id='word_1_350' title='bbox 1041 3417 1266 3473; x_wconf 88' lang='lat' dir='ltr'><strong>assidua</strong></span> <span class='ocrx_word' id='word_1_351' title='bbox 1298 3432 1515 3490; x_wconf 87' lang='lat' dir='ltr'><strong>reparet</strong></span> <span class='ocrx_word' id='word_1_352' title='bbox 1541 3421 1775 3499; x_wconf 83' lang='lat' dir='ltr'><strong>diligen-</strong></span> 
     </span>
    </p>
   </div>
   <div class='ocr_carea' id='block_1_48' title="bbox 197 3503 1775 3584">
    <p class='ocr_par' dir='ltr' id='par_1_48' title="bbox 197 3503 1775 3584">
     <span class='ocr_line' id='line_1_48' title="bbox 197 3503 1775 3584; baseline 0.008 -27"><span class='ocrx_word' id='word_1_353' title='bbox 197 3505 290 3560; x_wconf 81' lang='lat' dir='ltr'><strong>tia.</strong></span> <span class='ocrx_word' id='word_1_354' title='bbox 340 3503 616 3560; x_wconf 85' lang='lat' dir='ltr'><strong>Incertum</strong></span> <span class='ocrx_word' id='word_1_355' title='bbox 654 3522 891 3578; x_wconf 87' lang='lat' dir='ltr'><strong>namque</strong></span> <span class='ocrx_word' id='word_1_356' title='bbox 944 3518 1029 3565; x_wconf 89' lang='lat' dir='ltr'><strong>est</strong></span> <span class='ocrx_word' id='word_1_357' title='bbox 1078 3512 1515 3584; x_wconf 88' lang='lat' dir='ltr'><strong>uniuscujusque</strong></span> <span class='ocrx_word' id='word_1_358' title='bbox 1560 3520 1775 3584; x_wconf 78' lang='lat' dir='ltr'><strong>tempus</strong></span> 
     </span>
    </p>
   </div>
   <div class='ocr_carea' id='block_1_49' title="bbox 196 3599 1773 3673">
    <p class='ocr_par' dir='ltr' id='par_1_49' title="bbox 196 3599 1773 3673">
     <span class='ocr_line' id='line_1_49' title="bbox 196 3599 1773 3673; baseline 0.006 -21"><span class='ocrx_word' id='word_1_359' title='bbox 196 3603 346 3655; x_wconf 78' lang='lat' dir='ltr'><strong>vita.</strong></span> <span class='ocrx_word' id='word_1_360' title='bbox 379 3599 447 3653; x_wconf 88' lang='lat' dir='ltr'><strong>Et</strong></span> <span class='ocrx_word' id='word_1_361' title='bbox 480 3601 601 3657; x_wconf 89' lang='lat' dir='ltr'><strong>ideo</strong></span> <span class='ocrx_word' id='word_1_362' title='bbox 631 3600 1001 3658; x_wconf 79' lang='lat' dir='ltr'><strong>festinandum</strong></span> <span class='ocrx_word' id='word_1_363' title='bbox 1026 3613 1110 3660; x_wconf 88' lang='lat' dir='ltr'><strong>est</strong></span> <span class='ocrx_word' id='word_1_364' title='bbox 1144 3606 1209 3659; x_wconf 88' lang='lat' dir='ltr'><strong>ad</strong></span> <span class='ocrx_word' id='word_1_365' title='bbox 1242 3606 1495 3673; x_wconf 84' lang='lat' dir='ltr'><strong>salutem,</strong></span> <span class='ocrx_word' id='word_1_366' title='bbox 1524 3623 1594 3662; x_wconf 90' lang='lat' dir='ltr'><strong>ne</strong></span> <span class='ocrx_word' id='word_1_367' title='bbox 1630 3607 1773 3663; x_wconf 84' lang='lat' dir='ltr'><strong>forte</strong></span> 
     </span>
    </p>
   </div>
   <div class='ocr_carea' id='block_1_50' title="bbox 194 3697 1842 3779">
    <p class='ocr_par' dir='ltr' id='par_1_50' title="bbox 194 3697 1842 3779">
     <span class='ocr_line' id='line_1_50' title="bbox 194 3697 1842 3779; baseline 0.004 -32"><span class='ocrx_word' id='word_1_368' title='bbox 194 3702 550 3749; x_wconf 84' lang='lat' dir='ltr'><strong>cunctantem</strong></span> <span class='ocrx_word' id='word_1_369' title='bbox 571 3710 720 3752; x_wconf 90' lang='lat' dir='ltr'><strong>mors</strong></span> <span class='ocrx_word' id='word_1_370' title='bbox 743 3697 1026 3766; x_wconf 88' lang='lat' dir='ltr'><strong>repentina</strong></span> <span class='ocrx_word' id='word_1_371' title='bbox 1052 3697 1428 3766; x_wconf 64' lang='lat' dir='ltr'><strong>praeveniat.”</strong></span> <span class='ocrx_word' id='word_1_372' title='bbox 1478 3698 1545 3753; x_wconf 84' lang='lat' dir='ltr'><strong>Et</strong></span> <span class='ocrx_word' id='word_1_373' title='bbox 1572 3700 1642 3754; x_wconf 86' lang='lat' dir='ltr'><strong>ob</strong></span> <span class='ocrx_word' id='word_1_374' title='bbox 1670 3700 1774 3754; x_wconf 89' lang='lat' dir='ltr'><strong>boc</strong></span> <span class='ocrx_word' id='word_1_375' title='bbox 1801 3721 1842 3779; x_wconf 73' lang='grc' dir='ltr'>ο</span> 
     </span>
    </p>
   </div>
   <div class='ocr_carea' id='block_1_51' title="bbox 192 3786 1772 3863">
    <p class='ocr_par' dir='ltr' id='par_1_51' title="bbox 192 3786 1772 3863">
     <span class='ocr_line' id='line_1_51' title="bbox 192 3786 1772 3863; baseline 0.005 -24"><span class='ocrx_word' id='word_1_376' title='bbox 192 3786 384 3842; x_wconf 89' lang='lat' dir='ltr'><strong>acrius</strong></span> <span class='ocrx_word' id='word_1_377' title='bbox 433 3787 786 3843; x_wconf 89' lang='lat' dir='ltr'><strong>adnitendum</strong></span> <span class='ocrx_word' id='word_1_378' title='bbox 819 3789 999 3854; x_wconf 77' lang='lat' dir='ltr'><strong>“est,</strong></span> <span class='ocrx_word' id='word_1_379' title='bbox 1051 3798 1132 3850; x_wconf 83' lang='lat' dir='ltr'><strong>ut,</strong></span> <span class='ocrx_word' id='word_1_380' title='bbox 1185 3790 1313 3845; x_wconf 90' lang='lat' dir='ltr'><strong>dum</strong></span> <span class='ocrx_word' id='word_1_381' title='bbox 1371 3800 1457 3846; x_wconf 87' lang='lat' dir='ltr'><strong>est</strong></span> <span class='ocrx_word' id='word_1_382' title='bbox 1511 3793 1772 3863; x_wconf 87' lang='lat' dir='ltr'><strong>temporis</strong></span> 
     </span>
    </p>
   </div>
   <div class='ocr_carea' id='block_1_52' title="bbox 192 3881 1773 3951">
    <p class='ocr_par' dir='ltr' id='par_1_52' title="bbox 192 3881 1773 3951">
     <span class='ocr_line' id='line_1_52' title="bbox 192 3881 1773 3951; baseline 0.003 -14"><span class='ocrx_word' id='word_1_383' title='bbox 192 3881 463 3951; x_wconf 72' lang='lat' dir='ltr'><strong>spatium,</strong></span> <span class='ocrx_word' id='word_1_384' title='bbox 495 3882 721 3937; x_wconf 90' lang='lat' dir='ltr'><strong>collecta</strong></span> <span class='ocrx_word' id='word_1_385' title='bbox 752 3883 906 3937; x_wconf 85' lang='lat' dir='ltr'><strong>mala</strong></span> <span class='ocrx_word' id='word_1_386' title='bbox 929 3883 1345 3939; x_wconf 89' lang='lat' dir='ltr'><strong>consuetudinis</strong></span> <span class='ocrx_word' id='word_1_387' title='bbox 1365 3884 1495 3939; x_wconf 90' lang='lat' dir='ltr'><strong>vitia</strong></span> <span class='ocrx_word' id='word_1_388' title='bbox 1524 3900 1773 3941; x_wconf 82' lang='lat' dir='ltr'><strong>resecen-</strong></span> 
     </span>
    </p>
   </div>
   <div class='ocr_carea' id='block_1_53' title="bbox 194 3972 1773 4045">
    <p class='ocr_par' dir='ltr' id='par_1_53' title="bbox 194 3972 1773 4045">
     <span class='ocr_line' id='line_1_53' title="bbox 194 3972 1773 4045; baseline 0.002 -17"><span class='ocrx_word' id='word_1_389' title='bbox 194 3981 305 4029; x_wconf 89' lang='lat' dir='ltr'><strong>tur.</strong></span> <span class='ocrx_word' id='word_1_390' title='bbox 342 3972 500 4039; x_wconf 87' lang='lat' dir='ltr'><strong>Quod</strong></span> <span class='ocrx_word' id='word_1_391' title='bbox 531 3990 641 4029; x_wconf 90' lang='lat' dir='ltr'><strong>non</strong></span> <span class='ocrx_word' id='word_1_392' title='bbox 694 3974 854 4029; x_wconf 88' lang='lat' dir='ltr'><strong>aliter</strong></span> <span class='ocrx_word' id='word_1_393' title='bbox 886 3974 1065 4031; x_wconf 80' lang='lat' dir='ltr'><strong>facere</strong></span> <span class='ocrx_word' id='word_1_394' title='bbox 1108 3976 1377 4045; x_wconf 87' lang='lat' dir='ltr'><strong>poteritis,</strong></span> <span class='ocrx_word' id='word_1_395' title='bbox 1422 3976 1527 4031; x_wconf 90' lang='lat' dir='ltr'><strong>nisi</strong></span> <span class='ocrx_word' id='word_1_396' title='bbox 1560 3985 1617 4031; x_wconf 90' lang='lat' dir='ltr'><strong>ut</strong></span> <span class='ocrx_word' id='word_1_397' title='bbox 1664 3977 1773 4031; x_wconf 85' lang='lat' dir='ltr'><strong>ira-</strong></span> 
     </span>
    </p>
   </div>
   <div class='ocr_carea' id='block_1_54' title="bbox 190 4068 1775 4140">
    <p class='ocr_par' dir='ltr' id='par_1_54' title="bbox 190 4068 1775 4140">
     <span class='ocr_line' id='line_1_54' title="bbox 190 4068 1775 4140; baseline 0.001 -17"><span class='ocrx_word' id='word_1_398' title='bbox 190 4068 432 4123; x_wconf 78' lang='lat' dir='ltr'><strong>scamini</strong></span> <span class='ocrx_word' id='word_1_399' title='bbox 467 4068 867 4138; x_wconf 89' lang='lat' dir='ltr'><strong>quodammodo</strong></span> <span class='ocrx_word' id='word_1_400' title='bbox 922 4068 1209 4125; x_wconf 88' lang='lat' dir='ltr'><strong>adversum</strong></span> <span class='ocrx_word' id='word_1_401' title='bbox 1259 4070 1620 4139; x_wconf 81' lang='lat' dir='ltr'><strong>vosmetipsos</strong></span> <span class='ocrx_word' id='word_1_402' title='bbox 1674 4087 1775 4140; x_wconf 91' lang='lat' dir='ltr'><strong>pro</strong></span> 
     </span>
    </p>
   </div>
   <div class='ocr_carea' id='block_1_55' title="bbox 190 4160 1769 4231">
    <p class='ocr_par' dir='ltr' id='par_1_55' title="bbox 190 4160 1769 4231">
     <span class='ocr_line' id='line_1_55' title="bbox 190 4160 1769 4231; baseline 0.002 -16"><span class='ocrx_word' id='word_1_403' title='bbox 190 4160 279 4216; x_wconf 86' lang='lat' dir='ltr'><strong>bis</strong></span> <span class='ocrx_word' id='word_1_404' title='bbox 310 4175 437 4231; x_wconf 80' lang='lat' dir='ltr'><strong>qua</strong></span> <span class='ocrx_word' id='word_1_405' title='bbox 467 4161 732 4216; x_wconf 88' lang='lat' dir='ltr'><strong>inutiliter</strong></span> <span class='ocrx_word' id='word_1_406' title='bbox 785 4161 1036 4231; x_wconf 89' lang='lat' dir='ltr'><strong>gessistis</strong></span> <span class='ocrx_word' id='word_1_407' title='bbox 1064 4176 1128 4215; x_wconf 90' lang='lat' dir='ltr'><strong>ac</strong></span> <span class='ocrx_word' id='word_1_408' title='bbox 1168 4162 1421 4230; x_wconf 88' lang='lat' dir='ltr'><strong>turpiter.</strong></span> <span class='ocrx_word' id='word_1_409' title='bbox 1457 4161 1583 4217; x_wconf 84' lang='lat' dir='ltr'><strong>Hac</strong></span> <span class='ocrx_word' id='word_1_410' title='bbox 1621 4162 1769 4218; x_wconf 91' lang='lat' dir='ltr'><strong>enim</strong></span> 
     </span>
    </p>
   </div>
   <div class='ocr_carea' id='block_1_56' title="bbox 189 4240 1766 4325">
    <p class='ocr_par' dir='ltr' id='par_1_56' title="bbox 189 4240 1766 4325">
     <span class='ocr_line' id='line_1_56' title="bbox 189 4240 1766 4325; baseline 0.001 -16"><span class='ocrx_word' id='word_1_411' title='bbox 189 4240 275 4309; x_wconf 74' lang='lat' dir='ltr'><strong>est</strong></span> <span class='ocrx_word' id='word_1_412' title='bbox 308 4249 465 4309; x_wconf 80' lang='lat' dir='ltr'><strong>utilis</strong></span> <span class='ocrx_word' id='word_1_413' title='bbox 492 4255 539 4287; x_wconf 86' lang='grc'><strong>⁸⁷</strong></span> <span class='ocrx_word' id='word_1_414' title='bbox 563 4256 671 4309; x_wconf 89' lang='lat' dir='ltr'><strong>vita</strong></span> <span class='ocrx_word' id='word_1_415' title='bbox 700 4256 768 4319; x_wconf 83' lang='grc'><strong>⁸⁸,</strong></span> <span class='ocrx_word' id='word_1_416' title='bbox 794 4256 1013 4325; x_wconf 87' lang='lat' dir='ltr'><strong>etjusta</strong></span> <span class='ocrx_word' id='word_1_417' title='bbox 1034 4265 1089 4310; x_wconf 90' lang='lat' dir='ltr'><strong>et</strong></span> <span class='ocrx_word' id='word_1_418' title='bbox 1120 4257 1431 4311; x_wconf 90' lang='lat' dir='ltr'><strong>necessaria</strong></span> <span class='ocrx_word' id='word_1_419' title='bbox 1462 4257 1766 4321; x_wconf 87' lang='lat' dir='ltr'><strong>iracundia,</strong></span> 
     </span>
    </p>
   </div>
   <div class='ocr_carea' id='block_1_57' title="bbox 192 4347 1767 4421">
    <p class='ocr_par' dir='ltr' id='par_1_57' title="bbox 192 4347 1767 4421">
     <span class='ocr_line' id='line_1_57' title="bbox 192 4347 1767 4421; baseline 0.001 -20"><span class='ocrx_word' id='word_1_420' title='bbox 192 4356 250 4401; x_wconf 86' lang='lat' dir='ltr'><strong>ut</strong></span> <span class='ocrx_word' id='word_1_421' title='bbox 280 4348 688 4417; x_wconf 86' lang='lat' dir='ltr'><strong>unusquisque,</strong></span> <span class='ocrx_word' id='word_1_422' title='bbox 745 4347 800 4402; x_wconf 91' lang='lat' dir='ltr'><strong>in</strong></span> <span class='ocrx_word' id='word_1_423' title='bbox 851 4349 1052 4418; x_wconf 88' lang='lat' dir='ltr'><strong>quibus</strong></span> <span class='ocrx_word' id='word_1_424' title='bbox 1100 4351 1328 4414; x_wconf 85' lang='lat' dir='ltr'><strong>erravit,</strong></span> <span class='ocrx_word' id='word_1_425' title='bbox 1379 4358 1435 4403; x_wconf 88' lang='lat' dir='ltr'><strong>et</strong></span> <span class='ocrx_word' id='word_1_426' title='bbox 1482 4364 1767 4421; x_wconf 85' lang='lat' dir='ltr'><strong>perperam</strong></span> 
     </span>
    </p>
   </div>
   <div class='ocr_carea' id='block_1_58' title="bbox 189 4440 1764 4513">
    <p class='ocr_par' dir='ltr' id='par_1_58' title="bbox 189 4440 1764 4513">
     <span class='ocr_line' id='line_1_58' title="bbox 189 4440 1764 4513; baseline 0.001 -17"><span class='ocrx_word' id='word_1_427' title='bbox 189 4442 385 4510; x_wconf 83' lang='lat' dir='ltr'><strong>gessit,</strong></span> <span class='ocrx_word' id='word_1_428' title='bbox 415 4440 751 4512; x_wconf 88' lang='lat' dir='ltr'><strong>indignetur,</strong></span> <span class='ocrx_word' id='word_1_429' title='bbox 790 4449 844 4497; x_wconf 90' lang='lat' dir='ltr'><strong>et</strong></span> <span class='ocrx_word' id='word_1_430' title='bbox 888 4442 1243 4512; x_wconf 80' lang='lat' dir='ltr'><strong>semetipsum</strong></span> <span class='ocrx_word' id='word_1_431' title='bbox 1273 4451 1514 4497; x_wconf 89' lang='lat' dir='ltr'><strong>accuset.</strong></span> <span class='ocrx_word' id='word_1_432' title='bbox 1551 4441 1628 4496; x_wconf 78' lang='lat' dir='ltr'><strong>Ex</strong></span> <span class='ocrx_word' id='word_1_433' title='bbox 1658 4458 1764 4513; x_wconf 88' lang='lat' dir='ltr'><strong>qua</strong></span> 
     </span>
    </p>
   </div>
   <div class='ocr_carea' id='block_1_59' title="bbox 189 4534 1763 4607">
    <p class='ocr_par' dir='ltr' id='par_1_59' title="bbox 189 4534 1763 4607">
     <span class='ocr_line' id='line_1_59' title="bbox 189 4534 1763 4607; baseline 0.003 -21"><span class='ocrx_word' id='word_1_434' title='bbox 189 4534 574 4605; x_wconf 88' lang='lat' dir='ltr'><strong>indignatione</strong></span> <span class='ocrx_word' id='word_1_435' title='bbox 607 4534 927 4590; x_wconf 85' lang='lat' dir='ltr'><strong>accenditur</strong></span> <span class='ocrx_word' id='word_1_436' title='bbox 955 4534 1011 4589; x_wconf 89' lang='lat' dir='ltr'><strong>in</strong></span> <span class='ocrx_word' id='word_1_437' title='bbox 1042 4536 1203 4590; x_wconf 89' lang='lat' dir='ltr'><strong>nobis</strong></span> <span class='ocrx_word' id='word_1_438' title='bbox 1234 4536 1377 4606; x_wconf 87' lang='lat' dir='ltr'><strong>ignis</strong></span> <span class='ocrx_word' id='word_1_439' title='bbox 1403 4535 1644 4606; x_wconf 91' lang='lat' dir='ltr'><strong>quidam,</strong></span> <span class='ocrx_word' id='word_1_440' title='bbox 1673 4539 1763 4607; x_wconf 92' lang='lat' dir='ltr'><strong>qui</strong></span> 
     </span>
    </p>
   </div>
   <div class='ocr_carea' id='block_1_60' title="bbox 190 4626 1766 4699">
    <p class='ocr_par' dir='ltr' id='par_1_60' title="bbox 190 4626 1766 4699">
     <span class='ocr_line' id='line_1_60' title="bbox 190 4626 1766 4699; baseline 0.003 -20"><span class='ocrx_word' id='word_1_441' title='bbox 190 4627 345 4681; x_wconf 86' lang='lat' dir='ltr'><strong>velut</strong></span> <span class='ocrx_word' id='word_1_442' title='bbox 376 4641 510 4696; x_wconf 86' lang='lat' dir='ltr'><strong>agro</strong></span> <span class='ocrx_word' id='word_1_443' title='bbox 541 4626 717 4681; x_wconf 87' lang='lat' dir='ltr'><strong>sterili</strong></span> <span class='ocrx_word' id='word_1_444' title='bbox 739 4626 1039 4691; x_wconf 89' lang='lat' dir='ltr'><strong>immissus,</strong></span> <span class='ocrx_word' id='word_1_445' title='bbox 1073 4629 1418 4699; x_wconf 86' lang='lat' dir='ltr'><strong>consumptis</strong></span> <span class='ocrx_word' id='word_1_446' title='bbox 1441 4634 1494 4683; x_wconf 88' lang='lat' dir='ltr'><strong>et</strong></span> <span class='ocrx_word' id='word_1_447' title='bbox 1522 4629 1766 4684; x_wconf 81' lang='lat' dir='ltr'><strong>excoctis</strong></span> 
     </span>
    </p>
   </div>
   <div class='ocr_carea' id='block_1_61' title="bbox 190 4718 1767 4789">
    <p class='ocr_par' dir='ltr' id='par_1_61' title="bbox 190 4718 1767 4789">
     <span class='ocr_line' id='line_1_61' title="bbox 190 4718 1767 4789; baseline 0.003 -19"><span class='ocrx_word' id='word_1_448' title='bbox 190 4718 476 4773; x_wconf 85' lang='lat' dir='ltr'><strong>radicibus</strong></span> <span class='ocrx_word' id='word_1_449' title='bbox 499 4719 750 4789; x_wconf 89' lang='lat' dir='ltr'><strong>pessima</strong></span> <span class='ocrx_word' id='word_1_450' title='bbox 778 4718 1075 4775; x_wconf 88' lang='lat' dir='ltr'><strong>voluntatis</strong></span> <span class='ocrx_word' id='word_1_451' title='bbox 1104 4720 1173 4785; x_wconf 78' lang='grc'><strong>⁸³,</strong></span> <span class='ocrx_word' id='word_1_452' title='bbox 1203 4720 1348 4774; x_wconf 93' lang='lat' dir='ltr'><strong>bono</strong></span> <span class='ocrx_word' id='word_1_453' title='bbox 1379 4720 1573 4776; x_wconf 89' lang='lat' dir='ltr'><strong>semini</strong></span> <span class='ocrx_word' id='word_1_454' title='bbox 1603 4721 1767 4775; x_wconf 83' lang='lat' dir='ltr'><strong>verbo</strong></span> 
     </span>
    </p>
   </div>
   <div class='ocr_carea' id='block_1_62' title="bbox 192 4808 1767 4884">
    <p class='ocr_par' dir='ltr' id='par_1_62' title="bbox 192 4808 1767 4884">
     <span class='ocr_line' id='line_1_62' title="bbox 192 4808 1767 4884; baseline 0.002 -20"><span class='ocrx_word' id='word_1_455' title='bbox 192 4808 287 4864; x_wconf 87' lang='lat' dir='ltr'><strong>Dei</strong></span> <span class='ocrx_word' id='word_1_456' title='bbox 315 4810 691 4867; x_wconf 84' lang='lat' dir='ltr'><strong>fecundiorem</strong></span> <span class='ocrx_word' id='word_1_457' title='bbox 723 4812 906 4868; x_wconf 87' lang='lat' dir='ltr'><strong>cordis</strong></span> <span class='ocrx_word' id='word_1_458' title='bbox 937 4822 1205 4883; x_wconf 76' lang='lat' dir='ltr'><strong>praeparet</strong></span> <span class='ocrx_word' id='word_1_459' title='bbox 1238 4814 1470 4884; x_wconf 83' lang='lat' dir='ltr'><strong>glebam.</strong></span> <span class='ocrx_word' id='word_1_460' title='bbox 1513 4813 1651 4869; x_wconf 85' lang='lat' dir='ltr'><strong>Puto</strong></span> <span class='ocrx_word' id='word_1_461' title='bbox 1676 4830 1767 4867; x_wconf 89' lang='lat' dir='ltr'><strong>au-</strong></span> 
     </span>
    </p>
   </div>
   <div class='ocr_carea' id='block_1_63' title="bbox 189 4905 1761 4976">
    <p class='ocr_par' dir='ltr' id='par_1_63' title="bbox 189 4905 1761 4976">
     <span class='ocr_line' id='line_1_63' title="bbox 189 4905 1761 4976; baseline 0.001 -17"><span class='ocrx_word' id='word_1_462' title='bbox 189 4913 327 4967; x_wconf 73' lang='lat' dir='ltr'><strong>tem,</strong></span> <span class='ocrx_word' id='word_1_463' title='bbox 356 4905 501 4975; x_wconf 89' lang='lat' dir='ltr'><strong>quod</strong></span> <span class='ocrx_word' id='word_1_464' title='bbox 534 4905 669 4961; x_wconf 88' lang='lat' dir='ltr'><strong>satis</strong></span> <span class='ocrx_word' id='word_1_465' title='bbox 700 4905 896 4976; x_wconf 86' lang='lat' dir='ltr'><strong>dignas</strong></span> <span class='ocrx_word' id='word_1_466' title='bbox 921 4906 1166 4962; x_wconf 81' lang='lat' dir='ltr'><strong>habeatis</strong></span> <span class='ocrx_word' id='word_1_467' title='bbox 1210 4922 1408 4962; x_wconf 88' lang='lat' dir='ltr'><strong>causas</strong></span> <span class='ocrx_word' id='word_1_468' title='bbox 1444 4905 1761 4969; x_wconf 89' lang='lat' dir='ltr'><strong>iracundia,</strong></span> 
     </span>
    </p>
   </div>
   <div class='ocr_carea' id='block_1_64' title="bbox 187 4998 1762 5070">
    <p class='ocr_par' dir='ltr' id='par_1_64' title="bbox 187 4998 1762 5070">
     <span class='ocr_line' id='line_1_64' title="bbox 187 4998 1762 5070; baseline 0.001 -18"><span class='ocrx_word' id='word_1_469' title='bbox 187 5010 257 5052; x_wconf 79' lang='lat' dir='ltr'><strong>ex</strong></span> <span class='ocrx_word' id='word_1_470' title='bbox 305 4998 508 5067; x_wconf 90' lang='lat' dir='ltr'><strong>quibus</strong></span> <span class='ocrx_word' id='word_1_471' title='bbox 550 4998 895 5068; x_wconf 74' lang='lat' dir='ltr'><strong>iustissimus</strong></span> <span class='ocrx_word' id='word_1_472' title='bbox 939 4999 1081 5070; x_wconf 87' lang='lat' dir='ltr'><strong>ignis</strong></span> <span class='ocrx_word' id='word_1_473' title='bbox 1134 5000 1237 5055; x_wconf 90' lang='lat' dir='ltr'><strong>iste</strong></span> <span class='ocrx_word' id='word_1_474' title='bbox 1266 5000 1541 5055; x_wconf 87' lang='lat' dir='ltr'><strong>coalescat</strong></span> <span class='ocrx_word' id='word_1_475' title='bbox 1582 4999 1671 5064; x_wconf 75' lang='grc'><strong>⁸³⁵,</strong></span> <span class='ocrx_word' id='word_1_476' title='bbox 1716 4999 1762 5054; x_wconf 91' lang='lat' dir='ltr'><strong>si</strong></span> 
     </span>
    </p>
   </div>
   <div class='ocr_carea' id='block_1_65' title="bbox 1881 2482 3457 2559">
    <p class='ocr_par' dir='ltr' id='par_1_65' title="bbox 1881 2482 3457 2559">
     <span class='ocr_line' id='line_1_65' title="bbox 1881 2482 3457 2559; baseline 0.008 -22"><span class='ocrx_word' id='word_1_477' title='bbox 1881 2482 2175 2559; x_wconf 85' lang='lat' dir='ltr'><strong>ceptricem</strong></span> <span class='ocrx_word' id='word_1_478' title='bbox 2218 2498 2373 2539; x_wconf 91' lang='lat' dir='ltr'><strong>suam</strong></span> <span class='ocrx_word' id='word_1_479' title='bbox 2413 2484 2766 2555; x_wconf 85' lang='lat' dir='ltr'><strong>conciperent</strong></span> <span class='ocrx_word' id='word_1_480' title='bbox 2802 2486 3187 2557; x_wconf 89' lang='lat' dir='ltr'><strong>ignorantiam.</strong></span> <span class='ocrx_word' id='word_1_481' title='bbox 3226 2489 3308 2548; x_wconf 93' lang='lat' dir='ltr'><strong>Ob</strong></span> <span class='ocrx_word' id='word_1_482' title='bbox 3352 2493 3457 2548; x_wconf 86' lang='lat' dir='ltr'><strong>hoc</strong></span> 
     </span>
    </p>
   </div>
   <div class='ocr_carea' id='block_1_66' title="bbox 1879 2573 3453 2655">
    <p class='ocr_par' dir='ltr' id='par_1_66' title="bbox 1879 2573 3453 2655">
     <span class='ocr_line' id='line_1_66' title="bbox 1879 2573 3453 2655; baseline 0.007 -28"><span class='ocrx_word' id='word_1_483' title='bbox 1879 2573 2063 2644; x_wconf 88' lang='lat' dir='ltr'><strong>itaque</strong></span> <span class='ocrx_word' id='word_1_484' title='bbox 2085 2574 2299 2630; x_wconf 87' lang='lat' dir='ltr'><strong>dicebat</strong></span> <span class='ocrx_word' id='word_1_485' title='bbox 2332 2594 2344 2632; x_wconf 91' lang='lat'><strong>:</strong></span> <span class='ocrx_word' id='word_1_486' title='bbox 2379 2574 2560 2647; x_wconf 83' lang='lat' dir='ltr'><strong>Ignem</strong></span> <span class='ocrx_word' id='word_1_487' title='bbox 2590 2578 2705 2631; x_wconf 83' lang='lat' dir='ltr'><strong>veni</strong></span> <span class='ocrx_word' id='word_1_488' title='bbox 2735 2580 2941 2635; x_wconf 85' lang='lat' dir='ltr'><strong>mittere</strong></span> <span class='ocrx_word' id='word_1_489' title='bbox 2969 2580 3023 2635; x_wconf 89' lang='lat' dir='ltr'><strong>in</strong></span> <span class='ocrx_word' id='word_1_490' title='bbox 3054 2574 3272 2646; x_wconf 83' lang='lat' dir='ltr'><strong>terram,</strong></span> <span class='ocrx_word' id='word_1_491' title='bbox 3304 2600 3453 2655; x_wconf 83' lang='lat' dir='ltr'><strong>quem</strong></span> 
     </span>
    </p>
   </div>
   <div class='ocr_carea' id='block_1_67' title="bbox 1877 2667 3463 2749">
    <p class='ocr_par' dir='ltr' id='par_1_67' title="bbox 1877 2667 3463 2749">
     <span class='ocr_line' id='line_1_67' title="bbox 1877 2667 3463 2749; baseline 0.009 -28"><span class='ocrx_word' id='word_1_492' title='bbox 1877 2667 1991 2722; x_wconf 79' lang='lat' dir='ltr'><strong>volo</strong></span> <span class='ocrx_word' id='word_1_493' title='bbox 2024 2678 2080 2721; x_wconf 85' lang='lat' dir='ltr'><strong>ut</strong></span> <span class='ocrx_word' id='word_1_494' title='bbox 2111 2668 2511 2725; x_wconf 79' lang='lat' dir='ltr'><strong>accendatur“.</strong></span> <span class='ocrx_word' id='word_1_495' title='bbox 2544 2668 2639 2724; x_wconf 90' lang='lat' dir='ltr'><strong>Est</strong></span> <span class='ocrx_word' id='word_1_496' title='bbox 2675 2686 2806 2744; x_wconf 88' lang='lat' dir='ltr'><strong>ergo</strong></span> <span class='ocrx_word' id='word_1_497' title='bbox 2834 2688 3013 2744; x_wconf 88' lang='lat' dir='ltr'><strong>pugna</strong></span> <span class='ocrx_word' id='word_1_498' title='bbox 3043 2675 3309 2745; x_wconf 84' lang='lat' dir='ltr'><strong>quadam,</strong></span> <span class='ocrx_word' id='word_1_499' title='bbox 3333 2694 3463 2749; x_wconf 70' lang='lat' dir='ltr'><strong>qua</strong></span> 
     </span>
    </p>
   </div>
   <div class='ocr_carea' id='block_1_68' title="bbox 1878 2759 3457 2831">
    <p class='ocr_par' dir='ltr' id='par_1_68' title="bbox 1878 2759 3457 2831">
     <span class='ocr_line' id='line_1_68' title="bbox 1878 2759 3457 2831; baseline 0.008 -17"><span class='ocrx_word' id='word_1_500' title='bbox 1878 2759 2113 2831; x_wconf 89' lang='lat' dir='ltr'><strong>gerenda</strong></span> <span class='ocrx_word' id='word_1_501' title='bbox 2137 2761 2297 2816; x_wconf 91' lang='lat' dir='ltr'><strong>nobis</strong></span> <span class='ocrx_word' id='word_1_502' title='bbox 2326 2771 2409 2817; x_wconf 87' lang='lat' dir='ltr'><strong>est</strong></span> <span class='ocrx_word' id='word_1_503' title='bbox 2435 2762 2488 2816; x_wconf 91' lang='lat' dir='ltr'><strong>in</strong></span> <span class='ocrx_word' id='word_1_504' title='bbox 2520 2762 2622 2817; x_wconf 87' lang='lat' dir='ltr'><strong>hac</strong></span> <span class='ocrx_word' id='word_1_505' title='bbox 2650 2764 2781 2820; x_wconf 91' lang='lat' dir='ltr'><strong>vita.</strong></span> <span class='ocrx_word' id='word_1_506' title='bbox 2815 2763 3007 2822; x_wconf 87' lang='lat' dir='ltr'><strong>Sermo</strong></span> <span class='ocrx_word' id='word_1_507' title='bbox 3035 2767 3181 2823; x_wconf 91' lang='lat' dir='ltr'><strong>enim</strong></span> <span class='ocrx_word' id='word_1_508' title='bbox 3205 2769 3457 2828; x_wconf 86' lang='lat' dir='ltr'><strong>veritatis</strong></span> 
     </span>
    </p>
   </div>
   <div class='ocr_carea' id='block_1_69' title="bbox 1878 2851 3457 2926">
    <p class='ocr_par' dir='ltr' id='par_1_69' title="bbox 1878 2851 3457 2926">
     <span class='ocr_line' id='line_1_69' title="bbox 1878 2851 3457 2926; baseline 0.009 -21"><span class='ocrx_word' id='word_1_509' title='bbox 1878 2858 1933 2905; x_wconf 91' lang='lat' dir='ltr'><strong>et</strong></span> <span class='ocrx_word' id='word_1_510' title='bbox 1963 2851 2205 2907; x_wconf 83' lang='lat' dir='ltr'><strong>scientia</strong></span> <span class='ocrx_word' id='word_1_511' title='bbox 2236 2855 2551 2909; x_wconf 90' lang='lat' dir='ltr'><strong>necessario</strong></span> <span class='ocrx_word' id='word_1_512' title='bbox 2573 2866 2789 2926; x_wconf 88' lang='lat' dir='ltr'><strong>separet</strong></span> <span class='ocrx_word' id='word_1_513' title='bbox 2812 2857 3064 2915; x_wconf 84' lang='lat' dir='ltr'><strong>homines</strong></span> <span class='ocrx_word' id='word_1_514' title='bbox 3094 2860 3162 2915; x_wconf 88' lang='lat' dir='ltr'><strong>ab</strong></span> <span class='ocrx_word' id='word_1_515' title='bbox 3191 2877 3378 2918; x_wconf 89' lang='lat' dir='ltr'><strong>errore</strong></span> <span class='ocrx_word' id='word_1_516' title='bbox 3400 2871 3457 2919; x_wconf 86' lang='lat' dir='ltr'><strong>et</strong></span> 
     </span>
    </p>
   </div>
   <div class='ocr_carea' id='block_1_70' title="bbox 1881 2944 3453 3023">
    <p class='ocr_par' dir='ltr' id='par_1_70' title="bbox 1881 2944 3453 3023">
     <span class='ocr_line' id='line_1_70' title="bbox 1881 2944 3453 3023; baseline 0.009 -26"><span class='ocrx_word' id='word_1_517' title='bbox 1881 2944 2221 3015; x_wconf 84' lang='lat' dir='ltr'><strong>ignorantia;</strong></span> <span class='ocrx_word' id='word_1_518' title='bbox 2284 2948 2429 3003; x_wconf 89' lang='lat' dir='ltr'><strong>sicut</strong></span> <span class='ocrx_word' id='word_1_519' title='bbox 2482 2964 2625 3020; x_wconf 84' lang='lat' dir='ltr'><strong>sape</strong></span> <span class='ocrx_word' id='word_1_520' title='bbox 2673 2950 2964 3017; x_wconf 88' lang='lat' dir='ltr'><strong>videmus,</strong></span> <span class='ocrx_word' id='word_1_521' title='bbox 3022 2953 3357 3023; x_wconf 81' lang='lat' dir='ltr'><strong>putrefactas</strong></span> <span class='ocrx_word' id='word_1_522' title='bbox 3398 2964 3453 3012; x_wconf 85' lang='lat' dir='ltr'><strong>et</strong></span> 
     </span>
    </p>
   </div>
   <div class='ocr_carea' id='block_1_71' title="bbox 1877 3042 3453 3111">
    <p class='ocr_par' dir='ltr' id='par_1_71' title="bbox 1877 3042 3453 3111">
     <span class='ocr_line' id='line_1_71' title="bbox 1877 3042 3453 3111; baseline 0.008 -18"><span class='ocrx_word' id='word_1_523' title='bbox 1877 3048 2154 3095; x_wconf 87' lang='lat' dir='ltr'><strong>emortuas</strong></span> <span class='ocrx_word' id='word_1_524' title='bbox 2186 3055 2380 3097; x_wconf 88' lang='lat' dir='ltr'><strong>carnes</strong></span> <span class='ocrx_word' id='word_1_525' title='bbox 2421 3042 2668 3111; x_wconf 85' lang='lat' dir='ltr'><strong>corporis</strong></span> <span class='ocrx_word' id='word_1_526' title='bbox 2706 3059 2737 3098; x_wconf 90' lang='lat' dir='ltr'><strong>a</strong></span> <span class='ocrx_word' id='word_1_527' title='bbox 2770 3046 3113 3102; x_wconf 82' lang='lat' dir='ltr'><strong>connexione</strong></span> <span class='ocrx_word' id='word_1_528' title='bbox 3151 3047 3453 3105; x_wconf 87' lang='lat' dir='ltr'><strong>viventium</strong></span> 
     </span>
    </p>
   </div>
   <div class='ocr_carea' id='block_1_72' title="bbox 1878 3132 3459 3215">
    <p class='ocr_par' dir='ltr' id='par_1_72' title="bbox 1878 3132 3459 3215">
     <span class='ocr_line' id='line_1_72' title="bbox 1878 3132 3459 3215; baseline 0.009 -32"><span class='ocrx_word' id='word_1_529' title='bbox 1878 3132 2275 3196; x_wconf 89' lang='lat' dir='ltr'><strong>membrorum,</strong></span> <span class='ocrx_word' id='word_1_530' title='bbox 2312 3132 2458 3191; x_wconf 84' lang='lat' dir='ltr'><strong>ferro</strong></span> <span class='ocrx_word' id='word_1_531' title='bbox 2489 3141 2711 3192; x_wconf 90' lang='lat' dir='ltr'><strong>secante</strong></span> <span class='ocrx_word' id='word_1_532' title='bbox 2740 3137 2807 3204; x_wconf 82' lang='lat'><strong>“,</strong></span> <span class='ocrx_word' id='word_1_533' title='bbox 2843 3140 3113 3209; x_wconf 82' lang='lat' dir='ltr'><strong>separari.</strong></span> <span class='ocrx_word' id='word_1_534' title='bbox 3160 3139 3293 3198; x_wconf 82' lang='lat' dir='ltr'><strong>Tale</strong></span> <span class='ocrx_word' id='word_1_535' title='bbox 3322 3157 3459 3215; x_wconf 88' lang='lat' dir='ltr'><strong>ergo</strong></span> 
     </span>
    </p>
   </div>
   <div class='ocr_carea' id='block_1_73' title="bbox 1879 3222 3456 3301">
    <p class='ocr_par' dir='ltr' id='par_1_73' title="bbox 1879 3222 3456 3301">
     <span class='ocr_line' id='line_1_73' title="bbox 1879 3222 3456 3301; baseline 0.011 -26"><span class='ocrx_word' id='word_1_536' title='bbox 1879 3222 2087 3293; x_wconf 89' lang='lat' dir='ltr'><strong>aliquid</strong></span> <span class='ocrx_word' id='word_1_537' title='bbox 2133 3233 2238 3285; x_wconf 86' lang='lat' dir='ltr'><strong>est,</strong></span> <span class='ocrx_word' id='word_1_538' title='bbox 2294 3227 2437 3296; x_wconf 84' lang='lat' dir='ltr'><strong>quod</strong></span> <span class='ocrx_word' id='word_1_539' title='bbox 2478 3226 2589 3298; x_wconf 84' lang='lat' dir='ltr'><strong>agit</strong></span> <span class='ocrx_word' id='word_1_540' title='bbox 2650 3228 2897 3285; x_wconf 88' lang='lat' dir='ltr'><strong>veritatis</strong></span> <span class='ocrx_word' id='word_1_541' title='bbox 2946 3232 3175 3301; x_wconf 87' lang='lat' dir='ltr'><strong>agnitio.</strong></span> <span class='ocrx_word' id='word_1_542' title='bbox 3217 3231 3456 3292; x_wconf 89' lang='lat' dir='ltr'><strong>Necesse</strong></span> 
     </span>
    </p>
   </div>
   <div class='ocr_carea' id='block_1_74' title="bbox 1882 3316 3455 3396">
    <p class='ocr_par' dir='ltr' id='par_1_74' title="bbox 1882 3316 3455 3396">
     <span class='ocr_line' id='line_1_74' title="bbox 1882 3316 3455 3396; baseline 0.006 -25"><span class='ocrx_word' id='word_1_543' title='bbox 1882 3316 2050 3381; x_wconf 85' lang='lat' dir='ltr'><strong>enim,</strong></span> <span class='ocrx_word' id='word_1_544' title='bbox 2082 3324 2143 3373; x_wconf 89' lang='lat' dir='ltr'><strong>ut</strong></span> <span class='ocrx_word' id='word_1_545' title='bbox 2175 3318 2368 3373; x_wconf 80' lang='lat' dir='ltr'><strong>salutis</strong></span> <span class='ocrx_word' id='word_1_546' title='bbox 2402 3335 2565 3374; x_wconf 84' lang='lat' dir='ltr'><strong>causa</strong></span> <span class='ocrx_word' id='word_1_547' title='bbox 2599 3320 2768 3387; x_wconf 83' lang='lat' dir='ltr'><strong>filius,</strong></span> <span class='ocrx_word' id='word_1_548' title='bbox 2803 3323 2950 3377; x_wconf 90' lang='lat' dir='ltr'><strong>verbi</strong></span> <span class='ocrx_word' id='word_1_549' title='bbox 2978 3324 3175 3392; x_wconf 87' lang='lat' dir='ltr'><strong>gratia,</strong></span> <span class='ocrx_word' id='word_1_550' title='bbox 3212 3326 3307 3396; x_wconf 87' lang='lat' dir='ltr'><strong>qui</strong></span> <span class='ocrx_word' id='word_1_551' title='bbox 3335 3334 3455 3383; x_wconf 84' lang='lat' dir='ltr'><strong>ser-</strong></span> 
     </span>
    </p>
   </div>
   <div class='ocr_carea' id='block_1_75' title="bbox 1878 3411 3453 3488">
    <p class='ocr_par' dir='ltr' id='par_1_75' title="bbox 1878 3411 3453 3488">
     <span class='ocr_line' id='line_1_75' title="bbox 1878 3411 3453 3488; baseline 0.008 -26"><span class='ocrx_word' id='word_1_552' title='bbox 1878 3424 2094 3464; x_wconf 84' lang='lat' dir='ltr'><strong>monem</strong></span> <span class='ocrx_word' id='word_1_553' title='bbox 2128 3412 2396 3481; x_wconf 76' lang='lat' dir='ltr'><strong>receperit</strong></span> <span class='ocrx_word' id='word_1_554' title='bbox 2427 3411 2696 3480; x_wconf 84' lang='lat' dir='ltr'><strong>veritatis,</strong></span> <span class='ocrx_word' id='word_1_555' title='bbox 2731 3429 2762 3467; x_wconf 87' lang='lat' dir='ltr'><strong>a</strong></span> <span class='ocrx_word' id='word_1_556' title='bbox 2808 3416 3128 3484; x_wconf 80' lang='lat' dir='ltr'><strong>parentibus</strong></span> <span class='ocrx_word' id='word_1_557' title='bbox 3167 3427 3453 3488; x_wconf 87' lang='lat' dir='ltr'><strong>separetur</strong></span> 
     </span>
    </p>
   </div>
   <div class='ocr_carea' id='block_1_76' title="bbox 1877 3501 3454 3578">
    <p class='ocr_par' dir='ltr' id='par_1_76' title="bbox 1877 3501 3454 3578">
     <span class='ocr_line' id='line_1_76' title="bbox 1877 3501 3454 3578; baseline 0.009 -24"><span class='ocrx_word' id='word_1_558' title='bbox 1877 3501 2196 3570; x_wconf 87' lang='lat' dir='ltr'><strong>incredulis,</strong></span> <span class='ocrx_word' id='word_1_559' title='bbox 2230 3514 2324 3558; x_wconf 90' lang='lat' dir='ltr'><strong>aut</strong></span> <span class='ocrx_word' id='word_1_560' title='bbox 2358 3521 2574 3560; x_wconf 86' lang='lat' dir='ltr'><strong>rursum</strong></span> <span class='ocrx_word' id='word_1_561' title='bbox 2605 3516 2761 3576; x_wconf 84' lang='lat' dir='ltr'><strong>pater</strong></span> <span class='ocrx_word' id='word_1_562' title='bbox 2807 3515 3097 3578; x_wconf 88' lang='lat' dir='ltr'><strong>separetur</strong></span> <span class='ocrx_word' id='word_1_563' title='bbox 3125 3524 3155 3563; x_wconf 90' lang='lat' dir='ltr'><strong>a</strong></span> <span class='ocrx_word' id='word_1_564' title='bbox 3193 3511 3325 3578; x_wconf 87' lang='lat' dir='ltr'><strong>filio,</strong></span> <span class='ocrx_word' id='word_1_565' title='bbox 3354 3522 3454 3568; x_wconf 89' lang='lat' dir='ltr'><strong>aut</strong></span> 
     </span>
    </p>
   </div>
   <div class='ocr_carea' id='block_1_77' title="bbox 1876 3596 3453 3676">
    <p class='ocr_par' dir='ltr' id='par_1_77' title="bbox 1876 3596 3453 3676">
     <span class='ocr_line' id='line_1_77' title="bbox 1876 3596 3453 3676; baseline 0.006 -25"><span class='ocrx_word' id='word_1_566' title='bbox 1876 3596 1986 3652; x_wconf 85' lang='lat' dir='ltr'><strong>filia</strong></span> <span class='ocrx_word' id='word_1_567' title='bbox 2017 3614 2045 3651; x_wconf 93' lang='lat' dir='ltr'><strong>a</strong></span> <span class='ocrx_word' id='word_1_568' title='bbox 2076 3606 2270 3654; x_wconf 89' lang='lat' dir='ltr'><strong>matre.</strong></span> <span class='ocrx_word' id='word_1_569' title='bbox 2310 3598 2375 3653; x_wconf 88' lang='lat' dir='ltr'><strong>Et</strong></span> <span class='ocrx_word' id='word_1_570' title='bbox 2417 3600 2519 3655; x_wconf 86' lang='lat' dir='ltr'><strong>hoc</strong></span> <span class='ocrx_word' id='word_1_571' title='bbox 2548 3600 2710 3655; x_wconf 86' lang='lat' dir='ltr'><strong>modo</strong></span> <span class='ocrx_word' id='word_1_572' title='bbox 2740 3602 2883 3657; x_wconf 89' lang='lat' dir='ltr'><strong>inter</strong></span> <span class='ocrx_word' id='word_1_573' title='bbox 2912 3601 3250 3673; x_wconf 88' lang='lat' dir='ltr'><strong>propinquos</strong></span> <span class='ocrx_word' id='word_1_574' title='bbox 3282 3612 3453 3676; x_wconf 82' lang='lat' dir='ltr'><strong>atque</strong></span> 
     </span>
    </p>
   </div>
   <div class='ocr_carea' id='block_1_78' title="bbox 1875 3690 3450 3764">
    <p class='ocr_par' dir='ltr' id='par_1_78' title="bbox 1875 3690 3450 3764">
     <span class='ocr_line' id='line_1_78' title="bbox 1875 3690 3450 3764; baseline 0.004 -19"><span class='ocrx_word' id='word_1_575' title='bbox 1875 3692 2335 3762; x_wconf 88' lang='lat' dir='ltr'><strong>consanguineos,</strong></span> <span class='ocrx_word' id='word_1_576' title='bbox 2368 3690 2656 3749; x_wconf 89' lang='lat' dir='ltr'><strong>credentes</strong></span> <span class='ocrx_word' id='word_1_577' title='bbox 2689 3700 2853 3764; x_wconf 90' lang='lat' dir='ltr'><strong>atque</strong></span> <span class='ocrx_word' id='word_1_578' title='bbox 2896 3694 3233 3761; x_wconf 89' lang='lat' dir='ltr'><strong>incredulos,</strong></span> <span class='ocrx_word' id='word_1_579' title='bbox 3266 3699 3450 3753; x_wconf 88' lang='lat' dir='ltr'><strong>scien-</strong></span> 
     </span>
    </p>
   </div>
   <div class='ocr_carea' id='block_1_79' title="bbox 1876 3784 3447 3860">
    <p class='ocr_par' dir='ltr' id='par_1_79' title="bbox 1876 3784 3447 3860">
     <span class='ocr_line' id='line_1_79' title="bbox 1876 3784 3447 3860; baseline 0.007 -25"><span class='ocrx_word' id='word_1_580' title='bbox 1876 3784 1963 3837; x_wconf 79' lang='lat' dir='ltr'><strong>tiae</strong></span> <span class='ocrx_word' id='word_1_581' title='bbox 1996 3792 2160 3853; x_wconf 88' lang='lat' dir='ltr'><strong>atque</strong></span> <span class='ocrx_word' id='word_1_582' title='bbox 2192 3784 2534 3853; x_wconf 85' lang='lat' dir='ltr'><strong>ignorantia,</strong></span> <span class='ocrx_word' id='word_1_583' title='bbox 2567 3785 2927 3855; x_wconf 88' lang='lat' dir='ltr'><strong>veritatisque</strong></span> <span class='ocrx_word' id='word_1_584' title='bbox 2954 3793 3007 3841; x_wconf 90' lang='lat' dir='ltr'><strong>et</strong></span> <span class='ocrx_word' id='word_1_585' title='bbox 3032 3788 3243 3843; x_wconf 85' lang='lat' dir='ltr'><strong>erroris</strong></span> <span class='ocrx_word' id='word_1_586' title='bbox 3266 3805 3447 3860; x_wconf 87' lang='lat' dir='ltr'><strong>pugna</strong></span> 
     </span>
    </p>
   </div>
   <div class='ocr_carea' id='block_1_80' title="bbox 1874 3876 3447 3952">
    <p class='ocr_par' dir='ltr' id='par_1_80' title="bbox 1874 3876 3447 3952">
     <span class='ocr_line' id='line_1_80' title="bbox 1874 3876 3447 3952; baseline 0.005 -21"><span class='ocrx_word' id='word_1_587' title='bbox 1874 3877 2121 3931; x_wconf 88' lang='lat' dir='ltr'><strong>consistit</strong></span> <span class='ocrx_word' id='word_1_588' title='bbox 2159 3877 2225 3932; x_wconf 81' lang='grc'><strong>⁹³.</strong></span> <span class='ocrx_word' id='word_1_589' title='bbox 2262 3876 2327 3931; x_wconf 85' lang='lat' dir='ltr'><strong>Et</strong></span> <span class='ocrx_word' id='word_1_590' title='bbox 2356 3878 2428 3933; x_wconf 92' lang='lat' dir='ltr'><strong>ob</strong></span> <span class='ocrx_word' id='word_1_591' title='bbox 2459 3877 2565 3932; x_wconf 83' lang='lat' dir='ltr'><strong>hoc</strong></span> <span class='ocrx_word' id='word_1_592' title='bbox 2598 3878 2795 3933; x_wconf 88' lang='lat' dir='ltr'><strong>iterum</strong></span> <span class='ocrx_word' id='word_1_593' title='bbox 2825 3878 3057 3944; x_wconf 84' lang='lat' dir='ltr'><strong>dicebat,</strong></span> <span class='ocrx_word' id='word_1_594' title='bbox 3087 3881 3179 3952; x_wconf 90' lang='lat' dir='ltr'><strong>qui</strong></span> <span class='ocrx_word' id='word_1_595' title='bbox 3211 3897 3314 3939; x_wconf 86' lang='lat' dir='ltr'><strong>nos</strong></span> <span class='ocrx_word' id='word_1_596' title='bbox 3342 3883 3447 3938; x_wconf 84' lang='lat' dir='ltr'><strong>mi-</strong></span> 
     </span>
    </p>
   </div>
   <div class='ocr_carea' id='block_1_81' title="bbox 1872 3966 3447 4047">
    <p class='ocr_par' dir='ltr' id='par_1_81' title="bbox 1872 3966 3447 4047">
     <span class='ocr_line' id='line_1_81' title="bbox 1872 3966 3447 4047; baseline -0.002 -23"><span class='ocrx_word' id='word_1_597' title='bbox 1872 3970 1944 4024; x_wconf 91' lang='lat' dir='ltr'><strong>sit</strong></span> <span class='ocrx_word' id='word_1_598' title='bbox 1973 3988 1987 4024; x_wconf 84' lang='lat'><strong>:</strong></span> <span class='ocrx_word' id='word_1_599' title='bbox 2015 3966 2138 4023; x_wconf 78' lang='lat' dir='ltr'><strong>Non</strong></span> <span class='ocrx_word' id='word_1_600' title='bbox 2186 3970 2299 4023; x_wconf 82' lang='lat' dir='ltr'><strong>veni</strong></span> <span class='ocrx_word' id='word_1_601' title='bbox 2344 3986 2525 4038; x_wconf 86' lang='lat' dir='ltr'><strong>pacem</strong></span> <span class='ocrx_word' id='word_1_602' title='bbox 2569 3972 2773 4024; x_wconf 83' lang='lat' dir='ltr'><strong>mittere</strong></span> <span class='ocrx_word' id='word_1_603' title='bbox 2822 3971 2875 4023; x_wconf 88' lang='lat' dir='ltr'><strong>in</strong></span> <span class='ocrx_word' id='word_1_604' title='bbox 2920 3980 3134 4038; x_wconf 85' lang='lat' dir='ltr'><strong>terram,</strong></span> <span class='ocrx_word' id='word_1_605' title='bbox 3188 3974 3447 4047; x_wconf 41' lang='grc' dir='ltr'><strong>δράμω..</strong></span> 
     </span>
    </p>
   </div>
   <div class='ocr_carea' id='block_1_82' title="bbox 1872 4062 3447 4146">
    <p class='ocr_par' dir='ltr' id='par_1_82' title="bbox 1872 4062 3447 4146">
     <span class='ocr_line' id='line_1_82' title="bbox 1872 4062 3447 4146; baseline 0.01 -30"><span class='ocrx_word' id='word_1_606' title='bbox 1872 4062 2019 4118; x_wconf 86' lang='lat' dir='ltr'><strong>dium</strong></span> <span class='ocrx_word' id='word_1_607' title='bbox 2050 4065 2117 4120; x_wconf 72' lang='lat'><strong>“.</strong></span> <span class='ocrx_word' id='word_1_608' title='bbox 2142 4065 2187 4097; x_wconf 84' lang='lat'>&quot;</span> <span class='ocrx_word' id='word_1_609' title='bbox 2215 4064 2372 4130; x_wconf 84' lang='lat' dir='ltr'><strong>Quod</strong></span> <span class='ocrx_word' id='word_1_610' title='bbox 2404 4065 2450 4120; x_wconf 88' lang='lat' dir='ltr'><strong>si</strong></span> <span class='ocrx_word' id='word_1_611' title='bbox 2486 4066 2635 4121; x_wconf 87' lang='lat' dir='ltr'><strong>dicat</strong></span> <span class='ocrx_word' id='word_1_612' title='bbox 2674 4066 2874 4139; x_wconf 90' lang='lat' dir='ltr'><strong>aliquis</strong></span> <span class='ocrx_word' id='word_1_613' title='bbox 2911 4088 2924 4124; x_wconf 89' lang='lat'>:</span> <span class='ocrx_word' id='word_1_614' title='bbox 2962 4069 3025 4123; x_wconf 79' lang='lat' dir='ltr'><strong>Et</strong></span> <span class='ocrx_word' id='word_1_615' title='bbox 3056 4074 3329 4141; x_wconf 88' lang='lat' dir='ltr'><strong>quomodo</strong></span> <span class='ocrx_word' id='word_1_616' title='bbox 3361 4074 3447 4146; x_wconf 81' lang='lat' dir='ltr'><strong>ju-</strong></span> 
     </span>
    </p>
   </div>
   <div class='ocr_carea' id='block_1_83' title="bbox 1872 4157 3447 4232">
    <p class='ocr_par' dir='ltr' id='par_1_83' title="bbox 1872 4157 3447 4232">
     <span class='ocr_line' id='line_1_83' title="bbox 1872 4157 3447 4232; baseline 0.008 -21"><span class='ocrx_word' id='word_1_617' title='bbox 1872 4164 2019 4211; x_wconf 91' lang='lat' dir='ltr'><strong>stum</strong></span> <span class='ocrx_word' id='word_1_618' title='bbox 2068 4157 2285 4213; x_wconf 89' lang='lat' dir='ltr'><strong>videtur</strong></span> <span class='ocrx_word' id='word_1_619' title='bbox 2322 4158 2569 4229; x_wconf 87' lang='lat' dir='ltr'><strong>separari</strong></span> <span class='ocrx_word' id='word_1_620' title='bbox 2622 4157 2765 4216; x_wconf 83' lang='lat' dir='ltr'><strong>ﬁlios</strong></span> <span class='ocrx_word' id='word_1_621' title='bbox 2818 4176 2849 4214; x_wconf 91' lang='lat' dir='ltr'><strong>a</strong></span> <span class='ocrx_word' id='word_1_622' title='bbox 2902 4164 3262 4232; x_wconf 83' lang='lat' dir='ltr'><strong>parentibus?</strong></span> <span class='ocrx_word' id='word_1_623' title='bbox 3301 4167 3447 4224; x_wconf 82' lang='lat' dir='ltr'><strong>Audi</strong></span> 
     </span>
    </p>
   </div>
   <div class='ocr_carea' id='block_1_84' title="bbox 1870 4250 3441 4325">
    <p class='ocr_par' dir='ltr' id='par_1_84' title="bbox 1870 4250 3441 4325">
     <span class='ocr_line' id='line_1_84' title="bbox 1870 4250 3441 4325; baseline 0.008 -23"><span class='ocrx_word' id='word_1_624' title='bbox 1870 4250 2175 4319; x_wconf 91' lang='lat' dir='ltr'><strong>quomodo:</strong></span> <span class='ocrx_word' id='word_1_625' title='bbox 2202 4250 2338 4317; x_wconf 86' lang='lat' dir='ltr'><strong>Quia</strong></span> <span class='ocrx_word' id='word_1_626' title='bbox 2368 4266 2491 4305; x_wconf 90' lang='lat' dir='ltr'><strong>cum</strong></span> <span class='ocrx_word' id='word_1_627' title='bbox 2524 4251 2660 4322; x_wconf 87' lang='lat' dir='ltr'><strong>ipsis</strong></span> <span class='ocrx_word' id='word_1_628' title='bbox 2693 4253 2743 4308; x_wconf 88' lang='lat' dir='ltr'><strong>si</strong></span> <span class='ocrx_word' id='word_1_629' title='bbox 2773 4252 2827 4306; x_wconf 88' lang='lat' dir='ltr'><strong>in</strong></span> <span class='ocrx_word' id='word_1_630' title='bbox 2858 4268 3044 4310; x_wconf 88' lang='lat' dir='ltr'><strong>errore</strong></span> <span class='ocrx_word' id='word_1_631' title='bbox 3067 4267 3441 4325; x_wconf 88' lang='lat' dir='ltr'><strong>permaneant,</strong></span> 
     </span>
    </p>
   </div>
   <div class='ocr_carea' id='block_1_85' title="bbox 1872 4343 3442 4419">
    <p class='ocr_par' dir='ltr' id='par_1_85' title="bbox 1872 4343 3442 4419">
     <span class='ocr_line' id='line_1_85' title="bbox 1872 4343 3442 4419; baseline 0.007 -24"><span class='ocrx_word' id='word_1_632' title='bbox 1872 4358 2050 4412; x_wconf 87' lang='lat' dir='ltr'><strong>neque</strong></span> <span class='ocrx_word' id='word_1_633' title='bbox 2075 4343 2183 4398; x_wconf 87' lang='lat' dir='ltr'><strong>illis</strong></span> <span class='ocrx_word' id='word_1_634' title='bbox 2221 4343 2559 4413; x_wconf 88' lang='lat' dir='ltr'><strong>proderunt;</strong></span> <span class='ocrx_word' id='word_1_635' title='bbox 2588 4351 2642 4400; x_wconf 88' lang='lat' dir='ltr'><strong>et</strong></span> <span class='ocrx_word' id='word_1_636' title='bbox 2673 4344 2777 4414; x_wconf 84' lang='lat' dir='ltr'><strong>ipsi</strong></span> <span class='ocrx_word' id='word_1_637' title='bbox 2814 4360 2939 4399; x_wconf 90' lang='lat' dir='ltr'><strong>cum</strong></span> <span class='ocrx_word' id='word_1_638' title='bbox 2967 4345 3076 4401; x_wconf 89' lang='lat' dir='ltr'><strong>illis</strong></span> <span class='ocrx_word' id='word_1_639' title='bbox 3109 4350 3315 4419; x_wconf 84' lang='lat' dir='ltr'><strong>pariter</strong></span> <span class='ocrx_word' id='word_1_640' title='bbox 3355 4350 3442 4406; x_wconf 89' lang='lat' dir='ltr'><strong>in-</strong></span> 
     </span>
    </p>
   </div>
   <div class='ocr_carea' id='block_1_86' title="bbox 1872 4435 3440 4513">
    <p class='ocr_par' dir='ltr' id='par_1_86' title="bbox 1872 4435 3440 4513">
     <span class='ocr_line' id='line_1_86' title="bbox 1872 4435 3440 4513; baseline 0.006 -24"><span class='ocrx_word' id='word_1_641' title='bbox 1872 4436 2134 4491; x_wconf 86' lang='lat' dir='ltr'><strong>teribunt.</strong></span> <span class='ocrx_word' id='word_1_642' title='bbox 2166 4435 2383 4491; x_wconf 63' lang='lat' dir='ltr'><strong>iustum</strong></span> <span class='ocrx_word' id='word_1_643' title='bbox 2412 4437 2578 4507; x_wconf 88' lang='lat' dir='ltr'><strong>igitur</strong></span> <span class='ocrx_word' id='word_1_644' title='bbox 2612 4444 2668 4492; x_wconf 91' lang='lat' dir='ltr'><strong>et</strong></span> <span class='ocrx_word' id='word_1_645' title='bbox 2707 4438 2869 4493; x_wconf 86' lang='lat' dir='ltr'><strong>valde</strong></span> <span class='ocrx_word' id='word_1_646' title='bbox 2897 4438 3110 4509; x_wconf 90' lang='lat' dir='ltr'><strong>justum</strong></span> <span class='ocrx_word' id='word_1_647' title='bbox 3150 4448 3257 4507; x_wconf 88' lang='lat' dir='ltr'><strong>est,</strong></span> <span class='ocrx_word' id='word_1_648' title='bbox 3281 4458 3440 4513; x_wconf 87' lang='lat' dir='ltr'><strong>sepa-</strong></span> 
     </span>
    </p>
   </div>
   <div class='ocr_carea' id='block_1_87' title="bbox 1870 4528 3439 4603">
    <p class='ocr_par' dir='ltr' id='par_1_87' title="bbox 1870 4528 3439 4603">
     <span class='ocr_line' id='line_1_87' title="bbox 1870 4528 3439 4603; baseline 0.005 -19"><span class='ocrx_word' id='word_1_649' title='bbox 1870 4528 1983 4584; x_wconf 90' lang='lat' dir='ltr'><strong>rari</strong></span> <span class='ocrx_word' id='word_1_650' title='bbox 2010 4545 2134 4584; x_wconf 83' lang='lat' dir='ltr'><strong>eum</strong></span> <span class='ocrx_word' id='word_1_651' title='bbox 2167 4530 2260 4600; x_wconf 93' lang='lat' dir='ltr'><strong>qui</strong></span> <span class='ocrx_word' id='word_1_652' title='bbox 2299 4530 2498 4585; x_wconf 82' lang='lat' dir='ltr'><strong>salvari</strong></span> <span class='ocrx_word' id='word_1_653' title='bbox 2529 4531 2664 4593; x_wconf 89' lang='lat' dir='ltr'><strong>vult,</strong></span> <span class='ocrx_word' id='word_1_654' title='bbox 2703 4532 2772 4584; x_wconf 90' lang='lat' dir='ltr'><strong>ab</strong></span> <span class='ocrx_word' id='word_1_655' title='bbox 2803 4546 2868 4586; x_wconf 93' lang='lat' dir='ltr'><strong>eo</strong></span> <span class='ocrx_word' id='word_1_656' title='bbox 2897 4532 2989 4603; x_wconf 91' lang='lat' dir='ltr'><strong>qui</strong></span> <span class='ocrx_word' id='word_1_657' title='bbox 3020 4548 3130 4588; x_wconf 89' lang='lat' dir='ltr'><strong>non</strong></span> <span class='ocrx_word' id='word_1_658' title='bbox 3161 4535 3295 4591; x_wconf 89' lang='lat' dir='ltr'><strong>vult.</strong></span> <span class='ocrx_word' id='word_1_659' title='bbox 3331 4535 3439 4592; x_wconf 89' lang='lat' dir='ltr'><strong>Sed</strong></span> 
     </span>
    </p>
   </div>
   <div class='ocr_carea' id='block_1_88' title="bbox 1869 4622 3441 4695">
    <p class='ocr_par' dir='ltr' id='par_1_88' title="bbox 1869 4622 3441 4695">
     <span class='ocr_line' id='line_1_88' title="bbox 1869 4622 3441 4695; baseline 0.005 -19"><span class='ocrx_word' id='word_1_660' title='bbox 1869 4628 1923 4676; x_wconf 89' lang='lat' dir='ltr'><strong>et</strong></span> <span class='ocrx_word' id='word_1_661' title='bbox 1948 4622 2081 4675; x_wconf 90' lang='lat' dir='ltr'><strong>illud</strong></span> <span class='ocrx_word' id='word_1_662' title='bbox 2114 4622 2357 4683; x_wconf 87' lang='lat' dir='ltr'><strong>adverte,</strong></span> <span class='ocrx_word' id='word_1_663' title='bbox 2384 4622 2513 4693; x_wconf 88' lang='lat' dir='ltr'><strong>quia</strong></span> <span class='ocrx_word' id='word_1_664' title='bbox 2542 4639 2654 4677; x_wconf 91' lang='lat' dir='ltr'><strong>non</strong></span> <span class='ocrx_word' id='word_1_665' title='bbox 2694 4640 2760 4679; x_wconf 78' lang='lat' dir='ltr'><strong>ex</strong></span> <span class='ocrx_word' id='word_1_666' title='bbox 2786 4624 2897 4680; x_wconf 88' lang='lat' dir='ltr'><strong>illis</strong></span> <span class='ocrx_word' id='word_1_667' title='bbox 2925 4626 3018 4695; x_wconf 90' lang='lat' dir='ltr'><strong>qui</strong></span> <span class='ocrx_word' id='word_1_668' title='bbox 3045 4628 3248 4683; x_wconf 90' lang='lat' dir='ltr'><strong>rectius</strong></span> <span class='ocrx_word' id='word_1_669' title='bbox 3274 4629 3441 4684; x_wconf 80' lang='lat' dir='ltr'><strong>intel-</strong></span> 
     </span>
    </p>
   </div>
   <div class='ocr_carea' id='block_1_89' title="bbox 1868 4713 3439 4786">
    <p class='ocr_par' dir='ltr' id='par_1_89' title="bbox 1868 4713 3439 4786">
     <span class='ocr_line' id='line_1_89' title="bbox 1868 4713 3439 4786; baseline 0.007 -19"><span class='ocrx_word' id='word_1_670' title='bbox 1868 4714 2044 4785; x_wconf 85' lang='lat' dir='ltr'><strong>ligunt</strong></span> <span class='ocrx_word' id='word_1_671' title='bbox 2074 4715 2220 4769; x_wconf 89' lang='lat' dir='ltr'><strong>venit</strong></span> <span class='ocrx_word' id='word_1_672' title='bbox 2245 4715 2349 4770; x_wconf 90' lang='lat' dir='ltr'><strong>ista</strong></span> <span class='ocrx_word' id='word_1_673' title='bbox 2382 4716 2674 4786; x_wconf 83' lang='lat' dir='ltr'><strong>separatio.</strong></span> <span class='ocrx_word' id='word_1_674' title='bbox 2694 4713 2772 4769; x_wconf 73' lang='lat' dir='ltr'><strong>lili</strong></span> <span class='ocrx_word' id='word_1_675' title='bbox 2798 4715 2942 4771; x_wconf 90' lang='lat' dir='ltr'><strong>enim</strong></span> <span class='ocrx_word' id='word_1_676' title='bbox 2957 4720 3149 4773; x_wconf 89' lang='lat' dir='ltr'><strong>volunt</strong></span> <span class='ocrx_word' id='word_1_677' title='bbox 3173 4721 3439 4778; x_wconf 88' lang='lat' dir='ltr'><strong>interesse</strong></span> 
     </span>
    </p>
   </div>
   <div class='ocr_carea' id='block_1_90' title="bbox 1866 4808 3436 4878">
    <p class='ocr_par' dir='ltr' id='par_1_90' title="bbox 1866 4808 3436 4878">
     <span class='ocr_line' id='line_1_90' title="bbox 1866 4808 3436 4878; baseline 0.006 -18"><span class='ocrx_word' id='word_1_678' title='bbox 1866 4808 2092 4877; x_wconf 90' lang='lat' dir='ltr'><strong>pariter,</strong></span> <span class='ocrx_word' id='word_1_679' title='bbox 2128 4818 2181 4862; x_wconf 91' lang='lat' dir='ltr'><strong>et</strong></span> <span class='ocrx_word' id='word_1_680' title='bbox 2210 4808 2471 4878; x_wconf 86' lang='lat' dir='ltr'><strong>prodesse</strong></span> <span class='ocrx_word' id='word_1_681' title='bbox 2507 4808 2617 4873; x_wconf 90' lang='lat' dir='ltr'><strong>bis,</strong></span> <span class='ocrx_word' id='word_1_682' title='bbox 2651 4817 2705 4864; x_wconf 90' lang='lat' dir='ltr'><strong>et</strong></span> <span class='ocrx_word' id='word_1_683' title='bbox 2733 4808 2928 4867; x_wconf 90' lang='lat' dir='ltr'><strong>docere</strong></span> <span class='ocrx_word' id='word_1_684' title='bbox 2958 4812 3204 4870; x_wconf 89' lang='lat' dir='ltr'><strong>meliora.</strong></span> <span class='ocrx_word' id='word_1_685' title='bbox 3246 4811 3352 4869; x_wconf 90' lang='lat' dir='ltr'><strong>Sed</strong></span> <span class='ocrx_word' id='word_1_686' title='bbox 3380 4823 3436 4871; x_wconf 89' lang='lat' dir='ltr'><strong>ct</strong></span> 
     </span>
    </p>
   </div>
   <div class='ocr_carea' id='block_1_91' title="bbox 1867 4900 3437 4971">
    <p class='ocr_par' dir='ltr' id='par_1_91' title="bbox 1867 4900 3437 4971">
     <span class='ocr_line' id='line_1_91' title="bbox 1867 4900 3437 4971; baseline 0.004 -17"><span class='ocrx_word' id='word_1_687' title='bbox 1867 4900 2011 4955; x_wconf 90' lang='lat' dir='ltr'><strong>istud</strong></span> <span class='ocrx_word' id='word_1_688' title='bbox 2038 4901 2317 4971; x_wconf 90' lang='lat' dir='ltr'><strong>proprium</strong></span> <span class='ocrx_word' id='word_1_689' title='bbox 2348 4909 2432 4956; x_wconf 89' lang='lat' dir='ltr'><strong>est</strong></span> <span class='ocrx_word' id='word_1_690' title='bbox 2464 4900 2782 4971; x_wconf 86' lang='lat' dir='ltr'><strong>ignorantia</strong></span> <span class='ocrx_word' id='word_1_691' title='bbox 2806 4901 3019 4969; x_wconf 89' lang='lat' dir='ltr'><strong>vitium,</strong></span> <span class='ocrx_word' id='word_1_692' title='bbox 3047 4910 3106 4958; x_wconf 88' lang='lat' dir='ltr'><strong>ut</strong></span> <span class='ocrx_word' id='word_1_693' title='bbox 3142 4905 3437 4961; x_wconf 79' lang='lat' dir='ltr'><strong>confutan-</strong></span> 
     </span>
    </p>
   </div>
   <div class='ocr_carea' id='block_1_92' title="bbox 1866 4993 3465 5069">
    <p class='ocr_par' dir='ltr' id='par_1_92' title="bbox 1866 4993 3465 5069">
     <span class='ocr_line' id='line_1_92' title="bbox 1866 4993 3465 5069; baseline 0.006 -22"><span class='ocrx_word' id='word_1_694' title='bbox 1866 5001 1973 5049; x_wconf 90' lang='lat' dir='ltr'><strong>tem</strong></span> <span class='ocrx_word' id='word_1_695' title='bbox 1999 5010 2063 5058; x_wconf 87' lang='lat' dir='ltr'><strong>se</strong></span> <span class='ocrx_word' id='word_1_696' title='bbox 2086 4993 2330 5050; x_wconf 89' lang='lat' dir='ltr'><strong>veritatis</strong></span> <span class='ocrx_word' id='word_1_697' title='bbox 2347 4994 2521 5050; x_wconf 91' lang='lat' dir='ltr'><strong>lucem</strong></span> <span class='ocrx_word' id='word_1_698' title='bbox 2552 5009 2661 5049; x_wconf 90' lang='lat' dir='ltr'><strong>non</strong></span> <span class='ocrx_word' id='word_1_699' title='bbox 2682 4994 2823 5050; x_wconf 85' lang='lat' dir='ltr'><strong>ferat</strong></span> <span class='ocrx_word' id='word_1_700' title='bbox 2842 4994 3041 5052; x_wconf 85' lang='lat' dir='ltr'><strong>habere</strong></span> <span class='ocrx_word' id='word_1_701' title='bbox 3070 4996 3137 5053; x_wconf 92' lang='lat' dir='ltr'><strong>de</strong></span> <span class='ocrx_word' id='word_1_702' title='bbox 3159 4998 3431 5069; x_wconf 84' lang='lat' dir='ltr'><strong>proximo.</strong></span> <span class='ocrx_word' id='word_1_703' title='bbox 3460 4993 3465 5001; x_wconf 81' lang='grc'><em>’</em></span> 
     </span>
    </p>
   </div>
   <div class='ocr_carea' id='block_1_93' title="bbox 186 5062 3431 5161">
    <p class='ocr_par' dir='ltr' id='par_1_93' title="bbox 186 5062 3431 5161">
     <span class='ocr_line' id='line_1_93' title="bbox 186 5062 3431 5161; baseline 0.001 -19"><span class='ocrx_word' id='word_1_704' title='bbox 186 5062 572 5157; x_wconf 52' lang='grc' dir='ltr'><strong>εοηέὶᾱεωιίεξ</strong></span> <span class='ocrx_word' id='word_1_705' title='bbox 606 5092 660 5145; x_wconf 90' lang='lat' dir='ltr'><strong>in</strong></span> <span class='ocrx_word' id='word_1_706' title='bbox 688 5096 921 5161; x_wconf 87' lang='lat' dir='ltr'><strong>quantos</strong></span> <span class='ocrx_word' id='word_1_707' title='bbox 946 5062 1043 5146; x_wconf 65' lang='lat' dir='ltr'><strong>vos</strong></span> <span class='ocrx_word' id='word_1_708' title='bbox 1063 5106 1279 5146; x_wconf 83' lang='lat' dir='ltr'><strong>errores</strong></span> <span class='ocrx_word' id='word_1_709' title='bbox 1301 5091 1585 5146; x_wconf 79' lang='lat' dir='ltr'><strong>deduxerit</strong></span> <span class='ocrx_word' id='word_1_710' title='bbox 1608 5062 1765 5161; x_wconf 86' lang='lat' dir='ltr'><strong>igno-</strong></span> <span class='ocrx_word' id='word_1_711' title='bbox 1794 5062 1841 5119; x_wconf 73' lang='grc' dir='ltr'><strong>Ῑ)</strong></span> <span class='ocrx_word' id='word_1_712' title='bbox 1866 5086 1933 5140; x_wconf 87' lang='lat' dir='ltr'><strong>Et</strong></span> <span class='ocrx_word' id='word_1_713' title='bbox 1970 5086 2092 5141; x_wconf 88' lang='lat' dir='ltr'><strong>ideo</strong></span> <span class='ocrx_word' id='word_1_714' title='bbox 2130 5101 2193 5141; x_wconf 81' lang='lat' dir='ltr'><strong>ex</strong></span> <span class='ocrx_word' id='word_1_715' title='bbox 2246 5085 2355 5141; x_wconf 91' lang='lat' dir='ltr'><strong>illis</strong></span> <span class='ocrx_word' id='word_1_716' title='bbox 2398 5087 2504 5142; x_wconf 89' lang='lat' dir='ltr'><strong>ista</strong></span> <span class='ocrx_word' id='word_1_717' title='bbox 2534 5087 2780 5142; x_wconf 90' lang='lat' dir='ltr'><strong>nascitur</strong></span> <span class='ocrx_word' id='word_1_718' title='bbox 2809 5088 3103 5158; x_wconf 91' lang='lat' dir='ltr'><strong>separatio.</strong></span> <span class='ocrx_word' id='word_1_719' title='bbox 3150 5088 3286 5144; x_wconf 87' lang='lat' dir='ltr'><strong>Nam</strong></span> <span class='ocrx_word' id='word_1_720' title='bbox 3338 5092 3431 5161; x_wconf 90' lang='lat' dir='ltr'><strong>qui</strong></span> 
     </span>
    </p>
   </div>
   <div class='ocr_carea' id='block_1_94' title="bbox 189 5181 1763 5255">
    <p class='ocr_par' dir='ltr' id='par_1_94' title="bbox 189 5181 1763 5255">
     <span class='ocr_line' id='line_1_94' title="bbox 189 5181 1763 5255; baseline 0.002 -21"><span class='ocrx_word' id='word_1_721' title='bbox 189 5182 387 5236; x_wconf 82' lang='lat' dir='ltr'><strong>rantia</strong></span> <span class='ocrx_word' id='word_1_722' title='bbox 407 5184 634 5249; x_wconf 89' lang='lat' dir='ltr'><strong>malum,</strong></span> <span class='ocrx_word' id='word_1_723' title='bbox 663 5190 1010 5255; x_wconf 92' lang='lat' dir='ltr'><strong>quantosque</strong></span> <span class='ocrx_word' id='word_1_724' title='bbox 1034 5184 1223 5255; x_wconf 88' lang='lat' dir='ltr'><strong>lapsus</strong></span> <span class='ocrx_word' id='word_1_725' title='bbox 1245 5190 1299 5238; x_wconf 88' lang='lat' dir='ltr'><strong>et</strong></span> <span class='ocrx_word' id='word_1_726' title='bbox 1322 5190 1527 5253; x_wconf 89' lang='lat' dir='ltr'><strong>quanta</strong></span> <span class='ocrx_word' id='word_1_727' title='bbox 1568 5181 1763 5253; x_wconf 84' lang='lat' dir='ltr'><strong>praci-</strong></span> 
     </span>
    </p>
   </div>
   <div class='ocr_carea' id='block_1_95' title="bbox 190 5274 1760 5347">
    <p class='ocr_par' dir='ltr' id='par_1_95' title="bbox 190 5274 1760 5347">
     <span class='ocr_line' id='line_1_95' title="bbox 190 5274 1760 5347; baseline 0.003 -21"><span class='ocrx_word' id='word_1_728' title='bbox 190 5276 330 5343; x_wconf 84' lang='lat' dir='ltr'><strong>pitia</strong></span> <span class='ocrx_word' id='word_1_729' title='bbox 378 5277 446 5330; x_wconf 90' lang='lat' dir='ltr'><strong>ad</strong></span> <span class='ocrx_word' id='word_1_730' title='bbox 498 5276 838 5347; x_wconf 87' lang='lat' dir='ltr'><strong>peccandum</strong></span> <span class='ocrx_word' id='word_1_731' title='bbox 868 5276 1113 5333; x_wconf 88' lang='lat' dir='ltr'><strong>dederit:</strong></span> <span class='ocrx_word' id='word_1_732' title='bbox 1147 5292 1179 5331; x_wconf 90' lang='lat' dir='ltr'><strong>a</strong></span> <span class='ocrx_word' id='word_1_733' title='bbox 1209 5276 1427 5347; x_wconf 89' lang='lat' dir='ltr'><strong>quantis</strong></span> <span class='ocrx_word' id='word_1_734' title='bbox 1453 5290 1551 5331; x_wconf 83' lang='lat' dir='ltr'><strong>vos</strong></span> <span class='ocrx_word' id='word_1_735' title='bbox 1598 5274 1760 5331; x_wconf 86' lang='lat' dir='ltr'><strong>bonis</strong></span> 
     </span>
    </p>
   </div>
   <div class='ocr_carea' id='block_1_96' title="bbox 1868 5179 3432 5253">
    <p class='ocr_par' dir='ltr' id='par_1_96' title="bbox 1868 5179 3432 5253">
     <span class='ocr_line' id='line_1_96' title="bbox 1868 5179 3432 5253; baseline 0.001 -17"><span class='ocrx_word' id='word_1_736' title='bbox 1868 5180 2153 5236; x_wconf 89' lang='lat' dir='ltr'><strong>scientiam</strong></span> <span class='ocrx_word' id='word_1_737' title='bbox 2183 5179 2427 5237; x_wconf 87' lang='lat' dir='ltr'><strong>veritatis</strong></span> <span class='ocrx_word' id='word_1_738' title='bbox 2454 5179 2752 5248; x_wconf 86' lang='lat' dir='ltr'><strong>accipiunt,</strong></span> <span class='ocrx_word' id='word_1_739' title='bbox 2785 5180 2913 5250; x_wconf 88' lang='lat' dir='ltr'><strong>quia</strong></span> <span class='ocrx_word' id='word_1_740' title='bbox 2959 5180 3223 5237; x_wconf 88' lang='lat' dir='ltr'><strong>bonitatis</strong></span> <span class='ocrx_word' id='word_1_741' title='bbox 3271 5182 3432 5253; x_wconf 89' lang='lat' dir='ltr'><strong>plena</strong></span> 
     </span>
    </p>
   </div>
   <div class='ocr_carea' id='block_1_97' title="bbox 1867 5270 3429 5343">
    <p class='ocr_par' dir='ltr' id='par_1_97' title="bbox 1867 5270 3429 5343">
     <span class='ocr_line' id='line_1_97' title="bbox 1867 5270 3429 5343; baseline -0.002 -13"><span class='ocrx_word' id='word_1_742' title='bbox 1867 5281 1973 5339; x_wconf 88' lang='lat' dir='ltr'><strong>est,</strong></span> <span class='ocrx_word' id='word_1_743' title='bbox 2006 5280 2266 5343; x_wconf 88' lang='lat' dir='ltr'><strong>tanquam</strong></span> <span class='ocrx_word' id='word_1_744' title='bbox 2308 5285 2339 5325; x_wconf 89' lang='lat' dir='ltr'><strong>a</strong></span> <span class='ocrx_word' id='word_1_745' title='bbox 2370 5271 2515 5328; x_wconf 90' lang='lat' dir='ltr'><strong>bono</strong></span> <span class='ocrx_word' id='word_1_746' title='bbox 2556 5270 2668 5327; x_wconf 88' lang='lat' dir='ltr'><strong>Deo</strong></span> <span class='ocrx_word' id='word_1_747' title='bbox 2710 5271 2891 5327; x_wconf 87' lang='lat' dir='ltr'><strong>datam</strong></span> <span class='ocrx_word' id='word_1_748' title='bbox 2918 5270 2987 5341; x_wconf 81' lang='lat'><strong>”,</strong></span> <span class='ocrx_word' id='word_1_749' title='bbox 3016 5272 3245 5343; x_wconf 89' lang='lat' dir='ltr'><strong>cupiunt</strong></span> <span class='ocrx_word' id='word_1_750' title='bbox 3285 5289 3429 5340; x_wconf 86' lang='lat' dir='ltr'><strong>eam,</strong></span> 
     </span>
    </p>
   </div>
   <div class='ocr_carea' id='block_1_98' title="bbox 247 5410 3440 5491">
    <p class='ocr_par' dir='ltr' id='par_1_98' title="bbox 247 5410 3440 5491">
     <span class='ocr_line' id='line_1_98' title="bbox 247 5410 3440 5491; baseline -0 -22"><span class='ocrx_word' id='word_1_751' title='bbox 247 5413 649 5491; x_wconf 48' lang='grc' dir='ltr'><strong>’ξρεηίιινᾳνεζ</strong></span> <span class='ocrx_word' id='word_1_752' title='bbox 699 5418 746 5451; x_wconf 69' lang='grc'><strong>⁸⁵</strong></span> <span class='ocrx_word' id='word_1_753' title='bbox 771 5419 1039 5491; x_wconf 84' lang='lat' dir='ltr'><strong>Recognit.</strong></span> <span class='ocrx_word' id='word_1_754' title='bbox 1064 5436 1140 5483; x_wconf 79' lang='lat' dir='ltr'><strong>vi,</strong></span> <span class='ocrx_word' id='word_1_755' title='bbox 1170 5436 1229 5477; x_wconf 73' lang='lat' dir='ltr'><strong>c.</strong></span> <span class='ocrx_word' id='word_1_756' title='bbox 1254 5420 1310 5475; x_wconf 72' lang='lat'><strong>2.</strong></span> <span class='ocrx_word' id='word_1_757' title='bbox 1386 5421 1434 5453; x_wconf 82' lang='grc'><strong>⁸³</strong></span> <span class='ocrx_word' id='word_1_758' title='bbox 1467 5419 1765 5491; x_wconf 71' lang='lat' dir='ltr'><strong>Recognit.,</strong></span> <span class='ocrx_word' id='word_1_759' title='bbox 1793 5416 1948 5491; x_wconf 89' lang='lat' dir='ltr'><strong>ibid.,</strong></span> <span class='ocrx_word' id='word_1_760' title='bbox 1978 5433 2027 5471; x_wconf 91' lang='lat' dir='ltr'><strong>c.</strong></span> <span class='ocrx_word' id='word_1_761' title='bbox 2058 5416 2125 5470; x_wconf 80' lang='lat'><strong>&#39;5.</strong></span> <span class='ocrx_word' id='word_1_762' title='bbox 2174 5414 2249 5491; x_wconf 50' lang='lat' dir='ltr'><strong>f‘</strong></span> <span class='ocrx_word' id='word_1_763' title='bbox 2282 5413 2635 5491; x_wconf 69' lang='lat' dir='ltr'><strong>innitendum.</strong></span> <span class='ocrx_word' id='word_1_764' title='bbox 2784 5411 2916 5491; x_wconf 80' lang='lat' dir='ltr'><strong>Hae</strong></span> <span class='ocrx_word' id='word_1_765' title='bbox 2949 5427 3053 5491; x_wconf 76' lang='lat' dir='ltr'><strong>vox</strong></span> <span class='ocrx_word' id='word_1_766' title='bbox 3088 5410 3301 5491; x_wconf 70' lang='lat' dir='ltr'><strong>videtur</strong></span> <span class='ocrx_word' id='word_1_767' title='bbox 3345 5427 3440 5469; x_wconf 86' lang='lat' dir='ltr'><strong>su-</strong></span> 
     </span>
    </p>
   </div>
   <div class='ocr_carea' id='block_1_99' title="bbox 173 5480 401 5584">
    <p class='ocr_par' dir='ltr' id='par_1_99' title="bbox 173 5480 401 5584">
     <span class='ocr_line' id='line_1_99' title="bbox 173 5480 401 5584; baseline 0 0"><span class='ocrx_word' id='word_1_768' title='bbox 173 5480 401 5584; x_wconf 51' lang='lat' dir='ltr'><strong>E1993:</strong></span> 
     </span>
    </p>
   </div>
   <div class='ocr_carea' id='block_1_100' title="bbox 259 5557 1123 5625">
    <p class='ocr_par' dir='ltr' id='par_1_100' title="bbox 259 5557 1123 5625">
     <span class='ocr_line' id='line_1_100' title="bbox 259 5557 1123 5625; baseline 0.012 -19"><span class='ocrx_word' id='word_1_769' title='bbox 259 5557 565 5625; x_wconf 60' lang='lat' dir='ltr'><strong>uoluptatis.</strong></span> <span class='ocrx_word' id='word_1_770' title='bbox 676 5562 742 5591; x_wconf 75' lang='grc'><strong>⁸⁸·</strong></span> <span class='ocrx_word' id='word_1_771' title='bbox 779 5562 1123 5616; x_wconf 73' lang='lat' dir='ltr'><strong>concalescat.</strong></span> 
     </span>
    </p>
   </div>
   <div class='ocr_carea' id='block_1_101' title="bbox 515 5480 3447 5567">
    <p class='ocr_par' dir='ltr' id='par_1_101' title="bbox 515 5480 3447 5567">
     <span class='ocr_line' id='line_1_101' title="bbox 515 5480 3447 5567; baseline -0.001 -25"><span class='ocrx_word' id='word_1_772' title='bbox 515 5490 560 5519; x_wconf 79' lang='grc'>⁸⁸</span> <span class='ocrx_word' id='word_1_773' title='bbox 609 5489 770 5546; x_wconf 89' lang='lat' dir='ltr'><strong>Forte</strong></span> <span class='ocrx_word' id='word_1_774' title='bbox 813 5480 951 5546; x_wconf 56' lang='lat' dir='ltr'><strong>vita}.</strong></span> <span class='ocrx_word' id='word_1_775' title='bbox 1005 5491 1062 5545; x_wconf 87' lang='lat' dir='ltr'><strong>In</strong></span> <span class='ocrx_word' id='word_1_776' title='bbox 1114 5480 1785 5562; x_wconf 53' lang='lat' dir='ltr'><strong>RecognitionibuSFHaic</strong></span> <span class='ocrx_word' id='word_1_777' title='bbox 1833 5480 2000 5567; x_wconf 36' lang='lat' dir='ltr'><strong>enint-</strong></span> <span class='ocrx_word' id='word_1_778' title='bbox 2038 5497 2114 5541; x_wconf 85' lang='lat' dir='ltr'><strong>est</strong></span> <span class='ocrx_word' id='word_1_779' title='bbox 2156 5485 2332 5567; x_wconf 60' lang='lat' dir='ltr'><strong>juxta:</strong></span> <span class='ocrx_word' id='word_1_780' title='bbox 2376 5483 2603 5539; x_wconf 79' lang='lat' dir='ltr'><strong>vocibus</strong></span> <span class='ocrx_word' id='word_1_781' title='bbox 2649 5480 3447 5567; x_wconf 29' lang='lat' dir='ltr'><strong>aliins‘o&#39;missis.”Hannumusa</strong></span> 
     </span>
    </p>
   </div>
   <div class='ocr_carea' id='block_1_102' title="bbox 1235 5554 2621 5630">
    <p class='ocr_par' dir='ltr' id='par_1_102' title="bbox 1235 5554 2621 5630">
     <span class='ocr_line' id='line_1_102' title="bbox 1235 5554 2621 5630; baseline -0.007 -13"><span class='ocrx_word' id='word_1_782' title='bbox 1235 5554 1281 5595; x_wconf 62' lang='grc'><strong>³⁵</strong></span> <span class='ocrx_word' id='word_1_783' title='bbox 1328 5564 1382 5616; x_wconf 90' lang='lat' dir='ltr'><strong>in</strong></span> <span class='ocrx_word' id='word_1_784' title='bbox 1430 5562 1728 5630; x_wconf 83' lang='lat' dir='ltr'><strong>Rccagnit.,</strong></span> <span class='ocrx_word' id='word_1_785' title='bbox 1781 5554 2234 5630; x_wconf 63' lang='lat' dir='ltr'><strong>concupiscentice.</strong></span> <span class='ocrx_word' id='word_1_786' title='bbox 2289 5554 2621 5630; x_wconf 65' lang='lat' dir='ltr'><strong>inuenimus.</strong></span> 
     </span>
    </p>
   </div>
   <div class='ocr_carea' id='block_1_103' title="bbox 2732 5554 3441 5618">
    <p class='ocr_par' dir='ltr' id='par_1_103' title="bbox 2732 5554 3441 5618">
     <span class='ocr_line' id='line_1_103' title="bbox 2732 5554 3441 5618; baseline 0.001 -10"><span class='ocrx_word' id='word_1_787' title='bbox 2732 5555 2800 5587; x_wconf 82' lang='lat'><strong>’°°</strong></span> <span class='ocrx_word' id='word_1_788' title='bbox 2833 5554 3105 5618; x_wconf 81' lang='lat' dir='ltr'><strong>Recognit.</strong></span> <span class='ocrx_word' id='word_1_789' title='bbox 3150 5568 3225 5618; x_wconf 76' lang='lat' dir='ltr'><strong>VI,</strong></span> <span class='ocrx_word' id='word_1_790' title='bbox 3273 5568 3323 5608; x_wconf 91' lang='lat' dir='ltr'><strong>c.</strong></span> <span class='ocrx_word' id='word_1_791' title='bbox 3380 5554 3441 5609; x_wconf 63' lang='grc' dir='ltr'><strong>ιι</strong></span> 
     </span>
    </p>
   </div>
   <div class='ocr_carea' id='block_1_104' title="bbox 176 5623 3435 5705">
    <p class='ocr_par' dir='ltr' id='par_1_104' title="bbox 176 5623 3435 5705">
     <span class='ocr_line' id='line_1_104' title="bbox 176 5623 3435 5705; baseline 0.001 -30"><span class='ocrx_word' id='word_1_792' title='bbox 176 5623 224 5705; x_wconf 56' lang='grc' dir='ltr'><strong>ξς</strong></span> <span class='ocrx_word' id='word_1_793' title='bbox 258 5623 385 5680; x_wconf 76' lang='lat' dir='ltr'><strong>Luc.</strong></span> <span class='ocrx_word' id='word_1_794' title='bbox 420 5644 518 5689; x_wconf 82' lang='lat' dir='ltr'><strong>xu,</strong></span> <span class='ocrx_word' id='word_1_795' title='bbox 546 5631 635 5687; x_wconf 64' lang='lat' dir='ltr'><strong>i9.</strong></span> <span class='ocrx_word' id='word_1_796' title='bbox 709 5634 756 5665; x_wconf 82' lang='grc'><strong>⁹¹</strong></span> <span class='ocrx_word' id='word_1_797' title='bbox 788 5636 1034 5689; x_wconf 77' lang='lat' dir='ltr'><strong>secantis.</strong></span> <span class='ocrx_word' id='word_1_798' title='bbox 1111 5634 1160 5667; x_wconf 79' lang='lat'><strong>”</strong></span> <span class='ocrx_word' id='word_1_799' title='bbox 1188 5633 1478 5705; x_wconf 81' lang='lat' dir='ltr'><strong>consurgit.</strong></span> <span class='ocrx_word' id='word_1_800' title='bbox 1554 5623 1600 5666; x_wconf 55' lang='grc' dir='ltr'><strong>οἳ</strong></span> <span class='ocrx_word' id='word_1_801' title='bbox 1629 5623 1819 5689; x_wconf 80' lang='lat' dir='ltr'><strong>Matth.</strong></span> <span class='ocrx_word' id='word_1_802' title='bbox 1856 5647 1913 5697; x_wconf 65' lang='grc' dir='ltr'><strong>ς,</strong></span> <span class='ocrx_word' id='word_1_803' title='bbox 1946 5623 2033 5687; x_wconf 74' lang='lat' dir='ltr'><strong>3i.</strong></span> <span class='ocrx_word' id='word_1_804' title='bbox 2109 5627 2157 5660; x_wconf 84' lang='lat'>&quot;</span> <span class='ocrx_word' id='word_1_805' title='bbox 2190 5627 2457 5697; x_wconf 80' lang='lat' dir='ltr'><strong>Recognit.</strong></span> <span class='ocrx_word' id='word_1_806' title='bbox 2478 5640 2555 5691; x_wconf 83' lang='lat' dir='ltr'><strong>vl,</strong></span> <span class='ocrx_word' id='word_1_807' title='bbox 2588 5641 2635 5681; x_wconf 90' lang='lat' dir='ltr'><strong>c.</strong></span> <span class='ocrx_word' id='word_1_808' title='bbox 2662 5625 2712 5681; x_wconf 81' lang='lat'><strong>5.</strong></span> <span class='ocrx_word' id='word_1_809' title='bbox 2790 5627 2835 5660; x_wconf 84' lang='lat'><strong>&quot;</strong></span> <span class='ocrx_word' id='word_1_810' title='bbox 2870 5625 2927 5682; x_wconf 87' lang='lat' dir='ltr'><strong>In</strong></span> <span class='ocrx_word' id='word_1_811' title='bbox 2956 5623 3248 5696; x_wconf 76' lang='lat' dir='ltr'><strong>Rccognit.,</strong></span> <span class='ocrx_word' id='word_1_812' title='bbox 3280 5624 3435 5679; x_wconf 80' lang='lat' dir='ltr'><strong>data.</strong></span> 
     </span>
    </p>
   </div>
   <div class='ocr_carea' id='block_1_105' title="bbox 179 5692 1185 5757">
    <p class='ocr_par' dir='ltr' id='par_1_105' title="bbox 179 5692 1185 5757">
     <span class='ocr_line' id='line_1_105' title="bbox 179 5692 1185 5757; baseline 0.008 -8"><span class='ocrx_word' id='word_1_813' title='bbox 179 5692 516 5754; x_wconf 63' lang='lat' dir='ltr'><strong>“amemus.</strong></span> <span class='ocrx_word' id='word_1_814' title='bbox 1131 5726 1185 5757; x_wconf 73' lang='grc' dir='ltr'><strong>ο-</strong></span> 
     </span>
    </p>
   </div>
  </div>
