3900 6334
552 277 666 337 505

1410 275 1471 337 Β.
1503 276 1896 336 CLEMENTIS
1926 282 1947 337 l
1979 276 2147 337 ROM.
2184 276 2387 338 PONT.
2423 280 2652 339 OPEBA
2683 281 2911 339 DUBIA.
3604 292 3680 348 5m

539 398 587 452 si
619 392 733 449 fieri
762 396 959 465 potest,
991 407 1115 446 cum
1173 389 1451 473 omnibus
1484 391 1687 449 habere
1739 408 2107 461 communem.
2142 398 2191 455 Δ
2216 403 2270 452 et
2300 398 2523 462 occidit,
2550 399 2882 453 mutationes
2913 398 3037 452 luna
3063 401 3386 471 perpetitur?
3407 402 3596 477 Propter
3612 427 3682 469 ms

539 490 703 543 etiam
747 502 873 541 cum
917 485 1005 540 his
1044 484 1138 555 qui
1166 485 1402 542 oderunt
1440 500 1536 542 eos
1576 494 1632 541 et
1679 496 2105 559 persequuntur.

542 579 737 633 Sciunt
762 577 908 633 enim
937 577 1064 647 quia
1105 587 1414 645 peccatum,
1464 578 1711 648 ipsorum
1757 596 1921 637 causa
1954 582 2110 653 igno-

538 671 732 726 rantiae
758 669 955 725 est".
1018 667 1315 740 Propterea
1367 671 1603 742 denique
1648 672 1769 744 ipse
1824 676 2105 746 magister,

538 778 662 817 cum
685 761 754 817 ab
776 761 863 817 his
894 761 987 831 qui
1018 762 1345 833 ignorabant
1390 779 1515 818 eum
1559 764 1855 821 duceretur
1884 767 1951 822 ad
1982 783 2109 822 cru-

537 871 679 920 cem,
704 855 898 911 orabat
924 854 1142 911 Patrem
1175 872 1273 925 pro
1307 856 1756 915 interfectoribus
1791 860 1929 926 suis,
1954 862 2110 917 et'di-

536 947 695 1003 cebat
726 966 740 1001 :
777 947 962 1016 Pater,
996 947 1204 1005 dimitte
1251 949 1325 1003 eis
1366 959 1655 1019 peccatum,
1702 954 1826 1023 quia
1873 956 2109 1009 nesciunt

535 1042 661 1114 quid
685 1042 889 1113 faciunt
919 1043 986 1099 ⁸⁸.
1030 1040 1314 1098 lmitantes
1366 1058 1587 1114 quoque
1627 1042 1885 1115 discipuli
1930 1046 2109 1116 magi-

540 1141 744 1200 strum,
769 1135 932 1190 etiam
947 1134 1075 1205 ipsi,
1095 1150 1220 1189 cum
1251 1142 1587 1205 paterentur,
1617 1126 1870 1191 similiter
1898 1152 1996 1208 pro
2024 1138 2112 1192 in-

536 1225 923 1283 terfectoribus
950 1227 1067 1282 suis
1096 1227 1349 1281 orabant.
1379 1225 1537 1293 Quod
1567 1226 1615 1282 si
1639 1226 1929 1298 disciplina
1952 1229 2110 1286 nobis

535 1326 641 1383 est,
673 1333 832 1373 orare
860 1317 1024 1374 etiam
1058 1334 1158 1391 pro
1188 1318 1632 1377 interfectoribus
1659 1325 1712 1374 et
1744 1320 2111 1389 persecutori-

536 1409 641 1464 bus
671 1410 894 1475 nostris,
927 1410 1202 1479 quomodo
1230 1426 1337 1465 non
1368 1411 1533 1467 etiam
1562 1420 1848 1482 parentum
1896 1421 1949 1466 et
1984 1428 2112 1484 pro-

537 1502 868 1575 pinquorum
900 1504 1315 1575 persecutiones
1344 1502 1509 1569 ferre,
1540 1512 1595 1559 et
1624 1519 1725 1575 pro
1755 1505 2112 1560 conversione

535 1612 729 1677 eorum
781 1612 945 1652 orare
998 1597 1324 1653 credimur?
1348 1598 1395 1629 θ’
1426 1596 1565 1652 Tum
1608 1597 1808 1654 deinde
1843 1598 2007 1654 etiam
2040 1600 2109 1632 ίοο

536 1688 852 1760 diligentius
880 1689 1319 1757 consideremus,
1351 1705 1473 1760 qua:
1512 1690 1587 1745 sit
1630 1690 1790 1747 nobis
1816 1704 1984 1747 causa
2012 1706 2112 1763 pa-

534 1789 719 1839 rentes
748 1781 1028 1853 diligendi.
1064 1783 1082 1813 ί
1113 1781 1221 1855 Prp
1249 1798 1335 1848 eo,
1365 1782 1640 1854 inquiunt,
1663 1783 1792 1855 quia
1836 1784 1963 1839 vita:
2007 1800 2109 1841 no—

534 1885 666 1933 stra:
685 1877 943 1932 videntur
967 1885 1242 1932 auctores.
1292 1875 1560 1932 Auctores
1605 1874 1823 1945 quidem
1854 1876 1979 1931 vitae
2016 1893 2113 1932 no-

536 1976 667 2026 stra:
697 1975 952 2039 parentes
981 1983 1093 2023 non
1124 1958 1275 2032 sunt,
1306 1967 1401 2023 sed
1432 1966 1690 2024 ministri.
1720 1967 1839 2022 Non
1862 1969 2004 2023 enim
2028 1970 2110 2024 vi-

533 2068 645 2115 tam
674 2061 940 2132 praebent,
963 2061 1061 2117 sed
1090 2060 1431 2132 ingrediendi
1462 2061 1622 2117 nobis
1655 2061 1724 2116 ad
1752 2063 1898 2116 hanc
1938 2063 2107 2118 vitam

530 2152 793 2211 exhibent
831 2153 1237 2221 ministerium;
1281 2162 1475 2209 auctor
1498 2160 1683 2208 autem
1721 2154 1845 2209 vitae
1878 2171 2019 2211 unus
2054 2164 2109 2211 et

532 2248 685 2304 solus
714 2255 798 2303 est
841 2246 1007 2305 Deus.
1056 2245 1117 2302 Si
1156 2254 1337 2303 autem
1386 2254 1669 2316 auctorem
1716 2247 1842 2303 vita:
1881 2248 2108 2320 diligere

517 2340 807 2417 volumus,
855 2338 1011 2394 illum
1068 2339 1231 2394 nobis
1287 2354 1410 2395 esse
1459 2338 1799 2409 diligendum
1836 2342 2100 2398 sciamus.

531 2428 642 2486 Sed
690 2431 869 2497 illum,
924 2431 1203 2501 inquiunt,
1249 2446 1581 2504 cognoscere
1641 2447 1752 2486 non
1796 2433 2102 2504 potuimus,

530 2515 673 2579 istos
699 2531 880 2578 autem
902 2530 958 2579 et
980 2524 1252 2588 novimus,
1268 2533 1322 2579 et
1345 2526 1402 2578 in
1423 2524 1619 2580 affectu
1650 2525 1934 2582 habemus.
1951 2526 2102 2593 Eata,

528 2631 642 2672 non
697 2615 958 2688 potuistis
991 2631 1329 2687 cognoscere
1365 2617 1534 2695 quis?
1577 2619 1649 2674 sit
1697 2617 1842 2675 Deus
1875 2639 1890 2675 :
1922 2621 2052 2691 quid
2084 2621 2106 2654 ³

529 2712 712 2766 tamen
739 2725 851 2765 non
879 2711 952 2765 sit
982 2708 1127 2765 Deus
1172 2710 1435 2781 perfacile
1483 2711 1627 2768 scire
1657 2712 1934 2785 potuistis.
1968 2712 2105 2768 Nam

526 2802 805 2875 quomodo
833 2802 1003 2858 latere
1034 2803 1211 2873 potuit
1243 2803 1543 2869 hominem,
1576 2805 1720 2875 quod
1753 2806 1979 2877 lignum,
2013 2817 2107 2863 aut

422 2938 425 2941 .
526 2895 695 2967 lapis,
726 2902 821 2950 aut
848 2911 945 2964 res,
970 2896 1056 2951 vel
1079 2896 1185 2974 alia
1208 2896 1524 2966 hujusmodi
1552 2899 1800 2964 materia,
1832 2899 1974 2957 Deus
1996 2916 2103 2957 non

526 2987 633 3057 sit?
654 2987 812 3056 Quod
832 2988 950 3045 siin
972 2987 1060 3045 his
1080 3002 1201 3059 quae
1225 2987 1387 3045 facile
1414 2989 1818 3062 deprehendere
1830 2994 2102 3064 potuistis,

2210 504 2362 546 mare
2397 491 2617 547 exhibet
2667 492 2987 545 famulatum
3037 508 3211 558 suum,
3247 504 3307 548 ut
3330 495 3470 553 vobis
3510 498 3683 571 ingratis

2210 591 2409 637 cuncta
2437 584 2780 652 subjaceant.
2814 583 3005 638 Nonne
3045 600 3139 655 pro
3186 586 3271 642 his
3313 589 3539 645 omnibus
3576 592 3686 662 justa

2209 676 2316 731 erit
2348 677 2573 733 ultionis
2593 692 2775 748 pcena,
2807 678 2936 748 quia
2965 678 3152 733 borum
3178 680 3406 733 omnium
3422 681 3685 753 largitorem,

2210 783 2371 836 quem
2426 775 2554 824 ante
2596 769 2780 823 omnia
2835 776 2890 824 et
2950 784 3239 838 agnoscere
3280 776 3331 825 et
3365 774 3581 828 venerari
3618 777 3688 833 de-

2210 858 2451 925 buistis,
2516 860 2694 914 solum
2763 876 2875 930 prae
2938 860 3152 915 caeteris
3213 861 3511 931 ignoratis?
3554 865 3571 895 ‘
3614 865 3689 921 Sed

2209 958 2265 1006 et
2335 966 2483 1005 nunc
2546 967 2645 1022 per
2715 952 2859 1006 idem
2927 968 3026 1009 vos
3092 952 3267 1009 adhuc
3337 952 3389 1007 in
3451 955 3691 1027 intelligen-

2210 1043 2345 1097 tiam
2390 1043 2511 1113 ejus
2554 1043 2717 1099 duco.
2757 1041 2969 1100 Videtis
3007 1044 3224 1107 etenim,
3275 1044 3409 1114 quod
3452 1046 3603 1100 omnia
3634 1049 3691 1117 gi-

2210 1146 2451 1211 gnuntur
2471 1153 2537 1207 ex
2561 1138 2739 1208 aquis,
2758 1152 2898 1209 aqua
2919 1152 3048 1193 vero
3065 1152 3159 1207 per
3175 1135 3490 1207 unigenitum
3507 1151 3562 1190 ex
3576 1138 3691 1194 initio

2210 1230 2356 1286 facta
2395 1239 2499 1296 est,
2547 1230 2813 1302 unigeniti
2846 1244 2978 1285 vero
3024 1228 3363 1298 omnipotens
3404 1228 3529 1283 Deus
3569 1238 3690 1298 caput

2210 1332 2314 1389 est,
2348 1340 2443 1394 per
2480 1339 2641 1393 quem
2676 1323 2769 1377 tali
2799 1323 3014 1386 ordine,
3061 1328 3119 1375 ut
3149 1336 3307 1390 supra
3335 1320 3569 1385 diximus,
3606 1335 3691 1389 per-

2211 1418 2431 1471 venitur
2460 1415 2527 1469 ad
2560 1415 2797 1470 Patrem.
2821 1414 2957 1469 Cum
2995 1423 3175 1467 autem
3204 1411 3549 1482 perveneritis,
3577 1426 3693 1481 agno-

2211 1511 2347 1564 scite
2376 1509 2519 1563 hanc
2544 1524 2668 1565 esse
2697 1510 3034 1564 voluntatem
3066 1507 3206 1576 ejus,
3233 1513 3290 1560 ut
3319 1520 3408 1575 per
3429 1518 3590 1574 aquas,
3609 1518 3693 1573 qua:

2211 1603 2403 1675 prima:
2456 1609 2724 1659 creaturae
2748 1603 2768 1633 "
2800 1609 2960 1664 sunt,
3008 1601 3187 1656 denuo
3243 1597 3587 1654 renascamini.
3619 1595 3692 1663 Qui

2214 1695 2359 1749 enim
2391 1701 2745 1765 regeneratus
2766 1693 2930 1749 fuerit
2960 1708 3058 1763 per
3087 1707 3302 1762 aquam,
3330 1690 3477 1745 bonis
3502 1689 3692 1759 operibus

2214 1787 2476 1858 repletus,
2525 1786 2701 1842 haeres
2756 1786 2990 1841 efﬁcitur
3021 1785 3143 1855 ejus
3185 1800 3217 1837 a
3260 1798 3366 1854 quo
3404 1783 3453 1838 in
3502 1782 3692 1835 incorru-

2210 1881 2395 1951 ptione
2425 1874 2783 1950 regeneratus
2823 1886 2927 1933 est.
2960 1876 3194 1948 Propter
3221 1875 3385 1948 quod,
3414 1875 3592 1946 paratis
3613 1872 3694 1926 ani

2209 1973 2316 2028 mis
2345 1970 2613 2036 accedite,
2646 1970 2806 2041 quasi
2843 1969 2941 2025 lilii
2982 1969 3048 2024 ad
3080 1977 3308 2039 patrem,
3340 1975 3397 2021 ut
3422 1973 3609 2037 peccata
3633 1980 3695 2018 ve-

2210 2073 2324 2119 stra
2376 2062 2679 2129 diluantur,
2732 2071 2787 2118 et
2835 2077 3003 2117 causa
3053 2077 3246 2117 eorum
3299 2062 3409 2116 sola
3460 2057 3695 2129 ignorantia

2210 2154 2384 2211 fuisse
2416 2155 2675 2225 probetur
2703 2155 2847 2226 apud
2891 2154 3086 2210 Deum.
3129 2153 3263 2207 Nam
3295 2154 3338 2208 si
3380 2158 3492 2224 post
3525 2150 3696 2221 agnitio-

2208 2264 2334 2303 nem
2364 2238 2558 2302 bOrum
2590 2246 2923 2317 permanetis
2953 2247 3010 2301 in
3049 2246 3443 2309 incredulitate,
3472 2242 3601 2298 vobis
3618 2240 3695 2311 jam

2209 2341 2533 2413 perditionis
2562 2351 2759 2397 vestrae
2797 2355 2988 2405 causa,
3016 2347 3072 2395 et
3098 2355 3209 2394 non
3240 2337 3556 2411 ignorantiae,
3582 2349 3696 2403 repu-

2210 2435 2434 2490 tabitur.
2465 2432 2577 2489 Nec
2611 2435 2837 2505 putetis,
2878 2432 3028 2505 quod
3069 2433 3291 2487 etiamsi
3346 2445 3538 2484 omnem
3569 2428 3693 2497 pieta-

2207 2534 2318 2583 tem
2346 2528 2564 2592 colatis,
2592 2542 2917 2597 omnemque
2947 2523 3245 2595 justitiam,
3278 2523 3575 2593 baptismum
3605 2531 3697 2571 vero

2206 2635 2319 2676 non
2360 2620 2670 2691 accipiatis,
2702 2635 2867 2692 spem-
2894 2619 3124 2691 possitis
3167 2617 3367 2673 habere
3399 2613 3527 2685 apud
3552 2610 3695 2677 Deum;

2208 2713 2318 2769 imo
2346 2714 2554 2784 majore
2592 2729 2753 2784 pinna
2788 2712 2938 2784 digni
2969 2712 3149 2779 eritis,
3185 2711 3276 2781 qui
3305 2710 3439 2764 bona
3464 2719 3600 2775 opera
3622 2716 3696 2755 non

2205 2805 2344 2862 bene
2393 2806 2601 2875 operati
2637 2805 2796 2862 estis.
2846 2803 3148 2860 Confertur
3177 2802 3321 2858 enim
3367 2799 3591 2855 meritum
3626 2795 3696 2848 ho-

2206 2900 2344 2955 mini
2393 2915 2461 2955 ex
2490 2900 2656 2955 bonis
2697 2899 2900 2970 gestis;
2945 2898 3041 2954 sed
3084 2898 3135 2955 si
3179 2898 3256 2952 ita
3298 2902 3554 2968 gerantur,
3597 2891 3699 2944 sicut

2208 2991 2353 3049 Deus
2377 2994 2558 3064 jubet;
2586 2991 2731 3049 Deus
2761 2986 2943 3048 autem
2966 2991 3159 3062 jussit,
3182 3005 3392 3045 omnem
3421 2988 3698 3042 colentemsr

526 3082 773 3139 animum
803 3081 871 3137 ad
901 3081 1311 3138 discutiendum
1339 3084 1606 3141 noluistis
1638 3085 1959 3156 intendere;
1990 3105 2103 3145 cer-
2128 3079 2169 3136 C
2201 3086 2478 3158 baptismo
2525 3086 2859 3157 consignari.
2885 3086 2906 3117 ⁸
2930 3083 3086 3151 Quod
3127 3086 3175 3151 si
3210 3099 3309 3139 vos
3355 3078 3626 3141 renuerilis,
3659 3081 3699 3128 υι

526 3182 644 3232 tum
679 3180 784 3241 est,
815 3174 945 3245 quia
982 3174 1039 3229 in
1070 3175 1350 3247 agnitione
1380 3174 1473 3231 Dei
1504 3176 1752 3247 impediti
1794 3180 1951 3246 estis,
1992 3197 2104 3238 non

524 3265 1011 3340 impossibilitatis,
1046 3265 1142 3323 sed
1176 3266 1407 3339 ignavia:
1435 3269 1607 3337 vitio;
1642 3284 1770 3325 nam
1808 3271 1855 3328 si
1896 3273 2103 3331 voluis-

527 3357 683 3425 setis,
707 3375 772 3416 ex
805 3358 892 3416 bis
920 3358 1059 3429 ipsis
1080 3359 1371 3416 inutilibus
1404 3360 1716 3417 simulacris
1744 3362 1991 3434 profecto
2010 3380 2103 3422 ac-

526 3451 813 3524 cepissetis
864 3449 1238 3523 intelligentiae
1282 3452 1448 3510 viam.
1490 3451 1513 3484 δ
1556 3452 1775 3510 Certum
1804 3454 1924 3521 est,
1973 3459 2101 3529 quia

527 3560 628 3618 per
657 3543 866 3601 ferrum
893 3543 1035 3600 facta
1066 3552 1196 3602 sunt
1223 3546 1549 3613 simulacra;
1582 3545 1787 3607 ferrum
1830 3564 1960 3606 vero
2007 3567 2101 3623 per

527 3638 706 3710 ignem
729 3628 1045 3694 confectum
1076 3645 1183 3703 est,
1216 3638 1311 3711 qui
1346 3638 1491 3709 ignis
1519 3646 1661 3711 aqua
1692 3642 2097 3714 exstinguitur;

526 3744 669 3802 aqua
700 3736 881 3785 autem
910 3744 1008 3800 per
1044 3729 1301 3802 spiritum
1333 3740 1605 3797 movetur,
1645 3732 1877 3802 spiritus
1917 3742 2095 3789 autem

526 3840 558 3879 a
595 3822 707 3882 Deo
754 3822 973 3878 initium
1029 3821 1209 3881 habet.
1261 3820 1353 3883 Sic
1399 3818 1544 3878 enim
1580 3822 1721 3879 dixit
1749 3822 1926 3880 Moses
1963 3840 2095 3897 pro-

526 3917 687 3989 pheta
721 3936 736 3973 :
771 3915 839 3971 In
880 3916 1138 3986 principio
1188 3915 1311 3987 fecit
1345 3913 1487 3971 Deus
1538 3916 1725 3970 coelum
1775 3926 1825 3971 et
1879 3918 2093 3974 terram.

527 4009 693 4065 Terra
719 4017 895 4063 autem
920 4016 1034 4062 erat
1063 4007 1338 4063 invisibilis
1380 4017 1430 4062 et
1460 4007 1828 4077 incomposita,
1859 4019 1908 4063 et
1958 4019 2097 4067 ιεηε-

525 4101 634 4157 brae
665 4111 819 4157 erant
846 4115 1001 4170 super
1031 4099 1219 4171 faciem
1250 4098 1450 4170 abyssi,
1492 4110 1544 4156 et
1577 4101 1801 4173 spiritus
1847 4100 1947 4156 Dei
1975 4112 2091 4157 erat

524 4210 680 4265 super
708 4209 875 4266 aquas
905 4193 949 4247 ⁸.
995 4190 1101 4261 Qui
1158 4191 1386 4263 spiritus
1426 4190 1520 4247 Dei
1562 4192 1744 4262 jussu,
1788 4194 1947 4264 quasi
1979 4195 2096 4268 ipsa

524 4303 721 4344 manus
768 4285 1095 4350 conditoris,
1142 4285 1315 4341 lucem
1370 4287 1648 4358 separavit
1678 4302 1708 4340 a
1740 4288 2000 4351 tenebris.
2038 4297 2094 4343 et

2205 3185 2402 3235 vestra:
2436 3179 2707 3235 voluntati
2739 3177 2935 3249 magis,
2980 3192 3147 3248 quam
3179 3175 3307 3241 Dei,
3351 3166 3698 3242 obtemperelisi

2202 3271 2467 3326 contrarii
2486 3272 2617 3327 sine
2646 3271 2814 3326 dubio
2844 3277 2899 3326 et
2928 3269 3140 3324 inimici
3168 3269 3305 3325 estis
3334 3267 3574 3325 voluntati
3597 3263 3698 3332 ejus.

2204 3363 2312 3421 Sed
2341 3365 2525 3421 dicitis
2553 3362 2991 3429 fortassezQuod
3021 3363 3241 3418 confert
3280 3376 3430 3434 aqua:
3460 3358 3700 3431 baptismo:

2202 3459 2269 3512 ad
2312 3456 2409 3513 Dei
2460 3456 2705 3512 cultum?
2752 3455 2939 3511 Primo
2987 3455 3419 3527 quidem,rquia
3471 3451 3594 3524 quod
3623 3448 3701 3502 Deo

2198 3551 2438 3622 placuit,
2492 3540 2770 3621 impletur.
2827 3545 3105 3614 Secundo,
3154 3549 3286 3619 quia
3338 3550 3621 3618 regenerato
3653 3554 3701 3593 ex

2201 3642 2379 3713 aquis,
2406 3651 2460 3699 et
2489 3640 2600 3697 Deo
2631 3648 2845 3704 renato,
2907 3640 3178 3711 fragilitas
3207 3639 3409 3710 prioris
3444 3632 3699 3693 nativitatis,

2196 3750 2319 3806 quae
2357 3734 2515 3789 vobis
2545 3749 2643 3805 per
2683 3732 2957 3788 hominem
3004 3731 3151 3786 facta
3194 3739 3301 3797 est,
3347 3729 3701 3801 amputatur,et

2201 3828 2276 3881 ita
2317 3826 2536 3881 demum
2582 3824 2868 3896 pervenire
2909 3823 3161 3894 poteritis
3198 3824 3267 3879 ad
3306 3823 3560 3879 salutem:
3588 3817 3702 3870 aliter

2198 3918 2535 3989 impossibile
2563 3924 2667 3973 est.
2701 3915 2793 3971 Sic
2837 3917 2982 3971 enim
3031 3916 3193 3971 nobis
3245 3931 3369 3971 cum
3422 3913 3700 3970 sacramento

2197 4026 2359 4066 verus
2404 4009 2667 4081 propheta
2701 4016 2936 4065 testatus
2976 4015 3081 4074 est,
3112 4009 3304 4064 dicens
3331 4028 3345 4063 :
3372 4008 3543 4068 Amen,
3570 4016 3699 4062 amen.

2195 4103 2311 4157 dico
2349 4102 2511 4168 vobis,
2547 4103 2650 4156 nisi
2694 4103 2812 4172 quis
2852 4101 3020 4156 denuo
3070 4112 3289 4156 renatus
3333 4101 3483 4171 fuerit
3512 4111 3568 4153 es
3600 4108 3702 4165 aq“

2196 4197 2329 4264 viva,
2356 4212 2457 4250 non
2492 4194 2727 4250 introibit
2758 4200 2812 4247 in
2844 4211 3056 4265 regnum
3084 4194 3335 4248 caelorum
3352 4196 3393 4249 ⁹.
3428 4192 3487 4246 Ει
3512 4191 3615 4246 ideo
3642 4200 3703 4269 ac-

2194 4290 2430 4345 celerate
2455 4308 2468 4345 :
2501 4295 2587 4344 est
2616 4288 2761 4342 enim
2792 4288 2845 4341 in
2875 4288 3033 4357 aquis
3076 4288 3200 4343 istis
3238 4284 3588 4342 misericordia
3612 4279 3701 4349 ejus

526 4388 650 4453 post
678 4378 812 4435 illud
840 4376 1116 4434 invisibile
1149 4376 1535 4433 cmlum'istud
1570 4377 1780 4434 visibile
1810 4379 2089 4450 produxit,
2123 4417 2168 4473 υ
2192 4380 2439 4453 quaedam
2463 4420 2479 4443 ,
2531 4395 2651 4450 quae
2697 4395 2762 4433 ex
2813 4380 2966 4432 initio
3025 4378 3293 4447 ferebatur
3333 4395 3480 4448 super
3525 4390 3628 4438 eas;
3665 4379 3702 4425 ct

525 4482 585 4529 ut
630 4473 915 4544 superiora
951 4470 1171 4542 quidem
1216 4470 1589 4525 habitaculum
1630 4470 1833 4527 faceret
1858 4474 2088 4543 angelis,

2194 4475 2442 4545 agnOscit
2468 4488 2563 4526 eos
2606 4472 2699 4541 qui
2736 4471 3085 4541 baptizantur
3118 4473 3225 4525 sub
3256 4469 3593 4542 appellatione
3630 4462 3701 4517 tri-

526 4567 785 4624 inferiora
815 4580 947 4622 vero
981 4563 1318 4619 hominibus.
1358 4561 1594 4633 Propter
1632 4578 1729 4619 vos
1758 4577 1889 4636 ergo
1928 4563 2091 4633 jussu
2190 4565 2350 4637 plicis
2393 4563 2752 4626 sacramenti,
2797 4570 2853 4618 et
2899 4563 3061 4633 eripit
3109 4579 3207 4619 eos
3248 4564 3316 4618 de
3358 4560 3612 4633 suppliciis
3636 4558 3700 4610 fu-

524 4660 646 4727 Dei,
676 4675 839 4732 aqua,
882 4672 1004 4730 qua:
1040 4664 1159 4713 erat
1190 4672 1355 4727 super
1384 4655 1578 4712 faciem
1614 4663 1796 4721 terrai,
1840 4659 2089 4725 secessit,

528 4763 589 4811 ut
614 4762 762 4811 terra
791 4752 947 4807 vobis
978 4749 1301 4821 produceret
1329 4748 1562 4805 fructus.
1591 4746 1692 4804 Cui
1711 4749 1873 4804 etiam
1898 4750 2093 4805 humo-

528 4864 649 4908 rum
670 4861 837 4902 venas
859 4845 1092 4898 latenter
1118 4840 1370 4906 inseruit,
1397 4848 1457 4895 ut
1482 4842 1635 4896 vobis
1665 4856 1730 4896 ex
1757 4855 1823 4896 ea
1855 4841 2091 4914 proflue-

526 4948 650 4997 rent
678 4939 857 4994 fontes
884 4942 938 4991 et
966 4933 1209 4989 ﬂumina.
1233 4931 1464 5005 Propter
1494 4932 1591 4987 vos
1625 4933 2094 5005 producerejussa

525 5042 613 5094 est
638 5028 959 5093 animantia,
988 5033 1044 5082 et
1073 5012 1274 5081 omnia
1294 5041 1416 5095 quae
1434 5034 1618 5082 vestro
1649 5027 1772 5081 usui
1799 5027 2094 5081 voluntati-

526 5142 633 5200 que
660 5123 947 5181 servirent.
972 5119 1169 5173 Annon
1198 5128 1419 5189 propter
1445 5134 1541 5174 vos
1580 5120 1726 5173 venti
1757 5121 1987 5192 spirant,
2033 5128 2093 5175 u:

528 5236 594 5276 ex
623 5216 759 5289 ipsis
789 5212 1108 5282 concipiens
1140 5210 1351 5267 fructus
1390 5211 1548 5266 vobis
1600 5218 1745 5265 terra
1789 5213 2094 5282 parturiat?

527 5311 718 5367 Nonne
761 5314 983 5378 propter
1013 5320 1110 5359 vos
1159 5304 1361 5359 imbres
1402 5302 1701 5373 profluunt,
1743 5312 1798 5358 et
1849 5315 2093 5375 tempora

526 5400 936 5460 vicissitudines
961 5396 1222 5455 mutant?
1250 5394 1391 5451 Num
1414 5399 1635 5466 propter
1662 5410 1757 5452 vos
1784 5397 1867 5453 sol
1891 5397 2088 5465 oritur,

579 5606 626 5686 ’.ξ
654 5600 1084 5686 Recognitionum
1115 5615 1328 5686 auctor,
1358 5607 1559 5663 rectius
1596 5627 1619 5686 :_
1633 5608 1855 5686 ferrati
1887 5612 2116 5686 ipsorum
2149 5631 2309 5668 causa
2354 5595 2658 5686 ignorantia
2689 5626 2785 5671 est.
2832 5616 3160 5675 llanntnuus.
3234 5617 3279 5649 ’⁸
3308 5616 3437 5670 Luc.
3472 5625 3610 5674 xxru.

2192 4657 2353 4721 turis,
2383 4655 2540 4726 quasi
2574 4654 2778 4710 donum
2814 4655 3085 4724 quoddam
3118 4654 3354 4711 offerens
3398 4655 3501 4709 Deo
3539 4651 3700 4705 animas

2193 4764 2291 4820 per
2345 4747 2674 4817 baptismum
2743 4756 3118 4802 consecratas.
3174 4746 3463 4818 Confugite
3511 4758 3620 4813 ergo
3650 4736 3701 4791 ad

2195 4855 2367 4911 aquas
2398 4840 2569 4894 istas:
2604 4839 2734 4894 solae
2765 4846 2893 4894 sunt
2921 4839 3088 4901 enim,
3121 4855 3244 4909 qua:
3289 4840 3493 4909 possint
3523 4837 3609 4888 vim
3640 4832 3701 4883 fu-

2194 4934 2302 4986 turi
2334 4932 2475 5003 ignis
2505 4931 2853 5001 exstinguere
2882 4952 2894 4985 :
2929 4931 2996 4985 ad
3025 4947 3161 5001 quas
3191 4933 3287 5001 qui
3327 4939 3555 4986 moratur
3580 4937 3701 4978 acce-

2192 5025 2343 5089 dere,
2374 5032 2588 5079 constat
2618 5025 2673 5077 in
2707 5040 2772 5078 eo
2804 5024 2985 5078 adhuc
3028 5023 3366 5079 infidelitatis
3394 5021 3580 5077 idolum
3606 5028 3701 5085 pel“

2193 5132 2436 5179 manere,
2468 5122 2522 5170 et
2561 5117 2629 5170 ab
2667 5117 2787 5185 ipso
2832 5116 3108 5186 prohiberi
3140 5117 3206 5171 ad
3243 5133 3416 5187 aquas
3458 5122 3700 5185 properare

2193 5223 2314 5278 quae
2349 5209 2583 5262 salutem
2622 5206 2935 5261 conferunt.
2971 5207 3097 5263 Sive
3124 5208 3269 5263 enim
3306 5212 3502 5279 justus,
3530 5206 3626 5258 sive
3646 5198 3699 5251 sil

2197 5299 2459 5370 injustus,
2500 5299 2805 5368 baptismus
2844 5298 2894 5353 ei
2926 5313 3023 5368 per
3065 5301 3244 5354 omnia
3273 5300 3595 5356 necessarius
3617 5299 3695 5346 est.

2196 5390 2355 5449 Justo
2385 5390 2625 5463 quidem,
2660 5396 2717 5445 ut
2760 5389 3120 5462 adimpleatur
3167 5393 3223 5450 in
3259 5409 3326 5448 eo
3371 5388 3620 5463 perfectio,
3657 5387 3697 5434 el

511 5670 868 5758 ζἠκθευειῧξο
898 5672 1163 5758 (ιε-δεῖπνα.
1195 5675 1528 5758 flammans:
1608 5681 1677 5758 if“
1704 5680 1860 5734 illud.
1905 5670 1915 5681 ’
1942 5682 2258 5758 “Recogita.
2295 5670 2399 5749 vn,“
2419 5703 2469 5741 c.
2504 5688 2557 5741 6.
2633 5689 2653 5718 ²
2684 5670 2831 5757 quid.
2882 5670 3178 5758 ἶνιίαῖξνδ
3206 5687 3467 5757 Rccogm't.
3500 5698 3566 5748 vr,
3594 5670 3633 5735 c.
3662 5674 3702 5728 6-

511 5741 534 5775 ⁸
563 5739 702 5799 Gen.
737 5739 779 5812 Ῑ,
825 5745 874 5801 1.

951 5743 1266 5817 'Rccoguit.
1296 5762 1373 5813 v1,
1407 5766 1454 5806 c.
1491 5751 1544 5805 8.
1622 5751 1643 5783 ’
1672 5763 1881 5809 creatw.
1955 5755 1977 5786 ⁸
2014 5743 2281 5827 [ἰθεῦθιιξι.
2321 5743 2392 5827 vi,
2414 5774 2462 5813 c.
2489 5758 2541 5812 9.
2618 5759 2638 5792 ³
2670 5743 2825 5815 ιιύιιι).
2859 5775 2942 5826 Ill,
2970 5743 3021 5813 3.
