3900 6334
213 301 313 357 505

1400 305 1758 365 EPISTOLA'J
1791 306 2263 369 DECRETALES.

3333 319 3440 376 506

209 427 557 488 regeneretur
595 416 732 487 Deo;
761 418 969 489 injusto
997 435 1147 485 vero,
1173 428 1233 475 ut
1270 431 1622 491 peccatorum
1649 440 1771 495 qua:
1798 432 1845 489 Α
1873 427 2027 491 illud,
2076 428 2132 481 in
2168 442 2276 497 quo
2307 442 2459 482 mens
2493 428 2832 497 puriﬁcatur,
2866 426 2961 482 sed
3022 422 3166 498 quod
3220 432 3443 499 sequela

197 511 387 582 gessit,
416 511 671 567 remissio
704 512 1057 567 concedatur.
1088 513 1130 544 '°
1160 512 1428 569 Omnibus
1455 515 1771 586 ergo‘festi-

195 603 442 658 nandum
464 610 567 666 est,
592 604 713 659 sine
736 618 891 658 mora
913 605 1127 660 renasci
1158 603 1291 665 Deo.
1313 614 1369 661 et
1394 607 1613 662 demum
1642 623 1772 663 con-

196 696 408 765 signari
456 697 524 750 ab
562 698 854 767 episcopo,
900 696 955 751 id
993 706 1079 752 est
1127 697 1498 768 septiformem
1541 700 1769 770 gratiam

195 786 438 858 Spiritus
467 789 642 843 sancti
671 788 951 859 percipere
975 788 1215 859 (ὅθ-51),
1254 790 1383 862 quia
1412 791 1657 847 incertus
1684 801 1771 848 est

192 881 634 950 uniuscujusque
681 882 863 936 exitus
891 882 1035 939 vine.
1065 884 1107 915 “
1138 883 1276 939 Cum
1316 892 1499 941 autem
1545 901 1771 955 regene-

189 985 350 1030 ratus
383 974 549 1031 fuerit
582 990 681 1044 per
729 991 951 1045 aquam,
978 984 1032 1032 et
1062 977 1413 1049 postmodum
1462 978 1767 1049 septiformi

190 1064 439 1135 Spiritus
485 1068 660 1138 gratia
693 1068 763 1121 ab
810 1069 1071 1139 episcopo
1116 1070 1201 1140 (ut
1249 1076 1614 1124 memoratum
1662 1071 1767 1143 est)

186 1160 579 1223 conﬁrmatus,
607 1161 736 1229 quia
779 1162 937 1216 aliter
969 1162 1245 1232 perfectus
1267 1177 1391 1219 esse
1420 1163 1768 1219 Christianus

189 1266 549 1321 nequaquam
589 1252 811 1322 poterit,
844 1268 946 1308 nec
988 1254 1174 1309 sedem
1215 1255 1417 1311 habere
1458 1256 1609 1330 inter
1638 1272 1766 1326 per-

184 1342 390 1405 fectos,
421 1342 468 1397 si
504 1346 1002 1410 non‘necessitate,
1047 1344 1144 1401 sed
1196 1346 1410 1401 incuria
1448 1354 1540 1401 aut
1572 1348 1769 1402 volun-

181 1442 296 1489 tate
340 1438 672 1492 remanserit
717 1438 799 1507 (ut
847 1453 877 1491 a
922 1437 1082 1493 beato
1119 1437 1281 1494 Petro
1328 1441 1670 1510 accepimus,
1714 1450 1769 1497 et

181 1529 369 1582 ueteri
411 1514 597 1583 sancti.
637 1531 905 1600 apostoli,
956 1532 1308 1602 praecipiente
1356 1531 1610 1598 Domino,
1663 1535 1767 1589 do-

180 1622 467 1689 cuerunt),
494 1631 548 1674 et
575 1620 792 1676 demum
814 1638 882 1677 ex
912 1624 1169 1693 operibus
1204 1624 1362 1679 bonis
1411 1626 1665 1680 ostendat
1709 1626 1766 1680 in

183 1728 237 1767 se
263 1712 690 1769 similitudinem
718 1716 859 1784 ejus,
887 1716 984 1787 qui
1019 1733 1143 1772 eum
1173 1718 1381 1788 genuit,
1408 1717 1607 1775 Patris.
1636 1718 1767 1776 Post

182 1802 298 1857 haec
340 1819 476 1859 vero
510 1814 775 1876 agnoscat
822 1806 991 1864 Deum
1039 1809 1329 1865 honorare.
1368 1809 1555 1865 Honor
1586 1821 1766 1868 autem

179 1894 307 1964 ejus
342 1904 452 1959 est,
488 1905 548 1950 ut
587 1897 664 1952 ita
716 1898 889 1964 vivat,
935 1900 1079 1955 sicut
1126 1901 1243 1971 ipse
1288 1903 1432 1969 vult;
1460 1904 1576 1957 vult
1623 1906 1769 1960 enim

183 2003 638 2059 unumquemque
671 1988 749 2043 ita
779 1992 982 2055 vivere,
1016 2003 1073 2046 ut
1098 1992 1453 2048 homicidium
1476 2002 1530 2050 et
1566 1997 1773 2053 adulte-

184 2080 334 2133 rium
364 2081 600 2143 nesciat,
626 2081 813 2137 odium
846 2092 900 2138 et
931 2086 1219 2140 avaritiam
1263 2086 1455 2157 fugiat,
1490 2088 1649 2157 iram,
1682 2107 1771 2147 suo

184 2171 464 2241 perbiam,
492 2172 819 2241 jactautiam
863 2185 1088 2246 respuat
1131 2186 1187 2233 et
1237 2188 1576 2248 exsecretur,
1626 2182 1769 2236 invi—

181 2262 336 2318 diam
382 2281 623 2335 quoque,
665 2274 720 2321 et
768 2275 964 2323 caetera
1012 2270 1098 2326 his
1134 2271 1365 2335 similia,
1398 2273 1616 2343 penitus
1647 2290 1676 2329 a
1709 2291 1769 2332 se

184 2355 361 2409 ducat
390 2357 588 2412 aliena.
614 2357 710 2413 Est
743 2375 873 2416 sane
909 2362 1131 2432 propria
1166 2364 1412 2434 quaedam
1441 2373 1646 2421 nostra:
1680 2383 1767 2424 re—

186 2447 412 2518 ligionis
438 2449 804 2516 observantia,
829 2468 951 2522 qua:
982 2468 1094 2507 non
1124 2464 1232 2508 tam
1264 2455 1561 2525 imponitur
1589 2458 1764 2513 homi-

182 2539 374 2606 nibus,
402 2556 568 2610 quam
599 2544 819 2612 proprie
848 2544 918 2598 ab
962 2560 1292 2616 unoquoque
1326 2546 1495 2602 Deum
1527 2550 1761 2617 colente,

178 2644 355 2687 causa
386 2632 642 2701 puritatis
672 2635 977 2705 expetitur;
1009 2636 1076 2691 de
1109 2638 1451 2694 castimoniae
1479 2639 1605 2695 dico
1632 2657 1766 2697 cau-

180 2724 309 2787 tela,
350 2725 511 2794 cujus
539 2726 751 2795 species
783 2730 968 2783 multa:
993 2737 1142 2785 sunt.
1177 2729 1284 2786 Sed
1333 2732 1533 2801 primo,
1578 2744 1637 2788 ut
1665 2734 1763 2789 ob-

180 2825 364 2871 servet
414 2818 821 2889 unusquisque,
869 2836 938 2875 ne
990 2829 1343 2879 menstruata:
1396 2827 1614 2882 mulieri
1658 2828 1761 2882 mi-

176 2918 441 2975 sceatur;
492 2913 595 2966 hoc
643 2913 789 2968 enim
835 2914 1171 2969 exsecrabile
1219 2914 1372 2970 ducit
1420 2917 1507 2973 lex
1558 2918 1651 2975 Dei
1692 2922 1757 2977 ".

178 2999 339 3066 Quod
362 3001 411 3055 si
434 3002 521 3056 lex
551 3002 617 3058 de
638 3004 726 3061 his
755 3020 867 3060 non
886 3006 1261 3063 admonuisset
1288 3025 1412 3075 nos,
1440 3018 1499 3065 ut
1525 3013 1692 3068 catuli
1714 3014 1757 3047 ¹⁸

1870 519 1942 574 sit
1969 519 2117 573 illius
2145 520 2274 574 boni
2316 519 2439 584 hoc,
2470 520 2526 573 in
2557 536 2665 590 quo
2699 536 2828 575 caro
2856 520 3101 575 diluitur.
3134 518 3227 574 Sic
3269 521 3440 587 enim,

1868 620 1923 664 et
1954 611 2215 680 magister
2246 620 2433 666 noster
2465 611 2733 681 quosdam
2776 611 3180 666 Pharisaeorum
3218 623 3271 668 et
3301 615 3441 669 scri-

1870 701 2086 767 barum,
2118 704 2212 773 qui
2242 704 2571 759 videbantur
2596 720 2722 761 esse
2761 707 2975 761 cmteris
3007 705 3283 771 meliores,
3318 714 3372 762 et
3406 723 3439 761 a

1867 795 2031 864 vulgo
2070 794 2328 867 separati,
2368 798 2701 870 increpabat,
2730 798 2919 855 dicens
2959 815 3056 855 eos
3092 799 3438 871 hypocritas;

1868 888 1998 956 quia
2046 903 2110 942 ea
2159 890 2501 945 solummodo
2552 907 2673 960 qua:
2715 890 3029 947 hominibus
3089 891 3436 958 Videbantur,

1866 979 2259 1048 puriﬁcabant;
2294 983 2462 1037 cerda
2507 1000 2658 1045 vero,
2690 1001 2810 1056 qua:
2854 987 3005 1041 solus
3038 985 3181 1040 Deus
3218 987 3436 1056 aspicit,

1869 1070 2151 1141 inquinata
2209 1075 2591 1146 relinquebant
2638 1087 2693 1133 et
2742 1078 2983 1133 sordida.
3030 1077 3113 1131 Ad
3164 1077 3436 1149 quosdam

1866 1176 1996 1233 ergo
2024 1179 2091 1219 ex
2137 1165 2295 1236 ipsis,
2342 1183 2451 1221 non
2484 1167 2552 1221 ad
2592 1184 2804 1234 omnes,
2857 1170 3116 1225 dicebat:
3158 1170 3246 1225 Va:
3296 1171 3438 1226 vobis

1870 1256 2057 1312 scriba:
2082 1268 2134 1313 et
2172 1259 2436 1315 Phariswi
2470 1261 2778 1333 hypocrita,
2819 1266 2942 1335 quia
2986 1264 3255 1319 mundatis
3296 1264 3435 1334 quod

1865 1348 2063 1418 deforis
2102 1360 2181 1407 est
2210 1354 2392 1407 colicis
2426 1362 2475 1407 et
2521 1354 2841 1423 paropsidis,
2887 1358 3027 1411 intus
3065 1365 3238 1410 autem
3283 1358 3438 1425 plena

1866 1453 1989 1497 sunt
2027 1444 2293 1501 sordibus.
2340 1445 2610 1502 Pharisaze
2651 1465 2815 1513 cwce,
2858 1449 3056 1502 munda
3102 1449 3250 1522 prius
3299 1448 3436 1519 quod

1866 1533 2007 1590 intus
2031 1546 2149 1591 est:
2178 1548 2228 1591 et
2256 1539 2398 1608 quod
2421 1538 2619 1609 deforis
2648 1548 2746 1604 est,
2773 1542 2871 1595 erit
2902 1540 3153 1594 mundum
3181 1541 3223 1571 “
3248 1542 3261 1595 l
3296 1539 3438 1596 Vere

1866 1627 2033 1690 enim,
2067 1629 2115 1684 si
2160 1646 2316 1686 mens
2354 1631 2646 1686 mundetur
2688 1633 2809 1688 luce
2852 1634 3114 1698 scientiae,
3156 1648 3280 1688 cum
3318 1634 3438 1703 ipsa

1871 1715 2034 1773 fuerit
2085 1722 2287 1776 munda
2330 1738 2395 1777 ac
2431 1723 2737 1794 splendida,
2786 1733 2918 1779 tunc
2955 1728 3119 1783 etiam
3167 1728 3309 1798 ejus,
3342 1725 3437 1795 qui

1876 1810 2081 1868 deforis
2108 1820 2224 1878 est,
2267 1814 2503 1872 hominis
2543 1817 2661 1887 ipsa
2708 1820 3020 1875 necessario
3048 1835 3234 1873 curam
3274 1818 3434 1889 gerit,

1873 1902 1926 1956 id
1955 1912 2039 1958 est
2074 1904 2256 1960 carnis
2288 1923 2420 1971 suae,
2451 1915 2509 1962 ut
2536 1918 2588 1963 et
2614 1911 2731 1980 ipsa
2762 1911 3104 1981 purificetur.
3132 1912 3172 1943 "
3204 1910 3303 1965 Ubi
3337 1926 3437 1965 au-

1872 2003 1979 2051 tem
2024 1997 2150 2063 ista,
2193 2015 2313 2070 qua:
2340 2002 2544 2058 deforis
2573 2012 2679 2068 est,
2713 2004 3022 2075 puriﬁcatio
3049 2006 3233 2059 carnis
3266 2005 3438 2075 negli-

1868 2086 2034 2160 gitur,
2061 2099 2271 2146 certum
2298 2100 2583 2164 estneque
2606 2094 2673 2149 de
2702 2096 2940 2165 puritate
2970 2098 3171 2152 mentis
3196 2113 3257 2151 ac
3282 2112 3438 2151 man-

1868 2185 2002 2241 ditia
2031 2186 2215 2242 cordis
2241 2202 2428 2242 curam
2474 2190 2609 2259 geri.
2649 2187 2727 2243 lta
2792 2206 2922 2261 ergo
2984 2192 3062 2256 fit,
3117 2200 3176 2246 ut
3239 2192 3285 2248 is
3341 2194 3434 2265 qui

1867 2280 2201 2335 intrinsecus
2222 2280 2457 2336 mundus
2488 2292 2593 2348 est,
2622 2284 2916 2339 mundetur
2930 2285 3047 2342 sine
3075 2286 3241 2343 dubio
3269 2297 3322 2344 et
3340 2304 3435 2343 ex-

1866 2372 2159 2427 trinsecus.
2187 2370 2307 2427 Non
2345 2389 2557 2443 semper
2588 2387 2767 2431 autem
2803 2377 2870 2442 is,
2901 2378 2993 2448 qui
3024 2380 3321 2435 mundatur
3344 2397 3434 2436 ex—

1865 2465 2161 2530 trinsecus,
2199 2466 2363 2521 etiam
2396 2467 2728 2523 intrinsecus
2756 2470 2994 2526 mundus
3021 2482 3135 2536 est,
3178 2473 3435 2528 videlicet

1863 2572 1991 2612 cum
2030 2557 2142 2628 agit
2177 2557 2313 2622 haec,
2351 2566 2411 2613 ut
2441 2559 2754 2615 hominibus
2785 2561 3015 2631 placeat.
3044 2565 3087 2596 ³⁸
3119 2563 3222 2619 Sed
3258 2573 3312 2621 et
3342 2566 3434 2621 illa

1862 2649 2074 2720 species
2102 2651 2440 2706 castimonia:
2474 2652 2813 2709 observanda
2853 2665 2961 2719 est,
3001 2657 3079 2710 uti
3117 2674 3186 2713 ne
3227 2661 3433 2728 passim

1859 2748 1915 2796 et
1951 2741 2195 2797 libidinis
2225 2743 2397 2802 solius
2443 2759 2633 2810 causa,
2679 2761 2802 2801 cum
2847 2746 3063 2803 feminis
3102 2760 3255 2805 coeat
3286 2752 3431 2821 quis,

1860 2835 1955 2890 sed
1980 2836 2316 2905 posteritatis
2343 2838 2656 2907 reparanda:
2683 2840 2887 2910 gratia;
2926 2858 3046 2911 quae
3087 2845 3434 2901 observantia

1859 2943 1984 2983 cum
2013 2928 2175 2984 etiam
2217 2930 2272 2983 in
2304 2932 2581 2987 nonnullis
2630 2935 2931 3003 pecudibus
2976 2937 3304 3004 inveniatur,
3339 2956 3434 3011 pu-

1858 3020 2009 3076 doris
2056 3030 2176 3086 est,
2222 3021 2267 3076 si
2320 3037 2429 3077 non
2482 3024 2550 3078 ab
2606 3025 2919 3084 hominibus
2971 3031 3331 3089 rationalibus
3376 3042 3430 3090 et

122 3166 125 3171 l
177 3091 416 3149 libenter
464 3096 811 3153 volveremur
857 3098 913 3153 in
962 3107 1204 3156 stercore
1241 3102 1303 3156 “.
1340 3102 1610 3161 Debemus
1648 3108 1747 3161 alio
1778 3122 1821 3179 ε]
1855 3112 2025 3169 Deum
2055 3114 2359 3171 colentibus
2407 3117 2749 3177 observetur.
2801 3119 2940 3192 Ergo
2991 3140 3183 3181 omnes
3237 3143 3431 3197 peccao

177 3186 308 3253 quid
343 3187 580 3256 amplius
611 3189 814 3246 habere
844 3191 1191 3258 animalibus,
1227 3202 1415 3265 utpote
1457 3198 1753 3256 rationales

179 3274 459 3342 homines,
498 3288 554 3335 et
594 3268 901 3338 caelestium
953 3300 1215 3340 sensuum
1266 3303 1518 3358 capaces,
1552 3292 1753 3363 quibus

177 3382 459 3425 summum
508 3372 752 3427 studium
801 3390 927 3431 esse
972 3375 1152 3443 debet,
1195 3379 1265 3432 ab
1296 3381 1446 3435 omni
1498 3382 1754 3454 inquina-

152 3468 367 3517 mento
389 3463 576 3519 cordis
606 3466 1002 3523 conscientiam
1033 3470 1335 3527 custodire.
1364 3473 1408 3504 ¹⁸
1432 3473 1641 3529 Bonum
1669 3485 1753 3532 est

178 3564 384 3622 autem,
422 3563 479 3609 et
508 3556 733 3625 puritati
762 3559 1119 3624 conveniens,
1152 3561 1317 3615 etiam
1362 3578 1562 3634 corpus
1610 3582 1754 3638 aqua

176 3642 411 3701 diluere.
455 3645 666 3703 Bonum
718 3665 848 3705 vero
897 3650 1043 3714 dico,
1088 3666 1200 3706 non
1252 3655 1409 3723 quasi
1450 3656 1754 3729 principale

1859 3215 2056 3260 verunt
2086 3215 2141 3262 et
2170 3214 2330 3277 egent
2359 3209 2562 3263 auxilio
2583 3208 2676 3265 Dei
2701 3211 2832 3283 ('52).
2858 3212 3087 3285 Propter
3108 3219 3275 3288 quod,
3301 3220 3431 3275 cha-

1856 3296 2061 3353 rissimi
2082 3340 2097 3365 ,
2137 3300 2424 3354 sectamini
2477 3318 2691 3372 semper
2741 3306 3057 3362 cliaritatem
3079 3349 3093 3372 ,
3123 3320 3177 3365 et
3206 3312 3433 3366 aemula-

1859 3389 1995 3443 mini
2041 3392 2268 3446 meliora
2305 3400 2358 3448 et
2404 3395 2730 3463 spiritualia,
2766 3405 2820 3451 et
2853 3397 3106 3467 adjuvate
3149 3419 3248 3457 vos
3283 3404 3428 3457 invi-

1859 3496 1998 3547 cem,
2024 3492 2083 3537 ut
2107 3482 2218 3540 Deo
2246 3501 2459 3559 semper
2500 3487 2555 3541 in
2584 3488 2838 3545 omnibus
2868 3490 3081 3561 placere
3112 3495 3335 3550 valeatis
3360 3498 3423 3551 ".

1860 3570 2054 3630 Amen.

177 3800 3414 3855 MM

1417 3937 2003 4032 EPISTOLA
2073 3947 2189 4039 V.

175 4186 249 4240 De
289 4185 560 4264 communi
603 4184 707 4264 {vita
734 4193 784 4238 et
828 4187 1285 4264 reliquisrausis,
1320 4192 1431 4245 suis
1477 4192 1751 4264 discipulis

342 4257 565 4325 scripta,
598 4254 1197 4332 Hierosolymitanisque
1219 4261 1422 4317 directa
1447 4264 1584 4333 (55).

1928 4200 2247 4264 Communis
2265 4209 2311 4241 ²⁶
2340 4209 2473 4273 vita,
2499 4209 2717 4273 fratres,
2735 4212 2988 4268 omnibus
3007 4216 3314 4271 necessaria
3332 4227 3417 4274 est

1856 4303 1911 4351 et
1939 4298 2175 4353 maxime
2206 4299 2292 4355 his
2331 4303 2423 4371 qui
2455 4301 2566 4357 Deo
2597 4303 3152 4373 irreprehensibiliter
3180 4308 3415 4367 militare

240 4368 630 4425 Dilectissimis
663 4368 926 4427 fratribus
959 4381 1014 4428 et
1043 4376 1460 4448 condiscipulis,
1492 4379 1752 4437 Hieroso-
1780 4417 1828 4476 Β
1854 4387 2101 4457 cupiunt,
2128 4397 2182 4444 et
2210 4368 2378 4447 vitam
2420 4368 2815 4465 apostolorum,
2846 4413 3142 4468 eorumque
3173 4401 3418 4473 discipu-

170 4463 335 4533 lymis
374 4477 504 4517 cum
539 4462 865 4518 charissimo
891 4464 1057 4521 fratre
1075 4466 1280 4525 Jacobo
1303 4473 1627 4544 coepiscopo
1656 4476 1750 4531 ha-

171 4555 501 4617 bitantibus,
526 4553 777 4610 CLsuENS
804 4557 1115 4627 episcopus.

1857 4479 2033 4534 lorum
2070 4482 2271 4539 imitari
2303 4484 2511 4541 volunt.
2539 4489 2581 4518 ²¹
2610 4488 2927 4546 Communis
2956 4492 3102 4545 enim
3138 4510 3269 4549 usus
3298 4512 3417 4549 om—

1857 4573 2030 4640 nium,
2063 4591 2183 4645 quae
2217 4587 2344 4632 sunt
2376 4580 2430 4631 in
2473 4579 2576 4634 hoc
2612 4581 2838 4646 mundo,
2869 4583 3123 4638 omnibus
3166 4598 3289 4640 esse
3318 4588 3417 4642 lio—

240 4673 298 4762 :
315 4668 482 4723 Siric.
511 4683 599 4762 ep.
622 4667 883 4762 i,|ipitio.
927 4672 965 4702 “
984 4671 1363 4762 Recognzvtac.
1389 4676 1477 4762 l0:
1522 4677 1564 4707 “
1590 4676 1762 4734 Levit.
1801 4687 2037 4762 ινῃι..¹³
2068 4690 2423 4762 cantharides,
2443 4695 2552 4762 imo
2580 4695 2844 4761 cantliari,
2874 4705 2932 4750 ut
2960 4698 3096 4753 bene
3113 4697 3415 4762 Turrianus

170 4757 234 4829 ἓξ
257 4740 455 4829 (ἔφερε
472 4738 776 4829 codice'lib.
802 4755 856 4802 ν,
887 4738 1141 4829 (Ξαρϊξ-ὶιξ
1267 4744 1432 4827 Deest
1462 4747 1575 4827 haec
1597 4738 2021 4829 comparatioin
2294 4738 2844 4829 '37’iié'c72555'iil7z'.’

168 4812 278 4899 25,.
338 4808 539 4899 tuli-rec
568 4810 636 4862 ab
654 4806 1161 4899 ΔἸίθξηειόικῐριὶξιῙΞ
1184 4814 1450 4896 Ebionitis
1479 4818 1680 4899 inserta
1710 4806 2099 4899 q_«_[._v'iileniur:
2124 4806 2752 4899 ’ίῖἶνίῖεσοριῖί-θίῗέν..ὅ.

168 4898 225 4945 q.
258 4880 313 4943 l,
337 4880 606 4934 Dilectiss.
646 4878 927 4948 fratribus.

170 4950 447 5005 Clemens.

241 5043 461 5109 (“50-5l)
504 5042 579 5097 De
606 5040 1018 5098 confirmatione
1045 5040 1307 5110 loquitur.

239 5108 355 5183 (39.)
393 5114 533 5183 Ergo
554 5130 729 5167 omnes
764 5108 1137 5183 peccaverunt;
1164 5122 1267 5166 etc.
1304 5110 1428 5166 Haec
1463 5114 1743 5170 conclusio

168 5181 511 5239 cal‘umuiose
555 5181 970 5252 reprehenditur
1004 5181 1072 5235 ab
1115 5182 1384 5237 haereticis
1419 5202 1431 5236 ε
1475 5183 1550 5237 ita
1595 5185 1740 5239 enim

170 5264 397 5309 sanctus
426 5251 678 5309 Clemens
710 5255 830 5323 (aut
874 5251 968 5323 qui
1012 5252 1113 5306 sub
1159 5252 1279 5321 ejus
1329 5267 1563 5322 persona
1605 5254 1744 5308 deli-

171 5326 359 5394 tescit)
392 5320 805 5395 argumentatur
831 5341 850 5395 εΔ
882 5320 938 5375 Si
968 5324 1109 5395 ratio
1138 5320 1404 5395 naturalis
1434 5332 1488 5395 et
1520 5325 1603 5378 lex
1644 5339 1740 5378 co-

169 5395 321 5450 lendi
344 5392 515 5450 Deum
542 5410 653 5448 non
686 5393 883 5450 sufﬁcit
917 5392 984 5445 ad
1013 5392 1407 5464 observandam
1441 5393 1582 5447 hanc
1614 5410 1740 5464 spe-

169 5468 313 5519 ciem
338 5464 627 5527 castitatis,
663 5480 825 5534 quam
854 5462 1111 5532 pecudes,
1142 5464 1262 5520 sine
1299 5464 1506 5519 ratione
1540 5474 1593 5517 et
1622 5462 1738 5534 lege

170 5544 383 5589 naturae
410 5536 672 5589 instinctu
700 5542 937 5595 servant,
965 5542 1018 5586 et
1048 5534 1123 5586 ita
1151 5534 1443 5588 mutabiles
1482 5545 1607 5588 sunt
1639 5535 1740 5588 ho-

171 5607 379 5671 mines;
408 5608 655 5675 sequitur
683 5620 876 5675 mnnes
902 5618 1023 5675 esse
1072 5611 1490 5675 peccatores,ret
1534 5606 1739 5660 auxilio

174 5675 271 5747 Diei
298 5673 503 5747 Aegere,‘
524 5674 613 5747 ad
663 5675 800 5730 bene
832 5673 1139 5747 vivendum.
1189 5676 1309 5741 Quo
1352 5674 1499 5747 nihil
1533 5676 1736 5747 verius,

174 5745 316 5800 nihil
351 5743 636 5807 subtilius,
682 5761 782 5801 nec
832 5743 899 5799 ad
952 5758 1066 5801 rem
1110 5745 1578 5802 accommodatius
1627 5746 1739 5801 dici

176 5818 370 5883 potuit.
401 5817 523 5874 Sev.
554 5815 755 5873 Bmws.

3042 4770 3086 4799 ¹⁸
3108 4769 3294 4826 Matth.
3320 4774 3411 4838 25,

2832 4837 2909 4890 "l
2937 4838 3059 4892 Cor.
3078 4857 3185 4896 xw.
3265 4837 3409 4909 "12,

1037 4887 1077 4915 ²¹
1121 4883 1511 4941 Faustinianus
1560 4890 1672 4944 haec
1718 4883 1850 4947 dicit
1902 4895 1994 4950 lib.
2040 4914 2091 4951 xu
2138 4883 2423 4973 Recognﬂ
2454 4883 2909 4977 prl'I’iST-qum-
2941 4883 3413 4981 E'Er'éliii'ipsmiéi

2072 5056 2197 5143 Hcce
2223 5064 2453 5143 epistola
2501 5068 2775 5143 encyclica
2804 5077 2914 5135 est;
2946 5071 3025 5125 sic
3068 5071 3231 5137 dicta,
3265 5077 3410 5143 quod

1846 5128 2101 5212 omnibus
2132 5128 2391 5212 Ecc‘lesiis
2422 5128 2730 5212 communis
2776 5128 2951 5212 esset,
2978 5149 3047 5212 et
3084 5158 3177 5212 per
3212 5128 3409 5201 manus

1844 5198 2074 5269 singulis
2130 5202 2360 5268 tradita,
2414 5207 2731 5263 universum
2785 5198 3155 5265 Christianum
3218 5198 3407 5269 urbem

1843 5266 2177 5353 circumiret.
2206 5266 2428 5330 Diversa
2459 5286 2747 5353 tamenest
2779 5280 2847 5353 ab
2883 5279 2983 5353 illa
3003 5266 3309 5353 encyclica,
3328 5266 3406 5340 iiii

1839 5352 1947 5422 qua
1978 5339 2288 5422 virginitas,
2328 5353 2463 5401 teste
2502 5346 2769 5418 Epiphan.
2798 5349 2987 5422 hmresi
3020 5339 3408 5422 30,'depi~.edi4

1839 5415 1960 5490 cata
1974 5409 2099 5500 fuit,
2116 5429 2470 5500 ψέξαι-υθέυο
2486 5409 2871 5500 tempore,quo
2898 5409 3109 5500 integra
3133 5409 3403 5500 exstabat,

1842 5483 1897 5532 in
1926 5483 2436 5559 sanc_tis_Ecclesiis,
2472 5496 2529 5540 ut
2559 5483 2652 5552 ait,
2686 5483 2963 5559 legebatur
2993 5483 3181 5547 :Vsicut
3224 5502 3277 5549 et
3311 5483 3403 5549 illa

1842 5567 1966 5632 qua;
2004 5553 2073 5632 ad
2114 5554 2426 5632 Corinthios
2454 5559 2656 5632 scripta
2700 5553 2819 5613 fuit.
2865 5560 3034 5632 Cujus
3064 5570 3241 5618 autem
3280 5564 3405 5620 ﬁdei

1842 5638 1906 5676 ac
1939 5626 2208 5700 firmitatis
2239 5628 2348 5700 sint
2379 5628 2461 5682 lue
2520 5626 2761 5700 quinque
2790 5626 3268 5688 titulo'Clementis
3296 5649 3399 5689 no-

1841 5696 2130 5777 tatze,vide
2154 5695 2483 5777 Turrianum
2531 5695 2623 5757 lib.
2671 5695 2739 5767 it,
2792 5702 3041 5762 adversus
3075 5702 3398 5777 Magdebur-

1838 5781 2040 5835 genses.
2075 5765 2197 5825 Sev.
2224 5765 2407 5825 [limus
