3900 6334
500 214 603 273 m7
1342 210 1399 268 s.
1434 211 1829 272 CLEMENTIS
1861 216 1882 271 ι
1917 211 2085 274 ROM.

2120 215 2325 273 PONT.
2362 212 2594 270 OPERA
2651 212 2883 273 DUBlA.
3592 219 3674 278 508

504 330 748 388 minibus
801 329 1029 399 debuit;
1075 328 1170 387 sed
1220 344 1318 401 per
1368 328 1716 401 iniquitatem
1769 333 1912 392 alius
1970 334 2074 388 hoc
2105 340 2148 395 Α
2182 341 2484 388 vestrarum
2511 332 2769 401 partium,
2797 330 3093 386 secundum
3120 327 3391 400 ingenium
3425 328 3682 409 hominum,

506 440 667 495 suum
698 439 820 479 esse
848 423 1000 488 dixit,
1033 430 1086 478 et
1115 422 1257 479 alius
1279 421 1433 487 illud,
1455 430 1510 478 et
1539 422 1623 478 sic
1646 423 1791 479 inter
1817 425 2078 481 mortales

511 516 652 572 facta
692 515 888 571 divisio
933 522 1039 570 est.
1084 514 1327 587 Denique
1375 514 1688 571 Graacorum
1723 515 1946 586 quidam
1988 530 2079 573 sa-

512 609 883 682 pientissimus
903 610 970 677 ¹²,
1002 609 1116 664 haec
1147 608 1220 663 ita
1246 606 1428 664 sciens
1456 621 1605 672 esse,
1635 606 2079 662 aitzCommunia

507 701 690 758 debere
717 717 829 755 esse
865 702 1158 755 amicorum
1199 700 1378 754 omnia
1398 698 1470 766 ³³,
1501 707 1551 753 et
1591 700 1728 753 sicut
1775 716 1879 754 non
1907 709 2077 770 potest

509 793 729 866 (inquit)
757 793 922 849 dividi
950 809 1063 858 aer,
1101 809 1262 865 neque
1289 791 1536 863 splendor
1577 793 1732 858 solis,
1765 794 1843 849 ita
1873 810 1966 849 nec
1996 811 2079 849 re-

511 890 656 961 liqua
694 906 811 961 qua?
839 888 1185 942 communiter
1216 888 1272 940 in
1305 885 1401 941 hoc
1438 886 1633 943 mundo
1675 886 1915 943 omnibus
1950 885 2081 941 data

510 992 632 1036 sunt
677 980 745 1035 ad
786 978 1104 1044 habendum,
1133 978 1298 1033 dividi
1343 977 1549 1045 debere,
1584 978 1673 1034 sed
1704 977 1946 1033 habenda
1971 994 2083 1032 esse

511 1074 829 1128 communia.
863 1071 1017 1129 Unde
1047 1082 1101 1128 et
1135 1071 1395 1127 Dominus
1426 1087 1522 1141 per
1551 1071 1872 1142 prophetam
1904 1067 2083 1141 loqui-

512 1175 623 1229 tur,
656 1165 883 1222 dicens:
916 1163 1050 1220 Ecce
1080 1181 1238 1235 quam
1282 1163 1473 1218 bonum
1512 1173 1561 1218 et
1596 1180 1757 1235 quam
1786 1162 2083 1233 jucundum

511 1257 754 1313 habitare
781 1258 975 1327 fratres
1009 1256 1062 1310 in
1094 1273 1261 1310 unum
1285 1257 1352 1314 “.
1395 1254 1560 1313 Istius
1593 1256 1740 1313 enim
1789 1264 2084 1314 consuetu-

512 1350 657 1406 dinis
686 1365 835 1405 more
866 1356 1096 1416 retento,
1123 1348 1288 1407 etiam
1316 1348 1573 1420 apostoli,
1596 1365 1896 1421 eorumque
1922 1347 2085 1406 disci-

514 1443 649 1514 puli,
676 1451 734 1498 ut
765 1440 1078 1513 praedictum
1136 1448 1242 1506 est,
1268 1456 1377 1497 una
1407 1442 1695 1498 nobiscum
1715 1451 1768 1498 et
1799 1441 2084 1499 vobiscum

513 1551 857 1591 communem
905 1534 1067 1589 vitam
1116 1533 1342 1590 duxere.
1392 1533 1548 1591 Unde
1585 1534 1670 1607 (ut
1715 1535 1852 1593 bene
1886 1534 2082 1608 nostis)

512 1637 627 1681 erat
667 1626 1021 1685 multitudinis
1065 1642 1247 1680 eorum
1293 1642 1383 1681 cor
1430 1643 1592 1683 unum
1618 1635 1669 1683 et
1715 1628 1898 1683 anima
1934 1642 2083 1682 una:

514 1735 607 1772 nec
641 1718 918 1789 quisquam
949 1733 1129 1772 eorum
1159 1726 1252 1771 aut
1278 1727 1539 1783 nostrum,
1563 1718 1630 1774 de
1655 1718 1737 1774 bis
1764 1736 1882 1791 qua:
1914 1720 2087 1790 possi-

514 1810 689 1876 debat,
734 1810 934 1881 aliquid
964 1827 1120 1864 suum
1146 1828 1258 1866 esse
1288 1811 1518 1877 dicebat,
1558 1808 1649 1867 sed
1686 1814 1864 1868 omnia
1892 1813 2003 1869 illis
2038 1822 2089 1869 et

514 1904 662 1960 nobis
692 1912 843 1959 erant
872 1904 1190 1965 communia,
1215 1919 1306 1957 nec
1333 1904 1608 1975 quisquam
1631 1920 1783 1975 egens
1814 1913 1929 1960 erat
1954 1905 2091 1960 inter

514 2013 629 2051 nos.
666 1994 857 2051 Omnes
891 2004 1088 2061 autem,
1115 1995 1205 2066 qui
1231 1993 1414 2052 domos
1444 1997 1523 2050 vel
1539 2012 1696 2066 agros
1717 1997 2081 2067 possidebant,

515 2087 800 2145 vendebant
829 2102 938 2151 eos,
972 2096 1023 2140 et
1049 2087 1219 2156 pretia
1246 2102 1448 2152 eorum,
1476 2098 1526 2142 et
1572 2089 1803 2159 reliquas
1844 2106 1927 2147 res
1956 2108 2090 2162 quas

512 2179 805 2247 habebant,
836 2179 1155 2251 aﬁ‘erebant,
1192 2189 1438 2249 ponentes
1473 2191 1594 2236 ante
1624 2182 1778 2252 pedes
1823 2182 2092 2254 apostolo-

513 2289 631 2355 rum
651 2273 716 2340 ’⁸,
731 2272 874 2328 sicut
898 2272 1183 2329 uobiscum
1200 2273 1422 2344 quidam
1438 2284 1681 2329 vestrum
1714 2283 2091 2347 cognoverunt

513 2376 567 2423 et
594 2365 846 2427 viderunt
870 2385 882 2421 :
915 2375 965 2420 et
986 2364 1290 2421 dividebant
1319 2367 1568 2437 singulis,
1587 2378 1744 2438 prout
1762 2369 2089 2440 cuiquecpus

512 2467 648 2516 erat.
678 2458 921 2515 Ananias
951 2466 1154 2524 autem,
1200 2459 1284 2514 vir
1318 2467 1602 2523 austerus,
1640 2468 1695 2515 et
1749 2458 2018 2532 Sapphira
2045 2462 2091 2495 ³⁸

514 2568 655 2609 uxor
685 2550 806 2622 ejus
829 2551 896 2617 ⁸⁷,
928 2550 1024 2623 qui
1073 2550 1284 2605 mentiti
1333 2557 1463 2607 sunt
1494 2551 1762 2621 apostolis
1808 2552 1876 2608 de
1912 2553 2091 2624 pretio

515 2660 772 2717 agrorum
804 2658 1052 2711 suorum,
1074 2658 1214 2713 quos
1243 2643 1622 2711 vendiderant,
1656 2645 1817 2701 nobis
1848 2661 2094 2716 praesen-

515 2738 663 2794 tibus
691 2736 767 2803 ",
800 2735 856 2791 in
902 2743 1204 2806 conspectu
1250 2734 1499 2790 omnium
1534 2736 2031 2805 circumstantium,
2062 2753 2092 2794 a

515 2834 817 2898 conspectu
851 2832 1259 2897 apostomrum,
1310 2836 1535 2900 propter
1566 2838 1851 2898 peccatum
1902 2846 2093 2887 eorum

516 2929 571 2977 et
600 2919 948 2976 mendacium
989 2920 1135 2991 quod
1188 2919 1465 2988 fecerunt,
1511 2923 1713 2978 mortui
1751 2922 1916 2979 delati
1965 2935 2094 2979 sunt

519 3012 702 3069 ambo.
736 3012 1055 3083 Cseteraque
1095 3028 1218 3084 quas
1244 3012 1312 3068 de
1341 3014 1546 3070 talibus
1570 3015 1614 3049 "
1648 3015 2011 3086 cognovimus
2041 3024 2095 3071 et

517 3104 789 3170 vidimus,
842 3119 944 3160 nec
998 3105 1415 3171 recordatione,
1466 3121 1568 3162 nec
1625 3105 2093 3166 demonstratione

520 3196 685 3267 digna
734 3204 881 3253 sunt.
914 3195 1258 3267 Quapropter
1299 3197 1418 3254 haec
1450 3198 1607 3255 vobis
1649 3199 1893 3255 cavenda
1940 3215 2097 3254 man-

521 3287 739 3352 damus,
769 3295 823 3343 et
850 3287 1117 3344 doctrinis
1147 3296 1201 3343 et
1229 3290 1495 3361 exemplis
1544 3292 1917 3361 apostolorum
1964 3293 2099 3349 obe~

521 3379 641 3435 dire
672 3379 1050 3450 prazcipimus;
1083 3381 1211 3451 quia
1248 3382 1301 3435 hi
1331 3383 1427 3452 qui
1449 3383 1706 3439 mandata
1735 3399 1925 3440 eorum
1952 3392 2101 3455 post-

521 3476 753 3541 ponunt,
778 3486 887 3525 non
913 3472 1088 3527 solum
1119 3472 1217 3537 rei,
1246 3473 1342 3528 sed
1371 3480 1619 3534 extorres
1651 3474 1804 3530 ﬁunt.
1831 3475 1964 3542 Quae
1986 3492 2095 3534 non

524 3562 699 3619 solum
736 3564 893 3619 vobis
921 3564 1185 3631 cavenda,
1230 3564 1326 3621 sed
1369 3574 1423 3621 et
1465 3567 1719 3623 omnibus
1751 3568 2097 3639 praedicanda

523 3663 674 3712 sunt.
700 3654 745 3687 ⁸ο
774 3653 1024 3710 Relatum
1062 3662 1147 3711 est
1185 3655 1349 3711 etiam
1382 3657 1562 3723 nobis,
1594 3659 1741 3728 quod
1787 3661 2009 3731 quidam
2040 3663 2097 3716 in

523 3747 725 3803 vestris
774 3748 1023 3817 partibus
1067 3756 1503 3815 commorantes,
1547 3751 1907 3808 adversantur
1946 3754 2098 3813 sanis

526 3839 813 3905 doctrinis,
838 3848 892 3895 et
923 3838 1107 3911 (prout
1138 3840 1219 3896 eis
1244 3840 1483 3915 videtur)
1515 3857 1625 3897 non
1652 3845 1957 3901 secundum
1984 3852 2101 3901 tra-

528 3933 792 3987 ditionem
822 3931 1002 3989 Patris
1027 3934 1093 3998 ³¹,
1133 3934 1226 3990 sed
1251 3934 1408 4005 juxta
1440 3950 1664 3991 sensum
1695 3953 1859 3994 suum
1899 3941 2099 3997 docere

529 4024 805 4084 videntur.
832 4026 875 4057 "
923 4024 1119 4083 Multas
1166 4028 1311 4084 enim
1364 4028 1586 4100 quidam
1630 4029 1721 4103 (ut
1768 4031 2099 4090 audivimusl

616 4217 661 4246 ’ί
706 4216 986 4289 Platonem
1055 4216 1330 4289 intelligit.

533 4288 590 4343 in
620 4289 783 4342 notis.
821 4286 894 4340 Ea
942 4285 1137 4343 Surius
1177 4285 1258 4342 et'
1305 4295 1392 4346 ost

534 4359 588 4412 1.
662 4358 708 4389 ’⁵
738 4358 858 4411 Act.
903 4373 975 4413 iv.
1012 4358 1101 4411 54.
1169 4358 1214 4389 ²⁶
1244 4304 1345 4413 ὗε.

1298 4376 1345 4417 8.

534 4292 590 4343 in
620 4292 783 4342 notis.
821 4292 894 4340 Ea
942 4292 1137 4343 Surius
1177 4296 1233 4342 et
1244 4295 1392 4412 3post
1423 4305 1545 4345 eum
1579 4292 1671 4347 alii
1714 4292 2092 4361 resecuerunt,

534 4359 588 4412 1.
662 4358 708 4389 ’⁵
738 4358 858 4411 Act.
903 4373 975 4412 tv.
1012 4358 1101 4411 54.
1169 4358 1214 4389 ²⁶
1298 4376 1345 4412 s.
1396 4358 1651 4412 Zanhira.
1745 4365 1789 4396 ⁸⁷
1842 4364 1964 4412 Act-
2010 4382 2061 4412 ν-

574 4400 588 4412 ο
738 4397 858 4411 ιιυνο
904 4397 945 4410 IV
961 4397 975 4420 ’
1012 4397 1101 4411 υτ.

1396 4358 1651 4431 Zaphira.
1745 4365 1789 4396 ’⁷
1841 4364 1965 4421 Act.
2010 4382 2062 4421 ν.

1433 4220 1479 4252 ³³
1515 4220 1575 4277 In
1613 4238 1729 4295 gms.
1793 4230 1960 4294 atque
2015 4221 2181 4280 editis
2238 4224 2450 4281 Merlini
2490 4235 2544 4281 et
2589 4224 2789 4281 Crabbi
2832 4240 3031 4295 pauca‘
3063 4227 3407 4287 inseruntur,
3452 4224 3514 4280 de

2178 440 2244 481 ex
2278 426 2365 481 his
2410 438 2532 494 quae
2576 423 2796 494 legunt,
2836 421 3339 478 verisimilitudines
3381 421 3682 491 capiuntzet

2181 517 2302 573 ideo
2341 516 2630 588 diligenter
2673 515 3071 571 observandum
3114 524 3217 577 est,
3258 521 3317 569 ut
3346 514 3427 571 lex
3458 513 3561 580 Dei,
3590 531 3688 578 cum

2179 609 2398 681 legitur,
2450 623 2563 663 non
2609 607 2913 663 secundum
2959 607 3236 679 prepriam
3291 607 3483 678 ingenii
3528 608 3687 663 intelli-

2180 701 2417 772 gentiam
2471 701 2685 771 legatur
2734 700 2819 756 vel
2875 699 3159 755 doceatur.
3207 698 3343 754 Sunt
3380 699 3514 754 enim
3554 700 3691 757 multa

2180 794 2347 850 verba
2388 792 2445 847 in
2485 791 2787 863 Scripturis
2818 791 3051 855 divinis,
3090 806 3215 862 quas
3243 798 3464 861 possunt
3487 791 3612 846 trahi
3638 792 3689 847 ad

2181 901 2308 942 eum
2340 886 2383 918 ⁸³
2443 901 2706 951 sensum,
2751 899 2914 956 quem
2982 883 3089 941 sibi
3135 882 3498 953 unusquisque
3538 890 3695 953 sponte

2182 978 2555 1050 praesumpsit,
2597 976 2691 1033 sed
2726 977 2844 1034 ﬁeri
2873 993 2985 1033 non
3027 983 3265 1047 oportet.
3290 973 3406 1030 Non
3443 976 3571 1031 enim
3596 991 3695 1031 seu»

2183 1086 2303 1127 sum
2330 1086 2489 1141 quem
2513 1070 2858 1126 extrinsecus
2878 1069 3213 1133 adulteretis,
3240 1067 3466 1123 alienum
3487 1072 3535 1122 et
3556 1074 3696 1122 extra-

2184 1178 2345 1219 neum
2368 1161 2580 1218 debetis
2603 1176 2870 1233 quzerere,
2901 1168 2996 1216 aut
3023 1158 3303 1231 quomodo
3322 1160 3367 1191 “
3394 1160 3557 1229 ipsum
3580 1157 3695 1213 Scri-

2184 1263 2471 1328 pturarum
2528 1254 2856 1310 auctoritate
2914 1252 3288 1319 conﬁrmetis;
3345 1250 3435 1307 sed
3479 1265 3539 1306 ex
3593 1251 3695 1321 ipsis

2187 1346 2490 1419 Scripturis
2521 1362 2743 1403 sensum
2774 1360 2972 1416 capere
2998 1344 3271 1401 veritatis.
3302 1342 3366 1396 Et
3389 1341 3503 1398 ideo
3528 1350 3697 1412 oportet

2184 1442 2254 1498 ab
2283 1456 2349 1498 eo
2379 1440 2793 1511 intelligentiam
2820 1438 3034 1494 discere
3063 1436 3486 1508 Scripturarum,
3507 1434 3585 1505 qui
3609 1448 3697 1489 eam

2185 1548 2217 1589 a
2263 1532 2605 1603 majoribus,
2652 1529 2952 1587 secundum
3006 1530 3292 1586 veritatem
3344 1525 3443 1583 sibi
3496 1525 3699 1580 traditam

2186 1627 2427 1683 servavit
2468 1632 2530 1681 ut
2572 1633 2627 1682 et
2658 1624 2778 1696 ipse
2826 1625 3003 1696 possit
3027 1638 3115 1689 ea,
3156 1638 3280 1695 qua:
3316 1631 3458 1680 recte
3489 1619 3697 1689 suscepit.

2190 1724 2567 1791 competenter
2598 1731 2870 1773 asserere.
2914 1715 3054 1772 Cum
3097 1715 3245 1771 enim
3274 1729 3342 1771 ex
3378 1713 3559 1769 divinis
3588 1710 3701 1766 Scri~
3750 1758 3756 1764 .

2190 1815 2367 1883 pturis
2414 1811 2680 1882 integram
2713 1808 2841 1879 quis
2881 1815 2938 1865 et
2984 1807 3201 1862 ﬁrmam
3230 1807 3467 1878 regulam
3507 1804 3700 1861 veritatis

2148 1943 2152 1947 -
2191 1902 2516 1973 susceperit,
2559 1899 2859 1958 absurdum
2896 1915 3009 1956 non
3038 1900 3172 1964 erit,
3196 1899 3243 1955 si
3274 1898 3471 1969 aliquid
3495 1897 3631 1951 etiam
3652 1912 3701 1950 ex

2190 1996 2501 2055 eruditione
2549 1992 2828 2050 communi
2876 2008 2943 2053 ac
2990 1992 3316 2049 liberalibus
3364 1989 3578 2055 studiis,
3613 2005 3703 2060 qua

2191 2090 2331 2146 forte
2380 2090 2437 2145 in
2485 2088 2720 2162 pueritia
2771 2086 2982 2159 attigit,
3017 2087 3089 2142 ad
3142 2087 3491 2142 assertionem
3516 2081 3610 2136 veri
3631 2082 3702 2135 do-

2190 2181 2391 2255 gmatis
2416 2181 2692 2248 conferat;
2740 2179 2818 2234 ita
2864 2186 3069 2245 tamen,
3104 2187 3165 2235 ut
3217 2179 3311 2236 ubi
3358 2191 3481 2233 vera
3528 2173 3699 2237 didicit,

2192 2275 2329 2331 falsa
2363 2282 2417 2330 et
2464 2273 2720 2328 simulata
2780 2270 3040 2328 declinet.
3081 2272 3130 2304 ⁸⁸
3176 2270 3443 2330 lacertum
3487 2274 3561 2324 est
3597 2265 3700 2321 enim

2190 2371 2353 2423 etiam
2379 2366 2674 2437 juvenibus
2706 2364 2833 2421 vita:
2882 2372 3123 2435 tempus,
3172 2363 3397 2419 senibus
3440 2367 3599 2415 autem
3620 2357 3701 2427 jam

2192 2476 2294 2517 nec
2323 2461 2593 2517 incertum
2624 2464 2742 2525 est;
2776 2472 2887 2512 non
2911 2456 3057 2512 enim
3092 2455 3399 2520 dubitatur,
3428 2454 3547 2524 quin
3573 2464 3705 2521 quan-

2194 2563 2531 2624 tumcunque
2565 2560 2651 2609 est
2693 2550 2840 2622 quod
2871 2557 3098 2620 putatur
3130 2562 3446 2621 superesse,
3476 2547 3614 2602 breve
3636 2543 3701 2597 sit.

2192 2647 2259 2703 Et
2304 2647 2428 2703 ideo
2456 2654 2567 2702 tam
2600 2645 2841 2716 juvenes
2876 2658 3038 2715 quam
3070 2658 3237 2701 senes
3269 2648 3476 2713 oportet
3515 2640 3573 2694 de
3608 2651 3704 2692 con-

2192 2739 2446 2799 versione
2471 2746 2526 2795 et
2554 2738 2872 2810 pmnitentia
2905 2736 3061 2792 valde
3098 2750 3225 2792 esse
3256 2734 3525 2798 sollicitos,
3552 2736 3596 2786 et
3619 2734 3705 2783 sat-

2195 2850 2355 2906 agere
2375 2834 2441 2899 “,
2488 2841 2545 2887 ut
2574 2832 2641 2888 de
2684 2831 2895 2901 reliquo
2938 2838 3140 2885 ornent
3168 2830 3403 2884 animam
3433 2839 3570 2882 suam
3591 2836 3706 2877 orna-

2198 2926 2398 2983 mentis
2426 2924 2786 2996 dignissimis,
2816 2923 2870 2979 id
2896 2933 2980 2979 est
3006 2923 3360 2994 dogmatibus
3388 2918 3623 2979 veritatis,
3644 2913 3709 2969 de-

2123 3048 2165 3103 ρ
2198 3034 2326 3074 eore
2352 3016 2645 3090 pudicitiaa,
2678 3016 2967 3087 splendore
2990 3015 3244 3086 justitiaa,
3269 3014 3500 3069 candore
3519 3007 3706 3082 pietatis.

2202 3111 2437 3181 aliisque
2466 3111 2744 3175 omnibus,
2776 3110 2975 3180 quibus
3018 3117 3298 3180 comptam
3328 3106 3478 3162 decet
3516 3116 3618 3159 esse
3646 3112 3709 3153 ra-

2200 3204 2457 3260 tionalem
2507 3213 2769 3259 mentem.
2794 3203 2837 3234 ³⁷
2866 3200 3051 3268 Unde,
3096 3200 3392 3259 consilium
3434 3198 3617 3257 dantes,
3643 3206 3708 3245 ve-

2199 3306 2367 3353 stram
2398 3295 2744 3366 prutlentiam
2777 3294 3083 3359 hortamur,
3127 3302 3190 3348 ut
3231 3293 3300 3347 ab
3339 3287 3624 3361 apostolicis
3647 3297 3711 3337 re-

2196 3390 2340 3461 gulis
2368 3403 2479 3443 non
2522 3387 2815 3454 recedatis,
2859 3385 2955 3444 sed
2993 3402 3343 3443 communem
3371 3386 3527 3440 vitam
3554 3381 3711 3436 ducen-

2200 3490 2305 3547 tes,
2332 3490 2387 3537 et
2415 3479 2734 3552 Scripturas
2774 3495 2966 3537 sacras
3017 3487 3169 3536 recte
3218 3478 3585 3549 intelligentes,
3623 3482 3711 3541 que

2200 3573 2433 3629 Domino
2462 3575 2711 3638 vovistis,
2756 3573 3056 3643 adimplere
3084 3574 3372 3645 satagatis.
3404 3570 3465 3625 Et
3490 3584 3598 3625 cum
3623 3578 3711 3618 ora-

2201 3667 2351 3723 tione
2388 3667 2609 3723 assidua
2667 3665 2760 3721 Dei
2816 3668 3049 3737 gratiam
3110 3667 3366 3721 obtinere
3426 3657 3709 3718 merueritis,

2201 3767 2356 3825 tunc,
2382 3759 2502 3817 sine
2532 3759 2846 3830 suspicione
2878 3759 3007 3813 mali
3032 3759 3292 3815 interitus
3315 3759 3379 3823 ³⁸,
3410 3765 3525 3813 vota
3548 3752 3713 3825 possint

2202 3852 2468 3909 celebrari
2508 3852 2721 3908 festiva.
2767 3850 2909 3909 Deus
2954 3859 3139 3906 autem
3177 3852 3332 3924 pacis
3375 3850 3444 3905 sit
3479 3861 3589 3902 cum
3627 3856 3714 3898 om-

2205 3945 2365 4003 nibus
2392 3945 2566 4003 vobis.
2595 3946 2788 4003 Amen.

3592 4235 3714 4275 usus

3314 4240 3407 4287 .ur,
3452 4238 3514 4280 ae
3557 4238 3713 4293 quens

3314 4295 3362 4327 “
3387 4295 3521 4350 Psal.
3547 4305 3713 4352 cura.

2145 4310 2275 4367 cum
2292 4365 2304 4367 4
2316 4304 2513 4367 tamen
2540 4296 2800 4367 legantur,
2816 4292 2852 4352 Ιῖ
2891 4311 2949 4367 3g
2979 4292 3218 4363 'Recogn.

2167 4365 2212 4449 ξε
2259 4365 2381 4421 Non
2430 4362 2648 4449 videtur
2691 4374 2836 4449 tunc.
2890 4362 3283 4449 Hierosolymis
3331 4362 3714 4449 essti_tisse(i_lc_-

534 4443 718 4506 mens,
766 4428 988 4482 natione
1037 4426 1347 4506 Romanus,
1375 4426 1713 4506 Aqui‘plures
1756 4442 1880 4506 p_ost
1909 4450 2084 4492 annos
2115 4435 2274 4491 fidem
2313 4435 2786 4506 suscepit.chrba
2813 4435 3014 4493 Latmii
3043 4426 3188 4506 notis
3230 4439 3433 4495 nostris
3460 4436 3714 4506 inseremqs

536 4499 581 4568 ξ’
613 4497 710 4568 Ms.
740 4507 950 4568 cwtera,
984 4514 1103 4568 qua:
1144 4500 1299 4555 talia.
1334 4497 1340 4499 ’
1372 4497 1421 4534 ⁸⁵
1460 4497 1589 4558 Dist.
1638 4504 1727 4568 57,
1757 4497 2014 4560 ’Ββιαιωη
2051 4516 2153 4562 est.

2255 4500 2633 4562 “traditiones
2679 4506 2927 4562 Patrum.
3003 4506 3048 4540 ³³
3109 4503 3385 4575 Rccognit.
3438 4521 3508 4571 ι,
3558 4520 3600 4575 c.
3641 4500 3711 4557 62.

538 4563 1203 4660 {’1‘5509”f£'3f£}3{tf{n-
1242 4569 1367 4660 [ἱεεξ
1395 4587 1630 4660 quoque
1644 4563 2070 4660 "eiﬂﬂarﬁduiuo
2114 4577 2397 4660 desumpta
2430 4585 2579 4635 sunt.
2654 4578 2700 4611 ³⁸
2737 4587 2795 4632 ut
2821 4579 3202 4650 quoquomodo.
3250 4563 3327 4610 v"
3373 4563 3615 4646 Recognit.
3657 4587 3712 4627 ς.

535 4653 589 4695 c.
632 4639 723 4697 45.
797 4638 1175 4710 “satisagere.
1254 4641 1298 4676 ³⁷
1329 4638 1479 4716 ἓήι.
1520 4638 1852 4709 ἰ,ὒὶιεεεὶδδ.
1878 4646 2090 4718 [ratribt

2232 4648 2281 4680 ³⁸
2309 4638 2446 4705 inter
2472 4666 2582 4704 vos.
