  <div class='ocr_page' id='page_1' title='image "/cluster/home/n/w/nwhite01/storage/ocr_20150623/1/hvd.32044073501405/262.png"; bbox 0 0 3900 6334; ppageno 0'>
   <div class='ocr_carea' id='block_1_1' title="bbox 972 253 2578 326">
    <p class='ocr_par' dir='ltr' id='par_1_1' title="bbox 972 253 2578 326">
     <span class='ocr_line' id='line_1_1' title="bbox 972 253 2578 326; baseline -0.01 0"><span class='ocrx_word' id='word_1_1' title='bbox 972 260 1567 326; x_wconf 76' lang='lat' dir='ltr'><strong>CONSTITUTIONES</strong></span> <span class='ocrx_word' id='word_1_2' title='bbox 1596 256 2070 323; x_wconf 66' lang='lat' dir='ltr'><strong>APOSTOLICAS.</strong></span> <span class='ocrx_word' id='word_1_3' title='bbox 2111 288 2178 297; x_wconf 89' lang='lat'>—</span> <span class='ocrx_word' id='word_1_4' title='bbox 2215 253 2578 312; x_wconf 65' lang='lat' dir='ltr'><strong>PROG‘IMIA.</strong></span> 
     </span>
    </p>
   </div>
   <div class='ocr_carea' id='block_1_2' title="bbox 3273 252 3375 308">
    <p class='ocr_par' dir='ltr' id='par_1_2' title="bbox 3273 252 3375 308">
     <span class='ocr_line' id='line_1_2' title="bbox 3273 252 3375 308; baseline 0.01 -1"><span class='ocrx_word' id='word_1_5' title='bbox 3273 252 3375 308; x_wconf 75' lang='lat' dir='ltr'><strong>MO</strong></span> 
     </span>
    </p>
   </div>
   <div class='ocr_carea' id='block_1_3' title="bbox 212 432 3371 493">
    <p class='ocr_par' dir='ltr' id='par_1_3' title="bbox 212 432 3371 493">
     <span class='ocr_line' id='line_1_3' title="bbox 212 432 3371 493; baseline -0.004 -28"><span class='ocrx_word' id='word_1_6' title='bbox 212 432 3371 493; x_wconf 40' lang='lat'><strong>__,___,_________,___________._______________</strong></span> 
     </span>
    </p>
   </div>
   <div class='ocr_carea' id='block_1_4' title="bbox 1276 604 2307 745">
    <p class='ocr_par' dir='ltr' id='par_1_4' title="bbox 1276 604 2307 745">
     <span class='ocr_line' id='line_1_4' title="bbox 1276 604 2307 745; baseline -0.007 -6"><span class='ocrx_word' id='word_1_7' title='bbox 1276 604 2307 745; x_wconf 77' lang='lat' dir='ltr'><strong>FRAGMENTA.</strong></span> 
     </span>
    </p>
   </div>
   <div class='ocr_carea' id='block_1_5' title="bbox 582 1097 1249 1142">
    <p class='ocr_par' dir='ltr' id='par_1_5' title="bbox 582 1097 1249 1142">
     <span class='ocr_line' id='line_1_5' title="bbox 582 1097 1249 1142; baseline 0.003 -2"><span class='ocrx_word' id='word_1_8' title='bbox 582 1100 647 1140; x_wconf 71' lang='grc' dir='ltr'><strong>Χ</strong></span> <span class='ocrx_word' id='word_1_9' title='bbox 687 1100 933 1141; x_wconf 71' lang='grc' dir='ltr'><strong>υεειιετο</strong></span> <span class='ocrx_word' id='word_1_10' title='bbox 969 1097 1249 1142; x_wconf 66' lang='grc' dir='ltr'><strong>ϐκΑτιηι.</strong></span> 
     </span>
    </p>
   </div>
   <div class='ocr_carea' id='block_1_6' title="bbox 276 1173 1597 1256">
    <p class='ocr_par' dir='ltr' id='par_1_6' title="bbox 276 1173 1597 1256">
     <span class='ocr_line' id='line_1_6' title="bbox 276 1173 1597 1256; baseline -0.01 -17"><span class='ocrx_word' id='word_1_11' title='bbox 276 1184 356 1256; x_wconf 83' lang='lat' dir='ltr'><strong>(De</strong></span> <span class='ocrx_word' id='word_1_12' title='bbox 381 1193 643 1243; x_wconf 86' lang='lat' dir='ltr'><strong>consecr.,</strong></span> <span class='ocrx_word' id='word_1_13' title='bbox 679 1178 811 1235; x_wconf 90' lang='lat' dir='ltr'><strong>dist.</strong></span> <span class='ocrx_word' id='word_1_14' title='bbox 839 1176 1185 1233; x_wconf 83' lang='lat' dir='ltr'><strong>Sacerdotum</strong></span> <span class='ocrx_word' id='word_1_15' title='bbox 1216 1173 1597 1245; x_wconf 87' lang='lat' dir='ltr'><strong>aliorumque.)</strong></span> 
     </span>
    </p>
   </div>
   <div class='ocr_carea' id='block_1_7' title="bbox 196 1312 1707 1388">
    <p class='ocr_par' dir='ltr' id='par_1_7' title="bbox 196 1312 1707 1388">
     <span class='ocr_line' id='line_1_7' title="bbox 196 1312 1707 1388; baseline -0.005 -16"><span class='ocrx_word' id='word_1_16' title='bbox 196 1317 373 1388; x_wconf 69' lang='lat' dir='ltr'><strong>Quando</strong></span> <span class='ocrx_word' id='word_1_17' title='bbox 411 1314 695 1370; x_wconf 78' lang='lat' dir='ltr'><strong>celebratur</strong></span> <span class='ocrx_word' id='word_1_18' title='bbox 739 1316 925 1388; x_wconf 69' lang='lat' dir='ltr'><strong>missa,</strong></span> <span class='ocrx_word' id='word_1_19' title='bbox 967 1314 1348 1386; x_wconf 71' lang='lat' dir='ltr'><strong>presbyterium</strong></span> <span class='ocrx_word' id='word_1_20' title='bbox 1396 1312 1568 1367; x_wconf 80' lang='lat' dir='ltr'><strong>laicus</strong></span> <span class='ocrx_word' id='word_1_21' title='bbox 1620 1312 1707 1370; x_wconf 80' lang='lat' dir='ltr'><strong>in-</strong></span> 
     </span>
    </p>
   </div>
   <div class='ocr_carea' id='block_1_8' title="bbox 625 1384 1243 1456">
    <p class='ocr_par' dir='ltr' id='par_1_8' title="bbox 625 1384 1243 1456">
     <span class='ocr_line' id='line_1_8' title="bbox 625 1384 1243 1456; baseline 0.005 -18"><span class='ocrx_word' id='word_1_22' title='bbox 625 1384 772 1456; x_wconf 84' lang='lat' dir='ltr'><strong>gredi</strong></span> <span class='ocrx_word' id='word_1_23' title='bbox 802 1402 905 1439; x_wconf 80' lang='lat' dir='ltr'><strong>non</strong></span> <span class='ocrx_word' id='word_1_24' title='bbox 932 1384 1243 1455; x_wconf 68' lang='lat' dir='ltr'><strong>prcesuinat.</strong></span> 
     </span>
    </p>
   </div>
   <div class='ocr_carea' id='block_1_9' title="bbox 245 1466 1708 1548">
    <p class='ocr_par' dir='ltr' id='par_1_9' title="bbox 245 1466 1708 1548">
     <span class='ocr_line' id='line_1_9' title="bbox 245 1466 1708 1548; baseline -0.002 -14"><span class='ocrx_word' id='word_1_25' title='bbox 245 1478 600 1544; x_wconf 83' lang='lat' dir='ltr'><strong>Sacerdotum,</strong></span> <span class='ocrx_word' id='word_1_26' title='bbox 654 1478 999 1548; x_wconf 89' lang='lat' dir='ltr'><strong>aliorumque</strong></span> <span class='ocrx_word' id='word_1_27' title='bbox 1056 1476 1384 1532; x_wconf 89' lang='lat' dir='ltr'><strong>clericorum</strong></span> <span class='ocrx_word' id='word_1_28' title='bbox 1444 1466 1708 1531; x_wconf 77' lang='lat' dir='ltr'><strong>Ecclesiae</strong></span> 
     </span>
    </p>
   </div>
   <div class='ocr_carea' id='block_1_10' title="bbox 192 1568 1705 1639">
    <p class='ocr_par' dir='ltr' id='par_1_10' title="bbox 192 1568 1705 1639">
     <span class='ocr_line' id='line_1_10' title="bbox 192 1568 1705 1639; baseline -0.005 -11"><span class='ocrx_word' id='word_1_29' title='bbox 192 1572 487 1628; x_wconf 77' lang='lat' dir='ltr'><strong>servientium</strong></span> <span class='ocrx_word' id='word_1_30' title='bbox 515 1570 777 1637; x_wconf 83' lang='lat' dir='ltr'><strong>honores,</strong></span> <span class='ocrx_word' id='word_1_31' title='bbox 817 1585 849 1623; x_wconf 92' lang='lat' dir='ltr'><strong>a</strong></span> <span class='ocrx_word' id='word_1_32' title='bbox 878 1570 1145 1624; x_wconf 88' lang='lat' dir='ltr'><strong>laicorum</strong></span> <span class='ocrx_word' id='word_1_33' title='bbox 1190 1568 1313 1625; x_wconf 87' lang='lat' dir='ltr'><strong>loco</strong></span> <span class='ocrx_word' id='word_1_34' title='bbox 1340 1568 1577 1624; x_wconf 89' lang='lat' dir='ltr'><strong>discrete</strong></span> <span class='ocrx_word' id='word_1_35' title='bbox 1610 1583 1705 1639; x_wconf 87' lang='lat' dir='ltr'><strong>ap-</strong></span> 
     </span>
    </p>
   </div>
   <div class='ocr_carea' id='block_1_11' title="bbox 192 1660 1709 1733">
    <p class='ocr_par' dir='ltr' id='par_1_11' title="bbox 192 1660 1709 1733">
     <span class='ocr_line' id='line_1_11' title="bbox 192 1660 1709 1733; baseline -0.002 -16"><span class='ocrx_word' id='word_1_36' title='bbox 192 1678 340 1733; x_wconf 78' lang='lat' dir='ltr'><strong>parere</strong></span> <span class='ocrx_word' id='word_1_37' title='bbox 378 1662 645 1718; x_wconf 76' lang='lat' dir='ltr'><strong>convenit.</strong></span> <span class='ocrx_word' id='word_1_38' title='bbox 674 1660 1041 1728; x_wconf 81' lang='lat' dir='ltr'><strong>Quamobrem</strong></span> <span class='ocrx_word' id='word_1_39' title='bbox 1071 1661 1204 1716; x_wconf 87' lang='lat' dir='ltr'><strong>nulli</strong></span> <span class='ocrx_word' id='word_1_40' title='bbox 1238 1661 1505 1716; x_wconf 90' lang='lat' dir='ltr'><strong>laicorum</strong></span> <span class='ocrx_word' id='word_1_41' title='bbox 1550 1660 1709 1715; x_wconf 89' lang='lat' dir='ltr'><strong>liceat</strong></span> 
     </span>
    </p>
   </div>
   <div class='ocr_carea' id='block_1_12' title="bbox 198 1752 1711 1824">
    <p class='ocr_par' dir='ltr' id='par_1_12' title="bbox 198 1752 1711 1824">
     <span class='ocr_line' id='line_1_12' title="bbox 198 1752 1711 1824; baseline -0.001 -16"><span class='ocrx_word' id='word_1_42' title='bbox 198 1756 237 1808; x_wconf 92' lang='lat' dir='ltr'><strong>in</strong></span> <span class='ocrx_word' id='word_1_43' title='bbox 260 1772 315 1811; x_wconf 84' lang='lat' dir='ltr'><strong>eo</strong></span> <span class='ocrx_word' id='word_1_44' title='bbox 340 1756 467 1817; x_wconf 79' lang='lat' dir='ltr'><strong>loco,</strong></span> <span class='ocrx_word' id='word_1_45' title='bbox 494 1754 589 1810; x_wconf 90' lang='lat' dir='ltr'><strong>ubi</strong></span> <span class='ocrx_word' id='word_1_46' title='bbox 638 1754 955 1811; x_wconf 81' lang='lat' dir='ltr'><strong>sacerdotes</strong></span> <span class='ocrx_word' id='word_1_47' title='bbox 996 1761 1049 1810; x_wconf 89' lang='lat' dir='ltr'><strong>et</strong></span> <span class='ocrx_word' id='word_1_48' title='bbox 1088 1754 1284 1824; x_wconf 81' lang='lat' dir='ltr'><strong>reliqui</strong></span> <span class='ocrx_word' id='word_1_49' title='bbox 1315 1754 1499 1809; x_wconf 80' lang='lat' dir='ltr'><strong>clerici</strong></span> <span class='ocrx_word' id='word_1_50' title='bbox 1527 1752 1711 1808; x_wconf 87' lang='lat' dir='ltr'><strong>consi-</strong></span> 
     </span>
    </p>
   </div>
   <div class='ocr_carea' id='block_1_13' title="bbox 191 1845 1710 1919">
    <p class='ocr_par' dir='ltr' id='par_1_13' title="bbox 191 1845 1710 1919">
     <span class='ocr_line' id='line_1_13' title="bbox 191 1845 1710 1919; baseline 0.001 -19"><span class='ocrx_word' id='word_1_51' title='bbox 191 1854 307 1901; x_wconf 83' lang='lat' dir='ltr'><strong>stunt</strong></span> <span class='ocrx_word' id='word_1_52' title='bbox 351 1846 503 1919; x_wconf 84' lang='lat' dir='ltr'><strong>(quod</strong></span> <span class='ocrx_word' id='word_1_53' title='bbox 563 1847 968 1917; x_wconf 68' lang='lat' dir='ltr'><strong>presbyterium</strong></span> <span class='ocrx_word' id='word_1_54' title='bbox 1034 1846 1442 1917; x_wconf 88' lang='lat' dir='ltr'><strong>nuncupatur),</strong></span> <span class='ocrx_word' id='word_1_55' title='bbox 1490 1845 1710 1916; x_wconf 86' lang='lat' dir='ltr'><strong>quando</strong></span> 
     </span>
    </p>
   </div>
   <div class='ocr_carea' id='block_1_14' title="bbox 188 1936 1711 2001">
    <p class='ocr_par' dir='ltr' id='par_1_14' title="bbox 188 1936 1711 2001">
     <span class='ocr_line' id='line_1_14' title="bbox 188 1936 1711 2001; baseline 0.001 -10"><span class='ocrx_word' id='word_1_56' title='bbox 188 1939 319 1993; x_wconf 86' lang='lat' dir='ltr'><strong>missa</strong></span> <span class='ocrx_word' id='word_1_57' title='bbox 352 1939 651 1994; x_wconf 80' lang='lat' dir='ltr'><strong>celebratur</strong></span> <span class='ocrx_word' id='word_1_58' title='bbox 688 1938 1007 2001; x_wconf 86' lang='lat' dir='ltr'><strong>consistere.</strong></span> <span class='ocrx_word' id='word_1_59' title='bbox 1036 1946 1095 1993; x_wconf 91' lang='lat' dir='ltr'><strong>ut</strong></span> <span class='ocrx_word' id='word_1_60' title='bbox 1132 1939 1300 1993; x_wconf 88' lang='lat' dir='ltr'><strong>libere</strong></span> <span class='ocrx_word' id='word_1_61' title='bbox 1328 1953 1390 1992; x_wconf 90' lang='lat' dir='ltr'><strong>ac</strong></span> <span class='ocrx_word' id='word_1_62' title='bbox 1417 1936 1711 1993; x_wconf 83' lang='lat' dir='ltr'><strong>honoriﬁce</strong></span> 
     </span>
    </p>
   </div>
   <div class='ocr_carea' id='block_1_15' title="bbox 188 2028 1380 2102">
    <p class='ocr_par' dir='ltr' id='par_1_15' title="bbox 188 2028 1380 2102">
     <span class='ocr_line' id='line_1_15' title="bbox 188 2028 1380 2102; baseline 0.001 -18"><span class='ocrx_word' id='word_1_63' title='bbox 188 2028 355 2098; x_wconf 77' lang='lat' dir='ltr'><strong>possint</strong></span> <span class='ocrx_word' id='word_1_64' title='bbox 378 2044 523 2086; x_wconf 89' lang='lat' dir='ltr'><strong>sacra</strong></span> <span class='ocrx_word' id='word_1_65' title='bbox 550 2028 730 2085; x_wconf 82' lang='lat' dir='ltr'><strong>ollicia</strong></span> <span class='ocrx_word' id='word_1_66' title='bbox 758 2045 1017 2086; x_wconf 80' lang='lat' dir='ltr'><strong>exercere</strong></span> <span class='ocrx_word' id='word_1_67' title='bbox 1044 2029 1380 2102; x_wconf 57' lang='grc' dir='ltr'><strong>μειοῦται-η.</strong></span> 
     </span>
    </p>
   </div>
   <div class='ocr_carea' id='block_1_16' title="bbox 890 2164 955 2231">
    <p class='ocr_par' dir='ltr' id='par_1_16' title="bbox 890 2164 955 2231">
     <span class='ocr_line' id='line_1_16' title="bbox 890 2164 955 2231; baseline 0.015 -13"><span class='ocrx_word' id='word_1_68' title='bbox 890 2164 955 2231; x_wconf 78' lang='lat' dir='ltr'><strong>ll.</strong></span> 
     </span>
    </p>
   </div>
   <div class='ocr_carea' id='block_1_17' title="bbox 187 2273 1714 2335">
    <p class='ocr_par' dir='ltr' id='par_1_17' title="bbox 187 2273 1714 2335">
     <span class='ocr_line' id='line_1_17' title="bbox 187 2273 1714 2335; baseline 0.003 -6"><span class='ocrx_word' id='word_1_69' title='bbox 187 2273 259 2329; x_wconf 68' lang='lat' dir='ltr'><strong>Ex</strong></span> <span class='ocrx_word' id='word_1_70' title='bbox 294 2279 624 2334; x_wconf 69' lang='lat' dir='ltr'><strong>vetustissimo</strong></span> <span class='ocrx_word' id='word_1_71' title='bbox 679 2279 856 2335; x_wconf 85' lang='lat' dir='ltr'><strong>codice</strong></span> <span class='ocrx_word' id='word_1_72' title='bbox 921 2280 1141 2335; x_wconf 83' lang='lat' dir='ltr'><strong>Lucensi</strong></span> <span class='ocrx_word' id='word_1_73' title='bbox 1189 2296 1447 2335; x_wconf 79' lang='lat' dir='ltr'><strong>armorum</strong></span> <span class='ocrx_word' id='word_1_74' title='bbox 1504 2280 1714 2335; x_wconf 73' lang='lat' dir='ltr'><strong>circiter</strong></span> 
     </span>
    </p>
   </div>
   <div class='ocr_carea' id='block_1_18' title="bbox 296 2348 1579 2418">
    <p class='ocr_par' dir='ltr' id='par_1_18' title="bbox 296 2348 1579 2418">
     <span class='ocr_line' id='line_1_18' title="bbox 296 2348 1579 2418; baseline 0.005 -19"><span class='ocrx_word' id='word_1_75' title='bbox 296 2348 416 2402; x_wconf 66' lang='lat' dir='ltr'><strong>mille</strong></span> <span class='ocrx_word' id='word_1_76' title='bbox 441 2365 501 2402; x_wconf 79' lang='lat' dir='ltr'><strong>ea:</strong></span> <span class='ocrx_word' id='word_1_77' title='bbox 528 2352 759 2418; x_wconf 78' lang='lat' dir='ltr'><strong>epistola</strong></span> <span class='ocrx_word' id='word_1_78' title='bbox 794 2351 857 2406; x_wconf 90' lang='lat' dir='ltr'><strong>B.</strong></span> <span class='ocrx_word' id='word_1_79' title='bbox 888 2350 1170 2407; x_wconf 76' lang='lat' dir='ltr'><strong>Clementis</strong></span> <span class='ocrx_word' id='word_1_80' title='bbox 1201 2353 1268 2405; x_wconf 86' lang='lat' dir='ltr'><strong>ad</strong></span> <span class='ocrx_word' id='word_1_81' title='bbox 1298 2350 1579 2405; x_wconf 77' lang='lat' dir='ltr'><strong>Iacobum.</strong></span> 
     </span>
    </p>
   </div>
   <div class='ocr_carea' id='block_1_19' title="bbox 250 2436 1707 2529">
    <p class='ocr_par' dir='ltr' id='par_1_19' title="bbox 250 2436 1707 2529">
     <span class='ocr_line' id='line_1_19' title="bbox 250 2436 1707 2529; baseline 0.004 -40"><span class='ocrx_word' id='word_1_82' title='bbox 250 2436 293 2490; x_wconf 77' lang='grc'><strong>1.</strong></span> <span class='ocrx_word' id='word_1_83' title='bbox 316 2436 592 2512; x_wconf 85' lang='lat' dir='ltr'><strong>Episcopus</strong></span> <span class='ocrx_word' id='word_1_84' title='bbox 625 2441 1117 2512; x_wconf 87' lang='lat' dir='ltr'><strong>irreprebensibilis</strong></span> <span class='ocrx_word' id='word_1_85' title='bbox 1139 2443 1353 2502; x_wconf 86' lang='lat' dir='ltr'><strong>sit,non</strong></span> <span class='ocrx_word' id='word_1_86' title='bbox 1374 2442 1707 2529; x_wconf 83' lang='lat' dir='ltr'><strong>lideijussor,</strong></span> 
     </span>
    </p>
   </div>
   <div class='ocr_carea' id='block_1_20' title="bbox 1732 957 3377 1029">
    <p class='ocr_par' dir='ltr' id='par_1_20' title="bbox 1732 957 3377 1029">
     <span class='ocr_line' id='line_1_20' title="bbox 1732 957 3377 1029; baseline -0.002 -14"><span class='ocrx_word' id='word_1_87' title='bbox 1732 971 1780 1028; x_wconf 76' lang='grc' dir='ltr'>Α</span> <span class='ocrx_word' id='word_1_88' title='bbox 1805 978 1907 1020; x_wconf 85' lang='lat' dir='ltr'><strong>nec</strong></span> <span class='ocrx_word' id='word_1_89' title='bbox 1936 960 2232 1016; x_wconf 76' lang='lat' dir='ltr'><strong>advocatus</strong></span> <span class='ocrx_word' id='word_1_90' title='bbox 2270 959 2471 1022; x_wconf 87' lang='lat' dir='ltr'><strong>litium,</strong></span> <span class='ocrx_word' id='word_1_91' title='bbox 2522 972 2625 1013; x_wconf 92' lang='lat' dir='ltr'><strong>nec</strong></span> <span class='ocrx_word' id='word_1_92' title='bbox 2667 957 2790 1013; x_wconf 88' lang='lat' dir='ltr'><strong>aliis</strong></span> <span class='ocrx_word' id='word_1_93' title='bbox 2838 957 2988 1013; x_wconf 84' lang='lat' dir='ltr'><strong>curis</strong></span> <span class='ocrx_word' id='word_1_94' title='bbox 3036 958 3377 1029; x_wconf 80' lang='lat' dir='ltr'><strong>negotiorum</strong></span> 
     </span>
    </p>
   </div>
   <div class='ocr_carea' id='block_1_21' title="bbox 1807 1048 3381 1121">
    <p class='ocr_par' dir='ltr' id='par_1_21' title="bbox 1807 1048 3381 1121">
     <span class='ocr_line' id='line_1_21' title="bbox 1807 1048 3381 1121; baseline -0.002 -12"><span class='ocrx_word' id='word_1_95' title='bbox 1807 1053 2166 1109; x_wconf 83' lang='lat' dir='ltr'><strong>mundialium</strong></span> <span class='ocrx_word' id='word_1_96' title='bbox 2201 1052 2513 1121; x_wconf 79' lang='lat' dir='ltr'><strong>perplexus.</strong></span> <span class='ocrx_word' id='word_1_97' title='bbox 2536 1048 2829 1120; x_wconf 80' lang='lat' dir='ltr'><strong>Presbyter</strong></span> <span class='ocrx_word' id='word_1_98' title='bbox 2855 1050 3108 1119; x_wconf 86' lang='lat' dir='ltr'><strong>pudicus,</strong></span> <span class='ocrx_word' id='word_1_99' title='bbox 3131 1066 3381 1107; x_wconf 86' lang='lat' dir='ltr'><strong>carceres</strong></span> 
     </span>
    </p>
   </div>
   <div class='ocr_carea' id='block_1_22' title="bbox 1811 1142 3382 1215">
    <p class='ocr_par' dir='ltr' id='par_1_22' title="bbox 1811 1142 3382 1215">
     <span class='ocr_line' id='line_1_22' title="bbox 1811 1142 3382 1215; baseline -0.001 -15"><span class='ocrx_word' id='word_1_100' title='bbox 1811 1146 2028 1209; x_wconf 83' lang='lat' dir='ltr'><strong>visitet,</strong></span> <span class='ocrx_word' id='word_1_101' title='bbox 2062 1152 2117 1200; x_wconf 89' lang='lat' dir='ltr'><strong>et</strong></span> <span class='ocrx_word' id='word_1_102' title='bbox 2149 1146 2467 1215; x_wconf 81' lang='lat' dir='ltr'><strong>peregrinos</strong></span> <span class='ocrx_word' id='word_1_103' title='bbox 2518 1142 2817 1212; x_wconf 85' lang='lat' dir='ltr'><strong>suscipiat,</strong></span> <span class='ocrx_word' id='word_1_104' title='bbox 2862 1149 3096 1197; x_wconf 88' lang='lat' dir='ltr'><strong>stateras</strong></span> <span class='ocrx_word' id='word_1_105' title='bbox 3146 1145 3382 1214; x_wconf 86' lang='lat' dir='ltr'><strong>aequales</strong></span> 
     </span>
    </p>
   </div>
   <div class='ocr_carea' id='block_1_23' title="bbox 1804 1238 2025 1295">
    <p class='ocr_par' dir='ltr' id='par_1_23' title="bbox 1804 1238 2025 1295">
     <span class='ocr_line' id='line_1_23' title="bbox 1804 1238 2025 1295; baseline -0.009 -2"><span class='ocrx_word' id='word_1_106' title='bbox 1804 1238 2025 1295; x_wconf 82' lang='lat' dir='ltr'><strong>habeat.</strong></span> 
     </span>
    </p>
   </div>
   <div class='ocr_carea' id='block_1_24' title="bbox 1876 1325 3378 1399">
    <p class='ocr_par' dir='ltr' id='par_1_24' title="bbox 1876 1325 3378 1399">
     <span class='ocr_line' id='line_1_24' title="bbox 1876 1325 3378 1399; baseline -0.001 -16"><span class='ocrx_word' id='word_1_107' title='bbox 1876 1328 1931 1389; x_wconf 76' lang='lat'><strong>2.</strong></span> <span class='ocrx_word' id='word_1_108' title='bbox 1975 1327 2201 1382; x_wconf 90' lang='lat' dir='ltr'><strong>Diaconi</strong></span> <span class='ocrx_word' id='word_1_109' title='bbox 2234 1337 2495 1399; x_wconf 85' lang='lat' dir='ltr'><strong>tanquam</strong></span> <span class='ocrx_word' id='word_1_110' title='bbox 2524 1325 2669 1381; x_wconf 87' lang='lat' dir='ltr'><strong>oculi</strong></span> <span class='ocrx_word' id='word_1_111' title='bbox 2694 1335 2745 1382; x_wconf 90' lang='lat' dir='ltr'><strong>et</strong></span> <span class='ocrx_word' id='word_1_112' title='bbox 2775 1341 2939 1382; x_wconf 88' lang='lat' dir='ltr'><strong>aures</strong></span> <span class='ocrx_word' id='word_1_113' title='bbox 2973 1325 3216 1398; x_wconf 89' lang='lat' dir='ltr'><strong>episcopi</strong></span> <span class='ocrx_word' id='word_1_114' title='bbox 3250 1327 3378 1381; x_wconf 89' lang='lat' dir='ltr'><strong>sint.</strong></span> 
     </span>
    </p>
   </div>
   <div class='ocr_carea' id='block_1_25' title="bbox 1806 1421 2603 1479">
    <p class='ocr_par' dir='ltr' id='par_1_25' title="bbox 1806 1421 2603 1479">
     <span class='ocr_line' id='line_1_25' title="bbox 1806 1421 2603 1479; baseline -0.001 -1"><span class='ocrx_word' id='word_1_115' title='bbox 1806 1421 2202 1479; x_wconf 85' lang='lat' dir='ltr'><strong>Catechumeni</strong></span> <span class='ocrx_word' id='word_1_116' title='bbox 2234 1423 2603 1479; x_wconf 86' lang='lat' dir='ltr'><strong>instruantur.</strong></span> 
     </span>
    </p>
   </div>
   <div class='ocr_carea' id='block_1_26' title="bbox 2171 1513 3013 1586">
    <p class='ocr_par' dir='ltr' id='par_1_26' title="bbox 2171 1513 3013 1586">
     <span class='ocr_line' id='line_1_26' title="bbox 2171 1513 3013 1586; baseline -0.005 -15"><span class='ocrx_word' id='word_1_117' title='bbox 2171 1516 2250 1571; x_wconf 86' lang='lat' dir='ltr'><strong>De</strong></span> <span class='ocrx_word' id='word_1_118' title='bbox 2276 1515 2621 1586; x_wconf 81' lang='lat' dir='ltr'><strong>perceptione,</strong></span> <span class='ocrx_word' id='word_1_119' title='bbox 2652 1513 2804 1584; x_wconf 80' lang='lat' dir='ltr'><strong>cujus</strong></span> <span class='ocrx_word' id='word_1_120' title='bbox 2832 1529 3013 1583; x_wconf 82' lang='lat' dir='ltr'><strong>supra.</strong></span> 
     </span>
    </p>
   </div>
   <div class='ocr_carea' id='block_1_27' title="bbox 1881 1602 3385 1671">
    <p class='ocr_par' dir='ltr' id='par_1_27' title="bbox 1881 1602 3385 1671">
     <span class='ocr_line' id='line_1_27' title="bbox 1881 1602 3385 1671; baseline -0.009 -1"><span class='ocrx_word' id='word_1_121' title='bbox 1881 1615 1933 1671; x_wconf 81' lang='grc'><strong>5.</strong></span> <span class='ocrx_word' id='word_1_122' title='bbox 1980 1612 2399 1667; x_wconf 87' lang='lat' dir='ltr'><strong>Sacramentum</strong></span> <span class='ocrx_word' id='word_1_123' title='bbox 2431 1622 2556 1661; x_wconf 89' lang='lat' dir='ltr'><strong>cum</strong></span> <span class='ocrx_word' id='word_1_124' title='bbox 2588 1606 2737 1660; x_wconf 92' lang='lat' dir='ltr'><strong>omni</strong></span> <span class='ocrx_word' id='word_1_125' title='bbox 2768 1605 2963 1660; x_wconf 87' lang='lat' dir='ltr'><strong>timore</strong></span> <span class='ocrx_word' id='word_1_126' title='bbox 3010 1602 3102 1659; x_wconf 88' lang='lat' dir='ltr'><strong>Dei</strong></span> <span class='ocrx_word' id='word_1_127' title='bbox 3137 1611 3385 1660; x_wconf 87' lang='lat' dir='ltr'><strong>servetur</strong></span> 
     </span>
    </p>
   </div>
   <div class='ocr_carea' id='block_1_28' title="bbox 1809 1697 2976 1778">
    <p class='ocr_par' dir='ltr' id='par_1_28' title="bbox 1809 1697 2976 1778">
     <span class='ocr_line' id='line_1_28' title="bbox 1809 1697 2976 1778; baseline -0.009 -17"><span class='ocrx_word' id='word_1_128' title='bbox 1809 1722 1840 1761; x_wconf 86' lang='lat' dir='ltr'><strong>a</strong></span> <span class='ocrx_word' id='word_1_129' title='bbox 1875 1704 2231 1778; x_wconf 86' lang='lat' dir='ltr'><strong>presbyteris,</strong></span> <span class='ocrx_word' id='word_1_130' title='bbox 2255 1699 2579 1755; x_wconf 89' lang='lat' dir='ltr'><strong>diaconibus</strong></span> <span class='ocrx_word' id='word_1_131' title='bbox 2606 1704 2659 1756; x_wconf 88' lang='lat' dir='ltr'><strong>et</strong></span> <span class='ocrx_word' id='word_1_132' title='bbox 2689 1697 2976 1752; x_wconf 76' lang='lat' dir='ltr'><strong>ministris.</strong></span> 
     </span>
    </p>
   </div>
   <div class='ocr_carea' id='block_1_29' title="bbox 1879 1791 3382 1858">
    <p class='ocr_par' dir='ltr' id='par_1_29' title="bbox 1879 1791 3382 1858">
     <span class='ocr_line' id='line_1_29' title="bbox 1879 1791 3382 1858; baseline -0.006 -5"><span class='ocrx_word' id='word_1_133' title='bbox 1879 1799 1933 1853; x_wconf 68' lang='grc'><strong>4.</strong></span> <span class='ocrx_word' id='word_1_134' title='bbox 1976 1793 2307 1851; x_wconf 88' lang='lat' dir='ltr'><strong>Communio</strong></span> <span class='ocrx_word' id='word_1_135' title='bbox 2357 1793 2413 1846; x_wconf 91' lang='lat' dir='ltr'><strong>in</strong></span> <span class='ocrx_word' id='word_1_136' title='bbox 2463 1791 2765 1847; x_wconf 85' lang='lat' dir='ltr'><strong>crastinum</strong></span> <span class='ocrx_word' id='word_1_137' title='bbox 2821 1805 2930 1844; x_wconf 91' lang='lat' dir='ltr'><strong>non</strong></span> <span class='ocrx_word' id='word_1_138' title='bbox 2982 1799 3248 1858; x_wconf 84' lang='lat' dir='ltr'><strong>servetur,</strong></span> <span class='ocrx_word' id='word_1_139' title='bbox 3290 1791 3382 1845; x_wconf 87' lang='lat' dir='ltr'><strong>sed</strong></span> 
     </span>
    </p>
   </div>
   <div class='ocr_carea' id='block_1_30' title="bbox 1810 1882 3387 1951">
    <p class='ocr_par' dir='ltr' id='par_1_30' title="bbox 1810 1882 3387 1951">
     <span class='ocr_line' id='line_1_30' title="bbox 1810 1882 3387 1951; baseline -0.004 -8"><span class='ocrx_word' id='word_1_140' title='bbox 1810 1904 1934 1943; x_wconf 92' lang='lat' dir='ltr'><strong>cum</strong></span> <span class='ocrx_word' id='word_1_141' title='bbox 1966 1887 2165 1941; x_wconf 87' lang='lat' dir='ltr'><strong>timore</strong></span> <span class='ocrx_word' id='word_1_142' title='bbox 2195 1884 2291 1940; x_wconf 90' lang='lat' dir='ltr'><strong>Dei</strong></span> <span class='ocrx_word' id='word_1_143' title='bbox 2323 1893 2602 1951; x_wconf 84' lang='lat' dir='ltr'><strong>sumatur;</strong></span> <span class='ocrx_word' id='word_1_144' title='bbox 2632 1896 2695 1937; x_wconf 90' lang='lat' dir='ltr'><strong>ac</strong></span> <span class='ocrx_word' id='word_1_145' title='bbox 2726 1882 2961 1943; x_wconf 84' lang='lat' dir='ltr'><strong>clericus</strong></span> <span class='ocrx_word' id='word_1_146' title='bbox 3004 1898 3107 1939; x_wconf 91' lang='lat' dir='ltr'><strong>nec</strong></span> <span class='ocrx_word' id='word_1_147' title='bbox 3135 1883 3387 1937; x_wconf 84' lang='lat' dir='ltr'><strong>celeriter</strong></span> 
     </span>
    </p>
   </div>
   <div class='ocr_carea' id='block_1_31' title="bbox 1811 1978 2253 2050">
    <p class='ocr_par' dir='ltr' id='par_1_31' title="bbox 1811 1978 2253 2050">
     <span class='ocr_line' id='line_1_31' title="bbox 1811 1978 2253 2050; baseline -0.011 -14"><span class='ocrx_word' id='word_1_148' title='bbox 1811 1981 1965 2036; x_wconf 85' lang='lat' dir='ltr'><strong>cibos</strong></span> <span class='ocrx_word' id='word_1_149' title='bbox 1996 1978 2253 2050; x_wconf 86' lang='lat' dir='ltr'><strong>accipiat.</strong></span> 
     </span>
    </p>
   </div>
   <div class='ocr_carea' id='block_1_32' title="bbox 1881 2068 3386 2133">
    <p class='ocr_par' dir='ltr' id='par_1_32' title="bbox 1881 2068 3386 2133">
     <span class='ocr_line' id='line_1_32' title="bbox 1881 2068 3386 2133; baseline -0.005 -5"><span class='ocrx_word' id='word_1_150' title='bbox 1881 2073 1933 2128; x_wconf 82' lang='lat'><strong>5.</strong></span> <span class='ocrx_word' id='word_1_151' title='bbox 1974 2070 2116 2128; x_wconf 79' lang='lat' dir='ltr'><strong>Vasa</strong></span> <span class='ocrx_word' id='word_1_152' title='bbox 2146 2070 2396 2133; x_wconf 90' lang='lat' dir='ltr'><strong>sacrarii,</strong></span> <span class='ocrx_word' id='word_1_153' title='bbox 2435 2070 2519 2124; x_wconf 88' lang='lat' dir='ltr'><strong>vel</strong></span> <span class='ocrx_word' id='word_1_154' title='bbox 2557 2069 2921 2128; x_wconf 78' lang='lat' dir='ltr'><strong>vela‘vetusta</strong></span> <span class='ocrx_word' id='word_1_155' title='bbox 2973 2068 3301 2131; x_wconf 88' lang='lat' dir='ltr'><strong>ustulentur,</strong></span> <span class='ocrx_word' id='word_1_156' title='bbox 3333 2074 3386 2121; x_wconf 84' lang='lat' dir='ltr'><strong>et</strong></span> 
     </span>
    </p>
   </div>
   <div class='ocr_carea' id='block_1_33' title="bbox 1812 2163 2758 2234">
    <p class='ocr_par' dir='ltr' id='par_1_33' title="bbox 1812 2163 2758 2234">
     <span class='ocr_line' id='line_1_33' title="bbox 1812 2163 2758 2234; baseline -0.003 -14"><span class='ocrx_word' id='word_1_157' title='bbox 1812 2164 1869 2220; x_wconf 88' lang='lat' dir='ltr'><strong>in</strong></span> <span class='ocrx_word' id='word_1_158' title='bbox 1901 2180 2061 2221; x_wconf 89' lang='lat' dir='ltr'><strong>sacro</strong></span> <span class='ocrx_word' id='word_1_159' title='bbox 2092 2164 2240 2219; x_wconf 82' lang='lat' dir='ltr'><strong>fonte</strong></span> <span class='ocrx_word' id='word_1_160' title='bbox 2270 2164 2447 2234; x_wconf 88' lang='lat' dir='ltr'><strong>pulvis</strong></span> <span class='ocrx_word' id='word_1_161' title='bbox 2477 2163 2758 2217; x_wconf 84' lang='lat' dir='ltr'><strong>obruatur.</strong></span> 
     </span>
    </p>
   </div>
   <div class='ocr_carea' id='block_1_34' title="bbox 1885 2253 3387 2327">
    <p class='ocr_par' dir='ltr' id='par_1_34' title="bbox 1885 2253 3387 2327">
     <span class='ocr_line' id='line_1_34' title="bbox 1885 2253 3387 2327; baseline -0.004 -16"><span class='ocrx_word' id='word_1_162' title='bbox 1885 2256 1938 2311; x_wconf 87' lang='lat'><strong>6.</strong></span> <span class='ocrx_word' id='word_1_163' title='bbox 1982 2256 2057 2313; x_wconf 90' lang='lat' dir='ltr'><strong>De</strong></span> <span class='ocrx_word' id='word_1_164' title='bbox 2089 2257 2232 2327; x_wconf 88' lang='lat' dir='ltr'><strong>palla</strong></span> <span class='ocrx_word' id='word_1_165' title='bbox 2279 2256 2464 2310; x_wconf 90' lang='lat' dir='ltr'><strong>nullus</strong></span> <span class='ocrx_word' id='word_1_166' title='bbox 2513 2264 2763 2309; x_wconf 82' lang='lat' dir='ltr'><strong>mortuus</strong></span> <span class='ocrx_word' id='word_1_167' title='bbox 2811 2253 3097 2317; x_wconf 87' lang='lat' dir='ltr'><strong>obruatur,</strong></span> <span class='ocrx_word' id='word_1_168' title='bbox 3131 2270 3230 2308; x_wconf 91' lang='lat' dir='ltr'><strong>nec</strong></span> <span class='ocrx_word' id='word_1_169' title='bbox 3269 2253 3387 2308; x_wconf 30' lang='lat' dir='ltr'><strong>diar-</strong></span> 
     </span>
    </p>
   </div>
   <div class='ocr_carea' id='block_1_35' title="bbox 1740 2318 3388 2420">
    <p class='ocr_par' dir='ltr' id='par_1_35' title="bbox 1740 2318 3388 2420">
     <span class='ocr_line' id='line_1_35' title="bbox 1740 2318 3388 2420; baseline -0.003 -17"><span class='ocrx_word' id='word_1_170' title='bbox 1740 2318 1785 2377; x_wconf 72' lang='grc' dir='ltr'>Β</span> <span class='ocrx_word' id='word_1_171' title='bbox 1815 2365 1988 2405; x_wconf 89' lang='lat' dir='ltr'><strong>conus</strong></span> <span class='ocrx_word' id='word_1_172' title='bbox 2021 2351 2286 2420; x_wconf 79' lang='lat' dir='ltr'><strong>imponat,</strong></span> <span class='ocrx_word' id='word_1_173' title='bbox 2318 2349 2437 2404; x_wconf 90' lang='lat' dir='ltr'><strong>vela</strong></span> <span class='ocrx_word' id='word_1_174' title='bbox 2496 2354 2550 2402; x_wconf 92' lang='lat' dir='ltr'><strong>et</strong></span> <span class='ocrx_word' id='word_1_175' title='bbox 2579 2346 2750 2418; x_wconf 89' lang='lat' dir='ltr'><strong>pallas</strong></span> <span class='ocrx_word' id='word_1_176' title='bbox 2780 2344 3154 2401; x_wconf 88' lang='lat' dir='ltr'><strong>subdiaconus</strong></span> <span class='ocrx_word' id='word_1_177' title='bbox 3197 2347 3249 2400; x_wconf 90' lang='lat' dir='ltr'><strong>in</strong></span> <span class='ocrx_word' id='word_1_178' title='bbox 3296 2360 3388 2400; x_wconf 84' lang='lat' dir='ltr'><strong>sa-</strong></span> 
     </span>
    </p>
   </div>
   <div class='ocr_carea' id='block_1_36' title="bbox 1815 2443 2187 2500">
    <p class='ocr_par' dir='ltr' id='par_1_36' title="bbox 1815 2443 2187 2500">
     <span class='ocr_line' id='line_1_36' title="bbox 1815 2443 2187 2500; baseline 0.008 -4"><span class='ocrx_word' id='word_1_179' title='bbox 1815 2443 1996 2497; x_wconf 89' lang='lat' dir='ltr'><strong>crario</strong></span> <span class='ocrx_word' id='word_1_180' title='bbox 2022 2443 2187 2500; x_wconf 88' lang='lat' dir='ltr'><strong>lavet.</strong></span> 
     </span>
    </p>
   </div>
   <div class='ocr_carea' id='block_1_37' title="bbox 211 2607 3381 2645">
    <p class='ocr_par' dir='ltr' id='par_1_37' title="bbox 211 2607 3381 2645">
     <span class='ocr_line' id='line_1_37' title="bbox 211 2607 3381 2645; baseline 0.001 -8"><span class='ocrx_word' id='word_1_181' title='bbox 211 2607 3381 2645; x_wconf 34' lang='grc' dir='ltr'>ψ</span> 
     </span>
    </p>
   </div>
   <div class='ocr_carea' id='block_1_38' title="bbox 184 2642 3092 3002">
    <p class='ocr_par' dir='ltr' id='par_1_38' title="bbox 184 2642 3092 3002">
     <span class='ocr_line' id='line_1_38' title="bbox 184 2642 3092 3002; baseline -0.002 -2"><span class='ocrx_word' id='word_1_182' title='bbox 184 2718 190 2723; x_wconf 79' lang='grc'><strong>’</strong></span> <span class='ocrx_word' id='word_1_183' title='bbox 424 2762 1819 3001; x_wconf 77' lang='lat' dir='ltr'><strong>CONS’I‘I’I‘U&#39;I‘IONES</strong></span> <span class='ocrx_word' id='word_1_184' title='bbox 1991 2765 3092 3002; x_wconf 76' lang='lat' dir='ltr'><strong>lPOS’l‘0LIClll.</strong></span> 
     </span>
    </p>
   </div>
   <div class='ocr_carea' id='block_1_39' title="bbox 1244 3137 2370 3478">
    <p class='ocr_par' dir='ltr' id='par_1_39' title="bbox 1244 3289 2370 3478">
     <span class='ocr_line' id='line_1_39' title="bbox 1244 3289 2370 3478; baseline -0.01 0"><span class='ocrx_word' id='word_1_185' title='bbox 1244 3289 2370 3478; x_wconf 76' lang='lat' dir='ltr'><strong>PROCEMIA.</strong></span> 
     </span>
    </p>
   </div>
   <div class='ocr_carea' id='block_1_40' title="bbox 726 3771 2781 3903">
    <p class='ocr_par' dir='ltr' id='par_1_40' title="bbox 726 3771 2781 3903">
     <span class='ocr_line' id='line_1_40' title="bbox 726 3771 2781 3903; baseline -0.001 -4"><span class='ocrx_word' id='word_1_186' title='bbox 726 3774 847 3899; x_wconf 88' lang='lat' dir='ltr'><strong>J.</strong></span> <span class='ocrx_word' id='word_1_187' title='bbox 912 3774 1050 3897; x_wconf 88' lang='lat' dir='ltr'><strong>B.</strong></span> <span class='ocrx_word' id='word_1_188' title='bbox 1135 3771 1977 3903; x_wconf 81' lang='lat' dir='ltr'><strong>COTELERII</strong></span> <span class='ocrx_word' id='word_1_189' title='bbox 2036 3772 2781 3903; x_wconf 81' lang='lat' dir='ltr'><strong>JUDICIUM</strong></span> 
     </span>
    </p>
   </div>
   <div class='ocr_carea' id='block_1_41' title="bbox 566 4069 2834 4168">
    <p class='ocr_par' dir='ltr' id='par_1_41' title="bbox 566 4069 2834 4168">
     <span class='ocr_line' id='line_1_41' title="bbox 566 4069 2834 4168; baseline -0 -7"><span class='ocrx_word' id='word_1_190' title='bbox 566 4072 717 4161; x_wconf 89' lang='lat' dir='ltr'><strong>DE</strong></span> <span class='ocrx_word' id='word_1_191' title='bbox 795 4069 1988 4165; x_wconf 77' lang='lat' dir='ltr'><strong>CONSTITUTIONIBUS</strong></span> <span class='ocrx_word' id='word_1_192' title='bbox 2060 4071 2834 4168; x_wconf 84' lang='lat' dir='ltr'><strong>APOSTOLICIS</strong></span> 
     </span>
    </p>
   </div>
   <div class='ocr_carea' id='block_1_42' title="bbox 1066 4260 2457 4335">
    <p class='ocr_par' dir='ltr' id='par_1_42' title="bbox 1066 4260 2457 4335">
     <span class='ocr_line' id='line_1_42' title="bbox 1066 4260 2457 4335; baseline 0.001 -20"><span class='ocrx_word' id='word_1_193' title='bbox 1066 4260 1279 4334; x_wconf 86' lang='lat' dir='ltr'><strong>(Patres</strong></span> <span class='ocrx_word' id='word_1_194' title='bbox 1311 4262 1616 4333; x_wconf 74' lang='lat' dir='ltr'><strong>apostolici,</strong></span> <span class='ocrx_word' id='word_1_195' title='bbox 1646 4269 1685 4316; x_wconf 90' lang='lat' dir='ltr'><strong>t.</strong></span> <span class='ocrx_word' id='word_1_196' title='bbox 1715 4261 1758 4327; x_wconf 83' lang='grc' dir='ltr'><strong>Ι,</strong></span> <span class='ocrx_word' id='word_1_197' title='bbox 1784 4260 1876 4318; x_wconf 89' lang='lat' dir='ltr'><strong>ed.</strong></span> <span class='ocrx_word' id='word_1_198' title='bbox 1908 4261 2227 4321; x_wconf 72' lang='lat' dir='ltr'><strong>Amstatlod.</strong></span> <span class='ocrx_word' id='word_1_199' title='bbox 2257 4261 2457 4335; x_wconf 46' lang='grc' dir='ltr'><strong>ΓΕΑ.)</strong></span> 
     </span>
    </p>
   </div>
   <div class='ocr_carea' id='block_1_43' title="bbox 225 4548 3395 4626">
    <p class='ocr_par' dir='ltr' id='par_1_43' title="bbox 225 4548 3395 4626">
     <span class='ocr_line' id='line_1_43' title="bbox 225 4548 3395 4626; baseline 0.003 -22"><span class='ocrx_word' id='word_1_200' title='bbox 225 4548 296 4606; x_wconf 74' lang='lat' dir='ltr'><strong>Ex</strong></span> <span class='ocrx_word' id='word_1_201' title='bbox 322 4551 535 4616; x_wconf 87' lang='lat' dir='ltr'><strong>multis,</strong></span> <span class='ocrx_word' id='word_1_202' title='bbox 582 4564 710 4620; x_wconf 64' lang='lat' dir='ltr'><strong>quae</strong></span> <span class='ocrx_word' id='word_1_203' title='bbox 753 4548 822 4604; x_wconf 90' lang='lat' dir='ltr'><strong>de</strong></span> <span class='ocrx_word' id='word_1_204' title='bbox 861 4548 1361 4607; x_wconf 86' lang='lat' dir='ltr'><strong>Constitutionibus</strong></span> <span class='ocrx_word' id='word_1_205' title='bbox 1410 4552 1727 4622; x_wconf 86' lang='lat' dir='ltr'><strong>apostolicis</strong></span> <span class='ocrx_word' id='word_1_206' title='bbox 1753 4564 1795 4623; x_wconf 87' lang='lat' dir='ltr'><strong>c</strong></span> <span class='ocrx_word' id='word_1_207' title='bbox 1829 4554 2056 4611; x_wconf 90' lang='lat' dir='ltr'><strong>stolicas</strong></span> <span class='ocrx_word' id='word_1_208' title='bbox 2077 4567 2207 4607; x_wconf 86' lang='lat' dir='ltr'><strong>vero</strong></span> <span class='ocrx_word' id='word_1_209' title='bbox 2228 4552 2507 4621; x_wconf 70' lang='grc' dir='ltr'><strong>διαταγὰς,</strong></span> <span class='ocrx_word' id='word_1_210' title='bbox 2526 4551 2824 4608; x_wconf 87' lang='lat' dir='ltr'><strong>Clementis</strong></span> <span class='ocrx_word' id='word_1_211' title='bbox 2848 4552 3195 4624; x_wconf 84' lang='lat' dir='ltr'><strong>quidem,scd</strong></span> <span class='ocrx_word' id='word_1_212' title='bbox 3211 4567 3395 4626; x_wconf 79' lang='lat' dir='ltr'><strong>postea</strong></span> 
     </span>
    </p>
   </div>
   <div class='ocr_carea' id='block_1_44' title="bbox 170 4642 1727 4716">
    <p class='ocr_par' dir='ltr' id='par_1_44' title="bbox 170 4642 1727 4716">
     <span class='ocr_line' id='line_1_44' title="bbox 170 4642 1727 4716; baseline 0.004 -21"><span class='ocrx_word' id='word_1_213' title='bbox 170 4647 301 4700; x_wconf 81' lang='lat' dir='ltr'><strong>vario</strong></span> <span class='ocrx_word' id='word_1_214' title='bbox 345 4646 644 4700; x_wconf 87' lang='lat' dir='ltr'><strong>doctorum</strong></span> <span class='ocrx_word' id='word_1_215' title='bbox 684 4658 937 4700; x_wconf 84' lang='lat' dir='ltr'><strong>sermone</strong></span> <span class='ocrx_word' id='word_1_216' title='bbox 975 4642 1273 4712; x_wconf 68' lang='lat' dir='ltr'><strong>iactantur,</strong></span> <span class='ocrx_word' id='word_1_217' title='bbox 1306 4660 1432 4699; x_wconf 88' lang='lat' dir='ltr'><strong>vera</strong></span> <span class='ocrx_word' id='word_1_218' title='bbox 1480 4647 1727 4716; x_wconf 79' lang='lat' dir='ltr'><strong>quaedam</strong></span> 
     </span>
    </p>
   </div>
   <div class='ocr_carea' id='block_1_45' title="bbox 168 4735 1730 4803">
    <p class='ocr_par' dir='ltr' id='par_1_45' title="bbox 168 4735 1730 4803">
     <span class='ocr_line' id='line_1_45' title="bbox 168 4735 1730 4803; baseline 0.003 -16"><span class='ocrx_word' id='word_1_219' title='bbox 168 4744 298 4799; x_wconf 80' lang='lat' dir='ltr'><strong>sunt,</strong></span> <span class='ocrx_word' id='word_1_220' title='bbox 328 4738 436 4792; x_wconf 86' lang='lat' dir='ltr'><strong>alia</strong></span> <span class='ocrx_word' id='word_1_221' title='bbox 472 4737 641 4800; x_wconf 80' lang='lat' dir='ltr'><strong>falsa,</strong></span> <span class='ocrx_word' id='word_1_222' title='bbox 681 4743 877 4791; x_wconf 75' lang='lat' dir='ltr'><strong>caetera</strong></span> <span class='ocrx_word' id='word_1_223' title='bbox 912 4735 1212 4803; x_wconf 88' lang='lat' dir='ltr'><strong>ejusmodi,</strong></span> <span class='ocrx_word' id='word_1_224' title='bbox 1247 4742 1307 4789; x_wconf 90' lang='lat' dir='ltr'><strong>ut</strong></span> <span class='ocrx_word' id='word_1_225' title='bbox 1345 4737 1627 4792; x_wconf 77' lang='lat' dir='ltr'><strong>veritatem</strong></span> <span class='ocrx_word' id='word_1_226' title='bbox 1660 4754 1730 4792; x_wconf 89' lang='lat' dir='ltr'><strong>an</strong></span> 
     </span>
    </p>
   </div>
   <div class='ocr_carea' id='block_1_46' title="bbox 170 4824 1732 4897">
    <p class='ocr_par' dir='ltr' id='par_1_46' title="bbox 170 4824 1732 4897">
     <span class='ocr_line' id='line_1_46' title="bbox 170 4824 1732 4897; baseline 0.006 -22"><span class='ocrx_word' id='word_1_227' title='bbox 170 4824 442 4883; x_wconf 80' lang='lat' dir='ltr'><strong>lslsitatem</strong></span> <span class='ocrx_word' id='word_1_228' title='bbox 468 4830 818 4893; x_wconf 86' lang='lat' dir='ltr'><strong>contineant,</strong></span> <span class='ocrx_word' id='word_1_229' title='bbox 841 4835 990 4883; x_wconf 78' lang='lat' dir='ltr'><strong>certa</strong></span> <span class='ocrx_word' id='word_1_230' title='bbox 1010 4834 1244 4895; x_wconf 89' lang='lat' dir='ltr'><strong>nequeat</strong></span> <span class='ocrx_word' id='word_1_231' title='bbox 1263 4828 1732 4897; x_wconf 79' lang='lat' dir='ltr'><strong>argumentatione</strong></span> 
     </span>
    </p>
   </div>
   <div class='ocr_carea' id='block_1_47' title="bbox 171 4918 1729 4991">
    <p class='ocr_par' dir='ltr' id='par_1_47' title="bbox 171 4918 1729 4991">
     <span class='ocr_line' id='line_1_47' title="bbox 171 4918 1729 4991; baseline 0.003 -21"><span class='ocrx_word' id='word_1_232' title='bbox 171 4920 374 4989; x_wconf 75' lang='lat' dir='ltr'><strong>percipi.</strong></span> <span class='ocrx_word' id='word_1_233' title='bbox 405 4920 486 4975; x_wconf 82' lang='lat' dir='ltr'><strong>Ea</strong></span> <span class='ocrx_word' id='word_1_234' title='bbox 520 4924 573 4977; x_wconf 87' lang='lat' dir='ltr'><strong>si</strong></span> <span class='ocrx_word' id='word_1_235' title='bbox 612 4921 670 4983; x_wconf 84' lang='lat' dir='ltr'><strong>in</strong></span> <span class='ocrx_word' id='word_1_236' title='bbox 712 4919 987 4991; x_wconf 90' lang='lat' dir='ltr'><strong>principio</strong></span> <span class='ocrx_word' id='word_1_237' title='bbox 1031 4918 1454 4981; x_wconf 81' lang='lat' dir='ltr'><strong>Adnotationum</strong></span> <span class='ocrx_word' id='word_1_238' title='bbox 1496 4920 1729 4975; x_wconf 86' lang='lat' dir='ltr'><strong>istarum</strong></span> 
     </span>
    </p>
   </div>
   <div class='ocr_carea' id='block_1_48' title="bbox 171 5009 1729 5083">
    <p class='ocr_par' dir='ltr' id='par_1_48' title="bbox 171 5009 1729 5083">
     <span class='ocr_line' id='line_1_48' title="bbox 171 5009 1729 5083; baseline 0.004 -21"><span class='ocrx_word' id='word_1_239' title='bbox 171 5015 582 5082; x_wconf 83' lang='lat' dir='ltr'><strong>secreverimus,</strong></span> <span class='ocrx_word' id='word_1_240' title='bbox 612 5028 793 5083; x_wconf 83' lang='lat' dir='ltr'><strong>operae</strong></span> <span class='ocrx_word' id='word_1_241' title='bbox 830 5013 1063 5083; x_wconf 86' lang='lat' dir='ltr'><strong>pretium</strong></span> <span class='ocrx_word' id='word_1_242' title='bbox 1086 5025 1190 5067; x_wconf 90' lang='lat' dir='ltr'><strong>nos</strong></span> <span class='ocrx_word' id='word_1_243' title='bbox 1218 5009 1461 5069; x_wconf 79' lang='lat' dir='ltr'><strong>facturos</strong></span> <span class='ocrx_word' id='word_1_244' title='bbox 1482 5027 1592 5068; x_wconf 87' lang='lat' dir='ltr'><strong>non</strong></span> <span class='ocrx_word' id='word_1_245' title='bbox 1627 5028 1729 5069; x_wconf 89' lang='lat' dir='ltr'><strong>ne-</strong></span> 
     </span>
    </p>
   </div>
   <div class='ocr_carea' id='block_1_49' title="bbox 170 5112 381 5162">
    <p class='ocr_par' dir='ltr' id='par_1_49' title="bbox 170 5112 381 5162">
     <span class='ocr_line' id='line_1_49' title="bbox 170 5112 381 5162; baseline 0.043 -9"><span class='ocrx_word' id='word_1_246' title='bbox 170 5112 381 5162; x_wconf 75' lang='lat' dir='ltr'><strong>scimus.</strong></span> 
     </span>
    </p>
   </div>
   <div class='ocr_carea' id='block_1_50' title="bbox 227 5192 1733 5266">
    <p class='ocr_par' dir='ltr' id='par_1_50' title="bbox 227 5192 1733 5266">
     <span class='ocr_line' id='line_1_50' title="bbox 227 5192 1733 5266; baseline 0.003 -21"><span class='ocrx_word' id='word_1_247' title='bbox 227 5192 409 5264; x_wconf 79' lang='lat' dir='ltr'><strong>Itaque</strong></span> <span class='ocrx_word' id='word_1_248' title='bbox 438 5212 639 5253; x_wconf 87' lang='lat' dir='ltr'><strong>verum</strong></span> <span class='ocrx_word' id='word_1_249' title='bbox 668 5204 777 5263; x_wconf 89' lang='lat' dir='ltr'><strong>est,</strong></span> <span class='ocrx_word' id='word_1_250' title='bbox 803 5195 1272 5254; x_wconf 80' lang='lat' dir='ltr'><strong>Constitutionum</strong></span> <span class='ocrx_word' id='word_1_251' title='bbox 1305 5194 1733 5266; x_wconf 88' lang='lat' dir='ltr'><strong>apostolicarum</strong></span> 
     </span>
    </p>
   </div>
   <div class='ocr_carea' id='block_1_51' title="bbox 167 5282 1733 5363">
    <p class='ocr_par' dir='ltr' id='par_1_51' title="bbox 167 5282 1733 5363">
     <span class='ocr_line' id='line_1_51' title="bbox 167 5282 1733 5363; baseline 0.003 -24"><span class='ocrx_word' id='word_1_252' title='bbox 167 5282 493 5358; x_wconf 70' lang='grc' dir='ltr'><strong>ὁκτάϐιόλον,</strong></span> <span class='ocrx_word' id='word_1_253' title='bbox 530 5308 670 5363; x_wconf 87' lang='lat' dir='ltr'><strong>opus</strong></span> <span class='ocrx_word' id='word_1_254' title='bbox 696 5308 822 5348; x_wconf 86' lang='lat' dir='ltr'><strong>esse</strong></span> <span class='ocrx_word' id='word_1_255' title='bbox 857 5292 1228 5363; x_wconf 81' lang='lat' dir='ltr'><strong>apocrypbum</strong></span> <span class='ocrx_word' id='word_1_256' title='bbox 1257 5298 1312 5345; x_wconf 89' lang='lat' dir='ltr'><strong>et</strong></span> <span class='ocrx_word' id='word_1_257' title='bbox 1342 5289 1733 5361; x_wconf 83' lang='lat' dir='ltr'><strong>pseudepigra-</strong></span> 
     </span>
    </p>
   </div>
   <div class='ocr_carea' id='block_1_52' title="bbox 170 5381 1729 5458">
    <p class='ocr_par' dir='ltr' id='par_1_52' title="bbox 170 5381 1729 5458">
     <span class='ocr_line' id='line_1_52' title="bbox 170 5381 1729 5458; baseline -0.008 -10"><span class='ocrx_word' id='word_1_258' title='bbox 170 5381 342 5452; x_wconf 56' lang='lat' dir='ltr'><strong>illium,</strong></span> <span class='ocrx_word' id='word_1_259' title='bbox 369 5388 443 5441; x_wconf 88' lang='lat' dir='ltr'><strong>ab</strong></span> <span class='ocrx_word' id='word_1_260' title='bbox 473 5388 745 5458; x_wconf 85' lang='lat' dir='ltr'><strong>apostolis</strong></span> <span class='ocrx_word' id='word_1_261' title='bbox 770 5403 880 5442; x_wconf 88' lang='lat' dir='ltr'><strong>non</strong></span> <span class='ocrx_word' id='word_1_262' title='bbox 905 5385 1213 5456; x_wconf 81' lang='lat' dir='ltr'><strong>profectum</strong></span> <span class='ocrx_word' id='word_1_263' title='bbox 1236 5424 1252 5452; x_wconf 88' lang='lat'><strong>,</strong></span> <span class='ocrx_word' id='word_1_264' title='bbox 1282 5398 1387 5441; x_wconf 84' lang='lat' dir='ltr'><strong>nec</strong></span> <span class='ocrx_word' id='word_1_265' title='bbox 1414 5382 1483 5438; x_wconf 89' lang='lat' dir='ltr'><strong>ab</strong></span> <span class='ocrx_word' id='word_1_266' title='bbox 1505 5390 1729 5451; x_wconf 86' lang='lat' dir='ltr'><strong>aposto-</strong></span> 
     </span>
    </p>
   </div>
   <div class='ocr_carea' id='block_1_53' title="bbox 168 5470 1733 5549">
    <p class='ocr_par' dir='ltr' id='par_1_53' title="bbox 168 5470 1733 5549">
     <span class='ocr_line' id='line_1_53' title="bbox 168 5470 1733 5549; baseline 0.001 -20"><span class='ocrx_word' id='word_1_267' title='bbox 168 5470 260 5529; x_wconf 81' lang='lat' dir='ltr'><strong>lico</strong></span> <span class='ocrx_word' id='word_1_268' title='bbox 319 5477 630 5534; x_wconf 82' lang='lat' dir='ltr'><strong>Clemente.</strong></span> <span class='ocrx_word' id='word_1_269' title='bbox 692 5479 941 5544; x_wconf 89' lang='lat' dir='ltr'><strong>Scilicet,</strong></span> <span class='ocrx_word' id='word_1_270' title='bbox 988 5476 1240 5549; x_wconf 87' lang='lat' dir='ltr'><strong>quamvis</strong></span> <span class='ocrx_word' id='word_1_271' title='bbox 1275 5484 1467 5531; x_wconf 88' lang='lat' dir='ltr'><strong>auctor</strong></span> <span class='ocrx_word' id='word_1_272' title='bbox 1502 5473 1733 5530; x_wconf 84' lang='lat' dir='ltr'><strong>canonis</strong></span> 
     </span>
    </p>
   </div>
   <div class='ocr_carea' id='block_1_54' title="bbox 170 5565 1732 5640">
    <p class='ocr_par' dir='ltr' id='par_1_54' title="bbox 170 5565 1732 5640">
     <span class='ocr_line' id='line_1_54' title="bbox 170 5565 1732 5640; baseline 0.006 -26"><span class='ocrx_word' id='word_1_273' title='bbox 170 5568 326 5621; x_wconf 78' lang='lat' dir='ltr'><strong>ultimi</strong></span> <span class='ocrx_word' id='word_1_274' title='bbox 352 5571 675 5640; x_wconf 85' lang='lat' dir='ltr'><strong>apostolici,</strong></span> <span class='ocrx_word' id='word_1_275' title='bbox 707 5573 754 5626; x_wconf 89' lang='lat' dir='ltr'><strong>si</strong></span> <span class='ocrx_word' id='word_1_276' title='bbox 797 5572 1049 5627; x_wconf 88' lang='lat' dir='ltr'><strong>diversus</strong></span> <span class='ocrx_word' id='word_1_277' title='bbox 1076 5577 1160 5624; x_wconf 88' lang='lat' dir='ltr'><strong>est</strong></span> <span class='ocrx_word' id='word_1_278' title='bbox 1189 5569 1259 5624; x_wconf 90' lang='lat' dir='ltr'><strong>ab</strong></span> <span class='ocrx_word' id='word_1_279' title='bbox 1287 5577 1353 5623; x_wconf 85' lang='lat' dir='ltr'><strong>c’o</strong></span> <span class='ocrx_word' id='word_1_280' title='bbox 1379 5567 1446 5622; x_wconf 93' lang='lat' dir='ltr'><strong>de</strong></span> <span class='ocrx_word' id='word_1_281' title='bbox 1475 5581 1585 5636; x_wconf 90' lang='lat' dir='ltr'><strong>quo</strong></span> <span class='ocrx_word' id='word_1_282' title='bbox 1615 5565 1732 5636; x_wconf 79' lang='lat' dir='ltr'><strong>agi—</strong></span> 
     </span>
    </p>
   </div>
   <div class='ocr_carea' id='block_1_55' title="bbox 167 5660 1729 5734">
    <p class='ocr_par' dir='ltr' id='par_1_55' title="bbox 167 5660 1729 5734">
     <span class='ocr_line' id='line_1_55' title="bbox 167 5660 1729 5734; baseline -0.001 -21"><span class='ocrx_word' id='word_1_283' title='bbox 167 5672 294 5726; x_wconf 73' lang='lat' dir='ltr'><strong>Inus,</strong></span> <span class='ocrx_word' id='word_1_284' title='bbox 325 5664 496 5719; x_wconf 82' lang='lat' dir='ltr'><strong>aliter</strong></span> <span class='ocrx_word' id='word_1_285' title='bbox 527 5671 763 5732; x_wconf 76' lang='lat' dir='ltr'><strong>statuat;</strong></span> <span class='ocrx_word' id='word_1_286' title='bbox 795 5664 1051 5734; x_wconf 87' lang='lat' dir='ltr'><strong>quamvis</strong></span> <span class='ocrx_word' id='word_1_287' title='bbox 1075 5663 1203 5718; x_wconf 86' lang='lat' dir='ltr'><strong>illos</strong></span> <span class='ocrx_word' id='word_1_288' title='bbox 1230 5660 1609 5732; x_wconf 88' lang='lat' dir='ltr'><strong>apostolorum</strong></span> <span class='ocrx_word' id='word_1_289' title='bbox 1633 5674 1729 5713; x_wconf 91' lang='lat' dir='ltr'><strong>ca-</strong></span> 
     </span>
    </p>
   </div>
   <div class='ocr_carea' id='block_1_56' title="bbox 170 5754 1724 5835">
    <p class='ocr_par' dir='ltr' id='par_1_56' title="bbox 170 5754 1724 5835">
     <span class='ocr_line' id='line_1_56' title="bbox 170 5754 1724 5835; baseline 0.001 -26"><span class='ocrx_word' id='word_1_290' title='bbox 170 5764 325 5819; x_wconf 73' lang='lat' dir='ltr'><strong>lones</strong></span> <span class='ocrx_word' id='word_1_291' title='bbox 345 5774 517 5813; x_wconf 89' lang='lat' dir='ltr'><strong>veros</strong></span> <span class='ocrx_word' id='word_1_292' title='bbox 544 5773 767 5829; x_wconf 80' lang='lat' dir='ltr'><strong>censere</strong></span> <span class='ocrx_word' id='word_1_293' title='bbox 790 5756 1190 5832; x_wconf 35' lang='lat' dir='ltr'><strong>soleant&#39;Grazci</strong></span> <span class='ocrx_word' id='word_1_294' title='bbox 1216 5754 1724 5835; x_wconf 58' lang='lat' dir='ltr'><strong>posteriores,_ap0:-</strong></span> 
     </span>
    </p>
   </div>
   <div class='ocr_carea' id='block_1_57' title="bbox 1831 4644 3370 4715">
    <p class='ocr_par' dir='ltr' id='par_1_57' title="bbox 1831 4644 3370 4715">
     <span class='ocr_line' id='line_1_57' title="bbox 1831 4644 3370 4715; baseline 0.001 -14"><span class='ocrx_word' id='word_1_295' title='bbox 1831 4646 2196 4712; x_wconf 88' lang='lat' dir='ltr'><strong>adulteratas;</strong></span> <span class='ocrx_word' id='word_1_296' title='bbox 2229 4646 2480 4714; x_wconf 87' lang='lat' dir='ltr'><strong>quamvis</strong></span> <span class='ocrx_word' id='word_1_297' title='bbox 2527 4644 2815 4715; x_wconf 61' lang='lat' dir='ltr'><strong>Ethiopes</strong></span> <span class='ocrx_word' id='word_1_298' title='bbox 2861 4662 2892 4699; x_wconf 89' lang='lat' dir='ltr'><strong>a</strong></span> <span class='ocrx_word' id='word_1_299' title='bbox 2944 4645 3144 4702; x_wconf 60' lang='lat' dir='ltr'><strong>Graecis</strong></span> <span class='ocrx_word' id='word_1_300' title='bbox 3193 4649 3370 4707; x_wconf 80' lang='lat' dir='ltr'><strong>edocti</strong></span> 
     </span>
    </p>
   </div>
   <div class='ocr_carea' id='block_1_58' title="bbox 1830 4737 3371 4810">
    <p class='ocr_par' dir='ltr' id='par_1_58' title="bbox 1830 4737 3371 4810">
     <span class='ocr_line' id='line_1_58' title="bbox 1830 4737 3371 4810; baseline -0.001 -18"><span class='ocrx_word' id='word_1_301' title='bbox 1830 4739 2186 4810; x_wconf 84' lang='lat' dir='ltr'><strong>apostolicam</strong></span> <span class='ocrx_word' id='word_1_302' title='bbox 2216 4737 2565 4795; x_wconf 87' lang='lat' dir='ltr'><strong>Octabiblum</strong></span> <span class='ocrx_word' id='word_1_303' title='bbox 2592 4746 2653 4793; x_wconf 89' lang='lat' dir='ltr'><strong>ut</strong></span> <span class='ocrx_word' id='word_1_304' title='bbox 2693 4754 2907 4793; x_wconf 86' lang='lat' dir='ltr'><strong>sacram</strong></span> <span class='ocrx_word' id='word_1_305' title='bbox 2948 4746 3003 4793; x_wconf 91' lang='lat' dir='ltr'><strong>et</strong></span> <span class='ocrx_word' id='word_1_306' title='bbox 3035 4739 3274 4794; x_wconf 80' lang='lat' dir='ltr'><strong>divinam</strong></span> <span class='ocrx_word' id='word_1_307' title='bbox 3307 4758 3371 4796; x_wconf 70' lang='lat' dir='ltr'><strong>Vo.</strong></span> 
     </span>
    </p>
   </div>
   <div class='ocr_carea' id='block_1_59' title="bbox 1830 4828 3376 4909">
    <p class='ocr_par' dir='ltr' id='par_1_59' title="bbox 1830 4828 3376 4909">
     <span class='ocr_line' id='line_1_59' title="bbox 1830 4828 3376 4909; baseline 0 -23"><span class='ocrx_word' id='word_1_308' title='bbox 1830 4839 2093 4886; x_wconf 89' lang='lat' dir='ltr'><strong>nerentur</strong></span> <span class='ocrx_word' id='word_1_309' title='bbox 2113 4848 2128 4898; x_wconf 91' lang='lat'><strong>;</strong></span> <span class='ocrx_word' id='word_1_310' title='bbox 2152 4830 2404 4900; x_wconf 90' lang='lat' dir='ltr'><strong>quamvis</strong></span> <span class='ocrx_word' id='word_1_311' title='bbox 2430 4828 2487 4886; x_wconf 91' lang='lat' dir='ltr'><strong>S.</strong></span> <span class='ocrx_word' id='word_1_312' title='bbox 2512 4829 2852 4901; x_wconf 84' lang='lat' dir='ltr'><strong>Epiphanius</strong></span> <span class='ocrx_word' id='word_1_313' title='bbox 2876 4831 3068 4886; x_wconf 85' lang='lat' dir='ltr'><strong>haeresi</strong></span> <span class='ocrx_word' id='word_1_314' title='bbox 3103 4831 3191 4898; x_wconf 87' lang='lat'><strong>80,</strong></span> <span class='ocrx_word' id='word_1_315' title='bbox 3214 4833 3376 4909; x_wconf 84' lang='lat' dir='ltr'><strong>cap.7</strong></span> 
     </span>
    </p>
   </div>
   <div class='ocr_carea' id='block_1_60' title="bbox 1830 4921 3402 4990">
    <p class='ocr_par' dir='ltr' id='par_1_60' title="bbox 1830 4921 3402 4990">
     <span class='ocr_line' id='line_1_60' title="bbox 1830 4921 3402 4990; baseline -0.003 -10"><span class='ocrx_word' id='word_1_316' title='bbox 1830 4931 1887 4980; x_wconf 88' lang='lat' dir='ltr'><strong>et</strong></span> <span class='ocrx_word' id='word_1_317' title='bbox 1908 4921 2192 4978; x_wconf 85' lang='lat' dir='ltr'><strong>Cedrenus</strong></span> <span class='ocrx_word' id='word_1_318' title='bbox 2222 4921 2437 4977; x_wconf 91' lang='lat' dir='ltr'><strong>duobus</strong></span> <span class='ocrx_word' id='word_1_319' title='bbox 2476 4922 2533 4977; x_wconf 90' lang='lat' dir='ltr'><strong>in</strong></span> <span class='ocrx_word' id='word_1_320' title='bbox 2580 4922 2739 4990; x_wconf 90' lang='lat' dir='ltr'><strong>locis,</strong></span> <span class='ocrx_word' id='word_1_321' title='bbox 2780 4922 2921 4977; x_wconf 90' lang='lat' dir='ltr'><strong>inter</strong></span> <span class='ocrx_word' id='word_1_322' title='bbox 2949 4921 3205 4977; x_wconf 79' lang='lat' dir='ltr'><strong>Veterum</strong></span> <span class='ocrx_word' id='word_1_323' title='bbox 3245 4924 3402 4983; x_wconf 88' lang='lat' dir='ltr'><strong>testi-</strong></span> 
     </span>
    </p>
   </div>
   <div class='ocr_carea' id='block_1_61' title="bbox 1832 5013 3399 5083">
    <p class='ocr_par' dir='ltr' id='par_1_61' title="bbox 1832 5013 3399 5083">
     <span class='ocr_line' id='line_1_61' title="bbox 1832 5013 3399 5083; baseline -0.001 -13"><span class='ocrx_word' id='word_1_324' title='bbox 1832 5016 2016 5070; x_wconf 88' lang='lat' dir='ltr'><strong>monia</strong></span> <span class='ocrx_word' id='word_1_325' title='bbox 2063 5014 2283 5078; x_wconf 86' lang='lat' dir='ltr'><strong>relatis,</strong></span> <span class='ocrx_word' id='word_1_326' title='bbox 2343 5014 2486 5069; x_wconf 82' lang='grc' dir='ltr'><strong>Θεῖον</strong></span> <span class='ocrx_word' id='word_1_327' title='bbox 2534 5014 2692 5083; x_wconf 81' lang='grc' dir='ltr'>λόγον</span> <span class='ocrx_word' id='word_1_328' title='bbox 2747 5013 3067 5071; x_wconf 80' lang='lat' dir='ltr'><strong>Diataxibus</strong></span> <span class='ocrx_word' id='word_1_329' title='bbox 3126 5015 3399 5082; x_wconf 81' lang='lat' dir='ltr'><strong>tribuant;</strong></span> 
     </span>
    </p>
   </div>
   <div class='ocr_carea' id='block_1_62' title="bbox 1832 5104 3397 5175">
    <p class='ocr_par' dir='ltr' id='par_1_62' title="bbox 1832 5104 3397 5175">
     <span class='ocr_line' id='line_1_62' title="bbox 1832 5104 3397 5175; baseline 0 -15"><span class='ocrx_word' id='word_1_330' title='bbox 1832 5112 2072 5160; x_wconf 87' lang='lat' dir='ltr'><strong>attamen</strong></span> <span class='ocrx_word' id='word_1_331' title='bbox 2103 5104 2313 5175; x_wconf 89' lang='lat' dir='ltr'><strong>liquido</strong></span> <span class='ocrx_word' id='word_1_332' title='bbox 2326 5111 2570 5173; x_wconf 80' lang='lat' dir='ltr'><strong>constat,</strong></span> <span class='ocrx_word' id='word_1_333' title='bbox 2588 5105 2654 5160; x_wconf 82' lang='lat' dir='ltr'><strong>ad</strong></span> <span class='ocrx_word' id='word_1_334' title='bbox 2683 5106 2961 5175; x_wconf 86' lang='lat' dir='ltr'><strong>apostolos</strong></span> <span class='ocrx_word' id='word_1_335' title='bbox 2983 5113 3037 5160; x_wconf 91' lang='lat' dir='ltr'><strong>et</strong></span> <span class='ocrx_word' id='word_1_336' title='bbox 3066 5105 3397 5161; x_wconf 86' lang='lat' dir='ltr'><strong>Clementem</strong></span> 
     </span>
    </p>
   </div>
   <div class='ocr_carea' id='block_1_63' title="bbox 1832 5195 3401 5269">
    <p class='ocr_par' dir='ltr' id='par_1_63' title="bbox 1832 5195 3401 5269">
     <span class='ocr_line' id='line_1_63' title="bbox 1832 5195 3401 5269; baseline 0.003 -18"><span class='ocrx_word' id='word_1_337' title='bbox 1832 5212 1941 5252; x_wconf 92' lang='lat' dir='ltr'><strong>non</strong></span> <span class='ocrx_word' id='word_1_338' title='bbox 1979 5196 2252 5267; x_wconf 88' lang='lat' dir='ltr'><strong>pertinere</strong></span> <span class='ocrx_word' id='word_1_339' title='bbox 2281 5195 2585 5269; x_wconf 83' lang='grc' dir='ltr'><strong>σύνταγμα,</strong></span> <span class='ocrx_word' id='word_1_340' title='bbox 2612 5199 2757 5267; x_wconf 89' lang='lat' dir='ltr'><strong>quod</strong></span> <span class='ocrx_word' id='word_1_341' title='bbox 2786 5199 2959 5268; x_wconf 90' lang='lat' dir='ltr'><strong>prima</strong></span> <span class='ocrx_word' id='word_1_342' title='bbox 2985 5199 3242 5255; x_wconf 70' lang='lat' dir='ltr'><strong>Ecclesia:</strong></span> <span class='ocrx_word' id='word_1_343' title='bbox 3263 5206 3401 5262; x_wconf 80' lang='lat' dir='ltr'><strong>tem-</strong></span> 
     </span>
    </p>
   </div>
   <div class='ocr_carea' id='block_1_64' title="bbox 1831 5278 3401 5363">
    <p class='ocr_par' dir='ltr' id='par_1_64' title="bbox 1831 5278 3401 5363">
     <span class='ocr_line' id='line_1_64' title="bbox 1831 5278 3401 5363; baseline -0.001 -16"><span class='ocrx_word' id='word_1_344' title='bbox 1831 5307 1969 5363; x_wconf 87' lang='lat' dir='ltr'><strong>pora</strong></span> <span class='ocrx_word' id='word_1_345' title='bbox 1994 5291 2173 5355; x_wconf 88' lang='lat' dir='ltr'><strong>latuit,</strong></span> <span class='ocrx_word' id='word_1_346' title='bbox 2204 5288 2351 5361; x_wconf 87' lang='lat' dir='ltr'><strong>quod</strong></span> <span class='ocrx_word' id='word_1_347' title='bbox 2385 5305 2415 5343; x_wconf 88' lang='lat' dir='ltr'><strong>a</strong></span> <span class='ocrx_word' id='word_1_348' title='bbox 2448 5298 2529 5348; x_wconf 85' lang='lat' dir='ltr'><strong>tot</strong></span> <span class='ocrx_word' id='word_1_349' title='bbox 2555 5290 2765 5345; x_wconf 79' lang='lat' dir='ltr'><strong>sanctis</strong></span> <span class='ocrx_word' id='word_1_350' title='bbox 2793 5278 3046 5346; x_wconf 76' lang='lat' dir='ltr'><strong>Patribus</strong></span> <span class='ocrx_word' id='word_1_351' title='bbox 3089 5292 3401 5362; x_wconf 60' lang='lat' dir='ltr'><strong>ignoratum</strong></span> 
     </span>
    </p>
   </div>
   <div class='ocr_carea' id='block_1_65' title="bbox 1835 5382 3398 5455">
    <p class='ocr_par' dir='ltr' id='par_1_65' title="bbox 1835 5382 3398 5455">
     <span class='ocr_line' id='line_1_65' title="bbox 1835 5382 3398 5455; baseline 0 -16"><span class='ocrx_word' id='word_1_352' title='bbox 1835 5382 1964 5450; x_wconf 76' lang='lat' dir='ltr'><strong>fuit,</strong></span> <span class='ocrx_word' id='word_1_353' title='bbox 2018 5388 2114 5437; x_wconf 90' lang='lat' dir='ltr'><strong>aut</strong></span> <span class='ocrx_word' id='word_1_354' title='bbox 2163 5384 2466 5453; x_wconf 76' lang='lat' dir='ltr'><strong>neglectum</strong></span> <span class='ocrx_word' id='word_1_355' title='bbox 2484 5425 2505 5452; x_wconf 15' lang='grc' dir='ltr'><strong>,Α</strong></span> <span class='ocrx_word' id='word_1_356' title='bbox 2550 5384 2694 5454; x_wconf 83' lang='lat' dir='ltr'><strong>quod</strong></span> <span class='ocrx_word' id='word_1_357' title='bbox 2737 5383 2990 5455; x_wconf 89' lang='lat' dir='ltr'><strong>plurimis</strong></span> <span class='ocrx_word' id='word_1_358' title='bbox 3031 5385 3398 5455; x_wconf 85' lang='lat' dir='ltr'><strong>suspicionem</strong></span> 
     </span>
    </p>
   </div>
   <div class='ocr_carea' id='block_1_66' title="bbox 1839 5475 3403 5547">
    <p class='ocr_par' dir='ltr' id='par_1_66' title="bbox 1839 5475 3403 5547">
     <span class='ocr_line' id='line_1_66' title="bbox 1839 5475 3403 5547; baseline -0.001 -14"><span class='ocrx_word' id='word_1_359' title='bbox 1839 5477 2009 5533; x_wconf 88' lang='lat' dir='ltr'><strong>movit</strong></span> <span class='ocrx_word' id='word_1_360' title='bbox 2060 5475 2488 5547; x_wconf 89' lang='lat' dir='ltr'><strong>suppositionis,</strong></span> <span class='ocrx_word' id='word_1_361' title='bbox 2533 5476 2783 5547; x_wconf 88' lang='lat' dir='ltr'><strong>plurimis</strong></span> <span class='ocrx_word' id='word_1_362' title='bbox 2823 5478 3203 5538; x_wconf 82' lang='lat' dir='ltr'><strong>certitudinem</strong></span> <span class='ocrx_word' id='word_1_363' title='bbox 3252 5477 3403 5544; x_wconf 70' lang='lat' dir='ltr'><strong>dedit</strong></span> 
     </span>
    </p>
   </div>
   <div class='ocr_carea' id='block_1_67' title="bbox 1839 5567 3402 5638">
    <p class='ocr_par' dir='ltr' id='par_1_67' title="bbox 1839 5567 3402 5638">
     <span class='ocr_line' id='line_1_67' title="bbox 1839 5567 3402 5638; baseline 0 -15"><span class='ocrx_word' id='word_1_364' title='bbox 1839 5567 2133 5635; x_wconf 77' lang='lat' dir='ltr'><strong>falsitatis;</strong></span> <span class='ocrx_word' id='word_1_365' title='bbox 2160 5568 2304 5638; x_wconf 90' lang='lat' dir='ltr'><strong>quod</strong></span> <span class='ocrx_word' id='word_1_366' title='bbox 2336 5569 2606 5623; x_wconf 85' lang='lat' dir='ltr'><strong>catholica</strong></span> <span class='ocrx_word' id='word_1_367' title='bbox 2637 5567 2885 5624; x_wconf 84' lang='lat' dir='ltr'><strong>Ecclesia</strong></span> <span class='ocrx_word' id='word_1_368' title='bbox 2918 5585 2947 5623; x_wconf 90' lang='lat' dir='ltr'><strong>a</strong></span> <span class='ocrx_word' id='word_1_369' title='bbox 2994 5585 3209 5629; x_wconf 88' lang='lat' dir='ltr'><strong>canone</strong></span> <span class='ocrx_word' id='word_1_370' title='bbox 3248 5568 3402 5624; x_wconf 87' lang='lat' dir='ltr'><strong>Scri-</strong></span> 
     </span>
    </p>
   </div>
   <div class='ocr_carea' id='block_1_68' title="bbox 1837 5659 3403 5732">
    <p class='ocr_par' dir='ltr' id='par_1_68' title="bbox 1837 5659 3403 5732">
     <span class='ocr_line' id='line_1_68' title="bbox 1837 5659 3403 5732; baseline 0 -17"><span class='ocrx_word' id='word_1_371' title='bbox 1837 5668 2123 5732; x_wconf 89' lang='lat' dir='ltr'><strong>pturarum</strong></span> <span class='ocrx_word' id='word_1_372' title='bbox 2153 5659 2461 5715; x_wconf 86' lang='lat' dir='ltr'><strong>divinarum</strong></span> <span class='ocrx_word' id='word_1_373' title='bbox 2490 5660 2766 5729; x_wconf 60' lang='lat' dir='ltr'><strong>excludit;</strong></span> <span class='ocrx_word' id='word_1_374' title='bbox 2812 5660 2956 5730; x_wconf 90' lang='lat' dir='ltr'><strong>quod</strong></span> <span class='ocrx_word' id='word_1_375' title='bbox 3000 5662 3235 5732; x_wconf 87' lang='lat' dir='ltr'><strong>denique</strong></span> <span class='ocrx_word' id='word_1_376' title='bbox 3277 5676 3403 5717; x_wconf 76' lang='lat' dir='ltr'><strong>sex-</strong></span> 
     </span>
    </p>
   </div>
   <div class='ocr_carea' id='block_1_69' title="bbox 1837 5754 3402 5835">
    <p class='ocr_par' dir='ltr' id='par_1_69' title="bbox 1837 5754 3402 5835">
     <span class='ocr_line' id='line_1_69' title="bbox 1837 5754 3402 5835; baseline 0.001 -24"><span class='ocrx_word' id='word_1_377' title='bbox 1837 5762 1995 5823; x_wconf 86' lang='lat' dir='ltr'><strong>centa</strong></span> <span class='ocrx_word' id='word_1_378' title='bbox 2025 5754 2415 5835; x_wconf 82' lang='lat' dir='ltr'><strong>complectitur</strong></span> <span class='ocrx_word' id='word_1_379' title='bbox 2440 5769 2566 5809; x_wconf 89' lang='lat' dir='ltr'><strong>cum</strong></span> <span class='ocrx_word' id='word_1_380' title='bbox 2596 5755 2842 5817; x_wconf 65' lang='lat' dir='ltr'><strong>veritate.</strong></span> <span class='ocrx_word' id='word_1_381' title='bbox 2882 5771 3004 5813; x_wconf 85' lang='lat' dir='ltr'><strong>cum</strong></span> <span class='ocrx_word' id='word_1_382' title='bbox 3029 5754 3402 5813; x_wconf 74' lang='lat' dir='ltr'><strong>verisimilitu-</strong></span> 
     </span>
    </p>
   </div>
  </div>
