3900 6334
531 288 635 347 5H

1387 273 1448 330 s.
1481 268 1874 331 CLEMENTIS
1908 267 1929 322 ι
1964 264 2132 322 non.
2168 261 2370 320 pom.
2407 260 2635 320 0mm
2668 232 2891 319 cum.
3608 274 3687 332 ει,

530 408 661 464 dine
689 389 1015 476 pugnantia,
1061 394 1367 452 recentiora
1400 391 1740 462 temporibus
1769 385 2110 458 apostolicis,
2140 393 2187 443 Α
2218 397 2326 435 non
2359 392 2466 437 tam
2500 396 2653 437 suam
2675 421 2689 445 ,
2719 396 2880 450 quam
2908 377 3125 434 Eusebii
3160 380 3396 450 proponit
3415 384 3690 446 opinionem.

531 508 699 571 atque
729 496 800 550 ab
831 488 1136 564 apostolico
1164 487 1487 541 charactere
1510 479 1898 537 remotissima.

602 570 713 647 Nec
754 588 935 643 minus
985 596 1176 638 verum
1224 585 1330 641 est,
1383 577 1638 645 antiquas
1685 570 2107 628 constitutiones

533 687 708 743 dictas
728 678 1119 751 apostolorum,
1140 679 1260 743 post
1281 668 1730 738 compositionem
1760 680 1913 720 suam
1939 663 2107 717 inter-

532 776 894 855 polatricibus
917 769 1173 825 manibus
1215 761 1582 831 subjacuisse.
1613 758 1670 813 Id
1708 758 1853 812 clare
1879 756 2107 810 demon-

535 851 714 931 strant
751 871 870 923 loca
896 865 1064 918 citata
1111 876 1141 913 a
1192 858 1255 912 B.
1313 851 1642 925 Epiphanio,
1689 856 1740 905 et
1798 864 1829 903 a
1882 853 2107 918 parente

534 960 720 1031 Operis
762 955 1053 1027 imperfecti
1096 955 1152 1010 in
1197 951 1538 1008 Matthazum;
1583 955 1817 1011 quorum
1848 939 2106 1009 pleraque

533 1065 682 1107 nunc
711 1047 912 1119 partim
942 1057 1055 1097 non
1097 1045 1317 1095 exstant
1340 1076 1356 1101 ,
1390 1036 1587 1106 partim
1617 1048 1742 1087 cum
1770 1045 1965 1100 magna
1994 1028 2095 1084 dif-

533 1142 764 1199 ferentia
796 1138 1088 1193 verborum
1114 1138 1168 1186 et
1200 1143 1459 1185 sensuum
1489 1127 1759 1196 leguntur.
1810 1122 1987 1191 Atque
2036 1119 2105 1174 ob

532 1254 653 1294 eam
688 1226 1121 1302 interpolationis
1155 1224 1353 1278 famam
1382 1219 1553 1273 Graeci
1572 1218 1627 1272 in
1656 1216 1844 1271 Trullo
1878 1227 2108 1283 congre-

534 1330 645 1401 gati
676 1324 1023 1398 proﬁtentur,
1060 1308 1855 1378 canone2,Constitutionibus
1884 1313 2105 1375 aposto-

534 1426 710 1479 lorum
732 1413 1089 1474 Clementinis
1107 1413 1215 1483 jam
1227 1409 1357 1464 olim
1371 1408 1444 1462 alt
1469 1404 1742 1461 haereticis
1769 1403 1876 1457 vim
1906 1402 2102 1454 factam

535 1532 633 1587 per
652 1510 913 1568 nonnulla
938 1506 1188 1574 malaque
1207 1500 1596 1556 additamenta.
1614 1496 1720 1551 Sed
1737 1493 1882 1565 quod
1908 1492 2105 1546 merito

534 1602 1016 1670 mirere,Pbotius,
1042 1592 1493 1664 diligentissimus
1516 1584 1893 1657 hujuscemodi
1921 1598 2103 1639 rerum

538 1697 920 1767 investigator,
980 1696 1160 1759 neque
1218 1682 1646 1758 depravationis,
1691 1692 1868 1748 neque
1912 1674 2102 1746 judicii

537 1788 787 1845 Trullani
812 1783 1143 1840 mentionem
1193 1779 1344 1841 facit,
1377 1775 1582 1830 nostris
1618 1771 1898 1838 διαταγαῖς
1949 1766 2110 1821 beni-

535 1884 715 1955 gnior,
738 1872 1196 1949 quemadmodum
1233 1877 1288 1924 et
1328 1868 1546 1922 Nicetas
1584 1864 1903 1919 Pectoratus
1945 1866 2111 1929 atque

539 1972 806 2042 Georgius
831 1967 1132 2023 Cedrenus.
1161 1961 1370 2032 Quippe
1400 1960 1492 2031 qui
1514 1967 1719 2013 sextam
1761 1968 1915 2010 suam
1943 1967 2110 2021 syno-

538 2066 668 2121 dum
735 2062 1023 2117 videantur
1064 2054 1339 2126 sprevisse
1366 2093 1380 2116 ,
1423 2062 1476 2107 et
1525 2051 1580 2104 in
1627 2043 2111 2102 constitutionibus

538 2157 745 2213 nullam
777 2151 1065 2223 agnovisse
1096 2145 1523 2216 corruptionem.

609 2245 765 2314 Quod
789 2254 966 2299 autem
979 2243 1268 2307 Διαταγαῖς
1289 2237 1393 2289 τῶν
1415 2230 1725 2288 ἀποστόλων
1752 2227 1839 2283 διὰ
1865 2226 1981 2298 Κλή
1991 2243 2114 2297 μεν-

540 2358 632 2403 τος
665 2339 808 2393 l'avet
831 2336 1083 2397 Photius,
1112 2346 1277 2386 causa
1308 2345 1415 2384 non
1444 2335 1529 2383 est
1557 2326 1741 2380 odium
1772 2324 1827 2377 in
1859 2321 2111 2385 Latinos;

542 2432 744 2503 quibus
773 2429 995 2498 iniquus
1032 2426 1085 2479 in
1108 2421 1475 2494 Μυριοϐίϐλῳ
1495 2433 1603 2473 non
1633 2422 1898 2487 apparet,
1927 2418 2116 2481 utpote

542 2532 678 2580 tunc
702 2522 1039 2578 orthodoxus
1062 2524 1116 2571 et
1139 2512 1477 2579 catholicus;
1502 2525 1628 2565 cum
1654 2516 1847 2562 contra
1869 2504 2117 2559 Trullani

543 2616 813 2688 episcopi,
838 2613 1045 2667 Latinae
1073 2606 1329 2663 Ecclesiae
1351 2604 1538 2658 hostes
1566 2599 1709 2654 haud
1724 2597 1895 2660 dubii,
1925 2595 2116 2650 iisdem

544 2687 819 2773 διατάξεσι
835 2706 1052 2775 nigrum
1099 2688 1251 2756 theta
1282 2695 1632 2769 przeﬁxerint.
1659 2692 1837 2747 Causa
1866 2695 1970 2752 est,
1993 2687 2118 2742 libri

545 2799 883 2874 praestantia,
914 2804 969 2851 et
1000 2794 1138 2848 forte
1161 2789 1451 2860 Epiphanii
1489 2786 1815 2842 encomium.
1847 2781 2005 2836 Certe
2047 2779 2116 2843 si,

548 2871 1010 2966 quemadmodum
1039 2883 1337 2939 verisimile
1378 2880 1456 2948 ﬁt,
1496 2875 1828 2933 existimavit
1865 2871 2116 2934 Photius,

546 2983 987 3043 Constitutiones
1050 2992 1189 3047 opus
1235 2989 1356 3029 esse
1406 2978 1565 3026 vetus
1602 2983 1665 3023 ac
1710 2966 1963 3037 probum,
2017 2962 2119 3018 sub

549 3076 772 3133 nomine
801 3071 1171 3145 apostolorum
1195 3078 1248 3123 et
1270 3063 1567 3122 Clementis
1590 3061 1908 3122 conﬁctum,
1941 3055 2118 3111 tribus

549 3166 1069 3242 reprehensionibus
1083 3164 1255 3232 iisque
1270 3176 1376 3215 non
1390 3154 1775 3213 insolubilibus
1796 3150 2115 3214 obnoxium,

550 3259 981 3322 κακοπλαστὶας,
1014 3253 1467 3312 contumeliarum
1500 3243 1925 3303 Deuteronomio
1950 3240 2123 3295 facta-

552 3372 700 3421 rum,
731 3361 787 3410 et
809 3349 1136 3416 Arianismi;
1165 3362 1275 3401 non
1306 3343 1545 3412 intelligo
1572 3356 1671 3395 cur
1695 3337 1831 3392 adeo
1853 3332 2122 3403 culpanda

551 3454 779 3519 putetur
809 3444 958 3499 illius
985 3441 1199 3497 critica.
1237 3436 1313 3491 lta
1350 3433 1507 3489 fateri
1540 3432 1630 3485 ille
1661 3427 1858 3500 poterit
1885 3423 2029 3495 quod
2067 3423 2121 3477 in

551 3516 613 3597 re
634 3549 739 3606 est,
770 3539 839 3593 ab
877 3536 1105 3605 antiquo
1136 3531 1355 3587 homine
1384 3542 1491 3582 non
1522 3524 1764 3585 indocto,
1805 3528 1860 3573 at
1890 3516 2124 3588 ﬁngendi

552 3632 688 3689 satis
719 3627 996 3699 imperito,
1029 3640 1130 3681 nec
1153 3637 1366 3692 semper
1406 3616 1612 3681 veraci,
1641 3615 1698 3670 in
1728 3614 1905 3667 lucem
1937 3609 2122 3681 prola-

552 3735 639 3780 tos
677 3721 851 3777 fuisse
882 3728 1006 3790 post
1035 3714 1395 3787 apostolicum
1428 3708 1688 3765 sacculum
1728 3704 1898 3759 libros
1947 3699 2123 3771 pluri-

553 3817 660 3871 mis
707 3809 1183 3881 inconsequentiis
1208 3822 1272 3861 ac
1317 3798 1818 3861 inconsiderantiis,
1844 3793 2124 3850 nonnullis

555 3908 841 3965 erroribus
868 3917 1175 3975 respersos,
1207 3901 1275 3955 de
1305 3894 1727 3955 Deuteronomio
1770 3892 2007 3954 incaute,
2057 3889 2126 3945 de

555 4009 749 4058 sancta
778 4007 832 4055 et
858 3994 1141 4053 individua
1173 3990 1445 4046 Trinitate
1486 3984 1791 4057 periculose
1816 3982 2124 4051 loquentes.

557 4093 631 4151 Ut
656 4108 787 4150 vero
820 4090 1070 4160 suspicer
1085 4082 1524 4144 Constitutiones
1557 4094 1587 4132 a
1628 4075 1822 4131 Photio
1850 4090 1959 4127 non
2003 4087 2127 4129 esse

557 4187 851 4242 attributas
882 4182 1130 4237 Romano
1158 4174 1465 4239 Clementi,
1503 4172 1633 4227 facit
1657 4179 1766 4225 tum
1800 4167 1979 4237 magni
2014 4166 2126 4221 Ma-

561 4280 721 4352 gistri
754 4274 1107 4335 existimatio,
1132 4278 1246 4325 tum
1277 4266 1422 4339 quod
1454 4266 1643 4321 eodem
1673 4264 1778 4319 loci
1813 4278 1920 4318 non
1954 4267 2126 4335 magis

559 4371 838 4442 abjudicat
878 4364 1178 4436 apostolico
1238 4360 1667 4434 Recognitiones,
1717 4373 1855 4428 quas
1896 4356 2126 4412 refertas

559 4467 719 4521 docet
752 4460 1028 4523 absurdis,
1052 4465 1105 4513 et
1125 4454 1455 4515 Arianismo,
1479 4466 1642 4522 quam
1655 4450 2082 4508 Constitutiones
2109 4468 2122 4505 :

560 4560 687 4631 quis
717 4564 897 4611 autem
929 4551 1117 4607 credat
1151 4550 1226 4603 ita
1274 4547 1480 4603 sentire
1527 4546 1704 4600 virum
1748 4543 2127 4599 doctissimum

560 4661 616 4711 et
644 4646 1150 4722 prudentissimum,
1178 4651 1235 4697 ut
1262 4642 1371 4696 tale
1394 4640 1657 4710 scriptum
1677 4652 1787 4691 non
1820 4644 1967 4707 putet
1990 4635 2129 4690 falso

561 4743 807 4802 auctoris
843 4740 1002 4794 titulo
1034 4736 1203 4815 fuisse
1232 4732 1523 4790 donatum?
1568 4739 1681 4785 tum
1727 4729 1960 4798 denique
2003 4726 2130 4797 quia

564 4838 707 4893 idem
734 4836 787 4889 in
816 4828 1143 4890 Praefatione
1171 4827 1239 4883 ad
1270 4825 1708 4880 Nomocanoncm
1761 4821 2013 4891 ambigue
2063 4820 2131 4876 de

564 4929 942 5001 apostolorum
991 4919 1295 4976 canonibus
1323 4918 1565 4981 disserit,
1598 4922 1657 4969 ut
1700 4921 1753 4970 et
1798 4915 1853 4969 in
1881 4915 1969 4970 his
1997 4914 2131 4983 ipsis

562 5020 917 5076 Bibliothecae
944 5013 1227 5071 codicibus
1268 5024 1404 5079 cxn,
1427 5022 1582 5065 cxm.
1610 5007 1877 5073 Quocirca
1932 5022 2132 5062 secun-

564 5115 694 5169 dum
747 5117 992 5166 nostram
1046 5104 1412 5175 suspicionem
1440 5140 1458 5164 .
1505 5101 1799 5155 Clementis
1825 5099 1972 5153 dicta
2002 5108 2131 5155 sunt

563 5205 760 5262 Photio
781 5220 844 5259 ea
868 5201 976 5256 duo
1001 5199 1235 5268 Scripta,
1259 5195 1517 5267 quoniam
1545 5192 1886 5248 Clementino
1913 5192 2134 5248 nomine

566 5298 827 5367 inscripta
858 5293 1188 5350 ferebantur.
1219 5287 1563 5357 Quanquam,
1588 5293 1646 5339 ut
1674 5284 1848 5339 dicam
1876 5284 2129 5354 ingenue,

564 5396 855 5445 contextus
913 5383 1198 5448 orationis,
1254 5387 1308 5435 et
1353 5393 1586 5435 censura
1634 5392 1756 5431 cum
1812 5376 2133 5445 posterioris

566 5482 810 5552 epistola:
858 5477 1177 5539 Clementis,
1237 5483 1352 5527 tum
1395 5470 1778 5541 disputationis
1820 5468 1967 5525 Petri
2006 5484 2132 5524 cum

566 5577 797 5647 Apione,
825 5590 933 5627 non
966 5570 1296 5626 mediocrem
1344 5566 1563 5636 pariunt
1589 5563 1988 5619 difﬁcultatem.
2020 5562 2134 5617 Cur

571 5668 716 5721 enim
750 5681 854 5719 non
889 5664 1003 5734 pari
1029 5661 1189 5716 modo
1222 5658 1545 5730 proscripsit
1574 5654 2041 5711 Constitutionum
2072 5668 2135 5706 ac

574 5752 1007 5829 liccognitiouum
1044 5756 1237 5825 libros,
1265 5753 1365 5809 nisi
1384 5752 1526 5808 forte
1539 5751 1664 5823 quia
1684 5750 1736 5804 in
1751 5747 2121 5817 censurisjllis

2210 471 2317 529 Sed
2333 474 2400 529 de
2419 472 2614 527 Photio
2643 472 2926 526 hactenus.
2958 468 3066 524 Suo
3086 472 3305 541 quisque
3319 480 3487 527 utatur
3497 476 3696 536 arbitrio?

2280 605 2526 663 Veritate
2555 606 2743 672 etiam,
2773 606 2917 662 sicut
2953 613 3005 660 et
3029 606 3360 671 auctoritate,
3382 608 3602 665 nituntur
3622 630 3703 668 vae

2206 699 2303 753 riae
2327 700 2494 768 hujus
2513 698 2809 770 apocryphi
2837 698 3238 768 appellationes,
3261 698 3568 771 διατάγματα
3597 704 3701 759 ἀπο-

2207 793 2406 847 στόλων
2435 808 2530 848 seu
2551 790 2902 853 ἁποστολικά,
2918 790 3025 843 τῶν
3049 790 3345 844 ἀποστόλων
3368 807 3453 848 seu
3474 794 3702 851 ἀποστολι-

2205 886 2300 939 καὶ
2311 884 2576 948 διατάξεις
2588 894 2679 937 aut
2689 880 2960 951 διαταγαί,
2983 881 3229 951 διαταγαὶ
3248 885 3326 938 vel
3337 883 3574 949 διατάξεις
3589 888 3702 959 liii;-

2209 975 2618 1050 psv'cogsiveSta
2631 976 2746 1045 Κλή
2756 974 3083 1045 μεντος,τῶν
3104 974 3395 1027 ἀποστόλων
3405 975 3482 1028 διὰ
3502 977 3704 1047 Κλήμεν-

2203 1072 2296 1132 τος
2322 1066 2587 1131 διατάξεις
2601 1073 2695 1120 aut
2713 1065 2985 1134 διαταγαί,
3009 1073 3063 1120 et
3080 1065 3386 1128 ὸκτάϐιὸλος
3406 1066 3669 1136 Κλήμεντος
3692 1089 3701 1122 :

2205 1160 2333 1215 item
2369 1156 2627 1222 διάταξις,
2665 1157 3004 1221 διδασκαλία,
3034 1156 3288 1228 καθολικὴ
3320 1156 3628 1222 διδασκαλία,
3668 1168 3706 1214 ct

2206 1250 2427 1313 κανόνες
2450 1249 2564 1305 sive
2593 1248 2719 1303 libri
2750 1244 3025 1301 (Iunonum
3049 1243 3416 1317 apostolorum.
3440 1248 3587 1319 Cujus
3607 1266 3703 1320 pos.

2205 1342 2362 1396 tremi
2376 1340 2614 1395 nominis
2643 1340 2846 1394 mentio
2870 1354 3108 1411 quoque,
3124 1339 3265 1409 apud
3276 1337 3643 1403 (Ecumenium,
3658 1344 3707 1397 ad

2202 1436 2463 1490 Actorum
2485 1435 2657 1498 Ix,l0,
2672 1434 2775 1487 hoc
2798 1432 2978 1498 modo,
3008 1434 3101 1486 καὶ
3128 1427 3281 1493 οὗτος
3298 1432 3325 1483 ό
3340 1432 3559 1495 Ἀνανίας
3578 1433 3710 1486 διάκο-

2186 1530 2293 1590 νος
2315 1523 2382 1599 ἦν
2414 1527 2488 1589 ὡς
2507 1525 2669 1588 αὐτὸς
2691 1524 2901 1588 Παῦλος
2932 1527 3197 1596 μαρτυρεῖ
3223 1525 3278 1575 ὲν
3303 1526 3409 1587 τοῖς
3434 1524 3612 1579 κανόσι.
3630 1524 3708 1579 Sed

2206 1634 2330 1675 cum
2354 1618 2519 1689 hujus
2539 1617 2795 1673 editionis
2812 1617 2953 1688 typis
2975 1625 3215 1671 veterum
3236 1615 3523 1670 testimonia
3538 1616 3709 1669 manda-

2140 1727 2182 1781 Β
2213 1721 2428 1776 rentur,
2464 1711 2709 1767 nondum
2734 1717 3050 1766 occurrerat
3078 1710 3259 1775 locus;
3283 1707 3348 1763 de
3375 1724 3475 1778 quo
3501 1708 3601 1762 vide
3622 1725 3709 1779 qua:

2212 1804 2484 1859 adnotabo
2506 1803 2574 1858 ad
2595 1804 2718 1857 libri
2735 1819 2807 1857 vn
2854 1810 3016 1872 caput
3042 1801 3133 1856 46.
3161 1801 3418 1856 Caeterum
3440 1817 3501 1855 an
3526 1799 3709 1857 Joannes

2211 1895 2581 1951 Damascenus
2608 1893 2933 1950 Orthodoxa:
2946 1895 3072 1961 ﬁdei
3090 1894 3184 1947 lib.
3207 1909 3278 1953 ιν.
3309 1908 3423 1962 cap.
3452 1892 3712 1961 l8,quando

2212 2002 2455 2041 canones
2502 1988 2876 2057 apostolorum
2929 2002 3025 2056 per
3073 1985 3401 2040 Clementem
3442 1986 3594 2039 editos
3620 2000 3709 2037 cum

2212 2076 2412 2133 divinis
2452 2077 2823 2132 voluminibus
2856 2084 3206 2143 annumerat,
3230 2076 3631 2138 constitutiones,
3653 2076 3712 2129 vel

2213 2169 2480 2225 duntaxat
2509 2185 2749 2226 canones
2793 2169 3284 2225 constitutionibus
3323 2170 3573 2224 subnexos
3597 2168 3713 2220 intel-

2213 2260 2369 2332 ligat,
2404 2261 2575 2332 qnaari
2606 2271 2804 2333 potest.
2840 2259 3020 2315 Malim
3053 2261 3304 2330 accipere
3345 2259 3408 2315 de
3447 2258 3565 2315 solis
3591 2273 3713 2312 cano-

2214 2356 2379 2411 nibus
2402 2374 2417 2422 ;
2439 2370 2546 2426 quo
2576 2355 2768 2426 majori
2799 2362 2952 2425 parte
2980 2352 3189 2408 erroris
3214 2353 3295 2408 vir
3324 2361 3531 2407 sanctus
3556 2360 3601 2404 et
3644 2350 3713 2403 do-

2217 2457 2339 2504 ctus
2373 2450 2715 2515 sublevetur;
2767 2457 2821 2504 et
2858 2449 2984 2519 quia
3016 2448 3196 2502 rarior
3225 2446 3394 2517 prima
3421 2443 3715 2513 acceptio;et

2220 2553 2442 2612 propter
2457 2541 2750 2597 Trullanos
2761 2540 2971 2606 Patres,
2986 2556 3219 2610 quorum
3240 2539 3542 2593 sententiam
3555 2534 3713 2589 videtur

2220 2642 2462 2689 secutus.
2498 2633 2651 2689 Adde
2678 2633 2823 2703 quod
2852 2633 3095 2703 ejusdem
3128 2632 3253 2686 libri
3291 2645 3407 2700 cap.
3442 2629 3520 2692 15,
3560 2641 3714 2680 morem

2219 2726 2485 2780 adorandi
2513 2725 2579 2780 ad
2609 2725 2883 2781 Orientem
2911 2724 3078 2780 refert
3101 2724 3172 2779 ad
3193 2723 3525 2777 traditionem
3548 2706 3713 2788 aposto-

2221 2818 2398 2873 lorum
2429 2834 2538 2873 non
2579 2819 2875 2888 seriptam;
2925 2833 3048 2871 cum
3079 2824 3263 2871 tamen
3303 2816 3349 2871 is
3383 2829 3494 2869 mos
3533 2812 3716 2881 scriptus

2221 2913 2524 2981 reperiatur
2551 2912 2604 2966 in
2627 2909 3147 2967 Constitutionibus.

2147 3057 2192 3120 ο
2292 3023 2411 3079 1am
2442 3040 2570 3079 vero
2592 3031 2789 3094 praeter
2818 3038 2983 3094 supra
3022 3022 3189 3076 dictis
3223 3018 3363 3075 veris
3390 3012 3629 3087 opposita,
3649 3010 3719 3066 fal-

2222 3133 2343 3173 sum
2366 3118 2528 3173 etiam
2556 3124 2660 3185 est,
2694 3125 2972 3172 auctorem
2995 3114 3465 3171 Constitutionum
3490 3116 3627 3177 atque
3650 3104 3719 3157 Re-

2219 3207 2572 3278 cognitionum
2620 3208 2871 3263 eumdem
2921 3222 3069 3263 esse.
3115 3204 3390 3261 Habemus
3416 3199 3577 3256 Photii
3610 3191 3720 3265 judi-

2221 3297 2390 3361 cium,
2415 3298 2508 3368 qui
2532 3299 2950 3369 praerogativam
2993 3297 3214 3368 quidem
3264 3294 3491 3350 sanioris
3517 3285 3724 3343 doctrina

2220 3389 2413 3442 tribuit
2447 3392 2620 3459 primo
2647 3390 2915 3461 operi;at
2944 3387 3294 3458 eloquentiae,
3337 3400 3397 3439 ac
3446 3376 3723 3457 polymathia

2222 3480 2625 3550 posteriori.Et
2650 3482 2773 3552 quis
2821 3496 2930 3535 non
2961 3481 3106 3536 videt
3155 3479 3306 3533 illius
3360 3475 3645 3543 scriptorem
3666 3466 3723 3520 ri-

2222 3586 2343 3625 rum
2372 3572 2543 3629 fuisse
2575 3580 2891 3629 sanctarum
2914 3572 3339 3642 ‘Scripturarum
3365 3568 3641 3632 rituumque
3661 3573 3722 3613 ec-

2222 3664 2656 3721 clcsiasticorum
2714 3664 3183 3730 scientissimum;
3246 3661 3409 3731 hujus
3442 3698 3457 3723 ,
3508 3654 3725 3712 hominem

2223 3756 2279 3812 in
2317 3758 2385 3814 iis
2436 3758 2755 3813 rudiorem?
2811 3757 2928 3812 Huc
2966 3755 3180 3811 accedit
3226 3753 3370 3825 quod
3422 3767 3522 3807 non
3563 3756 3726 3815 semper

2222 3852 2557 3907 conveniunt
2597 3851 2853 3921 dogmata
2902 3851 3211 3922 utriusque.
3256 3848 3417 3905 Verbi
3447 3842 3601 3917 gratia
3626 3837 3729 3894 Coa-

2224 3944 2425 4003 stitut..
2459 3944 2553 3998 lib.
2586 3958 2705 4009 vm,
2735 3958 2854 4011 cap.
2896 3942 2965 3997 46
2987 3983 3001 4008 ,
3040 3943 3185 4003 inter
3222 3943 3460 4000 inanima
3497 3946 3731 3992 recensen-

2225 4042 2314 4089 tur
2342 4036 2447 4100 sol,
2482 4036 2629 4102 luna,
2655 4034 3055 4099 stellze;contra
3089 4037 3361 4111 ftecognit.
3380 4035 3469 4089 lib.
3492 4046 3541 4094 v,
3562 4021 3729 4095 cap.l6.

2227 4126 2322 4182 Sic
2355 4128 2482 4199 (alia
2504 4128 2789 4200 praetereo)
2815 4128 3130 4183 Ebionitica:
3170 4120 3591 4196 Ἀναγνωρισμοῦ
3615 4115 3733 4172 lotio-

2225 4234 2345 4284 nes,
2386 4220 2441 4274 in
2471 4219 2729 4292 καθολικῇ
2748 4219 3063 4290 διδασκαλίᾳ
3083 4219 3529 4273 condemnantur.

2305 4353 2595 4423 Perperam
2651 4370 2870 4426 quoque
2923 4353 3338 4409 confunduntur
3373 4345 3736 4407 Constitutiones

2230 4461 2355 4499 cum
2394 4446 2753 4504 Clementittis.
2780 4446 2977 4516 Aperte
2989 4445 3257 4516 siquidem
3282 4460 3348 4500 ac
3375 4447 3574 4499 exserte
3592 4434 3737 4493 distin-

2228 4539 2346 4610 guit
2410 4538 2754 4608 Nicephorus
2819 4538 3074 4593 Historia:
3127 4536 3491 4592 ecclesiastij
3546 4532 3626 4585 lib.
3672 4538 3732 4585 ut.

2231 4645 2355 4700 cap.
2390 4630 2479 4685 18.
2511 4629 2622 4686 Nec
2668 4631 2800 4686 sinit
2858 4631 3112 4686 hmsitare
3162 4646 3404 4701 praesens
3449 4627 3614 4689 editio,
3647 4631 3736 4690 (1⁸⁷⁸

2230 4735 2525 4795 utrumque
2558 4723 2916 4795 σύγγραμμα,
2962 4738 3026 4777 ac
3060 4723 3337 4794 posterius
3383 4736 3521 4777 nunc
3554 4717 3737 4789 primum

2232 4816 2634 4887 complectitur.
2666 4815 2825 4869 Errat
2872 4815 3055 4870 itidem
3103 4814 3438 4871 Humbertus
3469 4804 3736 4867 Cardinalis,

2232 4910 2360 4968 dum
2376 4909 2759 4963 Ordinationes
2774 4923 2869 4963 seu
2889 4906 3344 4971 Constitutiones,
3360 4922 3390 4961 a
3406 4903 3576 4959 Nicela
3590 4898 3739 4952 Pecto-

2233 5011 2354 5057 rato
2382 5002 2649 5065 laudatas,
2686 4999 2753 5053 ad
2792 4998 3137 5054 ltinerarium
3164 4998 3311 5054 Petri
3358 4994 3574 5070 apostoli
3599 4999 3739 5043 trans-

2234 5097 2360 5160 fert,
2392 5110 2517 5149 cum
2549 5110 2658 5164 quo
2681 5093 2816 5147 nihil
2846 5107 3134 5147 commune
3156 5093 3374 5156 habent,
3398 5091 3544 5159 longe
3569 5083 3625 5138 de
3646 5077 3740 5133 aliis

2234 5190 2398 5244 rebus
2417 5202 2579 5258 quam
2608 5186 2678 5241 de
2708 5184 2852 5240 Petri
2886 5184 3413 5255 peregrinationibus
3444 5176 3736 5234 disserenleS-

2233 5281 2437 5336 Ansam
2460 5279 2666 5336 erroris
2702 5277 3001 5332 Humberto
3029 5276 3178 5332 dedit
3214 5272 3478 5347 ignoratio
3510 5267 3741 5328 utriusque

2235 5373 2557 5445 aPOCI'yphi,
2598 5372 2822 5441 solaque
2854 5370 3049 5425 notitia
3081 5345 3253 5438 hujus
3276 5360 3536 5421 Gelasiani
3557 5345 3738 5410 decreti,

2237 5466 2581 5526 ltinerarium
2610 5464 2814 5518 nomine
2844 5462 2991 5516 Petri
3028 5460 3274 5529 apostoli,
3319 5456 3453 5529 quod
3503 5448 3741 5519 appellat"

2235 5559 2406 5614 sancti
2435 5555 2716 5612 Ctemenlis
2755 5553 2876 5608 libri
2906 5552 3081 5607 decem
3111 5553 3210 5622 (ita
3247 5550 3450 5605 rectius
3474 5541 3620 5600 dubio
3644 5544 3741 5605 ι)Γο-

2237 5652 2324 5707 cul
2355 5651 2593 5719 antiquae
2614 5647 2903 5709 editiones,
2924 5660 3085 5715 quam
3110 5644 3439 5701 recentiores
3466 5646 3569 5692 octo
3589 5629 3657 5687 vel
3677 5640 3743 5678 no-

2235 5743 2363 5817 rem)
2386 5710 2759 5814 apocryplmm.
2790 5710 3069 5795 Creditum
3098 5735 3393 5803 Cardlnali,
3417 5731 3613 5786 Graecos
3636 5710 3741 5775 nihil
