3900 6334
201 326 301 382 513

912 286 915 289 ’
967 312 1562 392 CONSTITUTIONES
1594 335 2072 399 APOSTOLICE.
2104 374 2173 384 —
2208 344 2572 408 PROOEMIA.

3314 361 3421 420 5η

195 442 390 500 habere
417 442 643 500 nomine
671 445 966 536 Clementis
989 458 1376 520 praenotatum,
1415 458 1569 506 extra
1594 451 1762 509 ltine-
1786 460 1833 518 Α
1862 456 1918 511 in
1943 458 2063 515 loco
2103 466 2367 533 praeponit
2404 467 2916 536 pseudo-Clemens,
2976 471 3031 527 in
3085 473 3208 531 aliis
3238 479 3428 536 multis

192 535 391 590 rarium
421 534 570 591 Petri
595 544 651 592 et
674 535 912 593 Conone:
938 540 1314 608 apostolorum.
1331 573 1348 591 ι.

259 625 369 682 Sed
411 634 466 682 et
506 629 724 683 veritati
763 629 1105 697 adversatur,
1135 631 1597 690 Constitutionum
1630 650 1764 707 apo-

187 721 511 779 stolicarum
535 722 953 791 compositorem
986 739 1180 781 nomen
1203 726 1496 783 Clementis
1531 726 1761 786 Romani

184 810 290 864 sibi
346 828 459 868 non
510 817 900 886 assumpsisse.
943 816 1101 884 Quod
1145 835 1343 875 nomen
1386 829 1440 877 et
1489 822 1542 875 in
1582 821 1761 880 fronte

183 904 484 962 voluminis
513 906 792 977 praeﬁxum
808 909 1134 975 cernitur,et
1146 919 1447 967 assertores
1464 912 1622 968 habet
1634 929 1759 970 cum

181 999 515 1065 canonibus,
548 1000 921 1070 apostolorum
944 1002 1159 1067 ultimo,
1181 1010 1237 1057 et
1259 1002 1519 1059 Tru’llano
1539 1004 1595 1068 2,
1624 1004 1763 1062 Pho-

181 1087 342 1153 tium,
376 1088 624 1145 Nicetam
652 1090 1021 1159 Pectoratum,
1053 1094 1342 1161 Zonaram,
1364 1096 1613 1152 Alexium
1636 1098 1762 1154 Ari-

178 1182 415 1248 stinum,
449 1183 851 1252 Balsamonem,
898 1185 1211 1244 Matthzeum
1241 1190 1564 1258 Blastarem,
1600 1191 1762 1249 Nice-

177 1274 419 1342 phorum
450 1274 684 1341 Callisti,
708 1276 957 1332 Nicetam
988 1277 1332 1347 Serronium,
1362 1291 1494 1348 etc.,
1518 1284 1761 1356 refraga-

178 1373 362 1421 torem
391 1376 572 1423 autem
616 1384 681 1424 ex
735 1370 978 1440 antiquis
1018 1374 1316 1430 neminem.
1348 1372 1459 1430 Nec
1481 1375 1679 1429 mirum
1710 1377 1762 1432 si

177 1460 265 1529 qui
298 1462 679 1530 apostolorum
717 1462 970 1520 Diataxes
1018 1464 1333 1533 scribebat,
1387 1467 1758 1536 apostolorum

178 1569 479 1623 personam
516 1554 787 1622 induerit;
834 1554 1169 1612 Clementem
1203 1572 1357 1623 vero,
1397 1558 1501 1614 hoc
1536 1565 1644 1625 est,
1698 1567 1759 1615 ut

178 1648 328 1701 credi
356 1650 599 1714 volebat,
626 1664 705 1713 se,
748 1651 1023 1719 putaverit
1064 1651 1121 1705 in
1156 1650 1283 1706 libri
1309 1665 1540 1721 corpore
1572 1653 1758 1709 occul-

178 1741 428 1796 tandum.

244 1833 317 1887 At
361 1834 469 1889 ista
493 1834 629 1889 mihi
658 1835 911 1906 ambigua
938 1844 1087 1902 sunt,
1121 1853 1232 1908 quo
1258 1839 1492 1909 primum
1516 1848 1757 1911 tempore

178 1926 303 1981 libri
362 1925 826 1982 Constitutionum
890 1930 1523 2001 pseudoapostoliearum
1578 1934 1753 1989 lucem

177 2020 592 2090 conspexerint,
626 2021 846 2092 quando
871 2022 1181 2095 interpolati
1212 2025 1343 2089 sint,
1367 2042 1526 2096 quem
1551 2027 1756 2083 habue—

177 2113 287 2167 rint
318 2122 631 2182 parentem,
665 2131 823 2185 quem
857 2123 1255 2186 corruptorem,
1283 2126 1335 2173 et
1365 2119 1565 2190 quibus
1588 2120 1641 2174 in
1678 2121 1759 2175 lo-

178 2208 257 2261 cis
281 2207 491 2262 fuerint
518 2206 821 2278 depravati.
848 2206 1011 2263 Certo
1034 2209 1184 2275 novi,
1209 2209 1354 2279 quod
1387 2210 1597 2281 primus
1620 2212 1758 2266 scri—

178 2310 305 2371 ptor
331 2308 457 2371 post
485 2307 731 2370 tempora
764 2301 1069 2369 apostolica
1106 2309 1161 2357 et
1217 2309 1342 2357 ante
1392 2302 1756 2374 Epiphaniam

178 2392 419 2459 vixerit;
456 2391 551 2447 sed
584 2382 654 2446 an
685 2392 907 2463 propior
930 2392 1041 2448 illis
1062 2394 1147 2449 vel
1173 2394 1324 2462 huic,
1356 2395 1517 2465 plane
1544 2396 1756 2452 nescio.

177 2483 390 2554 Nempe
414 2482 635 2537 Patrum
680 2484 905 2540 secundi
954 2500 1018 2540 ac
1050 2486 1193 2541 tertii
1245 2488 1429 2543 saaculi
1480 2488 1757 2544 silentium

178 2594 287 2632 non
322 2585 408 2633 est
442 2586 570 2631 nota
600 2577 847 2642 indubia,
898 2593 1009 2633 non
1053 2579 1329 2635 exstitisse
1358 2596 1548 2636 eorum
1595 2590 1757 2638 aetate

178 2667 438 2724 Diataxes
466 2688 479 2722 :
501 2668 936 2739 quandoquidem
956 2672 1264 2743 apocrypha
1294 2672 1385 2727 diu
1412 2672 1753 2744 ignorantur,

180 2762 390 2816 diutius
430 2768 888 2828 contemnuntur;
922 2763 1066 2817 unde
1097 2764 1306 2818 incerta
1349 2765 1525 2819 solent
1554 2766 1757 2823 habere

180 2853 474 2924 principia.
510 2852 702 2907 Utrum
736 2854 899 2909 etiam
929 2854 976 2909 is
1006 2855 1059 2908 in
1090 2855 1278 2910 eodem
1309 2871 1373 2910 ac
1398 2856 1561 2913 Arius
1585 2861 1758 2915 haere-

180 2961 298 3000 seos
361 2945 479 2999 luto
530 2945 747 3001 bteserit
780 2986 794 3010 ,
840 2962 1034 3010 necne,
1098 2947 1282 3003 dicere
1339 2964 1449 3003 non
1504 2965 1771 3019 possum.-

181 3035 234 3091 S.
252 3037 599 3107 Epiphanius
620 3037 832 3092 laudem
862 3038 1203 3093 orthodoxia:
1229 3040 1277 3093 ei
1302 3041 1492 3095 tribuit
1515 3060 1529 3108 ;
1556 3050 1611 3096 et
1635 3058 1756 3112 quae

1863 555 2159 621 postponit.
2203 555 2568 615 Pbaznicenne
2606 563 2838 631 patriam
2868 565 3174 622 habuerunt
3197 570 3430 640 quicun-

1863 657 1969 712 que
2013 644 2206 701 iisdem
2247 649 2515 704 mensium
2554 654 2870 711 nominibus
2897 659 2983 713 usi
3051 660 3424 731 inveniuntur,

1861 736 2061 804 quibus
2095 738 2367 809 διαταγεῖς
2386 743 2600 799 nostri?

1928 829 2012 884 Ad
2053 831 2195 897 haec,
2237 834 2428 890 dubito
2463 836 2731 894 aﬁirmare
2773 856 2898 895 cum
2924 842 3057 898 viris
3091 844 3287 911 doctis,
3317 848 3428 904 τῶν

1860 923 2169 980 ἀποστόλων
2222 927 2438 1000 διδαχάς
2494 948 2587 987 seu
2641 933 2880 1005 διδαχὴν,
2926 937 3069 1006 apud
3131 938 3422 996 Eusebium

1862 1016 2007 1073 Hist.
2040 1019 2137 1076 lib.
2169 1036 2253 1085 ιιι,
2281 1037 2401 1092 cap.
2429 1023 2520 1088 25,
2552 1024 2910 1081 Athanasium
2954 1028 3009 1083 in
3034 1028 3271 1103 Epistola
3314 1033 3426 1090 fes-

1861 1107 1951 1161 tali
1981 1107 2072 1176 59,
2096 1116 2151 1164 et
2179 1110 2233 1164 in
2266 1107 2495 1181 Synopsi
2526 1130 2693 1168 saeue
2718 1113 3027 1185 Scriptura,
3059 1121 3103 1173 si
3136 1120 3280 1178 illius
3314 1135 3419 1188 est,

1858 1193 2220 1268 Nicephorum
2248 1200 2900 1274 Constantinopolitanum
2936 1207 2988 1260 in
3014 1211 3417 1280 Στιχομετρίςῑ,

1860 1287 1974 1357 (ubi
2003 1289 2166 1361 vulgo
2210 1291 2404 1361 legitur
2441 1294 2651 1366 διδαχή,
2681 1312 2803 1351 cum
2842 1302 3163 1368 ms.-codex,
3199 1304 3244 1357 si
3286 1304 3419 1360 ﬁdes

1861 1376 2055 1435 Joanni
2102 1379 2299 1447 Croio,
2355 1400 2473 1455 cap.
2527 1387 2552 1441 1
2610 1387 3045 1444 Observationum
3103 1395 3163 1446 in
3212 1394 3419 1448 Novum

1864 1467 2283 1541 Testamentum,
2335 1478 2589 1534 exhibeat
2633 1481 2903 1551 διαδοχαί,
2948 1485 3235 1539 manifesto
3271 1489 3420 1540 arbi—

1858 1577 1995 1632 tror,
2020 1568 2152 1623 vitio
2179 1584 2280 1639 pro
2301 1569 2533 1641 διδαχαί)
2549 1577 2602 1625 et
2616 1569 2979 1644 Nicephorum
2992 1570 3200 1625 Callisti
3220 1570 3424 1627 Eccles.

1860 1658 2030 1725 Hist.,
2060 1660 2156 1715 lib.
2186 1676 2249 1724 ιι,
2273 1676 2394 1731 cap.
2421 1660 2513 1726 46,
2536 1662 2809 1717 diversum
2867 1677 2989 1717 esse
3031 1678 3168 1733 opus
3209 1678 3239 1716 a
3279 1663 3426 1718 Con-

1859 1754 2237 1810 stitutionibus
2257 1755 2593 1824 apostolicis,
2610 1756 3013 1814 siveCatholica
3037 1756 3303 1811 doctrina.
3331 1756 3429 1811 Zo-

1860 1861 2023 1902 naras
2050 1846 2195 1902 enim
2242 1846 2309 1900 ad
2340 1863 2466 1901 mox
2523 1848 2723 1903 dictam
2769 1849 3053 1905 Athanasii
3100 1849 3425 1920 Epistolam,

1859 1937 2112 1993 laudatus
2140 1939 2209 1993 ab
2228 1939 2600 1994 eruditissimo
2630 1955 2694 1994 ac
2730 1940 3147 2011 diligentissimo
3174 1940 3422 2007 Usserio,

1860 2029 1917 2083 in
1949 2028 2354 2101 Prolegomenis
2384 2032 2738 2102 epistolarum
2768 2031 3193 2103 lgnatianarum,
3227 2050 3347 2104 cap.
3372 2035 3427 2101 7,

1858 2122 2060 2192 quique
2081 2130 2259 2177 exstat
2279 2123 2441 2178 etiam
2468 2123 2520 2177 in
2547 2139 2681 2179 mss.
2706 2124 2833 2189 277,
2857 2124 2980 2179 507.
3004 2123 3140 2194 Reg.
3167 2125 3425 2182 Bihlioth.

1858 2215 2101 2285 loquitur
2122 2217 2188 2271 ad
2225 2216 2371 2270 hunc
2405 2218 2626 2271 modum
2660 2236 2673 2271 :
2698 2216 2807 2287 Τὴν
2834 2217 2889 2270 δὲ
2916 2217 3132 2288 διδαχὴν
3160 2218 3266 2270 τῶν
3297 2221 3433 2271 ἀπο-

1860 2308 2079 2371 στόλων,
2109 2309 2252 2372 τινὲς
2279 2309 2525 2377 λέγουσιν
2562 2304 2700 2363 εἶναι
2739 2309 2838 2370 τὰς
2874 2309 2959 2363 διὰ
2993 2309 3086 2363 τοῦ
3118 2310 3432 2382 Κλήμεντος

1857 2402 2159 2472 γραφείσας
2185 2401 2292 2456 τῶν
2326 2400 2636 2454 ἀποστόλων
2666 2400 2952 2465 διατάξεις,
2991 2401 3057 2465 ἀς
3090 2404 3123 2473 ἡ
3164 2401 3430 2474 λεγομένη

1854 2493 1988 2564 ἕκτη
2018 2492 2231 2557 σύνοδος
2256 2492 2716 2561 ἀναγινώσκεσθαι
2744 2493 2805 2545 οὐ
2836 2497 3122 2565 συγχωρεῖ,
3152 2493 3225 2556 ὡς
3252 2493 3433 2546 νοθευ-

1858 2585 2041 2650 Θείσας
2061 2588 2153 2640 καὶ
2176 2585 2624 2657 παραφθαρείσας
2637 2586 2757 2627 ³⁹ο⁵⁸
2788 2584 2892 2638 ὑπὸ
2910 2585 3214 2656 αἱρετικῶν.
3229 2584 3428 2639 Conci-

1857 2680 2046 2750 nitque
2075 2680 2358 2735 Matthzeus
2388 2679 2684 2743 Blastares,
2717 2679 2975 2733 collector
2998 2678 3279 2733 Canonum
3309 2680 3427 2733 ine-

1855 2772 2025 2836 ditus,
2077 2773 2133 2827 in
2182 2773 2473 2827 multorum
2525 2771 2869 2826 bibliothecis
2922 2772 3117 2835 latens,
3163 2771 3340 2826 littera
3375 2770 3427 2840 β,

1857 2881 1977 2935 cap.
2009 2866 2092 2930 ll,
2123 2865 2213 2920 ubi
2244 2865 2311 2919 de
2336 2864 2394 2919 S.
2418 2864 2703 2919 Athanasii
2732 2865 2872 2926 loco,
2897 2864 2984 2918 his
3014 2864 3192 2919 verbis
3220 2884 3232 2918 :
3264 2863 3432 2928 ’Ἐξω-

1857 2958 1947 3012 Θεν
1984 2959 2042 3013 δὲ
2090 2959 2197 3011 τῶν
2233 2958 2660 3029 κανονιζομένων
2708 2952 2844 3009 εἷναί
2894 2972 3046 3026 φησι,
3090 2955 3186 3027 τὴν
3233 2957 3430 3026 Σοφίαν

1856 3051 2217 3122 Σολομῶντος,
2246 3059 2377 3113 etc.,
2396 3050 2486 3103 τὸν
2515 3050 2774 3120 Ποιμένα,
2807 3048 2901 3102 καὶ
2947 3049 3043 3120 τὴν
3082 3048 3296 3119 διδαχὴν
3324 3048 3431 3101 τῶν

181 3129 230 3182 in
268 3143 445 3198 opere
476 3127 677 3181 Ariana
709 3129 985 3195 videntur,
1012 3130 1151 3185 forte
1184 3131 1559 3203 interpolatori
1590 3137 1752 3190 tribui

1864 3144 2025 3213 ἀγίων
2052 3143 2379 3197 ἀποστόλωψ
2403 3141 2603 3211 ταύτην
2631 3141 2685 3194 δὲ
2711 3144 2744 3211 ἠ
2767 3140 2896 3210 ἕκτη
2920 3140 3129 3203 σύνοδος
3150 3140 3427 3210 ὴθέτησεν.

182 3221 400 3286 debent,
438 3229 499 3275 ut
524 3236 552 3273 a
576 3220 849 3277 Trullanis
874 3232 1160 3292 censetur;
1182 3225 1321 3281 forte
1344 3227 1583 3299 ἀρχαῖκά
1605 3240 1753 3295 sunt,

181 3310 582 3370 heretica'non
612 3325 759 3379 sunt,
800 3314 1123 3386 depellique,
1158 3318 1282 3372 licet
1319 3334 1460 3390 aegre
1485 3361 1498 3381 ,
1526 3331 1756 3389 possunt

181 3411 333 3479 juxta
372 3415 611 3464 mentem
654 3404 857 3464 Photii.
908 3406 1050 3473 Quid
1094 3418 1277 3465 tamen
1313 3412 1361 3465 si
1390 3411 1757 3483 Epiphanium

182 3504 466 3574 deceperit
518 3502 749 3558 titulus?
805 3500 852 3558 si
902 3501 1231 3583 catholicum
1272 3506 1561 3574 putaverit,
1614 3508 1758 3577 quod

184 3598 549 3667 apostolicum
565 3597 908 3661 autumabat,
936 3613 1041 3653 nec
1064 3597 1434 3654 inexcusabile
1454 3600 1762 3655 videbatur?

180 3688 295 3743 Jam
346 3688 789 3758 interpolationis
837 3698 1099 3745 centones
1140 3690 1312 3759 ignoti
1371 3689 1591 3745 fuerunt
1634 3690 1761 3762 Epi-

182 3778 412 3842 phanio,
440 3785 496 3831 et
524 3777 774 3846 scriptori
802 3775 987 3844 Operi:
1010 3779 1301 3847 imperfecti
1331 3782 1383 3833 in
1408 3780 1716 3836 Matt/meum
1733 3801 1754 3847 ,-

186 3870 296 3923 noti
348 3868 641 3922 Anastasio
681 3866 1021 3922 Antiocheno
1045 3868 1405 3933 Quaestionum
1427 3890 1488 3925 ac
1517 3873 1751 3945 Respon-

184 3963 398 4014 sionum
448 3958 696 4013 auctori:
742 3974 852 4028 quo
900 3969 1079 4015 autem
1126 3969 1366 4031 tempore
1409 3967 1643 4031 primum
1689 3982 1755 4022 ex

181 4055 351 4108 otiosi
375 4053 614 4110 hominis
644 4053 864 4110 ofﬁcina
888 4056 1251 4121 manaverint,
1276 4056 1529 4111 similiter
1557 4074 1666 4113 non
1695 4062 1761 4114 li-

180 4155 337 4216 quet.
363 4144 671 4201 Obscurum
701 4156 962 4218 praterea
995 4143 1140 4219 quod
1164 4148 1337 4210 aiunt.
1362 4148 1453 4203 alii
1482 4150 1551 4203 ab
1572 4154 1758 4206 eadem

182 4257 355 4295 manu
382 4241 715 4296 mutationes
739 4242 794 4295 in
836 4239 1046 4312 lgnatio
1073 4250 1127 4296 et
1165 4241 1220 4293 in
1262 4239 1760 4299 Constitutionibus

184 4334 483 4403 prodiisse,
530 4334 622 4387 alii
647 4349 675 4387 a
713 4332 1013 4387 Diataxeon
1050 4332 1495 4388 cousarcinatore
1524 4336 1763 4404 pseudo-

180 4425 459 4497 lgnatium
491 4427 669 4481 solere
702 4426 987 4496 compilari
1043 4425 1200 4495 quasi
1249 4426 1334 4480 vel
1371 4442 1480 4481 non
1527 4428 1763 4497 potuerit

1924 3235 2028 3291 Sed
2056 3245 2249 3290 contra
2295 3236 2375 3290 sic
2410 3242 2880 3304 argumentantur.
2929 3231 3134 3298 Primo,
3183 3231 3430 3287 Athena-

1859 3325 2213 3399 ειυέΔιδαχὴν
2253 3327 2358 3379 τῶν
2406 3324 2717 3379 ἀποστόλων
2741 3326 2884 3378 inter
2909 3339 3003 3379 eos
3038 3325 3204 3378 libros
3236 3340 3431 3379 nume-

1854 3427 1941 3476 rat
1962 3421 2051 3491 qui
2077 3418 2481 3474 eatechumenis
2503 3418 2712 3488 legendi
2743 3424 2954 3482 essent;
2996 3431 3118 3471 cum
3144 3417 3265 3472 libri
3295 3418 3434 3471 Con-

1858 3513 2204 3569 stitutionum
2241 3510 2517 3581 epiSCOpis
2546 3511 2656 3564 sint
2686 3508 2874 3569 dicati.
2910 3524 3107 3577 resque
3139 3508 3202 3561 ad
3247 3508 3433 3564 Eccle-

1859 3605 1954 3661 siae
1978 3605 2220 3673 regimen
2270 3608 2579 3672 spectantes
2628 3607 2890 3662 tractent,
2934 3607 2987 3654 et
3036 3600 3141 3652 alia
3186 3601 3430 3669 quzcdam

1862 3694 2237 3769 μυστικώτερα
2268 3735 2282 3760 ,
2314 3710 2437 3765 quae
2469 3693 2676 3748 idcirco
2709 3708 2919 3747 canone
2952 3693 3322 3762 apostolorum
3356 3694 3435 3747 ul-

1860 3789 1994 3844 timo
2044 3789 2099 3842 in
2136 3788 2330 3858 vulgus
2375 3786 2551 3841 ellerri
2607 3794 2880 3840 vetantur.
2931 3784 3200 3849 Secundo,
3224 3786 3430 3858 διδαχή,

1856 3882 2001 3952 apud
2046 3880 2407 3951 Nicephorum
2454 3878 3116 3949 Constantinopolitanum
3143 3917 3157 3939 ,
3207 3877 3433 3948 ejusque

1861 3972 2243 4044 στιχομετρίας
2284 3973 2638 4041 interpretem
2678 3970 3027 4026 Anastasium
3072 3969 3433 4023 Bibliotheca-

1858 4066 2024 4128 rium,
2056 4064 2345 4121 versiculis
2398 4064 2525 4130 200,
2578 4062 2920 4118 solummodo
2970 4070 3223 4129 constat;
3275 4063 3433 4133 longe

1860 4168 2038 4213 autem
2091 4157 2415 4228 prolixiores
2472 4160 2600 4210 sunt
2631 4155 3083 4214 Constitutiones.
3123 4151 3325 4215 Tertio,
3377 4154 3431 4206 in

1860 4246 2263 4319 Scripturarum
2304 4248 2566 4311 indiculo,
2588 4247 2859 4301 Anastasii
2889 4244 3090 4299 Nicaeni
3117 4237 3432 4303 Quaestioni-

1866 4347 1959 4401 bus
1990 4342 2259 4411 subjecto,
2304 4341 2362 4395 in
2388 4339 2606 4410 publica
2638 4335 2965 4394 Oxoniensis
2992 4329 3299 4386 Academiae
3343 4328 3431 4382 Bi-

1859 4432 2499 4502 ὶιιίοῑὶιθοξι,Διδαχαὶτῶν
2526 4429 2832 4485 ἀποστόλων
2861 4434 2914 4481 et
2932 4422 3257 4478 Διδασκαλία
3286 4420 3433 4491 Κλή-

183 4520 458 4594 B.lgnatii
488 4520 812 4589 depravator
833 4533 896 4572 ex
916 4516 1193 4572 Catholica
1206 4517 1450 4573 doctrina
1481 4520 1763 4589 complura
1794 4503 1842 4563 Ι)
1874 4509 2083 4598 με’ντος,
2130 4532 2193 4579 ut
2236 4525 2497 4579 distincta
2540 4536 2725 4591 opera,
2768 4518 3077 4590 pariterque
3124 4511 3432 4584 apocrypha

184 4615 467 4681 mutuari;
498 4614 582 4669 vel
620 4629 729 4667 non
768 4610 1087 4666 credibilius
1120 4610 1230 4676 ﬁat,
1272 4627 1368 4666 sua
1414 4626 1479 4666 ex
1531 4610 1765 4680 pseudo-

183 4707 552 4763 Clementinis
602 4704 919 4760 Diataxihus
968 4703 1191 4759 auxisse
1230 4701 1762 4774 pseudo-Ignatium;

185 4802 357 4871 cujus
374 4799 820 4871 interpolationes
843 4814 1003 4852 verus
1023 4795 1262 4868 lgnatius
1290 4794 1765 4851 manifestissimas

189 4893 364 4958 facit;
394 4907 519 4947 cum
551 4891 1015 4947 Constitutionum
1052 4890 1376 4957 corruptelae
1406 4896 1603 4958 prmter
1630 4900 1768 4957 pau-

186 4986 454 5041 cissimas
474 4984 863 5039 occultissima:
893 4982 1039 5038 sint?
1066 4980 1219 5036 Mitto
1247 4981 1347 5034 viri
1374 4980 1521 5034 docti
1543 4979 1766 5035 Davidis

190 5077 464 5132 Blondelli
490 5076 547 5130 in
571 5091 804 5132 censura
827 5076 1071 5147 epistola:
1100 5075 1287 5145 prima:
1309 5074 1603 5129 decretalis
1647 5074 1769 5128 Cle-

189 5171 373 5227 menti
402 5171 654 5241 ascripta:
681 5170 1071 5224 divinationem
1109 5188 1121 5222 :
1156 5166 1311 5234 Quod
1361 5167 1454 5237 qui
1509 5167 1769 5233 διαταγὰς

187 5265 445 5335 scripsit,
476 5265 696 5319 natione
731 5262 895 5317 fuerit
925 5260 1246 5316 Palaestinus
1277 5269 1370 5313 aut
1395 5259 1645 5323 thnix,
1680 5268 1769 5313 ut-

189 5371 329 5430 pote
358 5359 450 5432 qui
476 5359 730 5412 thronum
781 5352 1331 5424 Hierosolymitanum
1363 5351 1593 5420 reliquis
1631 5365 1771 5420 pra:-

192 5452 365 5512 τρι-ει,
394 5453 490 5506 lib.
520 5466 640 5511 vni,
663 5464 781 5519 cap.
810 5448 898 5510 l0,
928 5455 982 5501 et
1000 5446 1220 5500 nomina
1244 5445 1525 5499 mensibus
1552 5444 1771 5497 inventa

192 5561 223 5598 a
254 5544 447 5615 Tyriis
478 5544 737 5612 imponat.
765 5539 884 5594 Non
912 5540 1090 5610 agitur
1122 5539 1188 5593 de
1208 5539 1501 5593 eminentia
1532 5538 1764 5600 sedium,

193 5638 293 5690 ubi
321 5637 613 5705 episcopus
634 5631 1034 5688 Alexandrinus
1060 5630 1389 5701 praeteritur.
1419 5628 1681 5684 Jacobum
1703 5643 1769 5685 eo

276 5794 407 5832 ”-”
438 5794 522 5850 Al.
555 5790 905 5860 παραγραφεί
911 5806 1026 5855 σας.

1870 4625 2225 4673 recensentur
2249 4634 2264 4684 ;
2294 4623 2350 4670 at
2371 4613 2712 4675 διδασκαλίας
2742 4611 2957 4664 titulum
2983 4605 3276 4678 praeferunt
3309 4602 3436 4655 Dia-

1870 4718 2063 4777 taxes;
2096 4709 2281 4779 itaque
2296 4707 2515 4777 Διδαχαὶ
2537 4722 2566 4760 a
2590 4700 3090 4761 Constitutionibus
3118 4695 3327 4752 secerni
3346 4692 3436 4746 de-

1868 4802 2018 4857 bent.
2063 4800 2289 4867 Quarto,
2339 4813 2370 4851 a
2409 4799 2635 4869 Synopsi
2679 4793 3046 4849 Athanasiana
3065 4785 3260 4857 Διδαχὴ
3299 4785 3435 4837 ἀπο-

1874 4895 2073 4948 στόλων
2114 4902 2169 4949 et
2211 4891 2522 4963 Κλημέντια
2548 4890 2695 4945 velut
2723 4886 2832 4942 duo
2868 4883 2994 4939 libri
3024 4883 3430 4941 memorantur;

1872 4987 1930 5041 in
1958 4984 2313 5041 Clementinis
2353 4992 2531 5037 autem
2579 4978 2929 5036 continentur
2982 4969 3429 5028 Constitutioncs,

1868 5079 2068 5149 quippe
2096 5091 2217 5147 quae
2260 5074 2555 5130 Clementis
2598 5087 2796 5127 nomen
2848 5068 3160 5140 prielerunt.
3207 5063 3429 5129 Quinto,

1869 5185 2037 5241 agens
2065 5168 2132 5223 de
2157 5167 2453 5223 Clementis
2498 5166 2755 5236 operibus
2813 5160 3079 5216 Eusebius
3100 5198 3114 5221 ,
3145 5154 3434 5209 Doctrinas

1869 5263 2241 5335 apostolorum
2269 5260 2491 5314 omittit.
2519 5258 2706 5320 Sexto,
2738 5256 2982 5310 codicem
3005 5248 3431 5320 apostolicarum

1869 5354 2336 5409 Constitutionum
2364 5351 2536 5405 multa
2578 5349 2779 5402 Ariana
2820 5344 3289 5413 complectentem,
3332 5350 3434 5390 nec

1868 5446 2060 5500 Ariani
2099 5459 2199 5515 pro
2244 5440 2654 5499 conﬁrmatione
2701 5439 2786 5493 sui
2817 5436 3020 5492 erroris
3067 5433 3430 5489 adduxerunt,

1873 5553 1975 5593 nec
2028 5538 2320 5592 adductum
2364 5533 2697 5589 Athanasius
2743 5527 2998 5598 expendit
3028 5546 3042 5580 :
3076 5540 3184 5594 quo
3231 5522 3286 5574 ﬁt
3350 5526 3429 5580 ut,

1874 5638 2123 5687 exstante
2152 5627 2541 5684 Athanasianis
2566 5622 2905 5693 temporibus
2936 5616 3303 5688 Apostolorum
3327 5611 3437 5664 Do-
