3900 6334
534 289 643 348 515

519 408 716 470 ctrina.
758 407 1000 464 nondum
1041 408 1218 464 lucem
1271 408 1581 479 aspicerent
1621 419 1824 466 nostrae
1868 411 2084 469 Consti-

2182 413 2393 486 Ναούμ.
2428 423 2540 481 σις’,
2598 416 2935 489 Ἀμϐακούμ.

518 501 765 556 ultiones.
800 500 1168 567 Concludunt,
1207 510 1262 557 et
1296 502 1404 557 τῶν
1431 504 1796 558 ἀποστολικῶν
1812 504 2083 576 Διδαγμά-

516 609 625 647 των
661 593 883 659 librum,
914 594 1140 649 citatum
1169 595 1225 649 in
1257 593 1675 666 Quwstionibus,
1711 611 1907 652 nomen
1931 597 2079 652 Ana-

519 685 674 739 stasii
707 686 905 739 Μολεηί
935 684 1377 755 praeferentibus,
1408 687 1708 757 quaestione
1724 687 1812 751 95,
1828 686 2078 745 eumdem

518 775 823 829 habendum
848 790 971 830 cum
1002 774 1313 830 ἀποστόλων
1344 776 1614 847 Διδαχαῇς,
1668 779 1835 834 alium
1879 793 1910 833 a
1953 779 2081 834 Dia-

516 866 757 932 |axibus;
774 876 829 921 et
849 865 1281 924 Constitutiones
1300 867 1591 924 hodiernas
1607 869 1770 925 etiam
1801 887 1865 926 ex
1892 870 2077 945 διδαχῇ

518 959 905 1027 apostolorum,
936 966 991 1015 et
1018 958 1251 1023 διατάξει
1272 958 1643 1030 Epiphaniana
1665 959 1835 1019 fuisse
1854 978 2080 1021 consar-

514 1050 744 1107 cinatas.

587 1161 970 1219 Verumtamen
999 1178 1110 1219 non
1145 1163 1345 1221 desunt
1374 1181 1494 1237 quae
1521 1167 1589 1222 ad
1627 1167 1741 1223 haec
1774 1169 1955 1225 omnia
1990 1186 2078 1226 re-

2174 1154 2273 1220 λρ,
2325 1158 2465 1211 κατὰ
2539 1160 2770 1214 Λουκᾶν.
2831 1160 2933 1233 λη’.

514 1270 815 1325 ponamus;
867 1255 1014 1310 hunc
1052 1256 1106 1309 in
1146 1257 1385 1313 modum.
1427 1258 1507 1313 Ad
1552 1259 1602 1315 1.
1648 1259 1767 1315 Non
1797 1261 1930 1317 solis
1958 1261 2076 1331 epi-

513 1346 716 1414 scopis,
749 1346 844 1402 sed
872 1353 925 1402 et
964 1347 1116 1403 laicis
1139 1363 1375 1418 quoque,
1414 1351 1775 1423 omnibusque
1806 1353 2076 1408 Christia-

510 1436 598 1491 nis
619 1436 860 1493 Diataxis
902 1444 955 1493 et
986 1438 1254 1494 catholica
1299 1438 1556 1496 Doctrina
1593 1449 1978 1512 nuncupatur;
2016 1452 2076 1498 ut

2187 1440 2439 1495 Ἰακώϐου
2495 1442 2771 1516 ἐπιστολή.
2821 1452 2931 1516 μα’,

510 1526 671 1582 ﬁdem
702 1527 907 1582 iaciunt
941 1526 1116 1600 prima
1154 1530 1280 1585 libri
1310 1532 1507 1589 verba:
1539 1532 1601 1587 Οἱ
1649 1533 1938 1589 ἀπόστολοι
1980 1535 2075 1588 καὶ

2173 1535 2399 1609 Πέτρου.
2426 1536 2533 1608 μϐ’,
2565 1537 2793 1611 Πέτρου.
2820 1548 2930 1612 μγ’,

506 1618 557 1671 oi
605 1618 960 1692 πρεσϐύτεροι
997 1622 1129 1675 πᾶσι
1165 1622 1276 1687 τοῖς
1312 1619 1370 1689 ἐξ
1403 1624 1573 1677 ὲονῶν
1608 1626 1960 1680 πιστεύσασιν
1998 1628 2076 1689 είς

509 1710 598 1764 τὸν
626 1710 847 1781 Κύριον,
878 1722 983 1769 etc.
1012 1713 1077 1767 Et
1107 1722 1235 1770 vero
1258 1717 1379 1786 quis
1405 1717 1549 1772 ausit
1579 1718 2071 1789 asseverare,quod

2177 1731 2278 1795 με’,
2323 1728 2587 1781 Ἰωάννου.
2639 1738 2755 1800 μς,
2804 1730 2934 1785 Ἰού-

507 1812 817 1873 postremus
841 1807 1212 1877 apostolorum
1244 1823 1421 1862 canon
1457 1817 1668 1865 tantum
1716 1811 1891 1866 natalis
1934 1788 2071 1865 ierat

2171 1788 2385 1887 851.513,“,
2404 1817 2615 1872 Παύλου
2803 1820 2936 1873 Ῥω-

1422 291 1480 349 S.
1512 291 1901 351 CLEMENTIS
1933 293 1952 348 l
1985 294 2151 352 ROM.
2186 294 2386 352 PONT.
2424 294 2653 352 OPERA
2688 297 2916 355 DUBIA.
3592 332 3666 388 555

505 1909 569 1949 ac
600 1896 771 1965 prima
787 1892 1087 1963 Διατάξεων
1114 1899 1302 1963 editio,
1332 1917 1439 1972 qua
1472 1902 1724 1959 utebatur
1755 1901 1812 1958 S.
1837 1902 2071 1975 Epipha-

505 1986 663 2052 nius;
697 1990 949 2060 quodquc
978 1992 1187 2062 primus
1227 1992 1516 2062 διαταγεὺς
1557 2010 1656 2049 sua
1702 1997 1938 2051 voluerit
1976 2010 2070 2051 oc-

503 2078 756 2133 cultare?
786 2078 989 2137 Deinde
1015 2096 1081 2136 ex
1130 2082 1498 2140 Athanasiana
1539 2080 1767 2157 Synapsi
1816 2088 2069 2143 observat

2171 2100 2333 2165 θίους.
2367 2108 2430 2166 ν’,
2475 2101 2612 2175 πρὸς
2660 2078 2922 2167 Γαλάτας.

501 2168 586 2223 vir
633 2185 743 2225 non
796 2172 1055 2228 mediocri
1106 2171 1431 2242 eruditione,
1471 2174 1708 2234 Joannes
1750 2177 2073 2235 DallaeusDe

502 2260 760 2333 Pseudep.
788 2266 1013 2334 apostol.
1044 2267 1080 2323 l.
1116 2284 1154 2331 l,
1178 2284 1227 2324 c.
1250 2269 1305 2328 4.
1328 2270 1437 2326 duo
1459 2270 1628 2327 fuisse
1648 2273 1912 2327 Bactrinae
1941 2288 2068 2341 apo-

500 2353 703 2408 stolica:
736 2358 883 2412 velut
919 2372 1173 2429 corpora,
1222 2360 1368 2416 aliud
1397 2378 1507 2432 quo
1548 2369 1693 2418 totus
1722 2363 1856 2419 liber
1886 2365 2065 2418 conti-

500 2444 750 2504 nebatur.
777 2447 921 2502 aliud
954 2448 1007 2501 in
1035 2465 1143 2520 quo
1174 2465 1237 2505 ea
1266 2450 1531 2506 duntaxat
1572 2452 1697 2508 libri
1727 2454 2061 2524 legebantur,

500 2550 622 2603 qua:
653 2552 682 2591 a
710 2536 968 2594 Patribus
1016 2548 1275 2612 tanquam
1321 2544 1475 2598 utilia
1523 2554 1777 2616 excerpta
1824 2546 2061 2606 fuerant.

500 2624 656 2682 Unde
680 2630 988 2694 coniicitur,
1026 2640 1083 2685 ut
1108 2648 1317 2689 canone
1346 2637 1647 2704 apostolico
1681 2646 1945 2701 extremo,
1994 2640 2064 2695 de

499 2712 728 2788 integris
768 2719 1048 2790 διατάγαίς
1096 2738 1191 2777 seu
1230 2722 1471 2795 διδαχαῖς
1514 2736 1726 2797 agente,
1783 2729 1956 2798 possit
1996 2729 2058 2788 Β.

496 2808 831 2869 Athanasius
859 2815 914 2868 in
944 2814 1267 2889 ἑορταστικῇ
1295 2818 1363 2873 de
1393 2820 1525 2875 solis
1572 2823 1840 2891 excerptis
1889 2823 2058 2894 loqui.

499 2898 579 2953 Ad
611 2900 666 2956 2.
708 2898 868 2959 Forte
903 2900 1242 2976 Nicephorus
1282 2907 1915 2982 ConstantinOpolitanus
1939 2922 2060 2969 tan-

495 2996 609 3044 tum
638 2992 847 3049 viderat
871 2986 1096 3067 διδαχὴν
1125 2996 1482 3065 decurtatam,
1520 3002 1751 3073 ideoque
1798 3016 2057 3060 constan-

494 3090 603 3136 tem
631 3085 880 3142 versibus
906 3089 1246 3145 solummodo
1276 3098 1343 3153 σ’,
1363 3091 1488 3147 200.
1506 3092 1599 3149 Vel
1622 3096 1877 3166 praeferre
1903 3108 2061 3169 opor-

494 3179 571 3229 tet
600 3177 884 3233 lectionem
926 3196 1027 3236 ms.
1061 3180 1304 3246 Croiani,
1334 3202 1411 3254 ,ς,
1445 3186 1606 3243 6000.
1640 3189 1717 3244 Ad
1758 3190 1811 3245 5.
1843 3189 2062 3248 Indico.

494 3268 580 3324 lus
619 3269 709 3324 ille
762 3271 924 3325 etiam
965 3273 1313 3346 subjungitur
1352 3276 1627 3333 Anastasii
1676 3278 2064 3346 Quwstionibus

493 3358 548 3449 in
577 3360 764 3417 codice
803 3362 942 3419 1789
997 3364 1344 3423 Bibliotheca:
1385 3368 1841 3430 Christianissimi
1897 3378 2062 3449 regis.

491 3448 569 3505 Ita
600 3465 729 3507 vero
758 3453 923 3509 habet
952 3471 969 3509 :

490 3585 567 3641 De
604 3586 907 3671 L.Y,libri_s,
939 3594 1239 3671 etquinam
1316 3596 1449 3671 Περὶ
1475 3598 1583 3653 τῶν
1613 3600 1654 3665 ξ’
1688 3601 1925 3671 βιϐλίων,
1970 3605 2066 3658 καί¹

636 3669 785 3714 extra
814 3662 933 3716 illos
960 3662 1085 3718 sint.

490 3777 542 3839 1,
574 3777 807 3837 Genesis.
839 3781 895 3847 2,
924 3770 1159 3839 Exodns.
1183 3773 1235 3848 5.

490 3873 767 3934 Leviticus.
798 3877 852 3942 4,
907 3864 1151 3935 Numeri.
1182 3880 1235 3947 5,
1312 3872 1603 3934 Λευιτικόν.
1650 3879 1711 3943 δ’,
1785 3875 2063 3956 Ἀριθμοί.

1308 3974 1369 4031 ε’,
1395 3969 1824 4044 Δευτερονόμιον.
1862 3980 1937 4040 ς’,
1971 3976 2067 4046 ’1η-

1310 4063 1457 4128 σοῦς.
1550 4066 1615 4133 ζ’,
1687 4069 1885 4140 Κριταὶ
1971 4070 2066 4125 καὶ

490 3964 985 4027 Deuteronomium.
1043 3970 1098 4035 6,
1145 3969 1243 4024 Jo-

487 4078 595 4117 sue.
629 4065 679 4129 7,
711 4064 948 4131 Judices,
989 4076 1038 4121 et
1079 4066 1236 4124 Ruth.

486 4158 540 4223 8,
570 4157 860 4231 Regnorum
883 4161 1002 4231 (seu
1024 4161 1239 4234 Regum)

482 4257 703 4323 primus.
743 4255 797 4320 9,
827 4255 1122 4327 Regnorum
1154 4274 1239 4313 se-

484 4351 704 4406 cundus.
729 4351 818 4414 10,
838 4350 1126 4422 Regnorum
1144 4363 1243 4408 ter-

484 4443 609 4498 tius.
638 4444 727 4508 11,
763 4442 1057 4513 Regnorum
1078 4461 1241 4515 quar-

484 4550 590 4596 tus.
657 4540 745 4596 12.
795 4538 1203 4609 Paralipomena
1220 4581 1235 4605 ,

481 4636 692 4704 quintus
736 4635 802 4691 ”.
848 4632 937 4697 15,
973 4634 1096 4690 Job.
1146 4637 1234 4696 14.

482 4727 822 4782 Psalterium.
868 4722 955 4792 15,
1017 4726 1238 4783 Prover-

482 4822 588 4877 οἱα.
622 4821 710 4885 16,
742 4820 1105 4878 Ecclesiastes.
1146 4823 1231 4887 17,

482 4915 705 4970 (Ιαηιὶεα
771 4917 883 4971 sive
958 4917 1233 4974 Canticum

483 5009 843 5075 Canticorum,
892 5013 1107 5082 quintus
1163 5014 1228 5069 ⁸ο.

484 5105 572 5171 18,
605 5105 826 5162 Esdras.
849 5107 935 5172 19,
962 5107 1109 5163 Osee.
1138 5107 1230 5173 20,

480 5201 661 5258 Amos.
696 5202 784 5268 21,
816 5201 1087 5259 Hic/usas.
1138 5202 1229 5269 22,

482 5292 618 5350 Joel.
649 5295 740 5359 25,
769 5294 958 5351 Jonas.
990 5296 1080 5362 24,
1124 5296 1233 5349 Ab-

482 5385 619 5443 dias.
688 5387 778 5455 25,
841 5385 1075 5444 Nullum.
1138 5387 1229 5454 26,

486 5481 755 5540 Habacuc.
797 5482 887 5552 27,
917 5483 1231 5555 Soplionias.

1415 3671 1513 3723 ὅσα
1541 3673 1741 3726 τούτων
1783 3674 1958 3739 ἐκτός.

1311 3791 1379 3851 α’,
1398 3787 1630 3852 Γένεσις.
1652 3787 1717 3859 β’,
1736 3787 1970 3855 Ἐξοδος.
1992 3798 2060 3861 γ’.

1318 4148 1493 4216 Ῥούθ.
1534 4166 1607 4234 η’,
1656 4164 1947 4221 Βασιλειῶν
1992 4173 2061 4221 α’.

1308 4250 1374 4318 0',
1405 4253 1697 4310 Βασιλειῶν
1729 4257 1794 4329 β’.
1829 4264 1881 4322 ι’,
1903 4256 2065 4312 Βασι-

1306 4347 1461 4401 λειῶν
1527 4356 1595 4418 γ’.
1641 4357 1727 4415 ια’,
1772 4351 2064 4407 Βασιλειῶν

1304 4444 1365 4498 δ’·
1393 4444 1478 4509 ιδ’,
1498 4446 1976 4545 ῌῙξαραλείπόμεναν
1998 4455 2057 4503 ε’·
2092 4458 2136 4512 Ῑ)
2165 4472 2317 4525 σαῖου
2360 4444 2571 4544 ὅρασις.
2617 4473 2703 4537 ιϐ’,
2752 4474 2919 4545 Σοφο-

1308 4548 1395 4610 ty’,
1438 4542 1555 4597 Ἰώϐ
1573 4581 1590 4599 .
1620 4544 1699 4609 ιδ’,
1730 4546 2056 4621 Ψαλτήριον.

1306 4635 1385 4703 ιε’,
1401 4637 1713 4711 Παροιμίαι.
1732 4648 1824 4706 ις’.
1844 4643 2060 4715 Ἑκκλη·

1304 4734 1546 4805 σιαστής.
1625 4736 1722 4800 ιζ’,
1804 4735 2055 4808 ᾏσματα

1300 4825 1490 4894 (codex
1535 4829 1673 4884 1607
1704 4830 1949 4899 ejusdem
1982 4833 2059 4887 bi-

1301 4916 1584 4974 bliotheca:
1649 4921 1745 4991 qui
1816 4923 2053 4994 comple-

1299 5014 1465 5069 ctitur
1536 5014 1764 5082 primam
1846 5026 2052 5087 partem

1301 5106 1463 5175 hujus
1531 5108 1761 5177 catalogi
1782 5147 1796 5172 ,
1843 5103 2053 5180 τᾼσμα)

1298 5204 1553 5275 ᾀσμάτων
1598 5209 1655 5256 ε’,
1690 5209 1776 5274 ιη’,
1802 5204 2052 5275 Ἔσδρας.

1301 5295 1384 5358 ιϐ’,
1418 5296 1589 5369 Ὠσηὲ.
1620 5302 1688 5360 κ’,
1723 5297 1917 5368 Ἀμῶςι
1948 5302 2055 5361 κα’,

1299 5393 1553 5464 Μιχαίας.
1586 5392 1688 5456 κδ’,
1731 5392 1901 5464 Ἰωήλ.
1950 5399 2054 5460 κγ’,

1315 5482 1509 5544 Ἰωνᾶς.
1553 5480 1650 5545 κδ’,
1696 5480 1924 5544 Ἀϐδίας.
1957 5487 2054 5545 κε’,

3005 420 3095 486 28,
3127 422 3354 496 Aggwus.
3390 431 3470 498 29,
3510 436 3653 500 Zacha

3006 513 3134 568 rius;
3176 516 3259 582 50,
3299 520 3573 582 Malachias.
3606 534 3672 599 5i,

3011 606 3201 667 Isaias.
3236 614 3317 677 52,
3339 615 3584 679 Ieremias.
3606 627 3673 693 55,

3007 703 3256 764 Ezechiel.
3341 713 3403 767 54
3431 754 3445 779 ,
3509 717 3675 779 Daniel.

3005 799 3093 864 55,
3121 799 3431 874 Evangelium
3451 813 3678 868 secundum

3007 887 3175 944 Matth
3201 920 3214 947 ι
3291 894 3375 955 56,
3448 904 3677 957 secundum

3004 985 3261 1045 Marcum.
3329 991 3412 1057 57,
3453 997 3680 1052 secundum

3003 1076 3217 1135 Lucam.
3287 1080 3388 1146 58,
3454 1086 3680 1141 secimdum

2999 1165 3274 1224 Joannem.
3319 1170 3404 1236 59,
3437 1171 3553 1227 Acta
3591 1193 3684 1245 apo-

2999 1260 3270 1317 stolorum.
3300 1261 3386 1327 40,
3403 1260 3567 1318 Jacobi
3590 1266 3684 1335 Epi-

2999 1356 3155 1411 stola.
3190 1357 3277 1425 41,
3310 1356 3462 1412 Petri.
3497 1358 3571 1423 42,
3608 1361 3672 1417 Pe

3001 1447 3089 1503 tri.
3158 1434 3272 1513 45,
3340 1447 3559 1505 Joannis.
3613 1452 3673 1517 44,

2997 1540 3240 1599 Joannis.
3269 1542 3355 1609 45,
3379 1542 3595 1601 Joannis.
3613 1546 3676 1612 46,

2997 1633 3175 1690 Ιυάω.
3218 1622 3305 1701 47,
3342 1635 3484 1689 Pauli
3519 1636 3576 1689 ad
3608 1636 3678 1692 ns

3002 1741 3203 1779 manas.
3233 1724 3321 1789 48,
3340 1724 3403 1779 ad
3424 1725 3681 1787 Corinthios.

3001 1820 3088 1884 49,
3128 1821 3196 1874 ad
3221 1820 3517 1876 Corinthios.
3538 1823 3609 1885 50,
3636 1823 3683 1875 ad

3005 1913 3246 1971 Galatas.
3270 1912 3356 1980 51,
3388 1915 3450 1969 ad
3470 1915 3684 1985 Ephesios.

2997 2006 3086 2073 52,
3130 2006 3199 2060 ad
3248 2005 3588 2075 Philippenses.
3620 2004 3683 2066 53.

2999 2095 3066 2150 ad
3114 2095 3458 2153 Colossenses.
3509 2098 3597 2162 51,
3639 2093 3688 2149 ad

3002 2190 3471 2245 Thessalonicenses
3533 2190 3606 2253 55,
3640 2190 3688 2242 al

3002 2276 3493 2337 Thessalonicenses.
3530 2282 3602 2343 56,
3642 2280 3689 2332 ad

3000 2377 3349 2432 Timotheum.
3401 2378 3484 2439 57,
3535 2376 3592 2430 ad
3625 2375 3689 2429 Ti-

2997 2473 3281 2528 motheum.
3324 2471 3408 2539 58,
3439 2470 3499 2524 ad
3538 2466 3687 2523 Titum.

2181 508 2283 573 κζ’,
2330 509 2607 580 Σοφονίας.
2650 517 2757 581 κη’,
2818 513 2941 581 Ἀγ-

2180 598 2353 664 γαῐος.
2383 598 2491 658 κδ’,
2529 599 2823 670 Ζαχαρίας.
2873 599 2937 665 λ’,

2179 691 2481 763 Μαλαχίας.
2528 693 2629 759 λα’,
2692 696 2936 761 Ἡσαΐας.

2180 780 2278 845 λϐ’,
2321 784 2601 854 Ἱερεμίας.
2632 778 2735 852 λγδ,
2792 772 2943 849 Ἰεζε-

2179 861 2322 942 κιήλ.
2385 870 2479 935 λδ’,
2547 870 2765 944 Δανιήλ,
2845 872 2935 927 λε’.

2177 967 2218 1020 Ε
2224 966 2504 1036 ύαγγέλιον
2576 968 2718 1022 κατὰ
2785 967 2940 1024 Ματ-

2178 1058 2344 1113 θαῐον.
2378 1060 2486 1126 λς’,
2518 1062 2659 1116 κατὰ
2686 1062 2933 1135 Μάρκον.

2176 1252 2316 1305 κατὰ
2355 1248 2622 1324 Ἰωάννην.
2654 1251 2753 1318 λθ’,
2787 1255 2937 1327 Πρά-

2176 1341 2285 1409 ξεις
2329 1345 2437 1399 τῶν
2485 1343 2815 1402 ἀποστόλων.
2858 1355 2932 1420 μ’,

2186 1632 2446 1686 Ἰωάννου.
2521 1633 2622 1704 μδ’,
2666 1636 2928 1691 Ἰωάννου.

2172 1906 2380 1984 μαίους.
2429 1920 2538 1985 μη’,
2568 1914 2702 1987 πρὸς
2744 1912 2938 1988 Κοριν-

2170 2004 2336 2070 ϐίους.
2395 2006 2501 2077 μθ’,
2542 2006 2679 2079 πρὸς
2732 2009 2927 2081 Κορινο

2167 2201 2267 2261 να’,
2310 2194 2446 2270 πρὸς
2499 2198 2791 2267 Ἐφεσίους.
2827 2199 2925 2264 νϐ’,

2166 2290 2304 2361 πρὸς
2353 2290 2759 2362 Φιλιππησίους.
2824 2299 2924 2363 νγ,

2166 2386 2303 2459 πρὸς
2382 2387 2726 2453 Κολοσσαετς.
2830 2390 2922 2455 νϐ’,

2164 2476 2301 2549 πρὸς
2354 2479 2778 2545 Θεσσαλονικεϊς.
2829 2489 2920 2547 νε’,

2162 2569 2299 2642 πρὸς
2347 2571 2768 2638 Θεσσαλονικεῖς.
2815 2581 2922 2639 νς’,
2997 2560 3086 2626 59,
3137 2561 3207 2616 ad
3249 2561 3590 2616 Philemonem.
3624 2558 3688 2619 60,

2161 2665 2299 2737 πρὸς
2329 2668 2607 2740 Τιμόθεον.
2641 2668 2738 2735 νζ’,
2788 2658 2927 2741 πρὸς
2999 2654 3067 2709 ad
3100 2655 3374 2711 Helmaos.

2159 2755 2438 2830 Τιμόθεον.
2531 2770 2631 2835 νη’,
2678 2755 2814 2836 πρὸς
2859 2762 3036 2815 Τίτον.
3104 2759 3205 2825 νο’,
3251 2756 3385 2833 πρὸς
3454 2758 3687 2829 Φιλήμονα.

2162 2846 2235 2916 ξ’.
2270 2854 2405 2926 πρὸς
2443 2854 2741 2927 Ἑϐραίους.

2227 2949 2337 3003 Καὶ
2364 2950 2463 3003 ὅσα
2493 2947 2595 3013 ἔξω
2627 2949 2735 3002 τῶν
2765 2948 2828 3013 ξ’.
3078 2956 3149 3012 Et
3177 2976 3266 3028 qui
3300 2968 3444 3012 extra
3469 2952 3553 3007 LX
3574 2960 3692 3005 sunt:

2157 3046 2227 3102 α’,
2260 3039 2427 3109 Σοφία
2456 3038 2814 3110 Σολομῶντος.
2849 3038 2919 3110 β’,
3018 3050 3071 3114 1,
3091 3049 3365 3119 sapientia
3389 3043 3693 3103 Salomonisi,

2086 3124 2132 3186 ο
2162 3134 2328 3205 Σοφία
2356 3128 2538 3206 Σιράχ-
2575 3138 2643 3203 γ’,
2696 3136 2924 3188 Μακκα“
3014 3141 3295 3213 Sapientia
3318 3140 3515 3196 Sirach.
3534 3139 3580 3202 5,
3603 3134 3694 3188 Μαι

2993 3228 3313 3281 cubitorum.
3340 3223 3394 3288 4,
3429 3220 3698 3277 Μαεεαίιιινοι

2991 3335 3129 3371 rum.
3158 3319 3214 3381 5,
3231 3314 3635 3372 Maccabteorum.
3655 3307 3694 3371 6.

2989 3410 3435 3466 Μαεεαὺαεονιιηι.
3458 3408 3508 3473 7,
3532 3404 3695 3461 Esther.

2988 3506 3042 3568 8,
3074 3504 3288 3561 Judith.
3322 3506 3376 3571 9,
3410 3502 3600 3558 Tobias.

3106 3600 3179 3655 Ει
3208 3602 3299 3674 qui
3328 3596 3622 3670 apocryphi:

2986 3698 3029 3730 ⁶¹
3064 3699 3115 3762 1,
3155 3699 3355 3752 Adam.
3411 3694 3465 3761 2,
3508 3687 3698 3747 Honorii.

2985 3791 3039 3850 5.
3095 3790 3348 3845 Lamech.
3406 3787 3460 3851 4,
3513 3782 3703 3839 Patriar-

2984 3879 3112 3934 citat.
3163 3880 3221 3945 5,
3269 3877 3484 3948 Joscphi
3530 3872 3697 3929 Oratio.

2984 3975 3038 4039 6,
3090 3971 3273 4028 Eldad
3338 3983 3386 4028 et
3437 3967 3627 4027 Mcdad.
3665 3965 3702 4026 7ί

2987 4065 3385 4121 Testamentum
3414 4063 3568 4118 Hosis
3593 4060 3647 4111 ".
3691 4096 3701 4107 .

2990 4153 3707 4224 ........9,Psalmi

2986 4255 3314 4315 Salomonis.
3351 4257 3438 4324 10,
3470 4254 3594 4310 Elite
3630 4248 3706 4301 Re-

2987 4354 3175 4407 velatio
3231 4370 3326 4410 seu
3386 4345 3706 4423 Apocalypsis.

2988 4451 3076 4515 11,
3102 4450 3288 4506 Esaiae
3319 4450 3466 4505 visio.
3509 4445 3589 4509 12,
3627 4440 3705 4495 δο-

2984 4546 3190 4616 phonia:
3213 4545 3495 4602 Revelatio.
3528 4541 3603 4605 15,
3626 4535 3712 4589 Ζα-

2985 4644 3180 4699 charia:
3208 4637 3497 4698 Revelatio.
3523 4639 3602 4700 14,
3635 4634 3711 4687 Εε-

2984 4739 3097 4796 drae
3120 4740 3413 4796 Revelatio.
3461 4736 3542 4803 15,
3577 4732 3711 4786 1060‘

2982 4830 3035 4885 bi
3104 4830 3375 4886 Historia.
3445 4826 3526 4891 16,
3593 4817 3710 4877 Petri

2981 4924 3354 4996 Apocalypsis.
3396 4924 3483 4987 17,
3532 4912 3711 4973 Periodi

2980 5029 3073 5076 aut
3102 5019 3372 5078 Circuitus
3401 5027 3451 5074 et
3479 5012 3707 5071 Doctrina

2983 5115 3365 5184 apostolorum.
3406 5112 3493 5177 18,
3530 5109 3710 5163 Barna-

2981 5207 3060 5263 ιω
3114 5206 3382 5276 Epistola.
3441 5202 3525 5265 l9,
3575 5192 3709 5252 Pauli

2980 5303 3163 5358 Actus.
3205 5301 3302 5368 20,
3346 5299 3507 5355 Pauli
3534 5297 3708 5363 Apoca-

2982 5394 3163 5464 typsis.
3190 5392 3285 5456 21,
3328 5391 3574 5446 Doctrina
3607 5381 3700 5439 Cla-

2980 5484 3185 5540 mcntis.
3242 5483 3340 5548 22,
3397 5478 3588 5554 Ignatii
3617 5473 3708 5529 Do-

2164 3230 2352 3285 ϐαίων.
2410 3231 2471 3294 δ’,
2529 3226 2920 3284 Μακκαϐαίων.

2165 3330 2225 3388 ε’,
2255 3318 2646 3377 Μακκαϐαίων.
2675 3330 2748 3388 ς’,
2769 3324 2923 3378 Μακ-⁸

2165 3415 2423 3469 καϐαίων.
2472 3415 2538 3480 ζ’,
2600 3414 2819 3488 Ἐσθήρ.
2847 3418 2918 3486 η’.

2179 3504 2380 3559 Ἰουδίο.
2414 3505 2479 3569 θ’,
2510 3505 2707 3560 Τωϐίτ.

2253 3635 2362 3688 Καὶ
2388 3636 2488 3688 ὅσα
2515 3630 2827 3707 ἁπόκρυφαο

2166 3732 2235 3790 α’,
2280 3727 2463 3798 Ἀδάμ.
2489 3726 2554 3797 β’,
2612 3727 2798 3799 Ἑνώχ.
2847 3734 2915 3796 γ’,

2166 3814 2379 3887 Λάμεχ.
2420 3814 2484 3877 δ’,
2556 3815 2912 3887 Πατριάρχαι.

2165 3916 2226 3974 ε’,
2284 3909 2477 3981 Ἰωσὴφ
2507 3907 2808 3983 Προσευχή.
2842 3917 2924 3979 ς’,

2177 4002 2376 4075 Ἐλδὰμ
2432 4004 2528 4057 καὶ
2578 4002 2792 4074 Μοδάμ.
2848 4004 2914 4069 ζ’,

2164 4100 2405 4173 Διαθήκη
2432 4101 2676 4166 Μωσέως
2703 4101 2769 4156 ⁸³.
2828 4141 2843 4156 .
2900 4140 2914 4158 .

2166 4191 2919 4257 .-.......θ’,Ψαλ-

2166 4288 2257 4359 μοὶ
2310 4286 2667 4360 Σολομῶντος.
2721 4295 2773 4354 ι’,
2836 4291 2922 4343 Ἦ-

2163 4376 2276 4431 λιοῦ
2303 4378 2656 4449 ἀποκάλυψις.
2702 4386 2789 4443 ια’,
2832 4381 2922 4432 Ἠ-

2163 4565 2277 4619 νίου
2373 4564 2753 4639 ’Δποκάλυψις.
2830 4576 2918 4638 ιγ’,

2161 4653 2430 4728 Ζαχαρίου
2535 4659 2917 4729 Ἀποκάλυψις.

2161 4745 2240 4810 ιδ’,
2285 4747 2487 4819 Ἕσδρα
2538 4750 2915 4820 Ἀποκάλυψις.

2159 4844 2239 4900 ιε’,
2323 4839 2575 4893 Ἰακώϐου
2658 4842 2905 4914 Ἱστορία.

2155 4938 2249 4996 ις’,
2284 4929 2487 5002 Πέτρου
2530 4931 2906 5003 Ἀποκάλυψις.

2156 5027 2241 5091 ις’,
2273 5025 2516 5098 Περίοδοι
2559 5027 2653 5080 καὶ
2692 5028 2911 5100 Διδαχαὶ

2154 5118 2261 5171 τῶν
2289 5117 2617 5171 ἀποστόλων.
2651 5126 2739 5191 ιη’,
2771 5120 2911 5191 Βαρ-

2154 5209 2292 5263 νάϐα
2324 5208 2623 5280 Ἐπιστολή.
2650 5209 2732 5272 ιϐ’,
2762 5210 2909 5263 Παύ-

2159 5299 2249 5353 λου
2290 5295 2492 5371 “pagi;
2546 5298 2610 5352 ⁸³⁵.
2652 5305 2721 5363 κ’,
2768 5299 2913 5355 Παύ-

2159 5389 2250 5442 λου
2324 5389 2701 5459 Ἀποκάλυψις.
2779 5397 2864 5445 κα¹
2890 5430 2906 5454 ,

2159 5481 2483 5536 Διδασκαλία
2571 5483 2903 5556 Κλήμεντος.

558 5620 601 5652 ⁸·
620 5616 754 5673 Cum
772 5613 1146 5699 superioribus
1161 5627 1469 5704 numerata...
1480 5689 1494 5704 ι
1528 5618 1572 5649 ⁸ο
1590 5615 1645 5671 ld
1665 5624 1768 5697 est,
1785 5616 2006 5704 quintus
2027 5617 2287 5704 libroruin
2309 5619 2561 5704 versibus
2589 5621 2977 5702 constantiam;
3006 5620 3042 5704 l:
3068 5619 3349 5704 Epiphan;
3382 5618 3456 5704 Ife
3481 5618 3705 5704 inmutat

480 5690 662 5760 pond.,
696 5706 746 5745 c.
772 5690 823 5743 4.
884 5691 924 5721 ⁸⁸
952 5689 1084 5746 Vide
1106 5691 1171 5760 ad
1205 5692 1410 5743 llerune
1440 5689 1573 5760 lib.l
1604 5728 1616 5750 ,
1666 5688 1768 5760 vis.
1811 5691 1867 5749 2,
1912 5704 2030 5760 cap.
2075 5688 2128 5760 5.

2236 5690 2280 5757 ξ’
2309 5688 2483 5744 Locus
2530 5705 2735 5757 vacuus
2781 5691 2834 5746 in
2880 5683 3223 5749 membra-nis.
3302 5690 3350 5723 “
3399 5692 3439 5750 i'.
3470 5683 3705 5757 ἀνάληψις

479 5750 726 5825 Μωσέως
750 5760 1053 5831 Assumptio
1119 5758 1305 5828 Hosis,
1354 5773 1421 5813 ex
1459 5756 1777 5823 Athanasio,
1820 5766 1873 5812 et
1915 5750 2098 5832 Niccpl

2171 5775 2213 5815 '0
2238 5752 2342 5814 CP.
2419 5758 2464 5792 δ”
2503 5758 2541 5815 1⁵.
2562 5750 2807 5833 Πράξεις.
