3900 6334
206 328 307 383 517

1007 332 1607 392 CONSTITUTIONES
1644 332 2119 393 APOSTOLICIE.
2155 371 2221 379 —
2244 336 2604 398 PROMZMIA.

3355 349 3463 408 518

198 446 390 501 ctrina.
414 444 508 509 25,
533 446 817 519 Polycarpi
850 449 947 505 Do-
1021 451 1126 514 κδ’,
1162 452 1414 521 Ἰγνατίου
1433 453 1765 508 διδασκαλία.

1872 453 1989 527 ὥρᾳ
2043 455 2255 528 δεκάτῃ
2306 458 2407 528 τῆς
2449 455 2640 522 νυκτὸς
2707 471 2909 511 omnem
2930 460 3167 513 morbum
3188 468 3237 515 et
3259 478 3463 517 omnem

197 550 361 596 trina.
442 542 541 606 24,
611 543 951 616 Evangelium
1022 553 1129 615 κγ’,
1171 548 1526 620 Πολυκάρπου
1554 548 1781 605 διδασκα⁴

1879 546 1939 618 (f-
1967 540 2163 621 ἑϐδόμη
2184 550 2283 622 τῆς
2303 552 2558 623 ἡμέρας),
2580 552 2639 605 ὲν

192 637 476 691 secundum
505 637 827 696 Barnabam.
858 641 947 707 25,
1024 639 1236 707 λία.κδ’,
1268 643 1596 713 Εὑαγγέλιον
1634 643 1775 698 κατά

1874 644 1953 715 τῷ
1994 646 2225 720 Ἰορδάνῃ
2258 647 2509 719 ποταμῷ.
2545 650 2637 702 Ἔ-

196 724 539 797 Evangelium

186 819 525 878 lett/tecum.
1019 835 1158 887 κατὰ
1183 835 1474 891 Ματθαῖον.

254 933 365 990 Ubi
408 936 637 1009 Διδαχὰς
675 940 785 994 τῶν
820 942 1130 1000 ἀποστόλων
1166 955 1221 1004 et
1239 950 1596 1007 Διδασκαλίαν
1624 954 1769 1027 Κλή-

186 1044 384 1098 μεντος
410 1028 675 1102 diStingui
703 1031 886 1102 video,
916 1052 1026 1093 non
1063 1039 1222 1096 video
1261 1058 1370 1113 qua
1412 1044 1621 1099 ratione
1649 1046 1769 1101 dis-

181 1121 527 1190 tinguantur.
570 1123 769 1191 Quidni
802 1135 860 1183 ut
895 1127 1077 1197 Liber,
1111 1132 1141 1186 Ξι
1168 1132 1318 1190 Libri
1345 1135 1627 1209 Epitome?
1684 1138 1764 1194 Ad

178 1214 293 1270 haec
316 1218 507 1274 multae
530 1219 750 1277 fuerunt
776 1223 1116 1282 διδασκαλίαι
1165 1238 1220 1286 et
1247 1232 1538 1291 Doctrinae.
1572 1232 1763 1306 lgnatii

177 1316 227 1363 et
254 1307 553 1384 Polycarpi
576 1313 686 1370 hic.
720 1315 978 1374 Doctrina
1006 1319 1175 1390 Petri,
1212 1325 1355 1394 apud
1383 1324 1671 1398 Origenem
1708 1336 1763 1383 et

178 1400 606 1462 Damascenum.
642 1409 988 1467 Διδασκαλίαι
1042 1414 1150 1467 τῶν
1203 1417 1373 1485 ἁγίων
1426 1419 1757 1486 ἀποστόλων,

178 1495 269 1550 lib.
324 1512 383 1561 ν,
422 1497 565 1567 juris
616 1498 1072 1561 Gnaeo-Romani
1125 1508 1180 1563 in
1246 1509 1673 1583 lnterrogatione
1723 1513 1759 1567 2

176 1582 347 1638 llarci
377 1584 728 1643 Alexandrini
764 1602 817 1646 et
846 1591 1221 1664 Responsione
1267 1582 1539 1655 Theodori
1569 1602 1758 1677 Balsa-

176 1676 363 1732 monis
394 1677 463 1731 ad
501 1679 670 1747 illam,
710 1699 918 1739 necnon
954 1686 1259 1745 Didascalia
1288 1694 1604 1763 apostolica,
1634 1712 1755 1767 quae

176 1769 319 1838 apud
355 1769 639 1842 Ethiopes
662 1774 1064 1835 circumfertur.
1093 1781 1205 1837 Cur
1234 1784 1417 1855 itaque
1444 1802 1554 1843 non
1577 1790 1750 1844 exsti-
1782 1810 1825 1868 Β

174 1862 301 1913 terit
346 1862 512 1915 etiam
547 1864 874 1922 Διδασκαλία
919 1870 1254 1945 Κλήμεντος,
1285 1877 1500 1934 diversa
1528 1894 1560 1933 a
1580 1881 1752 1936 Καθο-

172 1948 292 2041 λικῇ
326 1951 677 2041 διδασκαλίᾳῖ
705 1957 783 2011 Ad
825 1959 878 2013 4.
911 1959 1053 2017 Bene
1082 1963 1190 2018 duo
1220 1966 1340 2019 libri
1374 1966 1511 2022 ﬁunt
1534 1969 1593 2024 in
1623 1969 1756 2041 Syn-

178 2040 293 2105 opsi
353 2040 637 2099 Athanasii
680 2050 935 2117 vocitata,
959 2052 1157 2126 Διδαχὴ
1186 2056 1294 2109 τῶν
1322 2040 1750 2127 ἀποστόλων,ῗθι

174 2127 516 2217 Κλημέντια,
568 2152 677 2206 quo
723 2148 883 2208 pacto
925 2143 1066 2212 apud
1114 2143 1405 2217 Nicephori
1452 2148 1748 2208 Historiam

306 2235 393 2285 ιιι,
422 2238 542 2294 cap.
585 2227 671 2291 18,
695 2229 975 2296 Διατάξεις
1014 2216 1366 2292 ἀποστολικαί
1411 2248 1467 2294 et
1496 2239 1565 2295 τὰ
1603 2241 1750 2314 Κλη-

177 2310 397 2379 μέντια.
427 2315 505 2369 Ad
530 2316 581 2371 5.
600 2319 679 2372 Ad
713 2322 961 2378 eumdem
1000 2325 1187 2382 forsan
1234 2330 1456 2385 modum
1485 2310 1749 2389 omittun-

174 2412 269 2461 tur
301 2408 373 2461 ab
401 2407 630 2465 Eusebio
656 2411 1008 2473 Clementiae:
1037 2418 1313 2488 Diataxes,
1353 2441 1584 2494 quarum
1616 2430 1744 2487 alibi

173 2496 428 2551 meminit
466 2500 567 2554 sub
616 2504 838 2560 nomine
872 2505 1253 2566 Doctrinarum
1297 2517 1742 2585 apostolicarum,

659 732 944 787 secundum
1022 737 1295 809 Βαρνάϐα.
1324 748 1420 801 κε’,
1446 741 1773 811 Εὐαγγέλιον

1876 752 2055 807 μεινεν
2079 738 2135 793 δὲ
2169 740 2265 794 σὺν
2292 740 2423 812 ἡμῖν
2458 742 2516 793 ὲν
2557 742 2635 815 τῷ

1873 833 2082 905 κόσμῳ,
2117 833 2408 908 κηρύσσων
2452 836 2513 889 τὸ
2545 838 2634 891 εὐ·-

1870 929 2120 998 αγγέλιον
2189 932 2291 1002 τῆς
2330 960 2336 966 ι
2357 930 2634 1002 βασιλείας

1868 1022 1974 1076 τῶν
2014 1024 2280 1095 οὐρανῶν,
2328 1027 2427 1079 καὶ
2470 1026 2632 1097 θερα-

1866 1117 2047 1171 πεύων
2095 1120 2274 1173 πᾶσαν
2327 1119 2481 1173 νόσον
2537 1120 2631 1175 καὶ

1864 1210 2045 1263 πᾶσαν
2108 1210 2377 1281 μαλακίαν
2438 1212 2496 1265 ἐν
2551 1212 2630 1284 τῷ

1862 1297 2010 1370 λαῷ,
2064 1299 2169 1365 ἕως
2223 1302 2436 1370 ἐγένετο
2493 1304 2628 1356 ἐτῶν

1861 1388 1959 1453 λ6’,
1990 1392 2084 1444 καὶ
2130 1393 2313 1465 μηνῶν
2352 1395 2539 1466 τριῶν,
2569 1396 2628 1449 ὲν

1858 1476 1913 1533 δὲ
1964 1482 2042 1553 τῷ
2098 1484 2405 1555 τριακοστῷ
2461 1486 2627 1557 τρίτῳ

1857 1567 1964 1621 ἔτει
2021 1566 2188 1623 αὐτοῦ
2264 1571 2623 1644 ἐσταυρώθη,

1854 1660 2113 1731 Φαμενὼθ
2164 1661 2244 1715 κθ⁹
2302 1660 2407 1735 [in
2452 1678 2620 1734 marg.

1852 1751 2103 1825 Μαρτίῳ,
2133 1753 2265 1825 κγ’],
2309 1753 2493 1827 ἡμέρᾳ
2534 1756 2625 1809 ἔκ-

1852 1861 1941 1917 τῃ,
1972 1845 2090 1919 ὥρᾳ
2116 1846 2247 1919 ἕκτῃ
2269 1844 2369 1918 τῆς
2388 1844 2623 1921 ἡμέρας.

1852 1939 1947 1991 καὶ
1990 1938 2090 2009 τῆς
2148 1938 2377 2011 σελήνης
2409 1939 2487 1992 ιδ’*
2527 1938 2623 1995 ἀν-

1852 2028 1982 2101 έστη
2033 2028 2089 2084 δὲ
2154 2032 2212 2083 ὲν
2294 2032 2612 2105 τριημέρῳ,

2705 554 3067 623 aegritudinem
3090 556 3143 609 in
3180 558 3368 625 populo
3393 558 3459 624 ⁸⁷,

2702 647 2865 702 donec
2918 658 3075 703 natus
3135 651 3236 719 fuit
3294 668 3461 707 annos

2702 754 2876 804 xxx",
2915 750 2965 794 et
3002 756 3200 796 menses
3229 750 3350 797 tres.
3394 743 3461 799 In

2703 836 2965 891 tricesimo
3048 840 3202 893 tertio
3285 849 3459 893 autem

2699 934 2873 988 atatis
2913 951 3024 990 sum
3067 951 3205 990 anno
3246 936 3459 1006 crucifi-

2696 1044 2797 1083 xus
2834 1039 2933 1094 est,
2979 1028 3323 1087 Phamenoth.
3360 1032 3455 1099 23,

2698 1118 2909 1190 (Martii
2941 1119 3032 1192 25)
3058 1121 3123 1185 ⁸⁸,
3166 1122 3249 1176 die
3289 1132 3456 1191 sexto,

2695 1210 2827 1266 hora
2877 1211 2981 1266 diei
3026 1222 3194 1279 sexta,
3243 1221 3290 1267 et
3343 1228 3454 1279 xlv,

2694 1301 2866 1356 Luna.
2915 1301 3223 1356 Resurrexit
3283 1316 3458 1358 autem

2694 1395 2750 1448 in
2801 1394 2999 1460 triduo,
3047 1398 3238 1451 mensis
3282 1397 3457 1451 ler-

2695 1484 2861 1538 muthi
2891 1487 2941 1550 1,
2983 1485 3195 1558 (Martii
3232 1487 3323 1557 27)
3371 1488 3456 1543 die

2691 1579 2883 1648 primo,
2913 1579 3043 1634 hora
3077 1594 3227 1635 sexta
3252 1583 3450 1648 noctis;

2690 1683 2739 1726 et
2782 1676 2921 1727 visus
2959 1684 3037 1728 est
3092 1675 3155 1727 ab
3209 1676 3450 1731 omnibus

2692 1769 2839 1822 nobis
2881 1768 3154 1837 discipulis
3191 1771 3304 1840 ejus
3345 1770 3389 1804 δ’
3430 1790 3451 1837 ;

2691 1877 2753 1913 ac
2807 1861 3164 1930 manifestavit
3222 1863 3451 1933 gloriam

2689 1968 2844 2006 suam
2871 1968 2962 2020 per
2978 1952 3088 2006 dies
3119 1953 3447 2024 quadragin-

2691 2052 2766 2106 ta,
2811 2041 3000 2097 docens
3044 2060 3137 2097 nos
3159 2045 3451 2113 prwdicare

1850 2121 2147 2194 Ηαρμουθή
2187 2122 2279 2193 (al.
2311 2120 2609 2198 Φαρμουθὶ)
2685 2134 2738 2186 in
2756 2134 2962 2187 nomine
2978 2151 3072 2188 suo
3091 2137 3447 2203 pmtitentiam

1850 2214 1911 2288 (f.
1945 2215 2115 2271 deest.
2164 2217 2233 2287 α’)
2305 2216 2385 2288 [ἰιι
2438 2236 2612 2291 marg.

2687 2237 2736 2280 et
2790 2229 3152 2283 remissionem
3205 2243 3447 2299 peccato—

1863 2306 2176 2379 Ἀπριλλίῳ]
2230 2308 2413 2381 ἡμέρᾳ
2463 2311 2611 2382 πρώα
2683 2340 2801 2376 rum
2821 2323 3445 2395 7°.Assumptusestau-

1846 2422 1936 2476 τῃ,
1969 2405 2085 2478 ὥρᾳ
2117 2408 2249 2479 ἕκτη
2280 2409 2380 2479 τῆς
2399 2412 2606 2476 νυκτόςο

2686 2423 2786 2467 tem
2820 2413 3035 2469 Paehon
3067 2415 3267 2470 decimo
3285 2416 3444 2489 (Maii

1846 2500 1941 2551 καὶ
1970 2497 2123 2570 ὤφθη
2158 2502 2321 2554 πᾶσιν
2348 2502 2480 2572 ἡμῖν
2500 2508 2612 2567 τοῖς
2685 2505 2739 2575 5)
2769 2508 2839 2572 τι,
2864 2508 2994 2561 liora
3019 2508 3124 2563 diei
3164 2526 3322 2565 nona.

170 2603 277 2659 quo
326 2589 581 2646 videntur
623 2596 888 2663 praeteriri
926 2599 1278 2660 Clementina:
1311 2604 1547 2674 Periodi,
1604 2627 1744 2682 quas

170 2674 273 2729 alio
310 2677 367 2730 in
424 2677 546 2732 loco
596 2694 1008 2755 commemorat,
1057 2691 1337 2760 appellans
1365 2693 1510 2750 Petri
1554 2674 1740 2756 Actus.

168 2764 247 2819 Ad
294 2765 355 2820 6.
384 2766 533 2833 Quot
579 2771 685 2825 alia
732 2772 984 2830 Veterum
1020 2778 1190 2834 citare
1228 2781 1381 2837 licuit
1422 2785 1660 2855 Ariauis,
1690 2798 1744 2845 et

168 2855 518 2913 dissolvenda
544 2860 844 2919 Athanasio
886 2868 1224 2940 relinquere?
1256 2872 1420 2930 Verbi
1454 2878 1649 2948 gratia,
1685 2888 1744 2935 ut

172 2962 199 3001 ιι
242 2948 531 3006 Clemente
576 2968 686 3006 non
732 2954 1031 3025 discedam,
1069 2962 1503 3038 Recognitionum
1550 2969 1741 3040 libros,

169 3043 358 3113 plenos
388 3046 707 3102 Arianismi.
740 3048 871 3115 Quae
899 3057 1077 3107 tamen
1110 3054 1178 3109 ab
1215 3057 1282 3111 iis
1319 3060 1493 3117 fuisse
1530 3064 1742 3134 prolata

170 3148 269 3187 non
302 3134 545 3205 legimus
578 3136 635 3192 in
683 3135 742 3192 S.
783 3139 1063 3195 Athanasii
1096 3141 1347 3215 Scriptis.
1388 3149 1468 3205 Ad
1507 3152 1741 3222 primam
1769 3151 1810 3210 C

168 3226 601 3284 conclusionem.
635 3227 816 3285 Locus
845 3231 1119 3289 Anastasii
1162 3253 1269 3291 non
1307 3248 1486 3295 exstat
1521 3244 1743 3313 quidem

166 3315 215 3370 in
238 3316 653 3383 Quazstionibus
676 3321 837 3377 editis
869 3338 961 3394 per
984 3324 1248 3382 Jacobum
1274 3329 1614 3405 Gretserum;
1648 3338 1744 3393 sed

166 3407 214 3461 in
247 3408 506 3466 Editione
535 3410 787 3467 Gentiani
826 3413 1043 3471 llerveti
1075 3417 1369 3488 profertur.
1406 3423 1569 3480 Liber
1612 3444 1743 3484 vero

163 3512 258 3553 ms.
322 3513 480 3554 num.
542 3500 704 3565 1789,
765 3501 1031 3558 Thesauri
1088 3507 1247 3578 regii,
1300 3518 1423 3579 post
1468 3510 1744 3569 Anastasii

163 3596 504 3661 Quaestiones
535 3607 775 3665 centum,
807 3600 971 3657 habet
999 3605 1263 3675 scriptum
1292 3625 1306 3660 :

161 3728 233 3785 De
276 3735 614 3806 apparitione
665 3735 880 3806 Domini
900 3754 919 3803 ;

256 3820 325 3858 ea:
345 3804 817 3863 Constitutionibus

375 3878 705 3944 apostolicis.

224 3979 374 4034 Nam
415 3992 572 4037 natus
600 3984 807 4054 quidem
840 3999 918 4040 est

156 4070 415 4129 Dominus
502 4086 679 4129 noster
761 4076 794 4130 Ι1
799 4094 918 4131 esus

155 4166 403 4225 Christus
455 4188 520 4226 ea:
571 4183 758 4228 sancta
798 4174 919 4228 Vir-

152 4264 265 4333 gine
287 4263 352 4318 Η
358 4266 495 4331 aria,
520 4266 572 4321 in
595 4267 912 4335 Bethleltem,

153 4361 439 4415 secundum
462 4361 743 4434 Egyptios
764 4365 915 4421 Chae-

152 4474 212 4511 σε
238 4458 311 4514 29
338 4459 404 4524 ⁸⁸,
430 4459 562 4513 hora
588 4461 790 4516 decima
819 4481 915 4517 no—

150 4558 278 4621 ctis;
313 4559 454 4621 quod
480 4570 559 4615 est
587 4577 684 4617 vm
713 4562 913 4618 Kalen-

148 4654 245 4709 das
267 4655 550 4713 Januarii.
592 4660 910 4730 Baptizatus

148 4764 327 4808 autem
363 4766 439 4810 est
468 4758 731 4813 tricesimo
773 4770 909 4815 teta-

149 4848 215 4901 tis
236 4866 356 4904 sua:
393 4868 552 4916 anno,
603 4869 635 4906 a
678 4852 905 4920 Joanne,

148 4944 207 4998 11
251 4949 448 5001 mensis
501 4947 657 5018 Tybi,
697 4948 907 5005 Janua-

148 5043 211 5093 rii
242 5044 299 5104 6,
347 5044 474 5098 hora
514 5046 736 5115 septima
777 5048 905 5113 diei,

146 5138 196 5189 in
227 5140 394 5207 ﬂuvio
416 5140 670 5198 Iordane.
707 5143 909 5200 Mansit

147 5245 323 5288 autem
344 5236 608 5291 nobiscum
624 5240 676 5293 in
692 5240 905 5307 mundo,

146 5328 443 5391 praedicans
468 5331 794 5401 evangelium
825 5350 907 5388 re-

146 5422 233 5486 gni
272 5423 544 5489 calorum,
592 5435 642 5479 et
710 5442 903 5483 curans

213 5637 263 5669 ⁸³
325 5634 455 5692 Vide
513 5637 655 5692 infra
720 5641 787 5696 ad
834 5642 926 5698 lib.

148 5705 401 5778 gnatm.
458 5722 537 5775 tv,
601 5711 707 5778 ss;

149 5770 189 5804 ’¹
216 5777 340 5831 Maii
369 5780 417 5835 3.

788 5726 864 5779 ιι,
896 5712 986 5770 55.
1064 5714 1110 5747 “

994 3739 1299 3827 "glaeie-71;.
1315 3744 1632 3827 ἐπιξρανείας
1648 3748 1744 3804 τοῦ

1029 3813 1232 3883 Κυρίου
1251 3830 1264 3841 ο
1283 3814 1347 3867 ὲκ
1365 3813 1470 3869 τῶν
1489 3818 1714 3872 ἀποστο-

1059 3881 1225 3936 λικῶν
1250 3886 1667 3958 Δια-ταγμάτων.

1069 4004 1289 4080 Ἐτέχθη
1325 4010 1422 4081 μὲν
1452 4010 1560 4083 γὰρ
1587 4012 1615 4063 ὁ
1642 4009 1748 4065 Κύ-

986 4116 1102 4171 ριος
1152 4105 1310 4175 ἡμῶν
1368 4107 1573 4179 Ἰησοῦς
1613 4110 1747 4181 Χρια

986 4196 1109 4260 στος
1154 4199 1217 4253 ἐκ
1260 4200 1361 4273 τῆς
1399 4204 1558 4272 ἁγίας
1606 4222 1746 4278 παρ-

985 4292 1136 4349 θένου
1165 4299 1383 4371 Μαρίας
1400 4301 1459 4355 ὲν
1477 4302 1742 4375 Βηθλεὲμ,

982 4389 1040 4442 ὲν
1071 4393 1200 4463 μηνὶ
1244 4394 1384 4449 κατὰ
1417 4398 1747 4464 Αἰγυπτίους

1849 2590 2118 2663 μαθηταῖς
2171 2592 2371 2647 αὑτοῦ·
2446 2598 2539 2649 καὶ
2614 2599 2957 2671 ἐφανέρωσεν
3014 2601 3111 2673 τὴν
3159 2601 3315 2668 δόξαν
3355 2604 3445 2659 αὐ·

1844 2681 1956 2736 ’ποῦ’
1979 2681 2043 2736 δι’
2074 2684 2297 2755 ἡμερῶν
2330 2688 2768 2760 τεσσαράκοντα,
2812 2691 3077 2746 διδάσκων
3125 2696 3276 2765 ἡμᾶς
3341 2714 3441 2768 κη·-

1845 2774 2064 2848 ρύσσειν
2117 2778 2209 2830 ἐπὶ
2266 2778 2343 2851 τῷ
2387 2780 2611 2852 ὀνόματι
2647 2783 2812 2836 αὑτοῦ
2858 2786 3144 2856 μετάνοιαν
3183 2788 3277 2840 καὶ
3301 2788 3439 2858 ἄφε-

1846 2885 1929 2923 σιν
1977 2868 2275 2942 ἁμαρτιῶν.
2321 2870 2615 2947 Ἀνελήφοη
2679 2876 2733 2930 δὲ
2785 2877 2983 2947 Παγὼν
3025 2886 3074 2949 γ’
3125 2878 3195 2952 (f.
3245 2879 3305 2953 t')
3356 2879 3440 2953 [in

1844 2975 2016 3032 marg.
2048 2963 2322 3036 Ma‘iqoy’],
2375 2965 2494 3040 ὥρᾳ
2542 2966 2585 3021 θ’
2616 2970 2717 3041 τῆς
2745 2972 2979 3045 ἡμέρας.

1844 3116 2097 3191 Idemque
2152 3120 2513 3193 fragmentum
2561 3127 2625 3180 ἐκ
2670 3127 2779 3182 τῶν
2825 3129 3201 3186 ἁποστολικῶν
3238 3134 3435 3188 Διατά-

1846 3211 1978 3277 ξεων
2007 3216 2225 3270 exhibet
2247 3217 2415 3271 codex
2445 3218 2604 3283 1067,
2634 3237 2757 3274 cum
2786 3225 3113 3292 quibusdam
3154 3228 3432 3282 varietati-

1844 3302 1985 3369 bus;
2018 3315 2076 3358 ut
2115 3306 2259 3375 quod
2303 3311 2667 3376 praetermittit
2690 3329 2811 3382 qua:
2855 3315 2911 3368 in
2948 3316 3191 3387 margine
3227 3318 3432 3388 prioris

1845 3395 2119 3466 leguntur,
2149 3407 2202 3451 et
2232 3399 2376 3469 quod
2411 3416 2519 3455 non
2562 3404 2713 3472 ponit
2751 3405 2869 3462 dies
2899 3410 3167 3463 mensium
3202 3410 3429 3483 Chmac,

1846 3480 1982 3554 Tybi
2010 3492 2065 3539 et
2110 3483 2468 3543 Phamenoth.
2515 3488 2713 3545 Verum
2767 3493 2874 3547 dici
2926 3502 3105 3564 potest
3147 3480 3427 3566 pertinere

1845 3573 2292 3648 ἀποσπασμάτιον
2308 3579 2375 3634 ad
2389 3579 2748 3647 Διδασκαλίας
2792 3591 2845 3639 et
2878 3579 3115 3651 Διδάξεις
3152 3590 3261 3644 τῶν
3298 3592 3433 3644 ἀπο-

1848 3666 2081 3733 στόλων,
2112 3676 2202 3721 aut
2227 3669 2296 3723 ad
2334 3669 2589 3728 Diataxes
2621 3675 2846 3744 primas,
2872 3678 2953 3733 Vel
2980 3680 3214 3750 aliquam
3242 3698 3428 3738 earum

1845 3756 2316 3827 interpolationem
2364 3762 2519 3817 nobis
2564 3762 2931 3836 incognitam;
2984 3772 3162 3840 qualis
3211 3772 3429 3828 Aithio-

1844 3848 2176 3920 pica;quam
2202 3862 2398 3906 nostrae
2414 3856 2606 3922 partim
2637 3857 2868 3913 similem
2898 3875 3042 3927 esse,
3080 3865 3278 3933 partim
3308 3865 3425 3921 dis-

1846 3941 2100 4006 similem,
2138 3944 2415 4016 colligitur
2446 3964 2513 4003 ex
2546 3948 2612 4003 iis
2661 3965 2782 4018 quae
2825 3953 2968 4021 apud
3017 3954 3338 4011 Damianum
3394 3974 3423 4012 a

1845 4031 1990 4090 Goes
2019 4034 2086 4089 de
2144 4034 2461 4107 [Ethiopum
2508 4040 2767 4110 religione
2815 4042 3150 4101 referuntur.
3199 4045 3340 4102 Sane
3370 4049 3421 4103 in

1850 4123 2233 4191 Quwstionibas
2278 4127 2576 4196 Anastasii,
2609 4140 2799 4201 quaest.
2834 4133 2923 4197 60,
2953 4152 3008 4205 p.
3032 4136 3158 4201 598,
3188 4138 3290 4192 ista
3324 4139 3421 4192 ha-

1844 4217 2065 4283 bentur,
2101 4234 2167 4274 ex
2198 4219 2696 4280 Constitutionibus
2754 4228 3093 4297 apostolicis,
3140 4230 3267 4283 ὅταν
3311 4230 3420 4302 γὰρ

1846 4309 2067 4383 καθίσῃ,
2097 4320 2226 4375 etc.,
2258 4328 2359 4366 nec
2383 4313 2735 4369 inveniuntur
2757 4316 2811 4370 in
2842 4319 3067 4375 nostris.
3094 4319 3419 4391 Apostolicxe

1843 4402 2006 4454 etiam
2045 4402 2230 4457 nescio
2265 4404 2423 4473 cujus
2459 4406 2884 4464 Constitutionis
2933 4407 3123 4465 Jacobi
3170 4413 3416 4467 meminit

979 4482 1152 4537 XOtdtx
1236 4485 1341 4555 (al.
1409 4488 1596 4560 Χυὰκ)
1664 4495 1781 4549 xa’l

1843 4490 2078 4549 Joannes
2108 4493 2360 4551 Nicaenus
2388 4499 2455 4552 de
2477 4499 2762 4554 nativitate
2792 4500 3003 4554 Domini
3033 4511 3164 4557 tom.
3196 4500 3239 4555 ιι
3303 4505 3415 4555 Λιι-

980 4579 1043 4653 (f.
1073 4581 1176 4653 κθ¹)
1222 4582 1302 4655 [in
1333 4600 1504 4656 marg.
1538 4588 1736 4660 Δεκεμ-

978 4674 1116 4747 ϐρίῳ
1148 4676 1207 4749 (f.
1256 4679 1379 4733 add.
1422 4680 1519 4751 κε’)
1540 4681 1581 4754 ],
1616 4680 1736 4755 ὥρᾳ

976 4773 1176 4846 ἐϐδόμῃ
1244 4775 1345 4845 τῆς
1400 4778 1614 4850 ἡμέρας
1672 4778 1734 4849 (l-

973 4864 1171 4937 δεκάτῃ
1200 4866 1300 4937 τῆς
1342 4869 1575 4935 νυκτός),
1622 4870 1649 4922 ὅ
1682 4870 1736 4923 ὲο

974 4971 1087 5008 στιν
1118 4956 1222 5026 πρὸ
1264 4954 1407 5010 ὀκτὼ
1447 4958 1734 5013 Καλάνδων

986 5048 1326 5119 Ἰανουαρίων
1343 5065 1355 5076 ’
1426 5049 1727 5122 ἐϐαπτίσθη

973 5143 1027 5196 δὲ
1070 5145 1128 5197 ὲν
1175 5144 1252 5215 τῷ
1291 5146 1595 5218 τριακοστῷ
1634 5150 1733 5202 αὺ-

972 5235 1067 5288 τοῦ
1084 5235 1211 5300 ἔτει,
1234 5236 1339 5290 ὑπὸ
1354 5236 1616 5304 Ἰωάννου,
1635 5240 1728 5296 τοῦ

974 5328 1121 5401 Τυὸὴ
1173 5328 1266 5400 (al.
1311 5330 1465 5401 Τυϐὶ)
1515 5339 1602 5397 ια’,
1649 5332 1731 5405 [in

974 5443 1145 5499 marg.
1210 5426 1568 5501 Ἰαννουαρίῳ,
1627 5430 1729 5504 ς”.]

979 5660 1032 5711 ν’
1064 5639 1338 5769 sagati?
1393 5652 1478 5769 eis
1509 5645 1591 5703 μ’

1199 5716 1325 5769 artii
1406 5716 1496 5773 25.

1701 5648 1748 5681 ⁸⁸
1785 5650 2098 5709 Decembris
2150 5653 2260 5718 25,
2330 5655 2367 5712 1.
2425 5654 2620 5713 Chron.
2682 5660 2836 5716 Alex.
2873 5700 2887 5719 .

1604 5719 1648 5752 ⁶⁹
1675 5719 1845 5792 Aprili
1880 5726 2111 5780 maxima
2144 5742 2208 5781 ex
2256 5736 2410 5797 parte
2441 5729 2753 5800 respondet.
2838 5732 2885 5765 "
2923 5719 3058 5790 L'uc.
3127 5719 3273 5798 xxiv,
3306 5727 3397 5789 Π.

1842 4584 1995 4638 ctarii
2024 4584 2428 4644 Combelisiani.
2457 4587 2634 4660 Atque
2663 4592 3015 4661 apostolicam
3055 4592 3412 4647 Constitutio-

1835 4692 1959 4732 nem
1989 4676 2232 4733 lictitiam
2261 4696 2363 4735 nec
2384 4690 2687 4737 exstantem
2707 4694 2897 4738 contra
2930 4700 3115 4739 sacras
3147 4685 3411 4754 imagines

1836 4767 2136 4825 Catholicis
2169 4771 2432 4839 objiciunt
2472 4772 2817 4830 lconomachi
2857 4777 2997 4845 apud
3040 4775 3406 4846 Nicephorum

1836 4860 1943 4917 ΟΡ.
1967 4862 2022 4917 in
2050 4863 2420 4920 Antirrhetico
2446 4865 2502 4931 2,
2541 4867 2663 4922 cod.
2685 4867 2816 4940 Reg.
2852 4868 2973 4923 781.
3018 4868 3153 4924 Vide
3190 4884 3408 4940 quoque

1836 4954 1980 5009 infra
2009 4954 2075 5009 ad
2109 4956 2203 5011 lib.
2236 4972 2321 5022 ιιι,
2356 4973 2481 5029 cap.
2518 4958 2604 5015 M.

1892 5068 1975 5123 Ad
2008 5068 2044 5123 2
2088 5071 2518 5127 conclusionem.
2557 5072 2786 5127 Etiamsi
2824 5074 3157 5129 concedatur
3199 5074 3406 5127 Doctria

1823 5174 1947 5213 nam
1985 5161 2347 5229 apostolorum
2386 5170 2441 5217 et
2472 5162 2889 5218 Constitutiones
2934 5164 3171 5227 differre,
3226 5166 3407 5219 incero

1820 5257 1938 5306 tum
1970 5252 2147 5308 adhuc
2187 5260 2450 5317 remanet,
2488 5270 2555 5307 an
2594 5255 2891 5326 primarum
2936 5256 3401 5311 Constitutionum

1823 5352 2116 5415 corruptor
2142 5345 2286 5399 illam
2318 5344 2628 5400 Doctrinam
2650 5348 2989 5419 compilarit;
3024 5349 3165 5404 sicut
3188 5348 3405 5419 Episto-

1825 5434 1933 5490 lam
1961 5436 2223 5492 Barnabte
2246 5438 2460 5495 videtur
2486 5439 2865 5511 exscripsisse.
2897 5440 3178 5495 Concludo
3208 5456 3310 5511 ego
3337 5454 3402 5495 ex

2951 5676 3005 5731 p.
3064 5661 3172 5717 552
3191 5701 3206 5725 ,
3269 5658 3395 5731 551.
