3900 6334
516 290 620 346 519

1380 291 1440 349 S.
1477 292 1880 351 CLEMENTIS
1912 294 1934 350 l
1965 294 2133 352 ROM.
2169 294 2369 353 PONT.
2406 294 2632 354 OPERA
2663 293 2891 350 DUBIA.
3602 306 3678 363 520

514 414 643 461 ante
671 402 857 470 dictis,
889 404 1228 476 probabilius
1266 410 1481 465 censeri
1512 409 1730 483 διδαχὴν
1758 411 1901 467 inter
1927 419 1982 467 et
2021 411 2098 466 δι-
2125 418 2173 477 Α
2202 414 2390 469 limine
2413 413 3043 488 Conciliorumyonere;
3089 430 3193 485 quo
3231 412 3295 471 de
3333 416 3504 474 ultimo
3537 434 3682 482 auctor

513 497 810 551 δασκαλίαν
839 512 903 553 ac
928 497 1168 563 διάταξιν
1198 500 1335 555 nihil
1373 501 1710 559 intercedere
1733 503 2088 559 discriminis.

586 588 815 660 Reliqua
840 590 908 644 ad
928 589 1365 648 Constitutiones
1396 595 1725 665 apostolicas
1745 596 2091 665 pertinentia,

516 682 601 738 vel
631 682 749 738 visa
781 690 911 737 sunt
950 684 1153 738 leviora
1185 701 1249 740 ac
1284 686 1520 749 tritiora,
1558 687 1642 742 vel
1698 687 1839 742 infra
1868 687 1925 743 in
1955 686 2091 743 locis

517 777 909 841 controversis,
949 777 1367 847 explicabuntur
1399 779 1760 836 commodius.
1798 779 1915 835 Non
1953 795 2094 851 prae-

515 870 691 925 teribo
713 876 894 925 tamen
917 869 1200 940 quaeinter
1220 871 1506 927 scribenda
1528 872 1643 933 haec
1667 872 1854 928 didici.
1884 870 1924 927 l.
1949 872 2093 926 Non-

516 962 669 1016 nulla
730 962 923 1015 harum
967 960 1436 1017 Constitutionum
1494 964 1735 1034 capitula
1784 964 1975 1019 referri
2035 964 2091 1026 in

518 1053 787 1124 principio
818 1056 981 1108 trium
1009 1054 1400 1110 Collectionum
1431 1069 1700 1109 canonum
1719 1072 1884 1110 manu
1904 1071 2097 1111 exara-

519 1144 835 1215 taruchg.
858 1145 1115 1200 Biblioth.
1139 1146 1299 1202 unius
1330 1147 1594 1211 Arabica,
1623 1147 1931 1202 Graecarum
1962 1148 2096 1201 alia-

518 1251 661 1292 rum.
692 1235 752 1291 ll.
778 1236 1031 1294 Solemne
1055 1235 1177 1299 esse
1206 1239 1597 1305 Orientalibus,
1622 1240 1808 1296 eadem
1838 1239 2018 1311 capita
2041 1240 2096 1294 in

2199 504 2334 559 mihi
2366 504 2640 560 Abraham
2671 505 3039 563 Ecchellensis
3068 507 3121 562 in
3150 507 3298 563 Notis
3335 510 3397 564 ad
3428 511 3681 584 Catalogum

2200 596 2507 668 Ilebedjesu
2539 613 2591 667 p.
2626 598 2750 663 167,
2798 608 2906 654 etc.
2954 598 3084 653 Nam
3119 599 3184 655 de
3222 606 3379 656 totius
3407 606 3563 672 operis
3585 606 3685 660 Ara-

2195 689 2319 746 bica
2348 690 2599 747 versione
2623 692 2962 761 exploratum
2988 692 3267 757 habebam,
3297 709 3405 749 eam
3432 696 3479 748 in
3499 712 3588 751 non
3608 714 3686 753 una

2200 780 2535 836 Bibliotheca
2583 782 2809 837 servari.
2860 780 2946 847 Ill,
2991 783 3221 852 denique
3266 798 3403 852 spem
3439 784 3560 849 dari,
3598 787 3689 843 Cle-

2198 874 2471 929 mentinas
2495 874 2912 929 constitutiones
2941 889 3063 929 cum
3089 874 3253 931 variis
3280 876 3601 944 apostolorum
3622 894 3688 931 ca-

2195 965 2433 1020 nonibus
2459 965 2689 1035 aliisque
2710 963 3037 1035 Ethiopicis
3064 966 3279 1035 scriptis
3312 966 3448 1021 brevi
3486 966 3533 1021 in
3557 968 3688 1024 lucem

2196 1055 2533 1126 prodituras.
2561 1071 2693 1111 cura
2720 1064 2774 1111 et
2794 1056 2977 1111 studio
3003 1054 3277 1111 Vanslehii
3305 1056 3561 1112 clarissimi
3581 1058 3689 1114 illius

2216 1148 2416 1219 linguai
2444 1149 2659 1220 peritia,
2689 1150 2747 1205 in
2767 1149 3188 1205 Praedicatorum
3218 1147 3408 1203 familia
3435 1148 3646 1223 theologi.

1614 1577 2229 1667 FRANCISCI
2310 1575 2579 1665 PAGI

1040 1776 1131 1834 DE
1164 1772 1845 1835 CONSTITUTIONIBUS
1879 1770 1969 1827 ET
2002 1767 2403 1828 CANONIBUS
2434 1766 2883 1825 APOSTOLICIS
2915 1766 3258 1824 JUDICIUM.

951 1933 1060 2003 (Ea:
1096 1936 1597 1993 breviarioCestorio
1628 1934 1944 2002 Pontiﬁcum
1977 1930 2357 1995 Romanorum,
2390 1930 2445 1983 in
2482 1928 2603 1982 Vita
2628 1926 2929 1993 Clementis,
2967 1925 3063 1998 §V
3092 1936 3142 1981 et
3163 1928 3326 1999 seqq.)

590 2232 687 2291 llic
715 2233 906 2308 paucis
936 2233 1202 2303 agendum
1228 2230 1293 2285 de
1312 2227 1807 2285 Constitutionibus
1837 2234 1890 2279 et
1914 2224 2083 2278 Cano-

2192 2238 2364 2294 videri
2391 2236 2603 2293 scribit.
2636 2234 2795 2291 Ratio
2832 2236 3034 2307 prioris
3070 2243 3177 2299 est,
3217 2234 3342 2306 quia
3372 2222 3692 2290 Constantinus

516 2330 679 2385 nibus
708 2326 1075 2399 apostolorum
1106 2325 1324 2378 nomine
1353 2320 1668 2390 inscriptis;
1700 2332 1929 2388 quarum
1958 2316 2094 2369 dua-

516 2434 637 2474 rum
662 2419 1038 2474 colleetionum
1088 2415 1243 2468 multi
1285 2421 1563 2466 auctorem
1610 2409 1815 2462 faciunt
1859 2406 1917 2461 S.
1967 2404 2090 2459 Cle-

516 2521 785 2579 mentem;
823 2511 950 2581 quia
981 2507 1111 2563 licet
1143 2506 1315 2562 ambae
1359 2505 1500 2558 inter
1546 2501 1855 2573 apocrypha
1899 2513 2091 2554 recen-

516 2608 759 2666 seantur,
779 2600 1016 2656 Canones
1038 2606 1216 2650 tamen
1244 2592 1603 2663 apostolorum
1630 2590 1788 2656 vulgo
1815 2586 1947 2640 dicti
1976 2584 2092 2639 sin-

513 2695 690 2765 gulari
728 2694 959 2763 quadam
991 2689 1248 2744 Ecclesia:
1290 2686 1584 2740 Primitive:
1617 2680 1864 2734 doctrina
1904 2674 2089 2732 referti

514 2794 664 2842 sunt.
693 2785 1124 2841 Constitutiones
1154 2780 1375 2851 quidem
1407 2792 1507 2831 vm
1547 2774 1700 2829 libris
1740 2769 2089 2839 comprehen-

514 2894 607 2934 sas
652 2878 881 2932 Carolus
926 2874 1145 2938 Bovius,
1203 2868 1529 2926 Ostunensis
1576 2864 1886 2935 episcopus,
1943 2872 2088 2914 anno

516 2972 657 3028 1575
685 2971 741 3024 in
766 2971 937 3023 lucem
969 2967 1169 3028 emisit,
1202 2972 1255 3019 et
1280 2979 1311 3018 e
1351 2962 1540 3016 Grzeco
1586 2959 1641 3012 in
1677 2955 1928 3009 Latinum
1970 2967 2088 3007 ser-

513 3078 728 3118 monem
760 3060 1057 3115 transtulit.
1084 3058 1187 3112 Eas
1212 3064 1399 3127 postea
1428 3052 1758 3108 Franciseus
1782 3046 2086 3101 Turrianus

514 3153 704 3209 Latine
735 3155 1117 3222 interpretatus
1139 3158 1243 3213 est,
1270 3157 1323 3202 et
1342 3144 1751 3201 commentariis
1771 3137 2082 3195 illustravit.

513 3244 713 3299 Verum
749 3244 938 3297 harum
969 3240 1433 3295 Constitutionum
1465 3244 1653 3289 auctor
1695 3248 1802 3287 non
1841 3238 1927 3286 est
1964 3228 2085 3283 Cle-

514 3354 669 3393 mens
716 3335 1014 3398 Ronianus,
1056 3333 1186 3403 quia
1238 3328 1529 3391 Eusebius,
1578 3327 1672 3382 lib.
1705 3340 1788 3389 ιιι,
1826 3340 1874 3380 c.
1909 3323 1996 3385 15,
2029 3329 2085 3377 et

514 3430 876 3499 Hieronymus
915 3426 986 3481 De
1022 3419 1366 3494 scriptoribus
1394 3415 1798 3485 ecclesiasticis,
1841 3429 1967 3469 cum
2016 3413 2084 3468 de

514 3522 734 3591 scriptis
768 3518 827 3573 S.
864 3515 1159 3570 Clementis
1197 3520 1384 3584 agunt,
1419 3525 1583 3565 unam
1630 3509 1894 3563 duntaxat
1934 3505 2082 3560 illius

513 3612 581 3667 ad
612 3609 924 3666 Corinthios
954 3605 1249 3676 Epistulam
1274 3609 1578 3659 recensent.
1612 3597 1881 3653 Praeterea
1918 3596 2081 3650 Hum-

513 3708 701 3761 bertus
734 3701 1374 3770 Cardinalis,episcopus
1420 3695 1581 3750 Silvae
1621 3694 1897 3756 Candidas,
1943 3691 2081 3744 Leo—

512 3799 600 3853 nis
621 3796 712 3860 IX,
736 3798 879 3866 apud
910 3790 1420 3859 Constantinopolin
1464 3789 1694 3859 legatus,
1739 3785 1939 3840 Niceta:
1979 3782 2081 3839 Pe-

512 3900 745 3953 ctorato,
762 3887 1223 3941 Constitutionum
1249 3881 1671 3952 apostolicarum
1692 3878 1813 3931 loca
1833 3875 2080 3946 quaedam

512 3992 703 4041 contra
735 3980 959 4035 Sabbati
985 3977 1274 4047 jejunium,
1308 3971 1607 4043 objicienti,
1657 3969 1743 4024 his
1780 3969 1963 4023 verbis
1994 3983 2078 4023 re-

513 4076 785 4150 spondet:
822 4074 936 4128 Hoc
972 4086 1203 4127 asserere
1234 4068 1441 4123 conaris
1480 4080 1543 4120 ea:
1573 4061 1895 4134 Apocrypln's
1931 4060 2079 4114 libris

510 4180 561 4224 et
590 4166 899 4230 canonibus,
930 4165 1049 4234 pari
1082 4160 1340 4215 sententia
1372 4158 1474 4214 SS.
1502 4157 1725 4211 Patrum
1757 4152 2081 4224 repudiatis;

510 4274 565 4323 et
608 4263 770 4334 paulo
799 4268 920 4331 post
958 4278 969 4313 :
1007 4255 1151 4311 Unde
1187 4271 1281 4307 nos
1307 4267 1505 4322 quoque
1536 4265 1686 4303 autne
1712 4244 2079 4316 Apocrypltum

513 4353 817 4424 abjicientes
844 4348 1190 4416 dedignamur
1224 4342 1410 4396 audire
1446 4356 1625 4395 eorum
1660 4336 1931 4407 fabulosus
1965 4344 2079 4386 tra-

510 4446 756 4504 ditiones,
802 4443 927 4514 quia
984 4456 1087 4494 non
1137 4445 1260 4491 sunt
1302 4444 1360 4488 ut
1402 4434 1485 4487 lea:
1534 4429 1767 4485 Domini.
1809 4427 2082 4482 Citaverat

509 4541 685 4589 autem
710 4529 926 4584 Nicetas
962 4528 1213 4598 quintum
1242 4532 1296 4579 et
1318 4522 1606 4592 septimum
1630 4519 1828 4573 librum
1853 4515 2084 4571 Ordina-

507 4626 741 4686 tionum,
774 4638 870 4677 seu
896 4618 1360 4675 Constitutionum
1385 4614 1829 4685 apostolicarum.
1864 4608 1943 4664 Ex
1976 4624 2083 4680 qua

510 4714 795 4771 Humberti
818 4712 1175 4781 responsione
1202 4707 1552 4765 Christianus
1589 4704 1794 4775 Lupus,
1825 4721 1879 4775 p.
1913 4719 1975 4768 ιι,
2014 4703 2082 4757 ad

507 4809 783 4863 Canonem
811 4822 850 4860 1:
879 4804 1222 4867 Trullanum,
1261 4798 1471 4869 colligit
1508 4795 1918 4853 Constitutiones
1960 4795 2081 4849 illas

508 4896 1010 4972 apocryphas'esse,
1044 4896 1211 4951 fuisse
1233 4892 1556 4949 sententiam
1583 4890 1726 4944 sedis
1747 4887 2076 4957 apostolicae,

507 4995 667 5063 cujus
698 4992 1020 5064 legationem
1075 4989 1401 5042 Humbertus
1437 4984 1677 5055 gerebat.
1723 4980 1924 5035 Praeter
1969 4977 2078 5032 Lu-
2110 5002 2154 5056 ι)

508 5102 657 5157 pum,
684 5083 894 5153 legendi
927 5082 1087 5136 etiam
1130 5077 1517 5134 Sehelstratins
1554 5075 1607 5129 in
1641 5090 1692 5144 p.
1735 5087 1776 5127 ιι
1812 5071 2072 5140 Antiquit.

520 5177 824 5236 illustrataz,
854 5174 1071 5229 dissert.
1097 5172 1153 5234 2,
1179 5186 1228 5226 c.
1253 5168 1539 5236 2;Natalis
1561 5165 1867 5221 Alexander
1884 5178 1995 5219 sec.
2022 5164 2074 5227 1,

508 5271 725 5340 aliique,
752 5269 844 5338 qui
869 5267 1022 5338 plura
1051 5266 1116 5320 de
1151 5265 1303 5320 hisce
1338 5260 1826 5318 constitutionibus
1850 5258 2071 5312 habent.

575 5348 751 5419 Ouod'
768 5360 962 5413 attinet
992 5357 1058 5411 ad
1090 5356 1488 5417 collectionem,
1526 5368 1647 5423 qua:
1682 5351 1784 5405 sub
1830 5349 2074 5419 ejusdem

506 5453 800 5509 Clementis
844 5451 1065 5505 nomine
1105 5448 1523 5509 circumfertur,
1574 5445 1667 5515 qui
1705 5442 2075 5513 apostolorum

506 5561 746 5599 canones
770 5558 997 5597 numero
1016 5542 1105 5606 85,
1138 5542 1193 5595 in
1223 5556 1391 5595 unum
1423 5554 1621 5609 corpus
1651 5538 1909 5593 collectas
1945 5534 2077 5590 ﬁde~

510 5640 652 5693 libus
675 5637 1025 5708 proposuisse
1054 5632 1392 5705 perhibetur,
1422 5647 1540 5686 eam
1564 5630 1756 5686 Petrus
1793 5629 1861 5684 de
1892 5628 2072 5684 Marsa

506 5730 764 5787 Concord.
787 5728 1066 5783 sacerdotii
1086 5738 1134 5780 et
1156 5726 1382 5795 imperii,
1408 5726 1500 5781 lib.
1534 5741 1613 5786 ιιι,
1638 5741 1669 5778 c
1712 5724 1766 5789 2,
1804 5739 1858 5777 n.
1891 5724 1944 5785 5,
1971 5737 2065 5775 an-

503 5836 758 5883 teriorem
786 5821 992 5895 synodo
1016 5820 1256 5885 Nicsena,
1279 5818 1371 5875 sed
1399 5818 1754 5889 posteriorem
1791 5830 1932 5871 anno
1959 5815 2064 5871 258

2193 2332 2323 2400 imp.
2356 2345 2440 2399 ep.
2473 2328 2509 2381 2
2535 2327 2602 2381 ad
2624 2327 2914 2383 Eusebium
2943 2336 2996 2381 et
3023 2325 3395 2381 Antiochenos
3422 2325 3541 2379 citat
3574 2339 3695 2378 cano-

2191 2437 2313 2477 nem
2349 2421 2432 2484 15,
2464 2435 2531 2475 ex
2556 2432 2675 2488 quo
2688 2418 2918 2481 eruitur,
2949 2431 3044 2472 eos
3070 2432 3312 2471 canones
3340 2423 3457 2470 ante
3482 2414 3691 2469 Nicmnam

2192 2513 2462 2584 synodum
2511 2512 2760 2580 cognitos
2811 2509 2999 2564 fuisse.
3050 2508 3161 2564 Eos
3198 2523 3327 2564 vero
3378 2508 3533 2562 fuisse
3562 2514 3696 2576 poste-

2190 2606 2365 2659 riores
2409 2619 2552 2657 anno
2591 2603 2719 2668 258,
2750 2617 2817 2657 ex
2860 2616 2925 2656 eo
2956 2600 3202 2667 deducit,
3237 2601 3376 2671 quod
3416 2597 3695 2653 Firmilianus

2190 2696 2453 2752 Caesarea:
2476 2696 2766 2765 episcopus
2796 2693 2865 2748 iis
2893 2708 3026 2749 usus
3048 2701 3132 2748 est
3162 2693 3229 2746 ad
3264 2691 3569 2763 probandam
3602 2703 3697 2741 con-

2191 2788 2560 2850 suetudinem,
2612 2802 2733 2858 qua:
2783 2786 3001 2857 vigebat
3050 2785 3105 2839 in
3157 2784 3398 2847 Oriente,
3440 2777 3695 2852 repudiandi

2188 2879 2570 2935 lnereticorum
2598 2876 2876 2946 baptismi,
2910 2890 3032 2928 cum
3068 2884 3253 2930 tamen
3307 2874 3407 2944 ipsi
3443 2880 3600 2943 aperte
3636 2870 3694 2923 la-

2188 2977 2396 3026 verent.
2431 2969 2619 3025 Canon
2652 2968 2796 3023 enim
2828 2967 2899 3022 45
2928 2968 3008 3021 sic
3045 2974 3345 3037 conceptus
3366 2973 3444 3021 est
3484 2984 3495 3015 :
3526 2962 3694 3031 Episco-

2184 3080 2309 3133 pum
2348 3063 2425 3116 vel
2468 3061 2847 3132 presbyterum,
2895 3060 2984 3129 qui
3017 3060 3383 3112 Itwreticorum
3425 3056 3697 3125 baptismum.

2187 3156 2265 3209 vel
2291 3155 2618 3223 sacri/icium
2650 3153 2946 3212 admiserit,
2982 3151 3172 3220 deponi
3210 3150 3470 3220 jubemus.
3512 3148 3619 3214 Qua
3645 3154 3699 3198 est

2184 3251 2324 3302 enim
2352 3246 2619 3300 conventio
2657 3244 2855 3299 Christi
2903 3260 3019 3297 cum
3056 3243 3275 3299 Belial?
3338 3242 3428 3295 Vel
3473 3256 3571 3311 qua:
3610 3254 3699 3305 pars

2183 3350 2261 3394 est
2287 3338 2431 3408 ﬁdeli
2459 3354 2576 3390 cum
2608 3336 2851 3406 inﬁdeli?
2908 3334 2972 3389 Et
3001 3350 3180 3389 canon
3200 3334 3271 3389 46
3315 3352 3327 3388 :
3363 3333 3615 3402 Episcopus
3646 3327 3699 3380 vel

2182 3428 2451 3501 presbyter
2469 3445 2609 3491 eum,
2649 3428 2739 3497 qui
2769 3443 2882 3481 vere
2909 3425 3061 3479 habet
3098 3425 3437 3494 baptismum,
3466 3425 3507 3478 si
3533 3421 3586 3475 de
3605 3422 3701 3473 inte-

2182 3537 2277 3593 gro
2313 3519 2691 3590 baptizauerit;
2725 3518 2800 3573 vel
2844 3519 2891 3572 si
2928 3533 3066 3581 eum,
3098 3519 3190 3587 qui
3223 3517 3287 3571 ab
3332 3516 3495 3585 impiis
3520 3513 3699 3582 pollutas

2181 3625 2282 3680 est,
2313 3632 2415 3669 non
2440 3613 2801 3674 baptizauerit,
2827 3610 3141 3679 deponatur,
3177 3620 3233 3663 ut
3267 3610 3356 3680 qui
3383 3607 3580 3662 irrideat
3597 3619 3702 3657 mor-

2186 3715 2289 3760 tem
2320 3716 2369 3760 et
2392 3721 2598 3758 crucem
2626 3702 2862 3768 Domini,
2896 3712 2945 3756 et
2975 3719 3077 3755 non
3107 3702 3376 3767 discernat
3406 3697 3657 3754 sacerdotes
3677 3709 3700 3744 α

2183 3797 2337 3866 falsis
2364 3793 2749 3850 sacerdotibus.
2778 3792 2913 3848 Cum
2941 3793 3124 3861 itaque
3144 3789 3490 3845 Firmilianus
3511 3789 3559 3841 in
3576 3785 3699 3855 epist.

2182 3890 2249 3944 ad
2287 3888 2623 3959 Cyprianum
2659 3894 2848 3940 contra
2894 3884 3279 3938 haarcticorum
3348 3883 3594 3953 baptisma
3625 3876 3701 3929 mi-

2180 3980 2369 4043 litans,
2400 3980 2853 4037 consuetudinem
2883 3994 2912 4032 a
2954 3978 3232 4049 Stephano
3262 3977 3409 4048 Papa
3452 3976 3699 4032 laudatam.

2181 4073 2323 4141 ston
2353 4072 2584 4135 acriore,
2613 4086 2775 4142 quam
2809 4072 3094 4141 oportebat
3127 4070 3493 4127 Christianum
3533 4068 3701 4137 episco-

2181 4175 2331 4230 pum,
2363 4160 2641 4229 excipiens
2670 4176 2814 4215 anno
2841 4160 2947 4214 256
2977 4168 3071 4215 aut
3092 4160 3201 4215 257
3227 4177 3338 4232 quo
3366 4177 3479 4216 eam
3508 4155 3702 4227 scripsit,

2185 4265 2434 4304 canones
2488 4250 2776 4321 prtedictos
2818 4268 2927 4305 non
2974 4252 3245 4322 allegarit,
3279 4268 3345 4307 ex
3375 4252 3489 4321 ejus
3528 4246 3703 4304 silentio

2180 4344 2436 4412 colligere
2484 4352 2590 4411 est,
2634 4344 2939 4415 incognitos
2982 4360 3046 4400 ea
3086 4352 3247 4400 aetate
3296 4344 3463 4399 fuisse
3512 4352 3704 4397 canones

2182 4436 2532 4505 apostolicos.

2252 4595 2359 4652 Eos
2385 4610 2646 4659 canones,
2679 4602 2804 4663 post
2829 4594 3050 4649 concilii
3076 4592 3286 4649 Nicmni
3349 4601 3590 4663 tempora,
3619 4598 3700 4640 tam

2184 4690 2239 4744 in
2271 4689 2492 4744 Oriente
2516 4703 2681 4759 quam
2731 4688 2786 4741 in
2844 4686 3160 4751 Occidente,
3191 4688 3335 4757 apud
3366 4685 3604 4756 quosdam
3620 4680 3700 4736 Ca-

2182 4784 2441 4847 tholicos,
2482 4781 2837 4852 praevaluisse
2872 4778 3047 4850 (varia
3099 4786 3285 4833 tamen
3339 4778 3406 4833 de
3433 4788 3598 4831 eorum
3623 4784 3700 4822 nu-

2181 4892 2333 4932 mero
2365 4873 2605 4946 fortuna)
2630 4876 2757 4929 licet
2786 4874 3043 4945 colligere
3072 4888 3136 4927 ex
3170 4870 3543 4942 antiquissima
3569 4876 3700 4918 cano-

2185 4986 2313 5024 num
2336 4969 2677 5036 collectione,
2705 4982 2827 5037 quae
2854 4967 3092 5037 primum
3119 4964 3175 5017 in
3221 4962 3442 5019 Oriente
3482 4975 3509 5013 a
3537 4956 3698 5012 Graecis

2183 5059 2285 5114 fuit
2325 5057 2606 5123 confecta,
2660 5066 2714 5113 et
2773 5065 2900 5113 ante
2945 5062 3191 5126 tempora
3220 5052 3481 5126 ,Dionysii
3544 5042 3698 5116 Exigui

2181 5152 2409 5208 exstitit.
2449 5148 2603 5206 Unde
2648 5150 2795 5221 quod
2833 5148 3079 5206 Gelasius
3106 5162 3243 5219 papa
3275 5148 3330 5202 in
3365 5146 3584 5201 Romana
3616 5151 3696 5192 ur

2181 5246 2559 5315 episcoporum
2591 5243 2800 5315 synodo
2820 5242 3199 5312 posuit:Liber
3236 5254 3491 5293 canonum
3526 5238 3697 5303 aposto—

2184 5337 2407 5390 licorum
2442 5335 2799 5405 apocryphus.
2848 5332 3141 5388 "commodo
3169 5346 3336 5386 sensu
3368 5328 3508 5389 venit
3535 5319 3695 5378 intelli-

2183 5422 2439 5493 gendum.
2484 5422 2850 5492 Prteterquam
2907 5421 3051 5476 enim
3098 5419 3241 5491 quod
3291 5419 3405 5474 haec
3435 5415 3584 5472 verba
3608 5422 3693 5464 non

2178 5515 2450 5570 habentur
2479 5515 2532 5569 in
2556 5516 2678 5570 cod.
2709 5513 2956 5577 lustelli,
2986 5513 3092 5569 dici
3117 5520 3293 5584 potest
3326 5511 3380 5565 id
3408 5525 3437 5563 a
3456 5509 3585 5578 Papa
3611 5502 3693 5556 Ge-

2178 5608 2315 5663 lasic
2345 5607 2571 5671 dictum,
2600 5607 2727 5677 quia
2764 5607 2818 5661 hi
2841 5620 3080 5661 canones
3110 5610 3375 5661 non'sunt
3404 5602 3470 5656 ab
3512 5599 3693 5669 aposto-

2182 5701 2270 5764 lis,
2301 5701 2396 5756 sed
2428 5700 2497 5754 ab
2522 5699 2645 5754 aliis
2701 5698 2937 5761 collecti,
2972 5697 3117 5752 unde
3163 5705 3307 5752 recte
3339 5693 3511 5747 Mares
3539 5685 3694 5743 lauda-

2176 5802 2267 5848 tus
2292 5808 2442 5848 num.
2476 5793 2506 5845 7
2540 5812 2552 5847 :
2591 5792 2763 5846 ναι-ἔα»
2812 5800 2932 5845 sunt
2989 5791 3182 5844 classes
3220 5784 3604 5856 apocryphorum
3649 5775 3690 5827 in
