3900 6334
162 305 248 362 sat
483 397 485 400 p
924 288 926 290 ’
982 317 1572 390 cossrzrurtouas
1605 324 1662 380 Al

1765 325 2078 387 iTOLlCAE.
2112 363 2180 372 —
2219 333 2579 395 ΡκθοΕΜιΑ.
3264 349 3367 404 52ἳ

160 423 359 478 Notitia
400 421 627 495 Celasii,
681 439 737 485 ut
786 432 1125 494 observarunt
1170 441 1267 494 viri
1307 441 1536 508 eruditi,
1586 459 1705 500 cunt
1735 449 1780 506 Α
1812 448 2049 517 synodos
2107 453 2458 522 approbante,
2506 463 2560 511 et
2603 456 2804 526 ubique
2867 457 2984 513 fere
3045 459 3363 530 recipiente.

153 533 250 570 non
283 527 502 617 tantum.
537 521 786 591 ﬁgmenta
834 525 1199 584 Itwreticorum
1245 534 1450 587 veniant
1497 535 1549 588 in
1571 535 1708 590 hunc
1879 541 1948 594 At
1978 542 2142 598 latius
2179 521 2302 600 sese
2327 547 2568 602 extendit
2617 547 2854 605 Orientis
2903 549 3169 617 Ecclesia,
3195 553 3252 609 in
3280 569 3370 610 re-

149 621 376 673 σεηιεηη,
408 607 502 663 διά
531 613 689 666 ﬂiam
745 612 1014 679 Ορηδειιια
1045 630 1411 687 "delatorum.
1444 624 1497 676 in
1520 625 1707 694 quibus
1807 632 2074 701 cipiendis
2112 639 2488 706 apostolorum
2511 641 2835 704 canonibus,
2856 657 2994 711 quos
3029 656 3227 711 Lxxxv,
3255 659 3369 699 om-

147 707 260 750 sunt
315 701 448 753 navi
493 703 729 771 quidam.
782 707 894 762 Nec
942 711 1050 765 alio
1101 715 1350 783 exemplo
1401 715 1706 785 indigemus
1805 726 1954 779 nium
1988 729 2195 797 primus
2231 746 2344 786 suae
2373 745 2404 785 ι.
2460 733 2750 786 titulorum
2781 734 3102 804 collectioni
3135 735 3367 791 inseruit

144 805 315 890 quam.
334 791 553 848 Eusebii
581 795 842 864 Historia,
873 815 1034 870 quam
1073 805 1400 875 apocryphis
1452 815 1704 862 accenset
1801 791 2038 873 Joannes
2063 819 2454 890 Scholasticus,
2486 830 2545 879 ut
2584 832 2737 879 notat
2764 801 3025 880 Justellus
3057 826 3112 880 in
3144 825 3362 884 Praefat.

141 881 412 947 Gelasius,
461 900 582 938 cum
633 895 810 943 tamen
840 893 1001 960 paulo
1038 903 1193 948 antea
1249 912 1368 950 eam
1400 899 1703 969 suscipien-
1802 907 1869 962 ad
1899 916 2032 964 tom.
2069 911 2112 964 11
2157 911 2407 968 Biblioth.
2443 881 2597 971 duris
2636 913 2902 978 canonici,
2950 925 3005 971 et
3033 916 3173 974 idem
3195 918 3365 973 Joano

139 977 256 1032 dam
289 981 612 1049 statuisset;
643 987 809 1054 quod.
840 987 1117 1052 nimirum,
1144 990 1271 1044 velit
1302 991 1402 1047 hos
1433 991 1702 1048 Historia-
1801 1014 1898 1055 nes
1956 999 2307 1056 Antiochena:
2365 1001 2624 1058 Ecclesiae
2668 1005 2952 1076 presbyter
2974 1045 2989 1070 ,
3046 1021 3112 1062 ex
3171 1008 3366 1064 ordine

135 1085 247 1123 rum
282 1071 456 1126 libros
487 1075 653 1131 naevis
701 1077 1026 1146 quibusdam
1058 1083 1368 1149 permistos,
1429 1083 1570 1149 licet,
1617 1087 1699 1140 in-
1802 1086 2264 1147 Scholasicorum
2295 1094 2386 1162 qui
2420 1095 2474 1148 in
2508 1071 2820 1164 praefatione
2835 1071 2966 1152 vait:
3021 1097 3122 1153 SS.
3149 1099 3365 1154 Domini

134 1163 266 1230 quit,
301 1173 515 1230 propter
568 1181 744 1219 rerum
793 1169 1036 1222 notitiam
1087 1172 1428 1241 singularem,
1476 1192 1591 1242 quae
1628 1177 1698 1230 ad
1796 1183 2042 1251 discipuli
2080 1193 2129 1239 et
2163 1187 2390 1254 apostoli
2418 1163 2593 1242 anxv
2625 1204 2868 1253 canones,
2900 1190 3178 1246 Clementis
3207 1210 3363 1263 opera

131 1252 530 1307 instructionem
569 1258 862 1324 pertinent,
923 1276 1283 1332 usquequaque
1325 1280 1426 1317 non
1474 1264 1698 1321 dicimus
1794 1275 2088 1330 ediderunt.
2123 1252 2250 1339 Eos,
2295 1286 2422 1349 post
2449 1279 2589 1334 hanc
2617 1279 2847 1337 Joannis
2877 1282 3252 1340 collectionem
3276 1301 3364 1342 re-

133 1343 441 1398 renuendos.
475 1345 641 1411 ldem,
677 1347 852 1417 inquit
877 1348 1268 1407 Schelstratius
1301 1353 1552 1409 laudatus
1570 1371 1690 1425 cap.
1794 1367 1938 1436 cepit
1970 1375 2022 1421 et
2053 1343 2570 1442 probavit-synodus
2603 1371 2881 1436 Trullana,
2914 1387 3038 1428 can.
3068 1373 3124 1438 9,
3156 1384 3209 1429 et
3238 1382 3362 1446 post

135 1433 501 1496 l,dicendum
539 1436 607 1491 de
641 1441 956 1496 Canoni‘bus
1003 1444 1396 1512 apostolorum,
1430 1445 1693 1516 singulari
1793 1433 1911 1511 eam
1947 1433 2189 1530 synodus
2217 1433 2489 1532 generalis
2518 1462 2571 1527 7,
2599 1477 2719 1534 qua:
2747 1466 2960 1519 actione
2989 1465 3041 1527 l,
3082 1433 3361 1521 consensit

132 1525 363 1594 quadam
399 1525 658 1583 Ecclesiae
710 1530 999 1600 primitivze
1029 1532 1275 1587 doctrina
1307 1533 1541 1599 refertis,
1567 1538 1693 1591 licet
1791 1563 1822 1604 θ
1865 1525 2198 1605 Bibliotheca
2220 1525 2580 1622 ⁷ρειιιιὶετοιιίί
2616 1525 3196 1626 ’ροηειεῃιὶῃοροιθοε
3247 1565 3358 1611 tam

132 1617 368 1719 aliunde,
392 1620 462 1674 ob
478 1628 657 1678 certos
685 1638 889 1688 naevos,
917 1623 1057 1679 inter
1079 1626 1384 1696 apocrypha
1415 1641 1445 1679 a
1476 1626 1694 1686 Gelasio
1789 1654 2058 1695 canonum
2090 1640 2192 1698 SS,
2228 1617 2599 1713 apostolorum
2621 1687 2635 1711 ,
2677 1663 2840 1719 quam
2888 1647 2987 1702 SS.
3009 1617 3356 1719 synodorum

130 1711 432 1767 recensitis.
1717 1773 1766 1796 η
1790 1729 1961 1785 libros
1992 1732 2046 1785 in
2079 1731 2320 1787 medium
2375 1733 2593 1790 afferri:
2630 1736 2695 1789 Et
2763 1740 3002 1792 notarius
3049 1741 3355 1796 uerterabilis

182 1799 373 1870 Neque
406 1801 475 1856 ab
531 1805 794 1874 antiquis,
845 1811 959 1860 tam
1009 1805 1214 1863 Graecis
1271 1822 1436 1878 quam
1469 1808 1682 1866 Latinis
1715 1773 1764 1835 Β
1800 1823 2113 1892 patriarcliii
2140 1823 2294 1895 legit:
2317 1824 2498 1880 Canon
2530 1825 2634 1882 SS.
2654 1828 3026 1898 Apostolorum
3056 1847 3152 1886 Lm
3184 1835 3353 1905 (nunc

127 1893 506 1962 scriptoribus,
537 1896 722 1951 subdit
746 1897 885 1952 idem
917 1897 1330 1964 Schelstratius,
1357 1899 1411 1953 hi
1447 1915 1685 1958 canones

127 1983 272 2039 fuere
301 1986 516 2054 reiecti,
549 1994 610 2041 ut
649 1996 801 2059 patet
833 2004 899 2046 ex
927 2005 960 2044 ι.
989 1991 1295 2047 canonibus
1323 1992 1527 2062 ubique
1554 1993 1682 2049 olim

126 2079 375 2148 receptis,
406 2087 460 2133 et
489 2081 777 2135 conﬁrmat
806 2091 927 2152 post
975 2083 1250 2139 Gelasium
1280 2084 1530 2140 collectio
1553 2084 1683 2140 Dio-

125 2168 252 2237 nysii
299 2167 518 2239 Exigni.
548 2169 678 2226 Post
731 2170 1049 2243 Dionysium
1097 2173 1450 2238 Cresconius,
1497 2178 1684 2233 nescio

124 2261 275 2328 cuius
305 2262 544 2318 civitatis
585 2263 642 2318 in
663 2263 845 2318 Alrica
877 2265 1189 2335 episcopus,
1232 2267 1325 2336 qui
1368 2265 1423 2322 in
1448 2283 1546 2324 sua
1569 2270 1684 2324 col-

123 2351 370 2418 lectione,
399 2370 573 2425 usque
602 2357 668 2410 ad
699 2372 730 2410 ι,
765 2369 1003 2413 canones
1034 2362 1401 2428 apostolorum
1459 2372 1684 2417 enume-

123 2451 203 2498 rat
231 2453 289 2500 et
319 2447 384 2501 ad
404 2449 593 2502 titulos
647 2463 778 2504 suos
823 2451 1262 2520 comprobandos
1288 2452 1528 2509 adducit.
1565 2453 1681 2509 Me-

125 2537 278 2590 minit
301 2546 354 2592 et
387 2538 710 2595 Anastasius
740 2539 1194 2598 Bibliothecarius
1225 2544 1490 2615 Stephani
1527 2559 1682 2615 papae

124 2629 206 2694 IV,
240 2648 337 2687 seu
363 2633 546 2702 potius
573 2632 660 2699 lll,
689 2634 782 2704 qui
810 2633 865 2688 in
886 2635 1080 2705 synod.
1130 2635 1508 2701 Lateranensi,
1536 2652 1679 2692 anno

127 2723 236 2788 769,
268 2725 463 2779 statuit
523 2725 728 2781 action.
759 2725 827 2781 IV
856 2743 870 2781 :
905 2725 1030 2782 Non
1059 2730 1288 2794 amplius
1321 2731 1680 2799 suscipiantur

130 2817 490 2884 Apostolorum
518 2817 750 2886 prolata,
782 2835 872 2888 per
900 2818 957 2874 S.
998 2818 1343 2884 Clementem,
1385 2822 1490 2877 nisi
1522 2835 1557 2878 ι
1585 2839 1678 2877 ραι

123 2910 236 2974 pila,
269 2925 389 2979 quas
419 2912 646 2980 suscepit
673 2922 858 2965 sancta
888 2912 987 2966 Dei
1031 2913 1290 2967 catholica
1320 2911 1557 2968 Romana
1575 2913 1678 2968 Ec-

124 3003 287 3055 tlesia.
321 3001 628 3058 Publicavit
659 3003 762 3058 hoc
801 3005 1095 3059 concilium
1131 3006 1443 3062 Holstenius
1469 3015 1523 3063 et
1553 3008 1676 3062 lau-

1784 1910 1904 1982 ιη).
1933 1911 1996 1968 Si
2021 1915 2136 1984 quis
2182 1914 2452 1986 presbyter
2504 1933 2641 1980 eum,
2681 1923 2770 1989 qui
2815 1923 3191 1976 convertitura
3235 1941 3354 1993 pec-

1783 2014 1920 2072 cato,
1945 2021 2047 2060 non
2078 2009 2389 2077 susceperit,
2437 2009 2526 2063 sed
2575 2010 2843 2079 abjecerit,
2898 2013 3210 2081 deponatur,
3242 2025 3328 2071 etc

1784 2095 1968 2166 Usque
1999 2099 2064 2153 ad
2095 2113 2301 2163 Lxxvu,
2339 2110 2584 2157 recenset
2636 2103 2863 2160 Alexius
2897 2105 3210 2172 Aristenus,
3248 2106 3352 2162 Ec-

1781 2187 1961 2243 clesiae
2001 2187 2612 2260 Constantinopolitanae
2657 2192 2920 2250 diaconus
2945 2236 2959 2261 ,
3000 2196 3059 2251 in
3118 2195 3346 2267 Synopsi

1781 2293 2060 2344 canonum,
2094 2295 2214 2349 qua:
2254 2281 2488 2350 primum
2531 2271 2806 2352 publicata
2847 2295 2931 2340 est
2979 2295 3114 2343 tom.
3160 2287 3200 2341 ll
3242 2287 3339 2342 Bi-

1783 2369 1964 2424 blioth.
1994 2369 2144 2424 luris
2175 2371 2448 2438 Canonici,
2481 2373 2574 2427 ubi
2621 2382 2744 2444 post
2781 2375 3094 2431 Aristenum
3142 2379 3341 2434 subne-

1781 2460 1945 2515 ctitur
1975 2460 2216 2532 Epitome
2256 2478 2512 2517 canonum
2562 2463 2831 2522 Simeonis
2863 2467 3102 2540 Magistri
3135 2483 3189 2525 et
3232 2470 3341 2525 Lo-

1780 2550 2028 2618 gothetae,
2066 2549 2120 2605 in
2167 2566 2274 2620 qua
2318 2552 2641 2608 exhibentur
2677 2570 2915 2612 canones
2968 2560 3336 2628 apostolorum

1779 2652 1984 2693 Lxxxn.
2034 2638 2385 2694 Subnectitur
2429 2650 2483 2696 et
2525 2640 2778 2712 Synopsis
2822 2662 3082 2701 canonum
3132 2648 3337 2704 Arlenii

1779 2730 2064 2795 monachi,
2091 2731 2184 2801 qui
2225 2731 2294 2786 ad
2337 2747 2457 2802 cap.
2493 2734 2547 2799 4,
2585 2736 2770 2791 subdit
2801 2757 2814 2792 :
2852 2735 2952 2793 SS.
2981 2741 3337 2808 apostolorum

1777 2836 1999 2876 canones
2038 2839 2235 2890 Lxxxv,
2275 2832 2329 2879 et
2376 2826 2515 2882 alios
2546 2830 2915 2896 apostolorum
2949 2846 3186 2890 canones
3215 2850 3340 2904 pas-

1777 2914 1882 2969 sim
1935 2916 2153 2972 exhibet
2213 2925 2270 2971 ut
2321 2933 2498 2972 Lxxxv
2536 2935 2775 2978 canones
2825 2923 2894 2977 ab
2947 2938 3014 2979 eo
3070 2925 3339 2983 admissos

1777 3013 2019 3070 constet;
2053 3019 2192 3074 quos
2220 3015 2273 3060 et
2297 3007 2414 3073 diu,
2443 3018 2570 3063 ante
2601 3010 2722 3065 illos
2755 3013 3090 3080 collectores,
3120 3015 3341 3072 admisit

125 3093 286 3148 datam
320 3110 388 3150 ex
419 3111 485 3151 eo
512 3095 843 3152 decisionem
869 3097 1156 3152 conﬁrmat
1180 3095 1513 3153 Humbertus
1537 3097 1675 3152 Leo-
1699 3110 1743 3169 α
1776 3090 2034 3158 Pholius,
2072 3096 2126 3149 in
2186 3093 2588 3166 Nomocanone,
2639 3102 2704 3156 ad
2756 3119 2917 3173 quem
2951 3105 3094 3162 edita
3143 3107 3338 3176 prmia-

125 3185 287 3240 nile
320 3187 557 3256 legatus,
609 3187 664 3242 in
694 3190 1048 3258 responsione
1102 3189 1168 3242 ad
1201 3190 1400 3244 librum
1445 3188 1669 3254 Nicetes,

126 3270 410 3349 presbyteri
469 3287 524 3333 et
569 3279 843 3344 monachi,
900 3287 1091 3333 contra
1144 3277 1370 3337 Latinos
1415 3281 1669 3339 editum:

126 3364 389 3422 Clementis
415 3369 625 3434 librum,
659 3370 712 3422 id
734 3378 813 3424 est
865 3367 1014 3422 Petri
1045 3368 1274 3438 apostoli
1333 3367 1674 3425 ltinerarium

121 3463 163 3505 et
181 3457 564 3527 Apostolorum
587 3470 828 3512 canones
863 3469 1136 3512 numerant
1169 3457 1356 3512 Patres
1379 3458 1513 3512 inter
1540 3476 1670 3529 apo-

120 3545 332 3613 crypha,
409 3547 635 3613 exceptis
693 3562 724 3599 ι.
794 3549 1079 3616 capitulis,
1157 3565 1272 3620 qua:
1333 3550 1666 3605 decreverant

121 3637 407 3690 orthodoxae
481 3638 605 3706 ﬁdei
681 3638 1032 3709 adjungenda.
1095 3641 1160 3695 Et
1242 3640 1356 3696 hac
1447 3643 1664 3712 quidem

115 3726 172 3780 de
214 3727 455 3782 Ecclesia
507 3727 841 3786 Occidentali
895 3744 926 3783 ι.
987 3732 1356 3801 apostolorum
1425 3746 1664 3790 canones

116 3834 209 3873 non
264 3823 625 3891 improbante,
690 3823 784 3878 sed
843 3825 1059 3878 demum
1116 3838 1210 3893 per
1277 3824 1567 3893 pontiﬁces
1607 3837 1661 3882 et

1775 3182 1943 3247 tione,
1973 3185 2162 3239 scribit
2191 3205 2202 3240 :
2235 3187 2492 3257 Canones,
2523 3194 2611 3262 qui
2642 3192 2742 3248 SS.
2772 3197 3129 3265 apostolorum
3155 3197 3340 3252 dicun-

1779 3281 1886 3339 tur,
1917 3273 2198 3333 Clementis
2241 3298 2395 3347 opera
2429 3284 2632 3338 collecti
2673 3302 2869 3344 Lxxxv.
2917 3288 2982 3345 Et
3029 3288 3231 3363 quibus
3261 3292 3342 3346 vi-

1769 3370 1899 3426 dere
1927 3372 2055 3427 licet
2081 3370 2386 3429 Orientales
2409 3375 2611 3444 passim
2635 3388 2828 3429 omnes
2868 3389 3045 3431 Lxxxv
3090 3390 3330 3431 canones

1769 3461 2079 3528 admisisse,
2141 3465 2232 3534 qui
2264 3466 2331 3520 de
2384 3467 2549 3527 facto,
2580 3474 2704 3537 post
2729 3466 3009 3522 decretum
3064 3467 3333 3533 Gratiani,

1767 3551 1925 3620 jussu
1986 3553 2230 3624 Gregorii
2287 3554 2402 3609 Xlll
2461 3557 2689 3620 editum,
2742 3557 3110 3630 reperiuntur,
3173 3557 3248 3610 uti
3285 3567 3338 3610 et

1769 3643 1971 3711 passim
2003 3644 2057 3698 in
2088 3645 2345 3701 omnibus
2381 3644 2754 3702 Conciliorum
2787 3647 3141 3703 editionibus.
3176 3646 3336 3699 Plura

1771 3733 2160 3794 Schelstratius
2191 3738 2444 3794 laudatus
2497 3748 2551 3795 et
2600 3739 2809 3795 Natalis
2838 3737 3147 3794 Alexander
3195 3736 3331 3792 diss.

1768 3829 1855 3892 l7,
1896 3831 2080 3885 saeculi
2117 3851 2133 3888 ι
2188 3831 2463 3889 Ecclesiae.

121 4055 3300 4092 Ἦ

651 4270 775 4360 ΙΝ
852 4273 1902 4373 CONSTITUTIONES
1971 4277 2776 4373 APOSTOLICAS

911 4465 1389 4530 ADNOTATIO
1427 4469 1744 4532 CRITICA
1777 4471 1879 4532 ET
1926 4466 2590 4538 CHRONOLOGICA.

857 4626 1071 4699 (MANSI,
1133 4625 1364 4696 Concil.,
1417 4630 1460 4695 ι,
1516 4630 1665 4698 254ς
1725 4631 2031 4702 Florentiae,
2068 4633 2227 4702 i759,
2281 4636 2336 4688 in
2405 4634 2584 4701 folio.)

161 4787 611 4857 Constitutiones,
653 4805 790 4862 quas
835 4801 1032 4848 vocant
1083 4793 1413 4863 apostolicae
1434 4837 1450 4862 ,
1499 4809 1640 4866 opus
1677 4802 1722 4857 D
1752 4797 1937 4868 populi
1975 4797 2254 4868 praemissa
2278 4797 2678 4860 tantummodo,
2710 4803 2765 4852 et
2793 4802 2986 4866 sponte
3013 4795 3319 4862 oll‘erenda,

105 4895 213 4934 esse
241 4883 498 4950 Spurium,
523 4883 593 4937 ab
618 4882 705 4947 iis,
732 4883 930 4953 quibus
957 4885 1328 4952 ascribuntur,
1357 4890 1642 4957 apostolis,

105 4980 203 5024 tum
233 4984 286 5027 et
313 4975 377 5028 ab
412 4975 528 5044 ipsa
556 4977 926 5046 apostolorum
957 4985 1115 5032 tetatc
1139 4979 1355 5048 penitus
1378 4979 1639 5046 alienum,

106 5077 245 5117 nemo
273 5065 547 5137 theologus
577 5067 736 5121 modo
765 5067 978 5138 ignorat
1011 5069 1094 5123 vel
1131 5069 1406 5126 diﬁitetur.
1432 5072 1643 5137 Quibus

105 5155 173 5208 rel
215 5157 496 5214 silentibus
525 5160 609 5215 vel
643 5159 1137 5227 dissimulantibus,
1173 5178 1260 5217 res
1300 5173 1479 5218 tamen
1524 5165 1641 5234 ipsa

104 5263 184 5316 per
213 5266 272 5304 se
295 5252 622 5322 loqueretur,
654 5270 776 5309 cum
809 5254 990 5324 operis
1022 5255 1167 5310 illius
1197 5264 1388 5311 auctor
1420 5258 1640 5327 ineptus

103 5340 160 5392 sit
192 5344 319 5399 adeo
355 5346 649 5411 interdum,
697 5355 757 5401 ut
800 5348 869 5401 ab
913 5348 1304 5417 apostolorum,
1347 5364 1508 5418 quam
1555 5349 1639 5402 af-

103 5431 280 5495 fectat,
323 5441 590 5509 gravitate
635 5455 693 5494 se
736 5439 954 5510 penitus
998 5440 1317 5508 degenerem
1357 5441 1629 5496 ostendat.

103 5521 317 5585 Celebris
342 5542 426 5586 est
450 5534 772 5597 similitudo,
801 5549 908 5604 qua
931 5531 1038 5587 Deo
1061 5531 1231 5596 Patri,
1258 5531 1416 5595 Filio,
1443 5541 1494 5588 et
1518 5534 1636 5602 Spi-

104 5613 208 5668 ritui
243 5632 424 5678 sancto
460 5627 798 5696 episcopum,
844 5625 1219 5696 presbyterum
1252 5633 1306 5679 et
1343 5624 1632 5679 diaconum

104 5721 351 5779 comparat
400 5717 491 5772 lib.
532 5734 594 5782 ιι,
627 5734 744 5789 cap.
777 5720 870 5777 ‘26.
909 5719 1016 5775 Nec
1062 5720 1242 5774 minus
1282 5719 1474 5788 ineptit
1506 5733 1630 5772 cum

106 5795 182 5852 lib.
210 5818 284 5866 vr,
309 5824 424 5879 cap.
465 5811 558 5874 ΞΟ,
595 5824 771 5866 vetera
804 5814 1072 5868 sacriﬁcia
1117 5823 1241 5868 ante
1268 5813 1628 5870 idololatriam

268 5899 524 5964 Pn‘nOL.
575 5906 690 5964 (in.
725 5907 745 5964 l

1751 4891 1844 4946 sed
1874 4893 2071 4962 p0pulo
2100 4891 2316 4945 demum
2374 4891 2431 4946 in
2475 4891 2684 4946 crimen
2727 4890 2982 4962 prolapso
3005 4928 3020 4954 ,
3064 4895 3124 4944 ut
3147 4890 3321 4945 sacri-

1751 4982 1888 5037 ﬁciis
1947 4998 2147 5037 numen
2209 4990 2527 5053 agnosceret
2587 4981 2705 5051 lege
2770 4979 3076 5050 injunctum
3146 4979 3318 5035 fuisse

1749 5077 1958 5130 statuit.
1994 5074 2267 5129 Privatam
2317 5075 2576 5129 ultionem
2624 5089 2721 5144 per
2762 5088 2822 5128 se
2851 5072 3070 5143 quidem
3105 5072 3314 5142 justam

1748 5170 2013 5241 agnoscit,
2047 5185 2209 5239 quam
2244 5168 2366 5224 ideo
2397 5169 2566 5225 vetuit
2589 5167 2754 5231 Deus,
2788 5167 2883 5231 ait,
2917 5181 2982 5221 eo
3007 5167 3154 5236 quod
3182 5166 3314 5220 tole-

1748 5265 1977 5318 rantiam
2065 5261 2272 5316 ultione
2306 5261 2728 5329 prastantiarcm
2770 5260 3052 5329 agnoverit
3095 5259 3190 5315 lib.
3217 5273 3307 5326 vr,

1740 5366 1859 5422 cap.
1890 5353 1980 5407 23.
2012 5349 2068 5407 Si
2092 5354 2410 5423 scriptorem
2445 5355 2590 5408 hunc
2619 5352 2844 5418 audias,
2879 5351 3135 5405 Afrorum
3175 5365 3308 5404 con-

1740 5445 1973 5500 suetudo
2019 5443 2086 5499 de
2133 5444 2536 5514 rebaptizandis
2589 5445 2879 5507 haereticis,
2931 5443 3306 5498 Romanorum

1740 5536 2046 5605 disciplina,
2101 5551 2223 5606 qua:
2264 5546 2665 5592 sacramentum
2711 5536 2845 5591 illud
2897 5551 2926 5589 a
2974 5549 3305 5606 quocunque

1737 5629 1955 5683 tandem
1999 5628 2253 5683 collatum
2308 5631 2542 5685 admittit
2573 5639 2628 5685 et
2669 5630 2915 5700 suscipit,
2960 5633 3112 5682 tanto
3165 5641 3304 5696 prte-

1737 5723 1971 5776 stantior
1997 5729 2101 5787 est,
2127 5732 2334 5792 quanto
2361 5725 2564 5780 veritas
2594 5739 2839 5779 errorem
2867 5721 3144 5793 precedit.
3166 5718 3303 5775 Vide

1738 5815 1831 5870 lib.
1864 5833 1936 5883 vt,
1965 5832 2085 5888 cap.
2114 5818 2199 5874 15.
2227 5816 2461 5874 A'Ztatem
2489 5819 2649 5875 etiam
2677 5820 2848 5874 multo
2870 5833 2980 5889 prae
3001 5814 3302 5886 apostolica

2927 5912 2998 5970 17
