3900 6334
1964 29 1999 50 ο

534 306 640 361 523

1415 287 1471 343 S.
1505 276 1899 341 CLEMENTIS
1930 274 1949 328 ι
1982 269 2149 330 ROM.

2185 265 2387 328 PONT.
2423 259 2649 319 OPERA
2686 254 2918 314 ΒΗΜΛ.
3605 246 3685 302 sit

535 416 896 477 recentiorem
925 409 1106 484 prodit
1135 402 1479 466 consuetudo
1511 399 1604 454 illa
1628 392 1959 465 templorum
1989 387 2098 441 ritu
2126 389 2175 449 Δ
2203 382 2305 447 dit,
2342 395 2402 434 se
2446 374 2674 432 delinire
2721 369 2858 425 nihil
2910 375 3188 426 ausurum,
3239 372 3357 413 cum
3401 355 3604 412 Romani
3637 361 3689 417 ad

2001 480 2012 484 _
2063 481 2072 484 _
2276 473 2329 484 ...
2471 477 2483 484 .
2549 482 2577 484 η
2619 463 2749 484 εει-,λ
2786 470 3080 484 ..-η-Αηη-ιι
3122 452 3477 484 ηηηριιοιωνῖπο
3530 452 3604 484 alii
3633 452 3689 484 ni-

536 975 633 1030 diu
666 979 789 1044 post
812 965 1090 1042 apostolos
1120 962 1396 1018 vixerunt.
1428 954 1566 1010 Vide
1598 952 1695 1008 lib.
1729 965 1831 1016 vlt,
1866 962 1989 1017 cap.
2014 944 2106 1001 47.

538 1039 684 1134 Quin
730 1071 784 1119 et
812 1039 1104 1131 scriptoris
1134 1054 1282 1108 illius
1315 1058 1475 1106 aetate
1519 1044 1765 1100 Ecclesia
1794 1039 1999 1097 Christi
2027 1046 2115 1094 to-

538 1167 654 1214 tum
681 1171 775 1228 per
805 1129 991 1210 orbem
1009 1147 1240 1213 diﬁ‘usa,
1266 1142 1547 1198 catholicae
1572 1150 1770 1193 nomen
1794 1131 1900 1189 sibi
1917 1129 2113 1186 merito

538 1219 875 1309 vindicabat,
902 1257 1012 1314 quo
1041 1241 1189 1295 illam
1218 1236 1398 1306 elogio
1422 1232 1566 1287 idem
1598 1236 1791 1283 auctor
1812 1239 1922 1279 non
1944 1219 2115 1278 semel

542 1348 766 1398 mactat.
796 1337 855 1393 Id
894 1310 1025 1391 vero
1056 1346 1220 1402 quam
1249 1324 1523 1381 immerito
1553 1317 1903 1381 deEcclesia,
1936 1310 2114 1384 qualis

544 1443 662 1491 erat
686 1430 1057 1504 apostolorum
1087 1429 1244 1479 aetate
1275 1417 1658 1478 afﬁrmaretur,
1691 1423 1852 1465 nemo
1889 1420 2001 1461 non
2031 1404 2118 1457 in-

544 1498 762 1597 telligii.
807 1522 887 1577 Ex
933 1519 1021 1575 his
1060 1513 1318 1573 omnibus
1356 1508 1647 1582 probatum
1689 1502 1929 1558 arbitror
1960 1498 2118 1552 lucu-

545 1619 852 1676 brationem
894 1615 1037 1668 hanc
1079 1607 1454 1681 apostolorum
1488 1606 1702 1658 aetatem
1749 1608 1852 1653 nec
1892 1603 2116 1662 sapere,

550 1728 652 1770 nec
669 1708 955 1783 praeferre.

2205 473 2333 547 galli
2363 477 2587 526 cautum
2618 463 2752 519 illud
2786 470 3081 533 prorogare
3121 452 3499 517 consueverint,
3530 452 3607 506 alii
3633 452 3695 506 ci-

2209 909 2606 1001 monui,vzetate
2626 930 2719 985 illa
2745 924 2942 982 vixerit
2964 925 3174 981 auctor,
3201 927 3305 985 qua
3332 909 3553 965 Ecclesia
3568 917 3704 964 totum

2209 1032 2321 1086 late
2362 1043 2459 1101 per
2502 1024 2692 1080 orbem
2744 1015 2965 1074 tandem
3018 1007 3388 1082 promulgata,
3432 1009 3483 1058 et
3525 1001 3709 1058 dilatata

2212 1130 2333 1181 erat
2349 1093 2381 1189 ;-
2411 1118 2576 1188 idque
2604 1114 2822 1169 demum
2866 1113 3026 1162 aetate
3054 1095 3391 1158 Constantini
3429 1093 3708 1150 obtinuerit:

2214 1216 2337 1272 ideo
2365 1186 2715 1270 Constantini
2750 1207 2912 1258 aatate
2943 1193 3307 1265 antiquiorem
3338 1202 3441 1243 non
3484 1186 3713 1241 existima-

2214 1306 2403 1363 verim.
2431 1302 2645 1357 Rursus
2667 1303 2851 1352 autem
2882 1288 3093 1347 saeculo
3115 1288 3313 1356 quarto
3340 1281 3558 1342 ineunte,
3583 1291 3712 1343 anno,

2214 1404 2480 1470 quantum
2510 1392 2747 1448 arbitror
2774 1383 2905 1449 309,
2939 1378 3231 1437 concilium
3261 1372 3615 1428 Eliberitanum
3647 1384 3714 1425 ce-

2218 1460 2485 1547 lebratum
2513 1494 2618 1548 est,
2651 1479 2812 1551 cujus
2848 1476 3060 1549 primus
3086 1484 3266 1527 canon
3296 1464 3494 1522 admitti
3515 1469 3636 1518 vetat
3665 1460 3715 1515 ad

2218 1580 2657 1642 communionem
2686 1575 2831 1637 illos,
2864 1569 2959 1641 qui
2987 1584 3018 1621 a
3050 1565 3156 1623 lide
3177 1562 3244 1618 ad
3267 1557 3601 1616 idololatriam
3619 1570 3717 1626 apo-

2222 1673 2566 1736 stataverint,
2597 1675 3081 1740 quantumcunque
3109 1659 3179 1715 de
3210 1654 3435 1712 crimine
3454 1651 3565 1707 dein
3586 1649 3719 1720 poeni-

625 1738 673 1768 υ·
722 1738 955 1766 ιῑιειῦιισ.

625 1738 885 1871 Atpcujus
915 1799 1132 1854 domum
1168 1789 1346 1849 aetatis
1371 1801 1509 1858 opus
1548 1781 1681 1839 illud
1708 1772 2120 1853 iudicaremus?
2149 1738 2192 1795 Β
2220 1769 2446 1832 tuerint,
2478 1738 2642 1835 idque
2669 1760 2886 1816 demum
2908 1764 3217 1826 repugnare
3239 1746 3447 1803 videtur
3472 1740 3720 1814 apostolicae

2224 1863 2295 1871 ·“··
2467 1858 2523 1871 λ’
2573 1855 2635 1871 ··ί
2668 1853 2704 1871 γε
2780 1849 2932 1871 ---3---
2967 1858 3132 1871 -----n
3164 1839 3367 1871 ηυιηθὲη
3398 1836 3527 1871 tanta
3555 1840 3648 1871 κιο
3672 1847 3718 1871 ax

550 1898 657 1953 Alii
708 1895 865 1950 aliter
893 1888 1136 1961 sapiunt.
1184 1884 1298 1956 Ego
1326 1895 1458 1938 vero
1497 1892 1628 1933 cum
1676 1875 1733 1929 in
1774 1872 1874 1927 lib.
1908 1885 1949 1934 ι,
1994 1882 2118 1938 cap.

553 1989 646 2053 23,
677 1995 811 2049 etc.,
857 1959 992 2039 adeo
1035 1977 1225 2035 multis
1274 1970 1711 2032 commendatam
1755 1962 1979 2035 legerim
2006 1959 2124 2033 epi-

557 2081 741 2153 scopis
781 2092 914 2149 erga
950 2073 1342 2144 resipiscentcs
1386 2064 1572 2121 ﬁdeles
1616 2059 2030 2131 benignitatem,
2070 2058 2126 2108 et

558 2171 931 2235 clementiam;
964 2180 1086 2221 cum
1117 2177 1308 2218 omnes
1327 2159 1719 2229 cujuscunque
1763 2149 1982 2207 tandem
2016 2145 2126 2203 cri-

560 2266 726 2321 minis
754 2276 903 2326 reos,
935 2255 1244 2314 idololatria
1283 2252 1504 2324 quidem
1541 2254 1790 2318 excepta,
1839 2241 1907 2297 ad
1949 2238 2131 2311 poeni-

563 2357 792 2412 tentiam
824 2362 880 2408 et
923 2365 1112 2423 pacem
1134 2389 1148 2409 .
1184 2344 1453 2415 siquidem
1482 2340 1697 2397 veniam
1745 2331 2127 2408 poposceriut,

565 2446 777 2505 admitti
804 2465 818 2500 :
848 2445 1085 2513 scriptor
1112 2440 1203 2495 ille
1231 2436 1486 2503 mandet;
1518 2433 1572 2488 id
1612 2446 1713 2503 ego
1750 2427 1969 2500 quidem
1999 2439 2133 2481 con-

565 2552 648 2599 tra
693 2539 1051 2595 Montanistas
1092 2532 1298 2588 dictum
1332 2528 1607 2599 suspicor,
1640 2536 1873 2596 quorum
1910 2517 2133 2574 haeresis

568 2633 770 2690 saeculo
816 2630 1035 2685 labente
1084 2623 1325 2681 secundo
1370 2620 1615 2677 emersit.
1660 2615 1742 2670 Ex
1788 2626 1897 2685 quo
1940 2608 2134 2666 conﬁci

566 2740 731 2798 posse
783 2736 984 2779 censeo
1024 2716 1457 2773 lucubrationem
1518 2712 1667 2797 hanc
1726 2704 1926 2764 saeculo
1980 2700 2138 2758 tertio

571 2776 992 2889 procudit
1020 2810 1287 2883 potuisse.
1332 2804 1440 2861 Sed
1474 2812 1531 2860 et
1572 2776 1752 2858 medio
1776 2797 1998 2853 circiter
2038 2806 2141 2849 sa:-

572 2886 698 2966 culo
726 2909 820 2963 illo
848 2905 1014 2962 tertio
1051 2902 1271 2958 evoluto
1303 2898 1363 2954 S.
1408 2894 1703 2966 Dionysius
1738 2886 2141 2946 Alexandrinus

577 3018 608 3057 a
639 2998 879 3079 Basilide
903 2997 1166 3068 episcopo
1198 2990 1487 3049 consultus
1512 2996 1679 3058 quota
1708 2981 1887 3039 noctis
1916 2980 2050 3034 hora
2068 2977 2147 3047 je-

2222 1863 2302 1919 illi
2329 1853 2730 1917 constitutioni,
2773 1849 2936 1920 cujus
2967 1858 3136 1916 supra
3164 1839 3367 1897 mentio
3398 1836 3531 1890 facta
3555 1840 3650 1899 est;
3672 1847 3722 1887 ex

2223 1971 2330 2028 qua
2359 1950 2674 2023 conjectura
2699 1944 2964 2001 docemur
2984 1933 3429 1994 constitutionem
3457 1928 3586 1984 illam
3618 1940 3723 1980 non-

2224 2050 2354 2105 dum
2379 2058 2522 2100 anno
2552 2041 2647 2097 illo
2685 2034 3017 2093 lnnotuisse.
3056 2026 3317 2084 Vicissim
3347 2035 3472 2078 vero
3498 2023 3657 2073 auctor
3676 2015 3725 2070 de

2225 2140 2365 2198 Filio
2394 2136 2489 2193 Dei
2532 2135 2609 2189 ita
2640 2128 2844 2202 passim
2887 2134 2943 2182 et
2972 2123 3286 2193 frequenter
3313 2113 3558 2186 loquitur,
3583 2122 3726 2180 quem-

2228 2231 2520 2290 admodum
2565 2219 2901 2282 Antenicaani
2955 2215 3153 2271 Patres
3204 2208 3441 2268 scribere
3489 2214 3726 2257 consuete

2229 2333 2381 2390 runt,
2409 2329 2465 2379 et
2490 2334 2626 2377 voce
2654 2314 2951 2379 omousiou,
2990 2316 3305 2379 quanquam
3335 2313 3472 2369 saepe
3498 2309 3577 2350 res
3600 2298 3643 2348 et
3663 2305 3728 2346 oo-

2231 2419 2383 2475 casio
2407 2408 2788 2487 postulaverit,
2817 2415 3100 2474 nunquam
3129 2397 3325 2457 utitur,
3346 2406 3452 2463 quo
3478 2392 3730 2459 argumento

2233 2478 2453 2584 probari
2473 2519 2635 2578 posse
2661 2500 2900 2556 arbitror
2924 2489 3125 2549 Nicami
3144 2478 3731 2554 conciliicelebrationem

2235 2570 2375 2674 opus
2389 2570 2532 2655 idem
2547 2591 2917 2667 praecessisse.
2943 2586 3075 2654 Quae
3096 2582 3145 2639 si
3170 2579 3493 2650 conjecturae
3513 2570 3734 2627 admittan-

2236 2660 2349 2760 tur,
2368 2693 2513 2748 intra
2528 2660 2765 2760 spatium
2793 2681 2949 2745 illud,
2964 2677 3108 2751 quod
3129 2688 3277 2731 anno
3290 2670 3393 2728 509
3411 2673 3461 2725 et
3471 2665 3563 2722 325
3572 2660 3735 2720 concio

2239 2756 2409 2851 ditur,
2423 2756 2769 2854 vulgatarum
2791 2770 3250 2831 constitutionum
3276 2763 3431 2821 sodes
3457 2756 3637 2831 ﬁgenda
3660 2761 3735 2809 est.

2264 2916 2267 2917 ν
2310 2844 2600 2946 Utcunque
2645 2887 2735 2928 res
2783 2866 2985 2924 habeat
3045 2877 3192 2929 sese,
3245 2857 3383 2914 utile
3428 2859 3507 2911 est
3543 2862 3659 2921 opus
3689 2844 3737 2900 ad

2242 2972 2433 3033 multa,
2458 2937 2528 3024 et.
2544 2968 2856 3037 dogmatum
2874 2965 3192 3015 nostrorum
3223 2946 3474 3010 vetustati
3498 2937 3739 3001 astruendi:

574 3054 793 3167 iunium
826 3054 965 3149 solvi
994 3054 1182 3144 liceret
1214 3083 1456 3141 Sabbato
1485 3054 1879 3151 antepaschali.
1910 3086 2142 3144 respon-
2169 3079 2221 3146 α
2247 3062 2491 3136 apprime
2519 3054 2916 3115 necessarium.

1098 3373 1245 3525 Illi
1349 3352 2167 3524 (illNS'll'lll'llllN

2243 3349 2432 3507 [illi
2542 3337 3276 3501 APllS'l‘lllillllS

2121 3588 2302 3633 EDITIS

1458 3706 1558 3766 AB
1594 3692 2054 3764 BIPPOLYTO
2093 3684 2476 3753 EPISCOPO
2520 3677 2990 3751 POBTUENSI,

587 3844 719 3918 ([Ds
748 3835 1095 3911 MacnsrmsJ
1124 3840 1261 3918 Acta
1290 3829 1434 3918 Mart

1078 3914 1375 3963 scrtatione

1099 4127 1328 4187 CAPUT
1362 4119 1659 4181 PRIMUM.

601 4278 810 4338 Titulus
828 4277 882 4331 in
909 4266 1409 4331 Constitutionibus
1441 4258 1758 4338 apostolicis
1784 4262 2061 4338 corruptus
2085 4266 2167 4338 re-

670 4320 1524 4406 ἓῖδῖὧίίλνῗῖξὶξῆιῖἦένῙίὀηιᾱηιῙδΔ
1562 4341 1611 4387 et
1639 4320 2050 4406 Hippolqtuiin
2072 4320 2168 4406 111.8

671 4390 1329 4489 ZXit‘c‘gZdiigd'éiaiisdue
1378 4390 1785 4489 adlaborarujzl.
1836 4390 2041 4453 Paulus
2065 4390 2171 4448 Sa-

674 4480 975 4547 mosdtenus
1004 4481 1471 4540 Constitutionum
1497 4480 1792 4541 corruptor.

677 4607 722 4666 ι.
756 4605 903 4662 inter
922 4600 1220 4661 vetustiora
1243 4610 1412 4653 sacrae
1435 4587 1773 4661 antiquitatis
1798 4586 2168 4645 monumenta,

607 4716 769 4774 quem
798 4699 978 4753 locum
1008 4692 1113 4749 sibi
1143 4689 1423 4747 vindicent
1451 4679 1863 4739 Coustitutiones
1898 4669 2172 4743 apostolo-

610 4810 751 4858 rum,
808 4804 968 4847 nemo
1015 4787 1255 4858 ignorat,
1308 4776 1558 4850 quamvis
1609 4777 1820 4831 auctor,
1875 4775 2176 4832 earumque

611 4887 787 4944 editor
832 4853 1143 4954 ignoretur;
1181 4867 1636 4946 quemadmodum
1671 4874 1724 4921 et
1751 4866 2038 4932 corruptor
2080 4853 2173 4926 qui

612 4995 708 5037 cas
741 4945 1087 5046 interpolavit
1130 4945 1396 5023 hactenus
1437 4958 1671 5017 delituit.
1721 4953 1908 5024 Neque
1950 4949 2096 5005 enim
2127 4945 2174 5002 si

616 5084 815 5127 nomen
840 5033 1140 5122 Clementis
1170 5053 1399 5112 Romani
1435 5046 1819 5122 praesel‘erunt,
1867 5040 1972 5112 ipsi
2009 5033 2178 5094 tribui

619 5166 869 5237 possunt,
894 5156 989 5230 qui
1022 5161 1149 5209 ante
1178 5149 1334 5212 vixit,
1365 5160 1526 5216 quam
1552 5141 1708 5212 plura
1738 5136 1793 5191 in
1826 5131 2178 5189 Constitutio-

628 5223 1043 5311 nibusenarrata
1060 5244 1241 5297 locum
1294 5234 1575 5291 haberent.
1633 5226 1694 5281 In
1740 5223 2006 5280 editorem
2049 5230 2181 5273 vero

618 5339 933 5399 earumdem
989 5331 1476 5392 Constitutionum.
1532 5319 1626 5394 qui
1683 5333 1745 5374 ιιι
1767 5313 1968 5373 saeculo
2021 5308 2179 5374 vixit,

623 5430 939 5504 huiusmodi
961 5439 1195 5484 censura
1220 5438 1331 5479 non
1350 5416 1519 5482 cadit,
1549 5409 1769 5487 quando
1801 5405 1930 5462 huic
1956 5399 2183 5473 tempori

620 5526 806 5585 omnia
850 5524 965 5579 fere
1011 5517 1375 5579 conveniunt,
1416 5525 1537 5583 quae
1582 5507 1668 5562 his
1710 5493 2186 5559 Constitutiouibus

622 5618 995 5675 continentur.
1067 5610 1227 5665 Hunc
1295 5604 1557 5663 editorem
1620 5597 1795 5653 fuisse
1845 5588 2188 5662 Hippolytum

626 5711 805 5781 palam
853 5705 1137 5767 faciemus,
1185 5699 1280 5772 qui
1327 5712 1438 5753 non
1488 5695 1661 5749 levem
1710 5688 1780 5744 ob
1818 5696 2063 5747 causam,
2095 5676 2193 5737 sed
2290 5670 2451 5725 civem

629 5797 1033 5873 gravissimam,
1068 5792 1320 5851 Ecclesia:
1355 5787 1631 5844 Canonum
1671 5777 1899 5837 editioni
1950 5770 2193 5831 omnium
2293 5765 2514 5833 mentis,

1476 3842 1591 3881 rum
1626 3823 1695 3879 ad
1753 3820 1907 3877 Ostia
1934 3812 2183 3870 Tiberina
2208 3808 2310 3881 suo
2344 3805 2573 3881 Claudio
2602 3802 2822 3881 (ἱστίιὶεο
2846 3798 3078 3881 (Romae,
3323 3793 3379 3848 in
3406 3784 3569 3858 folio),
3596 3782 3642 3837 in
3664 3776 3752 3832 υἱι-

1473 3866 1994 3962 i"ii:2'u32¥i}uii
2032 3866 2090 3938 S.
2118 3879 2392 3950 Hippolyti
2423 3875 2653 3948 episcopi
2685 3866 3021 3939 Portu'ensis,
3060 3883 3117 3939 p.
3156 3866 3312 3937 154.)

2190 4023 2261 4037 —

2189 4107 2236 4164 Ι)
2262 4104 2472 4178 primus
2523 4114 2744 4158 manum
2794 4093 3059 4161 admovit,
3099 4088 3423 4160 ueterisque
3451 4083 3582 4141 viam
3616 4072 3759 4134 stravit

2268 4197 2339 4253 ad
2365 4193 2626 4253 eximium
2668 4204 2806 4263 opus
2845 4186 3001 4243 novis
3043 4180 3452 4240 accessionibus
3486 4170 3759 4242 locupletia.

2268 4291 2427 4357 dum;
2455 4303 2563 4359 quo
2602 4286 2659 4342 in
2697 4258 2883 4355 opere,
2926 4279 3127 4352 quibus
3180 4272 3447 4332 institutis
3483 4282 3543 4323 ac
3574 4258 3762 4320 moribus

2270 4384 2340 4437 ab
2379 4348 2536 4435 init-io
2580 4348 2824 4431 Ecclesia
2870 4348 2981 4427 lusa
3037 4368 3222 4433 fuerit,
3277 4365 3572 4435 appareret.
3622 4348 3765 4408 Adhuc

2268 4472 2462 4528 titulus
2483 4466 2796 4525 earumdem
2811 4460 3258 4519 Constitutionum
3285 4456 3369 4513 sui
3390 4448 3599 4509 editoris
3616 4450 3763 4498 nomen

2271 4559 2473 4633 prodit,
2514 4563 2598 4612 est
2640 4554 2785 4610 enim
2827 4547 3137 4621 hujusmodi
3175 4563 3190 4600 :
3231 4541 3490 4612 Διαταγαὶ
3525 4536 3620 4592 τῶν
3643 4528 3767 4598 ἁγίων

2275 4619 2587 4704 armastile
2612 4644 2700 4698 διὰ
2728 4619 3042 4713 Κλήμέντος
3085 4637 3180 4692 τοῦ
3221 4633 3501 4705 Ῥωμαίων
3535 4619 3765 4680 ἑπισκόπω

2273 4759 2334 4796 τε
2361 4740 2456 4795 καὶ
2484 4737 2720 4800 πολίτου,
2742 4735 2776 4807 ἢ
2795 4711 3052 4802 κάθολικὴ
3070 4727 3413 4784 διδασκαλίας
3430 4711 3767 4779 constantiam

2277 4843 2581 4889 sanctorum
2637 4826 2994 4898 apostolorum
3047 4838 3138 4893 per
3173 4820 3486 4875 Clementem
3535 4808 3770 4893 ερίιοορυηξ

2279 4936 2330 4984 et
2365 4925 2525 4981 civem
2559 4922 2875 4983 Romanum,
2905 4933 2995 4971 seu
3027 4911 3303 4970 Catholica
3336 4904 3593 4963 Doctrina.
3632 4882 3770 4948 Μὶττπί

2280 5019 2405 5091 quis
2436 5016 2609 5089 possit
2636 5014 2784 5069 viros
2823 5006 3192 5071 acutissimos,
3235 5001 3467 5058 maxime
3489 4983 3771 5051 Cotelerium.

2285 5071 2402 5091 γ--
2437 5071 2462 5089 ,
2487 5071 2491 5072 ν
2520 5071 2526 5073 _

2280 5107 2654 5179 Beveregium,
2687 5101 2971 5163 Grabium,
3005 5095 3303 5156 Clericum,
3346 5088 3438 5161 qui
3477 5071 3774 5139 minutissima

2282 5169 2513 5276 quaeque
2536 5169 2765 5254 scrutati
2794 5182 2943 5257 sunt,
2974 5205 3086 5246 non
3114 5180 3557 5242 animadvertisse
3582 5169 3775 5227 Clemen-

2284 5307 2393 5354 tem
2423 5295 2533 5351 dici
2560 5307 2671 5348 non
2698 5287 2862 5346 modo
2888 5285 3228 5357 episcopum,
3258 5276 3357 5334 sed
3392 5271 3611 5342 etcivcm
3628 5257 3775 5314 Rom-

2286 5405 2412 5446 num
2452 5402 2471 5441 :
2503 5385 2668 5456 idque
2711 5355 3019 5452 importune
3065 5370 3356 5429 admodum
3402 5368 3582 5438 praeter
3620 5355 3776 5456 ωοτξξπ

2285 5481 2456 5537 totius
2507 5441 2870 5547 anilquitatis.
2933 5471 3013 5526 Ac
3059 5466 3244 5539 plures
3292 5458 3507 5534 quidem
3543 5441 3776 5507 Clementi!

2286 5573 2519 5630 Romani
2547 5586 2672 5626 cum
2698 5567 2858 5622 laude
2883 5562 3269 5623 meminerunt,
3304 5567 3459 5611 nemo
3490 5556 3612 5601 unus
3643 5539 3777 5630 ιειξιξε

2493 5619 2819 5721 Iliam-anum
2837 5619 3109 5730 appellat.
3158 5619 3434 5707 Accedunt
3488 5636 3665 5730 scripta
3691 5619 3778 5730 Cll:

2552 5759 2755 5835 partim
2790 5710 2951 5820 vcr‘a,r
2969 5710 3167 5826 partim
3206 5745 3346 5801 falso
3381 5737 3479 5814 ipsi
3522 5729 3710 5787 tributa,
3738 5710 3779 5767 il
