3900 6334
188 315 284 372 5‘25

1008 317 1602 379 CONSTITUTIONES
1635 322 2110 382 APOSTOLICE.
2143 359 2210 368 -ι
2236 327 2600 385 ΡηοοεΜιΑ.

3307 335 3411 390 526

181 433 374 504 quibus
404 431 722 502 bujusmodi
751 435 1044 504 appellatio
1076 452 1346 507 nusquam
1373 438 1618 493 occurrit
1649 440 1755 493 nisi
1785 446 1831 500 Α
1859 444 2028 496 ctrina
2085 459 2175 512 per
2206 443 2579 514 Hippolytum,
2635 445 2690 501 in
2739 459 2844 514 qua
2896 445 3197 516 colligenda
3251 455 3416 516 atque

181 526 234 580 in
254 525 505 579 Homiliis
524 533 578 580 et
601 525 1098 592 Constitutionibus,
1126 529 1288 598 idque
1312 540 1418 583 tam
1450 532 1596 584 nulla
1622 531 1748 597 ﬁde,

180 626 236 673 ut
263 618 564 673 etiamnum
591 619 658 673 de
685 618 979 675 Clementis
1011 622 1188 690 patria
1213 623 1492 691 disputent
1526 624 1748 679 eruditi.

177 708 643 764 Constitutionum
671 709 855 780 itaque
894 711 1085 767 titulus
1109 713 1210 768 hoc
1241 715 1403 769 modo
1435 731 1493 769 se
1523 715 1748 769 habuit:

177 802 441 869 Διαταγαὶ
481 802 589 855 τῶν
631 802 800 870 ἁγίων
843 803 1153 858 ἀποστόλων
1191 806 1276 859 διὰ
1303 807 1617 878 Κλήμεντος
1657 805 1750 859 τοῦ

186 894 474 965 Ῥωμαίων
519 894 838 957 ἐπισκόπου,
888 896 983 949 καὶ
1041 898 1373 963 Ἱππολύτου,
1418 901 1450 970 ἡ
1496 897 1751 969 καθολικὴ

176 983 530 1043 διδασκαλίαι
567 986 982 1044 Constitutiones
1034 1001 1336 1044 sanctorum
1393 991 1750 1060 apostolorum

176 1089 267 1142 per
296 1075 618 1130 Clementem
641 1075 1000 1131 Romanorum
1044 1080 1362 1147 episcopum,
1401 1089 1450 1133 et
1475 1079 1751 1149 Hippolyti

178 1165 457 1220 Catholica
497 1166 761 1222 doctrina.
791 1168 964 1235 Quam
1010 1169 1168 1225 facile
1204 1186 1405 1225 nomen
1441 1171 1750 1225 Ἱππολύτου

175 1259 230 1312 in
261 1258 416 1312 aliud
446 1259 539 1311 τοῦ
568 1258 802 1322 πολίτου,
843 1259 1113 1329 Hippolyti
1140 1260 1197 1315 in
1236 1261 1361 1314 civis
1406 1262 1749 1315 immutatum

173 1350 266 1412 sit,
301 1351 542 1420 quisque
573 1350 741 1415 videt,
779 1366 996 1420 unaque
1041 1361 1266 1423 apparet
1294 1353 1484 1422 quanti
1529 1353 1600 1407 sit
1637 1353 1752 1407 haec

174 1441 510 1496 emendatio.
571 1439 709 1495 Nam
758 1442 960 1497 diserte
1011 1443 1143 1512 quid
1194 1442 1494 1508 Clementi,
1552 1443 1751 1515 quidve

176 1533 476 1604 Hippolyto
531 1533 882 1588 tribuendum
939 1535 997 1587 in
1052 1533 1572 1597 Constitutionibus,
1631 1534 1752 1604 ipso

175 1627 340 1680 titulo
384 1626 768 1696 distinguitur;
810 1635 864 1682 et
903 1624 1167 1682 Clementi
1216 1627 1434 1697 quidem
1480 1625 1752 1682 Constitu-

179 1717 346 1768 tiones
373 1713 737 1781 apostolorum
757 1755 772 1778 ,
800 1714 916 1769 sive
936 1730 1121 1770 earum
1147 1716 1400 1774 collectio
1427 1716 1745 1772 ascribitur:

1851 534 2154 589 ordinanda
2185 537 2369 590 nescio
2426 552 2492 590 an
2534 538 2656 606 plus
2692 553 2871 608 operae
2912 547 3102 594 auctor
3147 541 3412 609 posuerit,

1853 640 2014 695 quam
2059 627 2114 679 in
2157 626 2368 681 caeteris
2407 628 2690 697 operibus,
2727 645 2847 699 quae
2876 628 3016 684 bene
3049 630 3218 684 multa
3249 640 3303 684 et
3333 631 3414 684 la-

1851 717 2072 772 boriosa
2101 717 2359 775 confecit.

1924 807 2012 866 Ill.
2055 808 2121 863 In
2162 809 2374 865 Oriente
2424 811 2532 880 fere
2576 811 2765 883 ubique
2813 815 3102 882 permansit
3143 812 3416 884 Hippolyti

1852 900 2498 966 nomen.—Quamobrem
2554 903 2611 958 in
2648 902 2867 958 Oriente
2919 906 3009 958 ubi
3065 905 3242 959 locum
3304 921 3415 960 non

1853 991 2041 1046 habuit
2088 991 2180 1045 illa
2211 991 2526 1061 depravatio
2579 994 2820 1049 nominis
2850 993 3148 1066 Hippolyti,
3189 1003 3414 1050 contra-

1853 1083 1993 1136 rium
2030 1083 2291 1153 contigit;
2325 1087 2524 1139 extrito
2563 1084 2818 1139 nimirum
2846 1084 3141 1141 Clementis
3170 1085 3412 1150 nomine,

1852 1173 1984 1228 illud
2021 1174 2293 1247 Hippolyti
2334 1176 2476 1246 apud
2505 1174 2810 1231 Orientales
2857 1174 2970 1231 fere
3001 1176 3320 1246 permansit,
3358 1175 3416 1229 in

1852 1283 2010 1336 quem
2035 1268 2200 1323 veluti
2244 1268 2499 1322 Ecclesia:
2544 1268 2724 1338 legum
2779 1267 3117 1324 conditorem
3176 1268 3416 1324 universi

1851 1359 2172 1428 respiciunt.
2219 1357 2468 1429 Namque
2505 1360 2561 1413 in
2590 1357 2852 1431 Syrorum
2883 1359 3276 1414 vetustissimis
3321 1375 3416 1414 co-

1850 1451 2064 1507 dicibus
2092 1460 2216 1506 ante
2244 1451 2500 1506 saeculum
2533 1466 2633 1506 vtu
2660 1451 2897 1506 exaratis
2924 1457 3220 1504 occurrunt

1945 1573 2468 1705 ωαέὼε..)
2519 1614 2666 1694 ,ιο
2705 1566 3038 1684 LS1»:
3077 1569 3421 1704 λιπαρο-ἐ

1852 1707 2262 1762 Constitutiones
2316 1708 2677 1777 apostolorum
2733 1723 2823 1775 per
2886 1705 3229 1776 Hippolytum
3281 1707 3416 1776 (58).

177 1805 474 1877 Hippolyto
511 1815 692 1861 autem
728 1805 1008 1860 Catholica
1040 1805 1316 1868 Doctrina,
1354 1806 1622 1860 lmreticis
1650 1820 1747 1876 op-
1780 1781 1823 1836 Β
1851 1799 2027 1868 Atque
2077 1798 2132 1851 in
2169 1797 2341 1853 sacris
2371 1799 2608 1852 Arabum
2641 1797 3027 1859 voluminibus,
3060 1798 3143 1850 vel
3172 1796 3417 1866 Coptita-

176 1900 381 1968 posita.
438 1896 606 1952 Recte
652 1905 833 1950 autem
879 1895 1152 1950 Baronius
1197 1897 1398 1966 aliique
1443 1896 1749 1952 doctissimi

176 1992 279 2046 viri
357 1995 688 2044 censuerunt
747 2003 858 2042 uno
906 1988 1208 2058 eodemque
1261 2000 1424 2058 opere
1478 1988 1744 2042 contineri

177 2083 542 2153 apostolorum
585 2080 1021 2145 Constitutiones,
1061 2089 1115 2136 et
1145 2079 1452 2143 Doctrinas,
1492 2078 1750 2147 διαταγὰς

178 2177 270 2230 καὶ
297 2174 660 2237 διδασκαλίας,
694 2173 838 2243 quod
866 2188 1004 2244 Opus
1046 2173 1224 2227 critici
1260 2172 1462 2243 alioqui
1506 2172 1751 2228 solertis-

178 2266 304 2322 simi
349 2265 404 2319 in
436 2264 545 2319 duo
572 2264 918 2319 dissecarunt
940 2264 1074 2334 (54).
1122 2262 1307 2333 Neque
1335 2265 1478 2317 enim
1508 2263 1577 2317 ab
1615 2262 1751 2333 ipsis

178 2355 619 2411 animadversum
647 2363 751 2420 est,
781 2370 847 2410 ex
879 2354 1031 2410 hisce
1057 2352 1530 2410 Constitutionibus
1561 2369 1752 2410 excer-

180 2457 276 2519 pta
325 2448 565 2518 quaedam
623 2455 837 2502 exstare
884 2447 1133 2502 breviora
1181 2447 1265 2501 vel
1315 2447 1629 2516 prolixiora,
1688 2455 1751 2500 ut

178 2537 383 2606 cuique
426 2534 771 2590 commodum
804 2533 939 2601 fuit;
977 2549 1038 2589 ea
1078 2549 1208 2589 vero
1239 2542 1496 2606 excerpta
1539 2534 1751 2590 criticis

181 2631 584 2700 imposuerunt,
609 2628 766 2698 quasi
806 2627 872 2681 ad
904 2643 1042 2698 opus
1080 2627 1226 2682 aliud
1253 2629 1608 2697 pertinerent.

250 2723 316 2778 ll.
359 2723 472 2778 Cur
500 2736 683 2776 nomen
716 2718 990 2792 Hippolyti
1017 2730 1278 2775 seruatum
1301 2721 1369 2774 sit
1399 2720 1453 2773 in
1485 2736 1581 2774 vm
1613 2719 1753 2775 Con-

183 2814 288 2871 stit.
318 2810 757 2867 libro.-—Mansit
785 2826 916 2866 vero
948 2811 1324 2880 incorruptum
1355 2809 1630 2881 Hippolyti
1656 2825 1753 2864 no-

183 2919 309 2957 men
358 2910 557 2957 octavo
596 2902 737 2956 libro
781 2901 1094 2957 earumdem
1127 2899 1592 2966 Constitutionum,
1642 2905 1756 2957 sive

183 2993 309 3063 quia
339 2992 388 3046 is
403 2991 546 3046 liber
577 2991 869 3062 aliquando
898 2991 1109 3061 primus
1139 2991 1272 3058 fuit;
1299 2993 1412 3047 sive
1433 2993 1559 3062 quia
1591 3006 1620 3045 a
1650 3007 1756 3047 eae-

185 3084 315 3139 teris
348 3084 579 3138 avulsus
594 3082 861 3153 Hippolyti
887 3097 1082 3138 nomen
1104 3083 1479 3138 tantummodo
1505 3085 1751 3140 retinuit.

188 3172 276 3228 Est
305 3182 491 3230 autem
516 3174 800 3244 inscriptio
837 3173 998 3243 hujus
1027 3175 1203 3228 octavi
1230 3175 1354 3228 libri
1374 3195 1386 3229 :
1405 3175 1542 3246 Περὶ
1576 3192 1756 3247 χειρο-

185 3267 369 3320 τονιιῖιν
388 3267 480 3320 διὰ
504 3265 816 3320 Ἱππολύτου
833 3284 847 3321 :
865 3266 942 3320 De
966 3265 1382 3320 ordinationibus
1402 3283 1493 3335 per
1512 3266 1762 3338 Hippoly-

188 3370 294 3413 tum
312 3360 450 3430 (55),
495 3366 589 3412 aut
636 3358 799 3413 etiam
853 3357 1167 3413 Ἱππολύτου
1209 3359 1430 3422 κανόνες
1471 3359 1761 3431 ἐκκλησιαο

189 3452 354 3503 mimi.
387 3451 518 3521 περὶ
545 3449 835 3519 ὰπαρχῶνε
874 3450 1141 3520 Hippolyti
1170 3465 1392 3503 canones
1419 3450 1761 3505 ecclesiastici

183 3543 252 3598 de
288 3544 536 3611 primitiis
574 3542 708 3614 (56),
739 3551 901 3613 prout
951 3542 1205 3596 nimirum
1250 3542 1354 3598 sibi
1397 3542 1633 3613 quisque
1659 3543 1758 3597 de-

185 3639 488 3707 scripserat
511 3636 593 3690 vel
619 3644 781 3706 caput
804 3643 1054 3704 quartum
1092 3635 1236 3705 quod
1267 3642 1350 3690 est
1378 3631 1441 3688 de
1464 3633 1760 3688 ordinatio-

182 3726 364 3790 nibus,
390 3727 478 3781 vel
508 3725 845 3782 tricesimum
887 3725 950 3778 de
971 3725 1220 3794 primitiis
1261 3740 1327 3780 ex
1356 3725 1508 3780 hisce
1535 3721 1756 3779 ‘Consti-

184 3817 498 3872 minibus.
529 3814 586 3870 Is
611 3822 758 3870 certe
787 3816 929 3870 liber
955 3829 1058 3870 vm
1087 3815 1142 3869 in
1166 3816 1350 3870 varias
1379 3813 1609 3868 lacinias
1637 3813 1756 3868 dis-

182 3916 407 3978 cerptus
454 3915 560 3970 est,
596 3907 829 3975 indeque
871 3905 963 3959 alii
996 3906 1232 3962 coniecti
1274 3905 1462 3969 libelli,
1495 3904 1758 3975 quemad-

182 4002 407 4054 modum
451 4001 660 4070 Πέτρου
703 4001 796 4052 καὶ
825 3999 1036 4053 Παύλου
1080 4000 1187 4052 τῶν
1217 4000 1385 4068 ἁγίων
1423 3997 1758 4053 ’Δποστόλων

178 4091 477 4156 διατάξεις,
506 4091 591 4145 vel
625 4091 846 4153 κανόνες
883 4090 1162 4162 διάφοροιε
1200 4090 1344 4144 Petri
1372 4100 1420 4144 et
1462 4090 1621 4145 Pauli
1652 4088 1754 4145 SS.

181 4178 549 4246 apostolorum
585 4179 980 4233 constitutiones
1020 4179 1102 4233 vel
1144 4194 1365 4232 canones
1399 4178 1590 4233 diversi
1621 4179 1753 4250 (57).

177 4267 372 4338 Neque
414 4278 620 4324 temere
659 4277 854 4324 octavo
894 4269 1024 4323 huic
1061 4268 1200 4324 libro
1241 4268 1512 4342 Hippolyti
1558 4285 1754 4324 nomen

177 4361 443 4431 pramitti
487 4365 792 4424 consuevit,
826 4362 1045 4432 quando
1075 4362 1288 4416 initium
1319 4363 1484 4416 sumit
1512 4377 1576 4416 ex
1620 4376 1756 4430 npu-

177 4455 343 4508 sculo
395 4455 530 4524 Περὶ
575 4453 946 4525 χαρισμάτων,
999 4453 1075 4507 De
1130 4453 1568 4519 charismotibus,
1610 4453 1754 4523 quod
1788 4465 1830 4518 ι)

176 4548 496 4602 certissime
538 4545 829 4617 Hippolyto
868 4546 1112 4601 vindicat
1161 4546 1448 4617 inscriptio
1489 4546 1760 4601 cathedrae

177 4654 541 4702 marmoreae,
597 4639 651 4692 in
699 4654 805 4708 qua
856 4638 1051 4709 legitur
1103 4638 1262 4691 IIEPI
1314 4638 1760 4693 XAPICMATQN

176 4745 252 4784 ac
304 4730 494 4785 deinde
553 4731 804 4801 sequitur
855 4731 1301 4786 AHOCTOAIKH
1359 4729 1756 4784 IIAPAAOCIC.

173 4823 346 4890 Quod
377 4839 509 4879 sane
553 4829 873 4893 argumento
913 4830 1017 4886 est,
1046 4831 1297 4877 octavum
1340 4822 1538 4877 librum
1593 4823 1760 4878 fuisse

176 4915 406 4970 initium
437 4915 757 4983 Apostolicce
800 4913 1104 4968 traditionis
1135 4923 1298 4985 atque
1328 4914 1463 4970 adeo
1490 4914 1752 4970 Constitu-

176 5006 415 5070 tionum,
464 5020 603 5074 quas
642 5003 891 5059 Clemens
931 5005 1244 5074 collegerat,
1278 5003 1600 5074 Hippolytus
1631 5019 1758 5059 vero

175 5097 238 5148 in
275 5097 465 5165 vulgus
488 5095 692 5151 emisit.
724 5093 859 5150 Aliis
881 5102 1061 5149 autem
1088 5094 1243 5148 libris
1273 5109 1345 5148 vn
1379 5094 1759 5148 continebatur

171 5190 211 5257 ἡ
231 5183 522 5256 Καθολικὴ
535 5186 845 5240 διδασκαλία
873 5186 936 5239 δι’
978 5169 1289 5239 Ἱππολύτου
1313 5202 1324 5237 :
1352 5184 1626 5242 Catholica
1652 5185 1760 5239 Do-

259 5423 380 5494 (δι)
406 5422 592 5496 Usser.
612 5423 819 5496 Proteo.
845 5425 899 5477 in
917 5422 1016 5492 Ep.
1038 5423 1240 5494 lgnat.,
1261 5441 1380 5496 cap.
1403 5427 1453 5492 7;
1469 5424 1753 5492 Pearson.,

189 5493 371 5548 Vind.
417 5494 593 5564 Ignat.
631 5494 674 5560 Ι,
703 5495 757 5550 4.

260 5564 383 5632 (55)
421 5564 584 5620 Grab.
621 5581 688 5620 ex
715 5564 838 5619 cod.
874 5563 1095 5618 Barocc.
1137 5577 1305 5617 xxvm
1352 5573 1407 5616 et
1444 5563 1680 5621 V'indob.

262 5635 386 5702 (56)
421 5635 632 5706 LLoyd.
662 5637 719 5706 in
736 5634 931 5689 Collot.
955 5634 1202 5704 Synodic.
1231 5637 1465 5705 Bevereg.
1488 5636 1748 5706 ap.Wolf.

176 5707 225 5759 Α
238 5706 398 5760 necti.
427 5705 514 5772 IV,
620 5706 648 5759 1
661 5705 746 5761 16.

270 5777 391 5842 ιδῖ)
424 5777 484 5832 ν.
515 5774 705 5840 (ξηιλ,
738 5774 920 5844 Spicil.
957 5775 997 5842 l,
1026 5792 1076 5847 p.
1107 5775 1194 5831 85.

1850 1903 1969 1943 rum
2007 1889 2190 1957 potius
2228 1887 2486 1944 Ecclesiae
2536 1886 2935 1950 Alexandrinae,
2987 1901 3180 1940 eorum
3232 1888 3420 1958 lingua

1848 1982 2115 2036 utentium

1851 2061 2248 2181 ινμςιέω
2290 2061 2536 2164 ζειρμί
3241 2065 3421 2181 "id:

2851 2153 3070 2262 siam
3099 2153 3415 2263 ἶλ-ελέἒ

1853 2289 1954 2346 Isti
1995 2300 2116 2344 sunt
2168 2307 2388 2346 canones
2438 2290 2704 2355 Ecclesiae,
2748 2291 3001 2344 mandato
3045 2305 3160 2358 qua:
3213 2288 3421 2355 scripsit

1854 2381 2170 2452 Hippolytus
2199 2421 2215 2446 ,
2272 2399 2362 2451 per
2402 2400 2549 2453 quem
2607 2383 2836 2453 loquitur
2891 2378 3231 2454 [Ecclesia]
3286 2379 3420 2450 (59).

1853 2473 2142 2545 Ᾱὶιιιίορρε
2183 2483 2364 2530 autem
2411 2490 2439 2528 a
2474 2474 2670 2544 priscis
2717 2475 3049 2545 temporibus
3089 2481 3211 2544 post
3249 2472 3425 2528 Cono-

1852 2584 1939 2621 nes
1987 2567 2342 2635 apostolorum
2377 2585 2503 2638 quos
2548 2583 2725 2622 CXXV"
2757 2577 3051 2632 numerant,
3081 2575 3340 2620 recensent

1853 2657 2190 2740 tamen.
2244 2660 2672 2751 HMHUE‘I'I
2729 2699 2750 2742 :
2805 2656 2951 2751 AJP
2999 2698 3021 2740 :
3081 2645 3337 2740 22ἠῷ
3396 2693 3420 2736 ε

1854 2779 2074 2867 ΗΕθΒ
2093 2818 2115 2860 ε
2143 2784 2306 2855 lilii:

1855 2926 1990 2997 (40).
2019 2924 2257 2982 Canones
2284 2925 2555 2996 Hippolyti
2575 2926 2804 2980 doctoris
2825 2940 2974 2994 popa:
2996 2923 3172 2978 Romo:
3194 2937 3423 2978 xxxvm.

1857 3017 2112 3086 Quinimo
2164 3016 2440 3089 Hippolyti
2472 3032 2667 3072 nomen
2697 3017 2838 3088 apud
2864 3015 3151 3087 IEthiopes
3182 3014 3316 3070 adeo
3341 3016 3426 3070 in-

1783 3115 1824 3174 C
1858 3112 2048 3176 valuit,
2081 3119 2141 3164 ut
2175 3123 2276 3180 pro
2305 3125 2438 3165 voce
2462 3107 2693 3164 Cononis
2732 3118 3017 3180 acceptum
3070 3108 3142 3163 sit
3190 3127 3203 3162 :
3249 3123 3427 3176 neque

1861 3203 2008 3258 enim
2054 3202 2275 3257 aliunde
2319 3210 2562 3271 repetere
2607 3202 2734 3257 licet
2767 3201 3037 3256 dictiones
3063 3200 3287 3264 Abtelis,
3314 3201 3426 3253 Ab-

1860 3295 2030 3359 seltis,
2073 3300 2128 3350 et
2151 3293 2384 3348 Bctelsat
2440 3293 2640 3364 quibus
2698 3293 2993 3349 secundam
3051 3292 3427 3347 collectionem

1860 3386 2151 3458 appellant,
2174 3401 2335 3455 quam
2355 3386 2422 3440 al)
2453 3385 2570 3454 ipso
2599 3383 2874 3448 Abulides,
2908 3383 3130 3438 nomine
3159 3399 3266 3453 quo
3295 3382 3429 3454 Hip-

1859 3479 2104 3550 polytum
2147 3476 2360 3540 dicunt,
2407 3477 2555 3530 varie
2604 3474 2802 3530 inﬂexo
2855 3483 2910 3530 et
2946 3483 3225 3544 corrupto.
3284 3473 3426 3528 Cum

1859 3573 2004 3628 enim
2033 3572 2088 3625 in
2117 3585 2216 3624 sua
2245 3569 2429 3639 lingua
2461 3584 2570 3622 non
2596 3567 2832 3622 habeant
2863 3567 3078 3620 illarum
3102 3565 3424 3632 dictionum,

1858 3664 2058 3735 quibus
2108 3677 2208 3732 pro
2257 3661 2431 3715 titulis
2475 3668 2728 3726 utuntur,
2782 3659 3079 3729 originem;
3130 3658 3285 3712 aiunt
3325 3657 3427 3712 hos

1858 3755 2046 3810 titulos
2070 3753 2270 3808 Abtelis
2309 3767 2404 3807 seu
2427 3750 2656 3805 Betelsat
2687 3747 2985 3804 etAbseltis
3031 3747 3212 3818 lingua
3242 3746 3427 3802 Graeca

1860 3846 2166 3917 signiﬁcare
2195 3842 2458 3900 Cononem
2489 3841 2622 3914 (41),
2647 3842 2792 3911 quod
2821 3839 3018 3897 falsum
3048 3854 3172 3896 esse
3199 3855 3263 3894 ac
3291 3840 3426 3894 alie-

1859 3958 1989 3996 num
2020 3955 2181 3995 nemo
2209 3954 2318 3997 non
2349 3937 2512 3992 videt.
2543 3935 2861 4005 Ludolpbus
2893 3933 3207 4003 huiusmodi
3235 3949 3428 3989 corru-

1860 4032 2076 4101 ptiones
2123 4028 2290 4083 tribui
2356 4026 2564 4080 mavult
2624 4023 2899 4095 Coptitis;
2962 4024 3073 4078 imo
3120 4039 3249 4078 vero
3301 4039 3426 4079 cum

1857 4136 2074 4176 omnem
2128 4119 2432 4175 doctrinam
2484 4117 2554 4172 ab
2604 4118 2740 4188 ipsis
2788 4116 3098 4186 acceperint
3121 4115 3424 4187 Ethiopes,

1859 4229 2084 4269 necesse
2114 4227 2224 4266 non
2247 4218 2330 4267 est
2362 4209 2557 4264 menda
2581 4209 2746 4264 etiam
2783 4208 3081 4278 accepisse.
3117 4224 3182 4263 ac
3213 4209 3426 4265 facilius

1859 4307 1928 4362 ab
1960 4305 2184 4368 ultimis,
2221 4303 2327 4359 nisi
2357 4304 2426 4358 ab
2454 4304 2718 4373 utrisque,
2742 4301 2793 4356 id
2825 4317 3021 4358 nomen
3042 4302 3289 4357 vitiatum
3319 4313 3422 4359 est.

1863 4400 1986 4456 Haec
2015 4408 2195 4457 autem
2248 4400 2322 4453 ita
2372 4415 2431 4455 se
2471 4398 2672 4453 habere
2732 4397 2928 4452 titulus
2973 4398 3090 4466 ipse
3139 4399 3426 4453 conllrmat

1865 4494 2028 4557 hujus
2058 4491 2283 4546 alterius
2315 4490 2666 4546 Collcctionis

1868 4585 2138 4665 ‘IXYD‘
2205 4624 2225 4666 ς
2306 4571 2722 4669 ωιωεοτῑτ
2793 4622 2814 4665 :
2896 4581 3327 4664 h'ﬂr‘m’i‘ft
3402 4621 3424 4663 :

1867 4703 2063 4786 (Ριῗιῖ
2118 4745 2139 4786 ε
2189 4701 2571 4786 ΗἏἻΗΗ
2620 4742 2642 4783 ε

1864 4824 2272 4895 chrtesentatio
2301 4834 2350 4878 et
2375 4823 2643 4877 ordinatio
2660 4821 2891 4876 Absoltis
2925 4821 3197 4876 Canonum
3216 4821 3425 4874 Domini

1862 4918 2050 4971 nostri.
2084 4915 2185 4971 Ubi
2232 4925 2456 4986 apparet
2496 4931 2598 4970 suo
2620 4915 2894 4978 Canones,
2930 4929 2992 4968 ac
3030 4930 3131 4969 suo
3160 4913 3427 4969 Collecto-

1861 5021 1976 5061 rem
2007 5007 2265 5077 appellari
2292 5005 2513 5077 pr0prio
2551 5005 2792 5068 nomine,
2826 5003 2970 5074 quod
3014 5003 3162 5058 aliud
3204 5019 3311 5058 non
3341 5013 3425 5057 est

1863 5097 1931 5150 ab
1962 5097 2054 5150 illo
2083 5094 2376 5167 Hippolyti.
2410 5094 2545 5150 Cum
2570 5110 2698 5150 vero
2728 5096 2964 5166 plurium
3001 5109 3229 5150 numero
3259 5094 3421 5148 etiam

1862 5199 2082 5245 utantur
2111 5190 2176 5244 ad
2209 5205 2325 5244 eam
2357 5188 2732 5243 collectionem
2764 5186 3200 5258 signiﬁcandam,
3234 5202 3426 5257 nempe

1931 5431 2044 5502 (58)
2086 5430 2216 5502 Mss.
2257 5431 2380 5502 cod.
2409 5429 2560 5502 νειμ,
2596 5447 2651 5486 n.
2688 5430 2811 5486 107.

1931 5497 2045 5571 (59)
2085 5501 2163 5554 Ex
2195 5501 2316 5571 cod.
2347 5516 2481 5557 mss.
2510 5501 2732 5571 Macarii
2762 5499 2946 5571 presb.
2976 5497 3102 5571 Vid.
3134 5498 3420 5557 Asseman.

1856 5573 1922 5627 B.
1946 5570 2012 5627 0.
2034 5579 2167 5626 tom.
2195 5570 2234 5631 1.
2265 5587 2318 5641 p.
2344 5571 2447 5624 6l9
2477 5581 2531 5627 et
2553 5570 2643 5636 lll,
2676 5570 2809 5641 pLi,
2843 5570 3008 5641 p.15.

1927 5642 2040 5783 (4οζ
2076 5643 2177 5712 Ap.
2217 5639 2479 5710 Ludolph.
2521 5639 3034 5710 Hist.}Ethiop-.,ll,
3061 5658 3115 5712 p.
3141 5639 3262 5695 504.

1927 5714 2010 5783 (Η
2078 5712 2369 5781 Ludolph.,
2403 5711 2443 5767 ι.
2477 5728 2552 5778 c.,
2586 5729 2638 5782 p.
2668 5712 2789 5767 550.

1926 5711 2037 5783 (Μ)
2078 5711 2369 5781 Ludolph.,
2403 5711 2443 5767 ι.
2477 5728 2552 5778 c.,
2586 5729 2638 5782 ιι.
2668 5712 2789 5767 550.
