3900 6334
505 298 611 354 5‘27

1336 291 1415 347 .S.
1451 288 1847 348 CLEMENTIS
1879 290 1899 345 Ι
1932 288 2100 344 BOM.
2136 287 2338 343 PONT.
2375 285 2603 341 OPERA
2638 282 2865 339 DUBIA.
2938 263 2945 271 I
3582 290 3662 345 523

507 392 960 497 Apr}.
987 444 1012 486 ³
1039 416 1319 481 Mum-5a,,
1351 417 1684 473 collectanea
1710 415 1793 469 νει
1822 412 2077 469 mandata
2106 407 2149 459 Α
2177 396 2440 453 Clementi
2486 396 2844 457 vindicamus,
2885 393 3188 497 communis
3232 399 3402 449 tamen
3438 396 3593 468 aliqua
3614 417 3663 456 ex

513 532 823 601 Hippolyten
853 530 1183 599 intelligunt.
1218 528 1266 582 ls
1300 527 1438 582 liber
1464 541 1706 581 canones
1737 539 1899 579 um
1931 539 2078 579 com-

509 621 813 694 prehendit,
845 636 987 691 quos
1012 626 1068 676 et
1094 618 1470 689 Apostolorum
1501 618 1711 673 dicunt.

578 735 666 793 IV.
704 736 804 790 ~An
857 744 991 789 recte
1026 730 1439 790 Constitutiones
1502 730 1846 802 praeseferant
1894 747 2081 785 nomen

509 827 790 884 Clementis
802 824 1418 881 Rom—Verumtamen
1429 824 1759 879 Clementem
1776 821 2080 878 Romanum

508 921 753 974 omnium
811 921 1046 989 primum
1100 917 1230 971 huic
1271 917 1425 986 operi
1473 930 1695 971 manum
1752 915 2081 979 admovisse,

508 1028 617 1067 non
642 1012 800 1067 video
827 1024 935 1082 qua
964 1010 1178 1064 ratione
1210 1007 1444 1062 inﬁciari
1476 1008 1600 1079 quis
1634 1008 1830 1077 possit.
1877 1006 2083 1077 Super-

511 1113 638 1159 sunt
676 1104 856 1159 adhuc
903 1102 958 1157 in
984 1099 1462 1157 Constitutionibus
1497 1108 1775 1169 utcunque
1811 1098 2085 1169 corruptis

512 1195 738 1266 vestigia
768 1194 866 1249 arvi
899 1208 1009 1263 quo
1037 1191 1343 1261 compilatae
1371 1189 1606 1261 primum
1648 1188 1889 1245 fuerunt.
1922 1186 2087 1242 Nam-

511 1304 618 1359 que
660 1287 750 1342 ubi
794 1286 1031 1357 plurium
1064 1282 1433 1339 Ecclesiarum
1486 1281 1543 1335 lit
1586 1281 1813 1346 mentio,
1854 1295 1976 1351 quae
2018 1280 2088 1335 ab

514 1379 780 1450 apostolis
824 1377 1073 1451 praprios
1112 1375 1399 1446 episcopos
1452 1373 1735 1429 ordinatos
1783 1372 2083 1437 habebant,

516 1487 628 1529 non
676 1472 822 1526 ultra
878 1469 1097 1525 tertiam
1156 1467 1560 1523 successionem
1626 1464 2084 1539 progrediuntur;

514 1566 682 1635 veluti
715 1580 840 1619 cum
867 1563 1072 1619 dicitur
1098 1562 1167 1618 de
1193 1560 1533 1633 Smyrnensi.
1573 1559 1826 1632 Σμύρνης
1852 1559 1909 1614 δὲ
1948 1557 2091 1630 ’Δρίο

517 1675 656 1714 στων
677 1658 914 1731 πρῶτος,
944 1656 1061 1729 μεθ’
1090 1655 1148 1709 ὃν
1171 1655 1473 1726 Στραταίας
1493 1656 1522 1709 ὁ
1547 1652 1769 1717 Λώῖδος,
1797 1652 1892 1706 καὶ
1911 1651 2093 1723 τρίτος

2178 499 2330 562 parte
2370 498 2457 546 est
2494 503 2661 543 causa
2706 487 2882 559 ipsius
2939 494 2994 540 et
3043 483 3327 557 Hippolyti,
3368 501 3480 542 cum
3522 493 3667 559 operis

2178 581 2361 638 eximii
2394 579 2859 636 constructionem
2897 575 2988 630 ille
3016 575 3378 642 delineaverit,
3408 577 3501 635 iste
3526 580 3673 651 perte.

2180 673 2337 729 cerit.
2371 671 2612 742 Uterque
2642 678 2825 726 autem
2858 667 3046 726 Graece
3087 666 3319 735 scripsit,
3348 669 3435 724 sed
3460 670 3674 727 alteruter

2181 765 2430 822 Latinam
2474 764 2713 834 aliquam
2757 761 3054 817 dictionem
3099 758 3336 813 adhibuit
3371 761 3516 832 vulgo
3548 779 3677 818 usur-

2183 867 2385 931 patam,
2412 854 2866 926 quemadmodum
2896 853 2990 907 ubi
3017 851 3093 906 ait
3120 870 3133 904 :
3163 851 3334 903 Ἔστω
3350 850 3401 905 δὲ
3419 851 3514 905 τῶν
3536 853 3679 906 τόπων

2184 949 2424 1023 προνοῶν
2471 950 2499 1002 ὁ
2538 947 2804 1011 διάκονος,
2853 945 2918 1000 ἶν’
2959 944 3186 1008 ἕκαστος
3203 943 3326 1004 ,τῶν
3350 944 3682 1015 εἰσερχομένσιν

2185 1044 2263 1106 εἰς
2291 1038 2379 1093 τὸν
2422 1038 2552 1095 ἴδιον
2578 1036 2741 1091 τόπον
2768 1035 2935 1108 ὁρμᾷ,
2970 1034 3065 1091 καὶ
3094 1034 3167 1107 μὴ
3184 1033 3341 1106 κπαρά
3366 1033 3685 1102 τὸῚγτρόῐτον

2186 1130 2548 1195 καθέζωνται.
2585 1128 2859 1183 Diaconus
2890 1136 3064 1182 autem
3103 1126 3230 1181 locis
3258 1126 3521 1196 provideat,
3544 1136 3593 1179 ut
3616 1128 3682 1181 is-

2187 1221 2535 1295 gredientium
2562 1221 2779 1292 quisque
2824 1219 2995 1274 locum
3038 1233 3193 1273 suum
3222 1225 3377 1287 petat,
3420 1225 3465 1272 et
3502 1219 3685 1272 uemois

2188 1312 2417 1368 introitu
2445 1311 2689 1367 resideat.
2723 1309 2911 1366 Prodit
2931 1307 3130 1365 ibidem
3158 1323 3216 1364 se
3235 1315 3433 1373 auctor,
3459 1316 3688 1363 mutuatus

2188 1404 2250 1458 τὸ
2279 1404 2571 1475 ιντρόττον
2599 1402 2667 1458 ab
2688 1401 2923 1464 Latinis,
2954 1416 3093 1471 quos
3136 1401 3278 1455 inter
3316 1398 3534 1462 vivebat,
3575 1398 3684 1453 alio-

2192 1498 2283 1571 qui
2326 1498 2394 1553 ab
2431 1497 2652 1553 usitatis
2696 1495 2841 1566 apud
2865 1494 3085 1550 Graecos
3133 1491 3456 1548 dictionibus
3494 1506 3586 1545 non
3620 1505 3690 1544 re-

2193 1592 2472 1647 cessisset.
2504 1587 2828 1659 Hujusmodi
2868 1594 2954 1642 est
2984 1585 3145 1642 etiam
3187 1583 3505 1655 πρόσρησις,
3528 1580 3693 1636 Latinis

2197 1682 2486 1746 adlocutio,
2550 1690 2605 1738 et
2659 1677 3014 1753 προσλαλεῖν,
3074 1676 3295 1747 alloqui,
3347 1682 3403 1728 ut
3448 1672 3692 1727 Romanam

529 1747 786 1841 ἈρίσῖωῩ
805 1746 1089 1841 {suis/em“,
1118 1744 1311 1841 Ανὶδίο,
1331 1744 1556 1841 P"'_’“‘_"
1757 1739 2095 1841 q‘ff"?_s’f‘f'
2126 1748 2169 1804 Β
2198 1739 2649 1833 consuetudinem
2671 1739 2865 1827 auctor
2877 1739 3209 1841 exprimeret
3235 1739 3565 1837 potiusquam
3588 1763 3697 1817 Gra-

518 1852 645 1894 ηεαδ
686 1838 865 1893 Loidis
900 1838 1067 1909 ﬁlius,
1100 1854 1161 1892 ac
1192 1837 1378 1892 tertius
1408 1835 1588 1889 Aristo
1619 1834 1752 1905 (4‘2).
1804 1831 1962 1889 Nulla
2007 1832 2098 1887 hic

516 1930 829 2002 Polycarpi,
864 1930 1105 2000 fejusque
1146 1928 1458 1984 decessoris
1506 1926 1730 1989 Bucoli,
1768 1924 1827 1979 ﬁt
1870 1923 2096 1990 mentio,

517 2022 758 2093 adeoque
784 2020 1089 2077 Cotelerius
1121 2019 1401 2079 adnotavit
1434 2034 1447 2070 :
1487 2017 1619 2075 Post
1652 2015 1938 2073 secundum
1975 2016 2101 2069 Ari-

518 2128 717 2172 stonem
750 2131 1026 2170 numerare
1055 2113 1171 2168 licet
1202 2112 1478 2178 Bucolum,
1506 2110 1725 2181 indeque
1752 2108 2099 2180 Polycarpurn

518 2206 585 2260 ab
627 2205 866 2276 apostolo
893 2203 1101 2259 Joanne
1124 2201 1413 2272 Smyrnteis
1455 2200 1817 2272 pra'positum,
1854 2199 2099 2269 inquiunt

520 2308 732 2362 veteres,
764 2298 949 2369 quique
983 2296 1104 2350 ideo
1128 2303 1335 2364 poterat
1362 2294 1457 2348 hoc
1494 2293 1609 2348 loco
1652 2292 1965 2354 memorari;
2000 2306 2100 2362 po-

514 2403 664 2450 terat
690 2393 909 2464 quidem
939 2392 1008 2447 ab
1047 2391 1156 2445 alio
1180 2404 1344 2460 quam
1367 2388 1646 2444 Clemente
1681 2386 1996 2447 memorari.
2027 2385 2104 2441 si-

518 2484 742 2554 quidem
768 2498 889 2553 quae
920 2480 1143 2551 scripsit
1172 2479 1479 2536 Cotelerius
1510 2478 1765 2549 expedita
1809 2484 1938 2533 sunt
1966 2476 2098 2549 (45).

521 2576 776 2631 Clemens
816 2574 1002 2645 itaque
1036 2586 1145 2628 non
1184 2572 1326 2626 ultra
1357 2586 1477 2627 eam
1510 2568 1914 2626 successionem
1942 2576 2105 2638 atque

522 2665 873 2724 traditionem
901 2664 1157 2737 progredi
1198 2663 1395 2733 potuit,
1418 2678 1577 2734 quam
1620 2670 1741 2716 ante
1784 2660 1964 2717 oculos
2005 2659 2105 2714 Ita—

524 2761 659 2824 buit,
714 2768 774 2815 ut
820 2758 1003 2813 verbis
1050 2765 1176 2811 utar
1218 2755 1424 2811 lremci.
1482 2752 1616 2808 Nam
1667 2752 1724 2808 S.
1756 2753 1950 2808 doctor
1976 2766 2103 2807 cum

527 2850 864 2922 argumentis
906 2864 937 2902 a
966 2848 1260 2903 traditione
1309 2846 1495 2917 petitis
1550 2852 1795 2900 uteretur
1840 2844 2103 2901 adversus

527 2942 815 2997 haereticos
843 2981 859 3001 ,
926 2940 1198 3010 praecipue
1261 2937 1328 2991 ad
1384 2937 1718 2991 Clementem
1794 2943 2099 3006 provocat:

526 3033 707 3105 Τρίτῳ
752 3032 902 3102 τόπῳ
926 3030 1062 3095 ξάπὺ
1115 3030 1223 3083 τῶν
1274 3027 1587 3082 ἀποστόλων
1660 3028 1758 3100 τὴν
1801 3026 2104 3098 ἐπισκοπὴν

527 3122 822 3196 κληροῦται
858 3122 1117 3194 Κλήμης,
1152 3123 1182 3175 ό
1207 3121 1300 3174 καὶ
1348 3117 1606 3192 ἑωρακὼς
1644 3119 1773 3183 τοὺς
1807 3118 2107 3190 μακαρίους

528 3216 887 3280 ἀποστόλους,
918 3214 1014 3269 καὶ
1046 3211 1441 3285 συμϐεϐληκὼς
1477 3212 1691 3275 αὐτοῖς,
1722 3210 1817 3265 καὶ
1845 3210 1923 3264 ἔτι
1953 3208 2109 3263 ἐναυ-

530 3310 618 3364 λον
645 3308 708 3363 τὸ
734 3310 996 3380 κήρυγμα
1034 3306 1143 3361 τῶν
1171 3305 1505 3369 ἀποστόλων,
1536 3304 1630 3358 καὶ
1669 3304 1771 3376 τὴν
1813 3302 2110 3376 παράδοσιν

532 3403 639 3475 πρὸ
665 3401 964 3473 ὀφθαλμῶν.
984 3399 1144 3472 ἔχων,
1174 3417 1228 3453 κ.
1250 3416 1301 3453 τ.
1322 3398 1373 3452 λ.
1410 3397 1587 3453 Tertio
1615 3397 1729 3452 loco
1759 3396 1824 3451 ab
1854 3394 2109 3466 apostolis

530 3496 889 3563 episcopatum
920 3494 1144 3547 sortitur
1175 3489 1436 3555 Clemens,
1458 3490 1549 3561 qui
1582 3497 1632 3543 et
1653 3489 1781 3543 vidit
1820 3488 1961 3558 ipsos
1984 3502 2110 3556 apo~

532 3585 719 3649 stolas,
752 3593 801 3639 et
830 3582 1053 3638 contulit
1082 3598 1200 3635 cum
1230 3582 1327 3645 eis,
1350 3589 1400 3633 et
1431 3596 1549 3634 cum
1577 3577 1753 3632 adhuc
1779 3578 2108 3631 insonantem

533 3676 964 3747 medicationem
1034 3675 1429 3745 apostolorum,
1487 3684 1537 3729 et
1587 3673 1925 3739 traditionem
1993 3684 2112 3727 ante

534 3768 719 3822 oculos
744 3766 1021 3822 haberet...
1047 3767 1369 3820 annuntians
1398 3781 1555 3837 quam
1586 3764 1640 3818 in
1666 3763 1859 3818 recenti
1888 3762 1952 3817 ab
1983 3778 2112 3832 apo-

536 3858 688 3913 stolis
730 3866 999 3926 acceperat
1038 3856 1398 3911 traditionem.
1450 3855 1755 3911 Traditions
1798 3856 1961 3926 igitur
1998 3872 2113 3927 qua:

534 3959 615 4005 est
655 3950 721 4003 ab
767 3950 1018 4018 apostolis
1052 3949 1130 4003 sic
1156 3964 1211 4003 se
1246 3948 1464 4003 habente
1513 3950 1567 4003 in
1590 3947 1850 4013 Ecclesia,
1900 3956 1953 4002 et
1995 3962 2115 4016 per-

537 4050 780 4096 manente
813 4040 955 4110 apud
994 4058 1112 4105 nos,
1158 4050 1483 4095 revertamur
1526 4040 1595 4093 ad
1633 4056 1750 4094 eum
1783 4053 1901 4109 qua:
1945 4047 2025 4093 est
2051 4053 2116 4093 ex

502 4144 505 4147 ‘
540 4134 831 4203 Scripturis
869 4134 1213 4187 ostensionem
1238 4132 1371 4204 (44).
1404 4128 1520 4186 Iloc
1560 4130 1702 4186 idem
1736 4138 2112 4201 argumentum

540 4237 572 4276 a
613 4223 913 4279 traditione
972 4223 1278 4277 derivatum
1340 4219 1685 4277 commendat
1760 4218 2000 4276 lrenseus
2059 4219 2112 4274 in

540 4314 864 4385 praefatione
901 4314 1027 4369 libri
1060 4313 1207 4368 tertii
1254 4311 1323 4366 ad
1366 4312 1626 4375 amicum,
1667 4325 1828 4381 quem
1861 4311 2115 4380 superius

2198 1882 2320 1925 eam
2346 1867 2478 1938 (45).
2514 1865 2623 1923 Sed
2662 1872 2717 1920 et
2752 1878 2861 1918 non
2882 1876 3056 1933 pauca
3095 1859 3339 1915 invenire
3373 1858 3509 1918 licet.
3536 1869 3633 1925 quae
3651 1861 3695 1907 ut

2198 1960 2461 2015 Romana:
2507 1956 2841 2013 conveniunt
2870 1953 3148 2019 Ecclesia,
3176 1952 3253 2006 ita
3281 1952 3531 2006 incertum
3558 1954 3625 2002 est
3644 1959 3697 1998 an

2200 2050 2325 2106 aliis
2354 2051 2700 2112 conveniant,
2727 2047 2833 2103 sub
2860 2044 3077 2100 initium
3106 2059 3169 2097 ιιι
3199 2040 3379 2097 saeculi
3410 2038 3531 2110 (ιθ).
3562 2036 3699 2107 Atque

2201 2141 2317 2197 haec
2371 2141 2544 2197 invito
2591 2138 2834 2211 pessimo
2883 2134 3168 2202 haeretico,
3217 2131 3310 2205 qui
3352 2129 3698 2187 Constitutiones

2202 2232 2551 2296 adulteravit,
2582 2237 2983 2295 remanserunt,
3015 2227 3084 2284 de
3129 2240 3243 2297 quo
3283 2225 3457 2295 aliqua
3490 2227 3600 2278 sunt
3638 2217 3702 2275 di-

2202 2326 2395 2382 nenda.

2816 2454 3045 2513 CAPUT
3084 2454 3150 2510 ll.

2343 2530 2385 2554 θ

2411 2618 2541 2685 Quis
2568 2618 2769 2685 primus
2793 2613 3243 2670 Constitutionum
3274 2617 3549 2679 corruptor.

2273 2754 2315 2812 1.
2356 2754 2513 2810 Hunc
2561 2753 2835 2809 hominem
2889 2752 2947 2807 iu
2990 2749 3218 2805 Oriente
3268 2748 3464 2803 vixisse
3514 2741 3707 2799 indicant

2205 2848 2474 2904 mensium
2500 2846 2742 2909 nomina,
2772 2858 2895 2915 qua:
2916 2842 3133 2913 propria
3166 2841 3322 2899 fuere
3355 2832 3710 2910 Syro-liaculo-

2204 2955 2359 3003 num,
2387 2937 2639 2994 Xanthici
2672 2951 2886 3006 nempe,
2920 2933 3124 3005 Dystri,
3152 2932 3404 3001 Gorpiati,
3441 2927 3710 3000 Hyperbmr

2208 3031 2342 3086 twi:
2375 3039 2489 3086 tum
2516 3044 2734 3101 quoque
2773 3026 3078 3083 Antiochiae
3120 3025 3205 3082 vel
3257 3024 3313 3079 in
3354 3038 3419 3079 eo
3463 3028 3617 3076 tractu
3647 3014 3713 3070 di-

2210 3135 2483 3184 versatum
2526 3140 2648 3181 esse
2688 3122 2895 3177 indicat
2940 3118 3204 3177 solemnis
3261 3115 3486 3171 formula
3537 3110 3715 3184 publica

2206 3215 2541 3291 precationis
2584 3215 2640 3270 in
2668 3228 2776 3285 qua
2805 3213 3094 3284 episcopus
3120 3207 3515 3264 Alexandrinus
3540 3209 3715 3275 prater-

2207 3310 2483 3365 mittitur:
2528 3307 2698 3378 Ὑπὲρ
2735 3305 2828 3359 τοῦ
2859 3303 3156 3358 ἐπισκόπου
3205 3301 3363 3374 ἡμῶν
3402 3297 3626 3355 Ἰακώϐου
3647 3292 3717 3378 Ital

2206 3398 2315 3454 τῶν
2343 3395 2644 3468 παροικιῶν
2668 3375 2849 3449 ἀὐτοῦ
2889 3390 3188 3463 δεηθῶμεν.
3234 3387 3402 3459 ’Υπὲρ
3427 3383 3515 3439 τοῦ
3546 3375 3715 3435 tutant-

2209 3504 2313 3542 που
2336 3486 2492 3558 ἡμῶν
2520 3484 2835 3557 Κλήμεντος
2861 3481 2957 3536 καὶ
2981 3480 3091 3534 τῶν
3122 3476 3425 3552 παροικιῶν
3462 3471 3607 3529 αὑτοῦ
3629 3469 3719 3536 Ger;-

2211 3557 2409 3652 θῶμεν.
2453 3577 2623 3650 ’Υπὲρ
2648 3576 2743 3630 τοῦ
2773 3573 3072 3628 ἐπισκόπου
3112 3570 3272 3642 ἡμῶν
3300 3568 3510 3623 Εὑοδίου
3541 3563 3622 3619 καὶ

2210 3648 2514 3741 παροικιῶν
2543 3648 2707 3720 αὑτοῦ
2733 3662 3030 3736 δεηθῶμεν.
3066 3659 3176 3715 Pro
3212 3660 3448 3730 episcopo
3476 3664 3631 3711 nostra
3647 3648 3721 3703 la-

2212 3761 2338 3817 cobo
2371 3768 2419 3815 et
2448 3756 2688 3829 paraeciis
2728 3754 2841 3825 ejus
2884 3768 3113 3808 oremus.
3145 3748 3274 3809 .Pro
3321 3749 3547 3817 episcopo
3582 3748 3721 3797 nostro

2212 3853 2475 3908 Clemente
2495 3865 2556 3902 ac
2570 3846 2811 3918 parwciis
2831 3843 2944 3914 ejus
2967 3856 3196 3897 oremus.
3214 3838 3323 3895 Pro
3346 3839 3567 3909 episcopo
3587 3840 3723 3887 nostra

2216 3942 2439 4007 Evodio,
2483 3950 2531 3995 et
2563 3937 2802 4009 parceciis
2835 3934 2948 4005 ejus
2988 3949 3202 3988 oremus
3235 3930 3371 4002 (47).
3399 3926 3523 3995 Qum
3548 3929 3724 3996 praete!"

2214 4022 2410 4088 missio
2436 4029 2506 4085 ad
2529 4035 2769 4084 veterem
2798 4023 3133 4081 simultatem
3155 4020 3417 4076 Ecclesiae
3430 4013 3725 4072 Antiochensi

2214 4136 2340 4176 cum
2379 4116 2743 4175 Alexandrina
2787 4111 3072 4170 referenda
3112 4118 3199 4167 est
3243 4110 3381 4181 (48).
3422 4112 3615 4161 auctam
3657 4114 3725 4154 re-

2213 4213 2358 4269 centi
2389 4210 2515 4268 odio
2543 4210 2806 4267 adversus
2837 4204 3155 4279 Dionysium
3190 4203 3262 4259 Μ.
3289 4197 3610 4257 Alexandriae
3642 4190 3729 4261 epi-

2216 4321 2461 4377 scopum.
2489 4302 2636 4357 Nihil
2664 4298 2810 4356 enim
2830 4304 2996 4363 vetat,
3045 4295 3154 4350 imo
3197 4294 3359 4363 plura
3391 4287 3607 4347 suadent
3632 4294 3727 4336 cor-

540 4379 653 4461 non
681 4405 846 4460 alium
876 4404 1046 4459 fuisse
1077 4403 1146 4458 ab
1174 4401 1464 4475 Hippolyto
1494 4379 1895 4457 indicavimus:
1922 4379 2110 4455 Evenit
2150 4436 2192 4490 υ
2216 4408 2493 4471 ruptorem
2522 4391 2973 4450 Constitutionum
3010 4386 3182 4443 fuisse
3203 4383 3435 4438 Paulum
3472 4379 3726 4435 Samosata-

543 4503 720 4572 itaqtte
753 4516 915 4571 neque
944 4498 1233 4567 Scripturis
1261 4497 1401 4567 jam,
1448 4511 1611 4567 neque
1660 4494 1936 4548 traditioni
1984 4510 2112 4547 con-

545 4595 739 4649 sentire
766 4609 874 4647 eos.
904 4591 1166 4647 Adversus
1198 4588 1329 4647 tales
1367 4597 1630 4644 certamen
1659 4586 1808 4643 nobis
1833 4595 1932 4651 est,
1972 4604 2004 4641 o
2032 4586 2116 4639 di-

546 4683 844 4738 lectissime.
862 4681 1050 4736 Irenaai
1069 4696 1199 4751 ergo
1228 4688 1472 4749 tempore
1500 4684 1624 4749 post
1653 4674 1968 4747 Scripturas
1998 4684 2117 4732 erat

545 4777 604 4831 in
641 4774 886 4830 Ecclesia
933 4779 1083 4828 certa
1126 4768 1372 4839 quaedam
1414 4766 1662 4831 traditio,
1702 4764 1770 4820 de
1812 4780 1921 4835 qua
1956 4779 2117 4819 nemo

545 4868 653 4924 nisi
681 4866 968 4924 haereticus
993 4863 1283 4919 dubitaret.
1318 4860 1469 4915 Hanc
1499 4858 1743 4914 eamdem
1768 4856 2115 4912 traditionem

546 4960 832 5016 collectam
859 4972 983 5013 esse
1028 4971 1058 5011 a
1092 4953 1369 5010 Clemente
1418 4950 1555 5006 satis
1601 4948 1808 5005 indicat
1858 4945 2115 5008 tremens,

548 5066 713 5122 quam
744 5049 801 5104 in
828 5045 1067 5102 Archivo
1095 5041 1355 5099 Ecclesiae
1383 5039 1643 5095 Romanae
1672 5037 1995 5110 depositam,
2026 5043 2119 5091 aut

549 5152 697 5200 certe
732 5140 932 5197 alicubi
963 5146 1236 5195 servatam
1266 5133 1509 5205 vulgavit
1537 5131 1886 5203 Hippolytus.
1912 5128 2114 5196 Quam-

549 5236 633 5292 vis
678 5234 824 5290 enim
872 5247 980 5289 non
1031 5229 1084 5286 id
1133 5228 1300 5284 modo
1336 5239 1558 5298 agamus
1608 5232 1666 5279 ut
1706 5220 2118 5279 Constitutiones

651 5437 736 5506 η)
776 5435 1001 5493 Constit.
1026 5450 1125 5497 vn,
1148 5432 1219 5489 46

647 5498 736 5572 43}
776 5506 841 5562 ν.
874 5506 949 5562 Le
975 5506 1171 5572 Quien,
1208 5503 1303 5560 0r.
1329 5500 1479 5568 Cltr.,
1511 5498 1553 5563 l,
1587 5498 1695 5554 7407

649 5511 716 5563 45
776 5511 841 5562 ν.
875 5511 949 5562 Le
975 5511 1171 5572 Quien,
1208 5511 1303 5560 0r.
1329 5511 1368 5556 L‘

649 5511 737 5646 tu;
780 5577 839 5632 S.
868 5576 1036 5643 lren.,
1063 5573 1151 5637 111,
1177 5576 1211 5629 3
1237 5583 1293 5646 et
1320 5573 1373 5627 5.

627 5635 738 5718 (ιῦδ
776 5647 1003 5703 Constit.
1024 5635 1118 5714 ἀρ.
1139 5635 1211 5711 ιι,
1245 5644 1335 5709 57,
1366 5642 1456 5707 48,
1489 5650 1541 5697 et
1572 5656 1693 5706 vnn,
1721 5640 1772 5695 5.
1808 5637 1874 5694 ν.
1904 5635 2117 5692 Tertul-

558 5719 688 5773 lian.
723 5718 797 5772 De
821 5735 889 5771 an
921 5758 933 5784 ,
965 5732 1039 5781 ιι,
1077 5718 1129 5770 9.

2217 4504 2371 4555 ιιιιιιι,
2408 4487 2538 4543 dum
2582 4484 2687 4540 sibi
2715 4480 3026 4553 praesidium
3056 4493 3121 4533 ex
3154 4490 3221 4532 eo
3257 4474 3448 4530 codice
3491 4484 3589 4525 non
3627 4478 3728 4519 con-

2215 4579 2517 4637 temnendae
2549 4573 2893 4631 auctoritatis
2932 4570 3303 4642 polliceretur.
3349 4565 3484 4621 llinc
3528 4562 3605 4616 illa
3637 4568 3730 4626 qua:

2216 4673 2583 4727 Arianismum
2622 4667 2861 4739 sapiunt,
2904 4677 3064 4719 nemo
3110 4661 3301 4730 utique
3342 4657 3410 4713 ad
3451 4656 3730 4711 Clementem

2217 4776 2271 4822 et
2293 4764 2940 4835 Hippolytum,summos
2971 4752 3278 4809 divinitatis
3311 4747 3510 4806 Christi
3540 4746 3732 4798 asserto-

2218 4873 2329 4923 res,
2367 4856 2639 4928 pertinere
2683 4847 3058 4905 arbitrabitur.
3106 4843 3293 4899 Facile
3332 4847 3506 4895 autem
3530 4835 3733 4928 Samosa-

2218 4922 2582 5015 teno-ejusve
2635 4939 2860 4997 asseclis
2909 4933 3077 4990 tribui
3126 4938 3397 5005 possunt;
3450 4922 3731 5015 dumplura

2218 5011 2471 5096 inserunt
2529 5049 2559 5090 a
2610 5028 3087 5088 Constitutionibus
3147 5024 3358 5089 aliens,
3411 5028 3464 5075 ct
3509 5011 3732 5071 catholico

2218 5129 2455 5202 dogmati
2496 5141 2722 5198 prorsus
2764 5118 3020 5184 inimica';
3050 5118 3117 5173 de
3144 5115 3349 5187 quibus
3372 5110 3623 5202 Photius:
3648 5100 3733 5201 Kal

2218 5198 2316 5275 Et;
2359 5214 2709 5290 ’Δριανισμῷ,
2733 5213 2867 5284 ὅπερ
2904 5211 2971 5265 ἄν
3023 5224 3106 5271 τις
3151 5205 3245 5259 καὶ
3296 5203 3483 5275 βιαιως
3528 5198 3733 5263 διακρού-

2291 5418 2402 5488 (ιδ)
2441 5415 2712 5488 ηυλωροι,
2768 5394 3146 5488 ὐποδιάκονοέν
3185 5386 3731 5488 mentiset-icit

2220 5460 3153 5571 03.252125Iﬁihiiébni,"ééﬁiéaiial
3184 5460 3583 5533 ubi'conventus
3602 5460 3731 5519 Chriv

2222 5568 2548 5617 stianorum.

2290 5630 2403 5701 (47)
2441 5626 2670 5701 _C_on_stit.
2697 5623 2864 5701 vd“,
2888 5622 2953 5701 Π
2974 5628 3028 5701 et
3052 5619 3144 5683 90,
3183 5625 3391 5701 cacat).
3413 5612 3497 5701 59:

2292 5680 2403 5770 i333
2441 5680 2505 5752 ν.
2538 5680 2928 5760 Ρριειγ.,’τιιεόι.
2955 5680 3155 5763 dogma,
3179 5700 3217 5746 t.
3244 5685 3336 5753 tv,
3367 5701 3419 5758 p.
3446 5680 3561 5737 ne.
