3900 6334
213 412 314 467 5%

972 410 1570 468 CONSTITUTIONES
1608 405 2086 470 APOSTOLICE.
2117 439 2184 448 -—
2216 407 2577 462 PROGIMIA.

3344 407 3450 463 550

206 530 382 585 ραιτο.
429 522 612 577 Adhuc
659 533 956 593 arguuntur
996 525 1292 581 Arianismi
1342 525 1588 588 crimine,
1635 525 1771 598 quod

1876 521 2192 593 Πνεὺματος
2221 521 2530 593 τετιμήσθω
2559 522 2707 592 ὑμῖν,
2736 519 2897 592 μηδὲν
2925 520 3052 574 ἄνευ
3082 519 3175 574 τοῦ
3204 521 3450 576 διακόνου

204 612 419 669 nonnisi
449 613 694 667 violenter
714 613 828 684 quis
849 615 1040 681 poterit
1065 613 1316 684 depellere
1341 614 1475 688 (49).
1505 614 1773 680 Quoniam

204 721 337 760 vero
379 713 600 760 constat
645 705 700 759 in
730 703 952 761 Oriente
983 705 1189 762 vixisse
1229 715 1604 776 corruptorem
1634 706 1777 761 Con-

206 797 543 853 stitutionum
568 835 585 860 ,
636 795 803 856 alium
839 811 868 850 a
896 795 1066 852 Paulo
1095 794 1452 853 Samosateno
1496 799 1776 868 assignare

207 899 315 944 non
363 903 676 958 possumus.
720 886 860 943 Huic
903 891 1086 945 omnia
1131 890 1485 954 conveniunt,
1537 890 1776 945 maxime

205 994 324 1048 quae
355 979 574 1049 sapiunt
597 977 958 1044 Judaismum,
991 982 1158 1036 veluti
1187 989 1270 1038 est
1299 981 1603 1052 exaequatio
1633 979 1772 1035 Sab—

197 1071 315 1126 bati
361 1087 489 1127 cum
533 1071 621 1126 die
650 1070 930 1128 Dominico
972 1073 1085 1144 (50)
1129 1089 1252 1130 cum
1297 1074 1414 1144 ipse
1458 1075 1512 1127 in
1543 1073 1773 1144 gratiam

199 1164 404 1235 regina:
431 1163 878 1235 Palmyrenorum
921 1164 1173 1222 Zenobiaz
1211 1167 1268 1221 in
1303 1173 1579 1236 comperto
1612 1165 1775 1220 fuerit

191 1258 506 1327 judaizans.
581 1256 773 1314 Patres
843 1266 990 1314 certe
1043 1259 1135 1329 qui
1191 1260 1383 1316 ultimo
1435 1260 1774 1315 Antiocheno

193 1351 437 1406 concilio
468 1349 729 1407 adversus
767 1350 1184 1408 Samosatenum
1226 1353 1609 1415 interfuerunt,
1661 1365 1771 1406 non

193 1455 382 1495 mores
436 1441 832 1502 tantummodo.
863 1441 956 1495 sed
998 1452 1051 1497 et
1085 1442 1322 1512 spuriam
1361 1443 1620 1494 damnant
1666 1441 1773 1509 [al-

193 1545 416 1598 samque
445 1528 780 1584 doctrinam:
821 1531 992 1585 Ὅπου
1036 1529 1093 1583 δὲ
1130 1529 1372 1593 ἀποστὰς
1416 1529 1510 1582 τοῦ
1551 1529 1772 1593 κανόνος

192 1620 288 1672 ἐπὶ
319 1619 548 1690 κίϐδηλα
575 1621 668 1674 καὶ
704 1621 832 1674 νόθα
877 1620 1176 1690 διδάγματα
1218 1619 1592 1691 μετελήλυθεν,
1623 1619 1771 1673 οὐδὲν

188 1710 269 1764 δεῖ
296 1709 394 1764 τοῦ
425 1710 530 1776 ἔξω
559 1711 708 1775 ὄντος
734 1711 833 1776 τὰς
859 1713 1086 1784 πράξεις
1112 1713 1336 1784 κρίνειν.
1386 1710 1490 1766 Sed
1521 1712 1770 1781 quoniam

191 1820 223 1855 α
246 1803 376 1872 ﬁdei
410 1803 593 1873 regula
631 1805 901 1867 recedens,
939 1804 1008 1858 ad
1052 1805 1289 1873 spuriam
1329 1812 1379 1857 et
1418 1803 1768 1857 adulterinum

1876 613 2223 684 πράττουσα,
2271 611 2304 684 ἢ
2352 611 2716 682 φθεγγομένη,
2758 611 2834 674 ὡς
2875 611 2994 665 οὐδὲ
3038 613 3068 666 b
3098 613 3452 683 Παράκλητος

1875 707 1964 774 ἀφ’
1993 704 2190 759 ἑαυτοῦ
2219 721 2271 758 τι
2299 703 2468 766 λαλεῖ,
2500 703 2532 774 ἢ
2572 705 2735 765 ποιεῖ,
2776 703 2910 758 ἀλλὰ
2937 701 3172 768 δοξάζων
3200 704 3289 756 τὸν
3319 706 3452 776 Χρι-

1876 797 2000 851 στὸν
2043 795 2328 868 περιμένει
2368 795 2429 848 τὸ
2475 794 2685 847 ἐκείνου
2731 794 2960 865 θέλημα.
3022 794 3128 860 Qui
3177 797 3449 863 episcopus

1872 899 2068 944 est.....
2103 885 2185 941 hic
2213 887 2448 956 princeps
2487 894 2536 939 et
2567 884 2678 938 dua:
2709 894 2874 939 vester
2903 900 2922 938 :
2952 885 3035 938 hic
3074 897 3242 940 vester
3271 901 3364 940 rex
3397 898 3450 940 et

1872 977 2269 1052 dgnastes:hic
2316 978 2460 1032 vobis
2501 987 2618 1046 post
2656 976 2824 1031 Deum
2875 987 3112 1032 terrenus
3149 979 3311 1041 Deus,
3363 980 3450 1033 cui

1873 1071 2122 1126 honorem
2157 1079 2414 1141 praestare
2442 1069 2732 1124 debetis....
2768 1067 2942 1139 Igitur
2987 1072 3258 1138 episcopus
3304 1070 3447 1124 vobis

1875 1163 2158 1231 prtesideat
2233 1171 2482 1232 tanquam
2549 1161 2647 1216 Dei
2713 1160 2970 1230 dignitate
3030 1162 3446 1230 condecoratus,

1874 1256 1938 1313 ob
1978 1271 2137 1324 quam
2185 1252 2323 1309 clero
2367 1262 2578 1322 prwest,
2622 1261 2674 1307 et
2715 1251 2851 1320 plebi
2897 1254 3154 1308 universae
3200 1257 3445 1323 imperat.

1875 1343 2140 1398 Diaconus
2170 1354 2345 1398 autem
2374 1345 2612 1412 episcopo
2644 1345 2882 1406 assistat,
2917 1355 2973 1396 ut
2996 1343 3240 1401 Christus
3267 1346 3443 1412 Patri,

1872 1433 2071 1504 ipsique
2106 1435 2162 1488 in
2194 1433 2435 1490 omnibus
2478 1433 2742 1502 inculpate
2782 1434 3065 1497 ministret,
3097 1436 3442 1504 quemadmo-

1871 1524 1996 1577 dum
2027 1524 2296 1592 Christus,
2338 1524 2472 1578 nihil
2511 1541 2541 1577 a
2579 1541 2632 1578 se
2663 1526 2776 1592 ipso
2819 1523 3037 1590 faciens,
3089 1543 3205 1595 qua:
3249 1527 3446 1596 placita

1869 1627 1992 1671 sunt
2020 1616 2171 1670 Patri
2217 1631 2419 1686 semper
2467 1627 2732 1684 operatur.
2781 1619 2850 1672 At
2881 1618 3186 1674 diaconissa
3234 1639 3265 1674 a
3299 1624 3441 1677 vobis

1869 1707 1925 1760 in
1971 1708 2199 1777 ﬁguram
2244 1711 2415 1763 sancti
2458 1706 2688 1776 Spiritus
2738 1707 3042 1774 Itonoretur,
3089 1728 3203 1781 qum
3250 1714 3443 1784 absque

1869 1797 2092 1853 diacono
2121 1799 2253 1853 nihil
2275 1809 2419 1870 agat,
2451 1810 2542 1853 aut
2565 1799 2831 1872 loquatur,
2858 1801 2994 1855 sicut
3018 1819 3109 1855 nec
3128 1802 3438 1860 Paracletus

189 1891 498 1945 doctrinam
531 1908 584 1946 se
615 1893 910 1956 transtulit,
961 1893 1190 1947 hominis
1233 1892 1298 1945 ab
1322 1891 1560 1946 Ecclesia
1607 1893 1769 1946 alieni
1799 1895 1839 1949 Β
1870 1908 1904 1944 a
1945 1907 2000 1944 se
2037 1890 2322 1962 quidquam
2375 1891 2608 1960 loquitur
2657 1899 2750 1944 aut
2808 1890 2978 1958 facit,
3034 1893 3124 1946 sed
3169 1892 3438 1949 Christum

190 1993 345 2036 actus
391 1984 700 2037 examinare
750 1983 885 2037 nihil
930 1985 1117 2038 attinet
1159 1984 1292 2054 (5i).
1349 1983 1546 2038 Nostra
1601 1984 1768 2054 igitur

189 2074 497 2140 accusatio,
542 2089 662 2144 quas
718 2079 827 2128 tam
872 2075 1134 2143 praeclaro
1192 2075 1384 2128 nititur
1430 2073 1764 2138 testimonio,

187 2165 395 2236 alioqui
441 2175 553 2220 tam
603 2167 736 2222 levis
784 2175 868 2221 est
915 2167 962 2222 si
1023 2182 1146 2222 cum
1196 2168 1409 2222 caneris
1450 2166 1767 2221 conferatur

189 2256 539 2312 Samosateni
584 2257 942 2323 criminibus,
990 2266 1050 2312 ut
1102 2258 1289 2312 haberi
1341 2273 1439 2328 pro
1486 2256 1763 2312 calumnia

189 2362 307 2400 non
338 2349 530 2415 possit.
576 2346 838 2413 Quamvis
868 2355 1050 2403 autem
1089 2364 1200 2402 non
1230 2348 1366 2403 adeo
1394 2347 1764 2418 reprehenda-

188 2444 286 2490 tur
315 2446 466 2494 vetus
491 2439 582 2493 illa
611 2440 970 2504 consuetudo,
1004 2439 1237 2496 illustria
1260 2440 1506 2511 quaedam
1542 2439 1762 2496 nomina

188 2531 551 2597 prmmittendi
589 2532 747 2586 novis
786 2532 1066 2601 operibus,
1105 2548 1169 2588 ac
1205 2533 1480 2587 statuendi
1509 2540 1759 2588 auctores

187 2619 331 2671 inter
366 2633 428 2673 se
475 2619 886 2689 colloquentes;
938 2619 1183 2689 profecto
1224 2637 1287 2676 ea
1324 2622 1470 2676 ﬁctio
1500 2633 1758 2693 perpetua

186 2709 486 2766 inducendi
542 2713 820 2782 apostolos
870 2711 1051 2766 adhuc
1095 2713 1270 2778 vivos,
1326 2729 1489 2785 quam
1530 2715 1756 2769 Photius

185 2803 598 2855 κακοπλαστίαν
649 2804 976 2874 appellavit,
1027 2804 1291 2877 duxitque
1342 2809 1755 2862 accusationum

183 2905 305 2947 esse
357 2893 715 2960 levissimam,
764 2894 914 2948 illico
961 2893 1183 2964 planum
1237 2895 1507 2951 hominem
1549 2897 1751 2966 prodit,

184 2997 245 3037 ac
289 2985 726 3052 ineptissimum,
781 2985 877 3055 qui
928 2985 1198 3051 absurda,
1245 2987 1401 3056 plura
1453 2993 1506 3042 et
1565 3003 1751 3043 secum

1879 1983 2222 2052 glori/imus,
2265 1991 2528 2050 exspectat
2558 1982 2702 2035 illius
2734 1982 3052 2036 uoluntatem
3094 1984 3226 2056 (53).
3283 1984 3439 2042 Haud

1868 2071 2074 2129 frustra
2122 2074 2235 2127 haec
2282 2073 2448 2143 impie
2493 2074 2716 2143 scripsit
2749 2070 3162 2141 Samosatenus,
3209 2092 3331 2132 cum
3373 2093 3437 2132 ea

1865 2181 1988 2235 qua:
2040 2165 2222 2220 animo
2279 2165 2561 2220 volutabat
2608 2165 2880 2228 etl‘ecerlt,
2940 2173 3104 2235 atque
3163 2166 3436 2224 Anomazis

1862 2273 1981 2312 eam
2017 2257 2303 2325 puritatem
2354 2257 2680 2325 reliquerit:
2727 2258 2914 2327 Ἡμεῖς
2961 2257 3190 2329 λέγομεν
3221 2260 3437 2331 Πατέρα

1861 2344 1954 2398 καὶ
1983 2343 2109 2397 Υιδν
2141 2344 2236 2398 καὶ
2263 2343 2417 2412 ἆγιον
2448 2345 2690 2416 Πνεῦμα,
2721 2345 2796 2409 ὡς
2835 2346 3152 2410 ἐπίσκοπον,
3183 2348 3275 2400 καὶ
3303 2365 3438 2419 πρε-

1863 2433 2140 2505 σϐύτερον,
2184 2434 2278 2488 καὶ
2323 2433 2568 2490 διάκονον
2602 2454 2617 2492 :
2649 2435 2762 2491 Nos
2813 2439 3039 2493 dicimus
3089 2439 3337 2509 Patrem,
3385 2453 3435 2496 et

1861 2522 2099 2590 Filium,
2146 2533 2196 2577 et
2226 2521 2486 2594 Spiritum
2543 2538 2785 2582 sanctum
2830 2547 2944 2584 esse
2995 2533 3168 2585 instar
3208 2536 3437 2603 episcopi

1856 2624 1906 2670 et
1930 2615 2220 2685 presbyteri
2247 2626 2296 2670 et
2321 2616 2530 2672 diaconi
2552 2617 2684 2689 (54).
2719 2619 2796 2675 Ac
2823 2637 3010 2676 revera
3043 2621 3433 2680 Samosatenus

1859 2723 1957 2777 pro
1997 2709 2254 2777 episcopo
2277 2707 2673 2764 Antichristum
2722 2713 2777 2766 in
2806 2716 3099 2784 semetipso
3145 2717 3414 2782 exhibuit,

1854 2799 2007 2854 homo
2050 2800 2269 2867 peccati,
2315 2801 2458 2870 filius
2503 2801 2834 2870 perditionis,
2881 2807 2969 2874 qui
3017 2805 3330 2863 adversatur
3375 2821 3427 2865 et

1851 2890 2126 2944 extollitur
2173 2905 2336 2958 supra
2386 2907 2536 2944 omne
2577 2892 2713 2961 quod
2743 2892 2937 2946 dicitur
2969 2893 3128 2960 Deus,
3163 2907 3254 2949 aut
3288 2899 3427 2967 quod

1851 2981 2078 3045 colitur,
2126 2981 2206 3034 ita
2252 2990 2310 3034 ut
2353 2982 2406 3034 in
2457 2982 2645 3049 templo
2685 2981 2782 3036 Dei
2824 2983 3000 3040 sedeat
3051 2986 3328 3041 ostendens
3373 3007 3430 3045 se

185 3076 484 3145 pugnantia
538 3089 603 3132 eo
653 3075 914 3130 narrandi
973 3076 1136 3130 modo
1185 3091 1246 3132 se
1298 3077 1584 3134 admittere
1639 3095 1750 3135 non

1865 3079 2103 3140 ’anquam
2126 3071 2196 3126 sit
2220 3069 2357 3125 Deus
2383 3070 2514 3141 (55).
2562 3073 2719 3144 Βῆμα
2751 3075 2848 3145 μὲν
2877 3076 2971 3128 καὶ
3011 3075 3197 3148 θρόνον
3230 3079 3430 3150 ὑψηλὸν

184 3166 437 3237 pet-vidit.
472 3164 628 3232 Quod
662 3181 794 3222 sane
816 3167 1008 3222 vitium
1038 3166 1200 3223 facile
1229 3169 1414 3224 sanari
1449 3177 1647 3239 potest,
1675 3170 1744 3238 si,
1782 3233 1788 3239 Α

1865 3163 2027 3234 ἑαυτῷ
2054 3163 2674 3233 κατασκευασάμενος...
2721 3168 2835 3228 τοῖς
2862 3165 2918 3219 δὲ
2946 3166 3021 3230 ὠς
3050 3169 3109 3220 ὲν
3135 3170 3267 3239 οἴκῳ
3295 3170 3430 3224 Θεοῦ

183 3230 241 3314 ea
274 3230 514 3313 fictione
548 3258 788 3323 sublata,
834 3275 945 3314 non
988 3260 1044 3316 in
1087 3267 1356 3316 conventu
1400 3230 1583 3332 aliquo
1615 3230 1788 3334 apo”

1865 3253 2241 3327 τεμνοπρεπῶς
2270 3255 2364 3308 καὶ
2391 3254 2665 3318 εὐτάκτως
2691 3256 2998 3319 ἀκούουσιν,
3041 3258 3309 3330 ἐπιτιμῶν
3336 3264 3430 3316 καὶ

184 3351 453 3403 stolorum
481 3350 640 3419 quasi
676 3350 976 3404 viventium
1007 3351 1204 3415 oratio,
1234 3359 1289 3405 at
1334 3351 1451 3421 ipsa
1483 3352 1749 3409 referatur

1865 3346 2209 3418 ινυσρίξων...
2245 3347 2738 3419 μγαλορρημονῶν
2768 3350 2897 3420 περὶ
2942 3351 3136 3404 ἑαυτοῦ
3180 3353 3431 3428 καθάπερ

183 3439 449 3506 traditio;
507 3439 964 3508 quemadmodum
1014 3455 1124 3494 non
1180 3440 1495 3496 dubitamus
1551 3443 1748 3500 iecisse

1865 3437 1944 3491 ιύκ
1971 3438 2287 3501 ἐπίσκοπος,
2318 3437 2453 3492 ἀλλὰ
2484 3439 2742 3510 σοφιστὴς
2772 3441 2866 3494 καὶ
2893 3441 3045 3511 γόης.
3077 3443 3340 3514 Ψαλμοὺς
3373 3445 3430 3500 δὲ

181 3528 519 3584 Clementem
573 3537 739 3599 atque
777 3528 1160 3602 Hippolytum,
1207 3533 1562 3602 gravissimos
1601 3535 1748 3591 viros

1865 3530 1971 3593 τοὺς
2001 3530 2099 3600 μὲν
2127 3531 2206 3593 εἰς
2231 3530 2323 3582 τὸν
2351 3531 2552 3601 Κύριον
2599 3531 2756 3600 ἡμῶν
2796 3532 3000 3603 Ἰησοῦν
3027 3535 3263 3605 Χριστὸν
3289 3537 3429 3590 παύ-

181 3618 662 3673 etsanctissimos.
713 3617 798 3671 An
831 3633 962 3672 vero
1003 3618 1238 3674 adhibito
1273 3621 1517 3674 examine
1563 3623 1748 3677 critico

1865 3636 2012 3684 τας...
2045 3623 2124 3684 εἰς
2152 3621 2342 3675 ἑαυτὸν
2369 3622 2425 3676 δὲ
2455 3624 2512 3676 ὲν
2544 3622 2685 3695 μέσῃ
2713 3625 2778 3694 τῇ
2809 3622 3075 3696 ἐκκλησίᾳ
3115 3629 3182 3698 τῇ
3217 3628 3428 3702 μεγάλῃ

181 3709 607 3771 accuratissima,
638 3709 840 3776 possint
866 3710 1205 3777 supposititia
1233 3727 1265 3764 a
1294 3712 1531 3782 genuinis
1558 3712 1748 3767 distin-

1865 3711 1940 3764 τοῦ
1970 3711 2162 3783 Πάσχα
2199 3713 2384 3784 ἡμέρᾳ
2421 3712 2728 3784 ψαλμῳδεῐν
2773 3718 3035 3782 γυναῖκας
3078 3720 3427 3788 παρασκευά-

178 3805 264 3873 qui
283 3843 300 3868 ,
333 3813 385 3857 et
411 3803 492 3856 sic
525 3802 676 3857 nobis
708 3810 998 3871 appareant
1026 3802 1198 3855 multa
1228 3805 1454 3872 genuina
1483 3803 1750 3874 apostolo-

1865 3802 1985 3867 ζων,
2016 3797 2090 3856 ὧν
2119 3804 2212 3857 καὶ
2239 3803 2480 3865 ἀκούσας
2507 3805 2570 3858 ἄν
2598 3821 2680 3867 τις
2711 3802 2968 3875 φρίξειεν.
3001 3803 3144 3860 Nam
3169 3819 3219 3862 et
3250 3809 3425 3863 tribu-

178 3912 298 3947 rum
332 3904 691 3959 monumenta,
735 3895 884 3965 quod
931 3895 1036 3951 sibi
1085 3896 1258 3950 suasit
1285 3895 1390 3949 hoc
1439 3898 1642 3951 saeculo
1667 3896 1749 3951 vir
1850 3895 2292 3950 naletsublimem
2321 3895 2679 3950 thronumsibi
2699 3897 2807 3964 ipse
2824 3899 3424 3971 construxit....eosqui

181 3989 564 4057 antiquitatem
599 3984 1052 4043 Constitutionum
1104 3987 1248 4063 ultra
1289 4001 1454 4056 quam
1495 4002 1594 4057 par
1631 3995 1750 4042 erat
1851 4002 1968 4040 cum
1992 3989 2246 4056 gravitate
2279 4003 2340 4044 ac
2367 3988 2622 4042 modestia
2662 3990 2797 4043 sicut
2824 3991 2880 4043 in
2923 3989 3078 4044 domo
3115 3991 3211 4046 Dei
3249 3993 3421 4060 decet,

176 4079 470 4142 extollens,
511 4078 567 4133 id
602 4077 916 4149 hujusmodi
955 4077 1134 4132 critici
1163 4078 1401 4133 viderint
1453 4079 1751 4136 accuratis-
1849 4076 2113 4145 audirent,
2144 4079 2447 4149 increpabat
2475 4089 2525 4135 et
2556 4081 2883 4134 contumeliis
2926 4081 3248 4151 afﬁciebat...
3271 4084 3336 4140 de
3367 4103 3423 4141 se

175 4171 300 4224 simi
327 4169 466 4240 (52).
1849 4178 2024 4223 autem
2058 4171 2169 4238 ipso
2210 4172 2488 4242 magniﬁce
2524 4171 2832 4241 loquebatur
2871 4189 2976 4226 non
3024 4183 3084 4227 ut
3127 4177 3420 4246 episcopus,

243 4261 311 4318 ll.
355 4260 562 4315 Paulus
584 4260 964 4317 Samosatenus
993 4277 1097 4315 non
1125 4276 1232 4317 uno
1259 4259 1374 4315 loco
1401 4277 1457 4316 se
1482 4260 1660 4331 prodit
1694 4261 1748 4315 in
1848 4263 1937 4318 sed
1965 4275 2024 4317 ut
2051 4265 2283 4333 sophista
2317 4275 2366 4320 et
2397 4267 2670 4335 impostor.
2716 4267 2856 4334 Quin
2897 4269 3056 4323 etiam
3099 4270 3331 4337 psalmos
3362 4273 3418 4324 in

177 4351 752 4410 Constitutionibus.——
768 4350 934 4406 Nobis
972 4349 1422 4406 Constitutionum
1455 4359 1749 4420 corrupto-
1847 4357 2093 4412 honorem
2118 4357 2332 4412 Domini
2372 4361 2538 4414 nostri
2562 4358 2691 4412 Iesu
2714 4359 2917 4413 Christi
2957 4360 3274 4420 abolevit....
3301 4379 3419 4416 mu-

178 4460 293 4499 rem
322 4443 984 4511 satestindicasse,quem
1013 4441 1176 4495 etiam
1199 4441 1507 4510 loquentem
1537 4441 1744 4508 audire,
1849 4449 2002 4504 lieres
2043 4466 2160 4504 vero
2209 4451 2263 4503 in
2306 4450 2476 4504 medio
2528 4421 2764 4506 :cclesia:
2825 4467 3014 4522 magno
3059 4452 3283 4508 Paschte
3335 4455 3418 4510 die

174 4548 238 4588 ac
257 4548 431 4604 prope
457 4531 634 4586 oculis
659 4531 856 4586 intueri
875 4530 920 4585 si
943 4529 1066 4598 quis
1110 4530 1237 4584 velit
1271 4531 1326 4583 in
1359 4529 1472 4584 lucc
1506 4531 1788 4610 animad-I

1865 4541 2080 4596 isalmos
2119 4540 2382 4610 quosdam
2431 4558 2618 4596 canere
2655 4541 2724 4595 ad
2753 4543 2836 4595 sui
2877 4543 3041 4610 ipsius
3076 4544 3285 4600 laudem
3333 4549 3419 4601 in-

175 4632 377 4680 vertat.
414 4624 470 4677 Ὀ
503 4623 913 4683 ἑπίσκοπος.....
935 4613 1090 4683 οὗτος
1116 4621 1300 4692 ἄρχων
1328 4621 1422 4674 καὶ
1449 4621 1748 4693 ἡγούμενος
1778 4613 1788 4641 ¹

1865 4631 2060 4694 stituit,
2109 4631 2247 4700 quod
2292 4630 2501 4702 quidem
2544 4632 2878 4686 audientibus
2923 4633 3189 4688 horrorem
3233 4638 3418 4691 merito

173 4717 352 4787 ὑμῶν.
396 4706 566 4776 Οὗτος
609 4712 762 4784 ὑμῶν
806 4711 1056 4783 βασιλεὺς
1100 4712 1195 4765 καὶ
1241 4711 1526 4785 δυνάστης.
1581 4708 1748 4779 Οὗτος

1865 4724 2148 4778 ‘ncusserit.
2220 4723 2346 4780 Haec
2399 4724 2587 4781 Patres
2636 4727 2713 4780 illi
2766 4727 3078 4796 gravissimi
3130 4739 3418 4798 postremae

171 4808 332 4878 ὑμῶν
370 4805 610 4874 ἐπίγειος
637 4804 767 4867 Θεὸς
808 4802 947 4875 μετὰ
971 4803 1124 4867 Θεὸν,
1154 4803 1213 4866 ὃς
1241 4804 1443 4872 ὀφείλει
1477 4805 1576 4876 τῆς
1616 4809 1744 4878 παρ’

1865 4813 2192 4870 tntiocbenaa
2229 4802 2420 4886 synodi
2450 4815 2710 4871 damnare
2741 4825 2973 4888 pergunt
3025 4819 3080 4872 in
3112 4818 3282 4872 Paulo
3314 4818 3416 4873 Sa-

172 4902 330 4971 ὑμῶν
369 4901 533 4972 τιμῆς
573 4898 976 4953 ἁπολαύειν.....
1005 4899 1034 4952 ὁ
1063 4895 1173 4968 γὰρ
1212 4896 1508 4960 ἐπίσκοπος
1534 4915 1744 4969 προκα-

170 4992 414 5057 θεζέσθω
440 4992 614 5063 ὑμῶν,
644 4992 720 5054 ὠς
744 4990 878 5044 Θεοῦ
916 4989 1044 5061 ἀξία
1079 4988 1460 5060 τετιμημένος,
1490 4983 1525 5063 ᾖ
1555 4992 1748 5060 κρατεῖ

167 5087 263 5139 τοῦ
309 5085 535 5157 κλήρου,
564 5086 659 5138 καὶ
693 5083 787 5137 τοῦ
817 5083 946 5137 λαοῦ
989 5081 1190 5144 παντὸς
1212 5081 1402 5152 ¹ἄρχει.
1446 5082 1502 5135 '0
1537 5081 1594 5133 δὲ
1630 5081 1746 5135 sta-

170 5195 336 5240 κονος
375 5178 549 5248 τούτῳ
583 5175 941 5248 παριστάσθω
958 5169 1057 5238 ζὼς
1097 5176 1125 5228 ὁ
1153 5173 1386 5245 Χριστὸς
1427 5172 1504 5244 τῷ
1546 5173 1742 5246 Πατρὶ,

1845 4905 2284 4978 ιηοεειιοηοζ(56),
2327 4921 2448 4976 quae
2498 4906 2623 4962 licet
2657 4909 2908 4976 protrita,
2961 4923 3140 4977 opera:
3172 4909 3410 4980 pretium

1843 4995 1933 5050 hic
1961 4995 2067 5050 fuit
2089 4995 2328 5063 referre;
2358 5003 2418 5050 ut
2445 5011 2511 5052 eo
2539 4997 2712 5067 magis
2746 5013 2875 5052 vera
2908 4996 3405 5068 deprehendantur,

1843 5087 2132 5156 lucemque
2205 5087 2478 5157 accipiant
2539 5104 2602 5143 ex
2650 5089 3019 5158 prmmeditato
3069 5088 3409 5146 Samosateni

1842 5176 2073 5233 consilio
2089 5215 2107 5242 ,
2153 5193 2264 5248 quo
2296 5178 2349 5231 in
2373 5178 2849 5234 Constitutionibus
2871 5180 3230 5246 apostolorum
3251 5194 3412 5235 suum

172 5272 265 5323 καί
307 5269 686 5341 λειτουργειτω
729 5267 878 5339 αὐτῷ
923 5267 981 5319 ὲν
1029 5266 1193 5319 πᾶσιν
1239 5264 1564 5336 ἀμέμπτως,
1611 5265 1687 5329 ὡς
1713 5269 1742 5320 ὁ

1865 5268 1990 5323 rirus
2051 5269 2388 5325 occuluerat.
2455 5268 2640 5340 Neque
2691 5270 2837 5324 enim
2887 5270 3188 5326 Ecclesiam
3259 5273 3410 5326 illam

170 5360 407 5432 Χριστὸς
433 5363 528 5432 ἀφ’
555 5360 748 5414 ἑαυτοῦ
779 5359 946 5413 ποιῶν
972 5357 1143 5420 οὐδὲν,
1165 5355 1235 5410 τὰ
1260 5355 1466 5428 ἀρεστὰ
1493 5359 1641 5411 ποιεῖ
1664 5357 1742 5428 τῷ

1865 5359 2300 5414 Iorentissimam
2386 5368 2509 5430 post
2587 5359 2986 5415 Demetrianum
3061 5376 3410 5434 conrumpere

172 5453 352 5525 Πατρὶ
379 5453 627 5507 πάντοτε.
669 5452 732 5506 Ἡ
767 5451 822 5505 δὲ
857 5450 1101 5513 διάκονος
1143 5450 1223 5511 εἰς
1264 5447 1432 5502 τύπον
1459 5448 1555 5502 τοῦ
1583 5448 1738 5516 ἁγίου

1865 5449 1974 5504 ideo
2000 5449 2292 5520 potuisset,
2333 5459 2391 5504 ut
2420 5451 2603 5520 plures
2643 5451 2870 5506 haberet
2912 5451 3077 5507 etiam
3116 5454 3407 5525 episc‘opos

1908 5583 2018 5651 (55)
2058 5582 2281 5638 Constit.
2329 5600 2412 5650 ap.
2446 5601 2522 5647 ιι,
2547 5583 2636 5638 26.

1907 5653 2019 5728 (ει)
2059 5656 2298 5728 Ananiae.
2351 5655 2706 5728 :triati.-Di‘al.
2755 5655 2794 5713 l,
2855 5657 2923 5710 De
2951 5657 3098 5711 ’l'rm.
3160 5659 3262 5714 int.
3311 5674 3403 5728 op.

1839 5722 1893 5777 S.
1924 5723 2076 5794 Max._
2099 5724 2242 5794 conf.
2291 5733 2330 5780 t.
2367 5724 2431 5787 ll’,
2465 5742 2515 5794 p.
2546 5724 2671 5780 406.

1906 5793 2019 5862 (55)
2061 5792 2102 5844 ll
2135 5792 2328 5862 Thess.
2354 5811 2412 5855 ll,
2444 5792 2497 5848 li.

1907 5862 2020 5931 (56)
2060 5863 2160 5934 Ap.
2197 5862 2390 5921 Euseb.
2426 5865 2472 5917 Il
2531 5864 2593 5918 Ε.
2630 5878 2723 5927 γυ,
2752 5867 2839 5920 50.

245 5589 362 5664 (ξε)
399 5589 585 5664 ιξὴοιη
611 5590 733 5645 cod.
759 5604 915 5664 εχει.

403 5661 628 5736 Constit.
663 5659 902 5736 vnt,__55_.

245 5669 365 5792 :50)
403 5669 628 5716 Constit.
663 5677 782 5720 vnn,
815 5669 902 5712 55.

261 5730 364 5801 δι)
400 5733 498 5801 Ap.
537 5727 937 5801 EusebulluE.
979 5747 1075 5788 vn,
1103 5729 1189 5782 50.

178 5795 364 5922 “(fit
400 5795 688 5863 Barattcr.,
727 5797 799 5854 De
829 5795 1009 5854 Const;
1047 5807 1212 5866 apost.
1249 5797 1470 5852 dissert.
1516 5799 1568 5854 2.
1611 5811 1730 5866 pag.
