3900 6334
526 325 629 384 531

1400 323 1456 382 S.
1489 324 1887 383 CLEMENTIS
1918 327 1937 381 l
1968 325 2133 383 ROM.
2168 325 2368 384 PONT.
2405 326 2635 385 OPERA
2669 327 2893 384 DUBIA.
3580 337 3655 395 533

520 440 785 513 nequitiae
819 450 939 498 sua:
965 439 1230 507 fautores,
1261 440 1371 497 nisi
1401 441 1730 512 quibusdam
1760 443 1927 498 veluti
1959 458 2092 513 prze-
2125 449 2170 505 Α
2198 443 2397 499 Christi
2428 444 2525 499 Dei
2551 447 2741 509 nostri,
2784 457 2834 501 et
2856 444 3086 513 Spiritus
3125 448 3302 514 sancti,
3331 449 3382 505 in
3413 466 3547 522 quam
3581 455 3655 511 ῐαι.

523 531 703 603 stigiis
731 545 825 587 eos
852 530 1207 602 depravasset
1239 550 1255 586 :
1286 547 1353 588 eo
1381 548 1514 589 sane
1542 550 1676 590 usus
1706 534 1960 601 artificio,
1989 550 2099 605 quo

527 621 763 679 maxime
792 622 970 677 solent
1000 623 1350 692 impostores,
1381 630 1443 679 ut
1480 641 1510 679 a
1538 624 1778 681 falsitate
1824 627 1927 681 sibi
1958 641 2098 697 prae--

508 713 718 769 'sidium
775 712 1083 785 acquirant,
1132 729 1259 769 cum
1309 730 1342 769 a
1391 716 1619 772 veritate
1688 732 1799 771 non
1864 718 2095 788 possint.

527 803 898 870 Quamobrem
946 819 1110 860 nemo
1174 820 1287 861 non
1331 805 1483 861 videt
1525 821 1688 875 quam
1757 806 2100 878 impudenter

523 896 786 961 Sandius,
817 896 1166 962 Whistonus,
1197 898 1400 968 aliique
1422 897 1550 953 novi
1579 895 1770 953 Ariani
1802 907 2099 969 provocent

518 988 588 1043 ad
612 987 1033 1045 Constitutiones
1091 988 1470 1060 apostolorum,
1500 990 1568 1044 ad
1608 991 1728 1045 loca
1763 991 1972 1047 scilicet
2014 991 2100 1047 in-

519 1081 812 1150 terpolata,
849 1087 909 1135 ut
933 1095 1089 1137 suam
1117 1088 1369 1137 asseram
1402 1081 1755 1152 impietatem.
1782 1080 1919 1137 Dum
1950 1083 2095 1141 enim

520 1172 589 1226 ad
616 1172 914 1242 pessimum
953 1183 1334 1243 corruptorem
1366 1180 1686 1243 provocant,
1715 1188 1831 1230 non
1851 1173 2097 1245 profecto

522 1261 784 1335 Ecclesiae
839 1261 1183 1331 doctrinam,
1234 1262 1332 1318 sed
1387 1261 1619 1318 Paulum
1680 1263 2097 1321 Samosatenum

517 1354 712 1409 ducem
768 1362 1099 1425 sequuntur,
1153 1368 1263 1425 quo
1302 1358 1533 1409 auctore
1577 1368 1681 1409 nec
1734 1353 1839 1424 ipsi
1888 1361 2099 1410 veteres

515 1445 709 1501 Ariani
737 1447 955 1517 gloriati
996 1453 1145 1502 sunt.

589 1558 681 1615 lll.
726 1560 791 1615 P.
819 1559 1201 1617 Samosatenus
1246 1576 1312 1616 ea:
1359 1561 1489 1631 ipsis
1535 1561 1687 1624 locis,
1727 1576 1844 1630 qua:
1890 1559 2095 1613 intacta

516 1651 751 1722 reliquit,
797 1652 1505 1725 refellitur.—Quaecunque
1533 1663 1712 1710 autem
1742 1653 1798 1708 in
1823 1651 2097 1709 Constitu—

521 1742 750 1797 tionibus
778 1743 1047 1800 violentas
1076 1761 1274 1800 manus
1301 1757 1616 1811 evaserunt,
1656 1746 1931 1800 contraria
1966 1751 2095 1800 sunt

519 1849 750 1904 prorsus
782 1834 891 1889 illis
920 1852 1042 1907 qua:
1072 1836 1433 1908 interpolator
1492 1838 1743 1895 inseruit.
1776 1838 1901 1909 Ipso
1937 1839 2095 1893 initio

521 1926 991 1993 Constitutionum,
1016 1928 1221 1985 Christi
1245 1930 1525 1994 divinitas,
1549 1939 1711 2003 atque
1729 1932 1893 1987 etiam
1923 1930 2099 2003 Spiri-

519 2026 610 2074 tus
656 2020 833 2075 sancti
882 2020 1243 2092 prazdicatur;
1303 2020 1451 2092 quod
1504 2022 1721 2076 initium
1776 2023 1904 2093 quia
1961 2022 2098 2079 nulli

516 2112 695 2182 magis
760 2113 1019 2167 convenit
1080 2128 1246 2182 quam
1315 2112 1648 2186 Hippolyto,
1708 2114 2092 2169 ascribemus:

516 2204 651 2258 Θεοῦ
682 2203 876 2273 φυτεία
899 2204 935 2276 ἠ
966 2202 1224 2277 καθολικὴ
1254 2203 1567 2277 Ἐκκλησία,
1596 2205 1690 2259 καὶ
1717 2202 1975 2276 ἀμπελὼν
2002 2205 2099 2258 αὑ-

514 2294 609 2348 τοῦ
651 2294 906 2358 ἐκλεκτὸς
930 2335 944 2360 ,
975 2296 1024 2348 οἱ
1054 2296 1477 2360 πεπιστευκότες
1505 2298 1585 2360 εις
1610 2296 1710 2369 τὴν
1739 2296 1951 2371 ἀπλανῆ
1982 2296 2099 2349 θεο-

516 2385 731 2440 σέϐειαν
760 2386 923 2441 αὑτοῦ
944 2426 958 2452 ,
1008 2388 1058 2441 οἱ
1097 2388 1197 2461 τὴν
1226 2386 1442 2442 αἰώνιον
1486 2387 1857 2461 καρπούμενοι
1891 2387 1979 2441 διὰ
2005 2388 2097 2440 πί-

516 2494 684 2543 στεως
715 2480 988 2548 βασιλείαν
1017 2480 1213 2546 αὐτοῦ,
1257 2482 1307 2533 οἱ
1348 2480 1575 2552 δύναμιν
1614 2481 1779 2534 αὑτοῦ
1821 2479 2099 2551 εἰληφότες

512 2571 609 2623 καὶ
640 2571 928 2642 μετουσίαν
954 2572 1049 2626 τοῦ
1078 2573 1235 2641 ἁγίου
1265 2572 1583 2645 Πνεύματος
1607 2611 1623 2636 ,
1653 2571 1985 2643 ὡπλισμένοι
2011 2572 2099 2625 διὰ

526 2661 700 2734 Ἰησοῦ
722 2702 736 2727 ,
767 2665 862 2717 καὶ
889 2663 1324 2736 ὲνστερνισμὲνοι
1365 2664 1456 2718 τὸν
1486 2663 1649 2734 φόϐον
1686 2664 1850 2719 αὐτοῦ
1871 2703 1886 2729 ,
1920 2662 2100 2736 ῥαντί-

516 2771 722 2827 σματος
764 2757 981 2828 μέτοχοι
1022 2756 1117 2810 τοῦ
1163 2756 1346 2827 τιμίου
1385 2756 1481 2811 καὶ
1514 2754 1694 2811 ἀθώου
1731 2755 1960 2826 αἵματος
2002 2755 2097 2810 τοῦ

512 2848 750 2920 Χριστοῦ
771 2888 786 2913 ,
819 2850 870 2901 οἱ
900 2848 1213 2921 παρρησίαν
1251 2848 1530 2920 εἰληφότες
1564 2849 1654 2904 τὸν
1685 2847 2098 2921 παντοκράτορα

514 2938 668 3003 Θεὸν,
700 2940 921 3010 Πατέρα
947 2940 1157 3006 καλεῖν,
1190 2940 1616 3013 συγκληρονόμοι
1645 2941 1738 2995 καὶ
1768 2939 2099 3011 συμμέτοχοι

513 3029 610 3085 τοῦ
638 3033 824 3103 ἠγαπη
834 3031 1196 3103 μένουΠαιδὺς
1215 3033 1380 3088 αὐτοῦ
1399 3032 1530 3105 (57)·
1552 3031 1821 3088 ἀκούσατε
1846 3032 2099 3087 διδασκα-

2200 535 2380 591 sarius
2406 550 2518 590 non
2548 536 2772 605 invasit,
2810 553 2880 593 ne
2920 539 3100 593 statim
3134 539 3279 595 initio
3311 541 3661 612 deprehendere-

2201 638 2309 683 tur.
2340 626 2585 684 Ecclesia
2615 644 2744 685 vero
2773 628 2975 684 dicitur
3013 630 3260 701 ἀμπελὼν
3302 633 3517 700 ἐκλεκτός
3554 639 3663 693 vim

2198 725 2366 773 electa
2393 719 2490 775 Dei
2528 737 2595 776 ex
2624 720 2764 777 lsaia
2795 721 2953 791 juxta
2978 720 3277 795 Symmachi
3311 726 3587 783 versionem.
3762 714 3763 719 “

2267 810 2359 868 1V.
2398 812 2719 882 Symmachi
2740 814 2905 869 uersio
2933 814 2999 868 ab
3030 814 3302 887 Hippolyto
3325 816 3526 872 adhibita
3564 819 3668 875 Con-

2196 906 2527 960 stitutionum
2569 907 2741 962 initio.
2779 906 3285 975 Ἀπονηστιζέσθαι
3312 927 3401 981 quo
3421 928 3547 965 sensu
3564 915 3668 967 scci-

2195 1000 2395 1067 piatur.
2448 1028 2497 1040 --
2516 998 2731 1071 Reliqui
2752 1000 2894 1055 enim
2921 1001 3260 1071 interpretes,
3282 1011 3381 1058 tam
3393 1001 3670 1075 Septuaginta

2195 1106 2356 1162 quam
2369 1089 2564 1163 Aquila
2578 1108 2643 1149 ac
2655 1092 2976 1161 Theodotio,
2995 1094 3272 1150 Hebraeum
3285 1104 3403 1181 p-m
3416 1095 3672 1152 litterism-

2196 1188 2311 1236 tum
2334 1181 2540 1239 Graecis
2567 1190 2957 1253 expresserunt
2985 1184 3199 1257 Σωρήκ.
3230 1181 3375 1239 Solus
3400 1183 3672 1256 Symmachus

2195 1273 2424 1329 electam
2490 1275 2861 1346 interpretatus
2924 1285 3033 1341 est,
3093 1276 3171 1331 ait
3219 1274 3541 1347 Hieronymus
3575 1277 3669 1347 (58).

2195 1363 2463 1430 Quoniam
2510 1381 2640 1421 vero
2687 1376 2811 1422 ante
2854 1365 3201 1439 Hippolytum
3243 1382 3393 1423 nemo
3428 1365 3672 1439 Symmachi

2193 1457 2526 1511 mentionem
2575 1456 2724 1523 fecit,
2765 1474 2925 1516 nemo
2974 1460 3334 1530 scriptorum,
3373 1460 3458 1531 qui
3495 1467 3673 1526 exstant,

2193 1547 2367 1617 ipsius
2414 1549 2866 1619 interpretatione
2894 1558 2980 1606 est
3013 1567 3184 1616 usus,
3216 1567 3384 1622 neque
3408 1552 3559 1621 potuit
3588 1558 3676 1607 ante

2195 1638 2564 1711 Hippolytum,
2595 1642 2814 1712 quando
2842 1641 3007 1712 hujus
3035 1658 3152 1699 aevo
3175 1641 3508 1715 Symmachus
3529 1642 3674 1709 ﬂoruit;

2195 1728 2264 1782 ad
2293 1736 2516 1784 caeteras
2556 1728 3052 1788 demonstrationes
3083 1732 3207 1787 haec
3228 1734 3386 1787 etiam
3423 1733 3611 1797 accedit,
3636 1740 3678 1787 ut

2125 1799 2167 1855 Β
2196 1818 2484 1892 Hippolyto
2545 1821 2883 1878 vindicemus
2945 1822 3356 1881 Constitutiones
3411 1826 3676 1894 apostolicus.

2194 1909 2465 1968 Praeterea
2512 1919 2629 1969 toto
2677 1914 2880 1970 saeculo
2927 1931 3025 1978 nt,
3074 1915 3307 1987 Origene
3353 1932 3454 1972 uno
3492 1922 3676 1985 excepto.

2195 2003 2405 2073 nullum
2444 2005 2716 2071 novimus,
2745 2007 2837 2076 qui
2866 2005 3184 2079 Symmachi
3218 2010 3505 2065 versionem
3530 2009 3680 2079 produ-

2193 2094 2362 2161 xerit;
2391 2111 2513 2165 quae
2541 2096 2941 2155 animadversio
2970 2100 3039 2155 ad
3068 2101 3487 2173 investigandum
3526 2110 3682 2171 tempus

2194 2201 2304 2256 quo
2352 2188 2511 2243 editae
2558 2189 2778 2246 fuerunt
2803 2190 3216 2249 Constitutiones
3246 2194 3385 2249 haud
3422 2194 3605 2250 levioris
3625 2200 3684 2248 est

2195 2279 2473 2350 ponderis.
2504 2280 2826 2354 Hippolytus
2853 2292 3034 2341 autem
3076 2288 3550 2360 interpretationem
3568 2286 3685 2357 Syno

2196 2370 2376 2426 machi
2426 2371 2572 2427 haud
2614 2375 2785 2429 semel
2827 2374 3035 2445 profert
3080 2377 3140 2433 in
3184 2379 3371 2449 paucis
3405 2393 3512 2449 qua:
3546 2391 3686 2446 supu-

2196 2469 2327 2517 sunt
2358 2462 2492 2534 (59).
2541 2463 2815 2539 Hippolyti
2852 2476 2939 2525 est
2978 2470 3145 2525 etiam
3176 2471 3240 2526 τὸ
3286 2469 3685 2544 ἀπονηστίξεσθαιν

2186 2554 2452 2625 jejunium
2481 2557 2696 2623 solvere,
2724 2560 3185 2629 quemadmodum
3221 2562 3276 2617 in
3305 2562 3427 2619 sede
3451 2573 3687 2615 marmorea

2196 2647 2372 2715 ipsius
2421 2645 2696 2720 Hippolyti
2750 2651 2947 2721 legitur
2998 2653 3450 2724 ἀπονηστίζεσθαι
3484 2653 3613 2706 δὲδεῖ
3644 2641 3688 2702 οὗ

2198 2736 2265 2792 ἂν
2295 2738 2510 2811 ἐμπέσῃ
2537 2740 2806 2813 Κυριακή.
2836 2741 3047 2797 Solvere
3077 2754 3255 2798 autem
3285 2754 3474 2815 oportet
3489 2743 3689 2813 jejunis:

2197 2828 2288 2883 ubi
2317 2829 2590 2887 Dominica
2625 2833 2887 2890 inciderit.
2926 2836 3129 2892 Eadem
3181 2838 3552 2910 signiﬁcatione
3588 2836 3690 2891 idem

2198 2921 2422 2976 verbum
2475 2924 2675 2993 saepius
2724 2928 2966 2981 occurrit
3014 2928 3070 2982 in
3119 2927 3567 2987 Constitutionibus
3591 2925 3688 2996 (60).

2199 3014 2448 3081 quamvis
2470 3013 2740 3075 Hervetus
2762 3020 3038 3074 contrario
3070 3036 3240 3077 sensu
3262 3022 3478 3078 verterit
3485 3021 3691 3090 jejsm

514 3122 634 3176 λίαν
666 3123 839 3196 ἱερὰν,
868 3126 918 3178 οἱ
948 3125 1291 3197 ἀντεχόμενοι
1319 3125 1417 3197 τῆς
1446 3104 1775 3199 ἐπαγγελίας
1818 3125 1983 3180 αὐτοῦ
2032 3127 2093 3183 ἐκ

2198 3104 2655 3173 quemadmodum
2704 3116 2758 3164 et
2808 3109 2879 3165 cl.
2904 3121 3118 3175 auctor,
3168 3114 3268 3184 qui
3316 3114 3602 3183 hospitalem
3634 3119 3693 3163 ta-

517 3213 937 3286 προστάγματος
983 3214 1076 3269 τοῦ
1116 3216 1394 3288 Σωτῆρος,
1438 3217 1751 3289 ὁμόστοιχον
1792 3221 1914 3282 ταῖς
1954 3217 2097 3273 ἐνδό-

520 3304 631 3372 ξοις
650 3306 914 3377 φθογγαῖς
933 3307 1118 3361 αὑτοῦ.
1135 3307 1475 3363 Φυλάσσεσθε
1505 3310 1557 3363 οἱ
1583 3308 1717 3365 Θεοῦ
1747 3310 1857 3365 υἱοὶ
1882 3309 2095 3366 ἅπαντα

519 3398 596 3462 εἰς
630 3399 875 3473 ὑπακοὴν
902 3399 1037 3454 Θεοῦ
1066 3400 1351 3473 πράσσειν.
1381 3402 1492 3457 Καὶ
1518 3401 1740 3472 γένεσθε
1776 3402 1996 3474 ἀρεστοὶ
2035 3402 2096 3461 ὲν

516 3491 653 3543 πᾶσι
679 3490 897 3563 Χριστῷ
923 3492 1002 3564 τῷ
1030 3491 1148 3565 Θεῷ
1176 3492 1351 3565 ἡμῶν.
1384 3492 1625 3550 Ecclesia
1654 3493 1915 3549 catholica
1939 3493 2094 3564 plan-

520 3582 655 3635 tatio
673 3581 793 3646 Dei,
833 3599 895 3636 ac
927 3583 1075 3637 vinea
1110 3584 1223 3655 ejus
1265 3585 1430 3639 electa
1470 3595 1614 3652 sunt,
1648 3585 1736 3655 qui
1767 3584 1822 3639 in
1856 3584 2089 3639 certissi-
2146 3630 2151 3633 .

526 3692 671 3730 mam
692 3675 789 3729 Dei
818 3675 1120 3746 religionem
1152 3675 1436 3741 credidere,
1466 3677 1556 3747 qui
1582 3678 1949 3745 sempiternum
1977 3677 2091 3746 ejus

517 3783 731 3839 regnum
754 3782 844 3837 per
866 3765 1022 3837 ﬁdem
1062 3775 1455 3837 compararunt,
1494 3768 1585 3838 qui
1620 3767 1733 3838 ejus
1767 3769 2011 3824 virtutem
2041 3778 2093 3823 et

524 3854 762 3929 Spiritus
786 3858 955 3912 sancti
975 3839 1427 3927 participationem
1447 3867 1775 3928 acceperunt,
1797 3874 1890 3928 per
1909 3858 2091 3913 Iesum

517 3950 738 4012 armati,
762 3963 824 4000 ac
845 3948 1088 4001 timorem
1107 3946 1220 4016 ejus
1253 3954 1360 4001 toto
1387 3956 1591 4017 pectore
1618 3947 1844 4017 amplexi
1859 3964 1881 4011 ;
1911 3964 2093 4017 asper-

520 4041 731 4096 sionem
750 4037 968 4110 pretiosi
999 4046 1048 4092 et
1078 4037 1367 4092 innocentis
1411 4039 1687 4109 sanguinis
1719 4036 1918 4094 Christi
1947 4056 2091 4093 com-

518 4132 866 4195 municantes,
889 4130 978 4202 qui
1007 4128 1261 4200 ﬁduciam
1292 4140 1620 4199 acceperunt,
1653 4141 1713 4185 ut
1744 4130 1951 4186 nomine
1980 4130 2090 4186 Pa-

519 4230 619 4280 tris
658 4224 825 4279 Deum
873 4223 1272 4291 omnipotentem
1316 4222 1674 4292 appellarent,
1716 4222 2008 4278 coha'redes
2037 4234 2088 4279 et

518 4328 786 4374 consortes
816 4317 998 4373 dilecti
1022 4316 1154 4371 Filii
1188 4317 1303 4388 ejus
1329 4332 1350 4375 ς
1374 4316 1553 4370 audite
1596 4317 1687 4381 qui
1726 4332 1791 4370 ea:
1834 4324 2087 4385 praecepto

518 4410 816 4467 Saluatoris
859 4410 1261 4479 promissionem
1305 4411 1419 4477 ejus
1458 4409 1711 4473 retinetis,
1743 4424 1954 4462 sacram
1989 4407 2089 4462 do-

2196 3197 2377 3252 bulam
2428 3197 2778 3257 Cluniensem
2810 3204 3100 3260 illustravit
3142 3204 3280 3279 (61).
3340 3205 3526 3277 Joseph
3560 3212 3695 3259 autem

2197 3286 2439 3358 Scaliger
2465 3292 2681 3348 diverse
2705 3293 2759 3348 in
2783 3295 3261 3352 Constitutionibus
3286 3297 3623 3369 accipiendum
3636 3292 3697 3347 di-

2195 3380 2294 3444 xit,
2309 3390 2475 3449 atque
2498 3382 2553 3435 in
2568 3380 2839 3455 Hippolyti
2866 3385 2996 3441 sede
3021 3386 3447 3457 interpretanda,
3476 3397 3696 3456 perperam

2186 3469 2448 3539 jejunium
2465 3474 2755 3541 transferre
2787 3474 2969 3541 vertit,
2988 3491 3151 3545 quem
3173 3479 3267 3532 alii
3291 3477 3459 3534 secuti
3481 3472 3696 3546 suntm).

2188 3561 2333 3617 Ante
2360 3560 2706 3634 Hippolytum
2749 3581 2912 3620 nemo
2941 3567 2996 3621 id
3024 3569 3254 3625 verbum
3284 3570 3567 3640 usurpavit,
3590 3567 3701 3622 ideo-

2191 3663 2299 3716 que
2331 3664 2363 3702 a
2397 3650 2794 3722 lexicographis
2848 3654 3136 3723 ignoratur
3184 3676 3199 3712 :
3246 3668 3369 3728 post
3412 3658 3701 3729 Hippolytum

2191 3738 2481 3811 Dionysius
2540 3743 2940 3801 Alexandrinus
2999 3748 3273 3815 adhibuit,
3325 3752 3420 3807 sed
3474 3751 3540 3805 ita
3574 3760 3624 3803 ut
3654 3745 3704 3800 ab

2191 3831 2480 3906 Hippolyto
2527 3838 2809 3905 accepisse
2848 3841 3246 3909 propemodum
3303 3842 3581 3913 signiticet;
3611 3852 3702 3893 nam

2189 3924 2356 3980 refert
2389 3925 2646 3984 Ecclesiae
2674 3928 2935 3986 Romanae
2982 3931 3035 3985 in
3074 3933 3345 3990 solvendo
3380 3934 3575 4006 jejunio
3606 3944 3707 3985 con-

2192 4017 2536 4075 suetudinem
2560 4019 2674 4091 (63)
2718 4036 2841 4091 qua:
2883 4022 2941 4076 in
2969 4022 3452 4081 Constitutionibus
3480 4028 3621 4081 etiam
3644 4035 3706 4074 reo

2188 4112 2381 4180 currit,
2413 4121 2471 4167 ut
2494 4127 2587 4168 eas
2610 4113 2796 4169 Romae
2825 4115 3109 4173 conﬁrmet
3139 4117 3317 4176 fuisse
3340 4119 3655 4191 compositas.

2263 4223 2326 4280 ν.
2371 4224 2645 4297 Hippolyti
2669 4228 2914 4283 doctrina
2942 4238 2994 4284 et
3016 4231 3285 4301 ingenium
3329 4234 3383 4287 in
3412 4227 3708 4288 Constitutioo

2190 4316 2342 4370 nibus
2375 4316 2546 4371 adhuc
2564 4318 2979 4376 elucent.-—Non
3010 4323 3174 4378 verba
3212 4324 3398 4391 modo,
3432 4325 3519 4382 sed
3554 4331 3600 4379 et
3630 4319 3708 4376 alia

2191 4406 2468 4481 Hippolyti
2513 4410 2946 4467 animadvertere
2995 4413 3122 4468 licet
3172 4416 3230 4470 in
3260 4413 3706 4473 Constitutianibss.

519 4505 775 4569 ctrinam,
816 4503 1062 4574 gloriosis
1096 4501 1208 4571 ejus
1234 4501 1439 4555 vocibus
1471 4517 1775 4556 consonam.
1804 4498 2088 4562 Attendite,
2121 4495 2171 4553 D
2196 4500 2362 4554 veluti
2436 4516 2559 4555 cum
2615 4504 2849 4573 appellat
2910 4502 3096 4561 Jesum
3158 4506 3442 4565 Christum
3497 4502 3710 4580 ἀρχιερέα

516 4595 624 4665 ﬁlii
650 4593 767 4658 Dei,
805 4602 864 4646 ut
896 4593 1074 4647 omnia
1122 4592 1176 4644 in
1214 4589 1506 4645 obedientia
1537 4588 1636 4642 Dei
1675 4588 1927 4657 faciatis;
1965 4597 2013 4640 et
2037 4588 2091 4641 in

518 4686 761 4741 omnibus
783 4694 945 4740 estote
973 4684 1183 4739 Christo
1213 4681 1322 4736 Deo
1352 4690 1530 4736 nostro
1567 4680 1783 4749 accepti.
1810 4678 2088 4734 Sinceram

520 4777 610 4834 hic
634 4778 901 4833 habemus
934 4775 1335 4833 confessionem
1357 4773 1454 4828 Dei
1477 4773 1660 4843 Putris
1700 4773 2086 4841 omnipotentis,

589 5065 879 5142 (57)_Hinc
904 5067 1075 5142 sumit
1106 5068 1321 5123 initium
1363 5068 1729 5142 interpolatio.
1761 5069 2090 5142 Quaerinepte

520 5138 796 5207 apostolos
828 5138 1035 5193 inducit
1062 5141 1373 5208 loquentes;
1406 5147 1459 5193 at
1496 5140 1652 5195 facile
1694 5141 1907 5195 restitui
1960 5138 2089 5210 pos-

518 5216 810 5281 sunt_qua;
852 5220 1155 5281 sequuntur
1195 5210 1242 5265 si
1274 5210 1545 5281 legamus:
1577 5210 1904 5275 ἀκούσαντες
1947 5211 2088 5265 διδα-

519 5276 745 5351 σκαλίαν
791 5276 949 5351 ἱερὰν
971 5280 1021 5333 οἱ
1049 5276 1391 5351 ἀντεχόμενοι
1421 5280 1521 5351 τῆς
1549 5280 1879 5351 ἐπαγγελίας
1922 5282 2087 5336 αὐτοῦ

517 5350 604 5422 sic
616 5348 1037 5422 προσταγματος
1065 5350 1160 5404 τοῦ
1179 5348 1443 5422 ’Σὼτῆρος
1462 5348 1488 5413 ,⁷
1510 5348 1827 5422 ὁμόστοιιχον
1854 5355 1974 5416 ταῖς
2000 5354 2088 5405 ὲν-

516 5417 687 5489 δόξοις
743 5417 1009 5489 φθογγαῖς
1054 5420 1241 5475 αὐτοῦ.
1279 5417 1642 5484 Φυλάσσοντες
1688 5417 1767 5485 die
1798 5422 1940 5475 Θεοῦ
1983 5424 2088 5477 υἱοὶ

517 5488 731 5566 ᾂπαντα
759 5488 856 5566 εἰς
902 5488 1146 5566 {istauth
1183 5492 1322 5566 Θεοῦ
1359 5492 1642 5566 πρασσειν,
1677 5494 1769 5566 και
1812 5492 2086 5566 γενόμενοι

518 5560 735 5646 ipsaet
765 5562 824 5643 εν
852 5563 985 5646 πᾶσι
1013 5560 1231 5646 Χριστῷ
1257 5560 1333 5633 τῷ
1357 5560 1475 5646 Θεῷ
1494 5562 1675 5646 Αὴμῶν.
1722 5562 1805 5646 [ξας
1825 5560 2085 5645 ρνῳὶεριο

519 5628 813 5704 Saluatoris
851 5628 1118 5688 audientes
1150 5628 1355 5686 sacram
1386 5628 1679 5686 doctrinam
1707 5628 1949 5703 gloriosis
1972 5628 2086 5704 ejus

521 5700 727 5773 uocibus
759 5718 1063 5773 consonam,
1087 5705 1377 5773 quicunque
1402 5703 1566 5771 ipsius
1593 5700 1957 5771 promissionis
1989 5700 2087 5757 ad-

524 5769 739 5829 hwrent.
793 5769 1119 5828 observantes
1156 5769 1402 5846 tanquam
1424 5769 1519 5829 Dei
1549 5769 1678 5844 ﬁlii,
1713 5787 1773 5827 ut
1830 5776 2005 5830 omnia
2034 5777 2083 5830 in

2191 4591 2406 4643 πάντων
2432 4592 2539 4644 τῶν
2565 4592 2794 4661 λογικῶν
2820 4594 3136 4666 ταγμάτων,
3156 4596 3471 4670 Ponti/irem
3490 4602 3709 4653 universo-

2190 4699 2309 4735 rum
2350 4683 2693 4737 rationalium
2737 4687 3000 4752 ordinum,
3045 4704 3206 4758 quam
3253 4692 3569 4747 sententiam
3603 4686 3708 4757 Hip-

2191 4776 2359 4847 polyti
2408 4784 2597 4831 contra
2651 4777 2898 4834 haeresim
2946 4779 3171 4836 Beronis
3230 4786 3542 4854 repetitam,
3597 4776 3708 4833 haud

2189 5067 2533 5146 ohedienti_ant
2564 5070 2656 5146 Dei
2704 5073 2923 5141 faciant,
2971 5084 3127 5146 utque
3170 5094 3226 5131 tn
3267 5077 3506 5133 omnibus
3550 5072 3710 5141 accepti

2187 5140 2295 5193 sint
2323 5141 2535 5196 Christo
2558 5143 2663 5196 Deo
2693 5140 2892 5200 nostro.

2260 5212 2381 5285 (58),
2411 5210 2468 5266 S.
2495 5212 2714 5268 Hieron.
2748 5213 2953 5285 Comm.
3002 5217 3064 5270 in
3101 5217 3304 5282 Isa.'v,
3335 5218 3404 5285 2;
3433 5218 3644 5274 Coteler.
3668 5216 3710 5267 in

2189 5278 2416 5361 Constit.
2417 5298 2525 5361 pp:
2530 5299 2589 5361 _1_,
2620 5292 2735 5361 not.
2762 5284 2831 5361 f2;
2854 5285 3185 5361 Hominum,
3220 5278 3453 5361 [legapL
3486 5306 3546 5361 ir,
3572 5285 3707 5357 p.96.

2261 5350 2373 5431 ($9)
2415 5350 2475 5408 8.
2506 5353 2721 5426 Hippol.
2763 5356 2817 5408 in
2844 5350 3186 5431 Cen._t,~Op._
3219 5366 3260 5413 t.
3292 5358 3359 5431 Il,
3379 5350 3445 5431 'p.
3476 5350 3711 5431 ἰδίει-ιη

2186 5422 2378 5501 μιαίνεις.
2404 5422 2699 5501 annm—ex
2731 5440 2863 5501 mss.
2893 5427 3016 5482 cod.
3051 5422 3319 5501 B.'M.ap.
3338 5422 3559 5486 Bandin.
3585 5422 3707 5489 L156.

2276 5494 2372 5565 60)
2407 5493 2635 5565 Constit.
2664 5513 2720 5560 v,
2748 5496 2835 5552 15.

2279 5563 2371 5641 (ii)
2410 5563 2713 5641 Dichiaras.
2738 5565 2936 5641 Diana
2968 5578 3069 5623 tav.
3095 5571 3275 5641 ospit.,
3303 5586 3361 5641 p.
3376 5572 3463 5627 ιο.

2259 5634 2370 5710 (£52,)
2410 5634 2475 5690 ν.
2496 5634 3232 5710 ΗοξςοξιἎὰπονηστήσασθαι
3265 5634 3323 5696 εἰ
3337 5640 3386 5696 J.
3409 5644 3598 5699 Albcrt.
3616 5650 3707 5693 not.

2187 5722 2250 5759 ac
2276 5706 2530 5762 Thesaur.
2563 5706 2706 5761 Eccl.
2738 5706 2945 5763 Svicer.

2260 5776 2371 5847 (65)
2409 5775 2567 5833 Dion.
2601 5777 2776 5846 Alex,
2814 5777 2908 5849 Ep.
2943 5780 3010 5834 ad
3036 5781 3297 5850 Basilid.,
3324 5783 3358 5839 Ι.
