3900 6334
206 374 311 430 533

1009 377 1603 437 CONSTlTUTIONES
1634 375 2107 436 ΑΡΟ-ΒΤΟΙΛΟίΕο
2133 415 2195 422 -
2225 381 2566 438 ΡΚΟαΞΜΙΔ

3330 388 3432 444 538

203 491 434 545 omnino
488 491 679 563 probat
719 491 974 550 Petavius
1016 494 1368 570 (64);jurene
1416 510 1484 548 an
1529 493 1769 561 injuria,
1800 497 1846 556 Α
1874 495 2445 562 causan—Quoniam
2481 512 2610 552 vero
2627 504 2956 567 postremum
2988 497 3432 559 Constitutionum

204 598 310 639 suo
359 582 481 637 loco
530 585 930 654 inspiciendum
976 587 1101 643 erit.
1157 587 1300 653 Quin
1351 588 1512 642 etiam
1553 586 1770 656 liturgia

203 689 373 744 quam
425 674 692 731 exhibent
742 674 1173 743 Constitutiones,
1199 676 1440 731 Romana
1487 685 1593 741 est,
1651 692 1772 747 quae

207 768 390 822 adhuc
441 769 497 823 in
537 769 821 840 pervigilio
858 768 1144 825 Paschalis
1187 768 1456 839 praecipua
1493 768 1580 824 sui
1619 775 1772 837 parte

206 871 479 918 servatur.
515 861 649 918 Nam
696 870 750 918 et
789 862 1039 919 Justinus
1082 863 1285 935 Martyr
1325 863 1569 918 eamdem
1615 863 1770 916 litur-

203 955 352 1026 giam
382 954 656 1026 designat,
687 969 751 1009 ac
775 954 958 1010 Romae
1005 956 1251 1012 scribens
1293 971 1400 1010 non
1428 955 1586 1008 aliam
1628 954 1770 1008 indi-

202 1052 406 1101 cassat.
454 1045 718 1111 Quamvis
769 1054 949 1102 autem
988 1047 1042 1101 in
1073 1062 1138 1102 eo
1166 1048 1507 1101 consentiant
1547 1045 1766 1110 eruditi,

197 1137 348 1208 quod
385 1135 589 1191 Justini
635 1147 688 1193 et
730 1137 1174 1193 Constitutionum
1217 1153 1324 1192 una
1365 1138 1438 1194 sit
1473 1137 1771 1207 eademque

202 1227 442 1297 liturgia,
493 1227 850 1283 nihilominus
892 1229 1192 1282 Romanam
1228 1228 1396 1284 fuisse
1436 1235 1654 1300 negant,
1688 1236 1770 1282 at-

197 1335 310 1389 que
340 1319 409 1373 ab
448 1317 666 1374 Oriente
711 1327 982 1390 repetunt.
1034 1318 1189 1384 Quod
1240 1334 1464 1374 necesse
1512 1333 1619 1372 non
1661 1326 1766 1383 est,

200 1425 330 1467 cum
382 1410 437 1464 in
469 1409 762 1466 Occidente
811 1411 993 1482 potius
1037 1412 1091 1465 in
1136 1426 1235 1466 usu
1283 1409 1478 1474 fuerit,
1528 1410 1770 1478 adeoque

201 1498 377 1554 Graeci
403 1515 521 1554 eam
549 1500 870 1571 plerumque
893 1501 1196 1559 omiserunt
1235 1502 1286 1555 in
1315 1501 1430 1556 suis
1463 1500 1765 1557 codicibus.

199 1590 426 1647 Accedit
477 1590 534 1647 S.
553 1591 730 1647 Procli
762 1591 1351 1663 Constantinopolitani
1397 1593 1767 1648 testimonium

203 1682 440 1754 insigne,
469 1684 561 1754 qui
591 1685 834 1739 omnium
864 1685 1091 1756 primam
1123 1701 1239 1741 cam
1271 1686 1544 1754 liturgiam
1580 1700 1769 1740 recen-

200 1783 282 1830 set
307 1795 321 1831 :
351 1777 416 1829 '0
447 1793 505 1828 τε
547 1774 814 1848 μακάριος
853 1776 1082 1847 Κλήμης
1103 1816 1117 1840 ,
1162 1777 1190 1829 ό
1217 1775 1310 1828 τοῦ
1340 1775 1633 1847 κορυφαίου
1662 1776 1768 1829 τῶν

197 1867 512 1921 ἀποστόλων
552 1868 797 1940 μαθητὴς
832 1869 927 1922 καὶ
979 1868 1240 1939 διάδοχος,
1272 1867 1420 1938 αὑτῷ
1457 1869 1564 1920 τῶν
1610 1867 1767 1938 ιερῶν

194 1956 511 2012 ἀποστόλων
559 1960 1050 2032 ὑπαγορευσάντων
1081 1976 1096 2012 :
1144 1960 1337 2014 Beatus
1372 1960 1620 2014 nimirum
1648 1958 1769 2014 Cle-

197 2065 343 2104 mens
372 2052 566 2105 summi
607 2052 751 2106 illius
786 2052 1144 2121 apostolorum
1187 2052 1437 2121 principis
1475 2051 1766 2120 discipulus

192 2151 245 2194 et
273 2158 565 2209 successor,
588 2145 676 2214 qui
704 2144 871 2197 sacris
899 2144 1152 2213 apostolis
1191 2146 1238 2199 ei
1265 2145 1588 2199 dictantibus
1618 2145 1766 2200 illam

193 2235 362 2288 edidit
390 2230 526 2308 (65).
571 2235 686 2291 Hoc
710 2236 1026 2293 testimonio
1057 2251 1181 2290 cum
1213 2244 1530 2307 premantur
1557 2237 1650 2306 qui
1681 2238 1766 2293 ni-

199 2327 370 2380 mium
399 2343 459 2382 se
490 2326 680 2383 faciles
713 2328 780 2383 ad
805 2327 1126 2398 ejurandam
1172 2328 1456 2384 veritatem
1505 2330 1763 2399 praebent,

201 2427 405 2487 negant
465 2417 526 2476 S.
548 2417 726 2475 Procli
777 2435 931 2487 esse;
986 2420 1188 2489 quique
1234 2420 1370 2475 adeo
1425 2421 1637 2476 ratione
1685 2421 1764 2477 uti

198 2507 472 2574 nolentes,
506 2510 814 2565 dimittendi
845 2517 994 2565 sunt.
1043 2503 1312 2576 Quoniam
1348 2525 1479 2565 vero
1517 2511 1767 2566 animad-

194 2604 485 2666 vertimus,
520 2601 872 2674 Hippolytum
920 2602 1352 2675 παρονομασιαις
1398 2604 1480 2660 vel
1523 2605 1765 2658 annomi-

194 2695 499 2750 nationibus
521 2695 845 2750 delectatum
874 2709 1017 2757 esse,
1043 2693 1355 2763 hujusmodi
1393 2694 1669 2765 ingenium
1707 2695 1764 2750 in

195 2785 671 2856 Cpnstitutionibus
713 2801 932 2856 quoque
974 2799 1034 2840 se
1075 2784 1277 2854 prodit,
1307 2785 1400 2840 ubi
1430 2800 1762 2856 paganorum

193 2876 541 2931 sacriﬁculos
572 2891 678 2930 non
709 2875 1027 2938 sacerdotes,
1058 2875 1258 2946 ἱερέας,
1291 2876 1520 2944 appellat
1547 2883 1759 2941 auctor,

192 2969 290 3024 sed
325 2968 584 3038 μηιερέας
609 2967 880 3036 profanos,
912 2965 1306 3036 immundosque
1343 2965 1457 3036 (66)
1502 2964 1763 3035 quemad-

192 3055 416 3110 modum
455 3064 508 3111 et
543 3055 803 3126 Sibyllam
835 3055 1100 3109 ’Δϐυλλαν
1129 3055 1266 3110 dixit
1293 3056 1447 3125 quasi
1503 3055 1758 3127 ἁϐούλην,

191 3148 547 3203 inconsultam
582 3163 646 3202 ac
667 3148 975 3204 dementem.
1008 3146 1114 3202 Sed
1144 3154 1197 3202 et
1219 3146 1488 3218 Hippolyti
1513 3147 1759 3203 doctrina
1787 3169 1832 3230 ο

190 3242 382 3298 eadem
417 3241 518 3297 fuit
561 3243 614 3297 in
641 3240 1115 3299 Canstitutionibus
1147 3240 1378 3310 aliisque
1424 3242 1540 3297 suis
1578 3241 1761 3309 operi-

189 3333 318 3397 bus,
347 3334 608 3388 nimirum
639 3334 905 3389 catholica
936 3349 949 3384 :
985 3332 1321 3402 Epiphanius
1350 3339 1498 3387 certe
1525 3332 1592 3387 de
1620 3332 1760 3388 Con-

185 3427 530 3480 stitutionum
557 3426 746 3480 codice
765 3425 930 3481 verba
974 3423 1200 3486 iaciens,
1224 3425 1279 3478 in
1301 3437 1462 3493 quem
1488 3438 1595 3477 non
1624 3423 1760 3480 adeo

189 3518 548 3587 depravatum
585 3517 872 3581 inciderat,
901 3516 1003 3571 hoc
1031 3515 1300 3585 judicium
1323 3516 1576 3584 protulit:
1604 3516 1759 3568 Πᾶσα

188 3609 299 3680 γὰρ
327 3610 387 3662 ὲν
417 3609 564 3679 αὐτῷ
592 3609 846 3681 κανονικὴ
875 3608 1024 3673 τάξις
1051 3607 1368 3678 ἐμφέρεται,
1398 3607 1492 3660 καὶ
1519 3607 1635 3660 οὐδὲ
1661 3607 1760 3676 τῆς

187 3701 650 3772 ἐκκλησιαστικῆς
710 3699 1056 3770 διοικήσεως,
1105 3697 1199 3753 καὶ
1246 3697 1467 3761 κανόνος
1521 3698 1613 3752 καὶ
1669 3697 1760 3750 πί·

189 3809 381 3856 στεως.
416 3792 600 3847 Omnis
623 3793 805 3862 quippe
834 3792 1116 3846 canonicus
1144 3793 1273 3846 ordo
1304 3793 1359 3844 in
1385 3791 1497 3860 ipso
1527 3792 1758 3846 contine-

187 3890 295 3945 tur,
333 3891 384 3935 et
417 3880 550 3934 nihil
578 3899 612 3935 a
637 3880 738 3950 ﬁde
773 3880 1035 3945 alienum,
1086 3878 1561 3949 adulteratumque,
1599 3893 1759 3948 neque

187 3990 221 4029 α
242 3972 590 4040 confessione,
621 3988 777 4040 neque
806 3970 870 4024 ab
898 3970 1254 4025 ecclesiastica
1277 3967 1755 4032 administratione,

185 4075 234 4119 et
261 4081 480 4129 canone,
526 4079 586 4116 ac
623 4061 745 4131 ﬁde.
783 4061 928 4126 Quin
975 4059 1138 4115 etiam
1171 4059 1397 4114 ulterius
1438 4073 1757 4128 progressus

186 4163 292 4220 est,
325 4154 656 4223 easdemque
683 4151 1101 4222 Constitutiones
1141 4149 1278 4202 θεῖον
1308 4149 1485 4217 λόγον,
1524 4148 1757 4202 divinum

185 4262 479 4302 semonem
503 4243 792 4314 appellavit
815 4242 948 4314 (67).
974 4240 1114 4306 Quid
1138 4239 1186 4295 si
1213 4238 1270 4294 S.
1289 4237 1622 4310 Epiphanius
1647 4238 1756 4310 (68)

187 4339 564 4407 incorruptam
593 4335 820 4389 vidisset
871 4348 934 4387 ac
981 4335 1249 4389 sinceram
1275 4331 1546 4402 Hippolyti
1595 4331 1758 4386 colle-

187 4430 462 4487 ctionem?
496 4427 647 4482 Hanc
693 4427 839 4482 enim
891 4431 1151 4496 perpetuo
1196 4421 1435 4488 διάταξιν
1464 4423 1548 4477 vel
1575 4421 1758 4475 διατά-

1873 587 2094 652 librum,
2139 588 2230 658 qui
2283 597 2510 644 octavus
2539 596 2643 655 est,
2700 590 3019 645 nominatim
3069 591 3124 646 in
3153 591 3436 650 codicibus

1872 677 2156 750 Hippolyto
2181 681 2445 736 tributum
2470 679 2707 736 Canones
2731 683 3086 751 apostolorum
3110 692 3432 755 sequuntur,

1869 768 1938 824 de
1983 769 2121 840 ipsis
2172 771 2377 840 aliquid
2415 778 2500 827 est
2542 771 2959 841 subjiciendum.
3004 772 3155 828 Hanc
3184 774 3435 844 equidem

1869 858 2241 915 collectionem
2269 869 2636 930 pervetustam
2677 877 2799 918 esse
2828 871 2952 919 ante
2985 867 3204 920 concilii
3231 866 3435 921 Νίσιεηί

1869 957 2148 1020 tempora,
2201 967 2325 1006 cum
2371 953 2659 1025 rigidiores
2714 957 2894 1010 critici
2941 956 3232 1024 fateantur,
3298 960 3435 1015 nihil

1869 1055 2001 1095 sane
2051 1040 2107 1096 in
2153 1043 2342 1098 eadem
2387 1046 2626 1100 occurrit
2673 1047 2816 1116 quod
2849 1047 3120 1121 Hippolyti
3168 1066 3283 1106 ιενο
3326 1068 3434 1107 non

1867 1133 2156 1187 conveniat
2189 1153 2203 1189 :
2236 1135 2410 1205 ipsius
2437 1138 2683 1206 quinimo
2743 1140 3017 1210 ingenium
3045 1143 3225 1212 prodit
3255 1160 3434 1201 canon

1861 1222 1935 1278 de
1955 1222 2244 1290 Paschate,
2278 1242 2346 1282 ne
2376 1229 2683 1285 celebretur
2725 1232 2832 1302 πρὸ
2858 1233 2954 1304 τῆς
2984 1233 3204 1306 ἐαρινῆς
3247 1239 3435 1309 laque—

1870 1313 1991 1384 ρίας
2022 1314 2160 1385 μετὰ
2193 1317 2482 1384 Ἰουδαίων,
2522 1330 2641 1374 ante
2676 1338 2885 1375 uernum
2909 1324 3276 1392 mquinoctium
3315 1342 3435 1382 cum

1866 1401 2108 1469 Iudaeis;
2135 1407 2228 1476 qui
2259 1410 2447 1478 utique
2473 1409 2702 1466 debetur
2732 1415 2955 1484 synodis
2987 1415 3087 1469 hac
3115 1417 3182 1472 de
3212 1434 3270 1473 re
3300 1434 3432 1474 coa-

1868 1495 1970 1549 ctis
2012 1497 2266 1565 pontiﬁce
2313 1497 2572 1562 Victore,
2628 1501 2773 1556 unde
2823 1512 3201 1573 argumentum
3246 1506 3436 1564 habuit

1868 1579 2194 1656 Hippolytus
2241 1587 2530 1658 evulgandi
2577 1590 2771 1644 librum
2798 1591 2875 1646 De
2901 1592 3182 1660 Paschate,
3228 1613 3292 1651 ac
3339 1598 3434 1653 de-

1869 1673 1994 1729 inde
2025 1674 2344 1733 Paschalem
2373 1677 2667 1738 Canonem.
2717 1679 2988 1741 Plurimos
3030 1701 3099 1740 ex
3150 1686 3299 1743 hisce
3341 1705 3435 1743 ca-

1867 1765 2103 1821 nonibus
2131 1767 2199 1822 ab
2216 1767 2466 1824 Ecclesia
2492 1769 2737 1824 Romana
2778 1771 2945 1828 fuisse
2973 1783 3219 1844 receptos
3247 1778 3435 1846 explo-

1868 1862 2046 1908 ratum
2076 1864 2182 1921 est,
2224 1859 2368 1927 quod
2413 1860 2637 1917 minime
2681 1861 2884 1918 factum
2919 1874 3084 1931 esset,
3113 1868 3159 1922 si
3195 1883 3433 1927 canones

1868 1946 2006 2002 alios
2047 1947 2107 2003 E.
2133 1947 2200 2006 Β.
2235 1960 2508 2007 servasset
2557 1954 2626 2008 ab
2672 1955 2758 2011 his
2798 1956 3063 2012 diversos.
3118 1957 3272 2015 Unde
3303 1977 3433 2018 vero

1866 2032 2110 2091 Ecclesia
2131 2034 2373 2094 Romana
2403 2055 2644 2100 canones
2671 2047 2993 2115 accepisset,
3025 2048 3131 2103 nisi
3161 2063 3190 2100 a
3221 2051 3440 2122 seipsa?l

1865 2123 2033 2197 quue
2073 2129 2209 2184 adeo
2238 2146 2424 2186 verum
2457 2143 2561 2200 est,
2596 2144 2654 2190 ut
2686 2136 2977 2210 Zephyrini
3020 2142 3288 2211 pontiﬁcis
3332 2161 3433 2201 no-

1865 2233 1988 2273 men
2036 2219 2229 2276 iisdem
2271 2225 2574 2281 canonibus
2606 2230 2986 2297 praeminatur,
3029 2234 3121 2305 qui
3168 2234 3236 2289 ab
3267 2235 3326 2290 E.
3358 2235 3426 2292 R.

1864 2310 2080 2381 probati
2113 2320 2240 2366 sunt
2269 2314 2404 2385 (69).
2454 2316 2680 2374 Temere
2721 2328 2902 2376 autem
2934 2333 3276 2395 assumptum
3307 2343 3438 2385 esse

1863 2417 2063 2458 nomen
2106 2403 2431 2478 Zephyrini,
2491 2423 2615 2462 eum
2659 2427 2848 2466 revera
2893 2415 2995 2469 sub
3042 2415 3161 2486 ipso
3210 2419 3428 2485 vixerit,

1864 2495 2252 2568 scripseritque
2313 2498 2673 2572 Hippolytus,
2747 2521 2910 2561 nemo
2978 2509 3081 2563 sibi
3155 2514 3427 2580 suaserit,

1863 2588 2112 2656 quamvis
2150 2591 2380 2659 epistola
2426 2593 2570 2649 illius
2614 2596 2832 2652 nomine
2862 2600 3092 2655 conﬁcta
3125 2605 3213 2658 sit.
3244 2604 3432 2676 Neque

1863 2695 1990 2736 vero
2006 2679 2332 2754 Hippolytus
2359 2685 2532 2740 inscio
2546 2687 2630 2742 vel
2652 2689 2869 2746 nolente
2898 2693 3152 2761 pontiﬁce
3191 2696 3247 2751 in
3270 2700 3433 2754 tabu-

1862 2771 1998 2827 laria
2028 2783 2333 2844 penetrare,
2352 2791 2416 2830 ac
2447 2779 2758 2835 reconditos
2780 2796 3018 2839 canones
3036 2785 3088 2839 in
3111 2787 3286 2843 lucem
3312 2791 3428 2860 pri-

1863 2879 1984 2919 mus
2001 2865 2161 2921 edere
2183 2868 2472 2939 potuisset;
2489 2873 2605 2927 utsi
2637 2870 2928 2942 Zephyrini
2950 2879 3246 2935 auctoritas
3269 2881 3436 2937 inter-

1862 2959 2110 3023 cesserit,
2145 2958 2319 3029 ipsius
2366 2976 2563 3017 nomen
2609 2964 2809 3020 alicubi
2858 2968 2914 3022 in
2964 2985 3063 3024 sua
3109 2973 3442 3031 collectione

1861 3049 2279 3108 commendasse
2326 3051 2716 3125 Hippolytum,
2767 3066 2861 3112 aut
2913 3069 3061 3117 certe
3111 3063 3195 3118 sui
3247 3067 3428 3135 Operis

1862 3147 2076 3211 tempus
2120 3143 2436 3215 designasse
2482 3147 2694 3215 opinari
2737 3148 2915 3205 liceat.
2965 3149 3022 3206 In
3052 3152 3274 3212 Oriente
3306 3159 3430 3226 qui-

1861 3231 1982 3286 dem
2025 3249 2088 3288 ea
2134 3236 2369 3290 obtinuit
2415 3239 2716 3303 sententia,
2767 3257 3006 3300 canones
3057 3249 3428 3315 apostolorum

1861 3320 2030 3379 fuisse
2068 3325 2138 3380 ab
2168 3325 2456 3399 Hippolyto
2506 3330 2786 3395 collectos,
2828 3333 2972 3388 unde
3011 3343 3064 3391 et
3103 3337 3170 3391 ad
3201 3356 3428 3395 canones

1861 3419 2216 3484 apostolorum
2250 3436 2346 3490 per
2378 3421 2721 3492 Hippolytum
2765 3425 3032 3496 allegant,
3076 3431 3431 3497 quemadmo-

1860 3507 1989 3563 dum
2016 3508 2254 3566 Joannes
2279 3510 2535 3568 Darensis
2555 3551 2570 3577 ,
2601 3514 2694 3583 qui
2722 3530 2820 3569 vm
2852 3525 2903 3570 et
2940 3532 2996 3571 ix
3031 3523 3231 3576 saeculo
3269 3522 3427 3590 vixit,

1860 3603 2100 3657 ostendit
2137 3603 2406 3658 neminem
2451 3620 2554 3661 suo
2590 3621 2705 3660 aevo
2735 3605 3034 3672 dubitasse,
3062 3610 3194 3681 quin
3224 3609 3429 3684 Hippo-

1860 3694 2004 3767 lytus
2031 3692 2193 3750 fuerit
2227 3695 2541 3752 eorumdem
2573 3712 2842 3752 canonum
2873 3698 3048 3755 editor

1861 4131 2013 4199 Quod
2041 4132 2247 4204 quidem
2285 4142 2335 4188 et
2373 4149 2596 4188 canones
2637 4137 3021 4203 apostolorum,
3051 4140 3141 4208 qui
3165 4155 3256 4208 per
3289 4140 3426 4212 Hip-

1856 4225 2114 4295 polytum,
2175 4224 2483 4293 prwcipiunt
2536 4224 2668 4295 (70).
2715 4225 2905 4282 Sermo
2959 4236 3076 4284 erat
3129 4230 3197 4285 de
3251 4233 3426 4301 primo

1858 4316 2229 4386 apostolorum
2275 4331 2486 4370 canone
2521 4335 2534 4370 :
2578 4315 2867 4387 Episcopus
2912 4337 2944 4373 a
2973 4319 3174 4376 duobus
3204 4335 3296 4377 aut
3330 4327 3426 4378 tri-

1860 4411 1954 4468 bus
2004 4413 2259 4484 episcopis
2319 4413 2610 4468 ordinetur.
2656 4412 2899 4484 Denique
2952 4416 3067 4486 ipse
3096 4416 3425 4491 Hippolytus

190 4523 321 4589 ξεις,
365 4520 806 4576 Constitutionem
842 4525 896 4573 et
927 4516 1336 4571 Constitutiones
1389 4513 1755 4584 apostolorum
1788 4520 1831 4575 Ι)
1859 4506 2000 4560 hanc
2031 4507 2352 4562 sententiam
2393 4507 2681 4561 conﬁrmat
2715 4508 2822 4562 alio
2864 4509 2917 4561 in
2956 4524 3119 4578 opere
3146 4512 3291 4580 quod
3328 4527 3427 4582 po-

189 4618 343 4682 dicit,
375 4624 660 4688 propterea
690 4614 834 4685 quod
857 4614 968 4683 jam
999 4613 1220 4683 proprio
1250 4613 1468 4665 nomine
1513 4609 1571 4664 in
1618 4609 1751 4680 ipsis

195 4711 399 4765 inducti
449 4716 607 4764 erant
653 4706 923 4776 apostoli,
999 4711 1258 4774 tanquam
1305 4701 1641 4772 legislatores
1689 4716 1753 4755 ac

197 4801 438 4873 magistri
477 4799 782 4856 doctrinam
819 4805 872 4852 et
899 4803 1166 4867 praecepta
1211 4792 1567 4865 proferentes.
1618 4790 1750 4861 Hip-

197 4894 408 4963 polytus
439 4900 620 4945 autem
654 4886 874 4943 nonnisi
915 4885 1209 4958 παράδοσιν
1230 4883 1607 4954 ἀποστολικήν,
1643 4890 1753 4934 tra-

195 4987 444 5039 ditionem
483 4981 1218 5053 apostolicam,exposuerat,
1264 4990 1386 5045 qua:
1420 4975 1510 5028 illa
1540 4974 1754 5028 ﬁctione

197 5075 530 5146 loquentium
560 5072 929 5144 apostolorum
948 5084 1056 5124 non
1079 5066 1371 5138 indigebat.
1398 5064 1533 5119 Hinc
1562 5079 1754 5133 suspe-

196 5177 296 5224 σιω
339 5169 577 5240 primum
626 5163 1080 5226 Constitutiones,
1138 5158 1334 5216 deinde
1397 5159 1559 5214 etiam
1615 5155 1755 5212 inter

199 5260 506 5334 apocrypha
536 5258 739 5318 relatio,
762 5253 931 5312 veluti
955 5253 1024 5309 ab
1047 5251 1304 5308 Ιιιενειίεἱδ
1334 5258 1612 5318 corruptae.

266 5353 354 5410 Vl.
397 5351 476 5408 De
513 5348 816 5406 Canonibus
856 5345 1180 5415 apostolicis.
1235 5343 1314 5398 An
1358 5340 1422 5396 ab
1470 5339 1753 5410 Hippolyto

265 5471 375 5540 (64)
416 5468 628 5532 Petav.,
674 5465 853 5521 Tlteol.
903 5463 1071 5534 Dogm
1101 5501 1116 5526 ,
1148 5457 1374 5526 111,10;
1403 5455 1631 5514 Constit.
1677 5471 1752 5518 vt,

502 5608 681 5686 Procl.
703 5605 856 5686 ,ﬁEp.‘
888 5604 951 5686 de
984 5603 1165 5686 laedit.
1189 5601 1292 5686 div.
1326 5600 1471 5674 miss.
1516 5668 1576 5686 Μ
1634 5678 1637 5686 ἱ

269 5611 353 5678 (65
417 5611 474 5664 S.
502 5611 681 5663 Procl.
703 5647 716 5670 ,
751 5611 848 5675 Ep.
888 5611 951 5659 de
984 5611 1165 5657 tradit.
1189 5611 1292 5655 div.
1326 5616 1471 5674 mtss.

269 5611 380 5750 (66;
421 5681 676 5741 Mairan.,
709 5676 872 5747 Prwf.
905 5677 960 5729 in
1002 5672 1304 5737 S.Justin.,
1335 5688 1384 5741 p.
1423 5686 1483 5732 ιι,
1513 5668 1598 5731 10,
1634 5668 1666 5719 "'2
1702 5673 1754 5722 et

209 5765 378 5881 “iis
418 5821 641 5877 Constit.
681 5836 740 5884 ιι,
773 5817 860 5884 es,
895 5825 1029 5882 etv,
1063 5816 1107 5869 7.

1855 4597 2182 4653 sterioribus
2248 4598 2407 4653 annis
2471 4599 2810 4653 elucubravit
2864 4615 2877 4649 ε
2933 4596 3092 4653 Οἶκον
3137 4602 3271 4655 Θεοῦ
3324 4605 3426 4677 τὴν

1865 4691 2206 4762 Ἐκκλησίαν,
2263 4691 2588 4744 ἐπιστέλλων
2621 4694 2650 4745 ό
2687 4690 2897 4756 Παῦλος
2942 4692 3189 4765 Τιμοθέῳ
3235 4694 3422 4749 καλεῖς

1852 4786 1993 4838 Ἐὰν
2027 4783 2094 4836 δὲ
2117 4784 2418 4852 βραδύνω,
2438 4785 2538 4838 ἵνα
2565 4783 2729 4853 εἰδῇς
2749 4784 2875 4852 πῶς
2901 4784 2995 4839 δεῖ
3015 4786 3083 4839 ἐν
3107 4787 3247 4850 οἴκῳ
3277 4789 3427 4843 Θεοῦ

1851 4877 2356 4945 ἀναστρέφεσθαι,
2388 4877 2521 4945 ἥτις
2563 4877 2735 4931 ἐστὶν
2777 4877 3103 4945 Ἐκκλησία
3139 4879 3246 4934 τοῦ
3277 4880 3426 4935 Θεοῦ

1852 4966 2084 5034 ζῶντος.
2115 4967 2318 5022 Τούτου
2361 4968 2453 5021 τοῦ
2495 4969 2644 5023 οῐκου
2683 4968 2865 5037 ἀγαθὰ
2891 4969 2961 5022 τὰ
2987 4970 3079 5023 τοῦ
3110 4971 3424 5041 Πνεύματος

1853 5061 2181 5132 χαρίσματα,
2209 5059 2279 5114 τά
2302 5077 2363 5113 τε
2390 5061 2519 5131 περὶ
2545 5060 2790 5132 Τριάδος,
2827 5061 2921 5114 καὶ
2945 5060 3014 5114 τὰ
3041 5061 3200 5115 λοιπὰ
3224 5062 3423 5133 δόγμα-

1852 5170 1949 5217 τα,
1979 5154 2089 5206 οἰτε
2135 5152 2521 5225 παραδοθέντες
2564 5152 2666 5206 ὑπὸ
2709 5152 2818 5206 τῶν
2880 5153 3189 5211 ἀποστόλων
3233 5153 3422 5225 Θεσμοὶ

1855 5248 1947 5300 καὶ
1973 5245 2209 5309 κανόνες.
2273 5246 2359 5299 Ἑν
2389 5243 2445 5298 δὲ
2471 5244 2652 5316 τούτῳ
2687 5244 3014 5315 Θαυμαστῶς
3041 5246 3076 5316 ἡ
3104 5246 3272 5318 ἀρετὴ
3302 5247 3422 5301 ὲπιο

1854 5339 2103 5404 τελεῖται,
2145 5337 2451 5411 καλουμένη
2491 5336 2821 5408 δικαιοσύνη.
2872 5336 3097 5392 Domum
3125 5338 3223 5393 Dei
3271 5352 3422 5394 vocat

1927 5452 2040 5524 (68)
2080 5450 2138 5524 ξ.
2164 5450 2456 5523 Epiphan.,
2493 5451 2624 5524 inger.
2653 5451 2980 5524 Lxx,_iO;et
3009 5452 3140 5508 hair.
3169 5466 3338 5521 Lxxx,
3364 5455 3416 5510 7.

1928 5518 2043 5593 (69)
2080 5518 2330 5577 Distinet.
2361 5537 2474 5585 xvr,
2507 5519 2562 5586 2,
2595 5521 2750 5593 Decr.
2769 5518 2933 5593 _Gra_t.

1927 5589 2040 5665 (70)
2082 5595 2155 5648 lo.
2206 5593 2409 5665 Da_r_en_s
2457 5606 2544 5662 ap.
2594 5590 2727 5665 4hr;
2769 5589 3007 5665 Ecchell.
3036 5592 3120 5665 De
3149 5592 3294 5665 Eccl.
3327 5595 3415 5650 Al.

1859 5659 2033 5735 0rig.,
2057 5682 2113 5735 p.
2133 5660 2340 5735 191V.
2361 5659 2569 5735 Assem.
2597 5661 2661 5716 Β.
2689 5659 2752 5717 0.
2785 5667 2824 5715 t.
2851 5659 2915 5724 ll,
2949 5664 3147 5732 ιι.118,
3177 5674 3228 5718 ct
3252 5663 3416 5732 Cave,

1861 5737 1928 5811 ιι.
1959 5733 2017 5790 L.
2060 5733 2095 5790 i.
2125 5733 2187 5797 ll,
2230 5734 2426 5804 p.151.
