3900 6334
452 328 561 392 555

1286 323 1345 382 S.
1375 320 1774 381 CLEMENTIS
1801 320 1827 373 l
1862 319 2028 376 ROM.
2066 318 2269 376 PONT.
2308 318 2537 375 OPEHA
2572 317 2798 377 DUBIA.

3595 314 3696 373 556

453 449 661 510 Paulus
687 444 1003 508 Ecclesium,
1034 440 1103 495 ad
1138 439 1470 495 Timotheum
1510 436 1784 493 scribens:
1814 433 1872 490 Si
1919 450 2018 489 au—
2047 488 2049 496 γ

2134 452 2263 490 ςτων
2312 434 2739 505 συγκατάθεσιν,
2796 435 2884 491 ῐνα
2934 434 3028 502 οὓς
3068 437 3168 495 οὐκ
3211 435 3433 490 ἔπεισεν
3472 435 3504 487 ὁ
3528 432 3706 499 λόγος,

451 552 562 600 tem
607 537 932 598 tardavero,
974 540 1034 589 ιιι
1072 532 1218 589 scias
1261 530 1538 602 quomodo
1580 534 1830 599 oporteat
1872 533 1925 583 te
1968 524 2026 580 in

2134 526 2347 593 τούτους
2376 529 2411 598 ἡ
2439 528 2545 582 τῶν
2577 528 2820 600 σημείων
2859 528 3156 603 δυσωπήσῃ
3200 528 3449 599 δύναμις.
3492 524 3579 579 Τὰ
3602 526 3707 597 γὰρ

451 634 614 687 domo
634 627 730 683 Dei
760 624 1098 689 conversari,
1124 638 1247 696 quae
1275 630 1361 679 est
1377 622 1624 677 Ecclesia
1640 619 1735 677 Dei
1763 618 1873 676 vivi
1889 616 2023 689 (7i).

458 722 633 792 Hujus
666 721 856 776 domus
894 716 1033 771 bona
1075 724 1199 771 sunt
1224 714 1461 786 Spiritus
1499 713 1846 776 charismata,
1888 721 1938 766 et
1963 708 2028 765 de

454 816 734 879 Trinitate,
767 821 1062 881 carteraque
1098 808 1381 880 dogmata,
1429 817 1481 863 et
1516 806 1852 870 traditiones,
1885 802 2028 861 Con-

450 909 871 979 stitutionesque,
902 918 952 959 et
973 904 1215 960 Canones
1245 902 1628 972 apostolorum.
1653 899 1721 955 In
1742 901 1821 954 his
1853 909 2029 955 autem

451 998 770 1061 mirabiliter
812 996 979 1051 uirtus
1025 994 1321 1064 perﬁcitur,
1364 1008 1482 1063 quae
1508 991 1729 1061 justitia
1767 1005 2031 1059 nuncupap

454 1101 540 1146 tur
587 1088 726 1159 (7‘2).
770 1087 1041 1143 Provocat
1085 1084 1495 1156 quodammodo
1538 1084 1608 1140 ad
1663 1083 1841 1154 ipsum
1891 1098 2029 1153 opus

450 1199 561 1253 quo
591 1182 659 1238 de
689 1181 923 1254 agimus,
952 1188 1007 1233 et
1036 1178 1356 1249 singulatim
1401 1182 1651 1241 recenset
1693 1190 1805 1230 non
1864 1173 2029 1235 modo

452 1276 797 1340 charismata,
827 1282 876 1329 et
903 1272 1265 1343 apostolorum
1296 1268 1628 1333 traditiones,
1654 1281 1842 1325 verum
1867 1265 2029 1320 etiam

454 1368 727 1432 Canones,
774 1364 1019 1435 adeoque
1048 1364 1151 1419 hos
1192 1362 1399 1433 pariter
1444 1362 1501 1416 in
1545 1359 1867 1421 collectione
1899 1357 2034 1428 Hip-

452 1458 622 1533 polyti
664 1456 835 1513 fuisse
872 1454 1220 1512 manifestius
1266 1462 1514 1524 apparet.
1549 1452 1625 1509 De
1654 1465 1886 1511 numero
1927 1449 2032 1505 ita-

451 1564 559 1621 que
602 1562 878 1612 canonum
934 1562 1075 1617 quos
1115 1543 1445 1616 Hippolytus
1499 1541 1779 1599 recensuit
1831 1537 2031 1596 incerti

450 1656 674 1707 sumus,
718 1639 786 1697 de
824 1639 1149 1695 collectione
1193 1653 1303 1697 non
1351 1637 1504 1695 item.
1561 1632 2031 1702 Quemadmodum

2128 622 2329 693 σημεῖα
2370 621 2433 675 οὐ
2472 624 2584 684 τοῖς
2634 623 2840 685 πιστοῖς
2895 622 3048 693 ἡμῖν,
3091 620 3228 679 ἀλλά
3266 622 3381 683 τοῖς
3433 618 3707 681 ἀπίστοις,

2140 712 2403 769 Ἰουδαίων
2429 732 2490 768 τε
2518 714 2613 769 καὶ
2667 714 2951 785 Ἑλλήνων.
3010 712 3148 773 Οὔτε
3194 712 3304 784 γὰρ
3349 710 3412 768 τὸ
3450 710 3711 782 δαίμονας

2127 807 2408 861 ἐκϐάλλειν
2448 808 2713 886 ἡμέτερον
2753 807 2978 880 κέρδος,
3020 806 3157 862 ἀλλά
3183 806 3290 861 τῶν
3317 806 3576 878 ἐνεργείᾳ
3602 806 3713 859 Κυ-

2130 900 2245 971 ρίου
2275 899 2701 972 καθαιρομένων.
2720 898 2843 955 Non
2864 900 2933 955 ad
2955 900 3237 955 utilitatem
3261 916 3323 953 ea
3349 899 3708 969 operantium,

2128 991 2218 1046 sed
2273 990 2343 1057 ad
2398 992 2693 1062 inﬁdelium
2746 994 3104 1048 assensionem
3153 992 3409 1055 concedi:
3436 1000 3495 1045 ut
3520 990 3711 1061 quibus

2129 1099 2234 1137 non
2271 1084 2535 1153 persuasit
2573 1100 2773 1147 sermo,
2812 1082 2906 1138 hos
2937 1084 3103 1139 virtus
3136 1084 3404 1154 signorum
3436 1082 3623 1150 ﬂectat
3650 1095 3714 1133 ac

2129 1174 2327 1246 pudore
2390 1175 2604 1245 a/ﬁciat.
2670 1174 2837 1245 Signa
2895 1176 3043 1231 enim
3092 1191 3200 1229 non
3258 1173 3405 1229 nobis
3456 1170 3715 1227 ﬁdelibus

2128 1268 2387 1336 eduntur,
2427 1267 2523 1322 sed
2568 1265 2895 1331 inﬁdelibus,
2920 1283 3039 1322 cum
3068 1264 3380 1321 Judworum
3423 1275 3538 1320 tum
3565 1262 3715 1320 Grin-

2131 1372 2332 1413 corum.
2366 1354 2548 1428 Neque
2574 1357 2712 1412 enim
2741 1356 3003 1411 daemones
3031 1357 3238 1424 ejicere,
3281 1364 3524 1410 nostrum
3566 1370 3711 1409 emo-

2133 1448 2419 1503 lumentum
2439 1458 2538 1513 est,
2571 1448 2661 1504 sed
2684 1465 2864 1522 eorum
2886 1445 2974 1519 qui
3001 1464 3091 1518 per
3114 1448 3326 1507 Domini
3351 1448 3705 1517 operationem

2129 1550 2442 1612 purgantur.
2476 1540 2552 1595 Ac
2581 1539 2953 1597 Tertullianus
2985 1541 3203 1611 quidem
3236 1540 3449 1598 somnia
3484 1539 3709 1594 mulier-

2131 1635 2380 1690 cularum
2402 1635 2697 1691 insolenter
2720 1635 2883 1690 nimis
2904 1634 3231 1689 charismata
3247 1632 3500 1696 vocabat,
3526 1645 3711 1702 quern-

450 1749 581 1790 vero
612 1730 865 1802 superius
903 1728 1277 1791 testimonium
1306 1726 1600 1798 Hippolyto
1627 1726 1903 1788 convenit,
1935 1724 2031 1795 qui
2064 1789 2102 1802 __
2133 1726 2427 1787 admodum
2463 1728 2520 1781 in
2558 1726 2771 1783 visione
2817 1726 2909 1780 illa
2944 1726 3013 1782 de
3056 1726 3237 1781 anima
3280 1724 3560 1795 corporali
3610 1722 3704 1777 sit:

450 1825 674 1890 titulum
717 1823 900 1892 ipsum
943 1819 1030 1883 sui
1074 1818 1259 1888 Operis
1302 1817 1361 1875 in
1403 1789 1578 1887 eoque
1635 1821 1895 1871 contenta
1945 1789 2035 1870 ἐκ·
2064 1789 2346 1875 BEtDeus
2388 1820 2532 1875 testis
2560 1828 2610 1874 et
2634 1818 2940 1888 Apostolus,
2973 1816 3361 1877 charismatum
3383 1789 3449 1869 in
3471 1812 3707 1869 Ecclesia

452 1915 675 1987 pressit,
722 1914 794 1968 ita
836 1926 999 1968 nemo
1041 1910 1400 1979 imposterum
1453 1907 1605 1978 loqui
1634 1922 1702 1964 eo
1730 1905 1895 1963 modo
1918 1905 2033 1976 lpo-

452 2010 670 2067 tuisset.
698 2005 832 2064 Nam
861 2005 1025 2077 paulo
1052 2010 1197 2075 post,
1227 2003 1416 2059 eodem
1446 2018 1506 2057 ιιι
1537 2001 1739 2058 saeculo
1764 2006 2029 2064 vertente,

453 2119 576 2163 cum
604 2099 881 2173 Hippolyti
903 2114 1041 2170 opus
1076 2104 1399 2167 corruptum
1437 2095 1935 2165 interpolatumque
1975 2094 2037 2148 in

453 2194 675 2261 Oriente
710 2192 895 2257 fuerit,
938 2198 1102 2261 atque
1134 2188 1293 2257 adeo,
1333 2189 1499 2244 sicuti
1528 2202 1677 2243 nunc
1705 2194 1907 2252 exstat,
1946 2186 2034 2241 inv

453 2295 538 2343 ter
566 2284 878 2356 apocrypha
924 2284 1155 2339 relatum
1178 2300 1195 2335 :
1220 2281 1483 2352 quisnam
1542 2280 1775 2336 subinde
1808 2280 1864 2333 in
1895 2293 2033 2350 pra:-

452 2381 616 2452 cipua
666 2377 926 2433 Ecclesiae
974 2374 1137 2430 laude
1178 2373 1477 2444 posuisset.
1527 2387 1650 2427 eam
1700 2372 2033 2443 apocryphis

454 2474 705 2539 dubiisve
747 2466 1251 2527 Constitutionibus
1309 2454 1727 2521 administrarit
1766 2461 2031 2534 Equidem

455 2568 522 2623 ad
550 2562 827 2636 Hippolyti
873 2560 1089 2617 laudem
1114 2559 1370 2629 pertinet,
1401 2555 1549 2628 quod
1597 2556 1717 2611 alim
1744 2552 2030 2609 collectio-

454 2676 554 2719 nes
601 2663 930 2730 pervetustm
976 2653 1045 2708 ab
1088 2650 1365 2707 haereticis
1408 2648 1494 2706 vel
1546 2647 1686 2702 ﬁctae
1733 2646 1820 2711 vel
1863 2646 2035 2701 inter-

454 2753 669 2826 polatm,
714 2764 780 2805 ac
816 2745 1030 2813 magnis
1084 2744 1312 2799 Patrum
1374 2739 1691 2796 nominibus
1735 2737 2029 2808 insignitae,

455 2861 582 2903 cum
613 2840 911 2913 repudiata:
944 2837 1183 2905 fuerint;
1214 2849 1323 2890 una
1349 2833 1523 2902 ipsius
1558 2830 1813 2886 collectio
1840 2843 2032 2899 ιιιιαιιιη

455 2937 541 2992 vis
588 2932 915 3002 interpolata
962 2930 1193 2986 multum
1244 2925 1367 2981 aliis
1412 2929 1632 2995 praestet
1700 2920 1836 2979 Nam
1889 2920 2033 2975 sicut

454 3023 769 3085 διδασκαλία
807 3021 901 3076 τοῦ
932 3019 1195 3091 Ποιμὲνος
1222 3017 1527 3087 improbata
1560 3013 1683 3075 fuit,
1715 3012 1794 3067 ita
1813 3026 2040 3083 quoque

2134 1912 2434 1980 futurorum
2480 1909 2695 1965 idoneus
2733 1925 2956 1980 sponsor
2999 1922 3018 1961 :
3066 1907 3266 1965 Tumec
3307 1907 3355 1962 si
3392 1923 3475 1960 res
3503 1906 3621 1975 ipsa
3645 1902 3709 1957 de

2132 2005 2353 2073 singulis
2369 2000 2889 2073 persuaserit.credas
2914 1999 3051 2071 (74).
3081 1999 3422 2059 Montanistae
3435 2014 3569 2053 vero
3597 1997 3709 2052 suis

2134 2095 2367 2152 fallaciis
2410 2097 2620 2153 lucrum
2664 2095 2905 2163 undique
2945 2093 3329 2150 corradebant.
3358 2090 3461 2147 etsi
3493 2097 3712 2160 propter

2130 2189 2378 2246 coelestia
2420 2190 2565 2245 dona
2596 2204 2656 2245 se
2683 2189 2751 2242 ab
2782 2187 3023 2242 Ecclesia
3069 2186 3370 2245 descivisse
3414 2199 3708 2240 causaren-

2131 2290 2244 2341 tur.
2284 2281 2427 2348 Quid
2474 2297 2607 2353 ergo
2636 2282 2710 2336 sit
2732 2280 3002 2337 charisma
3044 2294 3140 2335 eos
3167 2277 3327 2332 docet
3353 2275 3707 2347 Hippolytus:

2132 2375 2247 2435 Οὐκ
2272 2374 2417 2429 ἔστιν
2444 2372 2727 2445 ἄνθρωπος
2755 2371 3051 2435 πιστεύσας
3087 2368 3177 2427 διὰ
3216 2368 3453 2440 Χριστοῦ
3496 2370 3580 2432 είς
3621 2367 3712 2421 τὸν

2132 2466 2292 2531 Θεὸν,
2322 2466 2381 2529 ὃς
2407 2466 2506 2521 οὐκ
2538 2466 2730 2537 εἴληφε
2766 2464 3013 2537 χάρισμα
3052 2460 3438 2533 πνευματικόν.
3482 2461 3624 2514 Δύτό
3653 2476 3713 2513 τε

2130 2559 2241 2633 γὰρ
2266 2560 2328 2615 τὸ
2366 2559 2746 2630 ἀπαλλαγῆναι
2801 2557 3063 2612 πολυθέου
3090 2555 3342 2618 ἀσεϐείας
3367 2555 3461 2609 καὶ
3487 2553 3713 2608 πιστεῦ-

2133 2668 2223 2711 σαι
2250 2652 2371 2725 Θεῷ
2397 2654 2574 2725 Πατρὶ
2611 2651 2700 2706 διὰ
2726 2649 2986 2723 Χριστοῦ,
3028 2648 3274 2721 χάρισμά
3298 2647 3426 2725 ἐστι.
3453 2646 3621 2701 Θεοῦ’
3653 2646 3714 2699 τό

2129 2765 2189 2803 τε
2216 2717 2530 2819 ἀπορρίψω.-
2554 2744 2616 2799 τὸ
2657 2717 2947 2798 Ἰουδαϊκὸν
3257 2779 3273 2804 ,
3301 2717 3714 2795 nul-morsuum

2129 2841 2212 2897 ὅτι
2238 2839 2453 2911 εὐδοκία
2477 2838 2611 2893 Θεοῦ
2640 2840 2669 2894 ὁ
2699 2837 2805 2910 πρὸ
2832 2836 3044 2891 αἰώνων
3056 2834 3385 2904 Μονογενὴς,
3418 2834 3475 2886 ὲν
3502 2832 3715 2902 ὑστέρῳ

2130 2934 2308 3008 καιρῷ
2352 2936 2417 2991 ὲκ
2444 2933 2724 3005 Παρθένου
2764 2932 3054 3003 γεγένηται
3096 2929 3217 3001 δίχα
3251 2927 3466 2999 ὁμιλίας
3492 2926 3711 2998 ἀνδρός·

2134 3028 2231 3082 καὶ
2267 3029 2350 3081 ὃτι
2390 3025 2769 3079 ἐπολιτεύσατο
2807 3024 2884 3087 ὡς
2944 3022 3227 3095 ἄνθρωπος
3267 3021 3397 3075 ἄνευ
3445 3018 3715 3090 ἁμαρτίας

470 3114 732 3186 Ἰγνατίου
747 3111 1085 3175 διδασκαλία,
1104 3108 1462 3180 Πώυκάρπου
1475 3103 1795 3203 διδασκαλία
1806 3103 2032 3203 aliaque
2058 3145 2103 3203 Ο
2134 3118 2429 3191 πληρώσας
2464 3120 2643 3177 πᾶσαν
2670 3114 3013 3185 δικαιοσύνην
3040 3115 3141 3185 τὴν
3166 3111 3260 3166 τοῦ
3288 3112 3454 3183 νόμον
3471 3128 3484 3141 .
3514 3112 3611 3165 καὶ
3633 3112 3716 3164 ὅτι

456 3206 797 3282 lmjusmodi,
833 3205 902 3261 de
935 3204 1139 3276 quibus
1180 3208 1330 3259 recte
1358 3198 1734 3271 pronuntiavit
1776 3195 1847 3251 Μ.
1870 3196 2036 3250 Atha-

458 3302 651 3361 nsslus
690 3321 707 3356 :
750 3296 1049 3371 Αίρετικῶν
1087 3297 1235 3348 ἐστιν
1277 3293 1488 3346 ἐπίνοια
1507 3331 1522 3355 ,
1565 3288 1881 3362 γραφόντων
1938 3286 2035 3358 μὲν

457 3398 541 3452 δτι
568 3395 811 3452 θέλουσιν
839 3390 1000 3455 αὐτὰ,
1027 3384 1403 3460 χαριζομένων
1429 3383 1487 3436 δὲ
1513 3381 1608 3437 καὶ
1639 3377 2036 3452 προστιθέντων

459 3490 641 3552 αὐτοῖς
680 3485 926 3560 χρόνους,
969 3482 1057 3538 ἵνα
1094 3480 1171 3543 ὡς
1211 3476 1417 3539 παλαιὰ
1459 3473 1856 3547 προφέροντες,
1901 3468 2037 3543 πρό-

459 3598 621 3654 φασιν
673 3580 867 3651 ἔχωσιν
922 3576 1138 3646 ἀπατᾷν
1183 3573 1249 3627 ἐκ
1298 3569 1489 3625 τούτου
1544 3568 1671 3631 τοὺς
1723 3563 2032 3637 ἀκεραίους.

461 3673 849 3729 ereticorum
906 3676 1030 3723 sunt
1085 3672 1475 3726 commentum,
1530 3660 1620 3731 qui
1677 3675 1740 3713 ea
1798 3657 2036 3712 scribunt

458 3762 673 3836 quando
719 3762 935 3824 volunt;
974 3758 1084 3812 illis
1128 3765 1304 3810 autem
1347 3754 1666 3824 largiuntur,
1700 3758 1749 3805 et
1778 3749 2037 3820 adjiciunt

463 3868 717 3925 tempora,
761 3870 864 3924 quo
916 3861 1165 3920 tanquam
1220 3849 1439 3917 antiqua
1479 3844 1823 3915 proferentes,
1867 3858 1933 3897 es:
1973 3858 2036 3897 ea

461 3966 518 4005 re
563 3948 891 4004 occasionem
940 3940 1165 3997 habeant
1213 3936 1505 4008 decipiendi
1543 3935 1775 3991 homines
1829 3934 2036 4003 simpli-

460 4057 544 4096 ces
566 4037 701 4113 (τε).

1072 4141 1301 4209 CAPUT
1341 4140 1428 4197 Hl.

465 4266 723 4338 Quisnam
749 4277 912 4338 causa
936 4259 1277 4338 Hippolytum
1314 4256 1385 4313 ad
1402 4256 1522 4338 hoc
1550 4270 1679 4338 opus
1714 4254 2034 4338 incitaqe'rit.

535 4334 950 4393 Constitutiones
1008 4324 1347 4401 potissimum
1400 4324 1729 4381 Tertulliano
1776 4335 1827 4380 et
1888 4324 2039 4380 Mon-

538 4407 750 4463 tanistis
783 4403 1058 4474 oppositae.

534 4543 577 4600 ι.
617 4539 1010 4601 Tertullianus,
1046 4535 1499 4592 Montanistarum
1530 4531 1820 4606 praestigiis
1872 4528 2035 4584 fasci-

464 4641 650 4700 natus,
680 4633 943 4704 paulatim
980 4630 1036 4687 iu
1070 4643 1259 4685 eorum
1292 4634 1498 4683 sectam
1540 4625 1806 4680 inclinare
1845 4621 2034 4691 C(Bpil,

466 4744 497 4789 a
519 4742 628 4800 qua
658 4726 879 4783 demum
906 4724 1164 4793 abreptus
1194 4727 1298 4776 est.
1349 4719 1504 4787 Quod
1533 4719 1624 4773 ubi
1655 4714 2039 4771 animadvertit

465 4820 811 4893 Hippolytus,
846 4818 1006 4873 binos
1034 4814 1292 4885 opposuit
1332 4811 1510 4867 eidem
1542 4817 1703 4866 sectae
1743 4814 2034 4870 tractatus,

465 4926 700 4984 quorum
742 4910 974 4965 alterum
1004 4905 1082 4959 De
1114 4902 1522 4963 charismatibus
1566 4898 1869 4969 inscripsit,
1899 4893 2041 4965 Περὶ

464 4999 886 5075 χαρισμάτων;
938 4993 1095 5050 alteri
1147 4991 1366 5045 titulum
1418 4985 1722 5058 Apostolica
1784 4983 2036 5045 traditio,

478 5072 828 5160 Ἇποστολικὴ
856 5084 1148 5158 παράδοσις
1182 5081 1330 5137 fecit.
1386 5076 1746 5133 Montanistas
1776 5075 1922 5131 enim
1955 5072 2040 5126 in-

462 5185 705 5243 valuisse
747 5180 883 5235 falsa
926 5175 1190 5233 miracula
1247 5170 1511 5244 iactando
1549 5168 1889 5238 exploratum
1934 5172 2038 5231 est,

462 5290 639 5347 eaque
681 5272 907 5327 ﬁnxisse
949 5285 1060 5325 non
1103 5276 1165 5322 ut
1196 5250 1437 5337 paganos
1465 5260 1751 5316 Judmosve
1780 5259 1848 5315 ad
1878 5257 2041 5316 ﬁdem

464 5365 870 5440 pertraherent,
926 5359 1021 5418 sed
1053 5366 1111 5414 ut
1142 5359 1515 5429 perverterent
1560 5349 1919 5407 orthodoxos.
1950 5348 2043 5404 Ait

464 5465 648 5514 autem
695 5453 1022 5525 Hippolytus
1068 5448 1401 5506 charismata
1443 5444 1705 5499 divinitus
1752 5442 1907 5509 dari,
1944 5442 2044 5495 οὐκ

450 5552 545 5629 κείς
569 5549 669 5622 τὴν
695 5545 1059 5619 ἐνεργούντων
1086 5541 1375 5613 ὠφέλειαν,
1399 5536 1512 5593 ἀλλ’
1542 5537 1623 5601 είς
1650 5534 1749 5607 τὴν
1779 5534 1886 5589 τῶν
1914 5532 2043 5589 ἀπί-

567 5728 656 5791 Ἠ)
694 5724 886 5791 lTim.
922 5722 1119 5786 "1,15.
1505 5789 1529 5791 μ
1686 5784 1715 5791 Α
1824 5786 1853 5791 _
1920 5748 1921 5751 ‘

567 5730 624 5782 Ἠ
694 5728 886 5791 lTim.
922 5740 1004 5786 Ill,
1034 5728 1119 5777 15.
1920 5748 1921 5751 η

541 5728 657 5873 ἱἹΞξ
697 5796 755 5852 S.
783 5794 995 5867 Hippo].
1031 5795 1079 5845 in
1107 5791 1296 5859 psalm.
1329 5805 1475 5858 uw,
1503 5789 1556 5855 5,
1587 5802 1650 5843 ex
1677 5784 1792 5843 Cat.
1816 5784 2039 5842 Conler.

2136 3214 2481 3286 συγχωρήσει
2508 3211 2645 3266 Θεοῦ
2672 3208 2905 3281 σταυρὸν
2934 3208 3246 3279 ὑπέμεινεν,
3262 3204 3521 3276 αἰσχύνης
3546 3221 3715 3258 κατα-

2136 3308 2410 3380 φρονήσας
2435 3308 2464 3360 ὁ
2490 3304 2623 3368 Θεὸς
2650 3304 2853 3373 Λόγος·
2885 3302 2980 3355 καὶ
3011 3302 3094 3355 ὃτι
3125 3299 3393 3362 ἀπέθανε,
3421 3300 3514 3352 καὶ
3541 3298 3712 3369 ἐτάφη

2135 3401 2230 3455 καὶ
2257 3398 2457 3470 ἀνέστη
2483 3396 2571 3452 διὰ
2596 3396 2763 3468 τριῶν
2791 3394 3034 3467 ἡμερῶν,
3064 3393 3156 3447 καὶ
3188 3392 3327 3464 μετὰ
3352 3392 3452 3463 τὴν
3478 3390 3712 3444 ἀνάστα-

2137 3510 2223 3546 σιν
2246 3490 2653 3563 τεσσαράκοντα
2691 3489 2906 3561 ἡμέρας
2948 3486 3297 3559 παραμείνας
3340 3488 3453 3548 τοῖς
3487 3485 3715 3538 ἀποστό-

2133 3584 2276 3649 λοις,
2326 3585 2422 3639 καὶ
2466 3581 2762 3656 πληρώσας
2804 3582 2986 3634 πᾶσαν
3026 3577 3268 3642 διάταξιν
3308 3576 3584 3649 ἀνελήφθη
3630 3578 3712 3630 ἐπ’

2134 3680 2320 3751 ὄψεσιν
2346 3678 2525 3732 αὐτῶν
2552 3676 2695 3749 πρὸς
2721 3674 2814 3728 τὸν
2859 3672 3255 3727 ἀποστείλαντα
3283 3671 3444 3724 αὐτὸν
3473 3670 3607 3723 Θεὸν
3625 3672 3713 3724 καὶ

2136 3773 2373 3845 Πατέρα.
2404 3772 2461 3828 '0
2486 3770 2662 3825 ταῦτα
2686 3766 3002 3832 πιστεύσας,
3021 3768 3120 3838 οὐχ
3148 3765 3331 3829 ἁπλῶς
3350 3764 3469 3818 οὐδὲ
3489 3764 3711 3832 ἀλόγως,

2134 3867 2271 3921 ἀλλά
2321 3866 2501 3938 κρίσει
2554 3864 2647 3917 καὶ
2691 3861 3068 3934 πληροφορίᾳ,
3111 3860 3356 3932 χάρισμα
3393 3858 3616 3929 εἴληφεν
3652 3859 3712 3910 ἐκ

2136 3962 2290 4018 Θεοῦ.
2316 3959 2589 4021 Ὡσαύτως
2616 3957 2780 4011 δὲκαὶ
2806 3958 2834 4010 ὁ
2863 3956 3046 4026 πάσης
3073 3954 3338 4027 αἱρέσεως
3360 3953 3706 4021 ἀπαλλαγείς.

2141 4055 2310 4111 Nemo
2342 4069 2435 4124 per
2455 4052 2725 4108 Christum
2758 4051 2812 4103 in
2839 4049 3007 4104 Deum
3049 4048 3282 4111 credens,
3313 4048 3403 4118 qui
3434 4065 3539 4101 non
3575 4064 3709 4101 acce-

2136 4151 2267 4218 perit
2297 4147 2563 4201 charisma
2592 4142 2889 4213 spirituale.
2925 4139 3109 4211 Ipsum
3147 4141 3338 4194 etenim
3370 4140 3489 4202 hoc,
3525 4141 3709 4193 libera-

2140 4237 2249 4293 t'um
2269 4254 2382 4293 esse
2407 4236 2571 4307 impio
2598 4232 2885 4288 multorum
2928 4232 3143 4285 deorum
3171 4230 3335 4297 cultu,
3358 4241 3407 4284 et
3434 4229 3709 4283 credidisse

2139 4332 2250 4387 Deo
2281 4330 2435 4384 Patri
2483 4344 2575 4398 per
2610 4326 2915 4387 Christum,
2959 4323 3223 4377 charisma
3262 4321 3361 4377 Dei
3408 4331 3488 4376 est
3522 4339 3541 4376 :
3571 4329 3624 4373 ut
3660 4328 3705 4373 et

2142 4423 2393 4493 abjecisse
2415 4419 2701 4474 Iudaicum
2753 4418 3015 4479 velamen,
3050 4432 3111 4469 ac
3142 4412 3431 4468 credidisse
3459 4411 3597 4483 quod
3618 4409 3705 4463 Dei

2070 4505 2114 4559 Ι)
2144 4512 2468 4581 beneplacito
2494 4510 2798 4581 Unigenitus
2829 4508 2920 4578 qui
2957 4516 3078 4561 ante
3119 4506 3317 4560 siccata
3352 4504 3629 4566 existebat,
3654 4502 3704 4554 in

2137 4617 2371 4661 extremo
2418 4616 2645 4674 tempore
2670 4617 2734 4658 ea:
2764 4602 2975 4673 Virgine
3010 4608 3167 4654 natus
3194 4592 3285 4651 est
3314 4598 3430 4651 sine
3458 4596 3560 4651 viri
3588 4610 3705 4649 con-

2114 4700 2315 4769 ;cubitu
2345 4716 2361 4754 :
2390 4708 2439 4751 et
2467 4696 2604 4765 quod
2642 4697 2696 4750 in
2732 4697 2841 4748 vita
2878 4703 3126 4761 tanquam
3158 4690 3311 4744 homo
3361 4699 3598 4743 versatus
3631 4694 3701 4741 est

2140 4792 2331 4863 absque
2360 4797 2592 4861 peccato,
2627 4786 2839 4855 impleta
2879 4784 3020 4838 omni
3041 4782 3256 4853 justitia
3288 4782 3415 4850 legis
3440 4795 3459 4834 :
3486 4781 3702 4851 quodque

2137 4881 2479 4951 permissione
2520 4878 2619 4931 Dei
2662 4877 2801 4930 Deus
2850 4873 3074 4928 Verbum
3148 4872 3413 4927 sustinuit
3478 4884 3700 4927 crucem,

2140 4974 2465 5031 confusione
2512 4976 2824 5041 contempta
2865 4985 2879 5022 :
2918 4976 2969 5023 et
2991 4966 3127 5039 quod
3150 4976 3391 5021 mortuus
3417 4975 3516 5029 est,
3546 4981 3604 5019 ac
3635 4978 3701 5017 se-

2138 5067 2315 5139 pultus
2342 5075 2392 5120 et
2420 5063 2711 5119 resurrexit
2739 5062 2795 5115 in
2825 5059 3021 5125 triduo,
3050 5069 3204 5129 atque
3225 5068 3344 5129 post
3373 5057 3702 5113 resurrectio-

2148 5179 2265 5218 nem
2313 5176 2430 5213 cum
2479 5157 2734 5226 apostolis
2781 5153 2963 5209 diebus
3004 5152 3359 5221 quadraginta
3409 5147 3697 5220 permansit,

2141 5251 2495 5322 completoque
2538 5248 2681 5301 omni
2728 5245 3138 5308 constitutione,
3198 5251 3505 5310 assumptus
3547 5247 3619 5293 est
3650 5236 3699 5288 in

2141 5360 2322 5401 eorum
2377 5348 2656 5411 conspectu
2710 5336 2777 5392 ad
2816 5337 2985 5392 Deum
3014 5345 3063 5391 et
3102 5334 3322 5390 Patrem
3353 5334 3447 5404 qui
3469 5347 3582 5387 eum
3607 5327 3696 5380 mi-

2143 5446 2304 5494 serat.
2344 5435 2449 5503 Qui
2480 5434 2591 5488 hwc
2633 5430 2877 5496 credidit,
2911 5446 3015 5487 non
3055 5427 3244 5483 stolide
3285 5443 3351 5481 ac
3382 5428 3518 5480 citra
3552 5420 3697 5477 ratio-

2144 5546 2280 5595 nem,
2336 5526 2426 5584 sed
2479 5542 2598 5582 cum
2632 5523 2838 5597 judicio
2884 5538 2948 5581 ac
2988 5521 3321 5590 certitudine,
3369 5521 3417 5577 is
3457 5517 3697 5576 charisnu

2218 5710 2330 5782 (7'5)
2366 5708 2429 5782 ξ.
2456 5707 2696 5782 Atlian._,
2728 5720 2814 5775 ep.
2841 5700 3242 5782 Festal..‘t_.All,
3278 5703 3365 5759 59.

2218 5774 2329 5855 (74)
2357 5778 2621 5842 .Tertull.,
2651 5777 2719 5829 De
2754 5774 2839 5828 an.
2882 5790 2958 5832 ix.
2994 5791 3045 5832 n.
3075 5774 3182 5829 270
