3900 6334
165 355 267 415 $37

986 353 1578 417 CONSTITUTIONES
1605 351 2077 412 Aposroucsz.
2114 385 2185 400 -
2220 355 2574 429 eumn,

3290 358 3395 415 533

161 485 191 521 ο
220 466 327 520 θεέ»
363 475 669 522 consecutus
710 475 828 523 est:
867 466 1110 523 similiter
1145 476 1196 523 et
1222 468 1313 539 qui
1351 467 1416 521 ob
1448 466 1589 523 omni
1618 466 1717 522 Iw-
1755 468 1799 529 Δ
1831 466 2027 534 fabulis
2054 470 2110 523 in
2134 485 2365 525 errorem
2389 468 2578 524 abduci
2603 469 2841 540 patiatur
2870 467 3002 541 (77).
3034 468 3204 527 Lubet
3228 471 3391 525 etiam

160 559 261 613 resi
316 567 554 612 unctus
605 558 731 628 fuit.
784 556 937 612 Dona
992 573 1122 614 vero
1178 574 1302 628 qua:
1345 558 1507 628 vulgo
1558 557 1728 629 gratis

157 653 286 708 data
325 651 605 715 dicuntur,
641 650 697 706 in
727 649 970 706 Ecclesia
1015 650 1308 721 quaerenda
1347 665 1498 714 esse,
1529 665 1594 705 ac
1626 664 1729 706 suo

157 756 409 813 tempore
435 758 544 798 non
577 741 821 797 defuisse
848 749 1081 797 testatur
1126 740 1449 812 Hippolytus
1488 762 1502 798 :
1543 740 1729 796 Ταῦτα

156 834 209 889 δέ
237 850 424 905 φαμεν
445 873 460 897 ,
487 833 550 886 οὐ
578 832 678 897 τὰς
704 832 924 904 ἀληθεῖς
950 833 1282 904 προφητείας
1305 832 1725 897 ὲξουθενοῦντες.

159 928 351 993 Ἴσμεν
379 924 489 996 γὰρ
514 923 686 987 αὑτὰς
712 925 833 978 κατ’
852 925 1133 978 ἐπίπνοιαν
1161 923 1294 977 Θεοῦ
1322 924 1381 978 ὲν
1419 928 1531 989 τοῖς
1563 926 1728 988 ὁσίοις

154 1017 520 1089 ἐνεργεῖσθαι,
548 1016 686 1071 ἀλλὰ
709 1015 770 1071 τὸ
798 1015 994 1088 θράσος
1013 1015 1119 1070 τῶν
1147 1015 1611 1088 ἀλαζονευομένων
1631 1034 1730 1072 κα-

154 1110 559 1174 ταστέλλοντες.
595 1107 726 1164 Haec
747 1119 921 1164 autem
967 1108 1214 1171 dicimus,
1262 1125 1365 1163 non
1402 1108 1539 1179 quod
1578 1125 1727 1163 veras

152 1202 459 1272 prophetias
508 1208 923 1263 contemnamus,
962 1216 1095 1271 quas
1122 1200 1317 1254 scimus
1342 1199 1438 1255 Dei
1468 1201 1643 1270 aﬁlatu
1672 1201 1728 1255 in

154 1293 365 1348 sanctis
398 1292 536 1362 ﬁeri,
567 1291 659 1347 sed
702 1300 760 1346 ut
788 1291 1151 1361 arrogantium
1180 1291 1550 1361 conﬁdentiam
1583 1291 1728 1346 colli-

156 1384 403 1439 beamus.
449 1382 627 1452 Atque
653 1380 759 1438 hoc
786 1381 955 1437 veluti
981 1381 1308 1453 prommium
1356 1380 1459 1439 fuit
1503 1381 1727 1451 majoris

155 1476 389 1544 operis,
442 1473 587 1545 quod
638 1473 706 1529 ad
758 1480 962 1530 sartam
1033 1481 1339 1543 tectumque
1405 1473 1727 1529 servandam

158 1567 424 1623 Ecclesia:
467 1565 815 1636 disciplinam
868 1564 1190 1639 Hippolytus
1238 1565 1450 1637 primus
1507 1562 1729 1633 excogi-

158 1656 321 1711 lavit.

224 1747 299 1804 Il.
343 1748 703 1804 Tertullianus
736 1747 1081 1802 traditionum
1134 1747 1341 1813 vindex,
1382 1745 1521 1801 hisce
1560 1745 1723 1800 armis

1828 557 1992 615 unius
2021 573 2084 614 ex
2116 559 2515 615 recentioribus
2536 558 2808 628 judicium
2835 559 2903 616 de
2927 560 3031 616 hoc
3067 575 3231 631 opere
3258 575 3392 628 pru-

1828 646 1989 703 ferre.
2019 646 2156 703 Sunt
2187 648 2269 702 illi
2298 663 2546 712 canones,
2593 647 3106 719 Constitutionqu
3134 651 3395 720 antiquis-

1827 738 1995 801 simae,
2028 739 2196 793 multa
2240 740 2297 792 in
2328 740 2437 794 illis
2473 739 2910 795 excellentissima
2950 751 3000 795 et
3040 743 3218 812 magni
3260 758 3394 811 pon-

1825 829 1964 885 deris
1988 832 2314 887 continentur
2346 831 2480 903 (78).

1896 922 1986 980 Ill.
2045 922 2156 979 Cur
2193 924 2258 979 ab
2304 926 2530 979 avaritia
2577 924 2884 1003 damnanda
2928 926 3141 980 initium
3190 928 3392 995 faciant

1828 1011 2233 1073 Constitutiones
2249 1017 2626 1083 apostolorum.
2643 1045 2708 1058 -—
2724 1016 3083 1083 Quamobrem
3099 1034 3258 1072 nemo
3270 1035 3391 1073 am—

1828 1107 1972 1177 plius
2006 1106 2293 1161 mirabitur
2316 1108 2363 1163 si
2409 1108 2476 1161 ab
2506 1109 2732 1162 avaritia
2774 1108 3082 1162 damnanda
3128 1110 3401 1180 incipiunt.

1826 1197 2237 1253 Canstitutiones
2296 1200 2599 1267 apostolica:
2646 1217 2666 1257 :
2726 1200 3014 1271 ’Δπέχεσθε
3063 1197 3156 1254 οὖν
3212 1202 3394 1272 πάσης

1826 1287 2154 1354 πλεονεξίας,
2194 1289 2463 1344 Abstinete
2499 1291 2661 1361 igitur
2706 1291 2771 1345 ab
2813 1292 2956 1346 omni
3002 1293 3227 1347 avaritia
3254 1293 3391 1363 (79).

1824 1379 2066 1451 Namque
2093 1381 2195 1437 hoc
2223 1383 2413 1438 vitium
2438 1384 3105 1454 vehementerexprobrat
3139 1384 3395 1441 Montano

1826 1472 2051 1542 suisque
2078 1474 2414 1531 mulierculis
2455 1489 2669 1531 coaevus
2693 1474 2983 1547 Hippolyto
3030 1485 3221 1531 auctor
3264 1495 3277 1530 :
3339 1479 3396 1531 ’θ

1825 1565 2148 1636 πμκτῆρας
2191 1566 2489 1637 χρημάτων
2532 1570 2915 1640 καταστήσας,
2962 1571 2990 1622 ὁ
3036 1570 3123 1622 ἐπ’
3171 1568 3396 1639 ὀνόματι

1826 1658 2147 1729 προσφορῶν
2168 1659 2266 1730 τὴν
2293 1658 2627 1731 δωροληψίαν
2656 1660 3103 1731 ἐπιτεχνώμενος.
3150 1661 3225 1714 Οὐ
3250 1660 3395 1714 δοκεί

1827 1768 1907 1805 σοι
1936 1752 2084 1805 πᾶσα
2113 1750 2299 1822 Γραφὴ
2329 1750 2557 1806 κωλύειν
2585 1754 2867 1824 προφήτην
2904 1751 3199 1823 λαμϐάνειν
3225 1751 3392 1823 δῶρα,

158 1843 221 1899 ab
252 1842 540 1913 Hippolyto
560 1850 915 1913 expugnatur.
934 1872 1003 1882 -
1035 1841 1169 1897 Nam
1194 1842 1240 1897 si
1270 1857 1390 1911 quae
1411 1840 1719 1910 reSpnblica

1834 1844 1925 1897 ml
1949 1819 2203 1915 χρήματα
2226 1819 2246 1908 ς(
2271 1819 2397 1897 ὅταν
2423 1840 2518 1898 οὖν
2677 1819 2776 1916 τὴν
2806 1819 3073 1915 προφῆτιν
3119 1819 3397 1914 εἰληφυίαν

160 1950 295 1989 suas
324 1933 519 1988 habuit
565 1933 711 2003 leges
741 1934 942 2004 quibus
988 1940 1234 1990 uteretur
1265 1942 1428 2003 atque
1457 1932 1717 1989 consiste-

161 2034 267 2090 ret.
310 2041 373 2081 ea
422 2024 667 2096 profecto
714 2023 817 2079 fuit
845 2024 1177 2089 Christiana,
1207 2040 1327 2096 quae
1363 2024 1726 2082 sanctissimis

162 2118 376 2189 legibus
405 2128 567 2186 atque
596 2116 861 2173 institutis
903 2132 1002 2172 usa
1045 2116 1114 2172 ab
1157 2117 1335 2181 initio,
1366 2116 1567 2187 ubique
1615 2124 1723 2171 ter-

162 2225 350 2263 rarum
412 2216 709 2279 prepagata
759 2215 863 2265 est.
913 2206 1022 2263 llas
1065 2208 1212 2278 leges
1268 2214 1432 2277 atque
1479 2207 1727 2264 instituta

164 2316 288 2371 qua:
327 2300 577 2356 Clemens
627 2299 941 2368 collegerat,
993 2296 1315 2369 Hippolytus
1359 2297 1547 2361 edidit,
1600 2312 1726 2353 cum

164 2394 348 2447 adhuc
375 2392 627 2462 religiose
678 2390 733 2446 in
765 2389 1007 2446 Ecclesia
1032 2397 1423 2446 servarentur:
1459 2404 1728 2459 nemoque

165 2501 231 2541 ex
275 2484 542 2540 haereticis
591 2491 700 2538 tam
748 2491 895 2539 esset
944 2482 1260 2553 impudens,
1314 2482 1408 2552 qui
1439 2496 1623 2537 mores
1671 2482 1728 2538 in

165 2576 414 2632 Ecclesia
454 2584 704 2647 receptos
752 2590 952 2647 negare
998 2582 1203 2645 posset.
1248 2573 1327 2628 Ac
1358 2573 1730 2631 Tertullianus

166 2668 413 2740 profecto
457 2683 569 2739 quo
600 2667 816 2724 doctior
856 2682 923 2724 eo
953 2666 1309 2737 pervicacior,
1336 2664 1493 2720 facile
1511 2679 1729 2719 omnem

166 2762 598 2818 cobortationem
629 2775 736 2831 qua
766 2760 835 2816 ad
864 2760 1154 2815 sanitatem
1198 2765 1569 2822 revocaretur,
1609 2770 1729 2812 om-

167 2870 400 2926 nemque
427 2854 856 2910 confutationem
878 2853 1087 2908 insanae
1107 2852 1379 2908 haereseos
1405 2865 1593 2921 quam,
1635 2863 1729 2904 ve-

167 2950 327 3005 ritate
387 2948 675 3019 abnegata,
730 2946 1201 3018 amplectebatur,
1287 2941 1727 3013 contempsisset.

172 3041 343 3097 Unum
367 3048 650 3111 supererat
672 3046 1051 3110 argumentum
1077 3053 1144 3092 ex
1173 3036 1465 3091 traditione
1479 3036 1728 3104 petitum;

1827 1938 1921 1993 καὶ
1968 1937 2167 2009 χρυσὸν
2214 1937 2307 1990 καὶ
2353 1938 2595 2009 ἄργυρον
2638 1937 2731 1990 καὶ
2775 1936 3083 1999 πολυτελεῖς
3130 1935 3394 2005 ἐσθῆτας,

1826 2029 1942 2093 πῶς
1969 2029 2139 2101 αὐτὴν
2169 2028 2243 2101 μή
2272 2030 2679 2101 παραιτήσομαι
2705 2046 2719 2094 ;
2766 2030 2871 2094 Qui
2903 2030 3242 2098 pecuniarum
3268 2044 3398 2082 exa-

1825 2131 1991 2177 ctores
2020 2122 2422 2191 constituit:qui
2436 2121 2707 2176 sordidam
2725 2138 2994 2175 munerum
3025 2123 3395 2190 captationem,

1828 2212 2153 2267 oblationum
2177 2214 2384 2267 nomine
2412 2212 2605 2267 callide
2624 2212 2897 2268 obvelauit.
2916 2210 3041 2265 Non
3071 2210 3166 2264 tibi
3197 2211 3399 2265 videtur

1828 2300 2108 2372 Scriptura
2153 2304 2397 2357 universa
2453 2303 2759 2370 prohibere,
2809 2318 2870 2355 ne
2896 2300 3148 2371 propheta
3178 2317 3400 2372 munera

1826 2404 1876 2449 et
1891 2397 2138 2464 pecunias
2168 2369 2573 2462 accipiat?Cum
2603 2394 2764 2464 igitur
2789 2369 2989 2446 videam
3018 2369 3400 2461 prophetissam

1829 2506 2022 2543 aurum
2068 2499 2118 2544 et
2157 2500 2459 2560 argentum,
2508 2499 2769 2557 vestesque
2816 2487 3074 2555 pretiosas
3120 2486 3397 2555 accepisse,

1826 2580 2084 2652 quomodo
2132 2597 2248 2635 eam
2297 2596 2399 2634 non
2454 2577 2782 2646 repudiabo?
2830 2576 2943 2648 (80)
3004 2575 3201 2630 Vetant
3250 2577 3401 2630 inse—

1831 2671 2022 2741 quenti
2065 2672 2242 2741 capite
2265 2669 2701 2733 Constitutiones,
2748 2668 3055 2724 maledictis
3083 2669 3396 2739 quempiam

1828 2762 2139 2819 incessere:
2190 2762 2349 2818 Ἀλλὰ
2393 2760 2697 2835 καταρᾶται
2742 2761 2804 2814 σέ
2840 2778 2960 2827 τις;
2994 2762 3058 2815 σὺ
3109 2761 3403 2833 εὐλόγησον

1828 2858 1993 2911 αὐτόν
2018 2876 2031 2912 :
2065 2856 2170 2912 Sed
2211 2857 2402 2926 aliquis
2431 2855 2524 2908 tibi
2552 2853 2867 2910 maledicit?
2891 2863 2949 2907 tu
2972 2853 3180 2908 benedic
3217 2854 3264 2908 ei
3287 2854 3401 2925 (81)

1829 2956 2114 3018 propterea
2151 2947 2301 3017 quod
2353 2946 2687 3001 bacchantes
2750 2944 3133 3009 Montanistae,
3192 2946 3403 2999 nullum

1831 3040 1989 3094 linem
2039 3038 2393 3095 maledicendi
2447 3038 2730 3093 facerent:
2760 3038 2871 3108 Τὴν
2928 3036 2982 3091 δὲ
3032 3036 3256 3091 καθόλου
3309 3036 3406 3090 καὶ

171 3133 297 3187 illud
335 3133 521 3203 ipsum
544 3131 781 3194 scilicet,
808 3144 919 3201 quo
948 3128 994 3183 is
1018 3143 1118 3198 pro
1145 3126 1388 3184 Ecclesia
1435 3124 1731 3181 fortissime

1834 3134 2011 3186 πᾶσαν
2051 3131 2151 3203 τὴν
2189 3131 2295 3185 ὑπὸ
2323 3131 2414 3184 τὸν
2453 3129 2678 3201 οὐρανὸν
2718 3128 3039 3200 Ἐκκλησίαν
3070 3128 3405 3199 βλασφημεῖν

172 3246 543 3301 dimicaverat.
593 3242 729 3297 Nam
777 3258 904 3298 vere
952 3256 1065 3313 prae
1101 3240 1315 3296 exteris
1347 3237 1735 3293 animadvertit

172 3337 231 3393 E.
256 3337 510 3392 Sorisius
538 3356 553 3391 :
592 3335 785 3390 Nullus
808 3343 1035 3389 veterum
1064 3342 1158 3387 aut
1187 3340 1295 3385 tam
1324 3347 1481 3401 stupe,
1512 3340 1605 3384 aut
1626 3338 1735 3383 tam

173 3429 345 3484 valide
386 3429 720 3483 traditionem
751 3428 1053 3492 inculcavit,
1099 3436 1178 3480 uti
1214 3424 1575 3480 Tertullianus
1598 3422 1731 3495 (75).

173 3518 283 3576 Hoc
312 3520 501 3591 itaque
551 3520 658 3575 telo
700 3520 867 3575 veluti
904 3519 971 3574 de
1016 3518 1191 3588 ipsius
1227 3517 1483 3573 manibus
1525 3525 1732 3586 erepto,

174 3609 497 3682 Hippolytus
546 3610 796 3666 furentes
840 3609 1083 3664 Montani
1117 3607 1357 3663 asseclas
1401 3604 1738 3676 compescuit

176 3718 238 3757 ac
262 3718 431 3774 prope
456 3703 674 3759 delevit.
713 3700 821 3759 Sed
865 3702 960 3773 qui
983 3700 1239 3756 Ecclesiae
1281 3698 1495 3770 legibus
1523 3698 1592 3752 ab
1621 3696 1736 3752 ori-

176 3796 298 3866 gine
333 3797 581 3866 repetitis
628 3810 792 3851 unam
838 3807 1040 3851 sectam
1092 3808 1388 3865 aggressus
1413 3801 1520 3857 est,
1552 3792 1737 3861 plures

176 3890 309 3944 alias
337 3890 693 3958 imposterum
732 3894 1026 3944 exorturas
1051 3886 1240 3942 eodem
1264 3886 1451 3941 labore
1477 3883 1733 3940 confecit.

178 3979 447 4051 Hippolyti
479 3987 630 4036 certe
650 3993 920 4035 canonum
962 3978 1215 4034 collectio
1243 3977 1379 4032 adeo
1402 3976 1628 4047 probata
1654 3983 1740 4031 est

178 4074 279 4126 sub
317 4070 507 4127 eodem
556 4070 734 4137 titulo,
792 4084 905 4140 quo
944 4069 999 4124 in
1030 4070 1205 4139 ipsius
1252 4081 1557 4121 marmorea
1608 4066 1738 4122 sede

181 4161 281 4217 fuit
327 4162 590 4233 inscripta
643 4160 944 4233 Παρόδοσις
995 4158 1345 4230 amisisti,
1396 4165 1456 4213 ut
1491 4157 1736 4214 eamdem

182 4256 573 4309 Constantinus
615 4251 686 4307 11.
709 4252 851 4307 haud
885 4252 1054 4307 semel
1082 4251 1358 4322 episcopis
1397 4247 1742 4305 commenda.

180 4347 316 4401 verit
361 4345 496 4415 (76)
546 4354 709 4415 atque
767 4358 797 4397 a
837 4341 941 4398 PP.
992 4343 1133 4397 inter
1170 4343 1441 4411 praecipua
1486 4340 1739 4396 Ecclesiae

181 4437 580 4509 propugnacula
628 4435 890 4490 adversus
922 4435 1205 4489 haereticos
1238 4434 1399 4487 fuerit
1430 4432 1736 4497 recensita;

182 4532 271 4584 καὶ
328 4532 439 4601 ὅροι
488 4528 599 4601 γὰρ
641 4527 903 4599 ἐτέθησαν
959 4527 1122 4597 ἡμῖν,
1170 4525 1263 4578 καὶ
1319 4523 1590 4594 θεμέλιοι,
1647 4522 1743 4575 καὶ

182 4625 424 4696 οἰκοδομὴ
466 4623 567 4693 τῆς
603 4622 856 4685 πίστεως,
893 4621 986 4673 καὶ
1026 4618 1355 4672 Ἀποστὸλων
1384 4615 1708 4687 παραδόσεις
1728 4653 1746 4678 ,

183 4717 273 4770 καὶ
297 4717 503 4788 γραφαὶ
537 4715 709 4783 ἅγιαι,
740 4714 835 4767 καὶ
874 4712 1116 4783 διαδοχαὶ
1153 4706 1517 4771 διδασκαλίας,
1562 4706 1657 4759 καὶ
1683 4707 1750 4759 ὲκ

187 4807 509 4879 πανταχόθεν
557 4807 592 4877 ή
641 4804 864 4876 ἀλήθεια
911 4803 1006 4857 τοῦ
1055 4802 1188 4856 Θεοῦ
1236 4800 1596 4872 ὴσφὰλισται,
1652 4798 1748 4853 καὶ

190 4899 365 4971 μηδεὶς
401 4898 703 4953 ἀπατάσθω
742 4900 855 4961 τοῖς
895 4897 1099 4959 καινοῖς
1142 4894 1350 4964 μύθοις.
1384 4891 1530 4946 Nam
1567 4902 1620 4946 et
1649 4900 1750 4946 ter-

188 4994 311 5047 mini
352 4992 647 5064 praescripti
694 4989 842 5045 nobis
886 4999 1028 5053 sunt,
1082 4998 1131 5041 et
1176 4986 1518 5057 fundamenta
1571 4985 1747 5055 posita

186 5095 237 5141 et
285 5086 404 5156 ﬁdei
461 5095 732 5140 structura
756 5124 772 5149 ,
831 5091 887 5139 et
949 5083 1319 5152 apostolorum
1384 5082 1742 5145 traditiones,

188 5188 236 5232 et
262 5196 422 5234 sacra:
444 5180 653 5243 littera,
682 5186 733 5232 et
755 5176 976 5232 calcatis
1006 5177 1269 5231 doctrinae
1298 5182 1592 5246 propagata
1619 5189 1747 5231 suc—

189 5272 377 5336 cessio,
405 5288 470 5325 ac
500 5270 719 5341 denique
744 5269 921 5323 divina
958 5269 1150 5323 veritas
1181 5283 1246 5322 ea:
1274 5268 1415 5322 omni
1446 5277 1593 5336 parte
1624 5281 1743 5319 mu-

191 5362 296 5415 nita
332 5371 431 5418 est.
483 5370 534 5416 et
576 5362 880 5416 constituta.
936 5357 1167 5413 Proinde
1213 5373 1360 5413 nemo
1406 5374 1459 5413 se
1499 5354 1744 5412 inanibus

282 5540 365 5607 75)
400 5539 564 5595 Noris
594 5538 770 5610 Op.7t.
800 5537 890 5610 Ill,
920 5538 1029 5610 col.
1064 5537 1217 5593 1016.

282 5611 364 5680 76)
401 5610 502 5680 Ap.
536 5608 667 5665 Eus'.
692 5609 769 5664 De
806 5609 911 5663 Vit.
948 5608 1131 5665 Const.
1158 5624 1241 5673 Ill,
1265 5608 1352 5663 67.

283 5680 365 5751 Tt)
406 5681 465 5735 S.
497 5680 687 5751 Epipb.
714 5681 845 5751 ἡαπ.
878 5695 965 5744 Lv,
992 5680 1046 5735 3.

284 5749 364 5820 78)
402 5749 681 5820 Albaspin.
712 5749 937 5806 Observ.
975 5752 1117 5814 1,15.

266 5817 369 5891 (79)
410 5817 639 5876 Constit.
675 5837 758 5892 ap.
793 5825 901 5886 1,1.

1833 3223 2169 3287 διδάσκοντος
2194 3224 2289 3277 τοῦ
2314 3221 2786 3294 ἀπηυθαδισμένου
2828 3222 3154 3292 πνεύματος.
3189 3220 3407 3275 Univer-

1833 3335 1949 3372 sam
1980 3334 2118 3380 vero,
2146 3333 2262 3387 qua
2282 3332 2372 3384 per
2400 3315 2574 3368 orbem
2598 3324 2858 3368 terrarum
2888 3330 3075 3382 sparsa
3102 3323 3202 3377 est,
3229 3312 3407 3367 Eccle-

1835 3412 1996 3475 siam,
2028 3409 2165 3464 idem
2207 3409 2297 3463 ille
2344 3408 2811 3477 arrogantissimus
2852 3408 3069 3475 spiritus
3109 3407 3405 3460 maledictis

1836 3513 2075 3574 appetere
2102 3519 2189 3557 eos
2212 3500 2429 3556 docebat
2454 3501 2586 3573 (82).
2620 3499 2754 3553 lllud
2804 3500 2976 3568 magis
3006 3499 3225 3561 mirum,
3259 3497 3404 3566 quod

1836 3596 2283 3652 Coustitutionum
2317 3593 2641 3663 compilator
2674 3590 2777 3646 sub
2814 3589 3027 3643 initium
3057 3595 3166 3641 tam
3199 3588 3408 3641 multus

1836 3691 1910 3745 sit
1940 3690 1995 3743 in
2024 3689 2267 3742 virorum
2317 3692 2570 3741 ornatum
2612 3700 2626 3736 :
2676 3682 2835 3753 quasi
2878 3696 3009 3735 vero
3032 3681 3403 3749 apostolorum

1834 3797 1950 3838 :evo
1997 3780 2051 3836 id
2097 3779 2356 3850 probrum
2401 3777 2716 3832 inolevisset
2747 3790 2761 3827 :
2798 3774 2889 3845 Μή
2941 3771 3410 3841 καλλωπιζόμενος

1836 3878 1916 3939 είς
1942 3874 2003 3929 τὸ
2029 3871 2363 3946 ὰγρευθῆναί
2388 3886 2577 3924 τινα...
2600 3867 2785 3938 Πιστῷ
2812 3866 2923 3937 γάρ
2952 3882 3035 3917 σοι
3061 3865 3176 3917 δντι
3204 3864 3298 3917 καὶ
3315 3863 3412 3916 ἀν-

1837 3968 2041 4042 θρώπῳ
2064 3964 2158 4022 τοῦ
2180 3965 2337 4028 Θεοῦ,
2366 3964 2466 4017 οὐκ
2507 3961 2683 4027 ἔξεστι
2710 3961 2929 4033 τρέφειν
2955 3958 3054 4021 τὰς
3092 3957 3285 4028 τρίχας
3311 3956 3411 4027 τῆς

1836 4062 2110 4133 κεφαλῆς,
2151 4060 2246 4115 κα).
2291 4059 2463 4111 ποιεῖν
2517 4057 2597 4118 είς
2645 4054 2726 4116 ἓν,
2778 4053 2806 4106 δ
2852 4053 2968 4105 ἐστι
3016 4049 3329 4103 σπατάλιον·
3374 4047 3411 4119 ἢ

1835 4154 2117 4226 ἀπόχυμα,
2158 4152 2191 4224 ἢ
2238 4148 2646 4224 μεμερισμένην
2684 4148 2891 4217 τηρείνο
2935 4143 3054 4197 οὐδὲ
3106 4143 3201 4214 μὶν
3252 4142 3412 4209 ὀγκο-

1837 4249 2031 4310 ποιεῐν,
2059 4244 2093 4317 ἢ
2122 4242 2462 4309 διαξαίνοντά
2484 4258 2544 4294 τε
2575 4239 2669 4295 κα).
2698 4238 3001 4291 πλάσσοντα
3042 4234 3204 4306 οὔλην
3242 4233 3413 4287 διατι·-

1838 4340 1981 4403 θετν,
2011 4338 2045 4409 ἢ
2077 4337 2409 4403 ξανθοποιεῖν
2437 4334 2624 4404 αὑτήν.
2668 4330 2749 4385 Ne
2782 4346 2932 4384 ornes
2965 4337 3032 4396 te,
3063 4336 3121 4380 ut
3148 4326 3410 4397 quwpiam

1842 4427 2279 4499 capiatur...Tibi
2307 4428 2444 4482 enim
2474 4426 2563 4497 qui
2589 4423 2762 4494 ﬁdelis
2799 4431 2847 4476 et
2877 4420 3032 4474 homo
3062 4418 3159 4473 Dei
3198 4435 3274 4479 es,
3307 4433 3411 4471 non

1850 4525 1967 4581 licet
1996 4521 2195 4575 nutrire
2221 4534 2447 4582 comam,
2480 4526 2531 4571 et
2562 4518 2615 4569 in
2644 4530 2804 4568 unum
2832 4510 3094 4581 colligere,
3128 4507 3265 4579 quod
3295 4524 3416 4577 spa-

1850 4618 2038 4672 talium
2063 4624 2141 4670 est
2166 4632 2185 4670 :
2208 4613 2285 4667 vel
2315 4610 2599 4681 effundere,
2617 4619 2707 4662 aut
2729 4605 3147 4660 discriminatam
3169 4617 3376 4655 servare
3392 4618 3409 4653 :

1847 4724 2010 4780 neque
2037 4707 2195 4762 etiam
2224 4702 2556 4773 tumefacere,
2581 4714 2740 4769 neque
2768 4694 3025 4765 carpendo
3050 4708 3113 4745 ac
3134 4689 3415 4761 formando

1848 4802 2077 4868 crispum
2124 4795 2360 4858 reddere,
2418 4808 2580 4863 neque
2627 4806 2744 4845 eam
2800 4788 2994 4856 ﬂavam
3050 4784 3223 4853 facere
3271 4780 3409 4853 (8'5).

1846 4891 2025 4960 Atque
2065 4889 2114 4944 is
2141 4888 2359 4958 quidem
2404 4885 2585 4940 cultus
2642 4879 2800 4936 facile
2842 4879 2897 4932 in
2923 4875 3297 4946 Cataphrygas
3326 4872 3411 4928 vel

1847 4981 2208 5035 Montanistas
2235 4977 2476 5034 Asiatico
2506 4976 2635 5029 luxu
2661 4973 2968 5029 difﬂuentes
2996 4968 3197 5024 invasit
3229 4983 3243 5019 :
3269 4963 3415 5036 quod

1845 5080 1901 5129 et
1930 5072 2250 5143 Apollonius
2290 5070 2425 5140 ipsis
2472 5067 2699 5137 objicit:
2746 5062 3076 5136 Προφήτης,
3125 5057 3248 5113 εἰπέ
3298 5075 3412 5128 μοι,

1846 5165 2148 5236 βάπτεταις
2193 5162 2476 5235 προφήτης
2524 5156 2856 5221 nimietas;
2887 5154 3173 5226 προφήτης
3199 5150 3416 5219 φιλοκο-

1846 5260 2010 5330 σμεῑ;
2059 5256 2155 5311 Dic
2194 5255 2323 5309 mihi
2338 5293 2353 5317 ,
2402 5254 2621 5324 tingitne
2668 5248 2889 5319 capillos
2937 5245 3234 5316 propheta?
3286 5258 3413 5295 num

1842 5347 2093 5418 propheta
2130 5345 2289 5403 stibio
2320 5343 2497 5399 oculos
2531 5342 2695 5398 linit?
2738 5358 2808 5395 an
2847 5337 3023 5394 studet
3066 5336 3247 5392 ornari
3289 5349 3407 5404 pro-

1917 5531 2029 5604 (80)
2066 5530 2316 5604 Apollon.
2350 5542 2438 5597 ap.
2465 5525 2665 5604 E‘useb.
2702 5522 2771 5578 Η.
2803 5522 2867 5579 Ε.
2893 5537 2945 5584 ν,
2970 5520 3057 5578 18.

1914 5598 2028 5672 (81)
2067 5598 2294 5672 Cbns_tit.
2321 5612 2406 5672 ap.
2435 5614 2473 5662 1,
2492 5598 2551 5672 2.

1912 5666 2027 5741 (82)
2065 5673 2166 5741 Ap.
2193 5669 2417 5731 Euseb,
2445 5686 2500 5733 v,
2522 5666 2608 5741 16.

1912 5738 2027 5817 (85)
2065 5738 2289 5811 Gottstit.
2331 5756 2416 5813 ap.
2452 5756 2489 5805 ι,
2521 5738 2573 5795 3.
