3900 6334
452 341 557 397 53o

1310 332 1358 396 s
1407 338 1802 398 CLEMENTIS
1834 320 2053 395 tuon.
2088 335 2288 393 pom.
2323 333 2553 393 opem
2584 332 2808 392 ausu.

3574 327 3677 386 διο

450 456 647 525 pheta?
672 452 785 525 (ει)
839 451 1041 510 Deinde
1070 450 1138 506 ad
1166 451 1530 509 coercendam
1560 450 2005 507 muliercularum
2036 457 2082 513 Α
2109 447 2342 505 maxime
2386 446 2704 502 nitebantur
2737 443 3077 500 Montanista:
3103 460 3119 498 :
3149 450 3206 497 at
3246 448 3397 498 certa
3439 440 3674 513 jejunis,

452 547 749 611 licentiam,
777 560 899 616 quae
927 544 1095 599 nimia
1123 552 1244 600 erat
1272 545 1416 604 apud
1444 544 1823 607 Montanistas,
1858 543 2013 613 plura

450 646 819 712 congeruntur
846 639 903 693 in
929 638 1104 708 primo
1127 637 1579 692 Constitutionum
1608 637 1768 701 libro,
1796 635 2016 692 eadem-

450 748 556 803 que
582 739 698 787 toto
723 745 886 801 opere
911 730 1113 801 saepius
1135 730 1499 784 inculcantur.
1547 728 1839 783 Maximilla
1869 736 2015 783 certe

450 820 906 878 Montanislarum
954 818 1319 889 prophetissa,
1348 818 1561 872 nullum
1602 816 1791 871 habuit
1836 814 2015 870 infeno

455 914 659 969 siorem
697 910 1024 983 Hippolyto,
1053 908 1146 979 qui
1197 922 1393 964 novam
1432 906 1734 964 Jesabelem
1781 906 1838 960 in
1864 905 2013 975 Apo-

450 1002 657 1074 calypsi
710 1010 1102 1064 memoratam,
1171 997 1343 1069 ipsam
1402 998 1573 1053 fuisse
1628 997 2015 1069 interpretatus

449 1101 534 1150 est
563 1092 696 1163 (85).

519 1183 609 1241 ιν.
654 1182 876 1238 Errores
896 1180 1347 1238 Hontanistarum
1384 1182 1694 1251 singillatim
1725 1185 1789 1236 ab
1818 1180 2016 1249 Hippo-

446 1278 559 1349 lyto
573 1276 771 1343 reiecti.
788 1304 854 1316 -
868 1274 973 1331 Sed
988 1291 1163 1346 neque
1188 1277 1331 1332 ullus
1349 1291 1508 1331 error
1534 1275 1785 1346 proprius
1806 1274 2017 1328 Monta-

448 1369 718 1422 nistarum
764 1365 889 1431 fuit,
919 1366 1015 1437 qui
1058 1382 1167 1423 non
1202 1366 1480 1421 refellatur
1519 1367 1575 1420 in
1609 1364 2016 1421 Constitutioni-

448 1458 568 1514 bus.
612 1457 693 1512 llli
740 1459 1011 1525 negabant
1041 1456 1297 1513 Ecclesiae
1344 1464 1669 1527 potestatem
1708 1457 2012 1513 dimittendi

447 1549 697 1619 graviora
735 1549 990 1611 crimina,
1036 1548 1447 1604 Constitutiones
1486 1550 1686 1619 ubique
1721 1555 2010 1605 asserunt:

447 1642 557 1694 Kal
592 1642 702 1703 τοῖς
732 1640 1075 1712 μετανοοῦσιν
1115 1642 1306 1710 ἄφεσιν
1342 1639 1538 1694 διδόναι
1564 1639 1736 1711 χρή...
1776 1636 2014 1711 Γνώριζε

442 1728 559 1798 οὖν,
587 1727 632 1786 ὧ
659 1733 942 1796 ἐπίσκοπε,
964 1732 1025 1785 τὸ
1064 1731 1281 1804 ἀξίωμά
1319 1748 1411 1786 σου
1433 1771 1448 1795 ,
1470 1732 1552 1786 ὅτι
1574 1731 1652 1794 ὡς
1677 1729 1770 1784 τοῦ
1797 1728 2012 1801 δεσμεῖν

2114 548 2277 613 atque
2314 555 2477 594 unam
2508 537 2991 610 Quadragesimam
3021 536 3206 608 prisco
3253 550 3408 591 more
3445 551 3679 591 servan-

2113 630 2239 687 dam
2269 629 2684 685 Constitutiones
2716 634 3023 684 memorant
3054 642 3070 678 :
3125 626 3285 698 ’Υμῖν
3323 625 3607 695 φυλακτέα
3646 627 3680 698 ἠ

2112 721 2331 793 νηστεία
2343 720 2443 791 τῆς
2466 720 2934 794 Τεσσαρακοστῆς,
2969 720 3185 792 μνήμην
3227 718 3559 790 περιέχουσα
3585 719 3685 790 τῆς

2111 813 2207 868 τοῦ
2236 814 2442 887 Κυρίου
2470 815 2741 878 πολιτείας
2767 832 2827 868 τε
2855 814 2949 867 καὶ
2975 812 3311 886 νομοθεσίας.
3346 810 3687 867 Servandus

2113 907 2256 962 vobis
2298 916 2379 963 est
2411 908 2675 979 jejunium
2697 904 3151 977 Quadragesimoe,
3189 904 3461 960 continens
3506 919 3687 959 recor-

2113 999 2375 1055 dationem
2402 1000 2809 1054 conversationis
2832 998 3141 1065 Dominicte,
3172 1008 3222 1053 et
3247 998 3372 1067 legis
3397 999 3523 1052 lata
3541 996 3683 1070 (90).

2114 1091 2357 1162 Denique
2380 1090 2721 1147 Montanistae
2766 1089 2921 1146 nefas
2962 1104 3086 1146 esse
3119 1090 3337 1145 aiebant
3358 1088 3693 1146 Christiano

2114 1183 2551 1253 persecutionem
2616 1181 2830 1253 fugere;
2869 1178 3285 1236 Constitutiones
3333 1185 3566 1240 contra,
3612 1192 3688 1231 ex

2113 1274 2200 1329 his
2227 1288 2349 1344 quae
2382 1272 2655 1346 Hippolyti
2691 1286 2895 1343 nomen
2938 1269 3320 1341 praeseferunt,
3352 1285 3463 1323 non
3505 1269 3681 1325 modo

2112 1379 2178 1419 ex
2224 1363 2502 1435 Evangelii
2553 1362 2875 1433 praescripto
2926 1360 3191 1432 fugientes
3240 1361 3688 1431 persecutionem

2113 1461 2358 1516 tuentur.
2396 1454 2492 1510 sed
2533 1452 2762 1507 laudant
2804 1451 2967 1505 etiam
3008 1463 3071 1503 ac
3115 1447 3376 1503 fratribus
3406 1462 3689 1502 commen-

2112 1544 2282 1602 dant:
2320 1544 2459 1607 Τοὺς
2499 1541 2862 1613 διωκομένους
2895 1538 2983 1594 διά
3022 1539 3226 1602 πίστιν,
3270 1538 3365 1592 καὶ
3398 1541 3480 1600 είς
3525 1537 3688 1591 πόλιν

2112 1638 2177 1692 ὲκ
2204 1638 2409 1701 πόλεως
2447 1636 2764 1706 φεύγοντας,
2805 1632 2893 1687 διὰ
2926 1632 2988 1686 τὸ
3016 1631 3319 1703 μεμνῆσθαι
3357 1629 3467 1683 τῶν
3508 1630 3696 1699 λόγων

2111 1730 2205 1783 τοῦ
2238 1729 2485 1801 Κυρίου,
2542 1724 3039 1800 προσλαμϐάνεσθε.
3111 1722 3491 1792 Ἐπιστάμενοι
3542 1722 3687 1794 γὰρ,

444 1822 739 1895 ἑκληρώσω
764 1824 863 1896 τὴν
892 1823 1167 1889 ἐξουσίαν,
1208 1802 1350 1877 οὕτω
1378 1824 1473 1876 καὶ
1510 1822 1604 1877 τοῦ
1632 1822 1797 1878 λύειν.
1840 1821 2011 1877 Pteni-
2042 1802 2085 1857 Β
2112 1824 2193 1877 ὅτι
2242 1821 2303 1875 τὸ
2352 1821 2448 1892 μὲν
2490 1819 2705 1890 πνεῦμα
2751 1816 3049 1890 πρόθυμον,
3082 1816 3116 1885 ή
3144 1814 3201 1868 δὲ
3246 1814 3384 1886 σὰρξ
3426 1814 3691 1885 ἀσθενὴς,

446 1914 672 1969 tentibus
703 1924 876 1968 autem
920 1916 1070 1969 venia
1105 1913 1433 1969 concedenda
1467 1922 1613 1970 est...
1639 1914 1873 1985 Agnosce
1911 1915 2013 1985 igi—

444 2012 553 2068 tur,
588 2003 846 2073 episcope,
887 2004 1199 2075 dignitatem
1242 2013 1409 2066 tuam,
1453 2002 1591 2075 quod
1617 2004 1752 2057 sicut
1789 2005 2010 2059 sortitus

440 2112 495 2150 es
525 2102 833 2165 potestatem
868 2094 1092 2166 ligandi,
1135 2095 1216 2150 ita
1258 2104 1308 2150 et
1345 2095 1599 2151 solvendi.
1652 2095 2009 2152 Montanistas

441 2198 624 2243 autem
672 2188 844 2258 digito
892 2195 1161 2243 monstrat
1204 2195 1417 2254 auctor,
1470 2188 1559 2243 ubi
1592 2189 1702 2242 ait:
1733 2187 1891 2254 Δέξαι
1918 2185 2010 2242 οὖν

440 2278 531 2331 τὸν
562 2277 919 2352 μετανοοῦντα
951 2281 1026 2352 μὴ
1063 2277 1328 2343 διστάζων
1353 2279 1509 2343 ὅλως,
1546 2279 1680 2352 μηδὲ
1720 2291 2029 2353 παρεμποο“

438 2369 713 2442 δεξόμενος
735 2370 839 2425 ὑπὸ
864 2370 973 2425 τῶν
999 2369 1239 2440 ἀνηλεῶς
1260 2371 1524 2440 λεγόντων
1548 2410 1564 2433 ,
1596 2371 1670 2444 μὴ
1700 2370 1808 2425 δεῖν
1835 2369 2010 2425 τοιού-

438 2480 551 2525 τοις
600 2462 1059 2534 συμμολύνεσθαι,
1108 2463 1243 2535 μήτε
1281 2462 1455 2532 λόγου
1489 2465 1785 2519 κοινωνεῖν.
1834 2462 2010 2535 Igitur

438 2555 766 2622 pwnitentem
795 2556 997 2625 recipe;
1028 2571 1121 2609 nec
1149 2565 1196 2610 te
1226 2555 1493 2609 ullatenus
1516 2553 1759 2609 dubitare
1780 2555 2005 2624 faciant,

439 2656 532 2702 aut
572 2665 605 2700 a
628 2648 896 2717 proposito
941 2646 1236 2710 "trahant,
1268 2648 1359 2718 qui
1407 2648 1895 2703 immisericorditer
1925 2648 2009 2704 di-

439 2746 583 2801 cunt,
607 2755 707 2792 non
740 2746 976 2806 oportere
1002 2753 1123 2792 cum
1144 2736 1449 2807 hujusmodi
1468 2737 1817 2807 coinquinari,
1850 2753 2010 2808 neque

438 2830 518 2883 vel
544 2845 780 2884 sermone
816 2830 1203 2884 communicare
1225 2828 1363 2901 (86).
1408 2828 1533 2884 llaec
1563 2829 1824 2886 adversus
1855 2828 2011 2883 Mon-

437 2922 667 2977 tanistas
713 2922 860 2975 dicta
902 2936 1026 2977 esse
1061 2921 1343 2975 adnotavit
1371 2920 1701 2986 Cotelerius,
1732 2928 1827 2977 aut
1853 2927 2009 2977 vetu-

436 3014 640 3068 stiores
688 3014 851 3068 etiam
904 3012 1223 3080 luereticos,
1266 3015 1518 3083 quamvis
1564 3012 1895 3070 Mosbemius
1938 3012 2006 3067 ad

2110 1913 2580 1986 ἀποδιδράσκουσι,
2620 1910 2715 1964 καὶ⁸
2759 1908 2858 1981 τὴν
2904 1906 3159 1979 ἁρπαγὴν
3186 1904 3296 1959 τῶν
3324 1905 3694 1977 ὑπαρχόντων

2110 2008 2405 2080 προΐενται,
2440 2005 2527 2059 ἵνα
2565 2001 2925 2074 ἀνεξάρνητον
2962 2001 3019 2053 ὲν
3048 2000 3258 2062 ἑαυτοῖς
3292 1998 3354 2051 τὸ
3385 1998 3561 2070 ὄνομα
3590 1997 3695 2051 τοῦ

2107 2098 2342 2172 Χριστοῦ
2388 2098 2803 2169 διατηρήσωσιν.
2868 2094 3232 2164 Ἐπικουρείτε
3273 2087 3365 2145 οὖν
3400 2091 3587 2154 αὐτοῖς
3616 2089 3695 2144 τὰ

2110 2195 2246 2267 πρὸς
2270 2194 2480 2266 χρείαν,
2508 2191 2726 2264 ἐντολὴν
2754 2189 3039 2262 Κυριακὴν
3067 2186 3418 2260 πληροῦντες.
3457 2185 3566 2240 Eos
3596 2188 3699 2257 qui

2107 2287 2516 2357 persecutionem
2564 2285 2843 2353 patiuntur
2890 2283 3015 2351 ﬁdei
3060 2298 3246 2341 causa,
3287 2292 3337 2334 et
3377 2279 3443 2334 de
3471 2280 3698 2333 civitate

2108 2379 2163 2433 in
2213 2378 2475 2432 civitatem
2527 2375 2779 2446 fugiunt,
2829 2372 2968 2443 quod
3024 2372 3354 2425 meminerint
3400 2373 3691 2425 verborum

2110 2469 2325 2524 Domini
2368 2467 2480 2539 (9i)
2533 2467 2802 2536 suscipite.
2849 2464 2984 2520 Cum
3031 2464 3174 2518 enim
3210 2462 3389 2518 norint
3429 2463 3691 2533 spiritum

2107 2561 2317 2633 quidem
2341 2572 2641 2631 promptum
2666 2574 2803 2619 esse,
2820 2574 3033 2612 carnem
3055 2573 3174 2611 vero
3192 2556 3484 2626 inﬁrmam,
3513 2556 3691 2625 aufu-

2108 2655 2280 2726 giunt,
2312 2663 2360 2707 et
2387 2651 2704 2723 facultatum
2750 2666 2969 2706 suarum
2993 2650 3339 2719 direptionem
3364 2649 3694 2717 permittunt

2109 2763 2173 2802 ac
2199 2746 2485 2817 negligant,
2519 2752 2576 2798 ut
2599 2744 2652 2797 in
2676 2759 2731 2797 se
2758 2744 2889 2811 ipsis
2920 2758 3109 2797 nomen
3137 2739 3333 2797 Christi
3382 2742 3688 2808 illibatum,

2107 2845 2158 2892 et
2194 2837 2466 2906 negatione
2517 2850 2619 2888 non
2661 2831 2928 2902 proditum
2981 2841 3302 2886 conservent.
3337 2828 3699 2901 Suppeditatio

2106 2943 2228 2996 ergo
2256 2926 2368 2980 illis
2390 2942 2507 2996 qua:
2536 2923 2995 2987 suntnecessaria,
3015 2921 3322 2977 mandatum
3340 2923 3693 2980 Dominicis»:

2108 3018 2450 3088 adimplentes
2475 3016 2610 3089 (92).

338 3116 344 3131 '
432 3102 769 3159 Novatianos
812 3119 1094 3174 perperam
1141 3104 1416 3161 distulerit
1463 3104 1597 3175 (87).
1644 3104 1790 3160 Neve
1835 3104 2004 3159 ullum
2031 3134 2075 3193 ο
2177 3110 2245 3168 ν,
2287 3111 2502 3181 Ρτορνίί
2529 3108 2846 3165 Tertulliani
2891 3125 3097 3164 errores
3140 3107 3206 3163 ab
3238 3108 3521 3181 Hippolyto
3554 3127 3691 3167 εοπ.

435 3193 640 3250 crimen
668 3195 843 3266 enipi
870 3202 1074 3266 posset,
1106 3198 1351 3267 exempla
1383 3196 1736 3268 proferuntur
1759 3196 1998 3262 Davidis,

435 3294 490 3341 et
518 3284 809 3353 Manassis,
848 3302 1082 3358 quorum
1114 3304 1257 3343 unus
1288 3289 1539 3343 mmcbize
1583 3296 1745 3361 atque
1772 3288 2005 3344 homici-

434 3377 533 3443 dii,
565 3378 702 3433 alter
740 3378 1061 3434 idololatria:
1104 3394 1231 3433 reus
1282 3377 1460 3435 fuerat
1490 3396 1504 3432 :
1541 3380 1656 3436 haec
1690 3379 1834 3436 enim
1873 3396 2002 3451 pec-

435 3478 558 3525 cata
588 3470 933 3540 excipiebant
956 3470 1321 3537 Montanistaa,
1345 3487 1484 3543 quos
1512 3473 1680 3527 veluti
1705 3473 2002 3542 alloquitur

434 3560 881 3616 Constitutionum
913 3573 1103 3618 auctor
1131 3579 1256 3618 cum
1289 3564 1366 3618 ait
1398 3579 1411 3614 :
1451 3562 1667 3627 Μείζων
1720 3563 2004 3617 εἰδωλολα-

430 3652 617 3723 τρείας
642 3653 743 3706 οὐκ
768 3652 914 3708 ἐστιν
944 3654 1207 3725 ἁμαρτία.
1249 3656 1347 3719 Είς
1374 3654 1505 3709 θεὸν
1532 3656 1639 3727 γάρ
1666 3657 1782 3710 ἐστι
1810 3656 2000 3710 δυσσέ-

432 3743 571 3799 ϐεια.
627 3744 761 3799 Ἀλλ’
804 3746 954 3817 ὅμως
997 3747 1092 3800 καὶ
1135 3747 1273 3819 αὐτὴ
1315 3745 1404 3800 διὰ
1442 3748 1671 3819 γνησίας
1717 3749 2000 3819 μετανοίας

434 3834 873 3909 συγκεχώρηται.
910 3835 1133 3892 Gravius
1170 3838 1422 3892 delictum
1459 3838 1777 3893 idololatria
1812 3857 1915 3895 non
1942 3857 1998 3895 re

431 3930 633 3998 peritur
660 3945 679 3983 :
706 3940 785 3985 est
823 3930 962 3985 enim
1008 3931 1066 3986 in
1088 3931 1257 3987 Deum
1303 3932 1549 4000 impietas
1592 3947 1612 3986 .‘
1655 3932 1996 3990 nihilominus

430 4030 608 4075 tamen
634 4030 683 4076 et
706 4021 840 4075 illud
865 4038 958 4091 per
982 4023 1240 4077 sinceram
1267 4024 1623 4092 paenitentiam
1645 4025 1997 4081 condonatum

427 4122 510 4168 est
532 4113 668 4185 (88).
703 4112 783 4169 llli
832 4115 1102 4172 secundas
1152 4116 1370 4187 nuptias
1409 4116 1761 4182 damnabant,
1791 4133 1911 4189 quae
1938 4119 1995 4175 in

431 4205 909 4261 Constitutionibus
939 4206 1015 4261 ita
1042 4221 1154 4261 non
1195 4207 1596 4278 improbantur,
1622 4217 1680 4263 ut
1709 4210 1997 4268 manifeste

430 4302 693 4364 arguatur
735 4297 1045 4352 contrarius
1091 4312 1287 4353 error:
1322 4297 1492 4366 Λόγον
1523 4297 1707 4367 ὑφέξει
1743 4300 1820 4372 τῷ
1844 4301 1991 4372 Θεῷ,

426 4386 527 4457 οὐχ
554 4388 635 4440 ὃτι
659 4386 893 4460 δευτέρῳ
919 4387 1080 4459 γάμῳ
1111 4387 1352 4460 συνήφθη
1378 4427 1393 4452 ,
1421 4388 1534 4441 ἀλλ’
1563 4391 1644 4444 ὅτι
1669 4390 1767 4463 τὴν
1796 4393 1994 4465 ἑαυτῆς

2103 3207 2282 3279 futati.
2301 3235 2372 3247 —-
2393 3204 2473 3259 Ad
2492 3204 2605 3259 haec
2630 3202 3000 3258 Tertullianus
3022 3200 3380 3265 Montanista,
3420 3218 3491 3258 ex
3522 3218 3695 3259 novas

2105 3308 2270 3358 sectae
2308 3296 2573 3353 institutis
2614 3294 2955 3371 consectaria
2982 3295 3228 3365 quaedam
3260 3294 3503 3363 deduxit,
3528 3297 3689 3352 unde

2100 3399 2156 3448 et
2175 3389 2429 3461 privatim
2458 3402 2677 3443 errores
2707 3386 2846 3441 alios
2876 3385 3091 3441 ascivit.
3117 3384 3437 3455 Cujusmodi
3470 3387 3568 3442 ille
3599 3395 3689 3442 est

2099 3498 2260 3554 quem
2295 3482 2442 3537 edito
2472 3481 2612 3534 libro
2652 3478 2726 3532 De
2750 3477 2879 3546 fuga
2909 3478 2963 3531 in
2990 3478 3347 3547 persecutione
3368 3476 3557 3543 docet,
3595 3479 3687 3534 sui

2098 3569 2387 3634 Paracleti,
2428 3565 2671 3622 Montani
2702 3566 2913 3621 scilicet
2942 3568 3268 3621 auctoritate
3297 3567 3489 3632 fretus,
3519 3569 3691 3624 nulla

2099 3663 2371 3720 occasione
2417 3660 2734 3731 martyrium
2784 3657 3038 3713 redimere
3087 3658 3173 3729 fas
3216 3675 3348 3713 esse.
3389 3658 3693 3718 Adversus

2097 3772 2217 3812 eam
2247 3753 2572 3811 sententiam
2596 3751 2711 3806 haec
2734 3749 2942 3820 profert
2960 3747 3410 3807 Constitutionum
3438 3758 3684 3808 auctor:

2096 3848 2161 3901 Et
2192 3847 2249 3900 δὲ
2275 3846 2370 3901 καὶ
2398 3838 2510 3908 οἷός
2541 3843 2603 3898 τέ
2632 3845 2780 3896 ἐστιν
2810 3841 3025 3895 ἅπαντα
3049 3842 3142 3898 τὸν
3172 3840 3286 3911 βίον
3305 3841 3501 3895 ἑαυτοῦ
3530 3843 3685 3897 ἀπο-

2097 3938 2315 4011 δόμενος
2346 3936 2610 4011 ῥύσασθαι
2638 3935 2836 3998 αὐτοὺς
2864 3935 2929 3988 ὲκ
2952 3932 3047 3988 τοῦ
3073 3933 3467 4006 δεσμωτηρίου,
3493 3936 3709 4005 μακά-ι

2097 4048 2211 4102 ριος
2237 4031 2389 4085 ἔσται
2418 4030 2513 4083 καὶ
2539 4028 2692 4098 φίλος
2718 4026 2812 4081 τοῦ
2843 4025 3098 4098 Χριστοῦ.
3121 4027 3184 4080 El
3213 4027 3322 4100 γὰρ
3348 4030 3377 4082 ὁ
3402 4028 3473 4081 τὰ
3500 4030 3688 4106 ὑπάρ-

2094 4139 2256 4193 χοντα
2301 4123 2535 4192 πτωχοῖς
2577 4120 2699 4184 δοὺς
2719 4158 2736 4183 ,
2783 4119 2985 4182 τέλειος
3006 4157 3022 4183 ,
3072 4117 3210 4191 μετά
3243 4120 3343 4193 τὴν
3388 4121 3518 4192 περὶ
3562 4122 3683 4177 τῶν

2095 4213 2253 4267 θείων
2307 4213 2541 4283 γνῶσιν,
2599 4210 2779 4284 πολλῷ
2836 4210 3032 4283 μᾶλλον
3073 4213 3101 4266 ὁ
3153 4211 3294 4283 ὑπὲρ
3352 4211 3679 4285 μαρτύρωι

2092 4301 2219 4358 Jam
2257 4320 2374 4359 vero
2409 4304 2458 4359 si
2492 4304 2609 4376 quis
2637 4312 2807 4373 potest
2849 4303 3051 4357 tradita
3078 4303 3220 4356 omni
3246 4303 3545 4357 substantia
3572 4322 3680 4359 sua

2091 4410 2179 4451 eos
2232 4391 2545 4467 [martyres]
2570 4406 2635 4447 ea:
2681 4407 2889 4446 carcere
2918 4389 3164 4456 liberare,
3209 4389 3391 4444 beatus
3446 4392 3552 4445 erit
3612 4407 3680 4445 ac

427 4478 754 4548 ἐπαγγελίαν
782 4481 881 4533 οὐκ
908 4478 1157 4549 ἐφύλαξε.
1206 4478 1478 4534 Rationem
1509 4480 1619 4536 Deo
1650 4482 1861 4548 reddet,
1889 4501 1993 4538 non

2103 4486 2295 4544 Christi
2321 4487 2547 4541 amicus.
2578 4483 2724 4539 Nam
2746 4500 2864 4539 cum
2888 4485 2933 4538 is
2954 4484 3044 4553 qui
3063 4488 3199 4538 bona
3224 4500 3324 4538 sua
3348 4486 3677 4554 pauperibus

425 4569 564 4639 quod
609 4569 852 4625 secundis
896 4571 1093 4639 nuptiis
1138 4571 1386 4640 copulata
1433 4572 1525 4635 sit,
1565 4570 1655 4627 sed
1683 4573 1820 4643 quod
1864 4590 1991 4644 pro-

425 4660 706 4729 fessionem
747 4677 900 4715 suam
939 4679 1045 4717 non
1092 4662 1313 4717 servarit
1342 4660 1454 4732 (89)
1491 4677 1714 4717 :sermo
1761 4672 1880 4719 erat
1924 4665 1993 4722 de

424 4749 628 4815 viduis,
655 4766 778 4822 qua:
814 4753 1122 4808 castitatem
1166 4750 1382 4807 fuerant
1411 4751 1689 4822 professae.
1722 4753 1991 4821 Quoniam

424 4855 560 4897 vero
585 4840 874 4899 Montanus
902 4843 1281 4900 dissolvendas
1310 4859 1433 4901 esse
1456 4845 1676 4918 nuptias
1704 4846 1989 4913 docuerat,

423 4934 481 4994 id
520 4950 741 5006 quoque
789 4935 846 4991 in
893 4934 1371 4992 Constitutionibus
1422 4946 1509 4993 est
1559 4939 1807 5005 vetitum,
1854 4940 1993 5012 μήτε

425 5026 543 5107 μὴν
562 5025 716 5098 μετά
762 5024 939 5099 γάμον
976 5026 1259 5082 ἐκϐάλλειν
1312 5028 1729 5099 ἀκατάγνωστον
1769 5031 1988 5096 ἐξέστω.

423 5116 549 5172 Non
594 5134 715 5189 ergo
756 5127 877 5188 post
918 5119 1130 5189 nuptias
1184 5120 1341 5174 liceat
1397 5121 1586 5187 ejicere
1637 5122 1986 5192 inculpatum.

420 5207 797 5279 Multiplicatis
845 5206 1090 5280 iejuniis,
1135 5210 1268 5282 quin
1307 5212 1475 5269 etiam
1519 5211 1985 5287 Quadragesimis,

488 5416 602 5489 (84)
639 5419 739 5489 Ap.
761 5416 962 5475 Euseb.
992 5434 1046 5483 ν,
1071 5418 1157 5476 18.

512 5489 604 5560 85)
642 5489 743 5560 Ap.
779 5489 836 5545 S.
859 5489 1121 5560 Epiphan.
1156 5490 1283 5544 hair.
1314 5504 1389 5554 LI,
1413 5490 1505 5546 33.

511 5558 601 5631 86)
639 5558 866 5631 omne.
900 5558 1075 5631 ιιείίι,
1100 5559 1167 5615 18
1192 5568 1246 5615 et
1274 5575 1401 5631 seq._
1461 5629 1471 5631 _
1542 5616 1547 5621 .

489 5630 601 5701 (δῖ)
646 5630 907 5701 Moshem.
936 5629 1117 5701 Instit.
1146 5632 1267 5685 mai.
1296 5629 1502 5701 pf2l9.

490 5697 602 5768 (88)
642 5698 866 5755 Constit.
903 5716 986 5761 ιιι,
1013 5698 1061 5755 1.

494 5768 605 5840 (89)
642 5768 774 5825 Ibid.
810 5787 884 5836 νι,
912 5770 995 5824 ll.

2095 4579 2210 4647 dat,
2238 4577 2500 4649 perfectus
2531 4578 2602 4632 sit
2623 4586 2743 4646 post
2770 4576 3119 4646 cognitionem
3143 4591 3318 4630 rerum
3340 4575 3672 4643 divinarum,

2093 4672 2261 4727 multo
2295 4672 2397 4725 erit
2431 4669 2712 4740 perfectior
2742 4669 2834 4740 qui
2859 4684 2955 4739 pro
2981 4667 3307 4739 martyribus
3339 4678 3531 4724 cuncta
3563 4670 3675 4725 lar-

2092 4764 2261 4833 gietur
2292 4761 2425 4834 (9'5).
2482 4759 2854 4816 Christianum
2901 4759 3048 4814 salva
3114 4758 3217 4814 fide
3266 4759 3507 4815 militare
3554 4776 3673 4817 non

2093 4870 2255 4926 posse
2288 4853 2658 4910 Tertullianus
2703 4852 3079 4923 pronuntiavit
3135 4851 3270 4924 (οι),
3334 4849 3669 4926 Hippolytus

2091 4954 2280 5002 contra
2295 4946 2350 5001 in
2372 4947 2458 5001 bis
2469 4960 2589 5017 qua:
2604 4960 2635 4999 a
2650 4953 2973 5016 corruptore
2991 4952 3203 5000 servata
3222 4951 3349 5001 sunt
3366 4961 3380 4996 :
3396 4945 3671 5018 Στρατιώ-

2089 5059 2190 5114 της
2229 5040 2467 5113 προσιὼν
2510 5037 2840 5093 διδασκέσθω
2890 5037 2965 5110 μὴ
3005 5036 3230 5102 ἀδικεῖν,
3276 5037 3352 5110 μὴ
3395 5055 3670 5107 συκοφαν-

2088 5136 2200 5188 τεῖν
2222 5171 2238 5199 ,
2266 5131 2552 5205 ἀρκεῖσθαι
2579 5132 2637 5186 δὲ
2672 5133 2787 5195 τοῖς
2830 5128 3121 5201 διδομένοις
3159 5128 3409 5199 ὀψωνίοις
3431 5145 3446 5161 ο
3476 5130 3663 5184 πειθό-

2090 5241 2250 5297 μενος
2316 5222 2694 5297 προσδεχέσθω
2712 5253 2730 5287 ,
2793 5218 3088 5291 ἀντιλέγων
3140 5220 3198 5276 δὲ
3250 5221 3659 5277 ἀποδαλλέσθυ.

2183 5423 2273 5493 90)
2313 5424 2450 5480 Ibid.
2481 5440 2535 5490 ν,
2559 5424 2645 5481 l3.

2182 5496 2272 5557 91)
2310 5494 2499 5549 Matth.
2531 5509 2678 5557 xxvr,
2704 5493 2793 5547 M.

2161 5506 2242 5566 (9i
2310 5506 2499 5549 Matth.
2531 5509 2678 5557 χχιιι,
2704 5506 2793 5547 at.

2161 5506 2274 5635 (92;
2314 5563 2543 5635 Constit.
2579 5580 2701 5635 vttt,
2725 5563 2815 5620 45.

2161 5636 2272 5706 (95)
2312 5634 2447 5706 ibid.
2480 5650 2531 5706 νγ,
2568 5634 2619 5690 ι.

2164 5703 2277 5777 (94)
2317 5704 2638 5763 Tertulllau.
2672 5703 2748 5759 De
2779 5721 2883 5759 cor.
2920 5704 3055 5770 mil.,
3079 5718 3158 5760 ιι.
