3900 6334
154 383 243 441 5“

992 373 1585 437 CONSTITUTIONES
1617 370 2089 429 APOSTOLICE.
2123 400 2191 411 -
2218 368 2580 426 ΡιιοωιιιΑ.

3224 358 3365 415 542

152 499 298 554 liles
322 495 573 552 accedens
594 496 847 552 doceatur
864 496 1057 549 nemini
1082 495 1335 564 injuriatn
1357 493 1571 561 inferre,
1603 507 1705 543 non
1735 493 1781 550 Α
1806 489 1942 543 cium
1972 488 2295 557 complexum
2342 485 2519 554 magni
2555 483 2818 555 pontiﬁcis
2844 479 2973 537 Iesu
2995 480 3193 537 Christi
3212 478 3365 548 Regis

151 591 488 654 calumniari,
514 597 786 645 contentus
834 595 946 644 es’se
974 587 1075 642 sibi
1102 587 1244 641 datis
1282 584 1558 653 stipendiis
1582 597 1600 637 :
1623 580 1709 637 οὺς

151 695 443 752 temperans
462 681 543 736 his
574 680 912 745 admittatur,
933 693 1238 761 repugnans
1270 675 1546 745 rejiciatur
1571 673 1705 743 (95).

1808 580 1979 634 nostri
2026 578 2369 633 imitationem
2408 590 2503 643 pro
2544 573 2667 627 ludo
2707 570 2932 636 habent;
2970 571 3084 624 ideo
3128 570 3365 639 inquam,

1808 688 2013 728 necesse
2050 672 2152 741 fuit
2178 669 2241 724 de
2268 686 2326 724 eo
2356 684 2555 740 quoque
2585 666 2865 720 admonere
2897 680 2915 720 :
2939 664 3059 733 jam
3085 664 3223 717 enim
3252 664 3371 731 qni-

151 776 219 830 Eo
260 775 484 830 tandem
530 775 769 829 vesaniae
804 757 1176 826 Tertullianus
1215 770 1505 839 prolapsus
1541 773 1623 822 est
1653 773 1711 819 ut
1809 764 1934 818 dam
1974 763 2207 818 conversi
2233 769 2355 815 sunt
2400 769 2538 813 retro
2567 767 2684 827 post
2726 758 3007 811 vanitatem
3048 770 3201 809 suam
3230 752 3367 824 (98).

150 884 176 921 a
206 867 490 923 levissima
530 865 790 935 deceptus
832 862 1087 926 muliere,
1138 864 1437 929 nuntioque
1481 858 1713 914 remisso

150 958 351 1015 nedum
388 966 550 1014 recte
576 957 721 1022 ﬁdei,
751 956 846 1012 sed
871 956 1035 1011 etiam
1064 952 1263 1008 rationi
1292 968 1305 1003 :
1338 952 1569 1005 animam
1605 966 1715 1003 cor-

154 1054 415 1123 poraliter
456 1062 721 1108 ostensam
750 1067 862 1106 esse
892 1047 1141 1113 crederet,
1172 1060 1289 1117 qua:
1322 1044 1538 1114 spiritus
1573 1041 1715 1097 vide-

151 1147 333 1210 batur,
364 1145 454 1201 sed
482 1161 584 1198 non
612 1144 809 1205 inanis,
856 1150 906 1196 et
927 1156 1101 1194 vacua:
1127 1137 1401 1209 qualitatis
1424 1150 1442 1187 :
1468 1136 1572 1188 into
1599 1150 1716 1205 qua:

150 1243 311 1296 etiam
353 1240 517 1296 teneri
556 1236 935 1308 repromitteret
964 1232 1098 1304 (96).
1147 1229 1253 1285 Sed
1282 1245 1343 1285 ea
1370 1244 1587 1299 quoque
1635 1228 1716 1281 fa—

152 1337 275 1391 bula
327 1336 383 1390 in
423 1327 898 1389 Constitutionibus
953 1321 1536 1392 οοιινοιιίιιιιεΨυχὴν
1575 1318 1718 1373 acrib-

1786 852 1939 912 Haec
1968 856 2152 925 utique
2181 853 2237 907 in
2262 850 2547 907 codicibus
2578 848 2871 920 Hippolyto
2921 847 3123 901 tributa
3161 843 3373 899 Monta-

1814 948 1989 1003 nistas
2020 945 2239 1007 feriunt,
2270 942 2409 1015 apud
2439 958 2567 1013 quos
2596 942 2672 995 vel
2699 941 2941 994 mulieres
2967 939 3194 1008 episcopi
3219 945 3373 991 erant

1813 1047 1863 1094 et
1901 1036 2226 1107 presbyteri,
2265 1045 2314 1089 et
2361 1033 2431 1088 ad
2482 1042 2697 1089 ceteros
2744 1031 2941 1103 gradus
2995 1031 3372 1102 allegebantur,

1802 1130 2015 1197 (nullum
2046 1139 2105 1184 ut
2135 1145 2290 1184 sexus
2311 1128 2591 1182 discrimen
2620 1133 2935 1180 servaretur.
2979 1124 3290 1179 Ἐπίσκοποί
3315 1139 3377 1176 τε

1817 1225 1958 1296 παρ’
1984 1224 2167 1287 αὐτοῖς
2209 1224 2493 1293 γυναῖκες,
2541 1220 2633 1273 καὶ
2685 1216 3040 1289 πρεσϐύτεροι
3103 1219 3377 1285 γυναῖκες,

1817 1318 1911 1371 καὶ
1949 1316 2017 1370 τὰ
2074 1315 2226 1381 ἄλλα,
2269 1316 2346 1378 ὡς
2394 1314 2557 1386 μηδὲν
2596 1312 2869 1383 διαφέρειν
2922 1310 3055 1382 (99).
3100 1309 3381 1365 Postrema

155 1446 328 1502 ματον
368 1428 428 1480 ὲν
472 1426 603 1496 ⁴ἡμῖν
638 1423 732 1477 καὶ
776 1418 1040 1474 ἀθάνατον
1080 1412 1465 1487 ὁμολογοῦμεν,
1513 1411 1627 1465 ἀλλ’
1655 1411 1716 1465 οὐ

1838 1421 1999 1467 ιιιιειιι
2033 1412 2193 1467 verba
2224 1410 2279 1464 in
2303 1408 2698 1463 Tertullianum
2742 1404 2886 1460 dicta
2931 1410 3061 1460 sunt
3087 1418 3227 1458 vano
3256 1417 3384 1472 pro-

154 1492 403 1594 quptiw
430 1492 602 1582 *τὰ
628 1514 852 1587 σώματα
876 1552 893 1576 ,
936 1509 1048 1564 ἀλλ’
1076 1507 1340 1562 ἀθάνατον
1362 1546 1377 1570 ,
1406 1505 1481 1569 ὡς
1498 1504 1719 1576 λογικὴν

1838 1504 2013 1561 iiiotias
2043 1502 2264 1558 nomine
2292 1500 2611 1571 deceptum;
2653 1513 2813 1568 quem
2844 1496 3007 1567 paulo
3034 1501 3160 1550 ante
3185 1494 3300 1549 suis
3326 1492 3384 1548 in

155 1588 651 1677 παὶ-αὐτεξούσιον.
708 1606 954 1661 Animam
1002 1610 1237 1657 nostram
1274 1600 1632 1667 incorpoream
1669 1604 1719 1651 et
1822 1596 2095 1651 Danielem
2136 1591 2563 1649 Commentariis
2610 1590 2815 1662 pariter
2855 1588 3176 1660 Hippolytus
3223 1594 3383 1641 nota-

156 1706 510 1762 immortalem
552 1702 883 1767 conﬁtemur,
927 1713 1030 1751 non
1062 1702 1235 1748 autem
1280 1690 1519 1746 interitui
1559 1688 1721 1745 obno-

1838 1698 1973 1745 verat
1994 1708 2007 1744 :
2030 1686 2236 1749 Πάντες
2263 1685 2371 1759 γὰρ
2399 1686 2634 1756 σήμερον
2662 1682 2709 1739 οἱ
2729 1684 2806 1746 είς
2834 1681 2993 1735 αὑτὸν
3021 1679 3384 1750 πιστεύοντες,

157 1801 304 1855 riam
335 1807 392 1851 ut
423 1811 664 1865 corpora,
702 1793 805 1845 imo
838 1789 1019 1844 mortis
1049 1795 1328 1855 expertem,
1355 1791 1530 1852 utpote
1556 1781 1721 1836 ratio—
1752 1836 1770 1865 '

1838 1783 1888 1838 τὰ
1913 1782 2066 1853 λόγια
2084 1779 2317 1852 Χριστοῦ
2348 1776 2708 1849 φθεγγόμεθα,
2728 1776 2804 1840 ὡς
2821 1774 2906 1829 διὰ
2937 1775 3199 1846 στόματος
3225 1771 3388 1828 αὐτοῦ

159 1895 332 1949 salem
360 1909 424 1945 ac
450 1889 626 1943 libera’
645 1885 915 1958 potestatis
941 1881 1075 1954 (97).
1334 1934 1348 1951 ,
1751 1865 1771 1896 ¹

1838 1872 2104 1938 καλοῦντες
2154 1873 2223 1927 τὰ
2278 1873 2367 1927 ὑπ’
2421 1869 2583 1926 αὑτοῦ
2635 1867 3063 1942 προτεταγμένω
3118 1870 3232 1929 τοῖς
3281 1865 3390 1938 γὰρ

228 1984 323 2039 VI.
347 1980 703 2037 Tertullianus
732 1994 793 2030 ac
827 1973 1168 2030 Hontanista:
1199 1970 1556 2026 nominetenus
1584 1982 1722 2035 pra:-

1838 1970 1997 2039 ιγίοις
2032 1969 2126 2022 καὶ
2162 1965 2511 2036 φοϐουμένοις
2544 1962 2725 2028 αὑτὸν,
2763 1961 2947 2024 αὐτοῖς
2987 1959 3165 2031 μόνοις
3202 1958 3391 2013 ἑαυτὸν

165 2077 327 2140 teriti,
344 2072 436 2128 sed
448 2070 675 2140 undique
686 2069 740 2122 in
754 2062 1226 2123 Constitutionibus
1250 2058 1727 2132 explosi.——Atque

1838 2064 2210 2121 ιποκαλύπτει.
2250 2064 2313 2117 Ei
2342 2062 2450 2134 γάρ
2474 2078 2560 2124 τις
2587 2060 2734 2113 δοκεῖ
2758 2058 2852 2112 καὶ
2880 2060 2935 2111 ὲν
2978 2055 3268 2128 Ἐκκλησία
3296 2055 3392 2110 νῦν

166 2172 279 2224 haec
329 2162 643 2222 necessario
684 2157 1033 2241 edisserenda
1078 2154 1334 2219 fuerunt,
1379 2168 1449 2208 ne
1491 2151 1725 2221 amplius

1838 2159 2222 2224 πολιτεύεσθαι,
2265 2156 2427 2227 φόϐον
2461 2154 2519 2209 δὲ
2565 2153 2698 2209 Θεοῦ
2740 2154 2812 2225 μὴ
2850 2154 2992 2224 ἔχει,
3039 2152 3160 2207 οὐδὲ
3204 2150 3394 2206 τοῦτον

165 2261 357 2314 lateret
376 2264 667 2323 utrumque
684 2240 956 2322 Hippolyti
982 2256 1141 2317 opus,
1164 2243 1304 2314 Περὶ
1326 2240 1726 2312 χαρισμάτων,

1838 2253 2077 2326 inpasti)
2108 2252 2244 2325 πρὸς
2269 2254 2396 2316 τοὺς
2425 2250 2612 2321 ἁγίους
2655 2248 2883 2313 σύνοδος.
2929 2249 3232 2319 Quicunque
3259 2248 3395 2301 enim

168 2359 224 2407 et
260 2341 699 2411 Ἀποστολικὴν
735 2338 1109 2407 .napdb‘omr,
1150 2333 1494 2389 Montanistis
1558 2345 1732 2401 oppo-

1838 2346 1980 2399 hodie
2009 2345 2063 2398 in
2091 2346 2261 2413 ipsum
2301 2340 2560 2397 credimus
2579 2381 2594 2404 ,
2626 2338 2849 2394 oracula
2870 2338 3070 2394 Christi
3111 2338 3393 2409 loquimur,

174 2442 343 2495 situm
372 2436 557 2496 fuisse,
582 2432 923 2498 maximeque
938 2425 1273 2482 Tertulliano
1302 2424 1357 2478 in
1382 2437 1501 2477 eam
1527 2429 1730 2476 sectam

1838 2447 2081 2508 tanquam
2128 2436 2294 2504 ipsius
2343 2451 2433 2489 ore
2467 2432 2815 2503 prmdicantes
2853 2448 2970 2502 quin
3010 2440 3131 2485 sunt
3176 2429 3240 2483 ab
3283 2430 3397 2498 ipso

171 2529 457 2602 vei-genti:
486 2524 593 2583 etsi
621 2537 818 2579 nomen
848 2520 1041 2590 ipsius,
1072 2532 1179 2587 quo
1203 2514 1416 2571 facilius
1443 2514 1511 2567 ab
1540 2510 1733 2567 haeresi

1838 2529 2138 2584 constituta.
2174 2527 2384 2583 Sanctis
2420 2528 2602 2597 quippe
2634 2542 2696 2579 ac
2730 2542 2785 2580 se
2820 2522 3122 2579 timentibus
3165 2532 3399 2577 tantum-

174 2626 363 2696 pedem
409 2619 671 2681 referret,
726 2614 866 2669 bene
914 2611 984 2666 ab
1033 2608 1323 2679 Hippolyto
1378 2618 1732 2675 suppressum

1838 2620 1987 2677 modo
2020 2637 2075 2675 se
2106 2621 2275 2689 ipsum
2316 2602 2527 2674 revelat.
2574 2614 2719 2671 Nam
2758 2616 2808 2670 si
2842 2614 2959 2684 quis
3000 2612 3202 2670 videtur
3235 2613 3313 2669 vel
3345 2614 3398 2667 in

176 2716 358 2771 fuerit.
414 2710 600 2781 Neque
626 2707 773 2764 enim
814 2703 989 2774 ipsius
1030 2700 1186 2755 famae
1227 2696 1598 2753 Tertullianus
1640 2710 1735 2764 pe-

1838 2711 2075 2767 Ecclesia
2102 2710 2257 2766 modo
2284 2709 2485 2765 versari
2503 2710 2809 2775 ,t‘timorem
2849 2716 3021 2762 autem
3046 2705 3144 2760 Dei
3170 2722 3273 2760 non
3303 2706 3398 2759 ha-

177 2810 477 2883 Ρθτείδεείν
510 2803 566 2861 ἐί
616 2802 745 2875 quid
802 2801 858 2855 ίη
900 2814 963 2855 se
1004 2794 1323 2851 nominatim
1364 2792 1736 2883 θοηδετίβιυιη
1837 2806 1963 2862 bet:
2007 2820 2169 2875 neque
2208 2803 2331 2856 huic
2379 2801 2589 2871 prodest
2632 2800 2702 2854 ad
2754 2810 2965 2855 sanctos
3011 2799 3292 2853 accessisse
3348 2799 3404 2852 in

176 2882 342 2959 esset.
383 2899 445 2954 In
472 2891 944 2967 Constitutionibus
974 2889 1159 2960 itaque
1190 2887 1395 2943 frustra
1416 2882 1739 2940 Tertulliani

1838 2906 2087 2951 conventu
2122 2894 2292 2966 (100).
2338 2892 2417 2948 Ac
2452 2891 2720 2964 siquidem
2746 2891 2861 2947 haec
2892 2897 3021 2946 sunt
3058 2889 3405 2945 contumelia:

179 2995 381 3050 mentio
428 2998 522 3045 aut
554 2986 797 3053 Montani
835 2988 1213 3055 quaereretur;
1269 2976 1569 3049 praesertim
1608 2987 1741 3030 vero

1840 2989 1965 3052 illae,
1996 2988 2196 3059 quibus
2222 2985 2298 3041 ait
2325 2984 2688 3055 Hieronymus
2710 2980 3103 3038 Tertullianum
3131 2998 3253 3039 esse
3282 2998 3405 3054 per-

182 3103 300 3142 cum
340 3085 505 3154 plura
542 3079 825 3137 sustulerit
866 3080 1175 3145 corruptor,
1208 3086 1331 3141 quae
1370 3067 1741 3139 apostolorum

1840 3091 2045 3137 motum
2078 3088 2137 3135 ut
2163 3079 2461 3135 Ecclesiam
2504 3077 2812 3137 desereret,
2858 3084 3081 3147 apparet
3129 3074 3404 3129 hominem

183 3196 291 3236 aevo
327 3175 627 3233 convenire
661 3187 772 3227 non
806 3174 1079 3240 poterant,
1114 3165 1273 3236 plura
1307 3161 1486 3217 adhuc
1522 3160 1740 3214 incaute
1765 3184 1807 3240 ρ
1841 3174 1926 3229 sui
1971 3176 2157 3245 lapsus
2199 3184 2452 3233 causam,
2484 3185 2647 3241 quam
2690 3169 2892 3224 habere
2930 3168 3138 3225 “uuam
3171 3175 3403 3238 potem"

184 3271 495 3343 reliquerit.
537 3258 657 3339 qua:
696 3266 762 3321 ad
805 3264 1105 3335 posteriora
1153 3267 1402 3329 tempora
1456 3252 1744 3309 manifeste

188 3362 469 3421 referenda
504 3367 652 3416 sunt.
695 3358 775 3412 Ad
805 3353 1166 3409 Montanistas
1199 3364 1331 3404 vero
1362 3362 1424 3401 ac
1453 3343 1747 3400 Tertullia-

186 3472 307 3514 num
335 3461 539 3512 cuncta
568 3452 682 3508 fere
710 3453 961 3519 spectant
990 3459 1112 3515 qua
1137 3439 1434 3498 universim
1464 3438 1521 3493 in
1535 3436 1749 3493 Consti-

190 3546 474 3603 tutionibus
519 3543 839 3599 aﬂeruntur.
888 3536 945 3591 In
981 3527 1289 3606 ipso'enim
1328 3529 1520 3585 ultimo
1570 3527 1750 3598 capite

189 3641 313 3696 illud
361 3636 712 3695 inculcatur:
747 3631 1013 3684 Ἕκαστον
1058 3624 1314 3696 ἐμμένειν
1356 3618 1509 3686 τάξει
1550 3621 1616 3690 τῇ
1662 3619 1748 3673 δο-

190 3734 336 3805 θείσῃ
363 3728 534 3801 αὐτῷ,
563 3727 657 3781 καὶ
689 3724 761 3795 μὴ
804 3719 1153 3792 ὑπερϐαίνειν
1186 3717 1314 3779 τοὺς
1351 3715 1530 3786 ὅρους.
1577 3711 1757 3767 Unus.

190 3827 401 3896 quisque
428 3824 482 3876 in
513 3820 695 3875 ordine
724 3818 824 3872 sibi
851 3818 975 3868 dato
1000 3817 1323 3883 permaneat,
1362 3825 1522 3880 neque
1551 3806 1753 3878 regula~

193 3894 305 3970 rum
343 3913 589 3968 terminos
632 3904 985 3963 transcendat.
1020 3901 1227 3957 Deinde
1256 3905 1449 3953 auctor
1483 3894 1746 3951 Montani-

194 4018 305 4064 stas
334 4007 560 4078 propius
588 3997 945 4069 designanda,
982 3996 1038 4049 in
1061 4005 1253 4050 eorum
1292 3990 1568 4046 licentiam
1602 3990 1757 4043 inve-

194 4101 341 4156 hitur
374 4115 390 4151 :
425 4096 664 4156 Είκότως
701 4091 792 4145 τὸν
832 4085 1208 4160 ἐπηρτημένον
1260 4082 1500 4138 κίνδυνον
1538 4080 1651 4143 τοῖς
1686 4078 1759 4134 τὰ

193 4192 412 4247 τοιαῦτα
457 4187 756 4260 πράττουσι
803 4178 1195 4253 προειδόμενοι,
1242 4175 1337 4230 καὶ
1381 4174 1481 4246 τὴν
1535 4175 1616 4235 είς
1658 4172 1758 4238 τὰς

197 4285 381 4347 Θυσίας
402 4324 416 4345 ,
444 4282 538 4336 καὶ
567 4274 913 4349 εὐχαριστίας
940 4270 1217 4343 ἀμέλειαν,
1246 4268 1336 4336 ὑφ’
1364 4262 1440 4321 ὢν
1467 4267 1567 4321 οὐκ
1594 4266 1757 4337 ἐχρῆν

196 4374 603 4449 προσαγομὲνας
636 4366 866 4430 ἀσεϐῶς,
906 4364 1153 4433 παίγνιον
1189 4359 1504 4432 ἡγουμένων
1529 4358 1628 4430 τὴν
1658 4358 1755 4430 ἀρη

200 4448 504 4541 χιερατικὴν
530 4464 695 4536 τιμὴν
724 4462 848 4533 ἥτις
877 4458 1104 4530 μίμησιν
1133 4452 1374 4525 περιέχει
1400 4448 1494 4505 τοῦ
1526 4450 1758 4522 μεγάλου

201 4521 487 4634 Ξρὲιερέως
526 4521 700 4629 Ἰησόῦ
736 4521 972 4625 lima-coit
1006 4521 1485 4616 Haatlémg—ﬁpév,
1515 4521 1757 4614 ἀνάγκην
1789 4521 1832 4575 Ῑ)

198 4633 417 4724 ἔσχομεν
463 4652 557 4706 καὶ
592 4647 749 4703 τοῦτο
792 4640 1111 4715 παραινέσαι
1133 4656 1147 4671 ’
1177 4637 1276 4710 ήδη
1322 4636 1430 4708 γάρ
1469 4652 1613 4699 τινες
1647 4633 1763 4699 ἐξε-

206 4747 479 4816 τράπησαν
526 4740 698 4793 ὀπίσω
741 4737 842 4806 τῆς
882 4733 1087 4788 ἑαυτῶν
1137 4729 1512 4802 ματαιότητος.
1554 4725 1762 4781 Idcirco

200 4839 317 4906 jure
350 4835 637 4905 periculum
677 4832 744 4885 iis
778 4829 867 4898 qui
910 4827 1018 4881 haee
1070 4824 1273 4894 faciunt
1309 4822 1606 4891 impendens
1640 4836 1763 4890 pro-

211 4930 491 4995 spicientes,
520 4934 569 4980 et
599 4921 964 4994 negligentiam
1000 4918 1054 4971 in
1088 4916 1366 4985 sacriﬁciis
1396 4923 1445 4969 et
1465 4916 1761 4985 gratiarum

212 5022 489 5075 actionibus
532 5011 960 5091 [Eucharistiis],
1008 5030 1067 5067 eo
1109 5011 1246 5083 quod
1284 5010 1439 5079 impie
1467 5009 1759 5077 offerantur

210 5114 271 5167 ab
295 5115 356 5168 iis
388 5132 421 5168 a
441 5112 628 5185 quibus
663 5126 767 5167 non
802 5117 1025 5180 oportet,
1052 5107 1239 5180 quique
1267 5104 1517 5160 honorem
1543 5100 1754 5175 pontiﬁo

275 5276 381 5345 (95)
415 5275 641 5345 Constit.
673 5290 797 5345 vui,
828 5272 913 5327 32.

276 5338 380 5411 (96)
418 5338 737 5417 Tertullian.
771 5344 846 5397 De
870 5342 1034 5398 anim.
1060 5357 1136 5397 ix.

280 5416 386 5485 (97)
425 5417 650 5472 Constit.
679 5433 755 5477 vi,
779 5416 863 5469 ii.
890 5484 897 5485 ί

425 5410 650 5472 Constit.
679 5433 755 5477 vi,
779 5416 863 5469 ii.

278 5419 386 5556 ἓξὲξ

424 5487 648 5544 Constit.
684 5503 807 5550 vm,
838 5484 923 5541 i6.

1846 3272 1900 3324 in
1929 3267 2233 3322 Romanum
2264 3267 2468 3321 clerum
2506 3278 2719 3321 summa
2754 3262 2954 3330 injuria
2987 3261 3281 3317 detorsisse
3305 3260 3403 3332 (i).

1845 3361 2042 3416 Notatu
2071 3360 2213 3415 enim
2237 3358 2459 3430 dignum
2488 3365 2594 3421 est,
2624 3354 2769 3425 quod
2812 3355 2927 3424 ipse
2953 3368 3076 3407 cum
3094 3352 3408 3410 Catholicos

1847 3444 2423 3513 animalium'nomine
2458 3463 2523 3503 ac
2563 3447 2814 3519 pluribus
2856 3445 3120 3501 conviciis
3163 3446 3411 3499 cumula-

1798 3610 1811 3621 ,
1850 3554 1952 3609 ret,
1992 3559 2151 3599 nemo
2193 3551 2308 3597 tum
2354 3539 2617 3611 temporis
2656 3537 2760 3592 iuit
2791 3537 2884 3608 qui
2923 3537 3245 3591 nominatim
3277 3534 3413 3590 'l‘er-

1850 3639 2135 3694 tullianum
2161 3635 2452 3692 refelleret.
2475 3632 2641 3689 Caius
2669 3631 2835 3694 enim,
2868 3628 3124 3684 Ecclesiae
3152 3627 3413 3683 Romanae

1854 3728 2157 3800 presbyter,
2223 3725 2485 3781 adversus
2538 3721 2793 3778 Proclum
2854 3720 3095 3775 Montani
3162 3719 3413 3773 columen

1850 3822 2048 3878 eximie
2110 3820 2367 3891 scripsit;
2420 3816 2747 3888 Hippolytus
2783 3814 2835 3868 in
2868 3812 2931 3871 E.
2962 3811 3027 3867 R.
3052 3810 3169 3882 pari
3218 3808 3411 3881 gradu.

1852 3913 2120 3969 adversus
2184 3909 2596 3966 Montanistas:
2648 3914 2879 3976 uterque
2924 3918 2988 3959 ea
3042 3901 3415 3956 moderatione

1852 4011 1915 4060 ut
1964 4005 2080 4074 ipse
2120 4000 2489 4057 Tertullianus
2535 4004 2788 4053 neutrum
2838 3995 2910 4050 sit
2966 3994 3298 4055 insectatus,
3352 4008 3417 4047 ac

1853 4096 2038 4168 potius
2065 4094 2412 4165 Apollonium
2454 4087 2832 4160 exagitaverit,
2872 4085 3235 4142 orthodoxum
3272 4084 3415 4139 scri-

1858 4198 2090 4263 ptorem,
2126 4197 2181 4245 at
2226 4204 2335 4243 non
2382 4203 2447 4243 ex
2483 4185 2729 4241 Romano
2776 4183 2958 4245 clero,
3005 4187 3190 4251 utpote
3230 4181 3321 4250 qui
3360 4181 3417 4235 in

1857 4284 2081 4341 Oriente
2127 4282 2346 4337 vixerit.
2411 4278 2680 4335 Caeterum
2736 4274 3026 4345 scripsisse
3067 4272 3417 4345 Hippolytum

1858 4383 2049 4431 contra
2090 4373 2468 4435 Montanistas,
2512 4383 2717 4440 eosque
2752 4367 3013 4421 acerrime
3056 4380 3165 4435 prin
3208 4364 3420 4419 caeteris

1860 4471 2231 4540 impugnasse,
2264 4467 2319 4521 in
2348 4464 2573 4521 dubium
2614 4460 2857 4518 revocari
2880 4459 3088 4530 nequit,
3117 4473 3239 4513 cum
3264 4465 3420 4513 vetus
3460 4510 3461 4513 η

1859 4572 2052 4618 auctor
2082 4560 2271 4617 sedulo
2300 4559 2451 4625 inea
2477 4556 2683 4627 scripta
2731 4548 3041 4624 inquisierit
3065 4570 3079 4607 :
3104 4550 3264 4614 Τίνας
3292 4550 3423 4604 ὕπο-ρ

1857 4653 2050 4728 λήψεῖς
2078 4656 2220 4725 εἶχεν
2263 4654 2291 4707 ὁ
2321 4651 2620 4721 ἁγιώτατος
2660 4647 2972 4710 Ἱππόλυτος
3016 4646 3140 4717 περὶ
3182 4645 3282 4715 τῆς
3315 4643 3423 4697 τῶν

1857 4746 2236 4805 Μοντανιστῶν
2280 4745 2563 4818 αἱρέσεως,
2610 4744 2706 4799 καὶ
2748 4742 2902 4806 τίνας
2944 4742 2972 4794 ό
3017 4742 3074 4794 ὲν
3111 4738 3283 4808 ἁγίοις
3323 4737 3425 4807 τῆς

1858 4842 2078 4911 Νύσσης
2122 4838 2437 4911 Γρηγόριος.
2476 4837 2742 4904 Quidnam
2790 4834 3010 4890 senserit
3057 4829 3422 4886 sanctissimus

1862 4933 2177 5003 Hippolytus
2200 4930 2263 4985 de
2280 4918 2732 4985 Montanistarum
2760 4927 2969 4993 htzresi,
3002 4922 3188 4997 quidve
3216 4920 3274 4977 S.
3300 4918 3413 4976 Gre

1862 5026 2041 5095 qorius
2062 5022 2112 5078 Ν
2116 5040 2333 5095 yssenus
2350 5022 2447 5094 (2).

1936 5257 2049 5326 (99)
2087 5254 2355 5326 Epiphan.
2384 5254 2519 5326 liter.
2554 5249 2783 5326 nm}.

1938 5321 2086 5396 (100)
2125 5321 2339 5397 Hippoi.
2374 5322 2439 5397 In
2462 5324 2682 5397 Dan},

1936 5388 2013 5467 (i)
2055 5388 2275 5454 Hieron.
2298 5396 2366 5467 fin
2396 5394 2573 5449 Catal.
2604 5392 2800 5467 S_c_ript.
2830 5388 2971 5467 Eccl.
2999 5403 3114 5442 ι,ιιι.

1936 5461 2013 5541 (2)
2054 5468 2241 5541 Steph.
2272 5466 2470 5522 Gabar.
2503 5480 2590 5536 ap.
2620 5461 2778 5518 Pbot.
2798 5462 2921 5521 cod.
2944 5472 3185 5514 ccum.
