3994 6330
580 318 686 379 545

1428 316 1485 373 S.
1518 316 1910 374 CLEMENTIS
1943 318 1963 371 ι
1996 318 2161 375 ROM.
2196 318 2399 375 PONT.
2435 316 2663 376 OPERA
2696 316 2915 375 DUBIA.
3687 326 3776 383 5M

588 494 3763 524 —————-—-—————‘—-——_——————-—_——-—————————__

1232 671 2004 857 VETERUM
2113 671 3087 804 TESTIMONIA

1033 927 1182 1017 DE
1258 922 2457 1021 CONSTITUTIONIBUS
2524 925 3342 1024 APOSTOLICIS.

1774 1244 1959 1304 Conon
1990 1250 2309 1317 apostolicus
2340 1249 2580 1306 ultimus.

633 1399 757 1456 Sint
779 1405 959 1456 autem
988 1398 1144 1455 vobis
1174 1371 1432 1457 omnibus
1460 1398 1698 1467 clericis,
1728 1407 1783 1457 et
1806 1400 1964 1456 laicis
2004 1402 2128 1457 libri
2157 1405 2203 1462 A

561 1492 899 1548 venerabiles
926 1500 979 1549 et
1007 1490 1204 1555 sancti,
1235 1500 1339 1548 etc.
1370 1490 1667 1548 Clementis
1697 1490 1950 1563 Epistolas
1976 1492 2127 1563 dure;

561 1583 1245 1649 etConstitutiones,vobis
1270 1583 1553 1656 Episcopis
1569 1602 1665 1657 per
1679 1602 1765 1643 me
1794 1586 2125 1644 Clementem

564 1678 621 1730 in
642 1683 766 1731 octo
793 1676 949 1732 libris
983 1684 1344 1745 nuncupatas;
1377 1693 1516 1748 quas
1546 1695 1655 1734 non
1698 1689 1907 1751 oportet
1939 1696 2126 1737 coram

559 1769 819 1824 omnibus
842 1768 1143 1841 divulgare,
1168 1768 1239 1824 ob
1262 1770 1490 1843 mystica
1512 1786 1634 1841 quae
1665 1771 1721 1827 in
1752 1773 1833 1829 eis
1868 1782 2017 1830 sunt.

1735 1991 2014 2060 Eusebius,
2040 1994 2184 2054 Hist.
2209 1992 2362 2057 θεοί..
2394 1993 2486 2053 lib.
2530 2007 2615 2061 ιιι,

2303 1403 2483 1456 Ἔστω
2506 1402 2562 1456 δὲ
2605 1402 2731 1475 ὑμῖν
2769 1403 2900 1458 πᾶσι
2929 1404 3229 1476 κληρικοῖς,
3262 1405 3359 1460 καὶ
3385 1404 3589 1469 λαῖκοῖς
3617 1404 3777 1475 βιϐλία

2230 1494 2499 1565 σεϐάσμια
2541 1495 2636 1549 καὶ
2674 1496 2823 1564 ἅγια,
2864 1502 2969 1551 etc.
3014 1496 3332 1569 Κλήμεντος
3358 1497 3631 1550 ἐπιστολαὶ
3654 1498 3737 1552 δύο
3760 1516 3772 1529 ·

2226 1588 2321 1641 καὶ
2360 1588 2415 1641 ai
2437 1587 2701 1656 Διαταογαὶ
2737 1589 2863 1659 ὑμῖν
2903 1591 3014 1653 τοῖς
3041 1590 3363 1654 ἐπισκόποις
3389 1590 3465 1642 δι’
3494 1590 3623 1661 ἐμοῦ
3650 1591 3776 1663 Κλή-
3888 1648 3889 1655 γ

2228 1696 2436 1751 μεντος,
2484 1679 2541 1731 έν
2582 1678 2724 1734 ὀκτὼ
2769 1680 2995 1752 βιϐλίοις
3035 1682 3566 1756 προσπεφωνημέναι
3598 1699 3611 1713 ο
3640 1680 3695 1745 ἀς
3722 1683 3774 1735 οὐ

2224 1769 2329 1843 χρὴ
2357 1769 2692 1841 δημοσιεύειν
2734 1773 2827 1827 ἐπὶ
2867 1772 3081 1827 πάντων
3139 1772 3231 1827 διὰ
3265 1772 3337 1826 τὰ
3371 1771 3430 1825 ὲν
3467 1771 3649 1834 αὑταῖς
3688 1788 3776 1841 μυ-

2226 1862 2403 1917 στικά.

3006 1994 3088 2050 Ex
3111 1994 3244 2066 Ruf.
3277 1995 3550 2065 interpret.

2055 2081 2171 2135 cap.
2197 2066 2288 2123 25.

630 2164 775 2222 Inter
824 2166 992 2224 libros
1042 2166 1243 2224 nothos
1290 2166 1590 2224 collocetur
1672 2175 1760 2228 'Ev
1794 2178 1907 2240 τοῖς
1942 2177 2118 2241 νόθοις

2211 2176 2544 2248 ιτατετάχθω
2594 2178 2688 2232 καὶ

1658 2268 1767 2324 τῶν
1813 2268 2026 2323 Παύλου
2050 2270 2121 2341 Πρ

2211 2271 2360 2342 εωνη
2400 2267 2607 2341 γραφὴ,
2661 2268 2691 2322 ὅ
2759 2285 2883 2341 qua:
2921 2270 3123 2325 dicitur
3164 2270 3346 2325 Actus
3386 2269 3572 2337 Pauli;
3618 2270 3701 2325 scd
3726 2278 3769 2324 et

1658 2377 1718 2415 τε
1744 2360 2030 2433 λεγόμενος
2064 2362 2296 2434 Ποιμὴν,
2334 2363 2429 2417 καὶ
2457 2363 2490 2433 ἡ
2543 2361 2693 2415 Ἀπο-

1659 2453 1890 2524 κὰλυψις
1918 2453 2143 2525 Πέτρου*
2184 2453 2434 2527 καὶπρὸς
2458 2454 2686 2518 τούτοις,

1658 2544 1692 2616 ἠ
1721 2544 1991 2617 φερομένη
2005 2543 2255 2617 Βανρά6α
2267 2545 2572 2618 Ἐπιστολὴ,
2594 2546 2688 2599 καὶ

555 2269 611 2314 et
636 2259 869 2315 Actuum
896 2257 1051 2314 Pauli
1096 2260 1386 2330 scriptura,
1422 2266 1478 2315 et
1518 2258 1589 2313 li-

558 2349 655 2404 her
684 2349 779 2420 qui
810 2349 1011 2407 dicitur
1029 2350 1251 2415 Pastor,
1279 2358 1335 2405 et
1360 2349 1587 2406 Revela-

554 2441 633 2495 tio
698 2438 881 2505 Petri,
939 2439 1266 2510 insuperque
1332 2438 1590 2496 Barnabte

555 2545 677 2599 quae
707 2531 875 2585 fertur
888 2529 1148 2601 Epistola,
1173 2538 1227 2586 et
1255 2546 1375 2601 qua:
1393 2530 1589 2586 dicun-

554 2629 645 2677 tur
672 2621 939 2679 Doctrina:
963 2623 1356 2695 apostolorum.

1658 2633 1767 2688 τῶν
1790 2633 2101 2688 ἀποστόλων
2140 2635 2198 2689 αἱ
2230 2634 2515 2708 λεγόμεναι
2530 2635 2687 2689 Διδα-

1655 2726 1771 2798 χαί.
1801 2725 1942 2799 Lege
1967 2725 2218 2800 Niceph.,
2256 2728 2291 2783 l.
2326 2743 2390 2791 ιι,
2419 2742 2469 2784 c.
2500 2726 2591 2784 ιϐ.

2829 2176 2959 2233 Post
3008 2178 3124 2234 haec
3169 2179 3295 2249 jam
3342 2179 3609 2249 scriptura
3664 2184 3771 2242 est,

2763 2363 2973 2417 libellus
2995 2362 3087 2433 qui
3112 2362 3428 2432 appellatur
3458 2362 3706 2424 Pastoris,
3724 2369 3772 2415 et

2761 2452 3020 2507 revelatio
3066 2449 3210 2506 Petri
3248 2469 3264 2505 :
3297 2452 3368 2507 de
3389 2452 3582 2521 quibus
3601 2466 3770 2520 quam-

2761 2542 2995 2597 maxime
3038 2543 3350 2599 dubitatur.
3395 2542 3587 2599 Fertur
3625 2543 3768 2595 etiam

2764 2635 3022 2690 Barnaba:
3037 2636 3306 2703 Epistola,
3330 2644 3383 2691 ct
3398 2637 3638 2695 Doctrina
3662 2649 3769 2705 quis

2761 2728 2968 2783 dicitur
2998 2724 3378 2795 apostolorum

1183 2876 1246 2937 S.
1269 2877 1599 2935 Athanasius
1627 2880 1683 2936 in
1709 2879 1935 2951 epistola
1970 2878 2332 2945 Festati,tom.
2364 2880 2431 2948 ll,
2453 2882 2582 2938 edit.
2613 2882 2821 2946 Paris.,
2850 2897 2906 2956 p.
2943 2877 3035 2950 39,
3067 2882 3158 2941 40.

622 3017 762 3073 Sunt
787 3026 842 3073 et
871 3016 964 3071 alii
996 3016 1121 3071 libri
1155 3024 1351 3086 praeter
1382 3015 1519 3081 hos;
1550 3030 1662 3071 non
1690 3015 1910 3087 quidem
1954 3032 2123 3073 cano-
2151 3028 2195 3083 Β

550 3112 682 3177 uici,
712 3110 805 3165 sed
838 3124 976 3180 quos
1006 3107 1197 3164 Patres
1242 3117 1543 3163 sanxerunt
1578 3108 1682 3179 legi
1717 3109 1785 3165 iis
1824 3109 1917 3179 qui
1958 3125 2119 3166 acce-

549 3205 685 3259 dunt
706 3203 773 3258 ad
818 3202 1000 3267 (idem,
1032 3202 1371 3271 cupiuntque
1410 3200 1465 3256 in
1508 3201 1728 3272 pietatis
1756 3202 1923 3257 verbo
1958 3201 2119 3258 insti-

550 3297 626 3350 tui
653 3315 667 3350 :
694 3303 754 3349 ut
784 3292 1061 3365 Sapientia
1095 3292 1405 3349 Salomonis
1425 3332 1441 3359 ,
1474 3301 1607 3362 etc.,
1636 3303 1691 3350 et
1728 3311 1850 3365 qua:
1890 3303 2117 3351 vocatur

551 3386 807 3442 Doctrina
829 3386 1224 3457 apostolorum,
1255 3392 1310 3441 et
1349 3384 1563 3442 Pastor.
1605 3386 1879 3451 Attamen,
1907 3387 2112 3455 dilecti,

546 3494 672 3534 cum
710 3478 789 3533 illi
817 3478 1069 3534 canonici
1115 3478 1247 3539 sint.
1288 3477 1345 3532 hi
1388 3494 1519 3534 vero
1543 3478 1809 3548 legantur,
1841 3494 2111 3550 nusquam

545 3571 614 3627 lit
667 3571 1107 3644 apocryphorum
1142 3571 1374 3639 mentio;
1419 3571 1515 3628 sed
1563 3578 1692 3627 sunt
1736 3572 2111 3627 haereticorum

543 3671 935 3729 commentum.
967 3664 1060 3733 qui
1090 3678 1155 3718 ea
1205 3665 1455 3719 scribunt
1500 3665 1719 3736 quando
1754 3666 1964 3730 volunt,
2004 3666 2114 3721 illis

544 3763 727 3810 autem
752 3755 1055 3826 largiuntur
1076 3762 1130 3810 et
1152 3754 1415 3824 adjiciunt
1436 3765 1699 3825 tempora,
1718 3772 1827 3827 quo
1844 3764 2114 3827 tanquam

543 3846 769 3915 antiqua
793 3846 1152 3916 proferentes,
1183 3862 1249 3901 ex
1280 3862 1345 3902 ea
1386 3862 1448 3903 re
1488 3848 1836 3906 occasionem
1881 3849 2115 3905 habeant

541 3939 847 4012 decipiendi
879 3939 1129 3996 homines
1155 3939 1455 4013 simplices.

2295 3019 2481 3073 Ἔστιν
2510 3018 2603 3071 καὶ
2630 3017 2791 3089 ἕτερα
2821 3016 3003 3088 βιϐλία
3029 3014 3230 3071 τούτων
3266 3016 3463 3082 ἔξωθεν
3486 3032 3500 3046 ·
3542 3014 3601 3068 οὐ
3634 3031 3764 3068 κανο-

2218 3109 2470 3182 νιξόμενα
2511 3109 2628 3181 μὲν,
2673 3108 3029 3180 τετυπωμένα
3088 3108 3145 3161 δὲ
3188 3108 3350 3182 ποιρά
3383 3108 3489 3161 τῶν
3533 3105 3761 3176 Πατέρων

2217 3201 2684 3272 ἀναγινώσκεσθαι
2727 3204 2840 3266 τοῖς
2880 3201 3004 3273 ἄρτι
3044 3200 3506 3274 προσερχομένοις
3543 3199 3629 3253 καὶ
3664 3197 3762 3267 βου-

2215 3296 2461 3368 λομένοις
2500 3294 2851 3367 κατηχεϊσθαι
2878 3294 2969 3348 τὸν
2994 3293 3095 3366 τῆς
3132 3293 3418 3357 εὐσεὸείας
3450 3292 3597 3360 λόγον
3637 3306 3651 3321 ·
3685 3288 3761 3340 Σο-

2215 3388 2314 3458 φία
2368 3387 2726 3459 Σολομῶντος,
2767 3394 2899 3455 etc.,
2953 3386 3049 3440 stati.
3081 3386 3288 3460 Διδαχὴ
3333 3383 3624 3454 καλουμένη
3668 3379 3759 3433 τῶν

2215 3479 2547 3546 ἀποστόλων,
2576 3480 2671 3534 καὶ
2705 3480 2733 3533 ὁ
2772 3478 3003 3551 Ποιμήν.
3034 3479 3144 3533 Καὶ
3169 3478 3343 3550 ὅμως,
3374 3473 3648 3546 ἀγαπητοὶ,
3676 3470 3760 3523 κά-

2214 3572 2406 3625 κείνων
2432 3569 2876 3642 κανονιζομένων,
2906 3571 3001 3625 καὶ
3026 3569 3227 3623 τούτων
3247 3562 3755 3638 ἀναγινωσκομένων.

2215 3662 2448 3735 οὐδαμοῦ
2500 3664 2608 3719 τῶν
2666 3662 2996 3735 ἀποκρύφων
3039 3663 3229 3733 μνήμη
3258 3678 3274 3693 ·
3316 3660 3451 3716 ἀλλά
3500 3650 3757 3728 αίρετικῶν

2215 3757 2363 3810 ἐστιν
2417 3755 2662 3823 ἐπίνοια,
2716 3754 3036 3826 γραφόντων
3082 3753 3178 3825 μὲν
3214 3754 3305 3807 ὅτε
3348 3752 3582 3806 θέλουσιν
3617 3743 3753 3809 αὐτὰ,

2214 3844 2585 3921 χαριζομένων
2603 3847 2658 3899 δὲ
2682 3846 2775 3900 καὶ
2796 3843 3189 3919 προστιθέντων
3218 3845 3402 3908 αὐτοῖς
3428 3841 3653 3915 χρόνους,
3681 3836 3755 3888 iw:

2139 3961 2143 3965 '
2215 3939 2292 4003 ὡς
2320 3937 2524 3992 παλαιὰ
2552 3938 2931 4010 προφέροντες,
2963 3937 3231 4009 πρόφασιν
3261 3936 3457 4009 ἔχωσιν
3482 3931 3677 4001 ἀπατᾷν
3699 3928 3752 3979 ἐκ

2212 4029 2403 4084 τούτου
2429 4030 2556 4093 τοὺς
2584 4029 2890 4103 ἀκεραίους.

1755 4202 1820 4261 In
1846 4204 2075 4277 Synopsi
2102 4223 2270 4262 sacrae
2300 4204 2606 4275 Scriptura.

614 4342 815 4397 lterum
837 4342 962 4398 libri
980 4341 1113 4398 Novi
1130 4339 1463 4399 Testamentl
1482 4341 1680 4415 quibus
1691 4342 2107 4410 contradicitur,

2281 4341 2393 4413 Τῆς
2412 4341 2539 4404 νέας
2566 4340 2727 4395 πάλιν
2762 4337 3034 4410 Διαθήκης
3053 4335 3437 4410 ἀντιλεγόμενα
3462 4333 3640 4396 ταῦτα,
3657 4335 3747 4383 etc.

540 4444 673 4491 sunt
701 4435 890 4498 bi,etc.
919 4432 1174 4489 Doctrina
1200 4436 1594 4505 apostolorum,
1622 4433 1958 4489 Clementina
1996 4452 2010 4488 :
2041 4449 2107 4489 ex

2213 4433 2412 4505 Διδαχὴ
2442 4432 2772 4496 ἀποστόλων,
2803 4429 3117 4501 Κλημέντια
3146 4445 3160 4459 ·
3203 4428 3265 4494 ἐξ
3303 4420 3377 4485 ὦν
3418 4419 3751 4499 μετεφράσθη-

539 4528 740 4597 quibus
786 4527 995 4583 veriora
1044 4535 1097 4582 et
1145 4543 1176 4581 a
1222 4526 1333 4583 Deo
1378 4527 1661 4597 inspirata,
1693 4526 1864 4583 electa
1894 4534 2023 4582 sunt
2045 4541 2110 4581 ac

541 4620 827 4677 translata.
856 4618 981 4675 llaec
1010 4626 1139 4675 sunt
1169 4634 1290 4690 quae
1322 4616 1597 4692 leguntur,
1624 4628 1734 4676 etc.

2213 4541 2315 4580 σαν
2343 4524 2632 4594 ἐκλεγέντα
2658 4524 2727 4577 τὰ
2754 4522 3087 4595 ἀληθέστερα
3106 4522 3200 4575 καὶ
3228 4520 3563 4576 θεόπνευστα·
3591 4510 3748 4569 Ταῦτα

2215 4617 2283 4672 τὰ
2310 4616 2809 4689 ἀναγινωσκόμενα.
2838 4623 2946 4675 etc.

1625 4774 1689 4832 S.
1719 4772 2081 4845 Epiphanius,
2121 4773 2311 4829 Iunt-esi
2344 4772 2434 4842 45,
2464 4790 2612 4828 ωιτη.
2640 4773 2692 4832 5.

609 4905 752 4975 Quin
790 4916 845 4965 et
872 4910 1103 4980 apostoli
1158 4911 1213 4966 in
1262 4913 1403 4968 libro
1433 4914 1523 4984 qui
1568 4912 1900 4969 Constitutio
1943 4926 2110 4966 voca-

2290 4911 2453 4967 Ἂλλά
2479 4913 2574 4967 καὶ
2612 4912 2661 4966 οί
2703 4909 2991 4966 ἀπόστολοι
3032 4927 3193 4979 φασιν
3235 4911 3294 4964 ὲν
3334 4910 3399 4979 τῇ
3429 4897 3657 4961 Διατάξει
3687 4892 3740 4959 τῇ

539 5010 651 5067 tur,
683 5002 870 5059 aiunt:
902 5003 1149 5060 Ecclesia
1179 4983 1462 5060 catholica,
1481 5015 1565 5062 est
1596 5006 1691 5061 Dei
1734 5005 2000 5074 plantatio
2043 5018 2111 5060 ac

2211 5005 2542 5080 καλουμένῃ,
2585 5004 2671 5059 ὃτι
2702 5003 2896 5072 φυτεία
2934 5003 3068 5058 Θεοῦ
3105 5003 3199 5057 καὶ
3244 4997 3499 5075 ἀμπελὼν
3539 4994 3570 5065 1‘,
3609 4983 3741 5044 καθο-

539 5095 715 5151 vinea.
746 5094 913 5151 Locus
942 5106 1115 5151 exstat
1144 5098 1296 5153 initio
1324 5099 1794 5154 Constitutionum.

2208 5099 2335 5173 λικὴ
2377 5098 2687 5169 Ἐκκλησία.

1852 5256 2059 5315 Ηωνεεὶ
2089 5258 2176 5325 70,
2209 5273 2356 5313 num.
2389 5255 2478 5312 10.

606 5386 688 5442 Ad
720 5388 821 5445 hoc
850 5399 1030 5447 autem
1057 5391 1221 5448 iidem
1248 5392 1482 5449 Audiani
1515 5393 1842 5466 detorquent
1883 5403 2102 5467 aposto-

533 5479 710 5537 lorum
760 5482 1246 5555 Constitutionem;
1289 5489 1384 5559 qui
1410 5489 1629 5560 quidem
1666 5489 1805 5545 liber
1842 5503 1874 5544 a
1916 5489 2103 5545 multis

534 5584 823 5632 revocatus
855 5579 908 5633 in
939 5579 1186 5647 dubium,
1221 5596 1331 5636 non
1360 5590 1444 5636 est
1471 5587 1656 5638 tamen
1685 5578 2098 5652 improbandus.

533 5663 726 5723 Omnis
755 5670 954 5740 quippe
990 5673 1291 5729 canonicos
1322 5671 1455 5729 ordo
1500 5674 1552 5729 in
1584 5675 1702 5745 ipso
1745 5673 2055 5730 continetur
2082 5693 2096 5739 ;

535 5767 590 5814 et
621 5758 753 5816 nihil
786 5758 885 5818 ﬁde
917 5764 1299 5835 adultcratum,
1333 5782 1509 5839 neque
1554 5783 1581 5821 ιι
1609 5769 1980 5836 confessione,
2009 5784 2100 5825 ne.

2278 5398 2373 5461 Εις
2411 5393 2568 5449 τοῦτο
2605 5394 2662 5448 δὲ
2702 5394 2753 5446 οἱ
2790 5392 2943 5446 αὐτοὶ
2987 5388 3233 5445 Αὺδιανοὶ
3276 5378 3628 5459 παραφέρουσι
3649 5365 3735 5439 τὴν

2206 5489 2313 5542 τῶν
2340 5460 2647 5542 ἀποστόλων
2669 5483 2941 5550 Διάταξιν,
2980 5479 3145 5536 οὖσαν
3197 5481 3295 5552 μὲν
3336 5477 3452 5566 τοῖς»

2206 5578 2540 5652 ἀμφιλέκτῳ,
2584 5576 2702 5632 ἀλλ’
2751 5545 2866 5629 οὐκ⁷
2888 5545 3162 5645 ἀδόκιμον.
3197 5545 3366 5625 ἸΙᾶσα
3398 5564 3500 5634 γὰρ
3537 5559 3588 5609 ἐν
3612 5545 3729 5615 αὐτῇ

2208 5670 2462 5743 κανονικὴ
2491 5668 2643 5734 τάξις
2683 5666 2999 5739 ἐμφέρεται,
3036 5667 3130 5719 καὶ
3170 5663 3320 5717 οὐδὲν
3354 5654 3729 5743 adpetit“???

2212 5764 2369 5836 μένον
2398 5733 2491 5835 της
2527 5733 2780 5826 πίστεως,
2808 5733 2924 5814 οὐδὲ
2951 5759 3047 5829 τῆς
3076 5758 3379 5829 ὁμολογίας,
3401 5741 3511 5803 οὐδὲ
3536 5740 3623 5809 τῆς
3648 5733 3723 5784 έκ¹
