3994 6330
310 280 408 338 εις

1117 292 1711 351 CONSTI'I'UTIGNES
1744 292 2216 351 APOSTOLICE.
2248 324 2319 336 —-
2358 291 2719 352 PlOiEMlA.

3424 289 3531 355 διο

304 397 692 471 utamini;
713 398 1043 475 διοικήσεως,
1072 409 1167 463 καὶ
1190 410 1433 477 κανόνος,
1469 414 1564 467 καὶ
1607 412 1857 474 πίστεως.

1961 428 2068 482 que
2094 412 2164 468 ab
2196 412 2567 468 ecclesiastica
2598 409 3093 473 administratione.
3124 418 3180 466 et
3208 421 3442 474 canone,
3467 425 3533 465 ao

302 491 373 544 τὸ
404 491 465 547 δὲ
505 492 701 565 ῥητὸν,
737 494 829 565 ἀφ’
865 489 929 548 οὗ
967 494 1191 568 γνώμην
1217 497 1577 568 λαμϐάνοντες
1607 498 1864 571 περὶτοῦ

296 584 505 655 Πάσχα,
529 586 715 653 κακῶς
743 588 1241 662 παρερμηνεύουσιν
1263 591 1311 644 oi
1338 591 1743 664 προειρημένοι,
1766 590 1862 647 καὶ

294 676 614 744 ἀγνοοῦντες
641 678 839 752 ἑτέρως
866 680 1355 753 ὑπολαμϐάνουσιν.
1374 682 1645 755 ὐρίζουσι
1672 682 1780 757 γὰρ
1804 686 1863 740 ἐν

296 770 358 838 τῇ
387 768 524 840 αὐτῇ
552 769 791 836 διατάξει
834 773 883 825 οἱ
924 771 1229 837 ἀπόστολοι,
1263 775 1345 830 δτι
1377 776 1546 846 ὑμεῖς
1561 774 1649 846 μὴ
1673 775 1862 845 ψηφί.

293 858 447 926 (me,
472 861 635 915 auo
660 862 877 918 ποιεῖτε
903 863 1050 919 ὅταν
1068 868 1122 919 ol
1146 865 1395 936 ἀδελφοὶ
1416 866 1582 938 ὑμῶν
1600 868 1657 922 οὶ
1676 867 1746 921 ἐκ
1771 880 1864 920 πε·

292 951 562 1022 ριτομῆςυ
583 956 713 1024 μετ’
749 955 947 1012 αὐτῶν
980 959 1101 1029 ἅμα
1135 959 1371 1015 ποιεῖτε.
1403 960 1514 1015 Kal.
1547 961 1649 1016 οὐκ
1679 955 1862 1015 εἶπαν·

298 1048 477 1102 ὀταν
514 1052 571 1103 οἱ
606 1049 855 1119 ἀδελφοὶ
891 1049 1076 1121 ὑμῶν,
1122 1053 1176 1106 οι
1214 1051 1285 1105 ἐν
1318 1053 1603 1124 περιτομῇ
1631 1071 1645 1085 ·
1676 1055 1812 1110 ἀλλά
1840 1071 1856 1087 ⁸

289 1141 343 1194 οι
367 1140 438 1194 ἐκ
464 1141 821 1211 περιτομῆς-⁸
840 1143 927 1198 ἵνα
946 1141 1158 1210 δείξωσι
1177 1144 1305 1209 τοὺς
1322 1144 1431 1199 ἀπὸ
1443 1146 1542 1218 τῆς
1561 1148 1861 1219 περιτομῆς

288 1232 364 1294 είς
390 1231 492 1304 τὴν
535 1233 860 1305 Ἐκκλησίαν
892 1235 1258 1307 μετελθόντας,
1280 1237 1553 1309 ἀρχηγοὺς
1576 1234 1713 1291 εἶναι
1743 1240 1859 1309 μετ’

286 1325 492 1379 ἐκεῖνον
532 1326 626 1380 τὸν
670 1327 879 1400 χρόνον,
917 1335 1024 1386 etc.
1056 1328 1216 1403 Παρὰ
1238 1333 1350 1394 τοῖς
1377 1329 1688 1395 ἀποστόλοις
1714 1330 1771 1385 δὲ
1798 1330 1859 1385 τὸ

288 1417 446 1489 ῥητὸν
472 1418 557 1470 δι’
584 1418 834 1491 ὁμόνοιαν
860 1420 1174 1493 ἐμφέρεται,
1202 1420 1279 1486 ὡς
1304 1421 1752 1494 ἐπιμαρτυροῦσι,
1780 1420 1861 1477 λέ-

284 1526 491 1577 γοντες,
524 1511 607 1566 ὅτι
636 1512 752 1564 κάν
777 1529 840 1567 te
865 1512 1235 1582 πλανηθῶσι,
1267 1512 1421 1584 μηδὲ
1446 1513 1589 1584 ὑμῖν
1605 1515 1855 1585 μελέτω.

295 1602 384 1668 Ἐξ
402 1604 585 1659 αὐτῶν
604 1604 660 1659 δὲ
679 1605 785 1659 τῶν
805 1607 979 1660 ἐκεῖσε
1006 1605 1308 1679 εἰρημένων
1328 1604 1507 1679 ῥητῶν
1527 1607 1560 1678 ὴ
1592 1602 1858 1672 ἀντίθεσις

155 1690 166 1702 ’
283 1696 600 1769 ἀρθήσεται.
630 1697 898 1753 Φάσκουσι
924 1699 1032 1771 γάρ
1060 1697 1159 1771 τὴν
1186 1697 1491 1771 ἀγρυπνίαν
1517 1697 1723 1771 φέρειν,
1764 1716 1859 1770 με·

284 1790 554 1853 σαζόντων
579 1791 688 1844 τῶν
724 1790 991 1863 ’Δζύμων.
1021 1792 1094 1846 Οὐ
1122 1790 1342 1845 δύναται
1360 1790 1415 1845 δὲ
1440 1789 1601 1845 τοῦτο
1627 1791 1858 1846 πάντοτε

284 1882 533 1950 γενέσθαι
557 1884 615 1936 ὲν
642 1885 707 1955 τῇ
735 1882 900 1955 ψήφῳ
924 1886 989 1955 τῇ
1018 1883 1462 1956 ὲκκλησιαστικῇ.

1963 504 2090 561 (ide.
2122 503 2294 560 Porro
2338 503 2566 569 dictum,
2597 518 2628 558 a
2682 518 2793 574 quo
2818 502 3146 559 sententiam
3174 499 3243 558 de
3263 498 3534 557 Paschate

1963 596 2262 665 accipiunt,
2296 594 2541 667 praedicti
2572 595 2711 650 male
2737 594 3187 665 interpretantur,
3212 600 3268 648 et
3295 607 3395 663 per
3446 591 3535 647 in-

1963 690 2175 745 scitiam
2208 689 2387 745 alieno
2412 703 2575 744 sensu
2605 696 2848 743 sumunt.
2882 686 3153 741 Deliniunt
3194 685 3337 740 enim
3376 685 3433 739 in
3467 698 3532 739 ea

1963 782 2354 836 constitutione
2382 780 2612 851 apostoli
2646 798 2659 834 :
2702 778 2804 835 Vos
2833 780 2994 833 nolite
3023 788 3325 848 computare
3353 793 3415 830 ac
3438 775 3531 831 de-

1961 889 2187 940 cernere,
2216 872 2306 929 sed
2338 883 2461 927 tunc
2487 872 2763 936 celebrate,
2797 871 3006 943 quando
3037 872 3230 940 fratres
3262 870 3419 924 vestri
3440 869 3531 940 qui

1961 981 2029 1021 ea:
2069 967 2464 1023 circumcisione
2483 974 2644 1021 sunt:
2680 980 2799 1018 cum
2848 962 2957 1018 illis
3013 970 3120 1016 una
3169 961 3418 1031 peragite.
3464 956 3531 1013 Et

1962 1075 2072 1117 non
2104 1060 2393 1115 dixerunt:
2424 1056 2650 1125 Quando
2688 1055 2882 1125 fratres
2907 1054 3086 1117 vestri,
3112 1054 3201 1123 qui
3220 1053 3531 1106 incircum-

1959 1152 2156 1207 aisione
2175 1160 2316 1216 sunt,
2344 1151 2436 1207 sed
2463 1169 2476 1206 :
2506 1149 2609 1217 Qui
2643 1163 2708 1205 ea:
2729 1147 3126 1221 circumcisione
3163 1154 3322 1208 sunt:
3354 1151 3412 1198 ut
3439 1158 3531 1199 os-

1959 1244 2266 1306 tenderent,
2300 1259 2394 1298 eos
2426 1242 2521 1312 qui
2548 1257 2613 1295 ex
2659 1238 3078 1296 circumcisione
3124 1236 3191 1291 ad
3231 1235 3528 1290 Ecclesium

1959 1335 2317 1397 transierunt,
2345 1334 2559 1387 futuros
2587 1343 2708 1404 post
2736 1331 2867 1385 illud
2891 1341 3108 1401 tempus
3133 1329 3301 1384 duces
3340 1334 3395 1381 et
3438 1341 3531 1380 au-

1959 1438 2159 1491 ctores,
2190 1434 2295 1482 etc.
2325 1426 2478 1494 Apud
2510 1424 2785 1496 apostolos
2824 1438 2953 1479 vero
2998 1422 3205 1476 dictum
3236 1419 3367 1473 illud
3399 1433 3528 1489 pro-

1959 1526 2080 1592 pter
2111 1518 2463 1573 concordiam
2510 1518 2749 1589 positum
2800 1523 2908 1579 est,
2946 1511 3407 1586 quemadmodum
3445 1517 3529 1565 te-

1957 1621 2176 1669 stantur
2197 1612 2283 1667 bis
2326 1611 2508 1667 verbis
2540 1628 2554 1665 :
2590 1609 2657 1664 Et
2702 1609 2937 1679 quamvis
2980 1606 3242 1669 aberrent,
3278 1621 3341 1659 ne
3387 1600 3529 1656 vobis

1957 1719 2101 1758 cum
2128 1704 2216 1759 sit.
2250 1702 2515 1758 Carterum
2540 1719 2606 1758 ex
2638 1701 2863 1757 vocibus
2892 1699 3027 1771 ipsis
3055 1714 3176 1769 qua:
3200 1696 3273 1752 ibi
3308 1694 3530 1765 prolata:

1961 1806 2114 1862 sunt,
2135 1796 2406 1867 oppositio
2427 1804 2481 1850 et
2506 1793 2865 1866 repugnantia
2888 1791 3189 1864 apparebit.
3217 1788 3351 1843 Nam
3375 1787 3530 1840 aiunt

1963 1887 2308 1958 pervigilium
2353 1888 2621 1956 agendum
2669 1900 2792 1939 esse
2837 1885 2893 1938 in
2940 1881 3118 1937 medio
3176 1884 3524 1951 Azymorum.

285 1973 395 2030 Hoc
424 1983 633 2039 autem,
659 1975 716 2031 in
748 1975 1118 2031 ecclesiastica
1146 1982 1448 2047 temporum
1470 1976 1876 2047 supputatione,
1913 1977 2029 2034 ﬁeri
2046 1988 2307 2052 perpetuo
2328 1996 2436 2035 non
2467 1986 2667 2050 potest.
2685 1976 2819 2049 Lege
2841 1974 2978 2047 quod
3016 1973 3209 2029 notabo
3227 1972 3295 2028 ad
3336 1970 3519 2028 Const.

285 2076 477 2137 sporn,
509 2066 666 2133 liba,
689 2083 805 2137 cap.
835 2068 919 2132 17,
943 2076 992 2123 et
1023 2083 1138 2139 cap.
1174 2069 1264 2126 19.

1723 2184 1955 2242 Numero
1984 2183 2067 2239 11.

345 2321 585 2391 Διγουσι
622 2319 732 2396 γὰρ
761 2324 812 2377 οί
848 2322 1002 2378 αὐτοὶ
1026 2321 1333 2388 ἀπόστολοι,
1372 2323 1455 2378 ὅτι
1482 2324 1612 2379 ὅταν
1652 2323 1851 2379 ικεῖνοι

279 2413 614 2486 ιύωχῶνται,
644 2416 802 2487 ὑμεῖς
827 2415 1174 2487 νηστεύοντες
1205 2416 1343 2489 ὑπὲρ
1372 2415 1553 2474 αὐτῶν
1584 2415 1849 2482 πενθεττε,

279 2507 355 2560 δτι
386 2507 445 2559 ὲν
470 2510 541 2579 τῇ
559 2508 746 2580 ἡμέρᾳ
775 2507 876 2579 τῆς
901 2508 1098 2581 ἑορτῆς
1124 2509 1216 2563 τὸν
1234 2509 1463 2581 Χριστὸν
1479 2509 1847 2582 ἐσταύρωσαν·

278 2600 369 2652 καὶ
393 2601 527 2653 ὅταν
561 2600 717 2654 αὐτοὶ
746 2599 1000 2665 πενθῶσι,
1028 2601 1098 2656 τά
1137 2601 1320 2674 ἄζυμα
1355 2601 1625 2667 ἐσθίοντες
1654 2602 1714 2656 ὲν
1760 2618 1853 2655 πι-

276 2692 475 2763 κρισιν,
508 2693 667 2766 ὑμεῖς
692 2692 999 2766 εὐωχεῖσθε.

2027 2321 2221 2377 Dicunt
2246 2319 2393 2376 enim
2424 2319 2587 2375 iidem
2619 2317 2884 2389 apostoli;
2917 2315 3139 2388 quando
3169 2312 3247 2369 illi
3289 2313 3521 2383 epulan-

1950 2422 2067 2481 tur,
2098 2428 2196 2469 ros
2236 2412 2551 2483 jejunantes
2580 2427 2681 2482 pro
2728 2411 2864 2481 ipsis
2906 2408 3107 2479 lugete,
3157 2406 3414 2478 quoniam
3463 2405 3520 2460 in

1953 2510 2042 2565 die
2071 2505 2385 2564 festivitatis
2428 2504 2707 2561 Christum
2749 2500 3142 2559 cruciﬂxerunt
3176 2519 3188 2556 :
3219 2507 3271 2556 et
3302 2497 3525 2570 quando

1948 2602 2030 2659 illi
2062 2602 2267 2673 lugent,
2295 2615 2483 2671 azyma
2506 2599 2730 2654 edentes
2758 2612 2881 2652 cum
2913 2596 3143 2651 lactucis
3189 2592 3520 2664 agrestibus,

1951 2708 2052 2750 vos
2079 2692 2398 2765 epulamini.
2428 2689 2561 2763 Lege
2592 2687 2846 2755 Constit.,
2877 2687 2969 2744 lib.
3002 2692 3195 2757 v,'eap.
3229 2685 3313 2742 15.

1785 2846 2012 2905 Ibidem.

338 2984 509 3052 Αὖθις
523 2988 706 3044 αὐτῶν
721 2987 1006 3053 ἀκούοντες
1020 2988 1080 3044 ὲν
1103 2990 1169 3061 τῇ
1198 2988 1466 3053 Διατάξει,
1494 2988 1576 3042 δτι
1601 2987 1631 3041 δ
1657 2986 1843 3043 κακῶν
1869 3008 1872 3037 l

2015 2981 2150 3039 Cum
2198 2980 2397 3037 iterum
2447 2978 2669 3036 eosdem
2737 2980 3014 3050 apostolos
3073 2977 3399 3042 audiamus,
3448 2976 3504 3031 in

274 3082 468 3137 ἑαυτοῦ
488 3082 590 3157 τὴν
615 3081 789 3155 ψυχὴν
807 3083 865 3136 ὲν
895 3083 1167 3155 κυριακῇ,
1197 3081 1593 3153 ὲπικατάρατός
1620 3082 1735 3135 ἐστι
1763 3079 1841 3152 τῷ

274 3174 411 3247 Θεῷ.

1941 3072 2346 3130 Constitutione
2373 3071 2656 3128 dicentes:
2681 3069 2785 3139 Qui
2809 3070 2994 3141 allligit
3014 3069 3251 3124 animam
3273 3082 3428 3124 suam
3460 3066 3519 3121 in

1941 3167 2244 3231 Dominica,
2272 3165 2598 3221 maledictus
2626 3173 2712 3220 est
2753 3161 2891 3219 Deo.
2915 3160 3051 3232 Lege
3089 3159 3301 3228 Consl.,
3330 3157 3424 3213 lib.
3454 3174 3515 3221 ν,

1943 3277 2064 3332 cap.
2090 3260 2183 3316 20.

1705 3416 1759 3471 Ν
1764 3433 1945 3472 umero
1970 3417 2060 3476 i2.

341 3559 749 3633 Παρατηρεῖται
766 3557 871 3631 δὲὴ
907 3557 1199 3630 Ἐκκλησία
1227 3556 1377 3623 ἄγειν
1403 3552 1499 3625 τὴν
1529 3553 1719 3626 ἑορτὴν
1748 3550 1843 3606 τοῦ

280 3652 485 3725 Πάσχα,
533 3653 784 3707 τουτέστι
814 3652 913 3724 τὴν
957 3649 1226 3721 ἑϐδομάδα
1264 3648 1362 3719 τὴν
1404 3647 1714 3719 ὡρισμένην
1750 3649 1845 3701 καὶ

281 3749 381 3803 ἀπ’
411 3745 593 3801 αὐτῶν
632 3745 742 3799 τῶν
777 3743 1089 3800 ἀποστόλων
1110 3742 1167 3795 ὲν
1205 3741 1271 3812 τῇ
1304 3738 1571 3805 Διατάξει,
1593 3738 1702 3793 ἀπὸ
1720 3738 1843 3792 δευ-

282 3842 437 3913 τέρας
466 3840 783 3903 nosam,
826 3839 962 3907 ὅπερ
989 3834 1138 3891 ἐστὶν
1170 3833 1483 3908 ἀγορασμδς
1512 3833 1607 3888 τοῦ
1634 3833 1843 3905 προϐά-

282 3949 393 3991 τω,

2016 3552 2282 3608 Observat
2331 3556 2513 3605 autem
2564 3546 2829 3613 Ecclesia,
2881 3554 2938 3602 ut
2983 3546 3180 3602 festum
3228 3544 3517 3605 Paschalis

1944 3653 2188 3718 peragat,
2211 3645 2315 3700 hoc
2343 3654 2447 3709 est,
2492 3641 2883 3699 hebdomadam
2918 3640 3192 3695 decretam
3234 3641 3399 3695 etiam
3446 3644 3517 3697 ab

1943 3740 2078 3810 ipsis
2103 3737 2364 3810 apostolis
2394 3738 2450 3792 in
2492 3735 2916 3799 Constitutione,
2964 3748 2993 3787 a
3019 3734 3259 3789 secunda
3307 3731 3517 3789 Sabba-

1941 3839 2144 3896 torum,
2176 3830 2321 3903 quod
2352 3838 2438 3886 est
2470 3828 2675 3900 emptio
2702 3827 2848 3900 agni.
2882 3826 3065 3883 Const.
3107 3837 3302 3896 apost.,
3336 3825 3428 3881 lib.
3454 3844 3511 3893 ν,

1943 3940 2063 3995 cap.
2100 3924 2188 3991 15,
2227 3922 2317 3992 15,
2343 3921 2435 3991 18,
2463 3921 2553 3981 19.

1559 4080 1768 4137 eresi
1798 4080 1887 4148 75,
1917 4095 2065 4135 num.
2097 4084 2155 4138 b.

348 4235 407 4288 El
432 4235 493 4288 ἃ
516 4232 616 4287 καὶ
640 4229 747 4303 χρὴ
762 4228 939 4300 τὸτῆς
963 4225 1265 4293 Δωτάξεως
1288 4224 1398 4279 τῶν
1431 4219 1741 4278 ἀποστόλων
1758 4214 1839 4269 λέρ

281 4342 409 4394 γειν,
437 4326 560 4389 πῶς
599 4325 718 4377 ἐκεῖ
759 4322 1019 4395 ὡρίζοντο
1056 4319 1284 4391 τετράδα
1326 4315 1420 4371 καὶ
1455 4308 1838 4386 Προσάὁϐατον

280 4418 525 4489 νηστείαν
553 4415 573 4489 (
595 4414 851 4471 Usserius
876 4412 1100 4482 corrigit
1118 4451 1134 4475 ,
1163 4406 1475 4481 νηστεύειν)
1501 4404 1588 4459 διά
1615 4399 1834 4463 παντὸς,

2013 4208 2071 4266 Si
2099 4225 2228 4269 vero
2266 4209 2431 4266 etiam
2458 4216 2673 4280 oportet
2698 4221 2765 4265 ex
2796 4204 3167 4278 apostolorum
3218 4203 3511 4261 Constitu-

1940 4305 2091 4360 tione
2120 4302 2299 4374 loqui;
2328 4317 2439 4373 quo
2468 4300 2629 4355 modo
2650 4299 2762 4355 illic
2793 4299 3119 4354 deﬁnierunt
3152 4296 3509 4367 jejunandum

1939 4410 2063 4451 esse
2097 4402 2365 4465 perpetuo
2386 4400 2581 4463 quarta
2619 4390 2755 4447 feria
2801 4397 2856 4446 et
2893 4388 3248 4455 Prosabbato.
3286 4398 3512 4459 excepta

278 4479 440 4585 χωρὶς
477 4479 860 4581 Πεντηκοστῆς
875 4522 891 4537 ⁸
912 4506 1006 4559 καὶ
1029 4479 1285 4576 περὶτῶν
1302 4501 1361 4565 ἒξ
1378 4496 1598 4570 ἡμερῶν
1611 4492 1705 4548 τοῦ
1725 4491 1840 4585 ua—
1869 4490 1872 4543 Ῑ

1952 4486 2290 4553 Pentecoste;
2332 4493 2387 4540 et
2422 4483 2492 4539 de
2531 4499 2626 4539 sex
2670 4481 2863 4538 diebus
2905 4479 3213 4546 Paschalis,
3239 4480 3514 4551 quomodo

282 4622 400 4676 σχα,
434 4603 554 4668 πῶς
592 4598 1025 4673 παραγγέλλουσι
1075 4596 1237 4669 μηδὲν
1279 4593 1415 4656 ὅλως
1455 4584 1833 4661 λαμβάνειν,ἦ

281 4698 439 4767 ἄρτου
465 4695 563 4749 καὶ
590 4692 717 4757 ἀλδς
742 4692 839 4745 καὶ
868 4689 1080 4752 ὓδατος,
1117 4687 1276 4741 ποίαν
1304 4702 1365 4737 τε
1403 4681 1617 4754 ἡμέραν
1644 4679 1795 4747 ἄγειν
1817 4715 1833 4741 ,

281 4788 391 4851 πῶς
416 4805 477 4840 τε
501 4784 757 4840 ἀπολύειν
784 4784 862 4846 είς
890 4780 1302 4852 ὲπιφώσκουσαν
1334 4773 1637 4848 Κυριακὴν,
1675 4788 1837 4843 φανε-

283 4881 368 4950 ρόν
404 4880 541 4933 ἐστι.
576 4877 645 4932 Ει
670 4876 852 4932 infra:
890 4870 1023 4929 Εἶτα
1067 4873 1125 4927 δὲ
1164 4873 1214 4925 εί
1254 4869 1330 4942 μὴ
1371 4867 1499 4940 περὶ
1537 4865 1638 4936 τῆς
1664 4863 1836 4933 αὐτῆς

282 4970 581 5034 ὑποθέσεως
609 4968 880 5040 τετράδων
917 4966 1011 5020 καὶ
1032 4960 1430 5037 Προσαδῶτων
1457 4959 1508 5012 οἱ
1533 4957 1686 5011 αὐτοὶ
1700 4954 1836 5010 ἀπό-

284 5063 451 5116 στολοι
474 5062 537 5116 ὲν
558 5062 627 5133 τῇ
655 5059 903 5124 Δωτάξει
920 5058 1124 5125 ελεγον,
1155 5054 1251 5108 καὶ
1282 5052 1456 5115 ἄλλως
1484 5051 1549 5104 ὲκ
1574 5046 1837 5117 πανταχό-

282 5154 367 5208 θεν
390 5157 607 5227 εῐχομιν
648 5151 923 5217 ἀποδεῖξαι
956 5165 969 5180 ·
1013 5148 1165 5219 ὅμως
1196 5144 1327 5214 περὶ
1363 5141 1552 5196 τούτου
1593 5138 1834 5211 ἀκριϐῶς

283 5248 560 5319 γράφουσι.

1942 4579 2262 4651 praecipiunt
2287 4578 2425 4633 nihil
2454 4576 2680 4633 omnino
2707 4590 2942 4636 sumere.
2977 4581 3175 4646 praeter
3214 4588 3407 4644 panem
3456 4580 3511 4627 et

1941 4674 2108 4730 salem
2138 4678 2194 4728 et
2240 4686 2459 4741 aquam,
2509 4670 2832 4739 qualemque
2883 4666 3025 4721 diem
3073 4681 3251 4736 agere,
3297 4674 3353 4719 et
3401 4672 3512 4734 quo

1940 4773 2100 4836 pacto
2126 4763 2394 4835 jejunium
2441 4763 2650 4818 solvere
2701 4760 2755 4814 in
2803 4759 3152 4814 illucescente
3190 4755 3507 4819 Dominica;

1939 4856 2287 4913 manifestum
2329 4862 2431 4910 est.
2478 4853 2543 4909 Et
2572 4853 2730 4924 paulo
2757 4861 2871 4919 post
2902 4865 2923 4904 :
2947 4848 3147 4904 Deinde
3170 4862 3319 4911 vero,
3357 4846 3404 4902 si
3440 4847 3509 4901 de

1939 4948 2129 5003 eodem
2178 4954 2500 5017 argumento
2552 4944 2879 5011 Quartarum
2928 4948 2983 4997 et
3043 4938 3504 4994 Prosabbatorum

1937 5040 2101 5096 iidem
2126 5038 2356 5111 apostoli
2383 5038 2439 5092 in
2458 5036 2860 5093 Constitutione
2880 5048 2987 5087 non
3013 5031 3316 5097 dixissent;
3339 5029 3502 5083 etiam

1935 5131 2093 5186 aliter
2112 5130 2351 5199 undique
2376 5143 2661 5199 possemus
2682 5126 3059 5181 demonstrare
3080 5140 3092 5176 :
3110 5135 3418 5192 quanquam
3438 5133 3502 5173 ea

1934 5220 2002 5276 de
2024 5236 2082 5277 re
2112 5228 2366 5276 accurate
2393 5218 2659 5275 scribunt.
2704 5214 2839 5287 Lege
2882 5213 3133 5276 Constit.,
3162 5211 3252 5265 lib.
3294 5228 3347 5273 ν,
3382 5225 3500 5276 cap.

1916 5314 2023 5378 15,
2049 5313 2152 5381 2ος
2188 5312 2278 5367 lib.
2311 5327 2407 5379 vn,
2436 5308 2671 5379 cap.25;
2702 5307 2793 5362 lib.
2818 5322 2870 5375 ν,
2900 5321 3019 5376 cap.
3053 5304 3142 5369 15,
3176 5301 3266 5368 15,
3302 5300 3499 5365 18,19.

1547 5476 1751 5532 Βατσεὶ
1776 5474 1866 5539 80,
1899 5489 2043 5529 num.
2086 5472 2138 5527 7.

343 5606 450 5660 Kal.
492 5606 621 5679 accpi.
668 5604 768 5675 μὲν
794 5599 886 5657 οὖν
928 5599 1021 5655 τοῦ
1061 5600 1266 5670 γενείου
1300 5599 1358 5651 ὲν
1390 5598 1510 5659 ταῖς
1549 5592 1830 5662 Διατάξεσι

281 5696 379 5752 τῶν
407 5697 716 5752 ἀποστόλων
747 5695 943 5765 φάσκει
980 5695 1008 5746 ὁ
1040 5693 1178 5756 θεῖος
1205 5691 1359 5759 λόγος
1388 5689 1482 5742 καὶ
1508 5690 1540 5758 ἡ
1579 5685 1830 5739 διδασκα-

285 5787 361 5841 λία
393 5789 464 5861 μὴ
502 5788 761 5860 φθείρειν,
782 5786 1023 5841 τουτέστι
1044 5783 1123 5857 μὴ
1145 5781 1357 5853 τέμνειν
1386 5781 1575 5852 τρίχας
1602 5778 1828 5848 γενείου,

2006 5587 2073 5642 Ει
2100 5585 2317 5657 quidem
2340 5584 2409 5639 de
2433 5583 2622 5645 barba,
2657 5582 2712 5636 in
2744 5578 3241 5636 Constitutionibus
3279 5580 3491 5644 a-postob

1935 5682 2109 5736 lorum
2135 5679 2208 5732 ait
2229 5678 2445 5733 divinus
2470 5689 2675 5740 sermo,
2701 5681 2757 5730 et
2779 5671 3032 5728 doctrina
3060 5690 3075 5726 :
3110 5685 3216 5725 non
3249 5679 3498 5721 corrum-

1934 5774 2140 5845 pcndos
2165 5789 2306 5847 esse,
2336 5772 2440 5827 hoc
2466 5780 2569 5834 est,
2614 5784 2725 5825 non
2752 5781 2875 5823 esse
2901 5762 3166 5822 secandos
3199 5760 3339 5830 pilos
3367 5757 3501 5817 bar.
