3900 6334
557 263 661 322 εὸτ
1465 269 1523 326 S.
1557 267 1950 344 CLEMENTIS
1981 272 2199 334 LROII.
2235 274 2435 334 PONT.
2471 275 2697 334 OPERA
2730 275 2957 334 DUBIA.
3630 283 3710 340 518

556 381 660 444 bas,
686 395 862 451 neque
897 383 1268 454 usurpandum
1297 390 1666 444 meretricium
1706 402 1956 446 ornatum
1979 432 1994 457 ,
2023 410 2096 449 ne

2173 393 2353 468 ιμηδὲ
2408 395 2706 467 ἑταιρισμῷ
2765 390 3186 465 κατακομεῖσθαι
3222 431 3237 456 ,
3297 394 3425 464 μήτε
3478 394 3713 468 ὒταρηφι..

554 487 662 542 que
689 473 885 529 debere
909 474 1136 544 justitiaa
1163 477 1440 535 incessum
1464 483 1732 552 superbia:
1761 489 1998 554 speciem
2028 486 2094 540 ha

556 564 704 620 bere.
737 564 984 621 Constit..
1017 568 1108 621 lib.
1145 584 1186 621 ι.
1215 587 1331 621 can.
1355 573 1409 621 5.

2222 489 2340 553 νίας
2388 489 2684 560 ὑπόδειγμα
2725 486 3064 558 δικαιοσύνης
3100 486 3196 556 τὴν
3235 486 3711 561 προσέλευσινέχειν.

626 580 704 620 re.
737 567 984 634 Constit.,
1017 568 1108 623 lib.
1145 584 1186 636 ι,
1215 587 1331 640 cap.
1355 573 1409 629 5.

977 684 1368 754 AuctorOperis
1397 688 1683 760 imperfecti
1715 691 1768 746 in
1797 689 2128 762 Matthmum,
2163 692 2302 764 apud
2331 693 2392 749 S.
2426 691 2876 765 Chrysostomum.
2905 692 2988 748 Ad
3011 691 3201 748 Matth.
3230 709 3305 759 γι,
3335 692 3385 748 5.

623 815 796 870 Aliter
823 828 973 874 certe
1014 821 1159 877 sicut
1185 824 1419 895 apostoli
1451 823 1877 895 interpretantur
1907 827 1964 883 in
2016 828 2156 884 libro
2183 826 2490 895 Canonum,
2519 830 2612 901 qui
2640 838 2726 886 est
2754 830 2823 885 de
2861 828 3167 900 episcOpis;
3199 828 3385 896 dextra
3426 838 3502 884 est
3525 832 3716 900 populus

552 903 920 973 Christianus,
949 914 1044 982 qui
1078 924 1163 972 est
1194 916 1261 971 ad
1290 917 1537 973 dextram
1572 915 1810 988 Christi;
1839 919 2064 976 sinistra
2093 929 2295 984 autem,
2327 923 2504 978 omnis
2540 924 2795 993 populus,
2823 923 2915 992 qui
2945 933 3033 980 est
3073 922 3140 976 ad
3173 923 3467 978 sinistram.
3493 921 3593 976 Hoc
3613 940 3716 994 ergo

552 997 685 1053 dicit
715 1020 727 1056 :
762 1000 839 1057 Nc
863 1003 1234 1062 Christianum
1264 1007 1553 1065 facientem
1582 1011 2003 1082 eleemosynam,
2031 1013 2123 1083 qui
2155 1020 2240 1068 est
2267 1012 2480 1080 dextra,
2512 1015 2749 1070 inﬁdelis
2778 1015 3030 1085 aspiciat,
3064 1015 3157 1085 qui
3186 1022 3271 1070 est
3329 1015 3556 1072 sinistra.
3581 1015 3714 1072 Chri-

551 1091 766 1150 stianus
794 1104 972 1151 autem
1007 1097 1054 1154 si
1083 1100 1456 1156 Christianum
1482 1104 1682 1158 viderit
1707 1104 2081 1178 eleemosynas
2115 1105 2424 1175 facientem,
2457 1124 2566 1165 non
2589 1117 2674 1167 est
2695 1117 2886 1166 contra
2910 1108 3116 1166 Christi
3145 1117 3485 1182 praeceptum,
3505 1113 3715 1181 quoniam

550 1188 711 1244 ambo
741 1186 931 1244 dextra
959 1200 1106 1248 sunt.
1149 1194 1274 1248 Vide
1300 1195 1426 1253 Not.
1457 1197 1526 1251 ad
1557 1197 1739 1254 Const.
1774 1213 1882 1267 ap.,
1915 1199 2007 1256 lib.
2042 1217 2126 1266 ut,
2159 1218 2206 1257 ο.
2239 1201 2324 1259 14.

1847 1354 1925 1407 Ad
1957 1353 2152 1412 Matth.
2181 1371 2310 1422 xxv,
2344 1354 2432 1411 18.

622 1504 724 1570 Qui
753 1504 1117 1561 ministerium
1147 1521 1308 1562 suum
1338 1507 1481 1563 bene
1501 1523 1984 1578 consummaverit,
2016 1524 2241 1585 apparet
2271 1529 2398 1585 quia
2427 1531 2492 1570 ex
2526 1515 2634 1572 Deo
2675 1516 2849 1574 fuerat
2887 1519 3203 1588 ordinatus;
3235 1520 3330 1592 qui
3390 1528 3557 1576 autem
3585 1520 3711 1576 mini-

550 1597 775 1651 sterium
800 1613 957 1652 suum
975 1612 1083 1652 non
1108 1597 1245 1654 bene
1272 1601 1750 1665 consummaverit,
1765 1617 1830 1655 ex
1849 1602 2160 1660 hominibus
2185 1605 2469 1662 ordinatus
2498 1607 2734 1674 est.Quo
2753 1608 2913 1664 modo
2931 1618 3110 1664 autem
3138 1611 3359 1680 quidam
3379 1610 3715 1666 sacerdotesex

552 1690 864 1748 hominibus
889 1694 1236 1759 ordinantur,
1261 1696 1548 1752 manifeste
1578 1696 1630 1749 in
1655 1695 1795 1751 libro
1821 1704 2015 1752 octavo
2037 1696 2320 1754 Canonum
2343 1702 2710 1771 apostolorum
2743 1703 2963 1760 dicitur.
2995 1703 3097 1771 Qui
3132 1713 3314 1760 autem
3352 1720 3417 1762 ex
3457 1705 3716 1762 hominibus

549 1783 835 1843 ordinatus
863 1794 968 1852 est,
998 1796 1265 1859 quantum
1289 1789 1356 1844 ad
1389 1787 1559 1845 Deum
1592 1805 1698 1846 non
1728 1798 1815 1847 est
1841 1790 2106 1848 diaconus
2127 1801 2222 1847 aut
2252 1793 2529 1850 sacerdos.
2558 1793 2810 1862 Constit.,
2836 1795 2927 1852 lib.
2953 1812 3073 1862 νιιι,
3100 1813 3217 1868 cap.
3250 1798 3305 1853 2.

1333 1942 1626 2013 Maximus,
1649 1946 1706 2001 in
1733 1945 2010 2016 epistolam
2039 1963 2278 2007 octavam
2305 1949 2568 2022 Dionysii,
2598 1960 2715 2020 post
2741 1949 2989 2008 medium.

618 2099 788 2156 Porro
810 2100 863 2155 in
893 2100 1065 2157 sacris
1083 2102 1447 2158 institutorem
1467 2112 1626 2160 vocat
1647 2104 1861 2161 beatum
1893 2115 2112 2178 aposto-
2144 2123 2158 2181 ι

2173 2125 2188 2180 ι
2296 2109 2588 2183 ’ἰεροθέτην
2627 2112 2683 2165 δὲ
2713 2111 2867 2166 καλεῖ
2903 2110 2994 2166 τδν
3039 2110 3193 2180 ἆγιον
3223 2111 3506 2167 ἀπόστολον
3531 2113 3713 2182 Παῦλον,

548 2194 659 2252 lum
691 2195 939 2257 Paulum,
970 2203 1027 2249 ut
1055 2211 1176 2250 eum
1206 2196 1300 2266 qui
1323 2195 1500 2266 ipsum
1523 2197 1867 2254 ordinaverat
1898 2200 1952 2253 in
1977 2217 2086 2272 pon

2212 2199 2288 2264 ῶς
2324 2203 2768 2274 χειροτονήσαντα
2797 2203 2946 2275 αύτῷ
2972 2203 3068 2275 τὴν
3095 2204 3494 2278 ἀρχιερωσύνην
3517 2208 3603 2279 τῆς
3628 2211 3716 2264 Έκ-

547 2287 810 2341 titlcatum
861 2286 1118 2343 Ecclesia:
1179 2289 1574 2354 Atheniensis,
1626 2291 1769 2346 sicut
1825 2291 1880 2345 in
1938 2293 2081 2347 sacri

2213 2295 2441 2366 κλησίας
2466 2296 2572 2351 τῶν
2614 2296 2870 2366 Ἀθηνῶν,
2893 2295 3074 2360 καθὼς
3100 2298 3159 2350 ἐν
3179 2301 3299 2362 ταῖς
3323 2299 3486 2371 ἱεραῖς
3501 2300 3594 2354 τῶν
3615 2301 3716 2356 ἀπο-

547 2380 916 2449 apostolorum
945 2378 1438 2440 Constitutionibus
1463 2384 1725 2454 scriptum
1746 2391 1850 2440 est.
1869 2382 1988 2440 Lib.
2012 2401 2087 2440 vn

2214 2388 2412 2443 στόλων
2426 2389 2732 2462 γέγραπται
2759 2389 3056 2456 διαταγαϊς.
3089 2388 3233 2462 Lege
3257 2392 3326 2447 ad
3352 2406 3469 2464 cap.
3490 2393 3540 2459 2,
3563 2390 3628 2446 De
3645 2384 3714 2441 Ee-

546 2487 662 2540 cap.
685 2473 776 2528 46.
2212 2473 2338 2534 eles.
2363 2476 2650 2550 hicrarch.,
2675 2490 2730 2537 et
2750 2479 2808 2536 in
2837 2478 3084 2552 Prologo.

549 2629 850 2687 Timotheus
878 2630 1171 2702 presbyter,
1201 2642 1436 2689 tractatu
1461 2633 1525 2688 de
1545 2634 1611 2688 iis
1643 2634 1733 2702 qui
1773 2633 2027 2757 accedupt
2066 2633 2568 2760 adchcleiisa5m£n
2592 2637 2843 2692 Auctario
2865 2635 3209 2694 Bibliotheca:
3250 2634 3473 2691 Patrum
3501 2631 3712 2704 Combeﬁ-

1765 2721 1939 2760 stano.
1995 2721 2101 2760 om.
2181 2745 2196 2760 .
2243 2720 2294 2760 ν.
2531 2745 2545 2760 .

1765 2721 1939 2770 stano,
1974 2720 2101 2761 tam.
2133 2720 2196 2770 ιι,
2243 2720 2294 2774 p.
2325 2720 2432 2760 eos
2477 2720 2545 2760 υ.

615 2857 753 2913 Audi
799 2857 1173 2930 apostolorum
1215 2858 1425 2944 yerba:
1466 2859 1682 2926 Videte,
1713 2870 1820 2918 etc.
1850 2857 2102 2930 Constit.,

2285 2864 2481 2918 Ἀκουε
2530 2863 2637 2918 τῶν
2681 2864 3084 2920 ἀποστολικῶψ
3145 2865 3340 2940 Ὁρᾶτε
3391 2864 3456 2920 τὰ
3505 2865 3594 2918 ἐπ’
3637 2861 3715 2917 όνό·

543 2949 638 3004 lib.
671 2966 745 3015 νι,
777 2966 894 3021 cap.
925 2949 1015 3010 16.
1219 2945 1224 2952 ’

960 2949 1015 3010 6.
1219 2945 1224 2952 ’
2214 2972 2364 3028 ματι,
2395 2964 2497 3013 etc.

1740 3112 1926 3170 Conon
1955 3114 2245 3171 Trullanus
2275 3115 2553 3170 secundus.

611 3289 825 3345 Placuit
853 3295 1032 3346 autem
1071 3297 1126 3347 et
1171 3290 1277 3347 hoc
1313 3296 1518 3348 sanctae
1566 3290 1696 3346 huic
1739 3289 1947 3363 synodo
1985 3291 2107 3361 pul-

2283 3289 2467 3355 Ἔδοξε
2493 3288 2548 3344 δὲ
2576 3290 2671 3344 καὶ
2698 3288 2856 3344 τοῦτο
2880 3292 2947 3364 τῇ
2977 3291 3108 3363 ἁγίᾳ
3146 3290 3327 3368 ταύτῃ
3369 3291 3554 3363 συνόδῳ
3577 3289 3717 3344 κάλλι-

540 3382 809 3439 cherrime
839 3399 902 3439 ac
933 3383 1155 3455 optime,
1180 3391 1240 3439 ut
1269 3383 1338 3439 ab
1371 3384 1476 3439 hoc
1503 3391 1746 3454 tempore
1777 3384 1916 3438 firmi
1945 3383 2080 3438 stabi

2212 3383 2313 3438 στά
2337 3401 2395 3437 τε
2425 3382 2520 3437 καὶ
2565 3383 2952 3438 σπουδαιότατα
2972 3423 2987 3448 ,
3029 3384 3166 3438 ὥστε
3202 3385 3382 3457 μένειν
3406 3386 3497 3440 καὶ
3533 3384 3624 3438 ἀπὸ
3645 3380 3715 3436 τοῦ

539 3476 731 3548 lesque
759 3484 1013 3533 maneant
1039 3477 1105 3533 ad
1137 3477 1444 3533 animarum
1487 3478 1751 3534 medelam
1789 3485 1844 3532 et
1888 3483 2079 3547 periuri

2204 3475 2299 3530 νῦν
2343 3475 2612 3547 βεϐαίους,
2652 3476 2748 3530 καὶ
2787 3476 3048 3546 ἀσφαλεῖς
3089 3477 3233 3549 πρὸς
3270 3478 3451 3549 ψυχῶν
3478 3475 3718 3548 Θεραπείαν

536 3568 818 3624 bationum
865 3570 1225 3637 curationem,
1253 3570 1530 3640 octoginta
1560 3569 1801 3642 quinque
1841 3583 2076 3625 canones

2203 3567 2298 3621 καὶ
2327 3569 2566 3640 ἰατρείαν
2592 3567 2799 3632 παθῶν,
2827 3571 2953 3633 τοὺς
2991 3569 3094 3623 ὑπὸ
3121 3570 3233 3623 τῶν
3279 3570 3386 3642 πρὸ
3409 3572 3439 3641 ὴ
3449 3567 3552 3640 μῶν
3588 3565 3716 3634 ἁγίων

538 3662 732 3717 sanciti
779 3676 809 3714 a
869 3662 1075 3718 sanctis
1120 3670 1174 3718 et
1216 3662 1470 3733 gloriosis
1515 3661 1796 3733 apostolis,
1826 3661 1921 3731 qui
1965 3675 2078 3732 prae

2202 3660 2296 3713 καὶ
2335 3658 2555 3725 ἐνδόξων
2601 3660 2910 3714 ἀποστόλων
2948 3659 3279 3732 ὀγδοήκοντα
3323 3664 3477 3715 πέντε
3514 3658 3713 3718 κανόνας.

538 3761 823 3811 cesserunt
875 3771 996 3810 nos.
1027 3754 1295 3822 Quoniam
1337 3763 1518 3810 autem
1550 3755 1606 3810 in
1647 3755 1756 3810 illis
1799 3753 2078 3810 canonibu

2216 3749 2427 3822 Ἐπειδὴ
2455 3751 2511 3805 δὲ
2556 3752 2613 3807 ὲν
2656 3751 2863 3816 τούτοις
2888 3756 3000 3816 τοῖς
3026 3753 3248 3806 κανόσιν
3294 3751 3583 3807 ἐντέταλται
3606 3748 3717 3818 δέχε-

538 3857 868 3921 praeceptum
907 3858 1012 3913 est,
1045 3857 1105 3902 ut
1154 3848 1484 3919 recipiamus
1527 3848 1842 3904 earumdem
1882 3856 2074 3902 sancto

2204 3846 2329 3899 σθαι
2353 3846 2520 3918 ἡμᾶς,
2547 3845 2648 3909 τὰς
2677 3845 2783 3898 τῶν
2810 3845 2987 3898 αὐτῶν
3005 3846 3173 3914 ἁγίων
3191 3845 3502 3899 ἀποστόλων
3516 3842 3591 3895 διὰ
3606 3840 3718 3908 Κλή-

537 3958 658 3996 rum
702 3941 1073 4013 apostolorum
1124 3957 1222 4012 per
1273 3939 1605 3999 Clementem
1662 3940 2077 3994 constitutiones

2205 3955 2392 4009 μεντος
2414 3936 2697 4003 διατάξεις,
2727 3932 2814 4000 αἷς
2841 3954 2948 3991 τισι
2987 3938 3152 3992 πάλαι
3189 3937 3297 3992 ὑπὸ
3321 3938 3430 3992 τῶν
3453 3930 3718 4006 ἑτεροδόξων

537 4036 738 4105 quibus
757 4035 871 4104 jam
909 4035 1038 4088 olim
1087 4035 1155 4090 ab
1196 4033 1540 4089 heterodoxis
1583 4033 1650 4088 ad
1682 4032 1936 4087 Ecclesia:
1981 4047 2077 4102 per

2201 4031 2294 4085 ἐπὶ
2331 4031 2496 4105 λοίμῃ
2533 4029 2634 4101 τῆς
2688 4030 3031 4101 Ἐκκλησίας,
3059 4028 3192 4084 νόθα.
3216 4030 3339 4084 τινὰ
3384 4030 3474 4083 καὶ
3501 4028 3611 4093 ξένα
3643 4024 3718 4092 τῆς

536 4127 735 4182 niciem
767 4127 973 4183 inserta
1021 4135 1149 4182 sunt
1178 4127 1421 4198 quaedam
1480 4126 1785 4181 adulterina
1837 4132 1890 4180 et
1927 4125 2076 4178 alien:

2216 4123 2537 4194 Ἐκκλησίας
2551 4124 2679 4165 ⁷¹-³⁹
2699 4120 3136 4195 παρενετέθησαν
3155 4161 3170 4187 ,
3191 4122 3252 4176 τὸ
3269 4122 3529 4194 εὐπρεπὲς
3564 4116 3716 4178 κάλλος

535 4233 566 4272 a
625 4219 858 4290 pietate,
916 4234 1036 4290 quae
1090 4220 1386 4290 elegantem
1441 4233 1504 4273 ac
1555 4218 1806 4273 decoram
1865 4216 2075 4287 speciem

2199 4217 2306 4269 τῶν
2337 4215 2494 4269 θείων
2520 4214 2800 4287 δογμάτων
2852 4217 2984 4288 ἡμῖν
3036 4216 3458 4288 ἁμαυρὼσαντα,
3506 4213 3593 4284 τὴν
3634 4209 3716 4262 τῶν

535 4311 844 4366 divinorum
916 4311 1228 4382 dogmatum
1316 4311 1474 4368 nobis
1543 4311 1930 4375 obscurarunt;
2003 4308 2070 4361 ha

2199 4307 2452 4362 τοιούτων
2471 4307 2758 4372 διατάξεων
2775 4308 3096 4380 προσφόροις
3111 4308 3384 4380 ἀποϐολὴν
3403 4306 3583 4376 πεποιή
3591 4301 3713 4374 μεθαι

534 4404 949 4460 constitutiones
1016 4403 1432 4459 conducibiliter
1507 4402 1574 4458 ad
1648 4399 2074 4456 Christianissim

2200 4400 2336 4474 πρὸς
2361 4400 2458 4473 τὴν
2485 4400 2579 4455 τοῦ
2621 4401 3144 4472 Χριστιανικωτόιτου
3188 4403 3437 4472 ποιμνίου
3481 4393 3715 4465 οίκοδομήν

532 4495 713 4565 gregis
765 4495 1178 4552 aedificationem
1232 4512 1297 4551 ac
1357 4496 1743 4559 securitatem,
1777 4491 2068 4562 rejecimus

2199 4496 2294 4548 καὶ
2321 4495 2635 4564 ἀσφάλειαν,
2665 4494 2913 4565 οὐδαμῶς
2941 4495 3282 4566 ἐγκρίνοντες
3321 4494 3389 4547 τὰ
3426 4491 3518 4562 τῆς
3554 4490 3713 4559 αἱρετι-

534 4587 801 4643 haareticae
842 4588 1098 4644 falsitatis
1138 4588 1281 4644 fetus
1323 4602 1664 4659 nequaquam
1708 4583 2074 4640 immiscentes

2199 4586 2304 4656 κῆς
2331 4586 2677 4656 ψευδολογίας
2705 4587 2959 4658 κυήματα
2979 4625 2994 4650 ,
3025 4588 3118 4640 καὶ
3161 4590 3229 4658 τῇ
3274 4587 3466 4658 γνησίᾳ
3492 4585 3587 4638 τῶν
3610 4583 3712 4635 ἀπο·

533 4690 587 4736 et
615 4698 885 4753 germana:
910 4700 975 4739 ac
1012 4686 1236 4757 integrae
1264 4683 1636 4756 apostolorum
1665 4681 1928 4738 doctrina:
1963 4682 2073 4738 inse

2060 4693 2106 4736 Β·
2124 4684 2174 4746 D
2202 4679 2398 4733 στόλων
2427 4679 2520 4732 καὶ
2546 4679 2823 4752 ὁλοκλήρῳ
2839 4679 3024 4754 διδαχῇ
3055 4681 3482 4753 παρενείροντες,
3510 4685 3600 4733 etc.

531 4782 736 4841 rentes,
769 4784 875 4833 etc.

752 4890 1080 4961 Nicephorum
1109 4887 1727 4959 Constantinopolitanus
1751 4887 2077 4956 patriarcha,
2115 4886 2170 4940 in
2191 4887 2294 4956 [ine
2321 4884 2703 4955 Chronologiw,
2736 4883 2825 4938 ubi
2852 4883 2915 4937 de
2940 4880 3089 4937 libris
3127 4882 3539 4953 Scripturarum.

768 5046 851 5101 Ex
879 5047 1111 5101 versione
1137 5043 1409 5100 Anastasii
1438 5041 1853 5098 Bibliothecarii.

597 5143 663 5198 Et
694 5158 815 5213 qua:
854 5138 991 5193 Novi
1026 5136 1403 5209 (Testamenti)
1455 5143 1582 5191 sunt
1625 5134 1950 5206 apocrypha,
1985 5142 2090 5189 etc.

2264 5132 2375 5186 Καὶ
2413 5131 2513 5185 ὅσα
2551 5132 2653 5202 τῆς
2686 5130 2831 5195 Νέας
2882 5133 3017 5188 εἰσὶν
3057 5132 3369 5206 ἀπόκρυφα,
3411 5140 3508 5190 etc.
3547 5124 3705 5197 Διδαχὴ

527 5236 625 5290 Dm
643 5237 785 5291 trina
815 5232 1209 5304 apostolorum,
1236 5245 1429 5286 versus
1449 5229 1576 5294 200,
1608 5236 1711 5285 etc.

1502 5230 1576 5294 )0,
1608 5236 1711 5285 etc.
2205 5223 2504 5278 ἀποστόλων
2527 5240 2541 5255 ⁸
2575 5225 2742 5297 στίχοι
2771 5231 2815 5277 0"
2843 5225 2910 5290 ⁸⁸,
2939 5238 3042 5282 etc.

1605 5344 1848 5410 Photius,
1884 5341 2216 5398 Bibliotheca:
2264 5338 2382 5398 cod.
2411 5352 2544 5401 cxu,
2574 5351 2726 5394 cxm.

595 5463 757 5522 Locta
801 5473 930 5520 sunt
977 5463 1274 5522 Clementis
1305 5461 1532 5517 Romani
1565 5461 1673 5516 duo
1713 5461 1989 5516 volumina
2022 5459 2091 5513 li-

2277 5453 2610 5526 ⁹Ανεγνώσθη
2637 5454 2949 5526 Κλήμεντος
2972 5453 3066 5507 τοῦ
3105 5454 3320 5528 Ῥώμης
3345 5454 3498 5526 τεύχη
3527 5447 3700 5522 βιϐλίων

525 5557 780 5623 brorum;
811 5572 1042 5627 quorum
1091 5556 1247 5610 alteri
1300 5555 1494 5609 titulus
1535 5561 1642 5618 est,
1681 5551 2064 5607 Constitutione

2196 5550 2288 5604 δύο
2305 5567 2320 5581 ·
2349 5543 2422 5603 ὧν
2453 5548 2514 5601 τὸ
2538 5549 2633 5620 μὲν
2653 5547 3031 5618 ἐπιγράφεται,
3050 5540 3333 5617 Διαταγαὶ
3353 5546 3464 5601 τῶν
3486 5536 3699 5599 ἀποστό-

532 5647 891 5718 apostolorum
912 5663 1002 5717 per
1030 5647 1375 5709 Clementem;
1405 5647 1458 5701 in
1483 5661 1590 5717 quo
1617 5646 1779 5725 etiam
1809 5644 2072 5700 continen-

2196 5647 2321 5698 λων
2337 5642 2433 5697 διὰ
2454 5640 2813 5712 Κλήμεντος,
2839 5641 2894 5695 ἐν
2913 5634 2956 5710 ᾧ
2974 5640 3065 5694 καὶ
3091 5641 3138 5696 οἱ
3165 5641 3273 5695 τῶν
3304 5628 3701 5696 συνοδικῶνκανό-

595 5765 639 5798 ’⁸
670 5766 714 5796 ³⁷
746 5765 799 5820 al
845 5764 1142 5829 εὐσεϐείας.
1214 5766 1258 5798 ⁵⁸
1283 5765 1351 5818 al.
1388 5783 1466 5837 ες,
