3900 6334
274 247 358 302 889
1077 235 1671 294 CONSTITUTIONES
1707 235 2182 294 APOSTOLICA'Z.
2221 267 2288 276 —
2317 234 2677 294 PROGLMIA.

3353 235 3459 296 550

268 375 352 414 νων
373 353 442 425 τῷ
465 351 778 425 ἀθροίσματι
815 350 922 407 τῶν
962 350 1274 407 ἀποστόλων
1302 327 1785 425 κανόνεςκὲπιγρα-

1894 363 1976 407 tur
2003 351 2079 406 illi
2110 366 2370 418 canones,
2401 351 2494 421 qui
2524 350 2667 404 inter
2707 347 2997 420 synodicos
3039 346 3206 404 coetui
3237 357 3458 420 aposto-

261 451 447 518 φάμενοι
489 444 841 517 περιέχονται.
881 443 952 498 Et
992 443 1133 500 infra
1174 458 1188 495 τ
1223 444 1287 496 Αἶ
1327 443 1384 497 δέ
1427 462 1488 512 γε
1515 445 1780 515 Διαταγαὶ

1894 446 2056 498 lorum
2088 444 2456 498 ascribuntur.
2489 441 2556 494 Et
2584 441 2728 510 infra
2759 455 2778 493 :
2807 440 2975 495 Porro
3006 442 3460 506 Constitutiones,

255 540 375 611 τρισὶ
399 538 568 610 μόνοις
589 536 836 590 δοκοῦσιν
863 536 1170 608 ἐνέχεσθαι·
1194 538 1588 609 κακοπλαστίᾳ,
1618 540 1683 608 ἣν
1717 539 1780 592 οὺ

1894 549 1951 590 ex
1981 534 2159 590 tribus
2209 533 2476 588 duntaxat
2516 533 2788 603 capitibus
2834 535 3243 604 reprehensioni
3274 536 3462 590 viden-

253 629 451 702 χαλεπὸν
488 628 960 683 ἀποσκευάσασθαι
987 643 999 658 ⁸
1033 630 1126 683 καὶ
1152 631 1232 682 ὅτι
1273 629 1366 682 καὶ⁴
1392 628 1485 682 τοῦ
1532 632 1784 700 Δευτερο-

251 723 406 793 sapia.)
435 720 612 792 ὕϐρεις
639 720 789 784 τινὰς
818 720 1108 791 ἐπαφίησιν
1124 721 1191 784 δί,
1209 720 1244 774 ὃ.
1263 723 1306 752 δ’
1335 719 1426 774 καὶ
1458 723 1650 793 ῥᾷστον
1676 720 1789 773 δια-

247 813 508 867 λύσασθαι·
566 813 661 866 καὶ
717 813 795 866 ἔτι
839 814 1224 885 Ἀρειανισμῷ,
1277 815 1414 885 ὅπερ
1465 815 1529 868 ἄν
1573 831 1656 878 τις
1696 815 1788 868 καὶ

247 906 407 977 βιαίως
443 906 838 977 διακρούσαιτο.
883 908 946 959 Ἦ
979 907 1076 978 μέν
1117 907 1198 959 τοί
1228 923 1290 975 γε
1317 906 1424 959 τῶν
1461 905 1554 959 τοῦ
1583 907 1789 978 Πέτρου

244 997 467 1069 Πράξεων
487 997 666 1067 βίϐλος
691 999 768 1068 τῷ
785 1015 853 1051 -τε
883 997 1118 1070 λαμπρῷ
1148 999 1242 1052 καὶ
1261 1001 1326 1068 τῇ
1355 998 1662 1068 σεμνότητι,
1697 998 1790 1051 καὶ

241 1092 306 1144 ἔτι
329 1091 397 1162 τῷ
422 1090 645 1161 καθαρῷ
675 1092 771 1144 καὶ
797 1090 1052 1161 συντόνῳ,
1089 1090 1182 1144 καὶ
1211 1093 1275 1160 τῇ
1309 1089 1443 1162 ἄλλῃ
1483 1090 1648 1161 ἀρετῇ
1694 1088 1788 1142 τοῦ

238 1185 392 1253 λόγου,
421 1185 512 1236 καὶ
539 1182 878 1254 πολυμαθείᾳ
896 1182 1117 1234 τοσοῦτο
1133 1181 1242 1252 ἔχει
1263 1181 1399 1252 πρὸς
1415 1179 1790 1249 τὰςΔιαταγὰς

236 1277 286 1329 τὸ
323 1276 705 1347 παραλλάττον,
749 1276 825 1339 ὡς
865 1275 998 1346 μηδὲ
1055 1274 1332 1346 συγκρίσει
1373 1277 1438 1345 τῇ
1483 1273 1623 1328 κατὰ
1662 1275 1788 1337 τοὺς

235 1367 396 1436 λόγους
422 1367 559 1439 πρὸς
585 1367 816 1438 ἀλλήλας
843 1366 1278 1440 παραϐάλλεσθαι
1305 1367 1403 1430 τὰς
1424 1366 1656 1438 βίϐλους,
1677 1375 1786 1425 etc.

1887 632 1977 680 tur
2003 625 2251 680 obnoxiae
2284 643 2299 682 :
2333 641 2397 680 ex
2429 625 2568 679 mala
2597 625 2840 692 ﬁctione,
2869 643 3033 698 quam
3061 637 3318 684 excutere
3351 645 3459 683 non

1890 725 1972 772 est
1997 717 2214 772 dillieile
2249 736 2261 772 :
2295 726 2351 772 et
2379 717 2522 788 quod
2553 729 2746 775 contra
2769 718 3245 777 Deuteronomium
3275 724 3460 778 crimi-

1892 813 2140 864 nationes
2181 810 2445 879 quasdam
2486 810 2787 878 adducant;
2816 815 2972 884 {quod
3016 815 3179 870 etiam
3205 815 3460 871 facillim:

1889 901 2022 957 dilui
2057 909 2235 972 potest
2265 922 2278 956 :
2312 912 2365 957 et
2391 903 2569 956 adhuc
2594 920 2660 959 ex
2693 905 3035 972 Arianisuio;
3059 908 3204 978 quod
3237 909 3456 980 aliquis,

1897 996 2023 1050 licet
2052 997 2318 1051 violenter
2341 998 2540 1067 poterit
2570 997 2860 1065 depellere.
2893 999 3156 1054 Caterum
3196 1001 3330 1056 liber
3354 1003 3458 1057 Ac-

1891 1096 2069 1142 torum
2100 1088 2270 1152 Petri,
2308 1088 2597 1158 splendore
2619 1097 2673 1143 et
2719 1089 3020 1159 majestate,
3053 1091 3121 1144 ad
3151 1092 3264 1147 hac
3305 1093 3457 1164 puri-

1887 1187 1997 1236 tate
2025 1189 2078 1236 et
2099 1182 2460 1248 vehementia,
2492 1183 2723 1252 aliisque
2747 1183 3012 1238 orationis
3033 1184 3272 1248 dotibus,
3293 1193 3458 1257 atque

1889 1273 2174 1342 multiplici
2201 1272 2468 1337 doctrina,
2503 1281 2713 1328 tantum
2744 1272 3176 1331 Constitutiones
3199 1284 3453 1346 superat,

1887 1373 1948 1422 ut
1976 1366 2076 1422 hos
2107 1367 2249 1421 inter
2274 1367 2442 1422 libros
2472 1367 2619 1420 nulla
2665 1369 3022 1438 comparatio,
3053 1369 3120 1424 ad
3149 1383 3454 1425 sermonem

1881 1456 2028 1527 quod
2058 1459 2270 1522 attinet,
2296 1459 2507 1513 institui
2532 1459 2747 1527 debeat,
2769 1469 2876 1515 etc.

235 1607 432 1681 Nicetes
459 1604 918 1681 Pectoratus,Lib.
945 1617 1129 1661 contra
1147 1606 1399 1681 _l_.atinos,
1427 1617 1544 1677 post
1573 1609 1819 1663 medium.
1857 1607 2018 1681 Temo
2058 1620 2204 1663 sexto
2234 1610 2478 1681 Antiquw
2509 1611 2791 1675 Lectionis,
2832 1613 2995 1670 Henr.
3028 1613 3229 1670 Canisii
3246 1633 3263 1680 ;
3299 1627 3349 1670 et
3378 1618 3436 1672 in

349 1678 678 1734 Bibliotheca
701 1678 943 1748 Patrum,
977 1688 1102 1734 tom.
1137 1677 1242 1744 IV,
1266 1688 1405 1748 part.
1437 1694 1499 1743 ll,
1530 1695 1620 1733 nec
1656 1695 1759 1733 non
1781 1679 1918 1748 apud
1943 1680 2265 1746 Baronium,
2310 1677 2594 1735 Annalium
2620 1693 2746 1738 tom.
2776 1683 2862 1751 II,
2899 1687 2954 1738 in
2993 1677 3306 1754 Appendice.

288 1835 663 1906 Apostolorum
691 1835 942 1896 vertices,
976 1836 1030 1889 in
1061 1835 1252 1905 quinto
1274 1835 1491 1906 quidem
1517 1835 1658 1890 libro
1697 1833 2136 1902 Ordinationum,
2162 1838 2256 1908 qui
2304 1837 2372 1894 de
2403 1841 2734 1912 martyribus
2768 1841 3110 1908 inscribitur,
3137 1844 3291 1914 juxta
3325 1847 3454 1904 Cleo

229 1935 437 1982 mentem
464 1929 514 1960 ⁸³
551 1947 566 1984 :
599 1927 862 1995 Quartam
905 1928 1098 1994 feriam
1133 1938 1182 1982 et
1204 1938 1407 1981 sextam
1442 1931 1683 2000 prwcepit
1713 1930 1858 1985 nobis
1883 1930 2126 1999 jejunare
2158 1929 2410 1985 Dominus
2433 1951 2452 1984 :
2483 1949 2642 1987 unam
2676 1933 2878 2004 quidem
2901 1977 2915 2000 ,
2960 1946 3169 2004 propter
3197 1939 3448 1992 traditio.

231 2034 352 2080 nem;
383 2020 635 2086 alteram,
662 2030 872 2089 propter
897 2021 1192 2089 passionem
1215 2035 1233 2073 :
1270 2022 1440 2088 ipsum
1474 2032 1646 2077 autem
1688 2022 1978 2079 Sabbatum
2002 2023 2045 2052 “
2070 2039 2170 2075 non
2197 2023 2418 2077 tradidit
2446 2025 2592 2080 nobis
2604 2026 2868 2097 jejunare,
2891 2029 3136 2098 quoniam
3160 2047 3261 2083 non
3293 2047 3450 2098 oper-

233 2119 312 2172 tet,
336 2122 530 2172 preter
560 2113 696 2167 illud
733 2114 924 2177 solum,
957 2115 1012 2167 in
1045 2130 1146 2184 quo
1176 2110 1397 2168 Creator
1427 2116 1681 2180 omnium,
1713 2115 1807 2170 sub
1842 2127 1982 2170 terra
2013 2117 2135 2186 fuit.
2169 2115 2323 2172 Unde
2349 2118 2502 2186 juxta
2534 2121 2736 2174 calcem
2777 2120 3018 2187 ejusdem
3069 2122 3213 2181 libri,
3248 2122 3446 2178 iterum

230 2202 298 2256 sic
317 2199 559 2274 loquitur
583 2204 630 2236 ’⁵⁸
663 2222 676 2258 :
713 2203 877 2259 Omne
904 2204 1110 2274 quidem
1135 2204 1425 2259 Sabbatum
1455 2215 1504 2259 et
1533 2223 1736 2261 omnem
1768 2207 2103 2262 Dominicum
2135 2207 2500 2262 celebrandum
2529 2210 2573 2241 “
2604 2228 2715 2265 esse
2749 2211 2995 2267 dicimus.
3031 2212 3268 2268 Gaudere
3297 2215 3436 2268 enim

230 2304 405 2360 oportet
431 2295 490 2348 in
524 2296 627 2360 his,
658 2305 708 2350 et
738 2313 840 2349 non
869 2295 1065 2366 lugere.
1091 2296 1332 2367 Septimo
1355 2297 1573 2367 quidem
1610 2299 1750 2353 libro
1783 2315 1968 2354 earum
2000 2300 2482 2364 Constitutionum,
2513 2301 2668 2369 juxta
2699 2304 3017 2357 vicesimum
3058 2317 3309 2374 quartum
3347 2323 3440 2361 ca—

231 2393 313 2447 put
339 2384 395 2448 “,
417 2386 532 2440 hoc
561 2385 814 2455 inquiunt
843 2404 856 2439 :
888 2385 1172 2440 Sabbatum
1206 2403 1426 2457 namque
1447 2398 1496 2440 et
1518 2389 1845 2441 Dominicum
1876 2388 2196 2444 celebramus
2217 2392 2308 2454 u‘;
2330 2392 2452 2460 quia
2482 2391 2615 2444 illud
2645 2393 2849 2457 quidem
2899 2395 3088 2450 divina:
3125 2401 3442 2466 operationis

225 2485 294 2528 est
319 2480 590 2542 memoria,
624 2478 708 2532 hic
729 2479 776 2511 ⁸⁸
802 2495 920 2534 vero
949 2481 1369 2536 resurrectionis.
1410 2480 1580 2536 Unum
1614 2499 1730 2537 vero
1756 2491 1958 2535 tantum
1987 2481 2275 2537 Sabbatum
2308 2484 2705 2539 custodiendum
2735 2498 2811 2541 est
2839 2489 2891 2543 in
2925 2501 3032 2545 toto
3062 2509 3219 2558 anno,
3254 2494 3438 2563 Sepul-

228 2579 342 2624 turz
370 2572 629 2636 Domini;
657 2589 758 2644 quo
775 2574 1025 2644 jeiunare
1048 2586 1270 2645 oportet.
1299 2576 1524 2644 Quando
1567 2578 1705 2632 enim
1734 2575 1974 2633 Christus
2016 2577 2074 2630 in
2117 2577 2353 2647 sepulcro
2387 2578 2587 2649 jacuit,
2630 2580 2876 2652 discipuli
2902 2585 3242 2654 potentiorem
3304 2589 3447 2644 circa

225 2682 322 2718 eum
367 2668 558 2735 ﬂetum
585 2667 865 2737 habebant,
889 2686 1048 2741 quam
1079 2672 1333 2744 gaudium
1360 2687 1426 2726 ea:
1455 2672 1706 2727 memoria
1734 2671 1924 2725 divinae
1953 2673 2293 2740 operationis,
2325 2680 2432 2730 etc.

1647 2828 1817 2886 Multo
1846 2843 1962 2901 post
1983 2849 2003 2888 :

281 2985 331 3041 ὣ
354 2996 518 3044 sexto
538 2988 680 3043 libro
703 2987 999 3045 Clementis
1028 2987 1473 3055 Ordinationum,
1502 3005 1624 3061 quae
1661 2989 1731 3046 ab
1757 3005 1823 3046 eo
1852 2989 2178 3060 conscriptae
2220 2999 2372 3059 sunt,
2419 2993 2576 3062 juxta
2623 2994 2914 3065 septimum
2960 2994 3228 3052 decimum
3258 3010 3448 3078 caput,

219 3081 442 3148 apostoli
475 3081 590 3136 hac
621 3080 812 3136 dicunt
843 3099 858 3136 :
887 3079 1213 3151 Episcopum,
1228 3091 1279 3137 et
1297 3083 1654 3153 presbyterum
1683 3092 1732 3138 et
1759 3082 2064 3147 diaconum,
2099 3080 2346 3149 dicimus,
2376 3086 2466 3154 qui
2493 3102 2652 3139 unam
2689 3084 2876 3140 habent
2904 3101 3141 3152 uxorem,
3173 3089 3440 3152 ordinari,

218 3175 442 3228 suamtis
470 3175 645 3228 vivant
673 3190 853 3229 eorum
883 3175 1149 3245 conjuges,
1173 3177 1407 3246 quamvis
1430 3174 1693 3244 defuncta
1714 3189 1734 3230 :
1763 3191 1867 3232 non
1911 3175 2030 3229 licet
2066 3191 2153 3230 eos
2179 3185 2296 3244 post
2335 3194 2521 3231 manus
2545 3177 2591 3209 δ’
2622 3179 3003 3249 impositionem
3031 3179 3276 3248 innuptas
3309 3199 3441 3246 esse,

219 3281 296 3319 nec
315 3266 533 3335 insuper
554 3265 622 3321 ad
653 3269 866 3339 nuptias
897 3269 1011 3334 ire;
1038 3277 1130 3322 aut
1159 3269 1206 3324 si
1228 3269 1518 3338 nupserint,
1551 3268 1748 3324 alteras
1779 3267 2042 3338 amplecti,
2075 3264 2165 3322 sed
2186 3268 2416 3339 διαβαῖεν-ε
2432 3286 2565 3340 quas
2597 3269 2784 3325 habent
2810 3285 2930 3324 cum
2952 3269 3022 3324 ad
3047 3271 3429 3328 ordinationem

217 3367 474 3414 uenerunt.

1635 3468 1792 3526 Circa
1827 3469 1982 3540 finem
2009 3488 2027 3525 :

278 3630 496 3702 Reliqui
532 3637 712 3684 autem
757 3623 1060 3694 Verticum,
1107 3627 1162 3682 in
1190 3626 1423 3697 septimo
1451 3625 1498 3659 ⁸⁸
1533 3627 1673 3683 libro
1718 3625 2146 3689 institutionum,
2179 3624 2334 3694 juxta
2377 3634 2592 3684 sextum
2633 3623 2908 3682 decimum
2973 3632 3138 3698 caput
3173 3623 3439 3696 liquidius

213 3723 463 3781 dixerunt
494 3743 508 3778 :
539 3724 744 3780 Scimus
767 3725 924 3788 enim,
949 3721 1127 3792 inquit
1148 3720 1296 3787 "-“,
1328 3721 1452 3791 quia
1483 3719 1538 3774 hi
1591 3719 1681 3792 qui
1724 3720 1866 3774 circa
1913 3719 2212 3784 Simonem,
2247 3729 2296 3774 et
2345 3719 2636 3784 Cleobium,
2678 3729 2728 3776 et
2756 3718 2987 3786 ludam,
3027 3721 3448 3790 conscripserunt

214 3816 366 3871 libros
402 3818 456 3871 in
495 3817 702 3870 nomine
723 3813 920 3870 Christi
947 3822 996 3868 et
1031 3812 1408 3882 discipulorum
1455 3813 1591 3881 ejus,
1623 3813 1999 3881 circumferunt
2036 3811 2106 3865 ad
2142 3811 2495 3867 seductionem
2534 3820 2781 3876 vestram,
2812 3821 2862 3867 et
2889 3828 3069 3867 eorum
3100 3813 3190 3883 qui
3216 3813 3446 3880 diligunt

213 3907 497 3974 Christum,
543 3915 593 3961 et
635 3924 727 3961 nos
769 3923 942 3962 seruos
974 3907 1157 3977 ipsius.
1201 3904 1270 3959 Et
1310 3905 1365 3958 in
1399 3904 1652 3958 ueteribus
1692 3905 1906 3976 quidam
1947 3905 2362 3973 conscripserunt
2391 3907 2551 3960 libros
2596 3903 2914 3974 apocryphos
2947 3904 3140 3974 Moysi,
3171 3913 3219 3959 et
3245 3904 3442 3960 Enoch.

211 4002 471 4065 etAdam,
509 3999 690 4065 Isaiw,‘
726 4007 776 4055 et
799 3997 990 4064 Dauid,
1034 4008 1085 4054 et
1121 3997 1275 4063 Elige,
1304 4005 1354 4052 et
1391 3997 1553 4050 trium
1583 3996 2034 4067 patriarcharum,
2063 3997 2423 4067 corruptiones
2459 3997 2709 4067 facientes
2741 4006 2896 4067 atque
2930 3997 3164 4050 veritatis
3202 3997 3442 4051 inimicos

211 4092 394 4147 libros.

281 4185 608 4240 Humbertus
655 4200 922 4254 episcopus
955 4183 1126 4255 Sylva:
1152 4181 1438 4248 Candide,
1472 4183 1525 4236 in
1558 4181 1892 4252 responsione
1929 4180 1998 4235 ad
2027 4179 2232 4237 Nicetis
2263 4181 2475 4246 librum,
2510 4183 2675 4238 multo
2720 4192 2835 4253 post
2870 4182 3120 4247 initium;
3161 4181 3370 4236 ibidem.

278 4339 704 4411 Reprehendens
731 4339 874 4394 enim
908 4355 1028 4403 nos,
1060 4353 1160 4392 cur
1183 4339 1492 4409 jejunemus
1519 4335 1793 4400 Sabbatis,
1823 4336 1963 4392 dicis
1990 4353 2002 4388 :
2031 4338 2239 4405 Quarta
2267 4348 2318 4394 et
2347 4350 2496 4394 sexta
2534 4339 2667 4406 feria
2694 4338 2896 4407 juqiler
2924 4338 3309 4409 jejunandum;
3339 4355 3444 4392 una

211 4448 417 4504 propter
445 4433 805 4497 traditionem,
835 4433 1004 4487 altera
1029 4441 1236 4502 propter
1266 4433 1559 4500 passionem
1591 4431 1832 4496 Domini;
1876 4431 2108 4486 Sabbato
2136 4443 2308 4487 autem
2352 4451 2638 4504 nunquam,
2679 4433 2783 4487 nisi
2808 4448 2930 4486 uno.
2973 4430 3038 4485 Et
3069 4431 3170 4486 hoc
3201 4446 3445 4486 asserere

211 4529 429 4585 conaris
459 4545 524 4583 ex
551 4527 876 4598 apocryphis
913 4526 1067 4580 libris
1097 4535 1148 4579 et
1171 4524 1496 4586 canonibus,
1548 4524 1665 4594 pari
1697 4525 1970 4578 sententia
2013 4532 2328 4580 sanctorum
2359 4525 2583 4580 Patrum
2624 4526 2946 4595 repudiatis.
2988 4523 3121 4578 Nam
3147 4523 3443 4579 Clementis

212 4621 346 4676 liber
372 4622 442 4686 ³⁸,
487 4621 539 4676 id
571 4628 656 4676 est
708 4619 1054 4674 itinerarium
1093 4615 1242 4672 Petri
1295 4616 1566 4686 apostoli,
1617 4623 1670 4670 et
1695 4616 1949 4671 Canones
2007 4618 2381 4687 apostolorum
2445 4625 2806 4672 numerantur
2834 4617 2879 4648 “
2909 4617 3052 4671 inter
3107 4617 3439 4687 apocrypha,

211 4713 454 4784 exceptis
492 4710 748 4782 capitulis
799 4709 1226 4778 quinquaginta,
1261 4722 1381 4776 qua:
1428 4705 1790 4760 decreverunt
1829 4705 2033 4776 regulis
2077 4707 2396 4762 orthodoxis
2420 4707 2465 4740 "
2496 4707 2858 4778 adjungenda.
2911 4707 3067 4763 Unde
3097 4723 3195 4762 nos
3228 4724 3440 4778 quoquc

213 4821 371 4861 omne
409 4803 758 4876 apocryphon
791 4801 838 4833 “
865 4799 1208 4870 abjicientes,
1241 4799 1602 4869 dedignamur
1634 4797 1824 4853 audire
1862 4811 2050 4853 eorum
2097 4797 2377 4857 fabulosus
2419 4801 2765 4868 traditiones,
2797 4801 2925 4872 quia
2969 4817 3078 4857 non
3108 4810 3236 4856 sunt
3271 4811 3328 4856 ut
3357 4803 3440 4858 lex

215 4893 449 4950 Domini.

284 5031 532 5104 Georgius
567 5029 853 5093 Cedrenus,
895 5028 951 5081 in
991 5024 1305 5094 Compendio
1345 5025 1749 5104 Historiarum;
1795 5025 2042 5104 editionis
2074 5025 2339 5104 Xylandri
2377 5044 2499 5099 pag.
2533 5030 2657 5093 175,
2726 5030 2822 5085 lin.
2857 5030 2950 5094 52,
2994 5041 3102 5086 etc.
3163 5032 3433 5089 Editionis

1369 5099 1522 5167 regia:
1556 5108 1683 5152 tom.
1721 5095 1772 5159 I,
1797 5111 1918 5166 pag.
1948 5098 2008 5151 21
2027 5099 2075 5162 i,
2099 5099 2166 5163 Α,
2193 5106 2297 5154 etc.

284 5266 416 5338 Περὶ
425 5257 486 5317 οὗ
503 5266 560 5319 ὲν
569 5257 1437 5327 ταῖςὰποστολικαῖςΔιατάξεσινὁ
1460 5259 1630 5330 μέγας
1649 5260 1776 5313 ἀπό-

218 5361 394 5424 στολος
404 5355 758 5430 Πέτροςοίνιω
775 5356 971 5425 φάσκει
991 5371 1004 5386 ⁸
1034 5354 1103 5409 Ἠ
1119 5351 1187 5406 δὲ
1206 5352 1472 5421 καταρχὴ
1493 5352 1612 5406 τῶν
1623 5354 1775 5408 νέων

277 5581 318 5615 ⁸⁸
342 5581 379 5638 τ.
404 5584 729 5652 ἐπαφιεϊσιν.
795 5576 1106 5652 ⁸⁸Ῠᾶςείνθὸ.
1137 5577 1342 5652 “Cap.
1378 5579 1464 5652 i5.

219 5650 464 5707 brandam
529 5650 538 5652 7
562 5653 607 5684 ⁸⁷
644 5651 717 5706 Ca

220 5667 464 5707 aranaam
562 5667 603 5684 "
644 5667 717 5706 ba

220 5722 463 5792 inquiunt.
538 5724 584 5757 ⁸³
611 5722 680 5778 al.

1949 5263 2143 5334 Dequo
2162 5264 2213 5316 in
2227 5263 2726 5319 Constitutionibus
2741 5264 3055 5334 apostolicis
3073 5279 3299 5337 magnus
3315 5280 3439 5336 apo-

1879 5358 2055 5411 stolus
2085 5356 2281 5413 Petrus
2326 5357 2401 5410 ita
2429 5357 2691 5412 disserit:
2722 5357 2958 5412 ereses
2996 5374 3115 5413 vero
3150 5375 3296 5413 nam
3336 5361 3442 5414 ini-

1525 5581 1570 5610 “
1591 5579 1924 5650 al.jejunare
1947 5578 2259 5633 Sabbatum.
2351 5581 2395 5612 ⁸⁸
2417 5579 2550 5650 Cap.
2581 5581 2670 5636 ‘20.
2749 5584 2793 5614 “
2822 5583 2892 5638 al.
2945 5583 3273 5638 Dominicam
3307 5589 3436 5640 cele-

763 5694 776 5706 .
827 5651 920 5706 25.
956 5651 1023 5681 ⁸⁷⁸
1069 5652 1139 5705 al.
1174 5649 1503 5704 Dominicam
1533 5649 1864 5704 celebremus.
1937 5652 1982 5682 ⁸⁸
2005 5652 2071 5704 al.
2101 5651 2230 5704 hazc.
2304 5651 2347 5682 δ’
2375 5653 2446 5706 al.
2473 5649 2743 5708 manuum.
2819 5655 2864 5686 ⁵⁸
2890 5655 2926 5708 ί.
2962 5665 3132 5711 sexto.
3209 5654 3324 5694 “-“
3358 5661 3430 5711 al.

765 5720 934 5777 brum.
1009 5721 1129 5777 “al
1192 5737 1542 5776 numeravere.
1619 5720 1663 5753 ⁵⁵
1689 5721 1739 5775 al
1796 5721 2136 5776 orthodoxiw.
2215 5719 2349 5775 “al.
2389 5739 2589 5779 omnem
2619 5726 2985 5797 apocryphnm.
3067 5739 3072 5744 ‘
