3982 6334
546 295 649 351 559

544 420 598 465 et
632 422 752 479 quae
774 405 865 460 Dei
894 401 1155 458 voluntati
1189 398 1413 454 adversa
1440 404 1567 452 sunt
1608 392 1805 456 faciat;
1848 389 1937 444 ille
1966 402 2027 439 ac
2053 386 2097 440 si
2128 386 2175 445 Α

546 516 609 555 ex
640 504 799 570 gente
829 495 1013 564 iniqua
1043 496 1211 555 esset,
1241 503 1272 541 a
1295 487 1406 543 Deo
1440 479 1798 558 reputabitur.

1059 668 1283 726 CAPUT
1318 665 1607 722 PRIMUM.

1154 760 1233 816 De
1268 759 1516 815 avaritia.

625 855 900 912 Abstinete
928 854 1093 924 igitur
1120 852 1188 907 ab
1230 852 1377 907 omni
1424 848 1652 904 avaritia
1694 855 1746 902 et
1795 842 2105 914 injustitia:

550 948 747 1002 etenim
780 946 835 1001 in
858 946 975 1017 lege
1018 944 1277 1014 scriptum
1318 950 1449 998 est:
1503 960 1521 992 ι
1577 938 1696 994 Νοη
1754 937 2110 1007 concupisces

550 1054 773 1095 uxorem
830 1038 1063 1109 proximi
1129 1036 1247 1102 tui,
1295 1049 1470 1105 neque
1520 1047 1707 1105 agrum
1746 1032 1897 1103 ’ejus,
1938 1044 2112 1099 neque

550 1146 768 1186 servum
815 1129 956 1200 ejus,
1005 1144 1181 1198 neque
1232 1127 1484 1181 ancillam
1517 1126 1657 1196 ejus,
1706 1140 1883 1195 neque
1920 1124 2111 1178 bovem

551 1225 691 1291 ejus,
724 1236 900 1291 neque
925 1219 1207 1290 subjugale
1231 1218 1370 1289 ejus,
1394 1203 1494 1273 nec
1520 1230 1856 1287 quaecunque
1881 1216 2113 1287 proximi

448 1376 451 1381 η
532 1315 630 1369 tui
661 1322 788 1370 sunt
813 1313 898 1379 ⁷³ς
952 1329 971 1364 ι
1017 1312 1145 1382 quia
1184 1311 1364 1366 omnis
1397 1308 1591 1364 horum
1621 1308 1891 1379 cupiditas
1920 1321 1949 1361 a
1971 1308 2115 1361 malo

551 1414 653 1462 est.
687 1405 790 1472 Qui
833 1404 977 1460 enim
1018 1419 1263 1467 uxorem,
1305 1411 1398 1456 aut
1434 1416 1673 1465 servum,
1720 1407 1815 1454 aut
1858 1400 2112 1454 ancillam

552 1496 784 1568 proximi
826 1495 1198 1567 concupiscit;
1226 1494 1337 1564 jam
1360 1502 1541 1549 mente
1563 1492 1777 1549 adulter
1805 1507 1869 1547 ac
1892 1492 1977 1547 fur
1997 1501 2077 1549 est
2100 1513 2114 1561 ;

554 1590 659 1645 nisi
690 1588 997 1659 resipiscat,
1021 1589 1301 1659 judicatus
1329 1594 1414 1643 est
1438 1602 1470 1641 a
1501 1586 1728 1642 Domino
1756 1596 1946 1644 nostro
1985 1587 2114 1644 Jcsu

557 1680 816 1746 Christo;
850 1694 944 1749 per
969 1694 1127 1750 quem
1160 1678 1268 1734 Deo
1313 1679 1505 1750 gloria,
1549 1679 1606 1733 in
1656 1680 1874 1735 saecula.
1920 1679 2110 1737 Amen.

1353 282 1438 353 ,S.
1480 272 1872 337 CLEIENTIS
1907 272 1924 325 Ι
1960 270 2121 326 ΝΟΜ.
2158 264 2356 321 ΡΟΝΤ.
2398 260 2625 316 ΟΡΕιίΑ
2666 256 2885 313 DUBIA.

2201 377 2434 448 ταδιώκῃ
2468 374 2560 427 καὶ
2594 372 2662 425 τά
2689 369 2903 424 ἐναντία
2931 367 3009 440 τῷ
3037 364 3298 438 θελήματι
3324 360 3416 419 τοῦ
3453 361 3578 439 Θεοῦ
3610 370 3744 438 ποιῇ,

3642 252 3737 306 5θο

2205 471 2281 533 ὡς
2311 467 2626 540 παράνομον
2682 462 2851 526 ἔθνος,
2889 448 2966 533 τῷ
3011 458 3128 530 Θεῷ
3174 459 3204 511 6
3246 455 3483 519 τοιοῦτος
3520 456 3749 526 λογισθή-

2211 579 2383 615 σεται.
3364 566 3367 567 ⁷

2732 641 3121 701 ΚΕΦΑΛΑΙΟΝ
3161 644 3237 695 A’.

2726 737 2864 805 Περὶ
2892 734 3262 799 πλεονεξίας.

2294 833 2583 905 ’Δπέχεσθε
2613 828 2704 886 οὖν
2732 829 2912 899 πάσης
2944 824 3250 891 πλεονεξίας
3282 828 3378 879 κα).
3411 822 3609 886 ἀδικίας
3630 840 3642 853 ·
3673 825 3756 878 καὶ

2210 929 2318 1000 γὰρ
2346 928 2403 979 ἐν
2430 925 2508 996 τῷ
2526 924 2674 994 νόμῳ
2704 922 3010 992 γέγραπται
3040 935 3053 948 ο
3106 936 3124 970 ι
3177 918 3290 970 Οὑκ
3326 915 3661 986 ἐπιθυμήσεις
3690 916 3756 989 (9)

2209 1021 2307 1091 τὴν
2335 1022 2565 1088 γυναῖκα
2591 1013 2685 1069 τοῦ
2718 1013 2948 1085 πλησίον
2980 1027 3093 1073 σου,
3128 1008 3248 1062 οὐδὲ
3272 1008 3362 1061 τὸν
3402 1006 3561 1078 ἀγρὸν
3588 1009 3754 1074 αὑτοῦ,

2213 1112 2334 1165 οὑδέ
2360 1109 2451 1163 τὸν
2472 1108 2635 1162 παῖδα
2655 1104 2840 1167 αὑτοῦ,
2860 1102 2981 1156 οὔτε
3001 1101 3097 1172 τὴν
3127 1100 3414 1169 παιδίσκην
3444 1097 3622 1161 αὐτοῦ,
3649 1100 3755 1153 οὗτε

2213 1204 2302 1256 τὸν
2333 1202 2458 1273 βοῦν
2487 1199 2672 1260 αὑτοῦ,
2704 1197 2825 1251 οὔτε
2853 1196 2912 1247 τὸ
2959 1192 3253 1260 ὑποζύγιον
3293 1189 3479 1254 αὑτοῦ,
3519 1189 3633 1242 οὔτε
3672 1192 3758 1245 ὅσα

2213 1292 2308 1347 τοῦ
2339 1292 2566 1364 πλησίον
2598 1308 2688 1342 σου
2717 1288 2882 1341 ἐστίν’
2916 1306 2933 1337 ι
2969 1286 3100 1354 ὅτιὴ
3132 1285 3283 1336 πᾶσα
3308 1281 3506 1341 τούτων
3526 1281 3759 1353 ἐπιθυμία

2216 1387 2281 1440 ἐκ
2308 1384 2401 1438 τοῦ
2433 1381 2667 1454 πονηροῦ
2701 1381 2952 1451 ὑπάρχει.
2987 1379 3043 1431 Ὀ
3077 1376 3185 1447 γὰρ
3217 1373 3551 1445 ἐπιθυμήσας
3570 1372 3657 1442 τὴν
3678 1388 3761 1439 γυο

2216 1479 2397 1540 ναῖκα,
2444 1475 2479 1547 ἢ
2522 1474 2610 1527 τὸν
2659 1472 2842 1533 παῖδα,
2888 1471 2919 1542 ἧ
2965 1469 3061 1539 τὴν
3100 1465 3393 1537 ’παιδίσκην
3422 1462 3512 1516 τοῦ
3542 1462 3757 1534 πλησίον,

2217 1570 2316 1641 ήδη
2349 1566 2488 1622 κατά
2507 1565 2737 1619 διάνοιαν
2769 1563 2952 1635 μοιχὸς
2981 1562 3073 1614 καὶ
3104 1560 3342 1630 κλέπτης
3361 1557 3522 1610 ἐστίν.
3562 1557 3673 1609 Ἐὰν
3698 1555 3760 1628 μὴ

2222 1660 2489 1733 μεταγνῷ,
2522 1659 2766 1729 κέκριται
2797 1657 2905 1727 (10)
2936 1655 3038 1709 ὑπὸ
3064 1653 3158 1707 τοῦ
3191 1649 3559 1723 Κυρίουὴμῶν
3614 1647 3761 1720 Ἰησοῦ

558 1768 617 1823 ln
644 1768 931 1841 Evangelio
962 1770 1248 1839 siquidem,
1280 1778 1548 1840 repetens,
1590 1770 1811 1827 ﬁrmans
1847 1782 1902 1826 et
1940 1772 2113 1826 adim-
2145 1786 2146 1792 ‘

2229 1751 2470 1825 Χριστοῦ,
2498 1751 2560 1804 δι’
2582 1742 2644 1802 οὗ
2666 1749 2775 1821 (li)
2795 1750 2826 1819 ὴ
2850 1745 2972 1811 δόξα
2992 1745 3068 1817 τῷ
3079 1744 3195 1816 Θεῷ
3218 1742 3328 1815 (12)
3348 1743 3555 1806 εἰςτοὺς
3568 1740 3760 1803 αἰῶνας.

558 1860 711 1928 piens
734 1860 865 1930 legis
880 1859 1222 1931 Decalogum,
1248 1861 1322 1915 ait
1352 1879 1365 1917 :
1404 1880 1423 1912 ι
1459 1860 1597 1928 Quia
1625 1862 1681 1915 in
1712 1863 1825 1933 lege
1853 1863 2113 1935 scriptum

558 1956 641 2004 est
667 1968 681 2005 :
713 1949 829 2005 Non
860 1951 1256 2017 mmcbaberis;
1290 1967 1390 2023 ego
1418 1961 1597 2009 autem
1627 1954 1751 2010 dico
1787 1955 1940 2011 vobis
1969 1956 2016 1987 ’⁵
2050 1976 2062 2011 :
2093 1976 2111 2009 ι

560 2040 613 2093 id
636 2050 744 2104 est,
795 2042 905 2113 Ego
934 2058 1031 2112 per
1068 2042 1253 2100 Mosen
1289 2045 1345 2099 in
1374 2045 1489 2116 lege
1526 2046 1739 2102 locutus
1768 2062 1926 2115 sum;
1972 2063 2119 2103 nunc

559 2147 691 2189 vero
722 2133 860 2188 idem
886 2134 1002 2205 ipse
1031 2135 1155 2191 dico
1193 2136 1349 2193 vobis
1389 2157 1401 2193 :
1465 2155 1484 2189 ι
1522 2137 1845 2210 Quicunque
1894 2155 2119 2211 aspexe—

559 2224 634 2275 rit
660 2237 883 2278 uxorem
913 2224 1142 2294 proximi
1167 2225 1235 2281 ad
1280 2227 1770 2297 concupiscendum
1821 2245 1962 2295 eam,
2006 2230 2120 2300 jam

561 2312 864 2369 mwchatus
899 2323 983 2369 est
1012 2329 1129 2370 eam
1160 2316 1215 2369 in
1261 2317 1425 2372 corde
1469 2333 1608 2383 suo;
1674 2340 1692 2371 ι
1740 2320 1827 2375 hic
1858 2321 1952 2390 qui
1988 2335 2121 2376 con-

563 2404 790 2473 cupivit,
843 2404 1010 2458 animi
1043 2405 1253 2461 adulter
1276 2407 1549 2476 judicatus
1589 2421 1689 2465 est.
1738 2411 1839 2477 Qui
1866 2428 1992 2467 vero
2021 2414 2118 2467 ho-

562 2508 683 2547 vem
705 2503 798 2549 aut
826 2496 1039 2551 asinum
1060 2496 1229 2566 cupit,
1265 2513 1445 2553 nonne
1486 2502 1685 2571 cogitat
1716 2501 1904 2568 furari,
1941 2512 1995 2558 et
2023 2520 2121 2560 sua

566 2584 764 2649 facere,
795 2593 849 2641 et
875 2586 1182 2642 abducere?
1209 2588 1421 2645 Rursus
1442 2592 1531 2661 qui
1570 2607 1756 2662 agrum
1797 2595 2019 2666 appetit,
2069 2605 2123 2652 ct

567 2677 622 2731 in
654 2692 720 2733 eo
763 2677 955 2733 aﬂectu
988 2688 1328 2748 perseverat,
1361 2697 1541 2737 nonne
1567 2684 1795 2753 maligne
1815 2684 1866 2739 id
1903 2686 2032 2756 agit,
2065 2694 2124 2740 ut

569 2770 834 2825 terminos
857 2770 968 2840 agri
1000 2771 1311 2841 scalpenda,
1335 2783 1491 2844 cogat
1536 2789 1928 2844 possessorem,
1974 2778 2124 2832 nullo

569 2858 672 2914 sibi
696 2860 867 2929 pretio
904 2861 1158 2917 tradere?
1202 2862 1341 2917 Dicit
1387 2867 1529 2919 enim
1571 2866 1769 2920 alicubi
1814 2868 2073 2939 propheta
2107 2888 2120 2924 :

575 2967 596 3001 ι
645 2949 738 3004 Va:
774 2952 865 3020 qui
891 2952 1192 3023 adjungunt
1227 2954 1444 3010 domum
1476 2956 1542 3010 ad
1568 2956 1806 3022 domum,
1840 2967 1894 3012 et
1935 2974 2122 3030 agrum

2231 1846 2420 1916 Ἀμήν.
2452 1844 2610 1910 Λέγει
2646 1841 2753 1913 γὰρ
2783 1842 2839 1895 ἐν
2879 1838 2957 1910 τῷ
3003 1836 3342 1906 Εὐαγγελίῳ,
3385 1831 3764 1902 ἀνακεφαλαιού-

2222 1953 2377 2009 μενος
2414 1935 2507 1989 καὶ
2535 1933 2803 2006 στηρίζων
2851 1932 2944 1987 καὶ
2976 1929 3195 2001 πληρῶν
3230 1929 3326 1999 τὴν
3366 1925 3645 1993 Δεκάλογον
3684 1923 3761 1976 τοῦ

2217 2029 2379 2099 νόμου
2398 2045 2411 2057 ·
2434 2046 2450 2078 ι
2476 2027 2595 2080 Ὅτι
2624 2026 2681 2079 ἐν
2715 2024 2793 2096 τῷ
2820 2023 2968 2095 νόμῳ
2994 2021 3325 2092 γέγραπται⁸
3361 2020 3435 2072 Οὑ
3466 2016 3758 2088 μοιχεύσεις·

2219 2120 2329 2189 ἐγὼ
2357 2119 2412 2173 δὲ
2439 2118 2579 2187 λέγω
2611 2118 2736 2188 ὑμῖν
2761 2133 2774 2147 ·
2816 2136 2835 2168 ι
2868 2114 3160 2175 τουτέστιν,
3201 2113 3265 2165 ἐν
3294 2110 3370 2182 τῷ
3390 2110 3530 2181 νόμῳ
3555 2109 3635 2162 διὰ
3658 2110 3763 2162 Mm.

2223 2212 2361 2275 σέως
2386 2209 2495 2279 ἐγὼ
2523 2208 2780 2280 ἐλάλησα,
2828 2205 2922 2261 νῦν
2942 2206 2997 2259 δὲ
3026 2207 3053 2258 6
3088 2204 3255 2267 αὐτὸς
3284 2204 3410 2275 ὑμῖν
3439 2201 3603 2269 λέγωο
3630 2219 3645 2251 ι
3670 2199 3764 2263 Πᾶς

2220 2304 2366 2367 ὅστις
2398 2300 2652 2373 ἐμϐλέψει
2682 2302 2760 2364 εἰς
2786 2298 2881 2370 τὴν
2910 2298 3141 2367 γυναῖκα
3166 2294 3267 2350 τοῦ
3317 2294 3535 2365 πλησίον
3572 2292 3691 2364 πρὸς
3716 2290 3765 2344 τὸ

2222 2395 2557 2466 ἐπιθυμῆσαι
2587 2391 2775 2464 αὐτὴν,
2805 2391 2905 2463 ἠδη
2938 2390 3259 2461 ἐμοίχευσεν
3301 2386 3467 2457 αὐτὴν
3498 2386 3552 2438 ἐν
3577 2386 3636 2455 τῇ
3654 2401 3765 2453 καρ-

2222 2487 2309 2558 δίᾳ
2327 2484 2528 2540 αὐτοῦ’
2573 2504 2591 2537 ι
2641 2477 2795 2546 οὗτος
2839 2480 3029 2554 ἐκρίθη
3089 2479 3283 2551 μοιχὸς
3334 2478 3452 2531 κατ’
3497 2476 3701 2537 ἔννοιαν,
3738 2474 3761 2526 6

2224 2577 2584 2648 ἐπιθυμήσας.
2630 2575 2687 2629 Ὀ
2717 2574 2771 2627 δὲ
2800 2573 2889 2627 τὸν
2922 2571 3046 2643 βοῦν
3072 2570 3106 2644 ἢ
3134 2570 3229 2623 τὸν
3278 2570 3396 2623 δνον
3440 2566 3763 2638 ἐπιθυμήσας,

2223 2671 2322 2722 οὐκ
2350 2668 2443 2721 ἐπί
2479 2668 2556 2738 τῷ
2599 2665 2811 2736 κλέψαι,
2854 2665 2951 2718 καὶ
2992 2660 3445 2733 ίδιοποιήσασθαι,
3478 2658 3509 2731 ἢ
3539 2658 3624 2711 καὶ
3646 2658 3763 2710 ἀπα-

2224 2764 2412 2831 γαγεῖν
2441 2759 2579 2813 αὑτά
2604 2758 2923 2822 διανοεῖται;
2951 2755 2984 2826 ἢ
3026 2756 3054 2807 6
3095 2754 3185 2808 τὸν
3225 2753 3398 2825 ἀγρὸν
3434 2751 3585 2806 πάλιν
3614 2745 3766 2801 ἐπιθυ-

2230 2856 2428 2924 μήσας,
2457 2853 2551 2906 καὶ
2592 2851 2877 2922 ἐπιμείνας
2916 2851 2982 2919 τῇ
3028 2846 3203 2917 τοιᾷδε
3247 2844 3499 2907 διαθέσει,
3545 2842 3603 2895 οὐ
3629 2856 3765 2911 novt;-

2230 2943 2475 3016 ρεύεται,
2524 2943 2671 3005 ὅπως
2716 2940 3094 3013 όρογλυφήσας
3139 2936 3431 3008 ἀναγκάσῃ
3471 2934 3557 2988 τὸν
3606 2932 3765 3004 ἔχοντα

572 3046 706 3109 agro
735 3045 1073 3105 continuant,
1104 3051 1161 3098 ut
1186 3045 1387 3116 aliquid
1435 3049 1663 3113 proximi
1692 3049 1941 3104 auferant
1969 3026 2014 3083 θ’
2046 3070 2058 3105 :
2100 3069 2116 3101 ι

2229 3034 2319 3087 τοῦ
2353 3034 2573 3107 μηδενὸς
2602 3031 2893 3086 ἀποδόσθαι
2934 3027 3121 3100 αὑτῷ;
3152 3028 3292 3101 φησὶ
3334 3027 3441 3099 γάρ
3478 3042 3572 3078 που
3599 3026 3625 3077 6
3654 3038 3765 3095 προ-

575 3130 778 3186 idcirco
799 3133 919 3189 ait:
967 3153 985 3186 ι
1036 3134 1287 3206 Nunquid
1335 3136 1651 3193 habitabilis
1698 3138 1798 3193 soli
1840 3138 1895 3193 in
1950 3140 2127 3194 terra?

2229 3130 2405 3199 φήτης
2431 3126 2539 3198 (15)
2559 3142 2572 3157 °
2603 3145 2622 3178 ι
2651 3125 2786 3179 Οὐαὶ
2803 3124 2854 3178 oi
2875 3122 3231 3183 συνάπτοντες
3254 3120 3428 3173 οἰκίαν
3455 3117 3582 3189 πρὸς
3598 3117 3763 3206 οἰκίαν,

574 3221 768 3277 Audita
811 3240 1043 3296 namque
1083 3237 1211 3282 sunt
1258 3229 1371 3283 haec
1403 3231 1455 3283 in
1495 3230 1719 3285 auribus
1756 3230 1968 3285 Domini
2029 3230 2125 3285 Sa-

575 3313 737 3370 baoth
776 3315 841 3370 ".
885 3336 904 3369 ›
935 3317 1001 3371 Ει
1031 3319 1136 3372 alio
1166 3320 1219 3373 in
1249 3320 1368 3375 loco
1394 3340 1407 3376 :
1442 3339 1461 3371 ι
1493 3320 1808 3378 Maledictus
1831 3323 1923 3393 qui
1953 3330 2130 3380 trans-

575 3404 680 3461 fert
702 3408 963 3464 terminos
991 3410 1220 3479 proximi
1252 3412 1334 3467 sui
1359 3431 1375 3480 ;
1404 3422 1456 3467 et
1485 3413 1629 3468 dicet
1658 3415 1834 3469 omnis
1864 3416 2127 3485 populus:

576 3493 717 3552 Fiat.
757 3516 775 3549 ι
803 3495 957 3555 Unde
985 3508 1040 3554 et
1067 3498 1240 3557 Moses
1261 3502 1335 3557 ait
1361 3522 1374 3557 :
1410 3523 1428 3557 ι
1474 3501 1590 3557 Non
1632 3506 2024 3562 transmovebis
2068 3507 2131 3560 il-

577 3603 675 3643 nes
703 3590 936 3659 proximi
965 3591 1064 3655 tui,
1094 3606 1232 3662 quos
1260 3599 1443 3662 patres
1483 3594 1561 3647 tui
1593 3604 1890 3662 posuerunt
1918 3596 1986 3650 ⁷⁷.
2012 3614 2030 3647 ι
2052 3593 2132 3651 Ob

580 3683 719 3734 hanc
776 3681 941 3752 igitur
999 3698 1218 3738 causam
1280 3684 1534 3747 timores.
1599 3694 1820 3749 mortes,
1882 3686 2128 3756 judicia,

578 3769 956 3827 damnationes
1009 3770 1319 3825 hominibus
1362 3771 1671 3840 hujusmodi
1729 3772 1990 3827 divinitus
2031 3774 2133 3827 im-

582 3858 847 3928 pendent;
891 3861 958 3916 iis
986 3869 1164 3916 autem
1193 3861 1285 3931 qui
1324 3859 1434 3915 Deo
1459 3860 1739 3925 obediunt,
1771 3877 1875 3916 una
1902 3862 2015 3917 haec
2046 3862 2132 3918 lex

476 4011 479 4013 ἓ
532 3950 545 4022 1
580 3950 673 4005 Dei
707 3952 956 4022 simplex,
984 3967 1108 4007 vera
1132 3967 1196 4007 ac
1219 3954 1338 4007 viva
1370 3952 1532 4007 insita
1555 3961 1638 4007 est
1665 3973 1677 4008 ε
1702 3972 1721 4005 ι
1756 3952 1911 4022 Quod
1935 3955 2003 4009 ab
2028 3955 2134 4010 alio

579 4040 764 4097 oderis
798 4042 895 4098 tibi
938 4044 1073 4108 fieri,
1114 4053 1168 4099 tu
1218 4044 1373 4100 alteri
1418 4060 1486 4099 ne
1515 4043 1710 4101 feceris
1749 4045 1817 4101 ’⁸.
1854 4064 1872 4098 ι
1902 4044 2025 4103 Non
2055 4046 2137 4102 vis

582 4141 643 4187 ut
670 4134 810 4190 alius
846 4150 1071 4191 uxorem
1114 4143 1258 4189 tuam
1299 4135 1550 4206 nequiter
1590 4134 1657 4190 ad
1710 4143 1954 4205 stuprum
1997 4136 2138 4205 aspi-

579 4225 712 4289 ciat,
750 4241 935 4298 neque
963 4227 1077 4296 ipse
1110 4228 1162 4282 in
1179 4241 1400 4282 uxorem
1425 4226 1656 4296 proximi
1680 4227 1755 4281 tui
1785 4225 2001 4281 oculum
2033 4226 2136 4281 im-

673 4362 720 4394 "
754 4360 922 4418 Exod.
957 4381 1049 4427 xx,
1085 4365 1167 4418 17.

589 4448 660 4498 Iv,
690 4431 777 4487 16.

1281 4366 1331 4397 ἰ
1370 4364 1558 4420 Matth.
1594 4382 1645 4429 v,
1675 4365 1763 4420 27.
1842 4366 1887 4398 "
1927 4364 2030 4421 lsa.
2069 4385 2120 4432 v,
2166 4370 2220 4425 8.

2230 3221 2322 3273 καὶ
2352 3219 2517 3290 ἀγρὸν
2548 3216 2685 3289 πρὸς
2730 3215 2897 3288 ἀγρὸν
2942 3214 3271 3283 ἐγγίζοντες,
3318 3212 3404 3264 ἵνα
3441 3210 3531 3264 τοῦ
3575 3204 3767 3276 πλησίον

2229 3310 2535 3382 ἀφέλωνταί
2563 3326 2651 3362 τι·
2694 3329 2711 3361 ι
2753 3308 2832 3361 διὸ
2858 3308 3037 3375 λέγει·
3068 3326 3086 3356 ι
3124 3304 3214 3376 Μὴ
3244 3304 3503 3376 οίκήσητε
3533 3299 3667 3371 μόνοι
3691 3296 3767 3348 ἐπὶ

2228 3404 2329 3473 τῆς
2373 3402 2510 3472 ﬂe;
2556 3400 2796 3472 ἠκούσθη
2842 3401 2947 3470 γὰρ
2977 3400 3054 3461 είς
3087 3396 3155 3451 τὰ
3197 3389 3318 3450 ὦτα
3346 3394 3543 3466 Κυρίου
3575 3386 3766 3444 Σαϐαὼθ

2230 3492 2422 3547 ταῦτα.
2462 3512 2481 3544 ι
2515 3492 2625 3545 Καὶ
2649 3489 2879 3562 ἀλλαχοῦ
2904 3507 2917 3520 ο
2957 3509 2974 3541 ι
3040 3489 3473 3559 Ἐπικατάρατος
3514 3487 3540 3538 6
3583 3498 3767 3555 μετατι-

2233 3586 2345 3649 θεὶς
2388 3586 2509 3657 ὅρια
2554 3580 2646 3636 τοῦ
2695 3582 2919 3653 πλησίον
2962 3578 3147 3642 αὑτοῦ,
3193 3580 3295 3632 καὶ
3336 3580 3447 3651 ἐρεῖ
3474 3575 3622 3639 πᾶςό
3647 3571 3768 3634 λαδς,

2229 3677 2453 3747 γένοιτο.
2478 3695 2496 3728 ι
2530 3675 2617 3728 Διό
2639 3692 2769 3746 φησι
2789 3673 2882 3727 καὶ
2910 3672 3017 3744 (14)
3039 3673 3067 3725 ὁ
3096 3671 3326 3742 Μωσῆς·
3363 3690 3384 3721 ι
3418 3670 3491 3724 Ού
3514 3664 3770 3740 μετακινή-

2235 3786 2344 3833 σεις
2363 3770 2489 3840 ὅρια
2512 3766 2606 3821 τοῦ
2638 3766 2862 3838 πλησίον
2884 3782 2997 3827 σου,
3020 3764 3059 3818 6.
3073 3764 3258 3817 ἔθεντο
3277 3762 3507 3835 πατέρες
3525 3777 3611 3813 σου
3629 3756 3767 3829 (15).»

2232 3860 2329 3914 Διά
2354 3859 2512 3914 τοῦτο
2540 3855 2631 3913 οὖν
2662 3858 2835 3929 φόϐοι,
2867 3857 3105 3920 θάνατοι,
3127 3856 3479 3927 δικαστήρια,
3499 3849 3769 3909 καταδίκαι,

2239 3952 2390 4025 παρά
2415 3952 2508 4006 τοῦ
2538 3951 2669 4006 Θεοῦ
2696 3954 2807 4014 τοῖς
2848 3948 3107 4013 τοιούτοις
3134 3945 3567 4003 ἐπακολουθοῦσι·
3596 3944 3693 4002 τοῖς
3726 3938 3772 3991 δὲ

2242 4044 2502 4116 ὑπηκόοις
2554 4042 2671 4114 Θεῷ
2721 4041 3026 4115 ἀνθρώποις
3070 4036 3150 4105 εἷς
3203 4040 3370 4112 νόμος
3411 4036 3539 4093 Θεοῦ
3577 4030 3769 4093 ἁπλοῦς.

2239 4135 2460 4208 ἀληθὴς,
2508 4135 2635 4200 ζῶν,
2679 4130 2832 4198 οὗτος
2859 4133 3148 4205 ἐνυπάρχει
3188 4148 3202 4163 ο
3239 4149 3260 4184 ι
3295 4134 3362 4185 ·υ
3404 4131 3466 4185 σὺ
3497 4128 3657 4201 μισεῖς
3698 4121 3770 4189 ὑφ’

2239 4228 2423 4300 ἐτέρου
2454 4243 2536 4280 σοι
2562 4225 2830 4295 γενέσθαι,
2881 4226 2944 4279 σὺ
2986 4226 3126 4297 ἄλλῳ
3152 4224 3213 4278 οὺ
3246 4225 3486 4296 ποιήσεις
3512 4218 3630 4292 (16).
3665 4234 3682 4269 ι
3709 4212 3771 4268 Οὐ

2328 4369 2375 4401 "
2408 4366 2567 4422 Deut.
2607 4382 2781 4432 xxvii,
2812 4365 2902 4420 i7.
2978 4365 3022 4398 "
3046 4363 3204 4422 Deut.
3236 4378 3354 4431 xix,
3414 4361 3499 4417 ﬂ.
3573 4351 3749 4410 "Tob.

1817 4500 2193 4561 νΑιιιοιιυΜγ
2222 4505 2432 4564 NOTAE

656 4618 730 4689 (9)
773 4618 894 4689 Οὺλι
942 4614 1347 4689 ἐπιθυμήσεις.
1399 4615 1825 4689 Convenientius
1867 4614 2146 4689 llebraicaa

2252 4622 2428 4680 nensi.
2461 4629 2515 4677 et
2543 4620 2728 4677 debuit
2754 4620 2947 4675 abesse
2974 4624 3181 4673 mutato
3209 4617 3278 4671 δι’
3307 4616 3374 4676 οὖ
3401 4615 3454 4670 in
3488 4605 3532 4683 ᾧ
3564 4625 3593 4663 a
3633 4615 3769 4660 manu

586 4684 821 4752 veritati,
843 4687 1013 4741 Exod.
1038 4684 1129 4750 xx,
1155 4686 1241 4751 l7,
1260 4701 1323 4741 ac
1335 4702 1481 4740 nunc
1500 4687 1554 4740 in
1584 4684 1747 4748 LXX,
1769 4701 1800 4739 a
1828 4686 2026 4756 quibus
2051 4690 2146 4742 ad-

587 4759 699 4812 dita
730 4758 981 4813 videntur
1009 4758 1270 4811 nonnulla
1313 4758 1459 4812 velut
1487 4755 1894 4826 par-aplirastice
1924 4772 1988 4811 ex
2025 4758 2148 4815 aliis

592 4828 889 4898 Scriptura:
951 4826 1300 4898 testimoniis.
1358 4826 1571 4895 Optime
1634 4832 1812 4898 autem
1855 4825 2152 4898 λδιαταγεῖς

590 4895 763 4954 nostri
794 4897 1079 4967 ὑποζύγιον
1124 4897 1284 4967 paulo
1323 4902 1699 4967 postrmutant
1740 4895 1796 4967 in
1845 4895 1988 4967 Δὄνον.
2036 4898 2152 4954 Mos

589 4970 735 5023 enim
768 4968 905 5022 LXX
939 4965 1090 5027 nim
1125 4965 1475 5035 interpretari
1502 4965 1621 5017 ὄνον
1648 4973 1701 5019 et
1730 4965 2037 5034 ὑποζύγιον.
2087 4969 2152 5022 Et

592 5054 716 5109 eum
755 5037 1031 5093 Zachariae
1086 5052 1162 5100 Ix,
1206 5037 1261 5109 θ,
1312 5035 1472 5109 iidem
1514 5036 1763 5109 habeant,
1812 5036 2153 5109 ἐπιᾷεόηκὼς

592 5108 685 5161 ἐπὶ
714 5109 1002 5175 ὑποζύγιον
1042 5109 1135 5163 καὶ
1166 5106 1339 5159 πῶλον
1360 5105 1497 5169 νέον,
1537 5101 1726 5175 Matth.
1764 5121 1877 5168 xxi,
1921 5107 1972 5167 5,
2016 5101 2151 5163 cita-

593 5174 1075 5250 ιμαέπιϐεϐηκὼς
1109 5177 1346 5250 ἐπὶόνον
1374 5175 1468 5250 καὶ
1499 5174 1672 5226 πῶλον
1693 5175 2143 5250 υίδνΔὺποζυγίου.

596 5244 966 5317 Similiterque
988 5247 1222 5300 Balaami
1246 5245 1364 5307 δνος
1393 5244 1781 5317 ῌιιηιοτηχκιι,
1802 5244 1891 5311 21,
1923 5244 2027 5317 etc.
2049 5248 2147 5301 Pe.

598 5325 684 5387 tto
698 5319 861 5385 epist.
879 5313 960 5379 'll,
992 5332 1112 5384 cap.
1155 5332 1215 5376 ll,
1240 5313 1488 5387 vet's_._16,
1512 5322 1598 5387 est
1619 5315 1923 5385 ὑποζύγιον.
1946 5315 2151 5387 Legen-

598 5384 702 5441 dus
738 5381 936 5442 Suidas
985 5386 1038 5440 in
1053 5381 1184 5439 voce
1218 5381 1528 5451 ’Υποζύγια.
1560 5382 1697 5438 Cor.

675 5457 782 5527 (ιο)
821 5457 1104 5527 Κέκριται.
1133 5453 1268 5527 lluic
1296 5452 1413 5507 voci
1444 5454 1734 5523 praetigitur
1768 5456 1859 5508 καί
1890 5457 1940 5510 ἱη
1990 5454 2151 5511 Vind.

601 5526 707 5582 ms.
739 5526 1077 5582 incommode
1119 5526 1284 5579 Casu.

675 5597 785 5667 (11)
825 5598 915 5649 Δι’
943 5593 1208 5667 οῡηΙ-ιίθγιι
1239 5609 1340 5667 ms.
1366 5589 1431 5665 ᾧ,
1479 5595 1839 5650 incommode.
1859 5594 2154 5650 Orthodoxi

582 5662 836 5721 .Librarii
864 5680 985 5721 esse
1006 5663 1232 5718 videtur.
1274 5662 1346 5718 ID.

670 5736 790 5808 ,(12)
831 5735 917 5801 Τῷ
944 5734 1083 5799 Θεῷ.
1128 5734 1291 5788 Abest
1327 5735 1394 5788 ab
1432 5744 1665 5805 .utroque
1701 5735 1824 5789 cod.
1883 5734 2157 5792 Vindobo-

2249 4692 2572 4749 orthodoxa.
2605 4693 2679 4745 In.

2284 4782 2428 4907 1(13)
2571 4781 2896 4853 προφήτης.
2927 4779 3028 4837 Ms.
3053 4777 3287 4836 Vindob.
3320 4776 3555 4837 Ἡσαΐας,
3581 4782 3686 4841 quae
3700 4768 3769 4818 est

2305 4868 2450 4907 ossa.
2514 4870 2567 4907 ι).

2250 4868 2450 4925 glossa.
2492 4868 2567 4907 ID.

2324 4944 2433 5026 (μ)
2472 4946 2603 5026 ξίαί-
2675 4942 2954 5026 Omittit"?
2997 4942 3052 5026 in
3100 4925 3769 5026 utroque_f;99-_-°f..dii’ﬁf

2253 4996 2449 5137 oniitili.
2471 4996 2601 5085 jam
2623 4996 2785 5071 enim
2808 4996 2879 5069 ad
2898 4996 3294 5068 testimonium
3342 5008 3534 5063 citatus
3559 5007 3635 5058 est
3673 4996 3770 5049 Μο-

2253 5100 2360 5137 ses.
2420 5102 2471 5137 ι).

2253 5100 2360 5140 $85.
2395 5100 2471 5138 ID.

2319 5176 2427 5248 (15)
2471 5178 2538 5231 Ἀ
2589 5176 2791 5229 ἔθεντο
2839 5172 3086 5241 πατέρες
3117 5189 3277 5248 μσου.
3327 5169 3529 5248 Absunt
3574 5152 3770 5248 ψευδο

2255 5222 2825 5315 υιὶὸὲυέᾗρῖιρἑὲὰιῖτ,
3023 5222 3344 5315 *έηὶιῇζῐίρῂ
3374 5222 3574 5315 tantum
3602 5232 3649 5283 in

2256 5304 2443 5372 braic'o
2474 5304 2641 5377 te'xtu‘,
2676 5304 2861 5369 verum
2888 5315 3050 5368 etiam
3082 5314 3136 5367 in
3160 5310 3297 5365 LXX
3320 5310 3443 5363 lntt.
3473 5304 3600 5360 Male
3631 5304 3767 5352 etiam

2256 5387 2409 5441 abiis
2437 5386 2590 5440 abest
2618 5400 2721 5437 vox
2750 5383 2970 5447 ἁπλοῦς,
3004 5385 3163 5453 paulo
3183 5390 3321 5452 post.
3354 5381 3427 5434 lo.
3466 5445 3482 5453 _
3558 5438 3599 5453 λ
3652 5431 3693 5453 ἐς

2325 5438 2438 5527 (161
2479 5438 2557 5527 ⁵ίῖ
2575 5454 2658 5527 ei:
2675 5453 2873 5523 μισεῖς
2900 5438 3328 5527 εἱεὲῗέτέροῆικο
3373 5464 3436 5527 ’θλ
3466 5445 3512 5496 λ·
3529 5438 3769 5527 ,ΡΨἾἚΞ

2257 5499 2466 5579 accedit
2489 5499 2556 5578 avd
2578 5499 2872 5593 ῑῖυῖξὶῖιῖιὲῖι
2905 5499 3352 5593 ἴουῗῖἷξῒεῖ
3389 5499 3541 5593 CW
3560 5499 3767 5593 .0914?

2258 5577 2574 5664 oderis/iui
2605 5577 2723 5656 tibi:
2757 5594 2869 5648 vide
2898 5611 2959 5647 ne
3000 5603 3057 5645 tu
3106 5577 3765 5664 aliquando:atteri‘jqdﬂfv

2260 5650 2573 5720 erci.'xai.
2599 5664 2627 5716 ὃ
2659 5650 2851 5734 μίσεῖςν
2884 5663 3066 5734 μηδενὶ
3086 5733 3091 5734 ,
3110 5650 3367 5734 mittant:
3399 5656 3534 5734 [Br-ra
3570 5650 3764 5734 libi-'24.

2261 5705 2549 5806 355113"?
2559 5705 2631 5788 ³6
2659 5705 2851 5804 tua}:
2867 5705 3380 5803 ἕοῗῖἑὺιάὸέἑῗόξέι
3554 5718 3612 5771 σὺ
3638 5705 3759 5773 ποιή-
