3936 6342
513 336 608 394 59,
1325 330 1382 387 s.
1427 306 1822 387 CLEuENrts
1856 330 1876 384 ι
1916 327 2083 385 non.
2128 327 2333 385 pom.
2372 327 2600 385 orsus
2638 326 2864 383 DUBIA.
3587 334 3670 394 εει

510 444 728 503 XXXII.
764 444 919 513 Quod
952 461 1060 501 non
1091 450 1340 515 oporteat
1362 442 1626 501 diaconus
1663 452 1859 515 praeter
1888 443 2052 497 volun

2118 464 2156 521 Α
2181 444 2292 499 λθ.
2335 443 2461 497 Ὀτι
2486 442 2571 513 μὴ
2601 442 2716 511 χρὴ
2746 442 2851 496 τὸν
2879 438 3157 496 διάκονον
3182 443 3329 511 παρὰ
3353 442 3562 516 γνώμην
3590 452 3672 505 τοῦ

581 547 749 594 tatem
784 537 1025 609 episcopi
1084 536 1174 593 det
1192 537 1481 608 cuipiam;
1520 536 1575 591 id
1611 536 1756 591 enim
1785 534 1839 589 in
1871 535 2079 590 calum-

2249 536 2583 590 ἐπισκόπου
2628 534 2856 589 διδόναι
2898 533 3034 598 τινί,
3080 534 3176 588 ἐπὶ
3216 534 3443 606 διαϐολῇ
3478 542 3673 608 γὰρτοῦ

579 632 727 685 niam
756 629 998 701 episc0pi
1034 644 1340 687 cessurum.

2247 629 2582 683 ἐπισκόπου
2611 628 2785 682 τοῦτο
2812 628 3039 696 πράξει.

507 720 744 779 XXXIII.
782 720 905 787 Quo
958 710 1121 778 modo
1194 730 1440 793 oporteat
1498 724 1835 790 sacerdotes,
1893 732 2061 795 utpott

2179 726 2289 793 λγ.
2334 726 2530 788 Ὅπως
2556 720 2670 790 χρὴ
2692 719 2968 791 τιμᾶσθαι
2996 720 3135 787 τοὺς
3154 722 3336 789 ἱερεῖς,
3363 724 3449 777 καὶ
3467 727 3676 796 σεπτοὺς

578 821 760 885 patres
808 814 1144 886 spirituales,
1188 815 1458 873 honorare
1500 832 1567 872 ac
1592 819 1944 873 veneratione
1992 817 2081 871 di-

1871 832 1944 872 ne
1992 817 2081 871 di-
2250 813 2539 883 ἡγεῖσθαι,
2567 813 3002 883 πνευματικοὺς
3031 814 3208 880 ὄντας
3229 814 3425 884 γονεῖς.

615 923 713 961 nos
749 908 971 963 habere.

578 923 713 978 gnos
749 909 971 964 habere.

513 996 753 1054 XXXIV.
794 999 949 1067 Quod
980 999 1323 1072 principibus
1344 1015 1407 1057 ac
1430 1000 1650 1075 regibus
1672 1001 2067 1075 praestantiore:

2179 992 2291 1048 λδν.
2334 994 2461 1047 Ὅτι
2488 992 2607 1047 τῶν
2633 994 2939 1062 ἀρχόντων
2967 992 3067 1048 καὶ
3086 992 3383 1058 ,βασιλέων
3404 994 3512 1050 εισι
3533 998 3682 1065 κρείτ-

581 1091 691 1146 sint
725 1090 1059 1147 sacerdotes.

2251 1103 2395 1152 τους
2425 1089 2479 1140 οἱ
2511 1086 2703 1154 ἱερεῖς.

508 1182 726 1239 XXXV.
838 1183 993 1253 Quod
1065 1181 1307 1240 Iudaicae
1374 1185 1541 1257 leges,
1603 1192 1659 1241 et
1705 1185 2056 1258 Evangelium

2181 1181 2286 1236 λε’.
2329 1179 2455 1234 Ὅτι
2485 1179 2987 1247 παρακελεύονται
3031 1181 3085 1232 οι
3126 1179 3291 1249 νόμοι
3330 1183 3682 1251 καρποφορεῖν·

580 1278 903 1350 ρι’ωείρίειιι
944 1295 1229 1338 munerum
1283 1280 1633 1336 oblationem.

1590 1296 1633 1336 ι.
2254 1272 2534 1339 ὡσαύτως
2562 1272 2659 1327 καὶ
2687 1273 2751 1327 τὸ
2765 1272 3144 1343 Εὐαγγέλιον.

510 1369 750 1426 XXXVI.
786 1371 1246 1429 Commemoratio
1306 1373 1493 1429 decem
1536 1373 1632 1430 Dei
1679 1372 2056 1429 mandatorum

2182 1366 2301 1431 λς’.
2350 1364 2719 1433 ’Υπόμνησις
2746 1364 2866 1418 τῶν
2891 1364 3034 1418 δέκα
3059 1366 3166 1419 τοῦ
3196 1365 3337 1421 Θεοῦ
3365 1367 3577 1437 λογίων,
3615 1370 3688 1423 καὶ

580 1473 637 1519 et
666 1479 776 1536 quo
799 1464 962 1520 modo
987 1480 1049 1521 ea
1074 1466 1163 1520 hic
1190 1466 1520 1522 edisserunt.

2255 1458 2413 1524 ὅπως
2448 1457 2600 1512 αὐτὰ
2625 1457 2882 1512 ἐνταῦθα
2908 1457 3330 1528 διαγορεύουσι.

509 1555 770 1613 XXXVII.
813 1557 890 1614 De
959 1559 1375 1615 accusatoribus
1458 1566 1513 1614 et
1583 1558 1956 1625 delatoribus;
2030 1573 2060 1612 c

2183 1547 2288 1611 λζ’.
2330 1548 2473 1617 Περὶ
2501 1551 2841 1619 κατηγόρων
2866 1550 2964 1604 καὶ
2990 1549 3412 1619 συκοφαντῶν·
3450 1551 3537 1605 καὶ
3570 1553 3690 1620 ὅπως

577 1650 725 1721 quod
766 1650 936 1721 judex
992 1667 1102 1706 non
1155 1651 1351 1707 debeat
1400 1651 1509 1707 illis
1542 1650 1704 1706 facile
1728 1649 1973 1713 credere,
1998 1651 2081 1705 vel

2255 1640 2370 1711 χρὴ
2392 1642 2479 1711 μὴ
2525 1643 2851 1711 προχείρως
2892 1645 3201 1698 πιστεύειν
3238 1644 3275 1713 ἢ
3308 1645 3559 1699 άπιστεῖν
3592 1648 3689 1699 τεύ-

577 1758 688 1797 non
731 1742 976 1807 credere,
1008 1743 1103 1799 sed
1138 1744 1383 1804 adhibita
1423 1742 1668 1815 diligenti
1701 1744 2079 1816 inquisitione.
2116 1811 2131 1872 Ι

2140 1812 2163 1870 ι
2257 1751 2381 1801 τοις
2426 1735 2533 1789 τὸν
2575 1734 2805 1805 κριτὴν,
2847 1736 3009 1790 ἀλλὰ
3045 1736 3200 1806 μετὰ
3236 1736 3500 1804 ἀκριϐοῦς
3538 1736 3694 1801 ἐξετά-

2260 1844 2432 1872 (mam-

2260 1844 2433 1893 σεως.

507 1918 796 1977 XXXVIII.
844 1920 1003 1987 Quod
1065 1928 1313 1992 oporteat
1375 1921 1757 1993 delinquentes
1826 1923 2061 1994 privatin

2181 1922 2294 1988 λη’.
2341 1920 2468 1975 Ὅτι
2512 1920 2627 1991 χρὴ
2660 1922 2799 1988 τοὺς
2825 1921 3273 1991 ἁμαρτάνοντας
3301 1920 3603 1988 ἰδιαζόντως
3621 1921 3692 1986 ἐξ·

581 2030 830 2085 arguere,
873 2024 927 2071 et
957 2016 1284 2085 poanitentes
1314 2016 1581 2086 recipere,
1620 2016 1921 2071 secundum
1947 2031 2084 2072 con-

2250 2014 2541 2082 ελέγχειν,
2564 2014 2661 2069 καὶ
2690 2014 2831 2082 τοὺς
2843 2015 3285 2084 μετανοοῦντας
3303 2015 3690 2085 προσδέχεσθαι,

582 2107 923 2161 stitutionem
956 2104 1193 2162 Domini.

2254 2106 2404 2159 κατὰ
2429 2105 2542 2175 τὴν
2569 2106 2675 2160 τοῦ
2702 2109 2921 2176 Κυρίου
2952 2107 3239 2173 διάταξιν.

508 2196 755 2256 XXXIX.
797 2198 1059 2269 Exempla
1086 2199 1443 2268 pcenitentiae.

2183 2200 2292 2251 λθ.
2334 2198 2781 2269 Παραδείγματα
2808 2198 2941 2267 περὶ
2963 2200 3301 2269 μετανοίας.

507 2289 621 2345 XL.
663 2290 820 2357 Quod
857 2306 966 2345 non
997 2298 1249 2361 oporteat
1281 2290 1555 2347 hostiliter
1582 2289 1723 2347 allici
1754 2305 1884 2363 erga
1932 2291 2061 2347 illun

2178 2296 2258 2358 μ’.
2303 2291 2430 2345 Ὅτι
2460 2294 2532 2346 οὐ
2576 2291 2690 2361 χρὴ
2735 2293 3039 2363 ἐχθρωδῶς
3080 2293 3425 2357 διακεῖσθαι,
3468 2289 3585 2361 περὶ
3620 2290 3696 2344 τὸν

580 2383 672 2453 qui
705 2383 874 2439 semel
899 2383 982 2437 vel
1007 2383 1202 2439 iterum
1241 2384 1508 2454 peccavit.

2256 2384 2419 2448 ἅπαξ
2447 2383 2484 2450 ἢ
2516 2384 2796 2453 δεύτερον
2818 2384 3252 2455 ἁμαρτάνοντα.

508 2472 650 2533 XLI.
688 2473 971 2541 Quomodo
1012 2483 1261 2547 oporteat
1316 2475 1561 2545 recipere
1608 2475 1987 2546 ptenitentem,
2034 2492 2062 2531 e

2181 2484 2298 2547 μα’.
2334 2479 2528 2544 Ὅπως
2557 2477 2653 2532 δεῖ
2676 2478 3029 2546 προσίεσθαι
3072 2476 3185 2530 τὸν
3212 2476 3605 2546 μετανοοῦντα,
3628 2472 3696 2527 καὶ

580 2564 854 2637 quomodo
900 2581 1061 2637 agere
1110 2582 1236 2622 cum
1285 2569 1689 2638 peccatoribus,
1757 2578 1812 2626 et
1867 2571 2090 2642 quando

2262 2569 2421 2636 ὅπως
2452 2568 2820 2639 διαγίνεσθαι
2852 2570 3002 2638 πρὸς
3020 2566 3475 2641 ἁμαρτάνοντας,
3494 2566 3577 2621 καί
3591 2566 3698 2618 πότι

582 2659 652 2715 ab
688 2658 937 2715 Ecclesia
964 2660 1307 2717 abscindere.

2258 2662 2571 2716 ἐκκόπτειν
2597 2661 2707 2730 τῆς
2734 2662 3081 2729 ἐκκλησίας.

511 2750 684 2806 XLII.
723 2750 971 2807 Iudicem
1018 2766 1129 2806 non
1175 2750 1375 2808 debere
1395 2767 1519 2808 esse
1548 2760 1947 2824 acceptatorem
1969 2772 2064 2826 per

2188 2756 2299 2823 μθ.
2344 2754 2470 2807 Ὅτι
2499 2753 2614 2823 χρὴ
2644 2754 3206 2823 ἀπροσωπόληπτον
3230 2753 3378 2808 εἶναι
3402 2750 3501 2806 τὸν
3521 2747 3696 2818 κριτήν.

585 2859 868 2901 sonarum.

513 2934 697 2990 XLIII.
748 2933 1034 3001 Quomodo
1063 2942 1310 3007 oporteat
1331 2935 1527 3006 punire
1548 2936 1993 2998 calumniatores.

2188 2940 2303 3003 m’.
2347 2934 2542 3000 Ὅπως
2574 2933 2689 3002 χρὴ
2720 2933 2863 2999 τοὺς
2888 2932 3282 3003 συκοφάντας
3310 2929 3650 3001 τιμωρεῖσθαι.

513 3025 700 3083 XLIV.
741 3025 898 3094 Quod
946 3025 1142 3082 debeat
1171 3026 1434 3083 diaconus
1488 3028 1772 3086 sublevare
1797 3046 1938 3087 onus
1972 3032 2057 3102 epi

2189 3025 2304 3094 μδ.
2347 3027 2472 3079 Ὅτι
2501 3026 2616 3095 χρὴ
2646 3028 2753 3081 τὸν
2777 3026 3059 3082 διάκονον
3073 3023 3464 3096 ἐπικουφίζειν
3480 3023 3537 3077 τὸ
3560 3017 3701 3088 ,Βάρος

586 3121 762 3192 scopi,
795 3126 848 3176 et
877 3119 1083 3177 leviora
1114 3136 1343 3192 quaeque
1360 3121 1615 3193 dirigere.
2118 3164 2140 3222 ί

2120 3164 2163 3222 C
2265 3117 2383 3172 τῶν
2407 3119 2772 3184 ἐπισκόπων,
2804 3120 2899 3174 καὶ
2925 3121 3263 3176 διευθύνειν
3286 3122 3358 3175 τὰ
3382 3116 3674 3187 κουφότερα.

516 3212 676 3270 XLV.
718 3212 874 3280 Quod
927 3230 1036 3269 non
1092 3214 1421 3269 conveniant
1480 3214 1810 3272 Christianis
1869 3224 2070 3272 contra

2149 3202 2163 3220 ⁸
2186 3215 2297 3279 με’.
2317 3211 2443 3265 Ὅτι
2464 3211 2551 3281 μὴ
2579 3212 2892 3283 προσῆκον
2918 3213 3294 3282 Χριστιανοῖς
3318 3208 3613 3279 ἀντιλογίαι
3633 3202 3703 3258 καί

585 3307 778 3363 versiae
818 3315 872 3363 et
899 3306 1306 3363 altercationes.

1184 3322 1306 3363 lues,
2261 3302 2738 3375 διαπληκτισμοί.

516 3395 697 3453 XLVI.
740 3397 897 3465 Quod
956 3414 1065 3453 non
1123 3408 1372 3469 dporteat
1418 3398 1606 3456 ﬁdeles
1654 3400 1798 3471 apud
1848 3400 2070 3457 inﬁdele:

2187 3403 2310 3466 μςσ.
2356 3398 2481 3451 Ὅτι
2509 3398 2580 3452 οὐ
2607 3397 2723 3467 χρὴ
2752 3397 2894 3465 τοὺς
2924 3400 3179 3466 πιστοὺς
3214 3397 3313 3452 ἐπὶ
3340 3395 3452 3450 τῶν
3490 3391 3705 3447 ἀπίστων

544 3510 549 3517 π
588 3490 841 3561 litigare;
872 3506 1051 3562 neque
1077 3506 1143 3546 ex
1172 3490 1256 3546 bis
1286 3491 1603 3561 quempiam
1631 3507 1833 3548 vocare
1860 3492 1916 3548 in
1938 3493 2093 3548 testi-

2262 3487 2616 3553 δικάζεσθαι,
2646 3490 2782 3544 οὔτε
2805 3489 2934 3559 μὴν
2960 3490 3028 3555 ἐξ
3056 3489 3255 3545 αὐτῶν
3280 3505 3409 3543 τινα
3436 3482 3616 3541 καλεῖν
3645 3479 3707 3542 εἷς

587 3584 831 3637 monium
865 3583 1131 3638 adversus
1158 3582 1528 3639 Christianos.

2259 3582 2590 3652 paprvplar
2618 3581 2736 3636 τῶν
2761 3582 3148 3651 Χριστιανῶν.

516 3669 728 3727 XLVII.
771 3672 929 3741 Quod
988 3680 1236 3745 Oporteat
1286 3674 1343 3729 in
1396 3674 1636 3731 secunda
1706 3674 2067 3732 Sabbatorum

2191 3671 2300 3743 μζτ.
2345 3674 2471 3727 Ὅτι
2498 3672 2614 3742 χρὴ
2643 3674 2713 3727 ἐν
2741 3673 2987 3743 δευτέρᾳ
3016 3672 3326 3728 σαϐϐάτων
3351 3670 3613 3727 ποιεῖσθαι
3634 3664 3708 3726 τὰς

589 3768 770 3820 torum
804 3781 985 3837 agere.

899 3781 985 3822 :re.
2266 3765 2453 3832 δίκας.

520 3856 752 3914 XLVIII.
795 3855 955 3926 Quod
1005 3873 1114 3913 non
1166 3866 1418 3930 oporteat
1465 3860 1718 3915 eamdem
1770 3875 1990 3931 poenam
2037 3862 2074 3917 ir

2189 3862 2309 3927 μηὀ
2354 3858 2480 3912 Ὅτι
2502 3858 2589 3929 μὴ
2637 3857 2754 3928 χρὴ
2796 3859 3022 3927 ταύτην
3064 3856 3313 3926 ἐπάγειν
3356 3853 3607 3924 τιμωρίαν
3638 3841 3708 3897 ἐπὶ

587 3949 739 4005 omni
780 3949 981 4005 delicto
1020 3950 1287 4029 irrogare,
1321 3951 1417 4007 sed
1447 3951 1675 4019 variam,
1706 3967 1808 4022 pro
1838 3953 2096 4009 varietate

2267 3946 2470 4019 πάσης
2504 3951 2934 4020 πλημμελείας,
2964 3948 3126 4003 ἀλλὰ
3166 3947 3463 4019 διάφορον,
3507 3942 3632 4013 πρὸς
3663 3936 3707 3989 τι)

592 4042 984 4113 delinquentis.

2266 4040 2555 4111 διάφορον
2580 4043 2685 4098 τοῦ
2715 4040 3178 4113 ἁμαρτάνοντος.

524 4135 711 4194 XLIX.
736 4135 937 4203 Quales
982 4150 1106 4192 esse
1140 4134 1297 4192 decet
1326 4142 1697 4196 accusatores.
1720 4142 1776 4191 et
1804 4141 1997 4192 testes.

2189 4136 2307 4203 μθ.
2359 4135 2633 4203 Ὀποίους
2684 4136 2837 4190 εἶναι
2892 4133 3008 4205 χρὴ
3054 4135 3200 4202 τοὺς
3243 4134 3601 4205 κατηγόρουςν
3641 4119 3708 4177 καί

2260 4225 2584 4297 μάρτυραςο

519 4316 584 4373 L.
628 4316 783 4385 Quod
832 4333 935 4373 usu
993 4318 1196 4382 veniat,
1253 4325 1312 4371 ut
1353 4316 1671 4387 conjectura
1713 4334 1779 4373 ex
1819 4317 2073 4389 prioribu:

2197 4328 2266 4375 ι’.
2312 4320 2438 4374 Ὅτι
2464 4321 2727 4391 ἐγχωρεῖ,
2756 4321 2888 4375 τινὰ
2915 4319 3012 4374 καί
3040 4320 3109 4374 ἐκ
3137 4319 3433 4389 προτέρων
3464 4310 3635 4369 κακῶν
3649 4304 3709 4378 μὴ

592 4411 751 4468 malis
793 4410 979 4477 ducta,
1022 4412 1222 4483 aliquis
1266 4411 1425 4467 facile
1485 4409 1743 4466 credatur
1789 4412 2098 4483 posteriora

1485 4409 1743 4466 credatur
1789 4412 2098 4483 posteriora
2268 4414 2646 4469 ἀπιστεῖσθαι
2673 4414 2747 4468 τὰ
2769 4413 3034 4482 δεύτερα.

594 4503 934 4574 designasse:
2126 4502 2175 4559 D

523 4594 611 4652 LI.
651 4596 809 4663 Quod
859 4612 970 4651 non
1021 4605 1269 4667 oporteat
1322 4598 1378 4652 in
1421 4597 1745 4669 iudicando,
1806 4597 1902 4654 uni
1952 4607 2075 4668 part

2198 4602 2310 4648 ιη’.
2352 4594 2480 4647 Ὅτι
2524 4595 2594 4647 οὐ
2638 4592 2751 4662 χρὴ
2793 4589 3141 4664 μονομερεῖς
3179 4589 3287 4657 τὰς
3328 4589 3541 4658 κρίσεις
3577 4578 3711 4637 ποιεῖν

601 4688 805 4746 favere.

2270 4690 2428 4741 σθαι.

525 4778 637 4836 Lll.
679 4780 997 4853 Exemplum
1042 4782 1179 4852 justi
1229 4780 1422 4851 judicii
1457 4783 1707 4854 capiatur
1733 4781 1801 4839 de
1821 4783 2075 4838 cautione

2200 4781 2305 4832 νϐ’.
2348 4776 2721 4847 Παράδειτμα
2744 4775 2851 4831 τοῦ
2872 4775 3104 4830 δικαίου
3132 4776 3413 4844 κρίματος
3430 4772 3468 4840 ἠ
3494 4767 3595 4824 τῶν
3609 4762 3710 4826 εει*

598 4888 764 4945 quam
796 4873 852 4929 in
892 4875 1180 4931 sententiis
1206 4875 1420 4945 iudices
1449 4873 1691 4932 Gentiles
1719 4875 1997 4931 adhibent.

2272 4875 2375 4924 θεν
2401 4866 2699 4923 δικαστῶν
2726 4868 2858 4936 περὶ
2885 4868 2991 4933 τὰς
3019 4866 3356 4937 ἀποφάσεις
3382 4860 3660 4933 ἀσφάλεια.

526 4964 661 5021 LIII.
704 4965 861 5034 Quod
904 4984 1015 5023 non
1061 4975 1309 5039 oporteat
1364 4967 1549 5025 ﬁdeles
1597 4969 1738 5025 inter
1783 4985 1843 5026 se
1889 4969 2080 5025 discor-

2200 4969 2308 5033 νγα
2351 4961 2477 5017 Ὅτι
2516 4961 2602 5032 μὴ
2643 4960 2757 5031 χρὴ
2798 4960 2923 5015 κατ’
2966 4957 3257 5027 ἀλλήλων
3301 4960 3459 5028 ἔχειν
3498 4952 3617 5015 τοὺς
3648 4961 3702 4997 πι-

600 5057 750 5114 dare.

2273 5056 2473 5121 στούς.

528 5149 667 5207 LIV.
700 5151 857 5218 Quod
904 5161 1153 5223 oporteat
1198 5154 1489 5222 episcopos
1528 5151 1595 5207 de
1616 5168 1759 5223 pace
1790 5168 1886 5223 per
1916 5153 2082 5208 diaco

2203 5147 2311 5201 νδ.
2356 5147 2482 5200 Ὅτι
2502 5144 2616 5215 χρὴ
2636 5144 2775 5210 τοὺς
2802 5144 3171 5211 ἐπισκόπους
3182 5144 3256 5199 τὰ
3273 5142 3405 5213 περὶ
3425 5136 3634 5210 εἰρήνης
3644 5128 3712 5182 δ’δ’

609 5260 739 5299 num
769 5245 971 5315 popqu
1006 5244 1063 5299 in
1103 5244 1421 5300 memoriam
1448 5260 1757 5316 suggerere.

2276 5240 2380 5294 τοῦ
2409 5238 2688 5293 διακόνου
2714 5235 3191 5306 ὑπομιμνήσκει)⁴
3214 5234 3297 5301 τῷ
3320 5230 3461 5298 λαῷ.

531 5333 647 5392 LV.
692 5314 1046 5392 Enumeratio
1079 5338 1248 5391 variae
1308 5314 1682 5407 providentiae,
1738 5344 1793 5392 et
1841 5336 2085 5408 quemad‘

2203 5338 2308 5386 γε’,
2355 5330 2785 5399 Ἀπαρίθμησις
2828 5327 3113 5397 διαφόρου
3141 5326 3439 5395 προνοίας,
3477 5318 3563 5375 καί
3594 5314 3708 5408 ὅπως

606 5428 829 5484 modum
872 5428 941 5485 ab
978 5428 1135 5484 initio
1160 5428 1305 5485 Deus
1334 5444 1431 5500 per
1462 5429 1708 5500 singulas
1730 5430 2108 5501 generationes

2278 5424 2346 5490 ἐξ
2373 5420 2565 5491 ἀρχῆς
2592 5422 2718 5476 καθ⁴
2749 5419 3009 5488 ἑκάστην
3023 5419 3238 5489 γενεὰν
3264 5411 3583 5471 ἐκάλεσενό
3605 5399 3706 5463 Θεό(

608 5519 678 5576 ad
705 5521 1086 5593 ptenitentiam
1111 5537 1301 5578 omnes
1324 5520 1573 5577 homines
1597 5522 1836 5578 vocavit.

2276 5518 2365 5581 εις
2384 5513 2707 5584 μετάνοιαν
2726 5510 2973 5578 πάντας.
3482 5595 3503 5599 _
3666 5583 3674 5599 '

528 5612 674 5669 LVI.
719 5612 879 5681 Quod
926 5616 1178 5671 voluntas
1208 5614 1302 5671 Dei
1336 5615 1426 5681 sit,
1457 5624 1517 5669 ut
1548 5630 1738 5671 omnes
1766 5614 2019 5670 homines
2049 5614 2082 5669 ἰι

2208 5615 2323 5675 νςθ.
2365 5608 2491 5660 Ὅτι
2522 5604 2746 5674 θέλημα
2772 5602 2880 5657 τοῦ
2913 5602 3079 5665 Θεοῦ,
3110 5602 3437 5672 ὁμόφρονας
3452 5595 3585 5649 εἶναι
3605 5595 3707 5681 τοὺς

600 5678 812 5777 pietate
844 5709 1212 5775 corsentiant,
1246 5678 1422 5764 instar
1462 5708 1766 5765 ctelestiuin
1806 5705 2105 5765 Virtutum.

2279 5698 2627 5767 ἀνθρώπους
2664 5696 2797 5765 περὶ
2825 5695 2939 5764 τὴν
2972 5694 3301 5761 εὐσέϐειαν,
3343 5678 3706 5759 παραπλησίως

2282 5792 2407 5859 ταῖς
2431 5791 2500 5845 ἐν
2528 5789 2756 5860 οὐρανῷ
2782 5787 3089 5862 δυνάμεσι.
