3936 6342
149 340 245 395 605

1035 330 1638 391 CONSTITUTIONES
1671 330 2352 389 APOSTOLICJE.——LIB.
2389 333 2451 388 11.

3263 334 3368 389 606

143 449 264 509 Θεοῦ
290 446 487 520 ἤρξατο
531 445 746 520 πρῶτον
774 450 965 511 ποιεῖν,
1004 450 1098 501 καὶ
1139 448 1259 501 τότε
1305 447 1590 500 διδάσκειν·
1622 448 1698 513 ὥς

1803 446 2064 505 Dominus
2106 456 2159 503 et
2200 449 2394 503 doctor
2451 455 2638 503 noster
2679 447 2840 503 Jesus
2881 446 3160 514 Christus,
3194 448 3368 505 Filius

142 541 407 607 τιουλέγει
456 538 565 609 (15)
599 541 627 592 6
674 540 903 603 Λουκᾶςσ
957 558 974 591 ι
1014 536 1115 593 Ὧν
1168 539 1369 611 ἡρξατο
1418 541 1446 591 6
1495 540 1701 610 Ἰησοῦς

140 638 295 689 ποιεῖν
330 634 420 686 καὶ
454 631 775 684 διδάσκειν.)
813 632 903 684 Διό
931 648 1113 702 φησιν·
1157 650 1174 682 ι
1209 635 1304 694 Ὃς
1321 632 1363 683 δ’
1399 632 1463 685 ἂν
1498 633 1697 703 ποιήσῃ

140 729 220 780 καὶ
256 723 452 794 διδάξῃ,
485 718 642 785 οὗτος
691 724 863 794 μέγας
906 724 1233 795 κληθήσεται
1264 727 1321 776 ὲν
1352 729 1417 796 τῇ
1458 725 1699 797 βασιλείᾳ

135 820 218 873 τοῦ
254 816 403 871 Θεοῦ.
434 837 451 867 ι
486 817 729 880 Σκοποὺς
758 816 866 889 γὰρ
897 813 1034 870 εἶναι
1071 818 1150 870 δεῖ
1185 820 1327 888 ὑμᾶς
1348 819 1425 889 τῷ
1445 818 1557 889 λαῷ
1576 822 1700 883 τοὺς

136 911 468 973 ἐπισκόπους,
489 910 571 961 ὅτι
604 910 697 961 καὶ
730 910 887 979 ὑμεῖς
921 911 1121 963 σκοπὸν
1142 910 1291 981 ἔχετε
1324 912 1414 964 τὸν
1443 913 1694 983 Χριστόν.

136 1006 232 1058 Καὶ
273 1004 431 1073 ὑμεῖς
468 997 563 1054 οὖν
590 1000 804 1069 γίνεσθε
852 1003 1045 1055 σκοποὶ
1081 1002 1277 1071 ἀγαθοὶ
1321 1003 1399 1074 τῷ
1446 1004 1559 1075 λαῷ
1604 1004 1697 1056 τοῦ

134 1095 272 1149 Θεοῦ·
311 1096 393 1147 ὄντι
428 1094 575 1161 λέγει
607 1093 809 1164 Κύριος
842 1093 929 1147 διά
972 1094 1066 1147 τοῦ
1114 1095 1366 1166 Ἱεζεκιὴλ
1401 1096 1536 1167 πρὸς
1572 1096 1699 1148 ἕκα-

136 1205 242 1240 στον
269 1186 422 1257 ὑμῶν
452 1185 693 1256 φάσκων·
733 1206 750 1236 ι
776 1186 871 1239 Υἱὲ
898 1186 1205 1257 ἀνθρώπου,
1245 1189 1443 1241 σκοπὸν
1493 1188 1700 1242 δέδωκά

137 1299 185 1333 σε
223 1280 296 1350 τῷ
339 1280 477 1349 οἴκῳ
527 1276 760 1349 Ἰσραὴλ,
798 1280 892 1331 καὶ
938 1278 1143 1349 ἀκούσῃ
1184 1280 1246 1331 ὲκ
1283 1280 1547 1351 στόματός
1596 1297 1697 1351 μου

134 1374 269 1441 λόγον
308 1373 405 1425 καὶ
451 1370 830 1440 διαφυλάξεις,
871 1372 965 1423 καὶ
1008 1371 1308 1440 διαγγελείς
1358 1374 1519 1426 αὑτὸν
1569 1376 1697 1445 παρ’

132 1464 266 1536 ἐμοῦ·
300 1465 357 1515 ὲν
404 1462 485 1534 τῷ
520 1464 694 1531 λέγειν
728 1479 793 1533 με
827 1462 903 1533 τῷ
938 1464 1139 1535 ἀνόμῳ·
1173 1464 1398 1535 Θανάτῳ
1427 1465 1694 1536 ἀποθανῇ,

132 1561 209 1611 καὶ
234 1559 329 1610 οὐκ
360 1556 633 1626 ὲλάλησας
661 1555 753 1608 τοῦ
789 1555 1081 1608 διαστεῐλαι
1105 1556 1303 1627 ἄνομον
1339 1558 1402 1609 ὲκ
1439 1557 1539 1627 τῆς
1575 1559 1696 1610 ἀνο-

136 1651 245 1721 μίας
286 1648 480 1711 αὐτοῦ,
520 1650 548 1701 6
599 1649 796 1718 ἀνομος
838 1649 1041 1711 ἐκεῖνος
1076 1650 1133 1699 ὲν
1178 1651 1244 1719 τῇ
1285 1649 1484 1721 ἀνομίᾳ
1529 1650 1694 1703 αὑτοῦ

132 1740 485 1803 ἀποθανεῖται,
509 1742 602 1793 καὶ
630 1740 690 1793 τὸ
718 1736 856 1811 αἷμα
880 1740 1050 1793 αὑτοῦ
1072 1742 1136 1793 ἐκ
1156 1740 1253 1811 τῆς
1283 1743 1461 1814 χειρός
1482 1760 1572 1795 σου
1605 1746 1694 1797 ὲκ-

132 1836 343 1904 ξητήσω·
392 1836 461 1887 σὺ
508 1834 564 1887 δὲ
601 1833 695 1886 ἐὰν
747 1833 1020 1908 διαστείλῃ
1074 1833 1151 1905 τῷ
1196 1834 1381 1905 ἀνόμῳ
1443 1836 1551 1889 ἀπὸ
1597 1836 1697 1907 τῆς
1726 1823 1770 1877 Β

130 1925 232 1979 ὁδοῦ
258 1924 429 1979 αὐτοῦ
453 1925 792 1997 ἀποστρέψαι
822 1926 914 1979 ἀπ’
936 1926 1126 1995 αὐτῆς,
1148 1928 1241 1979 καὶ
1264 1926 1335 1997 μὴ
1358 1927 1694 1999 ἀποστρέψῃ,

131 2019 272 2081 αὐτὸς
302 2019 361 2070 ὲν
394 2021 467 2088 τῇ
505 2018 704 2088 ἀνομίᾳ
752 2017 917 2070 αὑτοῦ
966 2018 1337 2080 ἀποθανεῖται,
1377 2021 1469 2072 καὶ
1504 2022 1568 2073 σὺ
1601 2020 1697 2091 τὴν

130 2111 285 2181 ψυχήν
325 2127 424 2165 σου
465 2112 701 2182 ὲρῤύσω.
739 2112 1011 2175 Ὡσαύτως
1037 2110 1093 2164 δὲ
1127 2112 1237 2183 (16)
1269 2112 1511 2184 μάχαιρα
1542 2113 1698 2166 πολέ-

133 2221 219 2274 μου
246 2204 334 2257 ἐάν
452 2204 746 2274 ἐρχομένη,
786 2206 879 2257 καὶ
915 2206 1085 2276 στήσῃ
1124 2206 1152 2256 6
1199 2204 1325 2269 λαὸς
1376 2206 1575 2259 σκοπὸν
1622 2209 1699 2271 εἰς

130 2296 488 2367 προφυλακὴν,
525 2298 619 2349 καὶ
655 2296 775 2348 ἰδὼν
810 2296 979 2367 αὐτὴν
1014 2298 1337 2368 ἐρχομένην,
1377 2298 1449 2369 μὴ
1479 2315 1696 2369 προμη-

128 2392 275 2463 νύσῃ,
298 2394 389 2444 καὶ
418 2390 563 2461 λάϐῃ
592 2389 842 2461 ψυχὴν,ή
870 2391 967 2460 μὲν
992 2389 1137 2460 ψυχὴ
1168 2393 1233 2461 τῇ
1256 2390 1499 2462 ἁμαρτίᾳ
1529 2391 1698 2459 αύτῆς

130 2482 346 2555 ἐλήφθη,
384 2484 448 2535 τὸ
473 2483 531 2536 δὲ
560 2478 699 2553 αἷμα
736 2484 799 2535 ἐκ
828 2482 1009 2554 χειρὸς
1035 2481 1128 2534 τοῦ
1165 2482 1367 2535 σκοποῦ
1399 2482 1700 2554 ἐκζητηθή-

131 2593 289 2637 σεται,
325 2578 405 2629 δτι
434 2577 536 2629 οὐκ
566 2576 805 2647 ὲσήμανε
841 2576 909 2645 τῇ
957 2574 1235 2642 σάλπιγγν
1266 2574 1359 2627 ὲάν
1388 2574 1443 2627 δὲ
1483 2574 1697 2646 σημάνῃ

131 2671 187 2738 τῇ
223 2669 501 2739 κερατίνῃ,
537 2669 631 2720 καὶ
663 2666 737 2738 μὴ
777 2666 1073 2737 φυλάξηται
1102 2668 1130 2719 6
1162 2666 1417 2731 ἀκούσας,
1450 2668 1544 2720 κα.)⁵
1571 2668 1697 2740 ἔλθῃ

130 2762 157 2828 ἡ
188 2760 445 2831 μάχαιρα,
477 2761 572 2812 καὶ
600 2760 740 2831 λάϐῃ
787 2759 971 2822 αὑτὸν,
1002 2760 1062 2812 τὸ
1118 2756 1255 2831 αἷμα
1292 2760 1455 2813 αὑτοῦ
1489 2762 1576 2814 ἐπ’
1604 2764 1701 2815 αύ-

132 2853 207 2904 τὸν
235 2852 401 2916 εσται,
436 2855 519 2904 ὅτι
548 2854 648 2906 οὐκ
680 2852 979 2921 ἐφυλάξατο
1008 2852 1243 2915 ἀκούσας
1264 2853 1360 2923 τῆς
1390 2855 1696 2923 κερατίνης,

133 2945 226 2998 ὀδὲ
254 2945 653 3017 φυλαξάμενος,
684 2944 781 3016 τὴν
810 2944 983 3015 ψυχὴν
1022 2943 1186 2997 αὐτοῦ
1228 2944 1515 3017 ἐρρύσατο,
1552 2946 1643 2998 καὶ
1671 2946 1700 2997 ὀ

141 3037 313 3101 σκοπὸς
356 3040 448 3090 ὃτι
496 3037 759 3108 ὲσήμανε,
801 3036 913 3107 ζωῇ
964 3037 1203 3107 ζήσεται.
1236 3056 1253 3086 ι
1294 3038 1551 3109 Μάχαιρα
1603 3037 1700 3109 μέν

135 3130 254 3181 ἐστιν
283 3133 314 3200 ή
346 3131 556 3201 κρίσις·
590 3128 821 3197 σάλπιγξ
846 3129 901 3181 δὲ
932 3127 1064 3199 (17),
1099 3129 1159 3181 τὸ
1192 3130 1332 3200 ἱερὸν
1351 3129 1695 3198 Εύαγγέλιον·
1728 3160 1769 3215 C

138 3220 307 3284 σκοπὸς
322 3221 400 3285 δὲ,
426 3224 458 3273 6
489 3222 847 3284 κατασταθεὶς
876 3223 940 3291 τῇ
976 3220 1267 3292 Ἐκκλησία
1295 3221 1608 3285 ἐπίσκοπος,
1638 3221 1695 3275 ὃν

134 3311 197 3363 δεῖ
221 3314 571 3384 κηρύσσοντα
598 3312 1069 3385 διαμαρτύρασθαι
1098 3313 1193 3365 καὶ⁷
1227 3313 1336 3385 (18)
1366 3312 1700 3367 διαϐεϐαιοῦ-

139 3403 237 3457 σθαι
280 3408 409 3478 περὶ
456 3408 555 3477 τῆς
602 3407 853 3479 κρίσεως.
905 3407 1029 3459 Ἐὰν
1090 3406 1162 3477 μὴ
1199 3406 1559 3477 διαγγείλητε,
1606 3406 1701 3460 καὶ

135 3498 560 3571 διαμαρτύρησθε
595 3499 673 3569 τῷ
693 3498 828 3569 λαῷ,
865 3502 944 3563 είς
974 3499 1118 3570 ὑμᾶς
1158 3502 1190 3570 ἡ
1225 3500 1467 3570 ἁμαρτία
1498 3499 1604 3551 τῶν
1640 3500 1702 3551 ἀ-

136 3591 413 3655 γνοούντων
439 3591 815 3663 εὑρεθήσεται.
847 3591 938 3643 Διὸ
965 3593 1092 3655 τοὺς
1120 3592 1624 3664 ἀναστρεφομένους
1643 3593 1701 3645 ἐν

132 3683 435 3757 ἀπαιδευσίᾳ
494 3686 512 3755 (
520 3684 604 3753 19)
637 3684 953 3746 νουθετεῖτε,
989 3684 1082 3737 καὶ
1110 3684 1356 3755 ἐλέγχετε
1391 3684 1526 3755 μετά
1558 3687 1701 3757 παῤ-

136 3778 322 3845 ρῃτξας,
360 3780 497 3841 τοὺς
537 3777 866 3845 ἀγνοοῦντας
912 3777 1210 3841 διδάσκετε,
1242 3779 1366 3841 τοὺς
1404 3779 1702 3849 ἐπισταμέ-

131 3886 235 3931 νους
266 3869 577 3941 στηρίζετε,
598 3870 723 3932 τοὺς
752 3870 1201 3941 πεπλανημένους
1228 3870 1597 3941 ἐπιστρέφετε.
1620 3870 1700 3924 Τά

134 3960 250 4012 αὑτά
280 3964 408 4033 περὶ
460 3960 567 4014 τῶν
609 3961 787 4014 αὐτῶν
820 3960 1085 4029 λέγοντες,
1125 3961 1360 4031 ἀδελφοὶ,
1389 3963 1485 4031 οὐχ
1523 3963 1700 4033 ἀμαρ-

132 4053 407 4124 τηςόμεθα.
466 4054 559 4106 Ἐκ
588 4053 697 4124 γὰρ
726 4053 819 4106 τοῦ
842 4053 1100 4116 πολλάκις
1120 4053 1356 4117 ἀκούειν,
1380 4055 1521 4117 εἰκός
1549 4072 1700 4119 τινας

133 4143 537 4215 δυσωπηθέντας
572 4145 677 4198 κᾶν
707 4145 855 4209 ama
896 4163 949 4198 τι
976 4146 1082 4199 τῶν
1121 4146 1297 4199 καλῶν
1344 4147 1566 4217 ποιῆσαι
1607 4149 1700 4202 καὶ

132 4239 222 4291 τῶν
238 4240 495 4312 πονηρῶν
520 4238 979 4311 παραιτήσασθαι.
1006 4238 1165 4307 Λέγει
1185 4238 1292 4310 γάρ
1307 4238 1392 4291 διά
1416 4240 1696 4310 προφήτου

134 4330 314 4395 ὁΘεός·
352 4352 369 4384 ι
390 4331 768 4403 Διαμαρτύρει
788 4334 969 4395 αὐτοῖς
998 4331 1189 4395 ταῦτα,
1217 4332 1345 4395 ἴσως
1373 4331 1698 4386 ἀκούσονταί

135 4439 212 4475 σου
237 4425 335 4495 τῆς
356 4425 568 4495 φωνῆς.
596 4445 615 4476 ι
658 4426 769 4478 Καὶ
798 4425 977 4478 πάλιψ
1016 4445 1035 4475 ι
1078 4426 1201 4479 Ἐάν
1230 4426 1335 4498 ἀρα
1370 4425 1694 4491 ἀκούσωσιν,

1799 539 1915 605 Dei,
1947 541 2179 610 primum
2206 543 2373 610 cmpit
2403 540 2601 605 facere,
2631 541 2827 596 deinde
2850 542 3075 607 docere;
3109 544 3255 611 quod
3283 544 3369 597 his

1798 633 1981 687 verbis
2011 633 2210 686 alicubi
2240 632 2496 701 exprimit
2539 632 2715 688 Lucas
2742 653 2755 687 :
2796 652 2815 684 ι
2845 633 2977 705 Qua:
3009 636 3175 703 coepit
3206 633 3369 690 Iesus

1800 723 1981 779 facere
2010 733 2061 780 et
2090 724 2289 780 docere
2310 726 2378 780 ".
2406 746 2426 777 ι
2476 726 2747 790 Quocirca
2780 725 2921 781 idem
2955 725 3213 797 Magister
3244 730 3319 783 ait
3353 749 3366 784 :

1806 835 1824 868 t
1855 816 1959 882 Qui
1995 826 2176 872 autem
2215 816 2405 872 fecerit
2448 829 2501 872 et
2531 818 2812 878 docuerit.
2871 818 2959 871 hic
3012 835 3244 888 magnus
3278 837 3374 874 vo—

1798 908 2015 963 cabitur
2037 911 2089 963 in
2111 926 2278 980 regno
2310 910 2401 963 Dei
2425 912 2493 965 5‘.
2527 928 2545 960 ι
2577 909 2803 979 Oportet
2823 918 3002 964 autem
3033 920 3091 964 ut
3123 928 3217 967 vos
3244 911 3370 981 Epic

1799 1003 1987 1072 scapi,
2044 1006 2243 1072 popqu
2293 1003 2414 1058 sitis
2448 1004 2859 1073 speculatores;
2900 1003 3044 1073 quod
3085 1020 3182 1059 vos
3232 1019 3374 1074 quo-

1798 1109 1905 1163 que
1929 1095 2325 1164 speculatorem
2359 1096 2606 1161 habeatis
2636 1095 2938 1150 Christum.
2983 1095 3048 1149 Et
3079 1113 3175 1152 vos
3205 1097 3372 1167 igitur

1798 1194 1971 1241 estote
1999 1188 2157 1257 probi
2188 1176 2559 1256 speculatores
2590 1188 2764 1258 plebis
2792 1186 2883 1243 Dei
2904 1198 2928 1255 ς·
2950 1190 3077 1258 quia
3110 1189 3371 1243 Dominus

1798 1293 1895 1347 per
1938 1278 2274 1333 Ezechielem
2318 1294 2443 1333 cum
2494 1295 2823 1349 unoquoque
2852 1292 3096 1336 vestrum
3141 1282 3372 1352 loquens

1799 1370 1875 1424 ait
1908 1389 1921 1424 :
1956 1389 1975 1421 ι
2006 1369 2105 1425 Fili
2152 1371 2422 1435 hominis,
2463 1372 2865 1441 speculatorem
2908 1374 3037 1427 dedi
3088 1382 3141 1429 te
3185 1375 3372 1430 domui

1797 1462 2134 1532 lsraeliticaa;
2162 1473 2216 1520 et
2247 1464 2438 1521 audies
2464 1480 2531 1519 ex
2563 1480 2658 1519 ore
2686 1480 2808 1519 meo
2839 1480 3169 1533 sermonem,
3194 1474 3249 1519 et
3278 1482 3375 1521 ca-

1798 1572 1925 1612 vere
1955 1556 2141 1619 facies,
2166 1565 2225 1612 et
2252 1574 2318 1611 ex
2350 1573 2436 1611 me
2469 1556 2821 1611 annuntiabis
2847 1576 2859 1610 :
2893 1572 3017 1611 cum
3051 1556 3241 1613 dixero
3268 1559 3374 1612 ini-

1797 1666 1908 1721 quo
1934 1669 1947 1704 :
1982 1650 2153 1705 Morte
2181 1650 2465 1715 morieris;
2495 1650 2540 1702 si
2571 1664 2682 1703 non
2713 1650 2929 1703 locutus
2960 1649 3152 1713 fueris,
3189 1658 3248 1703 ut
3287 1666 3375 1705 re-

1797 1742 1978 1797 trahat
2004 1759 2062 1798 se
2101 1743 2323 1813 iniquus
2354 1743 2424 1795 ab
2460 1742 2749 1810 iniquitate
2778 1756 2906 1804 sua,
2941 1742 3161 1811 iniquus
3193 1744 3283 1798 ille
3318 1745 3371 1799 in

1800 1835 2084 1904 iniquitate
2107 1850 2204 1889 sua
2236 1835 2518 1897 morietur,
2548 1840 2601 1888 et
2628 1834 2946 1903 sanguinem
2971 1834 3091 1903 ejus
3118 1836 3184 1889 de
3206 1852 3372 1890 manu

1800 1936 1892 1982 tua
1922 1928 2231 1998 requirant;
2264 1936 2320 1980 tu
2350 1934 2531 1980 autem
2564 1926 2611 1980 si
2640 1926 3050 1981 denuntiaveris
3082 1928 3273 1997 iniquo
3304 1928 3372 1984 de

1798 2022 1885 2075 via
1920 2036 2040 2083 sua,
2068 2029 2127 2074 ut
2157 2020 2225 2073 ab
2255 2034 2317 2072 ea
2355 2035 2413 2073 se
2459 2026 2697 2081 avertat,
2738 2026 2793 2074 et
2839 2036 2947 2072 non
2993 2036 3051 2073 se
3091 2022 3369 2085 averterit,

1800 2113 1917 2183 ipse
1939 2112 1995 2165 in
2026 2111 2310 2181 iniquitate
2337 2127 2437 2166 sua
2467 2111 2761 2177 morietur;
2791 2119 2843 2164 et
2872 2120 2928 2164 tu
2957 2114 3193 2164 an'mam
3223 2122 3371 2166 tuam

1800 2204 2064 2260 liberasti.
2098 2202 2360 2259 Similiter
2390 2214 2594 2267 autem,
2638 2205 2682 2259 si
2714 2204 2925 2258 venerit
2961 2204 3088 2257 belli
3120 2204 3371 2273 gladius;

1798 2304 1851 2352 et
1884 2297 2132 2351 statuerit
2179 2296 2412 2366 populus
2443 2296 2844 2366 speculatorem
2893 2294 2959 2349 ad
3008 2296 3286 2367 vigiliam;
3318 2307 3374 2351 et

1801 2389 1849 2444 is
1871 2389 2060 2443 videns
2086 2388 2322 2459 gladium
2351 2388 2720 2451 accedentem,
2753 2402 2859 2442 non
2891 2388 3371 2458 prmnuntiaverit;

1799 2492 1853 2538 et
1893 2483 2105 2554 gladius
2134 2483 2321 2537 tulerit
2354 2482 2622 2547 animam;
2657 2481 2836 2534 anima
2872 2481 3091 2549 quidem
3141 2490 3372 2551 peccato

1802 2590 1902 2631 suo
1948 2575 2161 2630 sublata
2206 2582 2322 2641 est;
2354 2584 2409 2628 at
2452 2574 2676 2644 sanguis
2718 2574 2785 2628 de
2814 2589 2978 2628 manu
3010 2576 3372 2644 speculatoris

1800 2668 2129 2738 requirctur,
2166 2669 2295 2738 quia
2330 2683 2438 2722 non
2473 2666 2801 2737 siguilicavit
2847 2666 3018 2733 tuba;
3056 2668 3139 2721 sin
3190 2677 3371 2723 autem

1800 2761 2190 2833 signiﬁcaverit
2221 2762 2484 2824 buccina,
2518 2768 2573 2815 et
2622 2760 2715 2829 qui
2760 2760 3002 2825 audivit,
3036 2778 3144 2814 nou
3177 2778 3236 2815 se
3274 2763 3372 2815 ob-

1801 2855 2120 2922 servaverit,
2182 2854 2499 2923 veneritque
2546 2852 2788 2923 gladius,
2829 2861 2883 2906 et
2923 2854 3100 2923 ipsum
3148 2854 3369 2919 tulerit,

1801 2948 2022 3018 sanguis
2048 2947 2167 3016 ejus
2198 2961 2362 3015 super
2393 2948 2566 3014 ipsum
2594 2945 2723 3011 erit;
2756 2944 2885 3014 quia
2924 2944 3107 2998 audita
3140 2945 3374 3000 buccina

1802 3039 1908 3095 sibi
1944 3054 2052 3095 non
2091 3037 2360 3109 providit;
2406 3038 2499 3107 qui
2543 3044 2724 3091 autem
2773 3036 2937 3101 cavit,
2973 3036 3223 3091 liberavit
3249 3039 3371 3092 ani-

1803 3146 1947 3185 mam
1997 3146 2181 3197 suam;
2227 3137 2281 3185 et
2324 3129 2656 3200 speculator,
2705 3130 2831 3199 quia
2877 3129 3225 3199 significavit,
3260 3131 3373 3185 vita

1803 3225 1947 3279 vivet
1970 3226 2036 3280 ⁸⁷.
2066 3245 2083 3276 ι
2122 3223 2348 3278 Gladius
2381 3223 2602 3293 quidem
2632 3230 2715 3277 est
2741 3222 3046 3291 judicium;
3079 3224 3209 3277 tuba
3242 3240 3373 3279 vero

1801 3331 2017 3370 sacrum
2051 3315 2436 3387 Evangelium;
2469 3315 2776 3384 speculator
2802 3320 3005 3377 autem,
3050 3315 3104 3367 in
3128 3315 3373 3371 Ecclesia

1801 3415 2043 3464 statutus
2082 3408 2396 3478 episcopus,
2422 3422 2583 3477 quem
2612 3413 2827 3476 Oportet
2852 3406 2924 3461 de
2938 3406 3143 3474 judicio
3172 3406 3371 3476 pradi-

1801 3519 1948 3569 care,
1983 3504 2274 3565 alhrmare,
2317 3500 2633 3554 contestari.
2670 3498 2730 3551 Si
2774 3490 2883 3551 ιῶιι
2918 3497 3371 3551 denuntiaveritis

1800 3597 2004 3666 populo
2031 3603 2085 3649 et
2116 3593 2374 3649 obtestati
2407 3591 2644 3653 fueritis,
2679 3590 2733 3643 in
2766 3605 2864 3643 vos
2899 3587 3251 3643 inscientium
3283 3603 3372 3643 era

1798 3699 1979 3743 ratum
2022 3687 2368 3743 redundabit.
2401 3685 2670 3752 Quocirca
2714 3683 2997 3753 imperitos
3039 3688 3279 3747 monete,
3318 3690 3373 3735 et

1800 3797 1924 3836 cum
1958 3780 2206 3835 libertate
2235 3779 2466 3849 arguite,
2498 3778 2716 3858 igqaros
2745 3775 2953 3838 docete,
2978 3772 3222 3828 eruditos
3247 3790 3374 3826 con-

1801 3874 2031 3938 firmate,
2064 3873 2381 3926 aberrantes
2426 3870 2692 3925 reducite.
2738 3867 2849 3923 Nec
2895 3867 2942 3921 si
2986 3866 3173 3920 eadem
3206 3865 3373 3918 verba

1799 3966 1993 4021 iisdem
2026 3965 2093 4019 de
2125 3964 2291 4019 rebus
2323 3962 2690 4034 proferamus,
2736 3960 2872 4015 vitio
2904 3958 3063 4013 nobis
3104 3964 3367 4020 vertetur,

1800 4058 2019 4113 fratres.
2071 4056 2290 4111 Scilicet
2356 4054 2615 4109 credibile
2662 4061 2779 4117 est,
2832 4051 3127 4105 nonnullos
3175 4049 3371 4103 iterata

1800 4150 1963 4205 toties
1995 4149 2273 4202 auditione
2303 4146 2623 4216 pudefactos
2659 4147 2744 4199 vel
2777 4144 2944 4199 semel
2986 4141 3192 4212 aliquid
3243 4140 3372 4195 boni

1800 4251 2071 4314 gesturos,
2108 4251 2162 4294 et
2193 4240 2317 4293 mali
2364 4239 2753 4293 declinaturos.
2797 4238 2886 4291 Ait
2917 4234 3062 4290 enim
3102 4249 3198 4305 per
3238 4248 3371 4303 pro-

1802 4334 2019 4404 phetam
2071 4332 2213 4387 Deus
2241 4350 2254 4387 :
2293 4351 2310 4383 ι
2343 4331 2663 4386 Testilicare
2694 4329 2803 4383 illis
2834 4329 2971 4393 haec,
3006 4327 3145 4381 forte
3179 4341 3369 4381 vocem

1802 4436 1950 4481 tuam
1991 4425 2300 4480 audient”.
2329 4446 2347 4476 ›
2384 4424 2447 4479 Ει
2493 4425 2731 4479 iterum:
2770 4441 2788 4473 ι
2822 4420 2880 4475 Si
2928 4421 3064 4474 forte
3116 4418 3369 4481 audiant,

135 4513 214 4567 ἐὰν
265 4518 373 4587 ἀρα
432 4517 644 4569 ὲνὸὦσι.
678 4537 696 4568 ι
756 4518 865 4570 Καὶ
910 4520 938 4570 ὁ
991 4520 1196 4587 Μωσῆς
1248 4534 1379 4587 φησι
1433 4517 1510 4588 τῷ
1565 4518 1694 4588 λαῷ·

1804 4519 1852 4573 si
1906 4519 2046 4573 forte
2095 4518 2400 4572 concedant
2425 4517 2491 4571 ³⁸.
2524 4536 2540 4568 ι
2578 4516 2645 4568 Et
2692 4515 2905 4584 Moyses
2950 4512 3150 4582 populo
3192 4510 3366 4564 dicit:

138 4625 153 4655 ι
200 4608 302 4661 Εάν
332 4610 450 4680 (20)
472 4610 608 4681 ἀκοῇ
640 4611 877 4682 ἀκούσῃς
897 4611 1103 4681 Κυρίου
1131 4610 1225 4663 τοῦ
1255 4610 1410 4674 Θεοῦ,
1431 4612 1523 4663 καὶ
1552 4614 1699 4683 ποιή-

138 4712 221 4768 σῃς
261 4702 322 4753 τὸ
367 4702 579 4769 ἀγαθὸν
608 4706 701 4757 καὶ
744 4704 805 4756 τὸ
846 4704 997 4767 εὐθὲς
1026 4706 1083 4757 ὲν
1122 4704 1417 4775 ὀφθαλμοῖς
1457 4703 1643 4755 αὑτοῦ.
1676 4724 1691 4755 ι

136 4789 229 4844 Καὶ
272 4793 460 4847 πάλιν·
516 4815 533 4846 ι
566 4797 783 4859 Ἀκουε,
831 4796 1075 4868 Ἰσραὴλ,
1126 4797 1328 4868 Κύριος
1357 4798 1385 4847 6
1418 4797 1548 4859 Θεὸς
1586 4813 1700 4860 σου,

134 4880 321 4955 Κύριος
339 4885 423 4952 εἷς
452 4890 587 4942 ἐστι.
620 4908 638 4941 ›
660 4891 768 4943 Καὶ
786 4892 814 4942 6
844 4890 1044 4962 Κύριος
1071 4891 1127 4943 ὲν
1147 4889 1225 4961 τῷ
1247 4890 1557 4959 Εὑατγελίῳ
1586 4889 1706 4941 πολ-

194 5048 237 5079 ⁸⁸
268 5048 390 5104 Λιιῑ.
433 5064 478 5109 ι,
506 5051 557 5104 1.

140 5132 212 5179 ιιι,
246 5118 331 5174 ll.

636 5050 681 5081 “
710 5050 897 5104 Matth.
927 5067 981 5113 v,
1017 5044 1099 5102 19.
1175 5051 1217 5081 ⁸⁷
1250 5049 1449 5105 Ezech.
1495 5064 1695 5113 XXXIII,
1722 5047 1757 5100 2
1790 5055 1843 5102 et
1876 5063 1993 5117 seq.

417 5121 462 5150 ‘°
496 5120 667 5177 Exod.
697 5138 788 5185 xv,
821 5122 911 5177 26.
990 5120 1033 5151 ⁶¹
1068 5119 1224 5176 Deut.
1252 5137 1325 5184 vt,
1356 5121 1423 5187 4;
1460 5119 1623 5174 Marc.
1665 5134 1762 5183 xu,
1792 5117 1881 5172 ‘29.

1812 4630 1830 4661 ι
1859 4610 1915 4666 Si
1970 4611 2156 4665 auditu
2208 4610 2449 4665 audieris
2498 4609 2787 4664 Dominum
2838 4606 3037 4668 Deum,
3081 4612 3135 4658 et
3181 4601 3372 4658 feceris

1806 4704 2008 4757 bonum
2039 4718 2103 4757 ac
2136 4711 2342 4757 rectum
2388 4702 2441 4755 in
2475 4701 2650 4755 oculis
2686 4701 2806 4769 ejus
2827 4700 2894 4753 ‘°.
2924 4720 2942 4751 ›
2975 4696 3323 4763 Rursumque
3352 4710 3369 4744 :

1807 4813 1826 4845 ι
1857 4796 1996 4849 Audi
2029 4793 2217 4858 Israel,
2247 4794 2511 4849 Dominus
2542 4792 2685 4847 Deus
2732 4802 2882 4854 tuus,
2921 4790 3189 4844 Dominus
3228 4800 3372 4841 unus

1810 4896 1894 4941 est
1915 4874 1981 4942 “.
2011 4908 2029 4939 υ
2082 4887 2148 4940 Et
2192 4886 2455 4941 Dominus
2499 4886 2553 4938 in
2604 4884 2896 4954 Evatigclio
2940 4898 3083 4953 saepe
3126 4892 3370 4936 comme-v

2068 5046 2114 5077 ⁸³
2149 5044 2261 5101 Jer.
2296 5062 2455 5111 xxvi,
2488 5046 2556 5109 ὃς
2591 5040 2785 5095 Bacch.
2821 5056 2896 5105 ιι,
2933 5040 2981 5093 7.
3078 5037 3127 5071 ”
3164 5035 3343 5092 Ezecb

1399 5270 1756 5327 VABIORUM
1797 5271 2026 5327 NOTAE.

201 5433 308 5501 (15)
334 5433 448 5497 Ὠς
463 5446 577 5485 που
592 5432 752 5501 λέγει
778 5448 951 5502 usque
974 5431 1038 5486 ad
1062 5429 1385 5484 διδάσκειν.
1417 5428 1620 5502 Desunt
1649 5428 1701 5480 in

146 5502 300 5555 altero
332 5518 446 5556 ms.
468 5500 825 5573 videnttirque
854 5500 1029 5559 deleta
1056 5520 1083 5555 a
1109 5502 1322 5573 critico,
1349 5500 1441 5573 qui
1477 5500 1702 5573 putabat

144 5589 235 5624 non
288 5588 461 5642 posse
507 5573 692 5627 induci
741 5568 1027 5628 commode
1073 5572 1349 5640 apostolos
1386 5569 1585 5621 Lucam
1633 5568 1699 5621 ad

144 5644 508 5696 testimonium
535 5646 787 5700 citantcs.
813 5646 982 5699 Ctsn.

200 5714 309 5781 (16)
353 5712 453 5767 Δέ.
485 5712 719 5783 Uterque
748 5715 914 5770 codex
950 5714 1061 5767 καί.
1095 5712 1170 5767 In.

204 5779 312 5857 (Π)
353 5784 453 5838 Δέ.
487 5779 672 5843 Melius
702 5786 922 5842 omittas
945 5801 1066 5841 cum
1095 5795 1322 5855 utroque
1354 5782 1558 5838 codice.
1586 5779 1659 5835 lu.

1877 5426 1991 5487 (18)
2031 5425 2141 5478 Καὶ
2167 5423 2660 5477 διαϐεϐαιοῦσθαι.
2693 5419 2842 5473 Alter
2870 5416 3092 5472 omittit.
3119 5416 3192 5469 lo.

1878 5487 1991 5568 (19)
2046 5494 2443 5568 Ἀπαιδευσι’ςι.
2476 5490 2626 5544 Alter
2655 5490 2805 5568 addit
2833 5487 3139 5568 αὐτῶντῡίι).

1879 5558 1990 5638 (20)
2041 5568 2198 5621 Ἐάν.
2236 5564 2361 5619 Haec
2396 5558 2517 5638 vos
2557 5578 2681 5615 cum
2720 5561 2784 5638 η
2812 5558 3187 5638 sequentibus,
3232 5569 3371 5638 qua-

1802 5631 1925 5695 rum
1964 5631 2238 5707 postrema
2279 5645 2363 5694 est
2426 5632 2621 5697 πάλιν,
2677 5631 2879 5687 omissa
2932 5634 3061 5684 sunt
3110 5631 3166 5683 iu
3220 5632 3368 5679 utro~

1802 5727 1927 5782 quc.
1957 5710 2031 5765 In.
