3982 6334
611 310 713 365 607

1455 305 1514 360 S.
1549 302 1946 360 CLEMENTIS
1978 305 1999 359 Ι
2035 302 2204 360 ROM.
2239 302 2442 361 PONT.
2477 304 2711 362 OPEBA
2742 305 2972 363 DUBIA.
3714 318 3802 375 ωδ

612 432 791 480 morat
828 436 892 476 ac
935 420 1106 476 dicit:
1148 438 1169 471 ι
1195 418 1297 486 Qui
1332 420 1496 474 habet
1549 436 1711 477 aures
1760 419 2047 483 audiendi,
2082 435 2174 474 au-

2284 422 2443 485 λάκις
2481 424 2871 495 μνημονεύεται
2908 424 3096 493 λέγων·
3134 444 3157 478 ι
3191 426 3252 480 '0
3286 425 3425 499 έχων
3456 422 3566 481 ὦτα
3602 430 3807 503 exotica,

610 517 726 572 diat
750 515 815 568 “.
844 532 863 565 ι
898 511 963 565 Et
995 511 1214 581 sapiens
1263 511 1524 567 Salomon
1557 532 1569 568 :
1610 533 1628 564 ι
1655 514 1817 577 Audi,
1851 514 2047 584 inquit,
2080 516 2177 581 fili,

607 606 954 679 disciplinam
996 605 1167 675 patris
1202 606 1301 666 tui,
1334 613 1388 659 et
1429 621 1496 659 ne
1539 605 1770 675 abjicias
1799 606 1943 675 leges
1993 607 2182 661 matris

607 712 713 757 tute
740 702 803 755 ⁸³.
835 720 855 753 ι
896 698 1148 753 Profecto
1176 698 1438 752 hactenus
1469 714 1577 751 non
1611 699 1933 762 audierunt;
1966 714 2090 753 nam
2124 716 2183 756 se

607 793 850 847 andiisse
895 800 1173 862 putantes,
1222 807 1505 861 perperam
1552 792 1871 858 audierunt;
1921 792 2182 847 derelicto

606 902 718 940 uno
748 901 811 939 ac
842 886 959 941 solo
989 900 1117 939 vero
1149 884 1277 945 Deo.
1304 892 1358 938 et
1399 884 1465 937 ad
1498 885 1833 954 perniciosas
1882 897 2045 954 atque
2085 902 2184 941 ex-

607 979 902 1034 secrabiles
944 978 1181 1033 haereses
1226 976 1508 1041 distracti,
1556 976 1624 1032 de
1665 978 1868 1047 quibus
1910 978 2053 1032 infra
2097 979 2185 1033 di-

605 1089 815 1129 CCIIIUS.

1200 1182 1432 1238 CAPUT
1472 1182 1586 1239 VII.

679 1280 903 1348 Qualem
934 1286 1133 1348 oportet
1164 1294 1418 1359 esseeum
1450 1278 1540 1346 qui
1569 1292 1659 1346 per
1687 1276 2001 1345 baptismum
2032 1288 2110 1333 est

1267 1356 1533 1403 initiatus.
2140 1356 2145 1361 ’

680 1443 909 1505 Scitote,
938 1439 1270 1503 charissimi,
1301 1439 1447 1509 quod
1479 1440 1569 1509 qui
1601 1439 1656 1493 in
1698 1448 1926 1493 mortem
1967 1439 2179 1495 Domini

604 1534 735 1589 Jesu
768 1539 895 1588 sunt
945 1531 1228 1601 baptizati,
1262 1547 1370 1584 non
1411 1531 1608 1585 debent
1656 1531 1893 1601 amplius
1930 1547 2179 1601 peccare.

2281 516 2540 569 ἀκουέτω.
2569 536 2586 568 ι
2630 519 2739 571 Καὶ
2782 521 2810 570 ὀ
2855 518 3015 589 σοφὸς
3051 518 3301 589 Σολομὼν
3348 536 3523 590 φησιν·
3575 540 3592 573 ι
3619 524 3809 593 Ἄκουε,

2282 607 2383 670 υἱὲ,
2405 607 2651 661 παιδείαν
2684 609 2890 680 πατρός
2911 627 3025 673 σου,
3048 612 3141 663 καὶ
3173 611 3247 682 μὴ
3277 610 3467 683 ἁπώσῃ
3487 611 3704 684 θεσμοὺς
3728 634 3813 687 μη-

2279 701 2406 771 τρός
2436 717 2549 753 σου.
2577 720 2595 752 ι
2630 703 2739 755 Καὶ
2771 706 2930 774 μέχρι
2961 705 3198 774 σήμερον
3224 706 3324 757 ούκ
3360 706 3605 775 ἢκουσαν·
3636 709 3721 761 καὶ
3743 710 3815 764 δο-

2280 792 2503 856 κοῦντες
2530 793 2655 865 ’γάρ
2686 795 2795 865 (ει)
2834 796 3150 865 ἀκηκοέναι,
3198 798 3570 868 παρήκουσαν,
3597 800 3817 853 καταλεί-

2278 884 2477 954 ψαντες
2502 887 2592 939 τὸν
2620 887 2715 940 ἕνα
2738 890 2849 941 καὶ
2881 889 3039 958 μόνον
3067 888 3316 961 ἀληθινὸν
3357 890 3505 954 Θεὸν,
3531 892 3620 944 καὶ
3643 894 3714 955 είς
3735 894 3817 957 τὰς

2280 977 2552 1049 ὀλεθρίους
2580 981 2673 1033 καὶ
2714 980 2889 1045 δεινὰς
2916 981 3153 1053 αἱρέσεις
3178 984 3591 1055 κατασυρέντες,
3617 986 3734 1056 περὶ
3754 980 3817 1040 ὧν

2279 1067 2436 1134 αὖθις
2463 1071 2718 1143 ἐροῦμεν.

2806 1186 3200 1241 ΚΕΦΑΛΑΙΟΝ
3239 1188 3311 1240 Z'.

2556 1281 2695 1335 Οἷον
2723 1281 2839 1351 χρὴ
2870 1281 3019 1334 εἶναι
3050 1281 3157 1334 τὸν
3176 1280 3577 1350 μεμυγυιένον.

2348 1435 2591 1488 Γνωστὸν
2634 1436 2690 1489 δὲ
2732 1436 2869 1489 ἔστω
2910 1438 3056 1507 ύμῖν,
3096 1430 3393 1508 ἀγαπητοὶ,
3426 1440 3507 1491 ὅτι
3550 1418 3597 1493 οἱ
3628 1440 3819 1511 βαπτισ-

2281 1524 2461 1589 θέντες
2503 1529 2582 1590 είς
2629 1527 2719 1580 τὸν
2765 1528 2994 1582 θάνατον
3038 1529 3133 1582 τοῦ
3182 1531 3392 1601 Κυρίου
3435 1531 3623 1601 Ἰησοῦ,
3665 1535 3818 1590 οὐκέτι

604 1626 739 1679 Nam
773 1625 916 1680 sicut
944 1623 1164 1685 mortui,
1198 1623 1406 1692 peccati
1430 1637 1661 1691 capaces
1688 1638 1799 1676 non
1831 1630 1993 1688 sunt;
2025 1622 2098 1675 ita
2128 1632 2174 1677 et

2280 1618 2582 1688 ὀφείλουσιν
2614 1620 2948 1690 ἁμαρτάνειν
2976 1622 3024 1674 οί
3069 1620 3324 1675 τοιοῦτοι.
3369 1623 3455 1685 Ὠς
3496 1624 3600 1695 γὰρ
3626 1626 3670 1677 οἰ
3707 1627 3818 1679 ἁπο·

603 1718 825 1771 Christo
896 1714 1256 1781 commortui,
1316 1721 1600 1783 peccatum
1667 1713 2009 1769 committere
2078 1730 2179 1770 ne-

2280 1709 2526 1774 θανόντες
2542 1712 2689 1764 ἀνενέ
2698 1729 2886 1783 ργητοι
2906 1713 3041 1784 πρὸς
3060 1714 3336 1784 ἁμαρτίαν
3355 1714 3690 1785 ὑπάρχουσιν,
3703 1718 3817 1772 οὕτω

603 1817 830 1880 queunt.
877 1806 1083 1878 ltaqpe,
1120 1782 1341 1870 fratres,
1384 1822 1493 1859 non
1543 1805 1823 1860 credimus
1869 1806 2174 1875 quempiam

2284 1803 2377 1854 καὶ
2423 1803 2471 1855 οἱ
2523 1804 2977 1868 συναποθανόντες
3017 1806 3093 1875 τῷ
3141 1806 3365 1878 Χριστῷ
3408 1808 3665 1878 ἄπρακτοι
3706 1810 3818 1880 πρὸς

603 1903 729 1957 vitae
755 1902 977 1954 lavacro
1004 1900 1197 1963 lotum,
1228 1898 1405 1952 adhuc
1450 1899 1763 1967 iniquorum
1799 1898 1983 1968 flagitii
2016 1914 2073 1953 se
2106 1899 2174 1953 in«

2280 1897 2571 1967 ἁμαρτίαν.
2607 1899 2681 1951 Oi)
2728 1898 3052 1968 πιστεύομεν
3092 1894 3207 1960 οὖν,
3253 1898 3491 1967 ἀδελφοὶ,
3532 1898 3815 1971 λουσάμενόν

603 1997 850 2064 quinare.
881 1992 983 2059 Qui
1016 2000 1195 2047 autem
1227 2000 1351 2062 post
1382 1992 1711 2061 baptismum
1742 1991 2053 2061 deliquerit.
2091 1993 2179 2045 hic

603 2087 711 2141 nisi
753 2086 1042 2155 resipiscat
1084 2098 1149 2139 ac
1190 2098 1421 2154 peccare
1468 2083 1705 2149 desinat,
1752 2082 1820 2136 ad
1873 2084 2177 2154 gehennam

603 2176 1075 2233 condenmahitur.

1190 2359 1419 2415 CAPlfT
1466 2358 1611 2414 Vill-

603 2452 683 2507 De
702 2471 761 2508 eo
788 2454 877 2523 qui
899 2455 951 2508 in
980 2454 1326 2517 calumniam,
1351 2454 1427 2506 vel
1451 2452 1898 2522 reprehensionem
1929 2452 2173 2507 incurrit.

675 2547 832 2614 Quod
860 2548 905 2601 si
942 2547 1142 2617 aliquis
1173 2546 1240 2600 ab
1285 2546 1614 2609 inﬁdelibus,
1654 2546 1781 2613 quia
1811 2561 1918 2597 non
1949 2552 2033 2599 est
2060 2559 2177 2596 am-

603 2641 747 2710 plius
778 2655 966 2695 eorum
999 2640 1257 2709 nequitia:
1284 2653 1536 2700 consors,
1572 2637 1943 2691 calumniosas
1974 2636 2178 2705 patitur

602 2733 938 2799 delationes;
974 2732 1110 2785 sciat
1158 2731 1247 2785 ille
1278 2745 1336 2785 se
1372 2730 1585 2783 beatum
1618 2743 1745 2783 esse
1789 2727 1932 2797 apud
1964 2727 2172 2783 Deum:

602 2821 1061 2893 quemadmodum
1090 2829 1144 2875 et
1176 2820 1441 2875 Dominus
1471 2822 1525 2875 in
1555 2820 1848 2891 Evangelia
1893 2821 2173 2892 loquitur:

608 2936 628 2969 ι
661 2916 811 2971 Beati
843 2916 977 2970 estis
1005 2930 1129 2969 cum
1162 2914 1546 2969 maledixcrint
1575 2914 1751 2977 vobis,
1780 2915 1864 2981 vel
1905 2914 2177 2984 persecuti

598 3024 697 3063 vos
730 3007 952 3070 fuerint,
979 3007 1063 3062 vel
1086 3007 1321 3061 dixerint
1352 3007 1639 3061 adversum
1659 3022 1756 3062 vos
1788 3022 1947 3062 omne
1971 3008 2175 3061 malum

598 3102 852 3164 verbum,
886 3101 1233 3164 mentientes,
1279 3109 1502 3171 propter
1554 3115 1639 3155 me
1668 3120 1681 3154 :
1727 3100 1959 3171 gaudete
1988 3107 2042 3155 ct
2078 3116 2174 3156 οι·
2204 3139 2245 3197 C

596 3197 837 3258 sultate,
882 3194 1139 3266 quoniam
1200 3208 1411 3247 merces
1472 3202 1652 3247 vestra
1702 3192 1924 3261 copiosa
1978 3198 2062 3247 est
2114 3192 2170 3246 in

594 3288 751 3342 caelis
774 3288 839 3341 “.
867 3306 884 3339 ι
920 3286 1021 3353 Qui
1068 3286 1232 3357 igitur
1262 3285 1618 3340 mendacibus
1668 3287 1940 3356 appetitur
1981 3284 2172 3339 convi-

596 3379 718 3443 ciis,
750 3380 796 3434 is
839 3394 963 3433 vere
1008 3379 1200 3434 beatus
1245 3388 1363 3444 est;
1400 3378 1839 3451 quandoquidem
1886 3376 2172 3448 Scriptura

593 3473 765 3527 dicit:
805 3490 822 3521 ι
850 3471 945 3525 Vir
970 3463 1237 3540 reprobus
1270 3485 1378 3523 non
1410 3478 1655 3525 tentatur
1678 3486 1708 3524 a
1738 3468 1848 3524 Deo
1871 3471 1970 3525 ⁸³.»
2000 3470 2171 3525 Porro

595 3564 688 3636 qui
718 3564 843 3618 mali
876 3563 1157 3634 quidpiam
1193 3562 1372 3631 egisse
1405 3563 1783 3625 convincetur,
1818 3562 1909 3618 ille
1939 3578 2048 3616 non
2080 3580 2171 3618 so-

594 3657 707 3710 lum
739 3657 923 3711 nocuit
955 3656 1078 3719 sibi,
1104 3670 1291 3710 verum
1320 3655 1483 3709 etiam
1517 3654 1571 3707 in
1595 3669 1885 3710 commune
1917 3654 2170 3711 Ecclesia:

594 3762 797 3820 corpus
840 3756 894 3803 et
944 3749 998 3802 in
1050 3762 1263 3803 sacram
1316 3747 1619 3830 dqctrinam
1671 3747 1973 3815 injuriosus
2028 3748 2167 3815 fuit;

593 3841 753 3911 quasi
779 3856 898 3896 eam
930 3842 1271 3895 honestatem
1301 3856 1463 3910 quam
1497 3840 1879 3909 prmdicamus,
1910 3842 2168 3911 operibus

593 3948 703 3987 non
738 3932 1050 4001 probemus,
1083 3947 1498 4000 mereamurque
1531 3932 1694 3985 etiam
1732 3948 1831 3987 nos
1879 3933 2026 3986 illam
2072 3948 2170 3988 ex-

595 4027 999 4097 probrationem
1042 4041 1073 4078 a
1116 4024 1345 4080 Domino
1382 4025 1610 4079 audire:
1652 4045 1670 4075 ι
1704 4025 1919 4092 Dicunt,
1959 4033 2014 4081 et
2057 4042 2167 4080 non

596 4118 887 4173 faciunt".
918 4137 935 4169 ι
983 4120 1327 4188 Quapropter
1378 4117 1626 4173 homines
1674 4117 2016 4187 huiusmodi.
2072 4117 2166 4191 qui

2278 2008 2396 2043 τινα
2415 1990 2474 2043 τὸ
2492 1990 2591 2059 τῆς
2613 1989 2757 2060 ζωῆς
2776 1990 3015 2061 λουτρὸν,
3038 1990 3115 2042 ἔτι
3150 1991 3417 2061 πράσσειν
3436 1992 3501 2043 τὰ
3520 1993 3621 2044 τῶν
3638 1993 3814 2063 ἀνόμων

2276 2081 2653 2152 ἀσελγήματα.
2698 2083 2755 2135 '0
2796 2082 2850 2136 δὲ
2896 2083 3224 2153 ἁμαρτήσας
3270 2082 3407 2154 μετὰ
3448 2084 3508 2136 τὸ
3555 2082 3811 2155 βάπτισμα,

2276 2166 2432 2237 οὗτος
2462 2174 2555 2227 ἐὰν
2589 2173 2663 2245 μὴ
2711 2174 2981 2245 μεταγνῷ,
3027 2175 3120 2228 καὶ
3151 2175 3432 2246 παύσηται
3469 2174 3563 2229 τοῦ
3605 2175 3814 2247 πλημμε-

2277 2266 2407 2330 λεῖν,
2439 2269 2519 2330 εἰς
2548 2266 2772 2335 γέενναν
2809 2268 3296 2339 κατακριθήσεται.

2801 2360 3195 2414 ΚΕΦΑΛΑΙΟΝ
3235 2362 3318 2414 H'.

2382 2449 2521 2517 Περὶ
2549 2452 3139 2521 συκοφαντουμένου,
3172 2453 3309 2522 ἤτοι
3334 2454 3726 2523 ἐλεγχομένων.

2346 2542 2409 2594 El
2438 2541 2493 2594 δέ
2521 2558 2603 2604 τις
2632 2542 2735 2596 ὑπὸ
2766 2544 3009 2598 ἀπίστων
3040 2546 3424 2619 συκοφαντηθῇ
3452 2547 3535 2599 διὰ
3562 2549 3618 2599 τὸ
3651 2546 3808 2615 μηκέτι

2278 2637 2459 2699 αὐτοῖς
2509 2636 2965 2705 συνασελγαίνειν,
3016 2639 3335 2706 γινωσκέτω
3379 2640 3461 2692 ὃτι
3520 2638 3808 2710 μακάριοςὸ

2276 2726 2513 2790 τοιοῦτος
2541 2728 2773 2800 ὑπάρχει
2796 2729 2913 2800 Θεῷ
2933 2730 3063 2801 (22)·
3097 2729 3285 2794 καθὼς
3312 2732 3408 2785 καὶ
3434 2734 3462 2783 ὀ
3480 2732 3665 2803 Κύριος
3690 2732 3735 2783 ἐν
3750 2729 3809 2799 τῷ

2277 2819 2592 2891 Εὑαγγελίῳ
2619 2820 2786 2889 λέγει·
2825 2840 2843 2873 ι
2872 2822 3147 2892 Μακάριοι
3182 2823 3330 2887 ἐστε,
3360 2825 3484 2878 ὃταν
3528 2824 3811 2876 ὀνειδίσωσιν

2278 2911 2441 2981 ὑμᾶς,
2471 2911 2503 2982 ἢ
2532 2912 2821 2977 διώξωσιν,
2859 2913 2891 2985 ἢ
2924 2915 3117 2967 εἴπωσι
3148 2915 3272 2968 καθ’
3305 2915 3459 2987 ὑμῶν
3487 2918 3589 2968 πᾶν
3616 2914 3806 2984 πονηρὸν

2280 3005 2453 3078 ῥῆμα,
2483 3004 2817 3075 ψευδόμενοι,
2867 3006 3048 3059 ἕνεκεν
3079 3006 3237 3077 ἐμοῦ·
3273 3008 3510 3079 χαίρετε,
3551 3008 3638 3060 καὶ
3673 3005 3807 3073 ἀγαλ-

2277 3096 2482 3160 λιᾶσθε,
2501 3098 2581 3150 ὅτι
2603 3099 2631 3150 ὀ
2663 3097 2849 3168 μισθὸς
2880 3098 3030 3169 ὑμῶν
3053 3098 3221 3162 πολὺς
3248 3101 3307 3152 ὲν
3329 3104 3439 3163 τοῖς
3467 3101 3735 3171 ούρανδῑς.»
3759 3097 3807 3147 Εἰ

2278 3187 2369 3243 οὖν
2385 3207 2467 3253 τις
2484 3189 2692 3261 βλασφη
2702 3189 2896 3261 μηθείη
2926 3190 3018 3243 ἐπὶ
3044 3190 3345 3264 ψεύσματι,
3369 3192 3659 3265 μακάριοςό
3680 3187 3812 3243 τοιοῦ-

2277 3300 2386 3346 τος.
2417 3284 2579 3352 Λέγει
2615 3284 2723 3355 γὰρ
2750 3287 2783 3356 ή
2827 3286 3037 3356 Γραφὴ·
3076 3305 3094 3336 ι
3135 3285 3303 3356 Ἀνὴρ
3332 3285 3597 3355 ἀδόκιμος,
3623 3283 3810 3351 ἀπείρα-

2281 3392 2403 3439 στος
2443 3376 2594 3447 παρὰ
2626 3376 2763 3447 Θεῷ.
2790 3396 2808 3428 ι
2844 3377 2907 3429 El
2945 3377 3001 3429 δέ
3031 3393 3112 3439 τις
3141 3377 3377 3449 ἐλεγχθῇ
3408 3375 3611 3448 πράξας
3646 3392 3691 3427 τι
3715 3374 3808 3427 ἄνο-

2281 3486 2399 3539 μον,
2413 3470 2441 3521 ὀ
2454 3467 2691 3532 τοιοῦτος
2707 3470 2767 3521 ού
2786 3468 2941 3540 μόνον
2959 3470 3149 3523 ἑαυτὸν
3168 3470 3425 3540 ἔϐλαψεν,
3443 3470 3569 3524 ἀλλὰ
3587 3469 3668 3523 καὶ
3688 3465 3808 3536 βλασρ

2278 3560 2489 3633 φημίαν
2510 3561 2835 3632 προσέτριψε
2863 3561 2941 3632 τῷ
2968 3562 3129 3633 κοινῷ
3150 3563 3252 3633 τῆς
3286 3565 3597 3635 Ἑκκλησίας
3615 3560 3805 3631 σώματι.

2278 3656 2372 3707 καὶ
2398 3658 2464 3725 τῇ
2492 3653 2826 3726 διδασκαλίᾳ,
2859 3655 2935 3718 ὡς
2967 3654 3041 3727 μὴ
3072 3656 3377 3711 ποιούντων
3405 3658 3598 3720 ἐκεῖνα,
3624 3655 3656 3709 ἃ.
3686 3653 3805 3719 λέγο-

2279 3763 2375 3817 μεν
2403 3741 2539 3800 εἶναι
2574 3745 2734 3810 καλὰ,
2766 3748 2859 3800 καὶ
2903 3748 3383 3820 ὀνειδισθησόμεθα
3429 3751 3518 3803 καὶ
3556 3749 3698 3819 qusi;
3724 3743 3804 3797 ὑπὸ

2272 3837 2369 3891 τοῦ
2398 3838 2623 3909 Κυρίου,
2651 3838 2731 3891 ὅτι
2767 3857 2785 3889 ι
2816 3839 3067 3908 Λέγουσι,
3116 3841 3210 3893 καὶ
3235 3842 3303 3895 ού
3350 3840 3602 3895 ποιοῦσιν.
3630 3859 3647 3891 ι
3680 3836 3803 3891 Ὅθεν

2272 3930 2399 3993 τοὺς
2439 3929 2714 3992 τοιούτους
2755 3930 3108 4002 ἐλεγχθέντας
3154 3932 3409 4004 ἀληθῶς,
3457 3933 3802 4005 παραιτήσεται

2276 4022 2412 4093 μετὰ
2458 4023 2769 4095 παρρησίας
2804 4024 2833 4075 ὀ
2870 4024 3187 4090 ἐπίσκοπος,
3227 4028 3281 4081 εί
3330 4026 3405 4099 μὴ
3450 4024 3801 4098 μεταϐάλωνται

2272 4113 2361 4167 τδν
2390 4114 2608 4184 τρόπον.

593 4228 723 4268 vere
754 4212 989 4267 convicti
1037 4211 1261 4276 fuerint,
1291 4213 1395 4266 nisi
1436 4227 1615 4266 mores
1652 4212 1999 4278 mutaverint,
2041 4211 2335 4282 episcopus
2367 4206 2593 4263 ﬁdenter
2619 4208 2914 4267 abdicabit.

1204 4389 1433 4446 CAPUT
1474 4390 1565 4446 1X.

665 4484 984 4554 Episcopum
1014 4501 1116 4537 non
1146 4483 1329 4537 debere
1353 4501 1465 4537 esse
1502 4484 1800 4536 muneribus
1831 4484 2088 4551 pervium.

665 4577 893 4648 Oportet
938 4578 1083 4632 enim
1130 4576 1446 4646 episcopum
1478 4591 1587 4629 non
1632 4574 1792 4629 modo
1825 4575 2163 4647 inculpatum

595 4685 739 4731 esse.
770 4669 866 4725 sed
896 4676 949 4724 et
972 4682 1329 4738 personarum
1360 4682 1470 4722 non
1511 4674 1931 4737 aceeptatorem,
1961 4669 2163 4739 quique

595 4771 911 4831 peccatores
938 4760 1248 4813 humaniter
1270 4760 1519 4829 castiget.
1551 4758 1709 4824 Quod
1741 4760 1785 4812 si
1818 4758 1921 4813 sibi
1946 4775 2165 4830 quoque

595 4855 737 4908 male
781 4853 1062 4915 conscius,
1111 4861 1165 4907 et
1214 4853 1379 4907 certis
1432 4851 1686 4921 personis
1737 4852 2035 4921 gratificari
2066 4868 2162 4907 cu-

598 4946 772 5015 piens,
819 4945 1041 4999 sordide
1083 4944 1321 5015 aeceptis
1372 4944 1712 5007 muneribus,
1752 4946 2029 5000 sceleroso
2072 4962 2167 5017 pe-

596 5040 860 5109 percerit,
892 5055 1125 5109 eumque
1172 5040 1226 5092 in
1269 5038 1509 5092 Ecclesia
1557 5053 1778 5093 manere
1826 5040 2163 5109 permiserit,

594 5140 647 5184 et
701 5131 999 5201 neglexerit
1052 5130 1265 5187 divinas
1301 5147 1363 5186 ac
1406 5130 1719 5187 Dominicas
1749 5148 1938 5199 voces,
1979 5133 2165 5188 dicen-

682 5290 729 5320 ⁶²
758 5288 945 5343 Matth.
976 5305 1027 5343 ιι
1062 5296 1117 5345 et
1158 5304 1280 5344 xm.
1376 5289 1422 5321 ⁸³
1452 5288 1614 5346 Prov.
1649 5308 1696 5355 l,
1730 5291 1783 5346 8.

2814 4393 3205 4447 ΚΕΦΑΛΑΙΟΝ
3242 4394 3321 4449 Θ¹.

2274 4492 2401 4544 Ὀτι
2424 4488 2869 4557 ἀδωροδόκητον
2896 4488 3047 4540 εἶναι
3074 4485 3189 4555 χρὴ
3217 4488 3327 4540 τὸν
3362 4487 3676 4540 ἐπίσκοπον
3693 4480 3797 4551 (93).

2342 4582 2416 4635 Ού
2437 4581 2544 4652 γὰρ
2576 4580 2731 4651 μόνον
2748 4578 3094 4648 ἀπρόσκοπον
3114 4574 3253 4632 εἶναι
3282 4599 3316 4651 χ
3322 4579 3390 4651 ρὴ
3417 4579 3504 4632 τὸν
3524 4577 3797 4630 ἐπίσκοπον,

2271 4672 2407 4727 ἀλλὰ
2434 4674 2526 4726 καί
2568 4670 3085 4742 ἁπροσωπόληπτον,
3115 4672 3172 4723 ὲν
3212 4672 3534 4743 χρηστότητι
3576 4661 3799 4735 σωφρονί·

2270 4764 2429 4828 ζοντα
2447 4765 2573 4826 τοὺς
2601 4762 3029 4835 ἁμαρτάνοντας.
3061 4764 3123 4817 El
3153 4763 3208 4816 δὲ
3234 4765 3330 4817 καὶ
3350 4763 3506 4825 αὐτὸς
3523 4762 3615 4814 οὐκ
3641 4759 3797 4811 εὐσυν-

2271 4856 2477 4924 είδητος
2538 4855 2816 4927 ὑπάρχων,
2870 4854 3343 4927 προσωπολήπτης
3396 4856 3680 4925 γενόμενοςν
3726 4845 3795 4898 διά

2267 4964 2387 5000 τινα
2425 4948 2783 5020 αἰσχροκερδῆ
2817 4948 3174 5018 δωροληψίαν,
3206 4951 3448 5019 φείσεται
3487 4946 3575 5000 τοῦ
3613 4942 3795 5010 ἀνόμως

2268 5040 2623 5112 ἁμαρτόντος,
2667 5041 2833 5104 ἐάσας
2898 5042 2953 5094 έν
2976 5045 3042 5112 τῇ
3094 5041 3385 5113 Ἐκκλησία
3431 5042 3597 5112 μένειν
3640 5032 3788 5088 αὐτὸν.

2268 5133 2622 5207 παρακούσας
2656 5134 2757 5204 τῆς
2786 5133 2935 5197 θείας
2959 5136 3049 5187 καὶ
3072 5134 3353 5205 Κυριακῆς
3383 5131 3558 5202 φωνῆς
3583 5129 3669 5197 τῆς
3699 5120 3787 5193 (24)

1890 5292 1936 5321 ⁶δ
1973 5289 2166 5345 Matth.
2195 5306 2247 5352 ν,
2280 5288 2365 5344 ll.
2444 5290 2488 5320 ⁸⁸
2517 5286 2634 5345 Jac.
2664 5305 2679 5343 ι
2704 5331 2719 5356 ,
2758 5290 2823 5344 19.
2846 5330 2860 5353 ,
2909 5290 2995 5346 15.
3072 5292 3117 5322 ⁸⁵
3151 5289 3341 5346 Matth.
3390 5305 3551 5351 χχιιι,
3584 5286 3631 5339 5.

1908 5464 2261 5522 VARIORUM
2294 5465 2500 5521 NOTAE
2515 5509 2528 5521 .

603 5696 615 5724 ἱ
665 5622 783 5724 (ill).
817 5621 928 5675 Kal
983 5621 1303 5689 δοκοῦντες
1356 5621 1485 5693 γάρ.
1531 5621 1593 5673 ΟΞ
1641 5622 1686 5674 δ.
1730 5622 1783 5674 δέ
1820 5662 1833 5685 ,
1870 5621 2007 5675 alter
2062 5634 2161 5675 eo.

584 5699 705 5748 (ἴον.
747 5699 917 5746 Cum.

655 5766 776 5827 tt)
818 5763 956 5827 θεῷ.
988 5762 1137 5818 Alter
1162 5764 1333 5819 codex
1358 5760 1514 5818 Vind.
1547 5761 1695 5832 παρᾶ
1725 5761 1857 5830 θεῷ,
1892 5761 1957 5817 In.

2339 5623 2451 5696 (23)
2492 5624 2780 5694 Inscriptio
2816 5627 2927 5681 haec
2958 5626 3109 5683 deest
3143 5628 3197 5681 in
3236 5636 3462 5696 utroque
3502 5622 3687 5696 codice.
3715 5618 3775 5696 lo.

2339 5685 2450 5766 (24)
2498 5696 2626 5764 Τῆς.
2669 5685 2795 5752 Haec
2838 5699 3025 5752 vocula
3078 5699 3229 5754 deest
3271 5699 3323 5751 in
3374 5685 3534 5751 altero
3577 5690 3680 5748 cod.
3714 5685 3772 5740 le.
