3936 6342
559 258 661 311 619

1401 255 1458 308 S.
1497 249 1891 307 CLEMENTIS
1924 252 1943 304 l
1977 249 2107 305 ΗΘΜ

2209 246 2378 302 ὈΝΤ.
2415 245 2641 302 OPERA
2672 244 2831 301 DUBI
2843 245 2899 303 Α.
3597 252 3675 309 6‘20

558 381 694 426 tum.
728 364 794 424 Et
823 370 868 426 si
901 368 1105 424 fuerint
1135 375 1248 423 tres
1278 382 1382 421 vm
1411 367 1467 421 in
1502 368 1682 422 medio
1709 368 1829 437 ejus
1849 406 1863 430 ,
1904 365 2036 433 Noe,
2070 377 2107 420 el

2227 365 2285 416 ἐν
2315 363 2463 433 μέσῳ
2492 363 2685 432 αὐτῆς,
2712 363 2854 423 Νῶε,
2885 359 2977 415 καὶ
3016 358 3252 421 ’1ὼ6,καὶ
3273 357 3677 441 Mummiam“)

556 464 694 525 Job,
724 469 778 518 et
810 461 994 515 Daniel
1030 479 1046 527 ;
1077 460 1180 530 ipsi
1212 460 1266 514 in
1298 460 1399 514 s'ua
1428 459 1640 529 iustitia
1674 461 1972 515 servabunt
2002 460 2119 513 aui-

557 570 675 609 mas
720 569 885 614 suas,
941 553 1016 608 ait
1064 550 1275 606 Adonai
1335 550 1596 607 Dominus
1618 553 1683 606 “.
1720 552 2118 622 )Apertissime

558 646 855 702 declaravit
887 643 1205 714 Scriptura,
1231 642 1441 712 justum
1480 658 1603 697 cum
1644 644 1849 713 injusto
1890 662 2119 701 conver-

557 746 767 792 santem
786 776 802 801 ,
829 751 936 790 una
964 751 1087 790 cum
1118 751 1184 790 eo
1211 750 1320 789 non
1348 735 1593 791 interire.
1627 735 1904 807 Siquidem
1933 739 1986 792 in
2015 738 2117 792 hoc

557 829 761 883 mundo
801 828 935 897 justi
984 835 1037 881 et
1086 827 1277 898 i'njusti
1319 828 1483 881 simul
1527 839 1946 899 congregantur,
1996 832 2119 885 vita:

557 920 951 974 communitate
971 959 986 983 ,
1020 934 1129 973 non
1158 919 1323 973 etiam
1354 919 1702 986 sanctitatis;
1733 935 1840 989 qua
1869 920 1923 974 in
1954 936 2117 976 causa

557 1012 716 1064 amici
747 1010 838 1065 Dei
880 1026 989 1067 non
1034 1018 1301 1079 peccant,
1342 1010 1587 1080 quinimo
1622 1028 1640 1061 ι
1684 1010 1901 1066 Patrem
1957 1028 2116 1067 suum

556 1102 648 1172 qui
675 1102 727 1156 in
754 1102 907 1156 caelis
929 1108 1011 1156 est
1039 1119 1058 1154 ι
1094 1102 1397 1165 imitantur,
1430 1119 1447 1151 ι
1480 1102 1572 1171 qui
1598 1102 1766 1156 solem
1794 1120 1953 1158 suum
1983 1105 2117 1159 oriri

557 1195 687 1248 facit
730 1209 893 1262 super
936 1194 1115 1263 justos
1157 1201 1211 1248 et
1253 1194 1523 1262 injustos,
1555 1202 1609 1249 et
1640 1213 1656 1245 ι
1686 1194 1915 1250 imbrem
1956 1212 2115 1251 suum

564 1304 583 1335 ι
609 1284 745 1354 pluit
777 1300 940 1353 super
983 1286 1154 1339 malos
1203 1292 1256 1340 et
1301 1286 1473 1340 bonos
1493 1286 1562 1339 ".
1600 1305 1619 1338 ι
1646 1286 1692 1318 ’⁸
1713 1285 1899 1357 Neque
1945 1290 2114 1343 ullum

558 1376 686 1430 inde
712 1376 1013 1445 periculum
1041 1377 1162 1430 virs
1190 1376 1340 1445 justo
1368 1395 1382 1441 ;
1419 1392 1542 1430 nam
1576 1378 1630 1431 in
1664 1378 1843 1433 stadio
1880 1380 2117 1436 victores

555 1467 718 1520 victis
757 1474 885 1521 sunt
924 1468 1210 1537 permisti;
1254 1476 1309 1521 at
1348 1467 1402 1522 in
1443 1484 1658 1523 coronae
1687 1470 1979 1525 donatione
2015 1472 2116 1527 soli

556 1567 739 1611 astant
786 1559 879 1629 qui
931 1559 1145 1614 fortiter
1196 1568 1616 1630 pugnaverunt,
1676 1577 1775 1616 nec
1824 1563 2115 1633 quisquam

557 1658 871 1715 coronatur,
902 1650 1004 1705 nisi
1037 1651 1129 1721 qui
1160 1651 1397 1721 legitime
1431 1652 1720 1708 certaverit
1741 1654 1806 1706 ⁸⁷.
1857 1653 1903 1685 ⁸⁸
1935 1653 2117 1710 Unus-

2222 457 2281 508 ὲν
2309 459 2376 527 τῇ
2405 454 2713 524 δικαιοσύνῃ
2757 454 2934 507 αὐτῶν
2984 451 3211 505 σώσουσι
3245 450 3333 515 τὰς
3357 452 3506 524 ψυχὰς
3532 457 3679 523 αὐτῶν,

2220 549 2368 617 λέγει
2408 546 2629 601 Ἀδωναῒ
2657 547 2878 617 Κύριος.
2911 564 2929 596 ι
2960 544 3269 613 Σαφέστατα
3293 544 3390 615 (57)
3413 546 3680 621 δεδήλωκενή

2221 640 2431 713 Γραφὴ,
2462 641 2544 692 ὅτι
2601 638 2772 692 συνὼν
2837 636 3041 699 δίκαιος
3080 635 3244 707 ἀδίκῳ
3282 637 3337 689 οὐ
3380 638 3684 693 συναπόλλυται

2223 736 2338 806 μετ’
2376 732 2562 788 αὑτοῦ.
2615 732 2703 785 Ἐν
2731 729 2839 801 γὰρ
2864 729 2942 800 τῷ
2960 728 3148 798 κόσμῳ
3166 728 3326 800 τούτῳ
3343 730 3423 783 καὶ
3441 730 3599 784 δίκαιοι
3620 734 3686 786 καὶ

2218 828 2390 881 ἄδικοι
2423 824 2670 896 ἀλλήλοις
2701 819 3145 890 συναγελάζονται
3170 819 3400 891 κοινωνίᾳ
3418 820 3531 889 βίου,
3547 824 3595 874 οὐ
3610 822 3689 892 μὴν

2217 920 2311 974 καὶ
2339 917 2635 987 ὁσιότητος
2670 916 2762 969 καὶ
2789 915 2960 983 τούτῳ
2995 912 3092 981 οὐχ
3137 910 3498 981 ἁμαρτάνουσιν
3530 913 3570 963 οἱ
3606 913 3689 965 Θεο-

2219 1011 2408 1081 φιλεῖς·
2446 1007 2677 1080 μιμηταὶ
2712 1006 2820 1076 γάρ
2863 1006 2969 1057 εἰσι
3013 1002 3107 1056 τοῦ
3149 1001 3349 1073 Πατρδς
3373 1002 3527 1055 αὐτῶν
3557 1002 3692 1057 τοῦὲν

2216 1106 2331 1166 τοῖς
2360 1103 2628 1173 οὐρανοῖς,
2649 1098 2742 1150 τοῦ
2774 1097 2864 1149 τὸν
2889 1096 3041 1166 ἣλιον
3085 1093 3247 1149 αὑτοῦ
3285 1093 3606 1158 ἀνατέλλοντος
3625 1097 3691 1147 ἐπὶ

2215 1194 2454 1257 δικαίους
2487 1192 2581 1246 καὶ
2610 1190 2845 1251 ἀδίκους,
2879 1188 2972 1241 καὶ
3003 1186 3283 1257 βρέχοντος
3307 1185 3455 1240 αὐτοῦ
3478 1186 3553 1238 τὸν
3582 1187 3693 1239 ὑετὸν

2215 1288 2308 1340 ἐπὶ
2335 1286 2623 1357 πονηροὺς,
2652 1282 2745 1336 καὶ
2772 1279 3029 1348 ἀγαθούς.
3071 1278 3179 1331 Καὶ
3208 1277 3349 1329 οὐδὲν
3386 1276 3693 1329 κινδυνεύσειὸ

2215 1382 2418 1444 δίκαιος
2445 1381 2509 1432 ὲκ
2537 1376 2743 1430 τούτου’
2776 1376 2834 1427 ὲν
2862 1372 2969 1445 γὰρ
2997 1372 3074 1443 τῷ
3104 1371 3298 1442 σταδίῳ
3322 1370 3410 1424 καὶ
3424 1371 3697 1440 νιηταί,καί

2217 1471 2501 1546 νικώμενοί
2528 1474 2683 1536 εἰσιν,
2717 1470 2774 1523 ὲν
2800 1468 2857 1522 δὲ
2885 1468 2965 1539 τῷ
2994 1466 3240 1537 στεφάνῳ
3270 1465 3409 1536 μόνοι
3434 1465 3478 1516 οἰ
3500 1463 3696 1530 γενναίως

2215 1566 2636 1639 ἀγωνισάμενοι,
2677 1563 2849 1626 οὐδεὶς
2877 1562 2934 1614 δὲ
2982 1559 3351 1630 στεφανοῦται,
3398 1557 3482 1609 ἐὰν
3507 1556 3569 1626 μὴ
3591 1555 3700 1624 νομί⁴

2219 1680 2335 1735 μως
2376 1660 2606 1731 ἀθλήσῃ.
2655 1658 2924 1719 Ἕκαστος
2968 1654 3077 1726 γάρ
3120 1654 3252 1724 περὶ
3298 1649 3473 1705 ἑαυτοῦ
3510 1648 3700 1718 ἐξομολο-

554 1742 788 1812 quisque
814 1741 879 1796 de
910 1719 1089 1813 seipse
1131 1719 1480 1797 conﬁtebitur
1516 1759 1579 1798 ac
1608 1744 1989 1815 respondebit,
2018 1762 2107 1801 ne-

2216 1719 2441 1826 γήσεται
2461 1719 2529 1813 ’ί
2558 1719 2654 1805 καὶ
2681 1751 2741 1803 οὐ
2766 1748 2839 1820 μὴ
2870 1719 3210 1817 συναπολέση
3234 1746 3261 1797 ὁ
3289 1743 3411 1807 Θεὸς
3435 1742 3515 1795 τὸν
3551 1739 3702 1793 δίκαιον

554 1850 661 1904 que
682 1835 892 1903 justum
926 1850 1050 1888 cum
1082 1835 1288 1905 injusto
1316 1836 1462 1891 Deus
1504 1837 1728 1906 perdet;
1773 1838 2115 1909 quandoqui-

553 1926 674 1981 dem
708 1927 849 1995 apttd
875 1942 997 1981 enm
1032 1927 1294 1997 quidquid
1327 1929 1501 1998 culpa:
1528 1944 1636 1982 non
1666 1939 1749 1984 est
1779 1930 2111 2000 obnoxium,

552 2033 656 2072 nec
695 2018 891 2072 ultioni
925 2018 1234 2088 subjectum
1274 2026 1378 2075 est.
1415 2018 1601 2089 Neque
1638 2022 1783 2076 enim
1822 2022 1989 2077 Noem
2020 2024 2116 2078 de-

550 2109 787 2174 mersit,
836 2125 1014 2179 neque
1066 2109 1260 2164 Lotum
1312 2112 1589 2180 incendit,
1638 2129 1815 2184 neque
1869 2114 2113 2171 Raabam

554 2199 743 2270 patriae
779 2201 991 2255 excidio
1038 2202 1487 2272 comprehendit;
1520 2210 1575 2258 et
1619 2205 1667 2260 si
1710 2206 1874 2271 libet,
1922 2217 2114 2264 nostra

550 2306 769 2361 quoque
821 2306 1126 2363 cognosce,
1178 2292 1348 2349 «ludas
1395 2295 1598 2351 sodalis
1652 2307 1859 2363 uoster,
1910 2307 2113 2355 sortem

550 2383 841 2439 ministerii
870 2385 1158 2441 nobiscum
1187 2400 1528 2441 communem
1562 2389 1809 2458 accepit,
1840 2399 1895 2445 et
1924 2389 2113 2447 Simon

526 2476 743 2547 uagus
775 2477 1043 2548 baptismo
1070 2476 1287 2531 Domini
1324 2478 1568 2548 signatus
1598 2479 1737 2547 fuit;
1772 2497 1959 2536 verum
1988 2499 2111 2537 cum

551 2578 781 2640 uterque
811 2584 1010 2640 pravus
1054 2570 1394 2634 exstitisset,
1429 2572 1519 2626 ille
1563 2574 1782 2641 quidem
1821 2575 2014 2645 laqueo
2054 2591 2113 2631 se

520 2680 523 2681 ν
550 2662 877 2733 suspendit;
911 2663 1003 2715 hic.
1026 2678 1157 2717 vero
1187 2671 1385 2733 praeter
1408 2663 1689 2719 hominum
1728 2675 1978 2721 naturam
2017 2684 2114 2723 vo-

549 2753 747 2819 litans,
776 2755 927 2826 gravi
957 2769 1091 2809 casu
1122 2755 1325 2812 fractus
1350 2763 1453 2812 est.
1485 2757 1563 2811 Ad
1594 2757 1708 2813 haec
1727 2798 1742 2822 ,
1774 2758 1914 2813 Area
1945 2759 2111 2815 Noem

552 2855 609 2902 et
652 2846 794 2903 ﬁlios
831 2848 955 2918 ejus
996 2849 1496 2918 complectebatur;
1546 2850 1639 2906 sed
1682 2853 1832 2907 solus
1874 2852 2112 2909 Chamus

550 2953 783 3009 nequam
834 2947 1119 3009 repertus,
1167 2941 1221 2994 in
1270 2940 1380 2995 lilio
1426 2957 1618 3012 poenas
1655 2942 1823 2998 dedit.
1870 2943 2025 3011 Quod
2063 2946 2110 3001 si

2219 1845 2354 1918 μετά
2392 1843 2486 1897 τοῦ
2521 1842 2726 1903 ἀδίκου,
2765 1839 2991 1910 ἐπείπερ
3026 1839 3157 1908 παρ’
3185 1834 3331 1905 αὐτῷ
3372 1832 3428 1886 τὺ
3457 1830 3702 1903 ἀναμάρτηι

2217 1955 2307 1991 τον
2328 1933 2689 2006 ἀτιμώρητον.
2722 1929 2855 1983 οὔτε
2902 1929 3011 2000 γὰρ
3045 1928 3138 1980 τὸν
3176 1928 3298 1979 Νῶε
3324 1922 3705 1980 κατέκλυσεν,ὠ-

2213 2046 2273 2081 τε
2302 2028 2392 2081 τὸν
2417 2024 2539 2080 Λὼτ
2565 2020 2908 2092 κατέφλεξεν,
2940 2020 3060 2073 οὔτε
3089 2019 3189 2089 τὴν
3217 2017 3379 2071 Ῥαὰϐ
3408 2015 3701 2070 συναπώλεσεν

2213 2119 2349 2173 εἰδὲ
2383 2115 2636 2189 βούλεσθε
2674 2115 2875 2183 γνῶναι
2925 2114 3018 2167 καὶ
3061 2110 3129 2164 τὰ
3177 2111 3261 2180 ἐφ’
3287 2108 3437 2180 ἡμῶν
3486 2106 3706 2176 γενόμενα.

2226 2211 2427 2273 Ἰούδας
2467 2210 2563 2262 σὺν
2606 2210 2740 2279 ἡμῖν
2766 2205 2862 2268 ὣν,
2894 2204 3051 2257 ἔλαῦε
3097 2203 3191 2256 τὸν
3230 2202 3423 2273 κλῆρον
3452 2199 3542 2268 τῆς
3577 2198 3707 2250 διακο-

2212 2304 2351 2368 νίας,
2381 2302 2441 2355 δν
2468 2303 2562 2355 καὶ
2588 2302 2769 2371 ἡμεῖς,
2800 2299 2894 2351 καὶ
2920 2298 3103 2368 Σίμων
3131 2297 3161 2348 6
3180 2295 3367 2362 Μάγος
3384 2293 3474 2363 τὴν
3500 2292 3550 2343 ὲν
3570 2289 3709 2359 Κυρίῳ

2215 2394 2501 2467 σφραγῖδα’
2533 2392 2644 2446 ἀλλ’
2678 2391 2935 2462 ἑκάτερος
2965 2388 3141 2443 αὐτῶν
3186 2384 3503 2456 ἀναδειχθεὶς
3543 2380 3707 2450 φαῦλος.

2211 2490 2240 2541 ὁ
2271 2488 2368 2559 μὲν
2395 2484 2678 2557 ἀπήγξατο
2706 2482 2840 2554 (58),
2887 2481 2915 2533 6
2956 2481 3013 2534 δὲ
3058 2479 3212 2552 παρὰ
3263 2478 3418 2549 φύσιν
3461 2472 3711 2543 ἰπτάμενος.

2213 2577 2502 2650 συνετρίϐη
2531 2576 2664 2647 (59).
2700 2575 2812 2629 Καὶ
2842 2575 2900 2627 ὲν
2928 2576 2996 2644 τῇ
3025 2570 3267 2641 κιϐωτῷ,
3299 2568 3418 2622 Νῶε
3461 2566 3544 2619 καὶ
3576 2564 3614 2616 οἰ
3640 2562 3712 2613 υἱοὶ

2212 2670 2380 2727 αὐτοῦ
2410 2668 2676 2741 ὑπῆρχον·
2707 2666 2842 2721 ἀλλὰ
2869 2665 3108 2737 πονηρὸς
3125 2667 3155 2718 ὁ
3178 2663 3303 2733 Χάμ
3335 2658 3556 2732 εὑρεθεὶς
3582 2654 3713 2726 μόνος,

2210 2765 2290 2827 εἰς
2305 2763 2394 2816 τὸν
2412 2762 2526 2814 υἱὸν
2546 2759 2759 2825 ἐδέξατο
2775 2754 3191 2829 τιμωρίαν
3211 2756 3273 2807 Εἰ
3294 2754 3349 2806 δὲ
3367 2751 3471 2824 (61)
3490 2750 3573 2802 καί
3594 2744 3713 2799 πατέ-

2213 2872 2305 2926 ρες
2332 2854 2471 2925 ὑπὲρ
2498 2852 2705 2906 παίδων
2726 2852 2786 2904 οὺ
2815 2849 3210 2921 τιμωροῦνται,
3240 2846 3363 2901 οὔτε
3391 2845 3493 2899 υἱοὶ
3515 2842 3631 2913 ὑπὲρ
3651 2856 3718 2891 πα·

2208 2946 2403 3018 τέρων,
2433 2945 2612 3018 δῆλον,
2656 2945 2732 3009 ὡς
2760 2944 2882 2997 οὕτε
2923 2944 3182 3012 γυναῖκες
3210 2942 3353 3012 ὑπὲρ
3395 2936 3599 3008 ἀνδρῶν,
3631 2932 3717 2985 οὔτε

550 3038 732 3102 patres
761 3046 859 3100 pro
896 3031 1021 3086 ﬁliis
1048 3047 1157 3087 non
1189 3033 1515 3103 puniuntur,
1551 3050 1727 3104 neque
1758 3036 1851 3090 ﬁlii
1886 3052 1983 3107 pro
2012 3053 2107 3107 pa-

2209 3037 2413 3090 οἰκέται
2442 3037 2581 3108 ὑπὲρ
2615 3034 2911 3098 δεσποτῶν,
2941 3034 3064 3087 οὕτε
3095 3036 3380 3102 συγγενεῖς
3421 3032 3549 3101 ὑπὲρ
3575 3041 3720 3095 συγγε-

548 3122 726 3178 tribus
752 3162 767 3188 ,
798 3123 967 3193 liquet
990 3124 1134 3195 quod
1165 3140 1343 3195 neque
1368 3141 1569 3181 uxores
1597 3141 1696 3196 pro
1725 3127 1937 3183 maritis
1956 3168 1971 3193 ,
2007 3144 2107 3183 ne-

546 3231 655 3286 que
676 3216 864 3271 famuli
886 3230 986 3287 pro
1007 3216 1268 3281 dominis,
1284 3232 1459 3288 neque
1479 3219 1693 3288 cognati
1716 3234 1815 3289 pro
1837 3219 2104 3290 cognatis,

547 3322 726 3379 neque
757 3310 919 3364 amici
948 3325 1048 3381 pro
1077 3310 1270 3365 amicis
1291 3349 1305 3374 ,
1346 3327 1523 3381 neque
1544 3311 1677 3381 justi
1714 3328 1811 3382 pro
1842 3313 2060 3382 injustis
2090 3330 2107 3383 ;

544 3408 600 3456 et
627 3401 772 3470 quod
810 3402 1013 3472 singuli
1053 3401 1118 3457 de
1157 3402 1274 3457 suis
1323 3403 1582 3473 Oper-ibus
1623 3404 2104 3460 examinabuntur.

545 3490 680 3546 Nam
712 3508 742 3546 a
772 3491 887 3548 Noe
916 3508 1015 3563 pro
1044 3494 1249 3548 mundo
1271 3509 1445 3564 paena:
1472 3510 1581 3549 non
1607 3504 1736 3550 sunt
1756 3504 1980 3560 exactae,
2006 3511 2108 3552 nec

544 3583 714 3640 Lotus
742 3600 840 3655 pro
874 3585 1125 3642 Sodomis
1153 3586 1409 3643 incendio
1437 3586 1791 3659 conﬂagravit
1810 3629 1826 3654 ,
1860 3604 1963 3644 nec
1993 3588 2104 3642 Ra-

546 3676 648 3729 aba
680 3690 778 3746 pro
810 3675 1243 3734 lliericbuntinis
1272 3678 1518 3749 jugulata
1549 3688 1669 3743 est,
1703 3696 1803 3749 nec
1847 3681 2107 3737 Israelita:

544 3776 644 3832 pro
688 3761 955 3835 £gypliis
1002 3768 1271 3823 submersi
1304 3780 1450 3825 sunt.
1483 3769 1912 3825 Contubernium
1958 3771 2105 3824 enim

538 3852 721 3922 justus
739 3855 1067 3919 injustorum
1091 3860 1426 3917 damnationi
1448 3878 1554 3917 non
1574 3862 1821 3926 involvit,
1844 3862 1939 3918 sed
1966 3877 2107 3916 una-

545 3944 788 4001 nimitas.
816 3944 986 4017 Igitur
1001 3948 1277 4003 attendere
1295 3963 1400 4002 non
1425 3948 1686 4006 debemus
1714 3952 1833 4005 istis
1866 3952 2104 4007 homini-

544 4035 670 4100 bus,
691 4036 756 4091 ad
775 4037 974 4092 eadem
996 4054 1211 4110 semper
1230 4042 1517 4111 promptis,
1543 4041 1900 4098 humanitatis
1925 4044 2105 4099 osori-

543 4127 668 4193 bus,
710 4129 1112 4187 criminationis
1150 4133 1433 4198 studiosis,
1461 4142 1514 4188 et
1553 4135 1645 4205 qui
1674 4150 1798 4190 cum
1845 4143 2107 4207 praatextu

542 4226 774 4276 mortem
818 4221 1109 4294 Jinferunt.
1194 4225 1346 4280 Alter
1405 4228 1550 4282 enim
1621 4243 1720 4296 pro
1763 4230 1935 4283 altero
1992 4246 2104 4286 non

542 4313 799 4380 moritur,
812 4315 909 4371 sed
930 4334 947 4369 ι
962 4315 1185 4375 funibus
1198 4334 1423 4375 suorum
1439 4332 1784 4389 peccatorum
1800 4324 2101 4395 unusquis-

2209 3131 2346 3192 νῶν,
2369 3128 2492 3183 οὔτε
2534 3129 2676 3197 φίλοι
2718 3128 2858 3200 ὑπὲρ
2886 3127 3075 3197 φίλων,
3107 3127 3235 3182 οὔτε
3261 3129 3455 3182 δίκαιοι
3495 3124 3615 3193 ὑπὲρ
3635 3119 3718 3174 ἁδί-

2208 3238 2339 3274 κων·
2389 3220 2501 3274 ἀλλ’
2529 3220 2757 3285 ἕκαστος
2784 3220 2926 3291 ὑπὲρ
2952 3219 3046 3272 τοῦ
3076 3221 3286 3273 οἰκείου
3326 3218 3483 3290 ἔργου
3508 3214 3585 3269 τὸν
3606 3212 3722 3279 λόγον

2209 3312 2658 3383 ἀπαιτηθήσεται.
2703 3310 2841 3364 Οὔτε
2868 3310 2976 3383 γὰρ
3019 3312 3143 3365 Νῶε
3173 3313 3319 3381 ὑπὲρ
3345 3310 3437 3363 τοῦ
3474 3308 3646 3377 κόσμου
3669 3302 3723 3355 δί-

2209 3418 2312 3474 κην
2340 3402 2696 3474 είσεπράχθη,
2744 3400 2866 3454 οὔτε
2910 3400 3033 3456 Λὼτ
3078 3402 3221 3473 ὑπὲρ
3269 3402 3509 3472 Σοδόμων
3535 3399 3723 3468 ἐπυρπ-

2208 3494 2366 3567 λήθη,
2397 3494 2519 3547 οὔτε
2555 3493 2745 3559 Ῥαὰϐ,
2775 3494 2916 3566 ὑπὲρ
2957 3495 3383 3567 Ἰεριχουντείων
3403 3492 3614 3561 ἐσφάγη,
3637 3488 3724 3540 οὒτε

2207 3589 2236 3640 ὁ
2277 3586 2491 3659 Ἰσραὴλ
2531 3585 2641 3659 (62)
2682 3587 2822 3659 ὑπὲρ
2860 3587 3173 3655 Αἰγυπτίων
3219 3588 3323 3618 ⁸ου·
3366 3587 3426 3639 οὺ
3452 3584 3603 3657 γὰρὴ
3640 3597 3727 3633 rmv-

2207 3677 2418 3750 οίκησις
2457 3678 2772 3749 κατακρίνει.
2811 3680 2937 3741 τοὺς
2979 3678 3227 3742 δικαίους
3271 3680 3369 3733 σὺν
3409 3679 3514 3740 τοῖς
3551 3674 3726 3732 ἀδίκοις,

2205 3771 2318 3826 ἀλλ’
2347 3773 2380 3843 ἡ
2408 3771 2505 3843 τῆς
2532 3769 2757 3842 γνώμης
2781 3772 3020 3842 ὁμόνοια.
3052 3771 3127 3823 Οὐ
3158 3769 3272 3842 χρὴ
3322 3765 3414 3823 οὖν
3440 3770 3544 3831 τοῖς
3570 3767 3730 3833 ἑτοιμο-

2208 3864 2475 3927 θανάτοις,
2504 3865 2600 3919 καὶ
2629 3863 2740 3935 (65)
2772 3862 3199 3935 μισανθρώποις,
3251 3864 3347 3917 καὶ
3378 3860 3728 3932 φιλεγκλήμοῦιν

2207 3957 2301 4010 καὶ
2344 3955 2480 4027 μετά
2523 3955 2846 4027 προφάσεως
2890 3954 3271 4020 θανατοποιοῖς
3321 3953 3594 4026 προσέχειν
3632 3946 3731 4018 (63).

2207 4049 2432 4120 ’Έτερος
2458 4046 2567 4119 γὰρ
2594 4047 2734 4119 ὑπὲρ
2761 4046 2947 4120 ἐτέρου
2976 4048 3075 4101 οὐκ
3104 4047 3460 4103 ἀποθανεῖται
3633 4037 3734 4094 ἀλλὰ

2211 4157 2229 4190 ι
2268 4142 2476 4211 σειραῖς
2500 4139 2608 4192 τῶν
2636 4140 2828 4194 ἑαυτοῦ
2859 4140 3140 4211 ἁμαρτιῶν
3162 4142 3399 4206 ἕκαστος
3429 4140 3729 4210 σφίγγεταω

2204 4233 2334 4286 Καί’
2360 4250 2380 4285 ι
2415 4232 2545 4286 Ἰδοὺ
2575 4231 2880 4305 ἄνθρωπος,
2898 4234 2993 4287 καὶ
3018 4233 3079 4287 τὸ
3105 4233 3273 4306 ἔργον
3301 4234 3465 4288 αὐτοῦ
3486 4232 3583 4305 πρὸ
3606 4243 3734 4299 προσ·

2207 4326 2356 4380 ὡπου
2383 4325 2569 4382 αὑτοῦ.
2606 4344 2626 4379 ι
2652 4327 2743 4379 Δεῖ
2768 4327 2826 4380 δὲ
2853 4327 2999 4399 ἡμᾶς
3020 4326 3241 4400 βοηθεῖν
3286 4330 3402 4394 τοῖς
3434 4317 3735 4399 συνοῦσι

611 4490 873 4579 ’ξᾷξὲζοοιι
908 4511 1019 4558 xw,
1058 4496 1267 4579 lin"
1299 4495 1487 4579 Matth.
1529 4516 1583 4579 v,
1615 4498 1703 4579 ιδ.
1730 4571 1745 4579 _
1780 4501 1894 4579 "_l.
1929 4501 2103 4572 lgnat.
2138 4505 2420 4579 __i_nte_rpol.
2471 4506 2537 4579 ad
2586 4505 2799 4565 Philad.
2852 4510 2906 4565 '5.
3001 4511 3047 4548 "
3077 4509 3119 4563 ll
3173 4510 3322 4570 Tim.
3348 4528 3412 4579 tt,
3446 4514 3499 4569 5.
3566 4510 3608 4544 "
3625 4508 3739 4565 (litat

537 4557 879 4629 Anastasius,
912 4557 1103 4636 quaest.
1138 4566 1226 4622 55.
1340 4557 1589 4625 ⁹⁸Αηιιειξ
1623 4557 2035 4640 ἀπολογήσετῖι.

2136 4575 2203 4606 ¹⁰⁰
2258 4575 2449 4633 Anast.
2508 4578 2818 4648 Αἰγυπτίων
2872 4582 3289 4655 κατεποντίσθη.

1832 4763 2195 4823 VARIORUM
2227 4766 2459 4825 ΝΟΤΔΞ.

608 4935 719 5007 (56)
754 4936 946 4991 Οὗτοι.
982 4934 1040 4992 1η
1070 4938 1260 5007 eodem
1291 4938 1581 4995 omittitur.
1608 4940 1777 4997 Cum.

605 5007 715 5078 (ξξῖ)
747 5008 1115 5076 Σαφέστατα.
1145 5006 1421 5078 Prwponit
1453 5026 1593 5065 unus
1615 5012 1990 5077 ὲνταῦθα,Ιιὶε.
2025 5017 2101 5072 In.

760 5078 1099 5152 ᾉπήγξςιζο.
1129 5077 1195 5152 in
1230 5076 1457 5152 utroque
1478 5082 1697 5152 ῆγξατο.
1732 5084 1805 5136 Ιι).

749 5148 1092 5215 Συνετρίση.
1124 5146 1740 5218 Ρνῖεηείιειιῑοίίπεσών.
1777 5153 1852 5209 In.

605 5215 714 5294 (60)
745 5220 850 5294 ᾅξὶς
879 5219 985 5294 τέξν
1012 5218 1145 5272 υἱὸν
1173 5215 1415 5294 ἐδέξατο
1443 5223 1752 5294 τιμωρίαν,
1775 5223 1841 5277 In
1863 5225 1975 5294 ﬁlio
1997 5239 2104 5294 pa:-

533 5300 630 5366 nqs
668 5285 813 5366 dedit
839 5303 858 5341 :
887 5287 1439 5366 Chanaan,e_t}enes.
1468 5285 1552 5366 fx,
1579 5285 1676 5348 ⁷25.
1711 5285 1902 5349 Notavi
1940 5285 2102 5366 porro

535 5356 599 5430 ad
646 5358 945 5430 marginem
984 5358 1261 5414 Anastasii
1289 5361 1618 5430 quaestiones
1643 5379 1832 5419 carere
1859 5356 2098 5430 voéulis,

531 5427 611 5487 εἰς
658 5425 749 5478 τὸν
771 5425 942 5494 ὐίόν;
978 5430 1073 5485 sed
1114 5440 1241 5484 tunc
1272 5425 1380 5484 non
1412 5431 1651 5487 videram
1698 5451 1799 5490 ms.
1849 5425 2092 5492 codicem

531 5495 697 5577 valde
716 5499 1072 5577 antiqunmgt
1093 5502 1304 5577 bonum
1318 5500 1495 5572 Regia:
1518 5501 1882 5577 Bibliothecze,
1911 5507 2094 5577 inquo

537 5566 798 5648 srriptum
840 5565 944 5648 est,
977 5565 1056 5633 εἷς
1082 5571 1188 5623 τῶν
1216 5571 1367 5635 υἱῶν,
1398 5565 1542 5641 quod
1576 5583 1629 5648 et
1659 5565 1879 5648 videtur
1902 5565 2096 5648 legisse

536 5635 836 5715 Gratianus
883 5638 1149 5724 llervetus
1176 5656 1361 5724 earum
1403 5635 1762 5724 quaestionum
1794 5635 2091 5724 interpres,

541 5710 820 5779 magisque
847 5709 1103 5767 convenit
1134 5710 1316 5767 sensui
1343 5709 1506 5783 hujus
1537 5713 1661 5771 loci.
1702 5714 1897 5773 Postea
1928 5709 2092 5775 simili

2138 4957 2184 5017 ι)
2210 4950 2423 5005 ratione
2454 4965 2484 5005 e
2513 4950 2742 5021 scripto,
2776 4950 3049 5021 versione.
3089 4966 3153 5004 ac
3177 4964 3375 5017 sensu,
3406 4947 3665 5021 legendum
3698 4945 3740 4994 in

2208 5022 2519 5096 Anastasio,
2567 5016 2781 5096 ιη’ἰιίοε
2821 5019 2961 5096 Οὔτε
3002 5020 3196 5096 δίκαιοι
3233 5016 3380 5096 susp
3420 5016 3525 5075 τῶν
3549 5016 3739 5096 ἀδίκων.

2211 5087 2434 5144 Demum
2476 5091 2642 5146 verbo
2672 5090 3066 5161 κατεποντίσθη
3106 5087 3394 5147 auctiores
3424 5108 3487 5146 ac
3518 5087 3745 5159 pleniores

2209 5169 2335 5231 sunt
2359 5163 2703 5231 qua’stiones.
2734 5161 2870 5216 Cor.

2280 5227 2390 5301 (61)
2419 5230 2486 5301 El
2514 5231 2599 5286 δέ.
2633 5232 2753 5285 Ὀτι
2781 5233 2858 5294 δέ,
2890 5238 3118 5301 uterque
3148 5232 3342 5286 minus
3387 5232 3540 5285 bene.
3568 5227 3707 5301 Cm:

2301 5292 2388 5374 ξίὲ)
2434 5300 2493 5374 ΪΟ
2538 5302 2811 5374 ’Ῑσραιίλη
2834 5292 2897 5357 Οἱ
2939 5292 3294 5374 Ὶσραηλῖται,
3330 5305 3470 5356 alter
3490 5300 3659 5355 codex.
3686 5292 3741 5374 in.

2301 5320 2367 5353 oz
2453 5320 2493 5354 υ
2550 5320 2799 5371 ισρανιμ.
2834 5320 2897 5357 Ut
2956 5320 3081 5374 ισρα
3124 5320 3294 5365 Αιται,
3330 5320 3470 5356 alter
3490 5320 3659 5355 cooex.
3687 5320 3741 5342 ιιι.

2300 5320 2388 5442 65)
2434 5370 2941 5442 Ἐτοιμοθανιίτοις
2962 5320 3324 5426 καίΪδεειιιη
3353 5374 3407 5426 in
3438 5362 3741 5442 utroqucLID.

2298 5433 2390 5513 δέ)
2419 5433 2766 5513 Προσὲχειν.
2810 5433 2973 5496 Addit
3001 5444 3138 5497 alter
3172 5462 3185 5497 :
3225 5444 3353 5495 Ὅτι
3398 5442 3453 5496 δὲ
3481 5433 3635 5500 οὕτως
3660 5433 3745 5502 ἔχει

2199 5512 2309 5563 καί.
2346 5512 2420 5567 lt).
2477 5533 2498 5565 ο

2293 5580 2383 5653 (ἓξ)
2424 5582 2841 5653 ’Δποθανεῖται.
2872 5582 3021 5653 Alter
3046 5587 3392 5653 τιμωρεῖται.
3430 5581 3501 5637 lo.

2293 5581 2357 5632 65’
2424 5582 2841 5637 Ἀποθανεῖται.
2872 5582 3021 5636 Alter
3046 5587 3392 5653 τιμωρεῖται.
3430 5581 3501 5637 lo.

2293 5581 2383 5721 66)
2418 5653 2704 5707 Συνοῦσι.
2751 5652 2813 5707 F.
2848 5652 3069 5707 σινοῦσι.
3107 5652 3264 5708 Alter
3292 5652 3530 5717 νοσοῦσι,
3562 5660 3611 5706 ut
3638 5646 3746 5699 bene

2200 5721 2434 5793 coniecit
2467 5723 2789 5779 Cotelcrius.
2824 5723 2897 5779 In.

2370 5232 2390 5510 ἓ
