3936 6342
156 352 243 409 ﬁt
1038 340 1638 400 CONSTITUTIONES
1666 338 2344 398 APOSTOLICE.—LIB.
2382 339 2442 394 ll.

3268 338 3372 395 622

152 472 235 525 καὶ
260 465 640 527 κινδυνεύουσι,
670 463 766 516 καὶ
793 461 1199 532 σφαλλομένοις,
1238 461 1332 515 καὶ
1359 461 1481 514 ὅσον
1509 454 1615 514 οἷόν
1643 478 1691 514 τε

1807 476 1914 532 que
1964 456 2360 528 constringitur
2393 454 2432 509 ¹.
2468 473 2485 506 ι
2530 440 2629 507 Et:
2665 471 2685 505 ι
2715 452 2857 509 Ecce
2904 453 3104 519 homo,
3133 462 3187 509 et
3232 468 3371 524 Opus

149 566 206 635 τῇ
233 558 538 631 παραινέσει
578 556 671 609 τοῦ
698 554 856 624 λόγου
904 553 1149 623 ὑγιάζειν
1189 554 1407 617 αὐτοὺς,
1447 554 1544 607 καὶ
1588 553 1703 625 ῥύε-

149 656 257 709 σθαι
282 655 343 706 ὲκ
372 650 623 705 θανάτου.
659 668 678 700 ι
716 648 792 701 Οὐ
822 648 1010 720 χρείαν
1037 646 1146 719 γὰρ
1173 646 1385 717 ἔχουσιν
1412 647 1461 699 οἱ
1493 646 1701 717 ἰσχύον-

145 765 223 812 τες
267 743 470 816 ἰατροῦ,
519 743 630 797 ἀλλ’
673 742 723 794 οί
769 741 953 805 κακῶς
994 741 1203 813 ἔχοντες,
1248 739 1382 811 (67).
1421 758 1439 791 ι
1486 739 1700 811 Ἐπειδὴ

147 860 164 893 ι
194 839 285 893 οὐκ
324 837 438 890 ἔστι
486 835 695 907 θέλημα
722 833 1027 906 ἔμπροσθεν
1053 834 1147 887 τοῦ
1188 833 1421 905 Πατρὸς,
1453 831 1539 886 ἵνα
1565 832 1701 886 ἀπό-

140 934 280 1004 ληται
298 925 379 994 εἷς
406 930 514 983 τῶν
540 928 769 1001 μικρῶν.
803 947 822 979 ι
855 928 930 981 Ut’)
956 927 1065 998 γὰρ
1092 926 1191 998 τὴν
1217 926 1325 979 τῶν
1356 925 1697 998 σκληροκαρ-

135 1027 250 1080 δίων
277 1022 487 1094 ἀνδρῶν
519 1020 769 1092 βούλησιν
800 1019 953 1091 ίστᾷν
995 1018 1122 1092 χρὴ,
1152 1018 1288 1073 ἀλλὰ
1313 1006 1533 1093 τὴντοῦ
1563 1018 1697 1073 Θεοῦ

140 1118 223 1171 καὶ
246 1113 462 1185 Πατρὺς
488 1113 596 1177 τῶν
623 1113 759 1166 ὅλων
777 1112 876 1183 τὴν
894 1110 983 1165 διὰ
1022 1112 1195 1183 Ἰησοῦ
1224 1111 1458 1184 Χριστοῦ
1477 1112 1570 1165 τοῦ
1587 1114 1699 1165 Κυ-

141 1210 241 1280 ρίου
268 1206 451 1278 ἡμῶν,
482 1200 527 1274 ᾧ
565 1206 599 1276 ἡ
626 1204 752 1269 δόξα
780 1206 860 1268 είς
885 1203 1012 1267 τοὺς
1049 1204 1269 1268 αἰῶνας.
1328 1205 1516 1277 Ἀμήν.
1564 1204 1699 1259 Οὐδὲ

136 1300 229 1371 γὰρ
252 1299 459 1352 δίκαιον
487 1297 725 1369 κεφαλὴν
754 1297 882 1351 ὄντα
905 1314 986 1360 σε,
1006 1292 1051 1350 ὦ
1078 1296 1363 1361 ἐπίσκοπε,
1384 1297 1521 1370 οὐρᾷ
1539 1315 1699 1369 προσο

136 1392 281 1463 ἐχειν,
319 1390 572 1444 τουτέστι
614 1390 786 1461 λαῖκῷ
820 1390 1100 1444 στασιώδει
1144 1389 1433 1462 ἀνθρώπῳ,
1466 1394 1545 1454 εἰς
1582 1390 1698 1444 ἐτέ-

139 1504 217 1558 pou
255 1484 556 1548 ἀπώλειαν,
587 1484 723 1538 ἀλλά
749 1484 866 1555 Θεῷ
898 1484 1061 1555 μόνῳ.
1097 1486 1316 1555 Ἀρχειν
1361 1484 1469 1556 γάρ
1501 1502 1561 1537 σε
1589 1484 1695 1556 χρὴ

136 1578 225 1632 τῶν
251 1578 535 1649 ὑπηκόων,
566 1577 626 1629 οὐ
651 1573 759 1646 μὴν
798 1570 892 1630 καὶ
920 1577 1011 1629 ὑπ’
1042 1576 1218 1629 αὐτῶν
1246 1577 1536 1648 ἄρχεσθαι·
1573 1575 1696 1630 οὔτε

136 1672 226 1743 γὰρ
251 1669 364 1733 υἱὸς
393 1671 553 1742 ἄρχει
582 1669 805 1739 πατρὸς,
829 1668 971 1723 κατά
984 1668 1075 1722 τὸν
1102 1670 1199 1740 τῆς
1226 1671 1491 1739 γενέσεως
1518 1670 1694 1739 λόγον,

136 1762 237 1816 οὔτε
276 1761 467 1825 δοῦλος
507 1761 602 1814 τοῦ
642 1762 834 1832 κυρίου
880 1761 1066 1825 αὑτοῦ,
1110 1760 1252 1815 κατὰ
1291 1762 1381 1816 τὸν
1408 1764 1508 1834 τῆς
1547 1763 1697 1827 ὲξου-

138 1858 256 1919 σίας,
284 1848 413 1908 οὔτε
448 1853 695 1926 μαθητὴς
719 1851 1062 1918 διδασκάλου,
1092 1853 1216 1908 οὔτε
1245 1855 1580 1928 στρατιώτης
1610 1856 1697 1927 βα-

138 1948 321 2011 σιλέως,
350 1946 482 2001 οὔτε
504 1947 611 2020 μὴν
639 1946 822 2010 λαῖκὸς
849 1930 1165 2000 ἐπισκόπου.
1197 1948 1333 2020 Περὶ
1358 1950 1467 2020 γὰρ
1494 1949 1587 2002 τοῦ
1620 1948 1694 2019 μὴ

134 2040 286 2093 δοκεῖν
313 2040 448 2102 τοὺς
477 2037 879 2109 πλησιάζοντας
905 2039 1132 2103 ἀδίκοις,
1162 2042 1228 2111 τῇ
1257 2040 1350 2093 τοῦ
1378 2040 1535 2109 λόγου
1562 2042 1698 2096 διδα-

134 2134 190 2202 χῇ
218 2130 320 2203 (68)
364 2131 809 2203 συμμολύνεσθαι
838 2132 871 2203 ἢ
902 2134 1178 2186 κοινωνεῖν
1218 2136 1338 2196 ταῖς
1380 2132 1487 2207 (69)
1519 2136 1697 2208 ἀμαρ-

131 2224 274 2287 τίαις,
300 2225 328 2277 ὁ
369 2223 635 2295 Ἰεζεκιὴλ
661 2224 943 2278 ἐκκόπτων
968 2226 1068 2299 τὴν
1107 2226 1215 2280 τῶν
1253 2227 1536 2299 κακοήθων
1564 2229 1696 2283 ὑπό-

132 2326 259 2370 νοιαν
283 2315 454 2386 λέγει’
493 2336 513 2369 ι
552 2318 617 2370 Τί
647 2318 803 2387 ὑμεῖς
833 2318 1019 2386 λέγετε
1048 2320 1229 2381 αὐτοῖς
1255 2321 1353 2392 τὴν
1383 2321 1695 2393 παραϐολὴν

128 2413 316 2484 ταύτην
368 2413 463 2466 ἐπὶ
522 2412 626 2482 γῆς
693 2412 926 2483 Ἰσραήλ·
972 2412 1036 2465 0t
1078 2412 1312 2485 πατέρες
1353 2412 1552 2482 ἔφαγον
1606 2413 1697 2484 ὅμ-

130 2514 266 2574 φακα
306 2503 439 2575 (70),
481 2505 577 2559 καὶ
604 2503 654 2557 οἱ
696 2505 905 2569 ὀδόντες
946 2504 1055 2558 τῶν
1093 2503 1300 2559 τέκνων
1340 2504 1691 2576 ᾑμωδίασαν;

130 2598 200 2661 ζῶ
225 2597 347 2667 ἐγὼ,
379 2598 533 2666 λέγει
586 2590 811 2651 Ἀδωναῖ
852 2598 1078 2669 Κύριος,
1110 2600 1157 2651 εἰ
1185 2597 1264 2651 ἔτι
1295 2598 1404 2670 (71)
1445 2598 1595 2651 ἔσται
1638 2600 1695 2651 ὲν

130 2684 241 2764 iiva
266 2691 534 2763 λεγομένη
562 2692 596 2763 ἡ
626 2691 908 2764 παραϐολὴ
936 2691 1074 2763 αὕτη
1104 2692 1162 2744 ὲν
1202 2691 1281 2763 τῷ
1322 2692 1567 2763 Ἰσραήλο
1613 2692 1695 2746 ὅτι

133 2786 281 2839 πᾶσαι
309 2785 363 2837 αἱ
386 2784 565 2856 ψυχαὶ
592 2784 720 2855 ἐμαί
750 2786 905 2837 εἰσιν·
936 2783 995 2837 ὃν
1022 2784 1221 2855 τρόπον
1250 2785 1284 2854 ἡ
1312 2783 1458 2856 ψυχὴ
1484 2782 1578 2838 τοῦ
1598 2801 1697 2838 πα-

131 2876 259 2949 τρὺς,
299 2876 481 2940 οὕτως
510 2878 544 2948 ἡ
587 2875 734 2948 ψυχὴ
774 2876 867 2929 τοῦ
910 2876 1028 2930 υἱοῦ
1069 2878 1175 2949 ἐμή
1205 2878 1386 2929 ἐστιν·
1423 2878 1457 2948 ἡ
1486 2876 1692 2949 ψυχὴή

133 2969 502 3042 ἁμαρτάνουσα
530 2970 669 3041 αὐτὴ
691 2969 802 3041 (72)
824 2969 1193 3024 ἀποθανεῖται.
1236 2970 1293 3023 Ὀ
1310 2969 1366 3023 δὲ
1386 2969 1692 3041 ἄνθρωπος,

132 3060 179 3123 ὃς
201 3063 337 3116 ἔσται
363 3063 602 3126 δίκαιος,
632 3062 801 3115 ποιῶν
829 3064 1003 3133 κρῖμα
1031 3063 1123 3117 καὶ
1150 3060 1514 3133 δικαιοσύνην,
1557 3080 1574 3111 ›
1601 3062 1695 3115 καὶ

1801 554 1923 623 ejus
1954 560 2082 607 ante
2116 550 2309 605 faciem
2348 547 2498 603 illius
2526 548 2602 602 ’.ι
2634 546 2655 578 ³
2677 541 2790 603 Nos
2820 554 3001 603 autem
3035 553 3250 617 oportet
3272 562 3374 602 no-

1801 645 1932 700 stris
1978 642 2240 705 inﬁrmis,
2271 648 2325 695 et
2364 639 2807 711 periclitantibus
2835 639 2888 694 et
2928 641 3169 711 deceptis
3214 656 3373 711 opem

1800 736 1979 803 ferre;
2008 743 2062 791 et
2090 733 2269 805 quoad
2300 732 2417 787 ﬁeri
2446 738 2663 803 potest,
2692 731 2963 787 sermonis
2990 732 3375 789 exhortatione

1801 843 1998 883 sanare
2041 842 2169 893 eos,
2209 835 2372 896 atque
2416 840 2447 878 a
2485 831 2662 879 morte
2705 824 2942 895 eripere.
2975 843 2993 875 ι
3022 822 3142 879 Non
3173 841 3192 877 ι
3227 826 3373 880 enim

1806 939 1825 970 ‹
1858 935 1997 991 opus
2037 920 2243 976 habent
2286 917 2500 974 medico
2532 950 2547 981 ,
2595 917 2687 988 qui
2726 917 2945 981 valent,
2971 917 3068 973 sed
3098 919 3190 989 qui
3234 920 3375 973 male

1800 1012 2003 1068 habent
2020 1013 2061 1068 ⁸.
2089 1032 2108 1065 ι
2137 1010 2590 1081 Quandoquidem
2623 1027 2641 1060 ι
2665 1025 2775 1065 non
2799 1020 2885 1066 est
2908 1011 3164 1068 voluntas
3187 1027 3372 1066 coram

1798 1102 1982 1169 Patre,
2010 1112 2071 1159 ut
2094 1111 2283 1174 pereat
2306 1119 2451 1158 unus
2479 1102 2546 1158 de
2572 1103 2788 1173 pusillis
2812 1102 2853 1157 ⁸.
2883 1121 2904 1155 ι
2924 1101 3043 1157 Non
3072 1104 3217 1158 enim
3248 1119 3374 1173 per-

1801 1198 2146 1268 pendendum
2194 1206 2310 1262 est,
2352 1212 2475 1267 quae
2516 1202 2621 1250 stet
2669 1194 2952 1249 hominum
2985 1194 3177 1249 immiti
3206 1188 3373 1251 corde

1799 1290 2068 1346 sententia
2091 1330 2106 1355 ,
2141 1283 2236 1345 sed
2267 1304 2389 1360 qua:
2417 1288 2512 1341 Dei
2543 1296 2598 1343 et
2641 1285 2821 1342 Patris
2865 1286 3106 1341 omnium
3152 1304 3370 1354 rerum,

1798 1399 1919 1453 qua:
1949 1393 2033 1439 est
2062 1399 2161 1453 per
2188 1381 2377 1437 Jesum
2426 1380 2705 1436 Christum
2744 1378 3034 1433 Dominum
3079 1386 3373 1449 nostrum;

1799 1477 1885 1530 cui
1925 1476 2097 1547 gloria
2148 1476 2201 1530 in
2248 1474 2470 1531 smcula.
2516 1472 2712 1528 Amen.
2745 1471 2934 1542 Neque
2961 1472 3124 1526 etiam
3156 1487 3373 1543 aequum

1798 1576 1904 1635 est,
1934 1583 1968 1623 ο
2012 1568 2301 1639 episcOpe,
2350 1574 2411 1620 ut
2444 1576 2501 1619 tu
2549 1564 2645 1636 qui
2689 1571 2852 1635 caput
2902 1579 2998 1629 es,
3052 1565 3373 1619 assentiaris

1799 1661 2020 1726 caudae,
2060 1660 2166 1716 hoc
2201 1668 2288 1715 est
2324 1658 2499 1724 laico,
2532 1657 2742 1713 homini
2787 1657 3081 1723 seditioso,
3116 1658 3281 1729 idque
3315 1660 3371 1713 in

1800 1754 2025 1808 alterius
2053 1752 2389 1822 perniciem;
2418 1751 2513 1807 sed
2544 1750 2657 1806 Deo
2689 1750 2792 1805 soli
2821 1751 2862 1804 °.
2900 1749 3036 1804 Nam
3077 1759 3289 1821 oportet
3319 1759 3373 1806 te

1799 1845 2076 1915 subjectos
2104 1860 2325 1914 regere,
2358 1859 2469 1899 non
2514 1844 2583 1898 ab
2627 1843 2695 1898 iis
2736 1842 2853 1913 regi
2885 1861 2898 1911 ;
2931 1859 3053 1897 cum
3088 1859 3187 1898 nec
3230 1843 3371 1899 ﬁlius

1800 1936 2027 2007 imperet
2072 1937 2213 2005 patri
2253 1935 2557 1991 secundum
2601 1936 2870 1992 rationem
2900 1944 3087 1998 ortus,
3125 1951 3224 1990 nec
3251 1951 3371 1990 ser-

1799 2046 1899 2085 vus
1923 2030 2145 2084 domino
2173 2044 2275 2084 suo
2305 2036 2559 2098 respectu
2590 2028 2878 2098 potestatis
2898 2068 2912 2092 ,
2942 2043 3042 2081 nec
3070 2027 3371 2097 discipulus

1798 2125 2090 2195 magistro,
2139 2137 2242 2178 nec
2287 2122 2443 2176 miles
2492 2119 2853 2191 imperatori;
2885 2134 2988 2173 nec
3029 2135 3157 2190 ergo
3198 2119 3371 2173 laicus

1808 2218 2087 2288 episcopo.
2113 2214 2383 2271 Cazterum
2413 2229 2481 2269 ne
2507 2214 2873 2275 existimetur,
2906 2227 3002 2267 eos
3033 2212 3127 2283 qui
3161 2212 3372 2282 impro»

1798 2310 1896 2365 bos
1926 2308 2309 2379 frequentant,
2343 2306 2613 2361 sermonis
2639 2321 2828 2361 eorum
2856 2305 3200 2362 documentis
3227 2307 3373 2361 coin-

1796 2400 2043 2472 quinari,
2075 2399 2162 2455 vel
2191 2406 2418 2469 peccata
2457 2412 2649 2453 eorum
2691 2398 3023 2468 participare
3052 2415 3067 2463 ;
3120 2396 3370 2453 Ezechiel

1797 2492 2099 2562 prmeidens
2131 2492 2273 2546 hanc
2302 2505 2651 2545 morosorum
2676 2490 2958 2544 hominum
2995 2490 3365 2560 suspicionem

1797 2585 1872 2638 ait
1901 2602 1914 2638 :
1945 2602 1963 2635 σ
1996 2583 2177 2650 Quare
2224 2582 2370 2638 inter
2416 2598 2515 2637 vos
2562 2582 2748 2637 dicitis
2784 2581 3101 2652 parabolam
3134 2581 3275 2635 hanc
3307 2580 3362 2635 in

1797 2683 1943 2732 terra
1970 2676 2139 2732 Israel
2166 2694 2178 2730 :
2205 2671 2394 2730 Patres
2424 2674 2783 2730 comederunt
2812 2690 2971 2729 uvam
3004 2674 3253 2729 acerbam
3274 2714 3289 2738 ,
3318 2684 3371 2729 et

1795 2768 1986 2824 dentes
2014 2767 2249 2823 ﬁliorum
2276 2768 2681 2837 obstupuerunt
2701 2766 2723 2819 ?
2743 2765 2878 2821 Vivo
2907 2780 3039 2837 ego,
3066 2764 3199 2820 dicit
3226 2764 3371 2819 Ado-

1796 2861 1885 2914 nai
1915 2859 2182 2915 Dominus
2201 2900 2215 2923 ,
2250 2860 2298 2915 si
2324 2861 2469 2914 ultra
2502 2860 2557 2913 in
2585 2860 2742 2915 vobis
2770 2859 2910 2924 erit,
2943 2866 3003 2913 ut
3030 2859 3243 2914 dicatur
3269 2874 3368 2930 pa-

1795 2953 1983 3007 rabola
2039 2952 2154 3007 haec
2195 2952 2251 3006 in
2304 2949 2547 3017 lsraele;
2592 2950 2722 3021 quia
2767 2966 2962 3005 omnes
3005 2940 3200 3006 anima:
3237 2966 3370 3008 mea

1797 3056 1924 3102 sunt
1953 3065 1966 3101 :
1997 3045 2272 3117 quomodo
2319 3043 2501 3098 anima
2537 3042 2709 3113 patris
2731 3083 2746 3107 ,
2792 3043 2868 3096 ita
2900 3042 3083 3097 anima
3119 3044 3211 3097 lilii
3249 3059 3368 3099 mea

133 3154 234 3226 ἑξῆς
266 3149 543 3223 ἐπιλέγων
581 3153 681 3218 τὰς
721 3154 914 3218 λοιπὰς
953 3154 1185 3226 ἀρετὰς,
1240 3152 1691 3225 ὲπισερραγίζεται

1797 3148 1918 3206 est;
1953 3140 2136 3194 anima
2166 3152 2287 3208 qua:
2311 3135 2656 3207 peccaverit.
2700 3134 2822 3205 ipsa
2864 3136 3148 3190 morietur.
3196 3135 3370 3190 Homo

132 3242 295 3316 λέγων’
344 3267 363 3300 ι
420 3248 483 3301 '0
511 3246 750 3310 τοιοῦτος
775 3248 980 3310 δίκαιος
996 3246 1266 3318 ὑπάρχει,
1299 3244 1413 3317 ζωῇ
1445 3243 1689 3316 ζήσεται,

130 3340 251 3409 λέγει
288 3339 524 3395 ’Δδωναῒ
553 3339 788 3412 Κύριος*
818 3340 914 3393 καὶ
942 3338 1035 3393 ἐὰν
1064 3339 1300 3411 γεννήσῃ
1334 3338 1449 3391 υἱὸν
1476 3335 1692 3409 λοιμὸν,

130 3432 359 3506 ἐκχέοντα
384 3430 559 3505 αἷμα,
603 3434 661 3485 ὲν
688 3434 755 3505 τῇ
785 3433 890 3504 ὁδῷ
929 3431 1023 3485 τοῦ
1054 3432 1260 3503 πατρὸς
1287 3430 1451 3485 αὐτοῦ
1480 3432 1576 3485 τοῦ
1615 3432 1695 3485 δι-

129 3530 256 3582 καίου
282 3528 382 3582 οὐκ
415 3520 711 3599 ἐπορεύθη·
766 3545 785 3579 ›
819 3526 914 3581 καὶ
940 3524 1234 3595 ἐπαγαγὼν
1279 3524 1349 3578 τὰ
1377 3523 1523 3596 ἑξῆς,
1554 3524 1692 3579 ἐπά-

129 3634 197 3687 γει
228 3623 335 3686 τοῖς
361 3620 724 3684 τελευταίοις⁸
774 3638 793 3671 ι
830 3622 951 3691 Ζωῇ
981 3620 1041 3672 οὐ
1072 3617 1313 3690 (ﬁdem?
1372 3618 1557 3683 πάσας
1594 3617 1694 3682 τὰς

126 3712 327 3784 ἀνομίας
376 3713 589 3777 ταύτας
644 3711 888 3783 ἐποίησε,
933 3711 1147 3781 θανάτῳ
1173 3710 1557 3764 ἀποθανεῖται·
1631 3710 1693 3764 τὸ

126 3798 241 3876 αἷμα
266 3806 437 3860 αὐτοῦ
480 3807 566 3859 ἐπ’
594 3805 756 3859 αὐτὸν
802 3804 973 3859 ἔσται’
1034 3805 1127 3857 καὶ
1168 3804 1424 3876 ὲρεῖται⁸·
1466 3804 1547 3858 ὅτι
1578 3802 1690 3876 (75)

125 3898 205 3952 οὐκ
229 3899 417 3954 ἔλαϐεν
449 3900 477 3953 ὁ
505 3898 620 3962 υίὸς
645 3898 745 3970 τὴν
774 3895 986 3951 ἀδικίαν
1013 3896 1106 3949 τοῦ
1136 3896 1361 3969 πατρὸς,
1407 3895 1441 3968 ἢ
1486 3896 1586 3969 τὴν
1615 3896 1693 3951 δι-

125 3992 390 4065 καιοσύνην
447 3991 632 4054 αὐτοῦ,
666 3990 1014 4062 δικαιοσύνην
1043 3991 1135 4044 καὶ
1167 3990 1312 4053 ἔλεος
1342 3988 1687 4060 πεποιηκώς;

122 4082 199 4137 καὶ
221 4087 362 4158 ἐρεῖς
390 4085 600 4148 αὐτοῖς·
643 4084 707 4139 Ἦ
734 4083 879 4157 ψυχὴ
907 4085 940 4155 ἡ
972 4083 1360 4155 ἁμαρτάνουσα
1389 4081 1525 4153 αὐτὴ
1552 4083 1689 4135 ἀπο-

122 4174 352 4232 θανεῖταιο
402 4177 523 4241 υἱὸς
552 4177 612 4230 οὐ
638 4177 864 4249 λήψεται
894 4177 1105 4231 ἀδικίαν
1134 4174 1358 4247 πατρὸς,
1389 4174 1482 4229 καὶ
1509 4174 1690 4247 πατὴρ

119 4270 169 4323 οὐ
192 4272 415 4345 λήψεται
450 4271 661 4327 ἀδικίαν
691 4271 828 4324 υἱοῦ·
863 4267 1170 4340 δικαιοσύνη
1199 4268 1406 4322 δικαίου
1424 4268 1509 4320 ἐπ’
1527 4267 1688 4321 αὑτὸν

120 4361 271 4427 ἔσται,
300 4367 397 4420 καὶ
430 4364 635 4436 ἀνομία
664 4363 866 4435 ἀνόμου
897 4363 983 4415 ἐπ’
1010 4360 1172 4415 αὐτὸν
1189 4358 1361 4413 ἔσται.
1388 4378 1406 4409 ι
1441 4359 1551 4413 Καὶ
1571 4362 1687 4430 μετ’

119 4456 253 4525 ὀλίγα
292 4456 485 4530 φησίν.
552 4475 569 4508 ς
619 4452 709 4509 Ἕν
754 4455 832 4527 τῷ
860 4452 1198 4523 ἀποστρέψαι
1242 4452 1447 4505 δίκαιον
1488 4453 1552 4505 ὲκ
1590 4452 1688 4522 τῆς

1794 3239 1975 3287 autem
2013 3231 2106 3302 qui
2143 3229 2311 3285 fuerit
2344 3229 2567 3298 justus,
2618 3227 2716 3298 qui
2764 3226 2955 3282 fecerit
2998 3227 3270 3297 judicium
3315 3238 3371 3285 et

1788 3324 2060 3394 justitiam
2088 3324 2132 3389 ",
2170 3342 2188 3375 ι
2216 3330 2269 3377 et
2299 3321 2558 3391 deinceps
2589 3319 2816 3390 reliquis
2845 3321 3138 3376 virtutibus
3170 3320 3369 3377 additis

1794 3415 2107 3477 concludit,
2139 3414 2329 3470 dicens
2356 3433 2369 3468 :
2402 3433 2420 3465 ι
2450 3412 2755 3482 Hicjustus
2789 3420 2908 3480 est;
2938 3412 3049 3465 vita
3083 3412 3257 3475 vivet,
3293 3414 3369 3467 ait

1791 3507 2004 3562 Adonai
2034 3507 2320 3562 Dominus.
2352 3505 2509 3571 Quod
2544 3505 2589 3559 si
2624 3503 2873 3575 genuerit
2901 3503 3073 3558 ﬁlium
3106 3506 3369 3574 pestilen—

1793 3607 1938 3665 tem,
1984 3598 2348 3655 eﬂ'undentem
2399 3597 2762 3668 sanguinem;
2814 3592 2870 3649 in
2913 3595 3002 3648 via
3045 3596 3216 3665 patris
3273 3598 3359 3651 sui

1790 3692 1927 3763 justi
1967 3708 2078 3747 non
2124 3692 2459 3754 ambulavit,
2512 3709 2531 3742 ι
2573 3696 2629 3746 et
2670 3689 2954 3760 sequentia
2996 3689 3364 3760 subjungens.

1792 3791 2069 3856 postremo
2100 3783 2284 3839 subdit
2311 3802 2323 3838 :
2355 3800 2375 3834 ι
2406 3781 2529 3837 Vita
2557 3797 2668 3837 non
2701 3782 2846 3838 vivet
2874 3800 2888 3836 :
2920 3796 3112 3836 omnes
3135 3781 3232 3836 has
3260 3781 3367 3835 ini-

1789 3878 2031 3948 quitates
2055 3875 2221 3943 fecit;
2253 3882 2431 3931 morte
2456 3875 2724 3930 morietur
2750 3893 2763 3929 :
2795 3874 3024 3946 sanguis
3048 3874 3168 3945 ejus
3201 3890 3366 3945 super

1793 3969 1972 4039 ipsum
2022 3968 2167 4033 erit;
2219 3975 2272 4022 et
2310 3964 2546 4023 dicetis:
2588 3966 2769 4033 Quare
2803 3982 2917 4021 non
2961 3968 3175 4037 accepit
3219 3966 3365 4023 titius

1790 4061 2134 4132 iniquitatem
2191 4060 2364 4129 patris
2408 4068 2502 4113 aut
2531 4059 2801 4129 justitiam
2833 4059 2983 4128 ejus,
3008 4059 3282 4129 justitiam
3312 4069 3368 4115 et

1790 4153 2224 4209 misericordiam
2255 4153 2558 4222 operatus!
2585 4150 2653 4205 Et
2678 4152 2829 4207 dices
2857 4152 2938 4208 eis
2965 4167 2978 4204 :
3013 4150 3208 4207 Anima
3236 4168 3365 4223 pec-

1789 4263 1959 4313 cans,
1994 4247 2115 4317 ipsa
2146 4245 2455 4300 morietur:
2498 4243 2647 4300 ﬁlius
2684 4259 2795 4299 non
2831 4244 3064 4314 accipiet
3101 4245 3364 4316 iniquita-

1789 4348 1899 4396 tem
1933 4340 2143 4410 patris;
2176 4345 2229 4393 et
2261 4344 2412 4407 pater
2442 4351 2553 4390 non
2589 4337 2820 4407 accipiet
2852 4337 3193 4407 iniquitatem
3224 4336 3360 4389 ﬁlii:

1788 4432 2004 4502 justitia
2031 4429 2167 4501 justi
2199 4442 2364 4499 super
2397 4428 2578 4498 ipsum
2611 4428 2750 4491 erit,
2790 4435 2843 4482 et
2882 4426 3149 4498 iniquitas
3184 4428 3362 4498 iniqui

119 4546 447 4623 δικαιοσύνης
474 4548 660 4613 αὐτοῦ,
688 4549 782 4603 καὶ
810 4547 1021 4618 ποιήσει
1040 4544 1271 4608 ἀδικίαν,
1304 4545 1474 4597 πᾶσαι
1502 4544 1611 4617 (74)
1628 4546 1685 4598 αἱ

1797 4541 1957 4596 super
1989 4525 2168 4595 ipsum
2197 4524 2301 4578 erit
2322 4522 2365 4576 ’.
2400 4541 2418 4573 ι
2444 4521 2511 4574 Et
2541 4521 2705 4591 paulo
2734 4528 2891 4590 post:
2917 4538 2935 4571 ι
2959 4521 3119 4585 Cum,
3151 4523 3361 4591 inquit,

116 4639 434 4699 δικαιοσύναι
459 4640 646 4707 αὐτοῦ,
672 4639 815 4695 κατά
838 4640 1018 4701 πάσας
1038 4638 1135 4702 τὰς
1154 4636 1383 4707 ἀνομίας
1406 4634 1592 4698 αὑτοῦ,
1618 4636 1684 4700 ἃς

1790 4618 2048 4675 averterit
2069 4631 2128 4672 se
2146 4615 2331 4685 justus
2352 4628 2382 4667 a
2399 4613 2613 4683 justitia
2643 4628 2774 4679 sua,
2798 4622 2852 4667 et
2883 4612 3071 4668 fecerit
3098 4614 3363 4683 iniquita-

179 4778 193 4811 ¹
224 4781 383 4852 ξιον.
421 4798 476 4848 v,
513 4781 595 4835 22.
678 4782 699 4812 ²
731 4780 833 4852 lsa.
869 4794 1002 4840 an,
1034 4780 1122 4852 [Ι.
1158 4774 1381 4852 ‘_lgnat.
1414 4779 1669 4852 interpol.

1808 4779 2027 4852 Smyrn.
2070 4780 2124 4835 9.
2201 4776 2549 4852 δΜιλῑιὶικιτ(2
2592 4775 2682 4830 12.
2758 4773 2997 4831 I'Matth.
3059 4790 3234 4841 xviri,
3270 4775 3359 4832 14.

175 4851 195 4882 ⁶
219 4850 374 4908 Deut.
440 4846 635 4916 xxviii,
698 4846 783 4915 15,
810 4852 900 4906 44.
975 4852 995 4882 ⁷
1034 4846 1258 4905 Ειοοιιῖ
1291 4860 1425 4904 xm!
1447 4890 1461 4913 ,
1487 4850 1544 4905 2.

1651 4854 1673 4881 ³
1703 4852 1746 4905 ι.
1774 4847 1967 4923 ἐρεῖτε.
2004 4852 2025 4883 ⁹
2052 4848 2407 4913 Anastasius,
2439 4847 2573 4902 ibid.

1410 4984 1774 5080 VARIORUM
1807 4990 1936 5046 ΝΟἸ
1952 4990 2043 5051 ΑΞ.

174 5101 278 5178 (67)
310 5108 615 5175 Ἔχοντες.
666 5106 816 5162 Alter
859 5105 1008 5178 addit
1051 5123 1065 5159 :
1105 5103 1273 5178 Φησὶν
1318 5103 1348 5154 ὁ
1389 5102 1580 5178 Σωτὴρ
1621 5104 1680 5157 ὲν

1797 5104 2134 5177 interpretes,
2167 5107 2404 5178 νοσοῦσι,
2434 5107 2528 5161 καὶ
2543 5097 2907 5178 κινδυνεύουσι
2937 5103 3031 5178 κμα),
3060 5100 3363 5178 σφαλλομέ-

116 5174 479 5303 pagatim,
508 5180 602 5232 καί
631 5177 812 5241 πάλιν,
842 5176 1047 5230 omisso
1079 5174 1222 5245 quod
1249 5174 1498 5243 sequitur
1532 5174 1681 5226 ἐπει-

116 5263 184 5303 oa.
259 5262 395 5303 ιειι.

115 5263 163 5306 οη
173 5288 184 5298 .
215 5262 370 5306 υιειι
379 5290 395 5303 .

433 5318 537 5373 τοῦ
566 5318 751 5387 λόγου
780 5314 1015 5384 διδαχῇ.
1042 5316 1226 5387 Potest
1249 5330 1466 5385 quoque
1485 5313 1679 5387 referri

116 5385 575 5458 stipi-accedentia,
597 5385 724 5452 τοὺς
749 5387 1143 5457 πλησιάζοντας
1171 5386 1395 5458 ἀδίκοις,
1430 5385 1680 5458 ponendo

116 5456 364 5531 virgulam
402 5466 525 5531 post
555 5459 760 5529 διδαχῇ,
792 5456 851 5511 ut
876 5458 1230 5529 signiﬁcetur,
1255 5457 1399 5531 quod
1424 5457 1559 5531 justi
1581 5456 1677 5531 qui

119 5526 300 5597 iniqiiis
328 5526 682 5584 familiariter
696 5526 954 5590 utuntur,
994 5543 1103 5595 quo
1131 5543 1226 5582 eos
1253 5529 1311 5581 in
1336 5527 1553 5596 pietatis
1583 5526 1670 5578 of-

118 5598 236 5653 ficiis
284 5604 597 5664 instruant;
646 5615 755 5653 non
804 5600 1161 5668 inquinentur
1207 5614 1329 5653 cum
1388 5598 1519 5659 illis,
1569 5611 1672 5650 nec

119 5680 323 5734 peccato
372 5686 563 5725 eorum
597 5670 944 5741 participem.
983 5670 1254 5741 Atqueca
1296 5669 1671 5738 interpretatio

1783 5195 1914 5248 νοις,
1934 5172 2040 5231 ’καὶ
2056 5178 2179 5231 ὅσον
2207 5172 2316 5232 οἷόν
2343 5196 2401 5231 τε
2433 5181 2498 5248 τῇ
2530 5176 2846 5246 παραινέσει
2893 5173 2986 5227 τοῦ
3014 5173 3173 5242 λόγου
3207 5172 3362 5240 ὑγιᾶ-

1784 5246 1894 5312 ζειν
1922 5248 2139 5312 αὐτούς.
2169 5249 2306 5303 Cor.

1876 5317 1967 5452 69)
2002 5319 2151 5385 Ταῖς.
2184 5319 2349 5373 Addit
2378 5326 2606 5441 utergue
2636 5315 2833 5371 αὐτῶν.
2861 5314 3027 5369 (Itan.

1876 5389 1943 5442 70
2003 5391 2297 5452 Ὄμερακα.
2329 5389 2479 5443 Alter
2540 5404 2777 5452 μιρακας.
2814 5387 2890 5444 In.

1876 5387 1967 5452 70)
2003 5391 2297 5458 Ὄμφακα.
2329 5389 2479 5443 Alter
2504 5387 2777 5458 όμφακας.
2814 5387 2890 5458 In.

1853 5451 1965 5528 (71)
2004 5451 2145 5512 "Erl.
2180 5460 2349 5514 Abest
2387 5461 2497 5513 haec
2524 5451 2788 5528 particula
2821 5457 2888 5509 ab
2919 5462 3172 5528 utroque.
3208 5451 3262 5507 in

1849 5524 1963 5599 (7'2)
1999 5529 2181 5595 Αὺτή.
2215 5530 2361 5599 Αὐτὴ
2391 5529 2482 5582 καί
2514 5524 2675 5582 habet
2696 5528 2832 5599 alter
2857 5526 3049 5580 codex.
3076 5524 3152 5579 In.

1848 5596 1962 5669 (75)
1991 5601 2130 5653 Ὅτι.
2162 5596 2447 5655 Οηιὶιιῖιυιι
2470 5599 2523 5652 in
2557 5615 2684 5653 uno.
2712 5596 2787 5653 lo.

1849 5666 1961 5741 (74')
2006 5669 2222 5724 Πᾶσαι.
2276 5670 2400 5725 lizec
2430 5685 2554 5741 ναξ,
2605 5684 2729 5724 cum
2771 5668 2950 5724 tribus
2996 5666 3354 5736 sequentibus

121 5755 241 5811 nunc
274 5742 458 5810 magis
478 5737 671 5809 placet,
707 5742 777 5794 ob
800 5737 877 5794 ea
907 5754 1027 5811 qua:
1055 5737 1219 5811 paulo
1242 5747 1365 5793 ante
1394 5737 1671 5808 penuntur
1777 5737 2049 5795 mnittitur
2129 5742 2183 5795 in
2216 5748 2465 5811 utroque.
2501 5737 2579 5793 In.

120 5810 216 5862 sic:
248 5814 339 5865 Δεῖ
364 5812 427 5864 δὲ
456 5814 597 5884 ἡμᾶς
624 5811 833 5882 βοηθεῖν
854 5815 963 5874 τοῖς
986 5810 1221 5874 συνοῦσι,
1254 5820 1363 5874 aut,
1394 5818 1451 5863 ut
1487 5811 1669 5879 legunt
