3936 6342
160 308 254 365 625

1043 301 1641 366 CONSTITUTIONES
1673 304 2369 362 APOSTOLICIE.—LIB.
2409 310 2475 363 ll.

3252 318 3357 372 69.6

152 418 347 490 Κυρίου,
388 414 482 468 καὶ
521 412 786 486 φαυλίσῃς
814 412 979 467 αὑτοῦ
1008 414 1068 467 τὸ
1095 414 1264 486 ὄνομα
1319 414 1380 467 τὸ
1420 414 1605 468 καινὸν
1634 415 1694 468 τὸ

1798 418 1947 472 illius
1973 417 2287 488 impositum
2312 430 2423 484 est,
2454 423 2558 477 vile
2585 422 2816 487 habeas,
2849 434 2903 480 et
2931 428 3047 498 ipse
3082 429 3224 485 feras
3256 448 3328 502 op

149 515 213 574 είς
234 509 316 560 τὸν
342 505 466 560 λαὸν
507 505 672 558 αὑτοῦ
715 505 981 571 ὲπιτεθὲν,
1012 508 1107 559 καὶ
1137 508 1495 583 ὀνειδισθήσῃ,
1524 510 1691 563 καθά-

145 620 234 673 περ
261 600 346 653 καὶ
372 600 421 652 οἱ
449 598 668 651 παλαιοὶ
696 598 973 669 ποιμένες,
1018 600 1147 672 ’περὶ⁸
1174 593 1248 653 ὧν
1294 600 1475 669 ἔλεγεν
1501 603 1530 654 ό
1563 602 1693 669 Θεὸς

144 694 207 765 τῷ
242 691 486 763 Ἱερεμίᾳ·
536 707 555 742 ι
591 691 852 761 Ποιμένες
893 690 1076 745 πολλοὶ
1107 691 1416 764 διέφθειραν
1453 693 1544 746 τὸν
1588 695 1694 765 ἀμ-

142 783 330 838 πελῶνὰ
360 799 485 854 μου,
514 782 778 853 ἐμόλυναν
807 782 905 854 τὴν
952 782 1316 855 κληρονομίαν
1349 802 1472 855 μου.
1512 804 1531 838 ι
1585 787 1694 840 Καὶ

142 879 190 929 ἑν
214 876 401 939 ἄλλοις·
438 894 458 927 ι
509 875 631 927 Ἐπὶ
656 876 782 938 τοὺς
823 876 1087 946 ποιμένας
1115 875 1441 948 παρωξύνθη
1467 878 1496 930 ὁ
1525 877 1693 948 θυμός

141 987 248 1039 μου,
290 967 383 1020 καὶ
421 966 516 1019 ἐπὶ
554 967 681 1031 τοὺς
722 967 929 1038 ἀμνοὺς
959 967 1377 1040 ὀργισθήσομαι.
1419 987 1439 1022 ι
1484 970 1595 1022 Καὶ
1633 971 1692 1023 ὲν

139 1060 338 1130 ἑτέροις·
393 1078 415 1111 ι
463 1059 651 1129 Ὑμεῖς
690 1060 741 1113 οἱ
772 1060 934 1132 ἱερεῖς
964 1061 1015 1113 οἱ
1060 1061 1408 1131 φαυλίζοντες
1434 1062 1496 1117 τὸ
1521 1062 1693 1135 ὄνομά

139 1170 296 1225 μου.)

626 1266 1020 1322 ΚΕΦᾹΛΑΙΟΝ
1058 1270 1173 1336 ις’.

136 1405 252 1476 Περὶ
270 1407 613 1477 μετανοίας,
644 1401 740 1459 καὶ
760 1404 850 1470 τίς
868 1403 1060 1486 αὐτῆς
1087 1409 1119 1460 ὁ
1148 1408 1382 1475 τρόπος,
1408 1410 1505 1462 καὶ
1530 1410 1687 1479 ὅπως

698 1480 1098 1544 κατορθοῦται.

200 1609 332 1665 Ἰδὼν
361 1610 425 1663 δὲ
454 1611 519 1664 σὺ
547 1609 637 1663 τὸν
668 1610 1049 1681 ἡμαρτηκότα,
1086 1614 1405 1683 πικρανθεὶς
1432 1616 1686 1684 κέλευσον

131 1705 273 1760 αὑτὸν
300 1702 410 1767 ἐξω
440 1702 722 1773 βληθῆναι,
754 1702 847 1755 καὶ
866 1701 1134 1766 ἐξελθόντι
1163 1704 1309 1776 αὐτῷ
1333 1706 1375 1738 ¹⁶
1402 1707 1683 1778 ’πικραινέ-

1797 512 2078 582 probrium
2111 511 2568 587 quemadmodum
2607 522 2823 572 veteres
2860 518 2937 573 illi
2978 529 3258 591 pastores,
3292 525 3367 580 de

1792 604 1993 673 quibus
2024 604 2164 659 Deus
2191 604 2407 659 dicebat
2433 604 2682 662 Jeremia:
2708 628 2720 662 :
2753 629 2769 658 ι
2804 608 3057 667 Pastorcs
3082 617 3237 669 multi
3266 617 3358 673 de-

1790 703 2114 750 struxerunt
2141 697 2356 751 vineam
2387 712 2563 753 meam
2585 738 2599 761 ,
2644 701 2955 769 polluerunt
2990 705 3357 763 hazreditatem

1792 804 1967 842 meam
2012 790 2073 843 ¹³.
2110 808 2129 841 ι
2157 788 2223 843 Et
2272 789 2438 844 alibi:
2493 808 2511 840 ι
2546 790 2723 860 Super
2767 803 3019 864 pastores
3056 801 3359 859 concitatus

1792 888 1876 933 est
1901 879 2053 934 furor
2074 897 2248 943 meus.
2268 890 2322 935 et
2345 897 2509 952 super
2533 898 2704 954 agnos
2730 884 2940 941 irascar
2958 887 3021 943 “*.
3049 908 3067 940 ι
3096 888 3163 945 Et
3182 892 3316 947 alias
3340 912 3356 950 :

1796 989 1816 1023 ι
1848 970 1958 1031 Vos
1984 974 2337 1042 sacerdotes,
2367 973 2463 1047 qui
2489 975 2777 1047 despicitis
2803 994 3004 1036 nomen
3034 997 3216 1039 meum
3247 984 3310 1040 “.
3332 1005 3353 1039 ι

2374 1263 2604 1321 CAPUT
2643 1264 2782 1323 XVI.

1788 1398 1865 1453 De
1906 1399 2229 1468 pwnitentia,
2272 1409 2321 1454 et
2366 1401 2483 1471 quis
2520 1402 2666 1457 illius
2710 1404 2913 1470 modus,
2961 1415 3011 1459 et
3056 1424 3155 1476 quo
3205 1424 3357 1479 pacto

2405 1482 2707 1543 peragatur.

1856 1604 1992 1660 Cum
2048 1604 2249 1661 videris
2281 1606 2519 1677 aliquem
2570 1609 2887 1680 deliquisse,
2936 1614 3133 1670 acerbe
3175 1614 3356 1674 ferens

1784 1696 1916 1771 jube
1943 1713 2066 1753 eum
2099 1697 2222 1768 ejici
2252 1698 2436 1767 foras;
2471 1716 2579 1771 quo
2606 1711 2842 1758 exeunte
2882 1705 3099 1762 diaconi
3130 1710 3356 1766 moleste

133 1798 319 1850 σθωσαν
348 1796 402 1848 οι
433 1795 691 1857 διάκονοι,
726 1796 818 1848 καὶ
862 1792 1246 1867 ἐπιζητοῦντες
1317 1799 1688 1870 κατεχέτωσαν

1790 1788 1954 1843 etiam
1990 1788 2188 1855 ferant,
2233 1797 2287 1845 et
2314 1790 2636 1860 inquisitum
2659 1792 2943 1851 detineant
2978 1808 3132 1852 extra
3176 1801 3354 1857 eccle-

131 1889 269 1943 αὐτὸν
298 1887 406 1952 ἔξω
436 1888 535 1959 τῆς
564 1885 880 1957 ἐκκλησίας,
909 1888 1005 1940 καὶ
1046 1886 1375 1952 εἰσελθόντες
1415 1890 1554 1961 ὑπὲρ
1584 1890 1679 1945 αὒ-

127 1980 206 2034 τοῦ
234 1998 289 2034 σε
317 1980 433 2052 (80)
468 1980 845 2051 ἐρωτάτωσαν.
878 1981 985 2033 Καὶ
1015 1979 1123 2051 γὰρ
1151 1981 1290 2051 ὑπὲρ
1309 1981 1415 2034 τῶν
1446 1983 1687 2055 ἡμαρτη-

131 2074 280 2127 κότων
308 2076 335 2128 ὁ
362 2074 561 2144 Σωτὴρ
600 2073 691 2125 τὸν
736 2072 956 2143 Πατέρα
983 2070 1158 2141 ἠξίου,
1186 2074 1262 2135 ὡς
1293 2075 1597 2143 γέγραπται
1625 2076 1684 2128 ὲν

129 2166 194 2235 τῷ
218 2164 553 2235 Εὺατγελίῳ·
590 2184 613 2233 ι
645 2163 845 2236 Πάτερ,
868 2164 1003 2233 ἄφες
1036 2165 1237 2226 αὐτοῖς,
1256 2165 1317 2217 οὐ
1346 2164 1456 2236 γὰρ
1482 2166 1684 2220 οἴδασιν

130 2254 396 2309 amcam.
438 2275 456 2308 ι
491 2256 625 2308 Τότε
673 2256 737 2308 σὺ
770 2255 1041 2334 κελεύσεις
1082 2254 1340 2309 εἰσελθεῖν
1376 2258 1556 2323 αὑτὸν,
1593 2260 1685 2313 καὶ

126 2349 408 2419 ἀνακρίνας
439 2351 487 2401 εί
523 2350 791 2419 μετανοεῖ,
822 2349 914 2402 καὶ
944 2347 1090 2412 ἄξιός
1120 2349 1266 2401 ἐστιν
1295 2351 1373 2412 είς
1392 2350 1685 2421 ἐκκλησίαν

125 2441 253 2503 ὅλως
294 2440 731 2512 παραδεχθῆναι,
787 2438 1056 2503 πιὸὡσας
1113 2440 1276 2495 αὑτὸν
1328 2441 1538 2512 ἡμέρας
1591 2461 1685 2515 νη-

126 2534 303 2587 στειῶν
343 2534 456 2604 (81)
498 2533 641 2587 κατὰ
682 2534 742 2587 τὸ
783 2533 1107 2605 ἁμάρτημα,
1156 2533 1455 2605 ἑϐδομάδας
1493 2535 1606 2599 δύο,
1650 2536 1683 2607 ἢ

128 2629 277 2695 τρεῖς,
297 2626 329 2696 ἦ
351 2626 539 2689 πέντε,
568 2626 601 2696 ἢ
633 2625 795 2689 ἑπτὰ,
827 2624 1001 2688 οὕτως
1028 2624 1188 2678 αὐτὸν
1207 2625 1493 2689 ἀπόλυσον,
1517 2626 1685 2681 εἰπὼν

126 2717 256 2787 αὑτῷ
296 2718 400 2770 ὅσα
447 2714 677 2787 ἁρμόζει
718 2718 1062 2789 ἡμαρτηκότι
1108 2719 1187 2782 είς
1241 2718 1519 2772 νουθεσίαν
1562 2720 1685 2772 ἐπι-

129 2810 419 2880 πλήσσοντα
448 2808 721 2864 διδάσκειν
749 2812 840 2864 καὶ
871 2814 1176 2882 παραινεῖν,
1206 2811 1353 2875 ὅπως
1377 2812 1535 2885 μείνῃ
1558 2814 1686 2883 παρ’

1788 1880 1954 1947 siam;
1978 1890 2275 1953 posteaque
2295 1883 2548 1955 ingressi,
2572 1886 2807 1956 proipso
2838 1897 3028 1958 rogent
3045 1899 3114 1944 te.
3142 1889 3352 1947 Etenim

1788 1971 2036 2028 Salvator
2086 1990 2186 2045 pro
2228 1973 2606 2045 peccatoribus
2659 1976 2872 2034 Patrem
2923 1981 3135 2049 oravit,
3192 1992 3249 2037 ut
3297 1985 3353 2040 in

1791 2065 2077 2140 livangelio
2105 2067 2370 2139 scriptum
2394 2077 2476 2123 est
2511 2089 2525 2124 :
2560 2086 2578 2119 ι
2611 2068 3019 2131 Pater,dimitte
3048 2073 3195 2141 illis;
3244 2092 3351 2130 non

1784 2161 1929 2215 enim
1958 2160 2287 2231 sciuntquid
2320 2159 2526 2215 faciunt
2551 2162 2613 2215 ".
2641 2181 2658 2213 ι
2694 2161 2847 2216 Tunc
2873 2163 3091 2232 jubebis
3120 2181 3243 2220 eum
3266 2167 3353 2220 in-

1784 2260 1932 2307 trare
1962 2272 1974 2307 :
2008 2260 2062 2308 et
2090 2253 2343 2308 examine
2389 2251 2557 2318 farto,
2601 2269 2670 2307 an
2717 2253 2953 2308 ducatur
2996 2257 3350 2325 pcenitentia,

1785 2343 2091 2415 dignusque
2114 2345 2186 2399 sit
2212 2344 2308 2416 qui
2342 2344 2397 2399 in
2436 2344 2727 2399 ecclesiam
2758 2347 2980 2402 omnino
3003 2346 3353 2416 admittatur;

1785 2437 2041 2491 amictum
2070 2437 2297 2507 jejuniis
2331 2454 2419 2508 per
2454 2436 2573 2491 dies
2601 2436 3065 2494 hebdomadarum
3093 2449 3187 2496 aut
3216 2443 3353 2495 dua-

1782 2544 1928 2593 rum,
1961 2539 2055 2583 aut
2078 2531 2265 2595 trium,
2301 2541 2394 2587 aut
2433 2533 2697 2604 quinque,
2741 2541 2834 2586 aut
2873 2541 3098 2603 septem,
3134 2550 3232 2604 pro
3268 2552 3355 2589 ra-

1782 2625 1931 2679 tione
1960 2624 2180 2693 delicti;
2214 2625 2287 2679 ita
2320 2625 2471 2679 illum
2517 2625 2782 2689 dimittes,
2825 2641 2889 2680 ea
2920 2626 3133 2681 loeutus
3174 2643 3294 2695 quae
3321 2644 3351 2681 a

1785 2716 2113 2787 castigatore
2153 2717 2448 2773 salubriter
2500 2717 2685 2772 doceri
2740 2725 2821 2770 ac‘
2850 2720 3059 2773 moneri
3100 2720 3353 2774 convenit

1786 2816 2164 2877 peccatorem;
2196 2824 2305 2879 quo
2334 2808 2475 2879 apud
2502 2824 2561 2865 se
2585 2808 2864 2879 humiliter
2888 2818 3123 2873 maneat,
3158 2808 3350 2874 Deum,

126 2902 281 2972 ἑαυτῷ
312 2901 777 2972 ταπεινοφρονῶν,
816 2904 912 2956 καὶ¹
937 2902 1186 2973 δεόμενος
1213 2902 1308 2956 τοῦ
1339 2902 1473 2979 Θεοῦ
1502 2906 1683 2972 τυχεῖν

1786 2908 1845 2955 ιιι
1871 2901 1943 2955 sit
1972 2901 2079 2955 sibi
2102 2902 2396 2971 propitius,
2423 2900 2746 2971 deprecans,
2772 2916 2836 2955 ac
2860 2902 3048 2958 dicens
3072 2922 3083 2956 ε
3117 2922 3141 2954 ι-
3168 2900 3225 2957 Si
3251 2904 3354 2957 ini-

126 2994 267 3047 αὑτοῦ
292 2994 560 3068 εὐμενοῦς
591 2994 726 3067 (82),
756 2997 851 3049 καὶ
906 2995 1104 3063 λέγειν’
1141 2996 1185 3027 ⁸⁸
1221 3016 1241 3048 ί
1289 2994 1413 3049 Ἐὰν
1459 2997 1687 3068 ἀνομίας

1786 2994 2023 3063 quitates
2050 2994 2450 3059 observaveris,
2486 2992 2734 3055 Domine,
2782 2993 3029 3059 Domine,
3061 2996 3186 3064 quis
3224 3011 3351 3050 sus-

126 3088 495 3158 παρατηρήσῃ,
536 3087 728 3158 Κύριε,
780 3086 975 3159 Κύριε,
1029 3088 1114 3152 τίς
1164 3089 1562 3160 ὑποστήσεταις
1604 3089 1684 3143 ὅτι

1789 3086 2019 3141 tincbit?
2042 3084 2313 3152 Quoniam
2355 3086 2496 3156 apud
2535 3095 2585 3139 te
2611 3085 2935 3156 propitiatio
2961 3094 3045 3140 est
3067 3086 3129 3140 ".
3166 3106 3184 3139 ι
3219 3087 3351 3142 Nam

128 3176 256 3246 παρὰ
288 3180 368 3230 σοὶ
394 3182 427 3232 ὁ
462 3157 685 3248 ἱλασμός
714 3179 849 3233 ἐστι.
872 3157 908 3230 Ἴ»
934 3178 1182 3233 Τοιοῦτον
1204 3180 1311 3252 γάρ
1336 3157 1388 3233 τι
1420 3182 1686 3251 ὑπεμφαί-
1711 3182 1712 3193 ¹

1786 3178 1895 3232 tale
1918 3178 2046 3248 quid
2072 3178 2251 3232 innuit
2273 3178 2407 3231 illud
2434 3193 2673 3248 quoque,
2705 3177 2851 3247 quod
2881 3177 2933 3230 in
2960 3177 3154 3234 Genesi
3181 3178 3353 3235 Caino

125 3285 191 3319 νει
216 3271 303 3322 καὶ
332 3270 395 3322 τὸ
426 3272 488 3321 ὲν
508 3274 575 3340 τῇ
599 3271 810 3324 Γενέσει
830 3271 1116 3342 εἰρημένον
1135 3271 1211 3343 τῷ
1230 3273 1388 3326 Καῖν·
1416 3291 1434 3324 ι
1466 3274 1685 3344 Ἥμαρ-

125 3375 229 3423 τες;
272 3361 586 3432 ἡσύχασονο
620 3382 637 3413 ι
688 3363 951 3425 τουτέστι,
1003 3364 1077 3434 μὴ
1129 3363 1387 3435 προσθῇς.
1425 3365 1543 3417 Ὅτι
1574 3364 1683 3436 γὰρ

123 3450 199 3504 τὸν
224 3453 628 3525 ἁμαρτήσαντα
655 3455 733 3508 δεῖ
760 3456 899 3526 ὑπὲρ
931 3455 1024 3508 τοῦ
1053 3457 1251 3509 οίκείου
1281 3456 1681 3527 πλημμελήμα-

121 3559 197 3607 to;
237 3547 617 3616 αἰσχύνεσθαι,
662 3548 843 3601 ἱκανὸν
890 3548 950 3601 τὸ
983 3548 1160 3617 λόγιον
1204 3549 1282 3620 τῷ
1325 3550 1512 3603 Mum-si
1541 3550 1682 3619 ὑπὲρ

120 3637 317 3708 Μαρίας
345 3639 666 3711 είρημένον,
696 3641 858 3710 ἡνίκα
882 3640 1037 3712 ἠξίου
1066 3640 1329 3713 ἀφεθῆναι
1357 3642 1515 3713 αὐτῇ·
1546 3643 1681 3713 Φησὶ

120 3728 213 3798 γὰρ
239 3731 387 3802 αὐτῷ
418 3734 452 3784 ὁ
478 3730 632 3795 Θεός’
683 3750 701 3783 ι
728 3732 791 3785 Et
820 3734 850 3785 ὁ
876 3732 1058 3804 πατὴρ
1077 3733 1245 3803 αὐτῆς
1265 3732 1447 3787 πτύων
1467 3733 1685 3786 ἐνέπτυ-

118 3838 196 3874 σεν
219 3826 296 3888 είς
321 3825 387 3878 τὸ
418 3824 714 3895 πρόσωπον
740 3824 929 3895 αὐτῆς,
960 3825 1059 3877 οὐκ
1081 3823 1191 3895 (85)
1213 3824 1485 3896 ὲνετράπη
1507 3840 1521 3889 ;
1545 3823 1686 3877 ἑπτὰ

118 3913 311 3986 ἡμέρας
352 3916 711 3987 ἀφορισθήτω
757 3914 862 3979 ἔξω
878 3912 987 3986 ’τῆς
1016 3916 1384 3987 παρεμϐολῆς,
1428 3916 1519 3971 καὶ
1550 3914 1687 3986 μετὰ

115 4004 270 4061 ταῦτα
295 4005 692 4061 εἰσελεύσεται.
725 4025 742 4057 ι
775 4005 963 4070 Οὕτως
989 4003 1081 4060 οὖν
1114 4009 1207 4061 καὶ
1236 4010 1383 4079 ἡμᾶς
1410 4008 1526 4062 δέον
1570 4008 1693 4060 ἐστὶ

114 4100 291 4163 ποιεῖν,
318 4102 459 4163 τοὺς
496 4101 581 4168 ἐφ’
612 4099 886 4170 ἁμαρτίας
915 4098 1170 4168 λέγοντας
1212 4103 1516 4171 μετανοεῖν,
1550 4100 1684 4168 ἀερο-

169 4256 209 4286 ¹³
242 4257 355 4313 Jer.
392 4275 498 4325 xu,
538 4258 623 4313 10.
704 4259 747 4289 “
778 4258 945 4313 Zacb.
985 4277 1039 4322 ι,
1073 4260 1125 4314 ὅ.

118 4324 154 4355 ¹⁹
182 4325 267 4383 Ps.
296 4346 496 4383 cun.
530 4330 585 4385 5.
668 4330 715 4360 ’⁸
738 4329 872 4384 Gen.
906 4344 977 4396 ιν,
1014 4331 1045 4384 7
1087 4331 1228 4399 apud
1266 4329 1437 4385 LXX.

1788 3272 1990 3325 dictum
2021 3278 2106 3327 est
2145 3289 2161 3326 :
2213 3289 2231 3321 ι
2272 3269 2559 3325 Peccasti?
2589 3269 2823 3336 Quiesce
2880 3271 2987 3321 ὀὶ»
3038 3271 3089 3324 id
3138 3282 3242 3333 est,
3284 3288 3351 3326 ue

1788 3378 1979 3433 pergas
2008 3379 2252 3433 peccare.
2277 3365 2322 3398 ’ί
2348 3362 2503 3429 Quod
2530 3363 2674 3417 enim
2699 3378 2823 3416 eum
2851 3379 2945 3432 qm
2972 3362 3219 3433 deliquit,
3245 3381 3349 3434 pu-

1787 3455 1916 3510 dere
1946 3455 2112 3510 errati
2152 3455 2357 3526 preprii
2390 3462 2659 3524 oporteat,
2704 3455 2839 3509 satis
2867 3454 3204 3509 demonstrat
3226 3470 3352 3510 ora-

1787 3548 1971 3601 culum
2001 3547 2133 3602 illud
2165 3547 2302 3602 Mosi
2348 3548 2403 3602 in
2450 3562 2615 3624 causa
2666 3545 2847 3601 Maria:
2885 3546 3092 3612 datum,
3126 3561 3249 3600 cum
3294 3554 3355 3600 ut

1790 3640 1917 3693 huic
1971 3639 2375 3694 condonaretur
2404 3638 2495 3694 ille
2534 3645 2735 3693 oraret.
2765 3638 2854 3691 Ait
2883 3638 3027 3692 enim
3054 3636 3193 3692 Deus
3223 3638 3301 3691 illi
3333 3680 3347 3692 .

1793 3751 1811 3782 ι
1851 3731 1909 3785 Si
1950 3743 2104 3802 pater
2139 3732 2259 3801 ejus
2309 3748 2511 3801 spuens
2561 3730 2757 3786 fuisset
2803 3731 2856 3784 in
2896 3730 3088 3785 faciem
3165 3730 3347 3794 illius,

1788 3841 1966 3879 nonne
1995 3824 2338 3879 erubuisset?
2369 3822 2585 3894 Septem
2625 3823 2816 3877 diebus
2849 3829 3162 3893 segregetur
3195 3830 3353 3877 ostra

1786 3926 1986 3981 castra,
2014 3926 2068 3973 et
2095 3928 2280 3987 postea
2312 3917 2733 3988 ingredietur”.
2787 3935 2805 3967 ι
2846 3915 2937 3970 Sic
2977 3931 3105 3985 ergo
3155 3924 3209 3969 et
3246 3932 3348 3969 nos

1786 4026 2010 4065 necesse
2032 4018 2117 4065 est
2145 4009 2346 4073 facere,
2381 4004 2661 4072 nimirum,
2688 4024 2783 4063 eos
2813 4010 2905 4079 qui
2931 4024 2988 4063 se
3024 4009 3091 4061 de
3128 4017 3355 4077 peccato

1786 4117 1943 4172 agere
1973 4101 2349 4173 pteuitentiam
2382 4100 2726 4171 proﬁtentur,
2758 4117 2853 4170 per
2876 4108 3089 4170 tempus
3114 4116 3344 4170 propor—

1206 4262 1248 4291 ¹³
1280 4259 1403 4312 Mal.
1440 4276 1479 4322 ι,
1512 4258 1564 4311 6.
1645 4258 1689 4289 ¹⁶

1811 4257 2113 4323 ἐξελθόντος
2142 4260 2327 4313 αὑτοῦ.
2405 4260 2447 4291 ⁸⁷
2480 4260 2609 4315 Luc.
2656 4276 2809 4317 XXIII,
2843 4261 2931 4313 54.
3010 4260 3052 4290 ¹⁸
3084 4259 3120 4313 f.’
3153 4260 3344 4328 λέγων.

1537 4330 1579 4359 ¹¹
1641 4328 1853 4382 Citatur
1884 4331 1953 4384 ab
1979 4333 2269 4387 Anastasio
2297 4339 2490 4401 quaest.
2521 4330 2574 4385 6.
2653 4332 2695 4362 "
2732 4329 2894 4386 Num.
2924 4346 3023 4393 xu,
3054 4330 3139 4384 14.

1406 4485 1763 4543 VARIORUM
1796 4488 2029 4545 NOTAE.

310 4668 416 4722 Σέ.
452 4665 616 4722 Deest
647 4666 703 4720 in
738 4667 908 4721 altero
940 4665 1149 4722 codice.
1182 4663 1351 4719 Cum.

310 4668 416 4722 Σέ.
452 4668 616 4722 Deest
647 4668 703 4720 in
738 4668 908 4721 altero
940 4668 1149 4722 codice.
1182 4668 1351 4719 Cum.

168 4668 277 4807 (ἒς)
316 4734 899 4807 Ἠμέρᾳςνηστειῶν,
928 4752 981 4787 κ.
1004 4753 1053 4807 τ.
1070 4734 1119 4786 λ.
1138 4735 1303 4807 Aiunt
1325 4735 1425 4789 viri
1438 4734 1635 4789 eruditi
1657 4774 1671 4798 ,

107 4825 163 4862 ac
178 4806 454 4879 pluribus
484 4806 826 4879 documentis
851 4806 1240 4879 aggrediuntur
1260 4806 1670 4879 demonstrare,

109 4874 221 4934 ante
268 4876 527 4933 Montani
575 4877 844 4932 haeresim.
878 4874 987 4928 non
1018 4875 1112 4929 diu
1154 4876 1408 4929 exclusos
1450 4874 1669 4929 fuissea

104 4950 497 5003 communione
537 4947 909 5001 ecclesiastica
956 4953 1271 5014 peccatores
1306 4944 1671 5015 pmnitcntes;

108 5035 192 5086 per
219 5028 483 5088 tempora
528 5025 708 5071 autem
758 5019 899 5088 inter
943 5016 1256 5069 Montanum
1300 5013 1365 5069 ac
1394 5013 1669 5088 Novatum

109 5089 298 5153 Inedia,
329 5085 584 5143 crevisse
608 5087 974 5149 severitatem,
997 5100 1107 5139 non
1133 5093 1311 5138 tamen
1340 5085 1474 5139 adeo
1499 5096 1558 5139 ut
1582 5100 1671 5138 vc-

108 5176 197 5213 nne
239 5174 405 5214 mora
460 5157 736 5212 biennium
782 5170 1020 5224 unquam
1062 5154 1367 5210 excederet.
1420 5154 1530 5209 Nec
1572 5170 1673 5224 ego

109 5241 282 5285 contra
322 5227 525 5283 tendo.
552 5227 784 5281 Tantum
815 5226 959 5288 dico,
1005 5226 1148 5294 quod
1180 5224 1334 5280 fidem
1369 5240 1478 5279 non
1509 5240 1672 5293 supe-

110 5309 197 5363 ret,
230 5300 337 5355 hac
370 5313 597 5369 quoque
628 5297 682 5351 in
713 5306 864 5366 parte
879 5296 1119 5369 variasse
1150 5296 1517 5369 disciplinam.
1542 5294 1677 5369 Quis

109 5373 238 5423 unm
268 5364 465 5439 putet,
499 5364 686 5423 omnes
714 5364 831 5439 eos,
863 5367 958 5439 qui
1002 5366 1169 5439 semel
1204 5366 1467 5419 duntaxat
1500 5364 1677 5439 pretii-

110 5432 324 5494 teutiain
367 5439 585 5506 suscipi
626 5432 1029 5506 permittebant,
1079 5435 1239 5490 breve
1281 5432 1670 5506 tempus—defi-

112 5510 299 5565 trivisse
324 5509 400 5563 ad
429 5504 876 5563 satisfaciendum
906 5505 1125 5575 Deolprp
1155 5504 1406 5575 plurimis
1428 5504 1590 5559 etiam
1609 5518 1674 5557 ac

113 5579 460 5645 gravissimis
490 5578 737 5632 delictis?
769 5573 1033 5631 Praeterea
1060 5573 1375 5629 Victorinus
1398 5589 1678 5645 common-

114 5642 236 5703 tario
266 5652 325 5705 in
357 5648 770 5718 Apocalypsim,
802 5646 989 5718 nescio
1016 5646 1158 5718 unde
1183 5652 1482 5718 mutuatus,
1515 5642 1675 5718 Nico-

116 5720 245 5773 laitis
274 5714 442 5774 hunc
475 5714 710 5772 errorem
750 5716 941 5770 tribuit
981 5735 992 5770 :
1032 5714 1099 5767 Ut
1127 5717 1416 5784 quicunque
1444 5714 1674 5784 [arnica-

116 5797 185 5842 (ιιι
211 5802 372 5855 esset,
400 5796 592 5844 octava
618 5787 699 5842 die
725 5802 904 5857 pacem
930 5787 1203 5854 acciperet.
1227 5784 1415 5842 Plures
1441 5783 1673 5855 denique

1713 4675 1757 4730 Ι)
1784 4666 1862 4739 illi
1905 4668 2166 4739 episcopi,
2199 4667 2264 4739 ad
2287 4684 2427 4735 quos
2457 4667 2513 4722 S.
2540 4668 2846 4739 Cyprianus
2869 4668 3107 4739 destinat
3134 4669 3336 4739 episto-

1783 4737 1887 4789 lam
1913 4737 2002 4801 55,
2035 4736 2385 4802 dubitabant,
2418 4739 2471 4791 in
2515 4736 2679 4792 causa
2713 4738 2993 4791 favorabili
3027 4737 3189 4789 trium
3224 4738 3339 4806 lap-

1779 4822 1987 4869 sorum,
2018 4810 2110 4875 qui
2141 4822 2263 4860 cum
2291 4824 2486 4862 nomen
2512 4807 2724 4862 Domini
2754 4808 2986 4862 fuissent
3005 4805 3339 4868 confessi,et

1778 4892 2073 4937 carcerem,
2102 4877 2299 4937 minas.
2318 4893 2381 4931 ac
2404 4879 2572 4935 multa
2602 4879 2834 4939 diutina,
2871 4878 3208 4947 repetitaque
3227 4884 3338 4947 tor-

1778 4956 1981 5017 menta,
2013 4962 2110 5015 pro
2154 4946 2255 4999 fide
2302 4948 2356 5000 in
2387 4947 2666 5003 Christum
2698 4948 3070 5017 pertulissent,
3093 5016 3099 5017 γ
3120 4946 3337 5000 tandem

1777 5016 1997 5088 diritate
2025 5017 2364 5069 cruciatuum
2396 5019 2627 5081 subacti,
2670 5016 2735 5072 de
2764 5017 2933 5088 gradu
2966 5016 3153 5085 gloria:
3193 5017 3340 5070 deci-

1777 5085 1988 5149 derant,
2021 5094 2182 5156 atque
2214 5088 2280 5141 ab
2300 5104 2364 5141 eo
2394 5096 2634 5153 tempore
2659 5104 2751 5156 per
2771 5085 3074 5142 triennium
3101 5102 3129 5138 a
3170 5088 3343 5155 praui-

1780 5158 1946 5211 tentia
2006 5158 2212 5226 agenda
2271 5174 2377 5212 non
2426 5165 2813 5225 cessaverant;
2869 5156 3210 5219 dubitabant,
3261 5159 3343 5210 iu-

1777 5240 1961 5296 quam,
2000 5238 2177 5280 utrum
2229 5226 2310 5281 fas
2351 5232 2514 5287 esset,
2553 5243 2646 5280 eos
2682 5229 2864 5296 lapsos
2905 5226 2968 5279 ad
3004 5227 3343 5296 communio-

1780 5294 1902 5351 nem
1952 5298 2257 5358 admittere,
2305 5298 2651 5365 insuperque‘
2688 5294 2935 5352 volebant
2979 5310 3041 5347 ea
3080 5294 3146 5348 de
3189 5312 3340 5364 quie-

1781 5369 1961 5423 stione
1998 5367 2289 5422 concilium
2326 5366 2702 5435 episcoporum
2736 5368 2963 5436 agitari;
2994 5365 3339 5436 nonuclispari

1782 5439 1985 5507 vigore,
2017 5447 2179 5506 atque
2203 5432 2540 5507 conspicitur
2571 5443 2755 5507 postea
2776 5432 2881 5507 'ini
2926 5432 3229 5507 canonibus
3252 5450 3344 5507 syf

1778 5500 1904 5562 nodi
1953 5500 2289 5579 Ancy'ranze
2322 5500 2384 5559 ac
2443 5500 2588 5579 Petri
2643 5503 3018 5579 Alerandrini.
3083 5500 3215 5555 Vide
3273 5500 3340 5556 ad

1775 5595 2036 5633 cauonem
2069 5575 2421 5647 apostolicum
2457 5576 2542 5637 17,
2577 5593 2668 5630 seu
2698 5576 2786 5631 24.
2820 5575 2956 5647 Cor.

1844 5648 1953 5717 (8:2)
1984 5646 2305 5717 Εὐμενοῦς.
2335 5648 2481 5699 Alter
2509 5648 2676 5717 codex
2709 5646 2969 5717 εὐμενῶς.
3000 5646 3094 5701 CL.

1846 5650 1932 5711 (8:2
1984 5650 2305 5717 Εὐμενοῦς.
2335 5650 2481 5699 Alter
2509 5650 2676 5700 codex
2709 5650 2969 5715 εὐμενῶς.
3000 5650 3094 5701 CL.

1846 5650 1955 5789 (85)
1977 5722 2112 5774 Οὐκ.
2141 5717 2375 5787 Uterque
2402 5715 2689 5773 cod.Vind.
2722 5718 2819 5769 οὐκ
2847 5715 2931 5784 ἄν,
2954 5733 3059 5771 non
3084 5717 3240 5771 male.
3262 5714 3337 5773 la.
