3936 6342
208 370 317 427 629

1125 374 1721 435 CONSTITUTIONES
1761 382 2437 440 APOSTOLICAS.—LlB.
2478 387 2539 441 ll.

3341 398 3447 455 630

191 486 334 547 τεῒν,
381 486 715 550 ὐποπιέζειν,
765 488 978 543 πιὸοὖν
1013 492 1313 559 νηστείαις,
1355 492 1501 555 ὅπως
1540 494 1630 545 καὶ
1669 496 1751 545 τοί

1853 497 2227 553 conniventia
2274 513 2339 552 ac
2412 499 2632 554 silentio
2690 502 2997 570 praeterire;
3040 506 3286 575 quiniqu
3354 528 3445 566 arc

190 577 413 646 ἑτέροις
439 579 720 635 εὐλάϐειαν
759 583 1050 655 ἐμποιήσῃ.
1087 602 1105 634 ι
1144 584 1399 647 Εύλαϐεἴς
1435 584 1562 653 γὰρ,
1595 586 1777 655 φησὶν,

1881 605 2064 658 gnere,
2113 606 2356 654 monere,
2414 593 2793 661 comprimere,
2844 595 3070 664 jejuniis
3126 615 3443 674 macerare,

186 671 465 739 ποιήσατε
491 674 617 735 τοὺς
643 674 793 736 υἱοὺς
833 674 1064 745 Ἰσραήλ.
1105 694 1123 726 ι
1158 676 1279 748 Χρὴ
1307 676 1416 748 γὰρ
1443 677 1532 729 τὸν
1560 677 1751 730 ὲπίσκο

1879 698 1990 751 quo
2038 686 2219 739 caeteri
2250 686 2318 740 ad
2367 687 2471 742 sibi
2503 688 2803 744 cavendum
2842 691 3210 750 inducantur:
3253 714 3273 748 ι
3311 671 3449 753 Catt-

184 776 294 811 πον
330 763 423 816 καὶ
447 764 538 816 τὸν
567 766 846 835 ἀμαρτιῶν
875 767 1120 838 κωλυτὴν
1148 767 1235 820 διά
1262 769 1360 839 τῆς
1387 768 1667 832 νουθεσίας
1693 771 1779 839 γί-

189 854 410 919 νεσθαι,
450 858 545 910 καὶ
581 858 681 927 τῆς
726 857 1072 929 δικαιοσύνης
1110 860 1329 924 σκοπὸν,
1368 862 1460 914 καὶ
1498 861 1606 914 τῶν
1640 863 1778 932 ἡτοι-

188 949 497 1018 μασμένων
536 948 642 1002 ὑπὸ
676 947 811 1002 Θεοῦ
852 950 1070 1017 ἀγαθῶν
1109 952 1347 1022 κήρυκα,
1388 952 1479 1006 καὶ
1512 952 1610 1024 τῆς
1652 952 1776 1024 μελ-

1878 779 1963 827 tos
2011 776 2178 840 enim,
2226 777 2422 847 inquit,
2471 778 2637 833 facile
2673 780 2812 837 ﬁlios
2863 783 3081 840 Israelis
3133 787 3229 839 "-i
3282 788 3447 847 Decet

1878 866 2079 935 quippe
2136 870 2457 940 episcopum
2496 871 2819 927 delictorum
2876 878 3305 946 propulsatorem
3350 899 3444 952 per

1877 959 2301 1017 admonitionem
2346 963 2504 1029 eIIici,
2532 965 2762 1034 justitize
2803 969 3223 1037 speculatorem,
3268 973 3442 1029 bono-

184 1037 396 1109 λούσης
423 1040 591 1111 ὀργῆς
618 1041 676 1093 ἐν
702 1043 770 1111 τῇ
800 1042 977 1112 κρίσει
1004 1042 1379 1114 διαγγελτῆρα·
1411 1044 1559 1106 ὅπως
1582 1044 1655 1115 μὴ
1684 1062 1751 1098 κα

1874 1065 1997 1105 rum
2026 1067 2057 1106 a
2087 1051 2197 1107 Deo
2242 1066 2665 1125 pra-paratornm
2695 1074 3021 1128 praeconem,
3053 1073 3107 1118 et
3153 1064 3351 1122 futura:
3384 1069 3441 1124 in

179 1133 539 1203 ταφρονήσας
574 1133 671 1203 τῆς
715 1131 808 1186 τοῦ
859 1133 992 1187 Θεοῦ
1037 1136 1387 1207 φυτουργίας,
1434 1136 1640 1207 ἀκούσῃ
1684 1137 1751 1192 διξ

1868 1143 2077 1213 judicio
2106 1145 2194 1200 ira~
2218 1145 2687 1217 denuntiatorem;
2728 1166 2796 1207 ne
2827 1160 3135 1224 contempta
3166 1155 3259 1212 Dei
3288 1160 3444 1228 plan-

182 1222 477 1290 ἀμέλεια-ν,
507 1223 566 1277 τὸ
595 1225 655 1276 ἐν
682 1224 760 1296 τῷ
800 1225 957 1297 Ὠσηὲ
985 1227 1296 1299 είρημένοψ
1334 1246 1353 1278 ι
1383 1228 1497 1281 Ἵνα
1522 1228 1573 1281 τί
1604 1245 1772 1300 παρε-

182 1317 508 1389 σιωπησατε
536 1318 807 1384 ἀσέϐειαν,
865 1320 957 1374 καὶ
982 1320 1074 1373 τὸν
1102 1321 1314 1393 καρπὸν
1342 1322 1511 1393 αὐτῆς
1538 1322 1769 1393 ἐτρυγή-

185 1422 346 1475 σατες
385 1427 404 1461 ι

701 1568 1095 1624 ΚΕΦᾹΛΑῙΟΝ
1133 1573 1238 1623 III'.

183 1699 318 1752 Ὀτι
350 1702 603 1778 χρὴτύν
629 1703 968 1778 enlargon
990 1704 1337 1778 φροντίζειν,
1370 1709 1525 1775 ὅπως
1556 1713 1588 1763 ό
1615 1712 1764 1778 λαὸς

286 1770 377 1838 μὴ
412 1773 754 1842 πλημμελῇ,
787 1774 885 1830 διὰ
914 1770 1157 1830 τὸεῖναι
1185 1778 1371 1831 αὐτὸν
1398 1770 1650 1834 σκοπόν.

256 1910 483 1962 Πάντων
513 1906 604 1963 οὖν
633 1910 963 1982 φροπιζέτω
990 1914 1018 1965 ό
1057 1913 1375 1978 ἐπίσκοπος,
1414 1915 1507 1969 καὶ
1533 1914 1641 1969 τῶν
1688 1917 1764 1989 μὴ

176 2001 607 2072 ἡμαρτηκότων,
649 2003 734 2055 ἴνα
781 2004 1037 2074 μείνωσιν
1085 2005 1480 2078 ἀναμάρτητοι,
1533 2008 1764 2061 καὶτῶν

175 2094 631 2165 ἁμαρτανόντων,
672 2095 758 2148 ἵνα
796 2096 1117 2165 μετανοῶσι.
1154 2098 1316 2166 Λέγει
1353 2098 1461 2171 γὰρ
1496 2102 1525 2153 ὁ
1561 2099 1762 2173 Κύριος

176 2186 325 2257 πρὸς
364 2186 507 2255 ὑμᾶς
544 2184 675 2257 (95)’
733 2206 751 2238 ι
801 2188 991 2258 Ὁρᾶτε
1039 2189 1114 2261 μὴ
1153 2193 1597 2263 καταφρονήσητε
1643 2194 1761 2256 ἐνὸς

172 2278 293 2331 τῶν
323 2279 530 2349 μικρῶν
556 2278 777 2332 τούτων.
803 2298 821 2330 ι
856 2281 963 2333 Καὶ
993 2279 1103 2352 (96)
1132 2284 1244 2345 τοῖς
1266 2284 1611 2354 μετανοοῦσιν
1639 2286 1764 2354 ἀφε-

175 2388 273 2423 σιν
302 2370 496 2425 διδόναι
526 2373 652 2444 χρή.
687 2372 836 2443 Ἀμα
862 2370 970 2443 γὰρ
996 2373 1073 2444 τῷ
1102 2376 1274 2429 εἰπεῖν
1303 2393 1428 2430 τινα
1454 2377 1559 2430 τῶν
1588 2377 1759 2449 πλημ·
1788 2430 1791 2433 ,

176 2462 537 2533 μελησὼτων
573 2464 773 2535 γνησία
809 2464 1072 2518 διαθέσει·
1109 2484 1128 2517 ι
1177 2467 1501 2540 Ἠμάρτηκα
1537 2468 1614 2540 τῷ
1647 2471 1759 2523 Κυ-

174 2554 324 2625 ρίῳ·
365 2573 384 2605 ι
414 2555 759 2626 ἀποκρίνεται
788 2556 848 2607 τὸ
883 2557 1036 2627 ἀγιον
1064 2557 1317 2628 Πνεῦμα’
1364 2578 1383 2611 ι
1419 2560 1527 2612 Καὶ
1555 2560 1756 2631 Κύριος

168 2646 366 2717 ἀφῆκέ
393 2663 471 2699 σοι
496 2648 596 2718 τὴν
626 2648 916 2719 ἁμαρτίαν,
949 2648 1159 2720 Θάρσει,
1191 2652 1251 2703 οὐ
1285 2651 1358 2724 μὴ
1396 2651 1691 2726 ἀποθάνῃς.
1731 2674 1750 2705 ι

170 2737 421 2810 Γνώριζε
449 2735 563 2805 οὖν,
590 2733 635 2791 ὦ
662 2741 947 2806 ἐπίσκοπε,
976 2742 1036 2794 τὸ
1063 2742 1280 2813 ἀξίωμά
1309 2761 1423 2807 σου,
1453 2745 1531 2798 ὅτι
1559 2745 1635 2808 ὡς
1658 2744 1752 2798 τοῦ

166 2832 397 2901 δεσμεῖν
425 2831 721 2903 ἐκληρώσω
746 2834 844 2905 τὴν
872 2832 1140 2898 ἐξουσίαν,
1172 2834 1314 2889 οὕτω
1342 2837 1436 2890 καὶ
1462 2836 1555 2889 τοῦ
1584 2836 1749 2892 λύειν.

185 2924 473 2989 Ἑξουσίαν
500 2921 593 2978 οὖν
622 2926 759 2996 ἔχων
786 2924 880 2979 τοῦ
917 2926 1083 2991 λύειν,
1114 2926 1345 2999 γνὼριζε
1376 2930 1618 2993 σεαυτὸν,
1658 2932 1751 2985 καὶ

168 3015 347 3080 ἀξίως
372 3015 465 3069 τοῦ
491 3017 656 3069 τόπου
689 3034 781 3070 σου
809 3019 867 3071 ἐν
891 3018 1024 3090 τῷδε
1050 3019 1127 3089 τῷ
1158 3018 1255 3090 βίῳ
1284 3021 1643 3092 ἀναστρέφου,
1669 3023 1747 3074 εί-

168 3109 281 3171 δὼς
299 3109 385 3162 ὅτι
402 3109 617 3163 πλείονα
632 3110 791 3173 αὐτὸς
806 3109 1150 3183 ἀπαιτηθήσῃ
1168 3110 1256 3163 τὸν
1277 3111 1431 3180 λόγον
1445 3129 1458 3141 ·
1480 3130 1499 3165 ι
1520 3104 1591 3182 ᾯ
1616 3112 1745 3185 γὰρ,

1872 1235 2077 1291 talione
2125 1238 2333 1305 audiat,
2368 1247 2587 1311 propter
2632 1243 3045 1313 negligentiam.
3092 1248 3237 1316 quod
3294 1252 3438 1320 apud

1871 1323 2066 1380 Oscam
2094 1326 2300 1382 dictum
2330 1339 2415 1385 est
2450 1351 2461 1385 :
2500 1350 2518 1383 ι
2556 1332 2699 1398 Quid
2734 1335 3031 1393 reticuistis
3062 1338 3395 1410 impietatem
3418 1384 3433 1408 ,

1868 1425 1923 1471 et
1948 1415 2185 1474 fructum
2217 1421 2367 1478 illius
2397 1422 2773 1481 viademiastis
2846 1417 2948 1481 "1':

2424 1580 2652 1636 CAPUT
2693 1582 2877 1639 XVIII.

1868 1710 2020 1778 Quod
2035 1724 2231 1782 oportet
2280 1716 2577 1795 episcopum
2606 1734 2810 1795 curare,
2836 1737 2897 1774 ne
2923 1733 3092 1789 peccet
3121 1724 3283 1793 plebs,
3307 1728 3430 1795 quia

2364 1786 2471 1854 ipse
2496 1799 2574 1841 est
2601 1790 2918 1857 speculator.

1938 1918 2192 1974 Omnium
2241 1921 2423 1992 itaque
2465 1938 2653 1977 curam
2698 1924 2893 1981 habeat
2932 1928 3261 1999 episcopus;
3313 1938 3429 1987 tum

1864 2033 2053 2072 eorum
2083 2022 2174 2090 qui
2222 2037 2331 2076 non
2377 2033 2691 2093 peccarunt,
2742 2034 2799 2081 ut
2844 2027 2982 2083 tales
3021 2042 3144 2085 esse
3176 2046 3428 2101 perseve-

1864 2128 2018 2188 rent;
2065 2128 2182 2178 tum
2228 2137 2419 2177 eorum
2468 2125 2560 2194 qui
2608 2125 2973 2196 deliquerunt,
3004 2138 3061 2182 ut
3106 2130 3426 2199 paenitentia

1862 2220 2151 2277 ducantur.
2182 2223 2264 2276 Ad
2294 2239 2392 2279 vos
2418 2227 2563 2281 enim
2592 2226 2725 2281 dicit
2751 2226 3013 2285 Dominus
3045 2248 3060 2284 :
3096 2248 3115 2281 ι
3146 2229 3337 2289 Videte
3357 2250 3425 2289 ne

1862 2326 2225 2381 contemnatis
2249 2343 2416 2382 unum
2441 2343 2509 2382 ex
2534 2327 2620 2383 his
2648 2329 2864 2398 pusillis
2885 2330 2949 2385 “.
2979 2350 2998 2383 ι
3022 2330 3425 2395 Pmnitentihus

1861 2432 2042 2479 autem
2071 2426 2230 2481 venia
2259 2428 2606 2483 concedenda
2638 2438 2743 2483 est.
2775 2429 2909 2483 Nam
2943 2431 3106 2486 simul
3136 2448 3201 2488 ac
3228 2450 3425 2504 pecca-

1860 2535 1946 2581 tor
1973 2530 2243 2599 quispiam
2291 2532 2509 2586 sincero
2551 2531 2744 2587 aﬁ'ectn
2776 2534 3144 2602 pronuntiavit
3178 2555 3193 2591 :
3230 2556 3248 2588 ι
3295 2536 3423 2593 Pec-

1857 2630 1977 2684 cavi
2019 2628 2283 2696 Domino;
2323 2651 2341 2682 ι
2380 2629 2614 2700 Spiritus
2662 2640 2887 2688 sanctus
2932 2635 3261 2704 respondet:
3300 2656 3321 2689 ι
3356 2636 3424 2695 Et

1859 2730 2121 2788 Dominus
2138 2733 2346 2788 remisit
2364 2734 2460 2788 tibi
2488 2742 2769 2805 peccatum
2789 2754 2803 2801 ;
2825 2738 3055 2801 conﬁde,
3090 2754 3198 2794 non
3220 2744 3421 2798 morie-

1854 2825 1932 2880 ris
1954 2825 2019 2880 ⁸⁸.
2061 2845 2079 2878 ι
2116 2827 2361 2897 Agnosco
2382 2826 2564 2896 igitur,
2600 2828 2874 2897 episcope,
2897 2829 3215 2900 dignitatem
3236 2842 3418 2903 tuam;

1853 2918 1998 2988 quod
2032 2919 2175 2973 sicut
2200 2919 2427 2973 sortilus
2452 2934 2511 2973 es
2536 2927 2857 2989 potestatem
2888 2921 3110 2991 ligandi,
3137 2924 3211 2977 ita
3232 2932 3287 2980 et
3306 2928 3414 2981 sol-

1851 3009 2031 3065 vendi.
2063 3008 2331 3075 Quocirca
2357 3017 2629 3079 potestate
2651 3012 2963 3068 absolvendi
3004 3015 3283 3083 praeditus,
3323 3033 3417 3073 co-

1850 3118 2052 3172 gnosce
2083 3102 2343 3172 teipsum,
2374 3110 2427 3156 et
2458 3103 2776 3174 condignam
2825 3105 2944 3159 loco
2972 3114 3067 3161 tuo
3095 3107 3258 3163 vitam
3292 3125 3411 3182 age,

167 3218 249 3270 φη
258 3201 334 3263 σι,
353 3200 649 3272 παρέθεντο
666 3202 821 3266 πολὺ,
846 3173 1228 3275 περισσότερον
1245 3173 1602 3277 ἀπαιτήσουσι
1615 3173 1745 3277 παρ

1853 3212 1959 3250 non
2000 3197 2207 3252 inscius
2247 3195 2393 3267 quod
2446 3196 2705 3271 majorem
2754 3199 3056 3268 reposceris
3106 3202 3408 3259 rationem:

168 3292 367 3346 αὐτοῦ.
406 3312 425 3344 ›
483 3293 885 3365 Ἀναμάρτητος
924 3296 1022 3365 μὲν
1071 3294 1182 3367 γὰρ
1228 3295 1528 3367 ἀνθρώπων
1572 3297 1746 3361 οὐδεὶς

168 3383 357 3454 παρὲξ
388 3383 481 3435 τοῦ
527 3386 813 3455 γενομένου
858 3386 924 3438 δι’
954 3388 1097 3458 ἡμᾶς
1142 3385 1425 3460 ἀνθρώπου
1446 3405 1459 3417 ·
1508 3390 1630 3442 ἐπεὶ¹
1655 3389 1746 3458 γέ-

167 3492 446 3546 γραπταν
484 3495 503 3528 ι
540 3478 727 3540 Οὐδεὶς
754 3477 995 3549 καθαρὸς
1036 3480 1144 3532 ἀπὸ
1175 3479 1369 3551 ῥύπου,
1415 3481 1521 3533 οὐδ’
1551 3481 1617 3535 ἂν
1648 3484 1746 3552 μία

163 3569 362 3639 ἡμέρα
390 3566 498 3639 (97)
544 3569 575 3639 ἡ
606 3568 716 3639 ζωὴ
744 3568 927 3624 αὑτοῦ.
970 3588 988 3621 ι
1021 3569 1120 3626 Διὰ
1156 3569 1313 3625 τοῦτο
1340 3573 1432 3625 καὶ
1467 3572 1574 3625 τῶν
1614 3591 1746 3646 προ-

162 3661 557 3731 γεγενημένων
586 3662 695 3732 (98)
724 3661 947 3715 δικαίων
973 3678 1033 3714 τε
1062 3663 1155 3715 καὶ
1184 3664 1535 3739 πατριαρχῶν
1562 3667 1611 3718 oi.
1642 3666 1745 3736 βίοι

162 3754 264 3806 καὶ
313 3754 371 3805 αἱ
418 3754 751 3824 ἀναστροφαί.
790 3754 1205 3826 ἀνεγράφησαν
1254 3757 1350 3825 οὐχ
1394 3756 1479 3811 ἵνα
1506 3758 1745 3822 ἐκείνους

158 3844 518 3913 ὀνειδίξωμεν
572 3843 1053 3913 ἀναγινώσκοντες,
1108 3847 1221 3900 ἀλλ’
1256 3848 1346 3901 ἰιια
1386 3850 1544 3918 ἡμεῖς
1584 3867 1743 3920 μετα-

160 3936 404 4007 νοῶμεν,
446 3939 537 3989 καὶ
575 3936 849 4001 εὐέλπιδες
874 3936 1156 4009 γενώμεθα
1192 3939 1268 4003 ὡς
1295 3940 1537 4007 ἀφέσεως
1562 3941 1743 4007 τευξό-

161 4047 346 4100 μενοι.
379 4029 460 4082 Ta
486 4028 593 4100 γὰρ
622 4030 845 4082 ἐκείνων
875 4029 1042 4101 ρύπη,
1074 4031 1317 4102 ἡμετέρα
1357 4032 1622 4101 ἀσφάλεια
1649 4038 1742 4089 καὶ

156 4122 511 4192 παραίνεσις,
551 4123 631 4175 ὅτι
659 4123 751 4174 καὶ
788 4123 946 4192 ἡμεῖς
974 4123 1403 4193 ἀμαρτήσαντες,
1441 4123 1537 4177 ἐάν
1576 4142 1739 4195 μετα-

155 4216 473 4285 νοήσωμεν,
499 4212 822 4285 συγγνώμην
841 4213 1033 4285 ἕξομεν
1052 4231 1064 4243 ο
1090 4216 1211 4267 ἐπεὶ
1235 4216 1564 4287 γέγραπται·
1602 4235 1619 4269 ι
1645 4220 1740 4282 Τίς

156 4309 502 4379 καυχήσεται
546 4307 713 4378 ἁγνὴν
752 4307 893 4377 ἔχειν
928 4308 1027 4379 τὴν
1062 4308 1302 4380 καρδίαν,
1340 4310 1484 4379 ἢτίς
1520 4313 1737 4382 παρρη-

159 4398 414 4452 σιάσεται
461 4398 695 4470 καθαρὸς
729 4394 865 4453 εἶναι
894 4399 1002 4453 ἀπὸ
1038 4401 1339 4472 ἀμαρτίαςς
1378 4419 1397 4454 ι
1430 4403 1615 4465 Οὐδεὶς
1646 4401 1739 4457 οὖν

1852 3306 1872 3340 ι
1904 3288 2003 3343 Cui
2031 3288 2196 3354 enim,
2228 3288 2422 3359 inquit,
2452 3288 2969 3345 commcndavernnt
2993 3293 3243 3357 multum,
3288 3296 3413 3365 plus

1846 3388 2025 3451 petent
2058 3382 2125 3436 ab
2149 3396 2214 3436 eo
2265 3380 2361 3431 ⁸⁸.»
2393 3380 2584 3436 Nullus
2613 3381 2880 3450 siquidem
2908 3382 3185 3439 hominum
3217 3401 3414 3456 expers

1846 3474 2051 3545 peccati
2082 3474 2371 3543 reperitur,
2395 3484 2587 3543 praeter
2612 3488 2735 3528 eum
2765 3473 2859 3544 qui
2881 3481 3103 3544 propter
3127 3492 3227 3532 nos
3250 3477 3414 3535 homo

1848 3569 2033 3622 Iactus.
2060 3574 2165 3630 cst,
2216 3564 2500 3637 Scriptura
2545 3566 2801 3622 dicente:
2841 3585 2860 3617 ι
2895 3565 3089 3623 Nullus
3116 3571 3352 3627 mundus
3380 3588 3412 3627 a

1846 3662 2029 3723 sorde,
2074 3677 2250 3734 neque
2288 3662 2334 3717 si
2380 3676 2522 3715 unus
2558 3660 2675 3714 dies
2705 3660 2814 3715 vita
2845 3660 2990 3717 illius
3037 3662 3135 3713 ’τοι
3185 3663 3413 3735 Propter

1846 3756 1949 3809 hoc
1968 3755 2239 3833 justornm
2270 3770 2333 3808 ac
2356 3754 2789 3824 patriarcharum
2810 3755 2901 3824 qui
2920 3755 3051 3809 olim
3080 3756 3406 3826 ﬂoruerunt,

1846 3855 2001 3903 actus
2027 3854 2081 3901 et
2112 3862 2293 3901 mores
2321 3846 2617 3915 conscripti
2646 3854 2805 3914 sunt;
2836 3863 2947 3902 non
2975 3848 3192 3917 quidem
3226 3859 3283 3904 ut
3305 3853 3411 3921 piis

1844 3939 2179 4001 hominibus,
2212 3939 2338 3994 dum
2370 3939 2618 4009 legimus,
2665 3940 2831 3992 vitam
2861 3940 3281 4009 exprobremus;
3313 3945 3408 3998 sed

1846 4042 1902 4085 ut
1938 4047 2038 4086 nos
2079 4038 2427 4100 peccatorum
2472 4037 2784 4086 nostrorum
2825 4033 3103 4101 pmniteat,
3140 4040 3306 4103 utque
3351 4034 3406 4091 iu

1842 4132 2046 4178 certam
2078 4123 2421 4179 remissionis
2464 4121 2831 4193 adipiscenda:
2860 4139 3011 4193 spem
3058 4124 3401 4183 inducamur.

1842 4215 2062 4270 Illorum
2109 4216 2254 4270 enim
2285 4216 2421 4269 ηδεγί
2459 4222 2647 4270 nostra
2691 4216 2956 4271 securitas
3003 4223 3057 4270 et
3100 4218 3405 4273 consolatio

1842 4315 1991 4373 sunt,
2016 4308 2158 4378 quod
2194 4323 2293 4361 nos
2320 4322 2558 4377 quoque,
2590 4306 2636 4362 si
2670 4306 2738 4362 de
2775 4308 3011 4377 peccatis
3042 4309 3246 4363 nostris
3274 4325 3401 4378 ege-

1840 4402 2014 4457 rimus
2052 4400 2447 4470 pocmtcntiam,
2478 4400 2635 4454 venia
2665 4398 3019 4465 donabimur;
3060 4401 3403 4471 quandoqui-

154 4493 567 4563 ἀναμάρτητος.
596 4493 669 4546 Σὺ
698 4489 790 4545 οὖν
816 4491 957 4549 κατά
982 4492 1230 4565 δύναμιν,
1263 4493 1528 4561 σπούδαζε
1558 4496 1739 4549 ἀνεπί-

1853 4495 1963 4548 dem
2013 4493 2276 4561 scriptum
2308 4501 2432 4547 est:
2490 4510 2508 4543 ι
2538 4490 2671 4558 Quis
2716 4492 3037 4561 gloriabitur
3083 4501 3293 4547 castum
3342 4509 3403 4548 se

154 4586 373 4656 ληπτος
398 4580 555 4637 εἶναι·
613 4586 705 4638 καὶ
740 4586 867 4657 περὶ
902 4585 1119 4639 πάντων
1157 4588 1414 4657 μερίμνα,
1456 4587 1529 4659 μὴ
1558 4588 1647 4641 διὰ
1676 4589 1735 4642 σέ

151 4694 248 4738 τις
278 4676 682 4739 σκανδαλισθεὶς
710 4678 993 4748 ἀπόληται.
1036 4679 1093 4730 '0
1120 4678 1227 4749 γὰρ
1253 4678 1436 4743 λαῖκὸς
1463 4681 1590 4752 περὶ
1618 4682 1738 4733 ἐαυ-

1839 4587 2038 4641 habere
2076 4602 2206 4652 cor;
2250 4593 2342 4638 aut
2380 4586 2503 4655 quis
2544 4584 2779 4639 conﬁdet
2824 4585 3080 4639 mundum
3132 4600 3190 4640 se
3220 4601 3340 4639 esse
3369 4602 3398 4643 ει

1838 4687 2063 4751 peccato
2119 4679 2216 4732 "'b
2249 4679 2419 4733 Nemo
2461 4680 2625 4750 igitur
2654 4680 2860 4749 absque
2904 4686 3131 4748 peccato
3160 4686 3263 4733 est.
3314 4677 3395 4731 Tn

152 4765 258 4821 τοῦ
292 4768 460 4839 μόνου
504 4770 759 4840 μεριμνᾷ,
804 4770 868 4822 σὺ
907 4769 963 4822 δὲ
1000 4770 1127 4843 περὶ
1165 4770 1402 4835 πάντων,
1433 4770 1507 4835 ὡς
1552 4772 1733 4826 πλεῖον

1853 4789 1985 4838 vero,
2018 4771 2197 4842 quoad
2230 4781 2402 4842 potes,
2432 4770 2741 4840 incnlpatus
2777 4784 2898 4825 esse
2929 4768 3086 4824 stude
3109 4776 3162 4823 et
3192 4769 3259 4824 de
3281 4786 3397 4823 om-

238 4949 434 5023 “lfcv.
484 4966 574 5014 xv,
602 4951 707 5023 73l.
763 4950 989 5023 _'f_Qse.
1018 4954 1192 5023 x,il3,
1225 4954 1385 5021 juxta
1412 4952 1582 5009 LXX.
1660 4954 1704 4985 ”
1728 4952 1918 5008 Matth.
1956 4968 2110 5016 xvm,
2146 4954 2231 5008 IO.
2310 4953 2353 4985 ³⁵
2378 4951 2573 5023 ιιιιυε.
2609 4968 2707 5017 xu,
2736 4952 2822 5007 l3.
2911 4952 2955 4982 "
2983 4949 3113 5005 Luc.
3159 4966 3253 5014 xu,
3302 4951 3389 5005 48.-

175 5033 224 5061 "
308 5020 414 5075 Job
437 5036 549 5089 xw,
584 5022 637 5086 4,
661 5022 716 5073 in
751 5020 927 5076 LXX.
1004 5024 1047 5054 ³⁸
1077 5020 1239 5078 Prov.
1278 5040 1371 5088 xx,
1405 5024 1459 5080 9.

1380 5243 1389 5252 -
1460 5217 1821 5275 VARIORUM
1852 5217 2082 5274 ΝΟΤιλΕ.

194 5476 206 5489 ἲ
234 5400 549 5489 (95)"ch
590 5398 762 5469 ὑμᾶς.
811 5400 960 5455 Alter
1011 5397 1165 5453 Vind.
1214 5398 1337 5453 cod.
1380 5400 1438 5451 ἐν
1480 5398 1722 5466 Εὑαγγε-

151 5473 310 5533 λίοις.
342 5473 510 5525 (Jun.

234 5544 344 5625 s9???
536 5540 704 5625 θιιςτο
736 5539 951 5625 οῖΡῬῦἪ
979 5557 1121 5625 eum
1152 5539 1228 5625 '0.-

1831 5397 1993 5467 Lege,
2026 5398 2070 5452 si
2102 5403 2279 5455 vacat,
2304 5412 2425 5467 qum
2454 5397 2506 5448 in
2536 5396 2677 5451 hanc
2707 5398 3037 5452 sententiam
3076 5399 3391 5453 εάίεευινιιιι-

1826 5466 2085 5536 ῑιιιίιψιιιί
2120 5475 2339 5538 sanctos
2370 5466 2592 5538 Patres,
2616 5466 2873 5538 Irenaeum
2908 5467 3002 5520 lib.
3039 5484 3113 5532 ιν,
3148 5484 3268 5538 cap.
3293 5471 3387 5527 45;

1825 5535 2512 5607 Chrysiistomum,ibonlil.
2552 5536 2622 5607 tle
2666 5536 2967 5605 pauitantia
3019 5549 3081 5594 et.
3116 5535 3385 5603 oratione,

231 5604 341 5681 (97)
373 5613 492 5663 Μιά
536 5611 739 5679 ἡμέρα.
773 5613 921 5664 Alter
964 5604 1085 5665 cod.
1134 5610 1258 5681 μιᾶς
1286 5609 1524 5681 ἡμέρας,
1568 5624 1722 5679 mque

1853 5604 1954 5681 um.
1997 5607 2045 5667 l;
2081 5606 2265 5658 homil.
2296 5606 2407 5681 2:)“
2440 5608 2495 5659 in
2535 5604 2793 5681 Genesim.
2826 5615 2980 5681 tom.
3006 5607 3080 5672 II;
3116 5609 3302 5681 hqmil.
3329 5611 3382 5663 in

154 5678 329 5737 bene.
365 5683 474 5733 imo
510 5678 720 5735 melius.
758 5682 1006 5747 quamvis
1038 5678 1252 5750 vulgata
1284 5678 1443 5733 lectio
1474 5678 1543 5732 sit
1584 5678 1718 5733 ccu-

160 5762 421 5807 sentanea
455 5751 585 5805 edit.
618 5751 753 5804 LXX
786 5751 909 5803 lntt.
942 5751 1016 5804 In.

232 5826 343 5883 6981
374 5824 476 5875 Διὰ
520 5822 691 5876 τοῦτο
728 5821 823 5876 καὶ
864 5820 980 5875 τῶν
1024 5818 1561 5891 προγεγειημένων,
1606 5826 1709 5875 etc.

1820 5679 2085 5747 psalmum
2109 5691 2158 5735 ιη
2180 5684 2314 5747 tom.
2344 5676 2407 5728 III
2429 5694 2443 5739 ;
2466 5684 2521 5730 et
2541 5676 2899 5747 Anguslinnm
2926 5678 3019 5731 lib.
3046 5694 3107 5733 Ill
3158 5679 3236 5733 De
3259 5681 3382 5733 doc-

1821 5744 1961 5798 trina
1994 5744 2471 5817 Christiana,icap.
2505 5746 2605 5811 23,.
2628 5744 2789 5817 atque
2829 5747 2967 5803 libro
3010 5747 3089 5805 De
3115 5759 3378 5806 natura“

1818 5818 2011 5887 gratia,
2037 5831 2156 5886 cap.
2185 5815 2273 5870 55.
2306 5816 2441 5871 Cor.
