3936 6342
1068 232 1069 235 Ἴ
1171 275 1767 343 CONSTITUTIONES
1797 287 2481 351 APOSTOLICE.——LIB.
2517 296 2582 352 l'.

3401 308 3508 366 036

236 389 542 459 γνώσεσθε,
584 392 666 447 δτι
694 392 805 463 ἐγὼ
848 392 1073 467 Κύριος,
1119 398 1213 450 καὶ
1254 397 1412 469 ὑμεῖς
1442 399 1691 471 πρόὸατα
1728 401 1816 473 τῆς

1932 404 2216 476 subjungit
2248 426 2262 462 :
2302 425 2321 459 ι
2360 407 2426 462 Et
2459 414 2804 481 cognoscetis
2838 414 2969 485 quia
2998 432 3103 488 ego
3135 417 3424 489 Dominus,
3455 440 3511 481 et

232 490 414 561 νομῆς
442 506 567 561 μου,
597 490 874 563 ἄνθρωποί
905 507 1007 563 μου
1048 492 1201 557 ἐστὲ,
1233 494 1328 548 καὶ
1356 492 1465 563 ἐγὼ
1492 492 1623 556 Θεὸς
1652 492 1827 563 ὑμῶν,

231 583 391 654 λέγει
430 586 655 642 Ἄδωναῖ
684 587 905 659 Κύριος.
947 608 965 641 ι

772 681 1166 735 ΚΕΦΑΛΔΙυΝ
1204 680 1304 734 ιθι.

1932 513 2031 553 vos
2059 512 2190 555 oves
2237 515 2457 570 pascuae
2500 520 2632 559 mea;
2658 523 2672 573 ;
2704 506 2957 565 homines
2989 511 3097 566 mei
3135 514 3297 576 estis.
3327 526 3382 572 et
3408 536 3511 591 ego

1930 589 2074 648 Deus
2104 600 2308 665 vester,
2339 593 2476 650 dicit
2504 596 2715 653 Adonai
2746 599 3012 660 Dominus
3033 604 3101 661 “.
3133 624 3155 660 ι

2507 710 2738 768 CAPUT
2776 715 2918 773 XIX.

234 771 363 825 Ὅτι
409 772 510 826 καὶ
554 776 588 828 ό
628 773 874 844 ποιμὴν,
920 772 1154 845 ἀμελῶς
1199 773 1524 843 φερόμενος
1574 772 1709 840 περὶ
1753 773 1816 826 τὸ

1928 796 2083 865 Quod
2108 810 2313 869 pastor,
2344 803 2517 858 ovium
2554 806 2844 877 negligens,
2864 827 3047 867 omnes
3086 818 3294 884 solvat;
3322 829 3371 874 et
3394 823 3504 879 ovis

306 868 576 934 πρόϐατα
599 908 614 932 ,
674 868 851 937 δίκην
902 869 1201 931 τιννυσιν,
1258 866 1357 922 καὶ
1408 869 1474 920 τὸ
1530 868 1829 934 πρόϐατον

300 958 393 1028 μὴ
423 960 500 1032 (7)
532 960 895 1030 πειθαρχοῦν
922 960 1001 1027 τῷ
1028 959 1282 1030 ποιμένι,
1311 956 1633 1021 κολάζεται.

320 1051 615 1107 Ἀκούσατε
642 1055 692 1106 oi
721 1055 1039 1119 ἐπίσκοποι,
1084 1054 1179 1111 καὶ
1220 1051 1489 1107 ἀκούσατε
1526 1050 1576 1104 οἱ
1619 1048 1820 1114 λαῖκοὶ,

226 1142 309 1206 ὥς
341 1144 419 1215 (8)
450 1162 613 1216 φησιν
641 1148 669 1200 6
694 1146 844 1210 θεόςο
885 1166 903 1199 ι
952 1145 1140 1219 Κρινῶ
1170 1146 1321 1217 κριὸν
1352 1144 1489 1216 πρὸς
1514 1141 1688 1213 κριὸν,
1720 1140 1818 1195 καὶ

226 1237 510 1307 πρόϐατον
554 1240 690 1311 πρὸς
732 1239 1023 1313 πρόϐατονο
1068 1258 1087 1291 ι
1113 1239 1206 1295 καὶ
1233 1237 1370 1309 πρὸς
1396 1236 1522 1298 τοὺς
1547 1232 1810 1304 ποιμένας

226 1328 405 1398 λέγει*
450 1332 790 1404 Κριθήσεσθε
834 1334 1018 1386 ἕνεκεν
1061 1333 1160 1403 τῆς
1201 1330 1455 1401 ἀπειρίας
1498 1327 1674 1382 αὐτῶν
1721 1326 1816 1380 καὶ

224 1423 328 1493 τῆς
361 1426 442 1487 εἰς
467 1425 536 1477 τὰ
563 1426 809 1495 πρόϐατα
835 1426 1148 1497 διαφθορᾶς·
1189 1424 1485 1485 τουτέστιν,
1516 1420 1816 1473 ἐπίσκοπον

222 1516 373 1586 1196;
399 1517 695 1571 ἐπίσκοπον
725 1519 915 1591 κρινῶ,
956 1519 1050 1573 καὶ
1093 1516 1277 1572 λαῖκὸν
1321 1515 1459 1587 πρὸς
1486 1512 1692 1577 λαῖκὺν,
1722 1512 1816 1565 καὶ

225 1608 470 1680 ἄρχοντα
498 1610 635 1681 πρὸς
662 1612 917 1682 ἄρχοντα.
944 1610 1152 1681 Λογικὰ
1176 1609 1287 1683 γὰρ
1314 1608 1383 1666 τὰ
1408 1608 1678 1680 πρόϐατα,
1721 1607 1815 1661 καὶ

2237 920 2339 959 non
2370 907 2611 965 obediens
2638 918 2864 981 pastori,
2893 910 3162 985 punietur.

1996 1049 2196 1107 Audite
2238 1052 2504 1127 episc0pi,
2550 1064 2605 1112 et
2629 1057 2816 1116 audite
2846 1066 2992 1125 latet,
3024 1078 3135 1133 quo
3163 1067 3327 1123 modo
3365 1068 3500 1127 dicit

1922 1136 2068 1199 Deus
2094 1162 2108 1198 ι
2146 1161 2164 1195 ι
2201 1143 2470 1201 Judicabo
2499 1148 2725 1204 arietem
2757 1150 2824 1205 ad
2856 1151 3105 1221 arietem,
3154 1167 3211 1212 et
3241 1175 3396 1216 ovem
3428 1161 3498 1220 ad

1921 1247 2077 1289 ovem
2097 1236 2173 1303 “;
2210 1254 2231 1289 ι
2266 1246 2320 1293 et
2350 1254 2459 1308 quo
2499 1241 2662 1296 modo
2710 1244 3026 1311 pastoribus
3068 1248 3175 1304 ait:
3213 1250 3495 1311 Judicabi-

1918 1328 2055 1382 mini
2082 1337 2307 1399 prepter
2333 1332 2663 1401 imperitiam
2688 1343 2949 1403 vestram,
2980 1348 3031 1394 et
3065 1351 3289 1413 propter
3310 1348 3493 1403 ovium

1918 1420 2279 1488 perditionem
2326 1442 2339 1478 :
2385 1424 2490 1480 hoc
2541 1438 2646 1495 est,
2680 1426 3011 1500 Episcopum
3054 1435 3123 1489 ad
3173 1439 3491 1511 episcopum

1912 1511 2195 1580 judicabo,
2240 1522 2297 1571 et
2341 1518 2539 1572 laicum
2589 1521 2657 1574 ad
2705 1522 2925 1588 laicum,
2975 1536 3029 1580 et
3080 1531 3383 1600 principem
3425 1534 3492 1589 ad

1917 1604 2242 1676 principem.
2303 1607 2620 1667 Rationales
2648 1614 2794 1667 enim
2824 1625 2954 1670 sunt
2999 1625 3111 1673 tam
3138 1637 3291 1687 oves,
3328 1640 3493 1693 quam

224 1703 279 1754 oi
308 1703 457 1774 κριοὶ
482 1698 648 1768 οὗτοι,
679 1705 791 1759 ἀλλ’
835 1706 936 1759 οὐκ
980 1705 1167 1773 ἀλογα·
1217 1704 1306 1757 ἵνα
1356 1704 1565 1774 μήποτε
1612 1701 1739 1771 εἴπῃ
1785 1701 1813 1753 6

1915 1699 2152 1763 arietes,
2207 1716 2318 1756 non
2367 1712 2547 1758 autem
2613 1707 2845 1763 rationis
2892 1720 3179 1781 expertes;
3230 1731 3301 1771 ne
3352 1717 3493 1774 forte

222 1794 436 1859 λαῖκὺς,
472 1795 590 1850 Ὀτι
619 1796 730 1866 ἐγὼ
756 1797 1025 1870 πρόϐατόν
1053 1799 1190 1868 εἰμι,
1228 1796 1321 1850 καὶ
1347 1796 1409 1848 ού
1448 1793 1672 1863 ποιμὴν,
1717 1793 1810 1846 καὶ

1915 1791 2089 1849 laicus
2120 1792 2268 1847 dicat
2295 1814 2307 1850 :
2337 1794 2451 1865 Ego
2479 1797 2597 1852 ovis
2625 1813 2769 1863 sum,
2802 1806 2856 1854 et
2890 1818 2999 1856 non
3042 1813 3261 1875 pastor;
3291 1807 3338 1863 si
3366 1810 3491 1864 nul-

219 1887 416 1941 οὐδένα
442 1888 598 1959 λόγον
628 1889 703 1962 (9)
732 1890 969 1962 ἐμαυτοῦ
1011 1890 1341 1963 πεποίημαι,
1380 1887 1494 1942 ἀλλ’
1531 1888 1560 1941 6
1606 1885 1810 1957 ποιμὴν

218 1982 437 2050 ὄψεται,
477 1986 569 2038 καὶ
609 1985 770 2048 αὐτὸς
817 1985 976 2056 μόνος
1014 1983 1478 2056 εἰσπραχθήσεται
1523 1983 1623 2055 τὴν
1670 1981 1809 2051 ὑπὲρ

218 2075 362 2146 ἐμοῦ
391 2076 565 2148 δίκην.
600 2079 808 2150 Ὥσπερ
835 2078 944 2149 γάρ
971 2078 1048 2149 τῷ
1077 2078 1226 2149 καλῴ
1256 2078 1474 2149 ποιμένι
1501 2076 1562 2129 τὸ
1586 2076 1658 2147 μὴ
1680 2075 1809 2128 ἀκο-

217 2169 445 2224 λουθοῦν
490 2171 793 2243 πρύὸατον,
840 2173 1023 2237 λύκοις
1067 2173 1309 2227 ἔκκειται
1354 2173 1433 2235 είς
1476 2168 1804 2241 διαφθορὰν,

217 2263 369 2318 οὕτω
395 2266 472 2337 τῷ
515 2266 739 2339 πονηρῷ
784 2268 1004 2339 ποιμένι
1045 2268 1107 2321 τὺ
1147 2265 1495 2329 ἀκολουθοῦν,
1541 2263 1806 2335 πρόδηλον

218 2355 341 2425 ἔχει
367 2357 454 2410 τὸν
481 2358 729 2424 θάνατον,
760 2361 842 2415 ὅτι
884 2359 1288 2432 κατατρώξεται
1327 2358 1475 2413 αὑτό.
1524 2357 1613 2412 Διὸ
1641 2374 1806 2428 φευκ-

214 2447 350 2502 τέον
376 2449 479 2504 ἀπὸ
505 2452 612 2505 τῶν
641 2452 886 2525 φθορέων
918 2455 1211 2526 ποιμένων.

745 2568 1141 2626 ΚΕΦΑΛΑΙΟΝ
1178 2570 1263 2622 Κ’.

289 2656 492 2725 Ὅπως
516 2659 633 2729 χρὴ
662 2660 805 2732 τοὺς
831 2662 1201 2732 ἀρχομένους
1229 2658 1569 2728 πειθαρχεῖν
1608 2658 1733 2725 τοῖς

666 2731 961 2800 ἄρχουσιν
980 2731 1355 2797 ἐπισκόποις.

281 2816 391 2872 τδν
424 2822 601 2892 μέντοι
630 2826 861 2895 ποιμένα
888 2826 979 2878 τὸν
1015 2824 1218 2894 ἀγαθὸν
1262 2826 1290 2877 6
1334 2822 1519 2887 λαῖκὸς
1562 2821 1797 2893 τιμάτω,

207 2912 505 2981 ἀγαπάτω,
554 2917 846 2985 φοϐείσθω,
889 2920 964 2982 ὠς
1004 2918 1192 2991 κύριον
1221 2916 1353 2990 (10),
1394 2918 1470 2981 ὡς
1510 2916 1795 2987 δεσπότην,

207 3002 285 3067 ὡς
318 3006 578 3079 ἀρχιερέα
606 3008 763 3073 Θεοῦ,
793 3011 868 3073 ὡς
895 3011 1209 3065 διδάσκαλον
1251 3010 1547 3073 εὐσεϐείας.
1592 3010 1651 3064 ὐ
1687 3009 1795 3081 γὰρ

208 3097 377 3155 αὐτοῦ
405 3100 639 3166 ἀκούων,
669 3103 905 3175 Χριστοῦ
936 3104 1142 3170 ἀκούει,
1175 3106 1269 3160 καὶ
1308 3108 1336 3159 6
1376 3104 1537 3159 αὑτὸν
1564 3102 1792 3167 ἀθετῶν,

1913 1883 2018 1937 iam
2050 1887 2156 1939 mei
2190 1890 2457 1942 rationem
2500 1888 2691 1954 habui,
2740 1892 2937 1948 viderit
2987 1905 3196 1964 pastor,
3245 1900 3293 1955 is
3336 1902 3491 1958 solus

1910 1993 2103 2047 pmnas
2133 1995 2233 2049 pro
2277 1995 2365 2036 me
2392 1981 2566 2039 dabit.
2597 1982 2732 2038 Nam
2780 1987 2941 2042 sicuti
2982 1988 3103 2043 ovis
3132 2006 3252 2060 quae
3282 1992 3487 2050 bonum

1910 2077 2185 2139 pastorem
2212 2088 2323 2127 non
2354 2076 2625 2145 sequitur,
2656 2077 2800 2148 lupis
2823 2080 3071 2151 exposita
3094 2091 3177 2137 est
3198 2083 3266 2138 ad
3297 2085 3490 2142 interi-

1910 2172 2056 2233 tum;
2106 2166 2182 2221 ita
2230 2182 2352 2236 quae
2382 2171 2585 2225 malum
2624 2181 2902 2241 pastorem
2948 2185 3221 2241 sectatur,
3253 2188 3485 2237 mortem

1908 2257 2083 2314 vitare
2123 2260 2343 2331 nequit;
2376 2262 2445 2317 ab
2482 2278 2579 2328 eo,
2631 2266 2867 2333 scilicet,
2917 2267 3289 2328 devorabitur.
3337 2272 3487 2340 Quo-

1908 2350 2056 2405 circa
2094 2351 2337 2424 fugiendi
2368 2362 2497 2410 sunt
2524 2358 2821 2427 perniciosi
2850 2370 3126 2430 pastores.

2488 2559 2718 2615 CAPUT
2758 2561 2876 2619 XX.

1904 2646 2179 2714 Quomodo
2206 2650 2430 2719 subjecti
2477 2655 2787 2777 praéprli’sitis‘
2817 2655 2919 2709 sibi
2968 2656 3223 2725 episcopis
3269 2658 3480 2715 obedire

2604 2742 2631 2777 ε
2666 2742 2762 2777 ean
2793 2766 2807 2777 .

2604 2742 2807 2780 ευεαηι.

1973 2810 2018 2843 ⁸⁸
2045 2810 2108 2866 Ει
2141 2812 2360 2882 quidem
2395 2814 2599 2869 bonum
2639 2823 2912 2885 pastorem
2951 2817 3126 2875 laicus
3157 2830 3474 2889 veneretur,

1900 2912 2067 2970 amet,
2096 2915 2321 2970 metuat,
2355 2915 2612 2977 tanquam
2636 2907 2941 2976 dominum,
2971 2919 3228 2984 tanquam
3254 2916 3472 2985 herum,

1899 3002 2163 3067 tanquam
2203 2997 2299 3053 Dei
2339 3000 2671 3069 pontiﬁcem,
2716 3011 2977 3075 tanquam
3006 3011 3327 3081 magistrum
3354 3016 3474 3089 pie-

1901 3088 2052 3145 tatis.
2084 3090 2188 3158 Qui
2216 3092 2360 3145 enim
2393 3095 2545 3149 audit
2566 3112 2715 3162 eum,
2759 3100 3038 3158 Christum
3070 3106 3253 3175 audit;
3283 3088 3471 3182 etqui

206 3191 448 3264 Χριστὸν
476 3194 676 3260 ἀθετεῖ,
706 3198 800 3250 καὶ
828 3200 857 3251 ό
894 3198 984 3251 τὸν
1027 3198 1261 3269 Χριστὸν
1294 3197 1367 3269 μὴ
1395 3195 1701 3271 δεχόμενος,
1731 3194 1793 3251 οὐ

1905 3184 2109 3252 spernit
2133 3200 2281 3249 eum,
2312 3185 2591 3243 Christum
2624 3194 2863 3261 spernit;
2894 3203 2949 3250 et
2990 3198 3084 3267 qui
3134 3216 3242 3256 non
3274 3205 3471 3277 recipit

205 3286 422 3357 δέχεται
451 3288 541 3341 τὸν
568 3289 733 3344 αὑτοῦ
763 3290 893 3345 Θεὸν
921 3293 1014 3345 καὶ
1042 3292 1280 3363 Πατέρα.
1317 3310 1336 3342 ι
1377 3290 1434 3343 '0
1478 3290 1651 3361 ὑμῶν,
1685 3288 1795 3361 γάρ

206 3397 396 3451 φησιν,
429 3381 661 3446 ἀκούων,
692 3382 825 3454 ἐμοῦ
855 3382 1061 3448 ἀκούει,
1092 3384 1185 3437 καὶ
1211 3385 1239 3437 6
1269 3383 1414 3454 ὑμᾶς
1432 3380 1661 3445 ἀθετῶν,
1692 3382 1792 3452 ἐμὲ

204 3474 410 3537 ἀθετεῖ,
444 3475 537 3528 δια)⁸
562 3477 590 3530 6
630 3476 728 3548 ἐμὲ
767 3475 994 3541 ἀθετῶν,
1040 3475 1222 3531 ἀθετεῖ
1263 3476 1354 3529 τὸν
1398 3472 1793 3533 ἀποστείλαντά

207 3583 298 3638 με.
329 3585 349 3619 ι
398 3566 631 3638 Ὁμοίως
657 3571 686 3623 6
712 3569 1008 3635 ἐπίσκοπος
1051 3570 1127 3633 ὡς
1176 3569 1342 3623 τέκνα
1382 3567 1509 3631 τοὺς
1568 3566 1791 3631 λαῖκοὺς

201 3657 498 3727 ἀγαπάτω,
540 3658 760 3715 θάλπων
804 3661 899 3717 καὶ
944 3663 1185 3734 στέργων
1215 3660 1326 3734 (11)
1364 3662 1430 3733 τῇ
1462 3660 1663 3733 σπουδῇ
1690 3661 1790 3733 τῆς

202 3752 451 3824 ἀγάπης,
482 3753 558 3817 ὠς
584 3753 687 3818 ὠά,
716 3756 796 3819 είς
822 3756 1171 3827 περιποίησιν
1194 3754 1444 3817 νοσσίων,
1486 3753 1521 3827 ἢ
1563 3753 1639 3817 ὡς
1665 3771 1788 3809 νοσ-

206 3845 321 3908 σία,
350 3844 778 3917 ἀγκαλιζόμενος
804 3849 883 3911 είς
909 3847 1255 3920 περιποίησιν
1282 3845 1530 3919 ὀρνίθωνθ
1578 3846 1788 3912 πάντας

203 3938 494 4004 νουθετῶν,
535 3941 671 3994 πᾶσι
717 3943 831 4005 τοῖς
873 3939 1214 4013 πληκτισμοῦ
1261 3939 1373 4012 (12)
1420 3939 1786 4012 ὲπιδεομίνοις

202 4026 578 4106 ὲπιπλῆσσων,
608 4033 744 4089 ἀλλὰ
774 4035 847 4109 μὴ
877 4035 1152 4109 πλήσσων,
1174 4033 1484 4097 ὐποπιέζων
1502 4036 1582 4098 είς
1599 4033 1784 4105 ὲντροο

201 4125 333 4196 τὴν,
362 4124 502 4180 ἀλλά
530 4126 639 4201 (15)
673 4128 747 4202 μὴ
778 4130 858 4191 εἰς
896 4127 1229 4200 ἀνατροπὴν,
1259 4125 1524 4180 νουθετῶν
1552 4127 1633 4190 είς
1661 4126 1784 4179 ἑπι-

204 4218 466 4292 στροφὴν,
509 4220 777 4291 ἐπιτιμῶν
818 4223 899 4285 είς
931 4220 1235 4293 διόρθωσιν,
1264 4220 1359 4274 καὶ
1386 4218 1656 4291 εὐθύτητα
1683 4235 1781 4272 πο-

202 4312 356 4390 ρείας
376 4328 391 4342 ο
424 4312 485 4365 τὸ
517 4313 733 4386 ἰσχυρὸν
758 4313 1063 4383 φυλάσσων,
1094 4313 1359 4375 τουτέστι,
1386 4310 1448 4364 τὸ
1474 4311 1685 4384 ἑδραῖον
1710 4312 1776 4383 τῇ

200 4405 380 4457 πίστει
401 4404 639 4474 ἀσφαλὲς
656 4424 722 4478 τη
730 4407 857 4479 ρῶνε
886 4407 978 4460 τὸν
995 4406 1122 4460 λαὸν
1142 4404 1430 4478 εἰρηνικῶς
1449 4403 1771 4475 ποιμαίνων⁹

1895 3275 2197 3343 Christum,
2228 3294 2339 3334 non
2362 3282 2553 3352 recipit
2600 3282 2747 3340 illius
2790 3285 2958 3341 Deum
3009 3306 3074 3345 ac
3115 3292 3354 3351 Patrem.
3380 3275 3471 3355 Ait

1893 3368 2038 3425 enim
2070 3390 2084 3426 :
2126 3390 2144 3423 ι
2181 3371 2285 3438 Qui
2314 3389 2414 3429 vos
2442 3375 2615 3439 audit,
2640 3392 2727 3431 me
2769 3380 2948 3447 audit;
2981 3391 3035 3437 et
3063 3387 3155 3454 qui
3186 3404 3284 3444 vos
3307 3404 3467 3460 sper-

1892 3462 1995 3526 nit,
2037 3479 2123 3519 tne
2154 3467 2393 3535 spernit;
2436 3476 2491 3521 et
2540 3468 2632 3539 qui
2679 3487 2765 3526 me
2810 3476 3041 3542 spernit,
3087 3480 3296 3547 spernit
3339 3497 3465 3537 eum

1890 3556 1985 3629 qui
2013 3572 2101 3612 me
2134 3558 2284 3615 misit
2298 3559 2364 3616 ⁸⁷.
2399 3578 2417 3611 ι
2471 3558 2735 3617 Similiter
2780 3566 3071 3636 episcopus
3104 3570 3274 3628 laicos
3310 3581 3369 3625 ut
3403 3575 3465 3627 li-

1890 3648 1995 3705 lios
2024 3650 2245 3721 diligat;
2278 3654 2547 3709 naturalis
2574 3656 2758 3711 studio
2786 3658 3067 3715 charitatis
3096 3677 3459 3735 prosequens,

1888 3756 1953 3797 ac
1976 3742 2189 3809 fovens,
2219 3746 2378 3818 quasi
2402 3761 2504 3803 ova
2536 3748 2604 3803 ad
2629 3750 2998 3808 exclusionem
3035 3758 3331 3826 pullorum,
3365 3772 3461 3815 aut

1886 3837 2045 3907 quasi
2092 3839 2271 3910 pullos
2311 3847 2370 3896 ut
2418 3840 2473 3895 in
2521 3842 2753 3912 gallinas
2792 3844 3098 3901 educentur
3136 3847 3263 3904 sinu
3308 3867 3461 3906 corn-

1885 3931 2131 4001 plectens
2166 3951 2180 3987 :
2215 3941 2445 3990 cunctos
2490 3935 2822 4004 admonens;
2862 3954 3056 3995 omnes
3092 3942 3188 4012 qui
3218 3945 3458 4017 castiga-

1885 4024 2033 4080 tione
2061 4023 2305 4096 indigent
2337 4026 2559 4091 lasdens,
2592 4028 2689 4083 sed
2713 4044 2823 4085 non
2840 4031 3107 4095 1llidens;
3137 4034 3205 4088 ad
3234 4051 3457 4094 conver-

1882 4120 2092 4179 sionem
2139 4136 2413 4191 premens,
2448 4137 2558 4179 non
2589 4131 2771 4178 autem
2815 4124 2883 4179 ad
2910 4128 3281 4197 eversionem;
3320 4147 3456 4187 sua-

1881 4213 2016 4270 dens
2038 4214 2106 4269 ad
2124 4230 2460 4286 regressum;
2490 4216 2780 4287 increpans
2801 4225 2862 4272 ut
2889 4220 3129 4290 corrigat
3153 4229 3208 4277 et
3228 4222 3285 4277 in
3307 4223 3452 4282 viam

1880 4317 2088 4363 rectam
2141 4306 2374 4363 deducat
2428 4326 2442 4364 :
2501 4308 2644 4379 quod
2686 4308 2901 4366 ﬁrmum
2938 4320 3025 4367 est
3072 4314 3345 4383 retinens;
3394 4316 3451 4373 id

1878 4413 1986 4469 est,
2037 4403 2185 4475 quod
2240 4402 2345 4458 ﬁde
2389 4401 2678 4461 fundatum
2726 4412 2831 4468 est,
2895 4404 2952 4459 in
3002 4414 3119 4461 tuto
3164 4422 3390 4463 servans
3430 4427 3444 4468 :

198 4497 259 4552 τὸ
284 4498 671 4570 ἐνοχλούμενον
688 4499 970 4571 ἐνισχύων,
1000 4499 1265 4561 τουτέστι,
1293 4497 1355 4551 τὸ
1382 4494 1775 4569 πειραζόμενον
1802 4491 1816 4553 1

1905 4497 2137 4567 populum
2202 4495 2428 4571 paciﬁca
2488 4512 2720 4567 pascens
2775 4516 2789 4554 :
2840 4499 2987 4569 quod
3041 4514 3306 4570 quassum
3360 4509 3447 4559 est

201 4590 257 4649 ἐν
280 4592 346 4661 τῇ
375 4590 626 4663 νουθεσίᾳ.
657 4592 1041 4665 περῤοποιῶνο
1074 4592 1136 4645 τὸ
1163 4591 1482 4664 ἀρῤωστοῦν
1525 4588 1773 4661 ἰώμενος,

1871 4592 2172 4659 roborans;
2217 4592 2319 4647 hoc
2369 4600 2491 4655 est,
2541 4592 2687 4663 quod
2732 4593 3034 4648 tentatione
3090 4596 3442 4661 concutitur,

199 4678 464 4747 τουτέστι,
507 4686 569 4738 τὸ
601 4685 790 4739 νοσοῦν
817 4687 882 4739 ὲκ
923 4687 1023 4757 τῆς
1050 4685 1287 4749 πίστεως
1313 4685 1373 4738 ὲν
1398 4684 1653 4755 διχονοίᾳ,
1687 4681 1776 4736 διὰ

1906 4684 2246 4741 dmonitione
2292 4686 2642 4742 consolidans
2687 4704 2704 4740 :
2756 4687 2905 4756 quod
2935 4695 3195 4757 aegrotum
3227 4698 3313 4744 est
3354 4704 3445 4743 sa-

198 4776 292 4848 τῆς
316 4776 663 4842 διδασκαλίας
713 4778 1048 4851 θεραπεύων·
1092 4778 1154 4831 τὸ
1195 4776 1646 4851 συντετριμμένον
1676 4793 1776 4829 καφ

196 4870 498 4942 ταδεσμῶν,
527 4871 792 4937 τουτέστι,
823 4872 885 4925 τὸ
913 4871 1406 4943 πεπλανημένον,ἢ
1432 4872 1492 4925 τὸ
1511 4868 1773 4942 τεθραυσ-

1872 4793 2039 4844 nans;
2094 4778 2141 4832 td
2172 4786 2275 4847 est,
2311 4776 2457 4848 quod
2486 4793 2553 4832 ex
2599 4777 2704 4834 ﬁde
2730 4780 3021 4836 vacillante
3071 4781 3311 4847 laborat,
3344 4796 3442 4851 per

1870 4868 2177 4924 doctrinam
2201 4885 2402 4925 curans
2436 4889 2449 4924 :
2481 4869 2626 4940 quod
2659 4872 2957 4927 contritum
2987 4881 3071 4929 est
3098 4874 3304 4945 ligans;
3336 4874 3441 4933 hoc

231 5007 275 5038 “
306 5005 507 5061 Ezecb.
536 5021 722 5069 xxxrv,
748 5004 839 5071 ὅθ,
868 5002 951 5059 31.
982 5002 1168 5059 "Ibid.
1197 5004 1281 5063 l7.
1336 5005 1382 5039 “
1414 5005 1451 5060 Ι.
1509 5003 1682 5076 lgnat.
1726 5005 1979 5075 interpol.
2058 5006 2124 5061 ad
2161 5005 2328 5063 Trall.
2358 5007 2407 5063 7.
2478 5007 2523 5041 δ’
2541 5006 2672 5064 Luc.
2693 5024 2749 5073 ι,
2774 5009 2859 5066 16.

1498 5158 1861 5221 νΑιιιοιιυΜ
1898 5160 2134 5222 ΝΟΤᾸΕ.

284 5297 343 5370 7)
380 5296 585 5363 Md.“
600 5300 673 5370 μή
706 5299 761 5352 in
789 5300 961 5355 altero
989 5297 1377 5363 codicum,nec
1409 5299 1751 5359 male.CLsn.

283 5369 338 5439 s)
382 5370 505 5439 Ὣς.
537 5369 623 5429 Τί,
653 5369 797 5439 quid.
832 5371 905 5424 In.

280 5438 335 5511 9)
375 5438 495 5511 Kal;
526 5439 744 5493 οὐδένα
783 5442 986 5509 λόγον.
1031 5439 1155 5494 Haac
1185 5440 1347 5511 verba
1377 5448 1432 5494 et
1470 5442 1752 5511 sequentia

197 5509 439 5591 adfixqv
466 5509 663 5563 desunt
703 5510 756 5563 in
801 5512 971 5565 altero
1001 5511 1207 5591 codice.
1236 5510 1378 5591 Sunt
1412 5509 1601 5566 revera
1636 5528 1753 5591 am:

1945 5297 2054 5371 (l0)
2098 5298 2193 5364 Ὠς
2219 5300 2445 5371 κύριον.
2462 5299 2901 5371 Ριιωιηίιιίιιιιιει·
2925 5300 3094 5356 codex
3110 5298 3186 5366 ὡς
3207 5305 3439 5371 πατέρα,

1872 5370 2181 5437 οιιιίιιὶιιιιιε
2202 5370 2347 5438 quod
2372 5371 2619 5438 sequitur
2638 5370 2713 5432 ὼς
2736 5370 3022 5441 δεσπότην.
3053 5372 3131 5427 lo.

1922 5438 2035 5491 illi
2072 5437 2356 5491 Ztéomr.
2391 5435 2533 5491 Idem
2568 5437 2729 5491 habet
2758 5437 3082 5491 θερμαίνων.
3116 5437 3169 5491 lo

1948 5438 2005 5491 li
2072 5435 2356 5508 Στέρὴπων.
2391 5435 2533 5492 Idem
2568 5437 2729 5493 habet
2758 5435 3082 5509 θερμαίνων.
3116 5437 3190 5492 lo.

1920 5439 2035 5633 ίιεξ
2087 5507 2491 5576 lunata/50:7.
2543 5509 2694 5563 Alter
2749 5506 3182 5579 διατληκτισμοῦ
3244 5506 3430 5577 δεομέο

1920 5598 1980 5633 ις.
2041 5595 2093 5633 n.

2041 5595 2071 5635 Β

200 5580 453 5651 plilicatio
478 5595 687 5643 eorum,
717 5595 838 5651 quae
880 5580 1125 5651 proxime
1157 5588 1604 5651 antecesserunt;
1655 5582 1749 5637 sed
1851 5598 1980 5643 νοις.
2015 5580 2093 5635 in.

199 5650 324 5783 niihil
365 5657 513 5708 vetat
554 5651 667 5709 haec
703 5650 916 5731 quoque
956 5666 1077 5709 esse
1133 5667 1166 5709 a
1211 5650 1509 5725 Scriptoris
1562 5668 1745 5710 manu.

265 5736 315 5779 ορ

265 5736 315 5779 Dc,

1920 5651 2034 5722 (t3)
2085 5648 2288 5703 Ἀλλά.
2336 5648 2717 5722 Hanc‘voccm
2762 5656 2812 5705 et
2846 5659 2961 5704 tres
2994 5656 3285 5722 sequentes
3318 5665 3426 5708 non

1880 5717 2105 5793 legimus
2140 5722 2193 5778 in
2224 5722 2392 5777 altero
2422 5717 2541 5774 cod.
2579 5721 2675 5779 in,
