3936 6342
518 266 625 321 σεδ
1359 266 1418 325 s.
1453 266 1845 324 CLEMENTIS
1876 269 1897 323 ι
1930 268 2097 325 non.
2132 268 2333 325 rem.
2368 268 2597 326 OPERA
2627 250 2853 325 nursia.
3606 280 3693 338 ϐω

513 394 623 447 est,
654 382 802 452 quod
843 397 1038 452 vagum
1066 390 1173 449 est,
1205 385 1289 440 vel
1319 387 1592 451 collisum,
1625 388 1705 442 vel
1736 389 1810 441 ita
1843 392 2067 458 peccatis

2140 424 2152 452 ι
2184 394 2359 463 μένον,
2390 393 2423 463 ἢ
2451 392 2511 444 τὸ
2540 391 2909 462 κατεαγμένον
2951 390 3011 442 ἐν
3059 389 3350 459 ἁμαρτίαις
3390 392 3465 455 είς
3505 394 3694 463 χωλείαν

515 476 859 530 confractum
890 486 948 529 ut
978 476 1034 529 in
1062 476 1150 529 via
1182 477 1472 543 claudicet,
1517 496 1613 549 per
1650 481 2069 538 exhortationem

2178 484 2317 547 ὁδοῦ,
2360 484 2645 537 ἐπιδέννων
2694 484 2805 555 (14)
2834 482 2932 535 ’διὰ
2994 481 3402 553 παρακλητικῆς
3441 485 3694 553 νουθεσίας,

514 567 937 622 consolatoriam
966 568 1233 623 vinciens.
1257 567 1627 636 Peccatorem,
1670 573 1945 643 episcope,
1985 574 2068 629 de-

2178 577 2489 649 ἐλαφρύνων
2519 577 2626 631 ἀπὸ
2657 575 3143 648 παραπτωμάτων,
3176 576 3267 629 καὶ
3301 574 3505 630 εὔελπιν
3539 580 3694 644 ποιιῖιν,

518 660 663 714 lictis
688 659 1020 726 deonerans,
1052 667 1105 715 et
1132 662 1336 731 optima
1365 678 1460 732 spe
1482 665 1719 733 replens,
1744 671 1856 734 jam
1881 667 2072 721 robus~

2177 668 2338 732 οὕτω,
2370 669 2647 741 ῥωμαλέον
2675 671 2732 723 ἐν
2767 671 2832 738 τῇ
2878 651 3172 739 Ἐκκλησία
3200 667 3540 732 ἀποκαθίστα,
3564 671 3696 724 ἐπαν-

518 758 631 804 ιιιιιι
668 751 724 803 in
753 750 1053 806 Ecclesiam
1100 755 1347 817 restitue,
1382 762 1544 824 atque
1588 755 1757 811 reduc
1794 756 1871 811 ad
1916 758 2072 814 ovile.

2178 761 2326 829 άγων
2365 762 2424 813 ἐν
2470 763 2535 831 τῇ
2564 760 2786 831 ποίμνῃ.
2819 760 2890 814 Τὸ
2927 759 3233 829 ἐξωσμένον
3271 760 3567 833 ἐπίστρεφε,
3602 780 3697 818 του-

515 841 670 909 Quod
693 844 979 912 expulsum
1011 844 1115 898 fuit
1143 860 1367 915 revoca;
1399 847 1502 901 hoc
1545 856 1648 912 est,
1681 849 1825 919 quod
1872 850 1926 903 in
1966 866 2069 920 poe-

2176 853 2344 915 τέστι,
2373 852 2434 905 τὸ
2460 854 2517 905 ἐν
2546 854 2839 924 ἁμαρτίαις
2865 852 3155 922 γενόμενον
3181 852 3273 905 καί
3314 854 3392 915 είς
3431 854 3698 926 ἐπιτίμησιν

513 948 639 987 nam
670 943 1018 1004 peccatorum
1043 952 1267 991 suorum
1298 938 1529 1006 eiectum
1563 939 1692 1005 fuit,
1721 956 1790 996 ne
1817 942 1966 997 sinas
1998 942 2067 996 fo«

2177 944 2571 1016 ἐκϐεϐλημένον
2603 946 2676 1017 μὴ
2707 946 2810 999 ἐῶν
2838 944 2940 1010 ἐξω
2966 945 3261 1015 διαμένειν,
3308 942 3439 997 ἀλλά
3462 944 3699 1017 προσλαμ-

515 1028 593 1082 ris
611 1042 962 1097 permanere;
990 1029 1084 1084 sed
1116 1040 1458 1100 assumptum
1478 1040 1531 1087 et
1550 1047 1894 1099 conversum,
1914 1035 2069 1091 redde

2178 1036 2469 1107 ϐανόμενος
2495 1038 2588 1090 καὶ
2615 1036 2953 1108 ἐπιστρέφων
2976 1035 3317 1090 ἀποκαθίστα
3344 1036 3401 1087 ἐν
3424 1039 3487 1107 τῇ
3512 1037 3698 1110 ποίμνῃ,

512 1120 682 1191 gregi,
716 1135 812 1174 seu
843 1121 1202 1177 immaculata:
1225 1121 1481 1179 Ecclesia:
1511 1126 1710 1195 populo
1738 1145 1751 1179 :
1777 1127 1921 1196 quod
1950 1143 2066 1183 verc

2177 1130 2470 1194 τουτέστιν,
2500 1131 2558 1182 ἐν
2586 1129 2662 1200 τῷ
2693 1129 2807 1200 λαῷ
2834 1129 2931 1200 τῆς
2957 1127 3190 1199 ἀμώμου
3240 1126 3535 1197 ἐκκλησίας·
3572 1127 3625 1180 τὸ
3655 1127 3700 1182 δέ

515 1214 755 1283 perierat
792 1214 1038 1283 require;
1072 1214 1125 1268 id
1153 1222 1256 1280 est,
1288 1217 1433 1285 quod
1460 1218 1806 1273 multitudine
1835 1228 2069 1290 peccato-

2177 1221 2451 1285 ἀπολωλὸς
2479 1220 2717 1293 ἐκζήτει,
2746 1221 3008 1285 τουτέστι,
3046 1221 3107 1273 τὸ
3150 1220 3256 1274 ὑπὸ
3299 1220 3522 1291 πλήθους
3558 1237 3700 1293 παρα-

513 1323 634 1361 rum
673 1322 897 1361 suorum
924 1323 1079 1377 spem
1105 1308 1298 1364 salutis
1330 1310 1602 1374 amiserat,
1636 1309 1880 1367 funditus
1911 1311 2067 1367 inter-

2177 1313 2482 1384 πτωμάτων
2511 1312 2705 1366 ἐαυτοῦ
2738 1312 2850 1387 (15)
2882 1312 3187 1366 ἀπελπίσαν
3211 1314 3311 1384 τῆς
3352 1314 3615 1386 σωτηρίας,
3640 1316 3698 1387 μή

514 1401 593 1454 ire
619 1416 687 1455 ne
714 1401 1030 1470 permiseris
1059 1420 1072 1455 :
1103 1402 1249 1471 quod
1278 1417 1344 1456 ex
1383 1403 1550 1457 animi
1590 1414 1808 1474 torpore
1833 1421 1895 1460 ac
1925 1407 2068 1477 supi-

2176 1405 2344 1477 ἐάσῃς
2369 1405 2565 1469 τελέως
2594 1405 2907 1459 ἀπολέσθαι’
2952 1405 3012 1458 τὸ
3057 1405 3163 1457 ὑπὸ
3190 1404 3392 1475 πολλῆς
3415 1404 3605 1474 ψύξεως
3624 1405 3699 1475 ψυ-

511 1492 686 1546 nitate
730 1493 783 1545 in
814 1507 1065 1562 soporem
1104 1494 1253 1548 venit
1299 1502 1352 1548 et
1383 1494 1518 1550 adeo
1548 1511 1763 1567 gravem
1803 1512 2065 1563 somnum,

2177 1499 2335 1569 χικῆς
2363 1496 2470 1568 (16)
2502 1498 2595 1551 καὶ
2622 1497 2882 1567 νωχελίας
2909 1496 3179 1552 κάθυπνον
3209 1497 3509 1568 γενόμενον,
3534 1497 3614 1551 καὶ
3632 1496 3700 1551 διὰ

517 1593 577 1637 ιιι
605 1600 757 1638 suam
791 1586 954 1638 vitam
983 1600 1091 1639 non
1131 1587 1475 1655 recordetur;
1506 1589 1760 1659 quodque
1790 1590 1949 1662 longe
1992 1606 2071 1647 re-

2179 1588 2371 1659 βαρέος
2415 1587 2583 1642 ὕπνου
2624 1589 2724 1660 τῆς
2766 1589 2957 1643 ἐαυτοῦ
3000 1588 3145 1659 ζωῆς
3189 1587 3590 1659 ἐπιλαθόμενον,
3629 1589 3700 1644 καὶ

515 1683 682 1733 cessit
712 1694 742 1732 a
771 1679 991 1748 proprio
1020 1696 1199 1750 grege,
1240 1681 1314 1734 ita
1343 1689 1401 1735 ut
1439 1682 1693 1737 inciderit
1723 1682 1780 1738 in
1814 1685 1970 1754 lupos
2011 1686 2069 1741 ad

2183 1679 2396 1753 μακρὰν
2424 1682 2807 1752 ἀποστατῆσαν
2836 1672 2936 1752 τῆς
2968 1680 3102 1743 ἰδίας
3130 1680 3387 1752 ποίμνης,
3415 1680 3488 1744 ὡς
3525 1680 3605 1734 καὶ
3633 1678 3700 1731 λύ-

515 1787 727 1838 escam;
759 1772 811 1825 id
847 1780 906 1825 tu
937 1773 1258 1843 pervestiga,
1291 1782 1344 1827 et
1370 1773 1641 1830 monendo
1683 1790 1968 1844 converte,
2013 1793 2069 1833 ac

2145 1763 2295 1839 ίκοις
2338 1776 2652 1846 περιπεσεῖν
2696 1776 2776 1837 είς
2820 1772 2983 1844 βορὰν
3027 1772 3160 1844 (17),
3207 1774 3273 1827 σὺ
3319 1770 3594 1843 ἀναζήτει,
3629 1771 3699 1824 καὶ

514 1871 577 1917 ιιι
611 1864 794 1932 vigilet
824 1864 1063 1927 hortare,
1097 1873 1151 1919 et
1177 1880 1326 1935 spem
1358 1866 1567 1934 insere;
1598 1883 1775 1938 neque
1800 1869 1917 1940 ipse
1947 1885 2068 1925 con-

2179 1865 2441 1920 νουθετῶν
2469 1866 2785 1938 ἐπίστρεφε,
2815 1866 2911 1920 καὶ
2939 1865 3128 1936 νήφειν
3157 1862 3484 1936 παρακάλει,
3521 1863 3602 1916 καὶ
3633 1861 3698 1913 ἐλ-

513 1958 673 2013 cedas
696 1968 756 2011 ut
786 1958 931 2013 dicat
950 1958 1095 2028 quod
1127 1972 1156 2010 a
1176 1958 1504 2028 quibusdam
1532 1958 1737 2014 dictum
1765 1968 1849 2016 est
1884 1980 1899 2012 :
1929 1979 1947 2013 ι
1973 1961 2067 2016 Im-

2179 1959 2307 2013 πίδα
2337 1956 2656 2031 ὑπόσπειρε,
2687 1958 2762 2030 μὴ
2804 1956 3103 2029 συγχωρῶν
3143 1957 3292 2028 αύτῷ
3330 1956 3503 2025 λέγειν
3538 1955 3592 2009 τὸ
3622 1955 3700 2009 ύιώ

513 2051 742 2119 pietatcs
773 2058 972 2105 nostrae
1000 2066 1163 2120 super
1205 2066 1328 2116 nos,
1358 2058 1411 2106 et
1457 2066 1559 2107 nos
1590 2053 1646 2106 in
1677 2053 1814 2124 ipsis
1842 2054 2067 2110 tabesci-

2176 2067 2336 2106 τινων
2366 2049 2476 2123 (18)
2509 2050 2816 2122 εἰρημένον,
2847 2050 2929 2103 ὅτι
2958 2067 2977 2101 ι
3016 2048 3099 2102 Τὰ
3127 2048 3450 2121 ἀσεϐήματα
3479 2047 3615 2119 ήμῶν
3638 2047 3699 2115 ἐφ’

513 2157 655 2205 mus,
688 2150 742 2196 et
772 2157 881 2211 quo
910 2143 1072 2197 modo
1100 2143 1342 2199 vivemus
1362 2143 1445 2200 ⁸⁸2
1484 2163 1503 2195 ι
1540 2143 1863 2215 Episcopus,
1890 2147 1939 2201 si
1961 2149 2067 2202 ﬁeri

2177 2146 2327 2217 ἡμῖν,
2356 2144 2449 2198 καὶ
2477 2146 2634 2215 ἡμεῖς
2662 2144 2721 2197 ἐν
2751 2143 2933 2206 αὐτοῖς
2960 2141 3264 2214 τηκόμεθα,
3293 2143 3388 2195 καὶ
3428 2141 3536 2204 πῶς
3574 2139 3700 2212 ζησό-

511 2236 706 2304 possit,
740 2236 995 2291 delicrum
1036 2236 1264 2291 alterius
1304 2237 1463 2307 quasi
1505 2236 1785 2308 praprium
1824 2239 2065 2295 conside-

2180 2236 2351 2310 μεθα;
2386 2254 2405 2289 ι
2440 2238 2504 2289 El
2530 2229 2639 2290 οἷόν
2665 2253 2728 2289 τε
2758 2231 2871 2299 οὖν,
2903 2234 3265 2289 ίδιοποιείσθω
3302 2237 3333 2288 6
3373 2232 3701 2296 ἐπίσκοποςτδ

514 2337 615 2393 ret,
641 2338 693 2384 et
720 2331 991 2400 peccatori
1023 2330 1169 2385 dicat
1199 2350 1212 2385 :
1247 2330 1323 2386 Te
1354 2331 1517 2385 modo
1548 2330 1634 2386 fac
1680 2340 1991 2397 convertas,
2020 2342 2068 2389 el

2176 2327 2571 2399 πλημμέλημα,
2618 2328 2712 2383 καὶ
2759 2327 2961 2395 λεγέτω
3005 2327 3083 2398 τῷ
3131 2327 3471 2400 ἡμαρτηκότι
3493 2367 3507 2391 ,
3549 2328 3619 2380 ὅτι
3653 2328 3701 2379 σύ

510 2438 610 2494 ego
637 2431 863 2477 mortem
891 2423 987 2476 tibi
1014 2422 1249 2476 debitam
1273 2423 1587 2491 suscipiam,
1617 2424 2064 2493 quemadmodum

2178 2422 2334 2493 μόνον
2362 2420 2708 2493 ἐπίστρεψον,
2750 2418 2904 2488 κάγὼ
2932 2419 3024 2472 τὸν
3056 2421 3195 2492 ὑπὲρ
3225 2419 3322 2474 σοῦ
3355 2419 3568 2476 θάνατον
3603 2421 3702 2473 ἁνα-

511 2514 775 2569 Dominus
798 2529 895 2583 pro
924 2529 1009 2568 me
1030 2521 1083 2568 et
1111 2530 1208 2583 pro
1238 2515 1489 2571 omnibus
1518 2524 1769 2573 mortuus
1804 2526 1908 2574 est.
1938 2516 2065 2572 Nam

2174 2512 2414 2584 δέξομαι,
2458 2512 2533 2575 ὡς
2572 2515 2601 2567 6
2644 2513 2847 2585 Κύριος
2890 2512 2982 2567 τὸν
3026 2513 3166 2585 ὑπὲρ
3206 2512 3344 2583 ἐμοῦ
3378 2515 3468 2567 καὶ
3506 2512 3698 2566 πάντων.

515 2626 536 2658 ι
572 2607 747 2662 bonus
796 2614 983 2676 pastor
1029 2607 1266 2661 animam
1324 2622 1479 2662 suam
1540 2609 1692 2679 ponit
1734 2625 1832 2680 pro
1879 2611 2069 2667 ovibus

2156 2605 2244 2658 "0
2292 2605 2493 2678 ποιμὴν
2540 2604 2649 2677 γὰρ
2689 2607 2718 2659 6
2759 2604 2920 2668 καλὸς
2974 2605 3073 2676 τὴν
3105 2604 3288 2677 ψυχὴν
3335 2602 3493 2659 αὑτοῦ
3532 2602 3701 2673 τίθησιν

511 2700 628 2755 suis
660 2719 674 2754 :
708 2698 1078 2754 mercenarius
1122 2705 1301 2753 autem
1330 2707 1384 2753 et
1427 2700 1520 2769 qui
1552 2716 1661 2755 non
1708 2708 1793 2756 est
1841 2710 2065 2773 pastor,

2174 2697 2314 2768 ὑπὲρ
2340 2696 2447 2749 τῶν
2483 2696 2784 2768 προϐάτωνδ
2826 2699 2856 2750 6
2884 2696 2939 2749 δὲ
2970 2695 3239 2768 μισθωτὸς
3284 2697 3378 2750 καὶ
3403 2697 3498 2749 οὐκ
3522 2693 3589 2748 ὢν
3614 2710 3702 2746 ποι-

507 2794 669 2865 cujus
700 2810 809 2847 non
840 2799 969 2847 sunt
995 2807 1123 2848 oves
1160 2792 1414 2862 pr0priae,
1451 2792 1595 2848 videt
1623 2793 1811 2863 lupum
1850 2794 2061 2850 venien«

2177 2788 2304 2861 μὴν,
2335 2780 2396 2841 οὗ
2422 2788 2521 2841 ούκ
2549 2788 2663 2842 ἐστι
2692 2787 2762 2842 τὰ
2788 2787 3036 2860 πρόϐατα
3069 2786 3207 2851 ἴδια,
3256 2787 3449 2859 θεωρεῖ
3472 2786 3554 2839 τὸν
3576 2783 3701 2839 λύκον

506 2897 642 2953 tem,
684 2906 704 2939 ι
738 2887 842 2940 hoc
870 2892 973 2949 est,
1004 2884 1301 2949 diabolum,
1342 2904 1360 2935 ι
1398 2894 1451 2940 et
1473 2886 1695 2940 dimittit
1723 2902 1873 2953 oves,
1904 2896 1957 2943 et
1982 2888 2060 2943 fu-

2174 2881 2801 2954 ἐρχόμενον,›τουτέστι,
2841 2880 2931 2935 τὸν
2952 2880 3194 2935 διάϐολον
3227 2880 3500 2953 (19),ικαὶ
3548 2878 3702 2948 ἀφίησι

508 2982 623 3052 git;
655 2988 709 3035 et
738 2980 900 3049 lupus
922 2978 1064 3047 rapit
1088 2992 1182 3033 eas
1206 2976 1269 3032 ⁸⁸,
1310 2997 1328 3030 ι
1368 2976 1636 3044 Quocirca
1668 2979 1809 3033 scire
1835 2986 2062 3049 oportet,

2173 2975 2243 3028 τὰ
2271 2974 2540 3046 πρόϐατα,
2569 2976 2662 3028 καὶ
2690 2974 2901 3044 φεύγει,
2930 2976 3069 3028 καὶὸ
3096 2973 3261 3037 λύκος
3303 2971 3529 3046 ἁρπάζει
3549 2966 3700 3024 αὐτὰ.»

506 3074 653 3144 quod
682 3072 846 3135 Deus,
878 3071 969 3141 qui
1000 3071 1312 3127 misericors
1338 3082 1442 3136 est,
1482 3073 1924 3144 delinquentibus
1953 3093 2060 3147 pte-

2173 3067 2385 3123 Είὸέναι
2435 3064 2529 3121 οὖν
2577 3068 2884 3140 προσήκει,
2947 3066 3029 3121 ὅτι
3080 3069 3191 3130 τοῖς
3238 3068 3600 3139 ἡμαρτηκόσιν
3635 3061 3703 3115 εὖ·

506 3164 791 3220 nitentiam
818 3162 1173 3233 jurejurando
1205 3164 1474 3233 promisit.
1508 3164 1610 3230 Qui
1657 3181 1785 3221 vero
1816 3166 2060 3238 deliquit,

2172 3161 2476 3233 σπλαγχνος
2502 3160 2576 3216 ὢν
2616 3163 2646 3216 ὀ
2675 3159 2826 3226 Θεὸς,
2875 3159 3014 3232 μετά
3040 3161 3204 3233 ὅρκου
3238 3161 3523 3232 μετάνοιαν
3560 3160 3700 3228 ἐπητ-

505 3273 561 3313 et
584 3259 726 3312 hanc
749 3257 815 3312 de
844 3256 1165 3327 poenitentia
1195 3256 1593 3327 professionem
1624 3257 1718 3313 Dei
1747 3260 1981 3330 ignorat,
2015 3270 2059 3316 ei

2167 3254 2401 3325 γείλατο’
2444 3257 2473 3311 6
2533 3254 2589 3309 δὲ
2633 3255 2954 3327 ἁμαρτήσας
3002 3254 3095 3307 καὶ
3134 3253 3233 3327 τὴν
3282 3252 3593 3323 ἐπαγγελίαν
3628 3248 3700 3301 τοῦ

506 3350 743 3404 divinam
772 3348 1245 3403 mansuetudinem
1289 3357 1451 3420 atque
1494 3352 1812 3421 patientiam
1857 3355 2060 3422 nescit,

2169 3347 2303 3403 Θεοῦ
2323 3348 2422 3420 τὴν
2451 3347 2579 3420 περὶ
2611 3345 2894 3418 μετάνοιαν
2925 3344 3155 3413 ἀγνοῶν,
3184 3346 3283 3400 καὶ
3309 3345 3369 3399 τὸ
3399 3341 3701 3417 μακρόθυμον

508 3446 839 3513 insuperque
865 3451 1083 3498 sanctas
1123 3441 1435 3512 Scripturas
1471 3446 1842 3514 pmnitentiam
1876 3447 2062 3517 prmdi:

2169 3441 2263 3495 καὶ
2291 3438 2609 3506 ἀνεξίκακον
2638 3437 2800 3493 αὑτοῦ
2845 3437 2918 3509 μὴ
2956 3437 3339 3508 ἐπιστάμενος,
3382 3436 3462 3491 ἔτι
3506 3435 3598 3507 μήν
3629 3432 3701 3487 καὶ

506 3546 695 3594 cantes
720 3554 830 3592 non
862 3537 1163 3607 cognoscit,
1198 3538 1427 3602 scilicet,
1464 3552 1494 3589 a
1519 3544 1570 3593 te
1598 3554 1706 3592 non
1733 3540 1992 3607 edoctus;
2022 3542 2060 3596 is

2168 3531 2267 3595 τάς
2299 3532 2459 3601 ἁγίας
2486 3529 2708 3601 Γραφάς
2733 3528 2833 3592 τάς
2859 3529 3062 3600 ταύτην
3090 3528 3470 3602 κηρυσσούσας
3493 3528 3550 3580 ού
3572 3521 3703 3594 γινώ-

506 3640 725 3702 propter
764 3630 1039 3685 inscitiam
1075 3630 1245 3699 perit;
1274 3637 1328 3683 at
1361 3638 1440 3695 tu,
1472 3638 1735 3700 tanquam
1784 3632 2060 3703 indulgens

2172 3639 2337 3688 σκων,
2360 3623 2455 3678 ἀτε
2480 3622 2553 3695 μὴ
2586 3620 2919 3694 μεμαθηκὼς
2946 3621 3097 3691 παρά
3126 3621 3241 3685 σοῦ,
3266 3620 3548 3675 ἀπόλλυται
3566 3618 3627 3682 ⁵⁹,
3650 3617 3700 3669 σὺ

507 3732 692 3791 pastor
726 3730 780 3777 et
811 3722 1091 3777 studiosus
1142 3722 1445 3791 pabulator,
1491 3725 1727 3794 require,
1771 3741 2061 3785 numerans

2168 3715 2223 3770 δέ
2254 3716 2330 3779 ὼς
2358 3714 2706 3787 φιλόστοργος
2747 3714 2949 3786 ποιμὴν
2996 3714 3088 3767 καὶ
3131 3714 3206 3776 ὠς
3238 3713 3516 3775 σπουδαῖος
3542 3710 3701 3781 νομεὺς

506 3828 720 3885 gregem
789 3833 801 3867 :
859 3812 1004 3885 quod
1062 3812 1404 3869 desideratur
1439 3815 1734 3887 investiga,
1780 3819 1922 3873 sicut
1961 3819 2060 3876 Do-

2168 3805 2442 3878 ἀναζήτει,
2484 3806 2731 3879 ἀριθμῶν
2758 3807 2855 3877 τὴν
2887 3806 3141 3877 ποίμνηνο
3173 3805 3235 3857 τὸ
3283 3805 3463 3859 λεῖπσδ
3500 3801 3699 3872 ἐκζήτει,

505 3910 687 3963 minus
715 3908 878 3971 Deus,
906 3907 1081 3961 bonus
1109 3908 1269 3961 Pater
1298 3914 1505 3971 noster,
1540 3910 1633 3977 qui
1664 3908 1939 3965 doctorem
1969 3928 2059 3967 no-

2168 3899 2244 3962 ὡς
2273 3898 2477 3972 Κύριος
2504 3902 2532 3952 ὁ
2561 3898 2692 3963 Θεὸς
2720 3901 2748 3953 ὁ
2777 3897 2980 3967 ἀγαθὸς
3000 3898 3187 3971 Πατὴρ
3207 3899 3388 3969 ήμῶνν
3420 3892 3701 3986 ἀποτξτείλδ

504 4010 677 4056 strum
722 3998 930 4063 Jesum,
971 3997 1165 4051 Filium
1208 4014 1389 4061 suum,
1428 4008 1704 4068 pastorem
1751 4002 1957 4057 bonum
2004 4019 2058 4060 ac

2166 3991 2256 4045 τὸν
2284 3990 2474 4045 ἐαυτοῦ
2501 3991 2629 4044 Υἱὸν
2660 3990 2891 4061 ποιμένα
2933 3990 3094 4044 καλὸν
3124 3991 3217 4043 καὶ
3254 3990 3481 4060 Σωτῆρα
3522 3983 3604 4040 τὸν
3641 3983 3700 4036 δι-

505 4090 841 4146 Salvatorem
879 4090 1050 4154 misit,
1089 4098 1137 4145 δι
1171 4089 1448 4144 mandavit
1477 4091 1525 4145 ei
1560 4092 1868 4164 relinquere
1895 4110 2059 4151 nona-

2167 4082 2430 4139 δάσκαλον
2476 4083 2631 4154 ἡμῶν
2674 4081 2898 4154 Ἰησοῦν,
2933 4081 3231 4153 ἐπιτρέψας
3280 4081 3427 4152 αὐτῷ
3470 4079 3610 4133 ἐάσαι
3646 4075 3700 4127 τὰ

503 4183 653 4255 ginta
698 4198 889 4238 novem
937 4197 1067 4239 oves
1114 4182 1171 4236 in
1200 4182 1502 4248 montibus,
1550 4191 1605 4239 et
1656 4202 1954 4257 properare
2000 4189 2057 4243 ad

2169 4175 2675 4248 ἐννενηκονταεννέα
2716 4176 2806 4229 ἐπὶ
2849 4176 2959 4249 (20)
3005 4174 3074 4228 τὰ
3117 4175 3241 4247 ὅρη,
3278 4176 3373 4229 καὶ
3412 4170 3699 4245 πορευθῆναι

502 4274 848 4345 quaerendam
877 4290 997 4330 eam
1025 4290 1146 4345 quae
1172 4283 1469 4340 erraverat,
1492 4276 1874 4349 inventamque
1905 4296 2056 4351 super

2168 4269 2260 4322 ἐπὶ
2288 4269 2388 4342 τὴν
2420 4266 2643 4341 ζήτησιν
2664 4267 2757 4321 τοῦ
2779 4267 3022 4338 πεπλανη
3032 4268 3212 4338 μένου,
3243 4268 3339 4321 καὶ
3366 4265 3576 4338 εὑρόντα
3595 4257 3698 4333 ἆραι

503 4367 759 4423 humeros
789 4383 919 4424 suos
944 4368 1214 4432 attollere,
1239 4374 1293 4423 et
1313 4367 1381 4421 ad
1411 4384 1624 4439 gregem
1656 4380 1895 4440 portare,
1934 4389 2057 4443 gau-

2168 4363 2407 4426 ἐπὶτοὺς
2438 4361 2629 4416 ἐαυτοῦ
2679 4360 2881 4433 ὤμους,
2929 4362 3021 4414 καὶ
3066 4361 3253 4432 φέρειν
3301 4362 3361 4415 ἐν
3404 4362 3469 4430 τῇ
3509 4356 3696 4427 ποίμνῃν

502 4460 680 4515 dendo
718 4462 785 4517 de
826 4462 944 4516 ovis
981 4461 1203 4531 perditae
1246 4463 1656 4532 recuperatione
1682 4464 1749 4518 “.
1775 4463 1900 4518 Pari
1934 4479 2056 4535 ergo

2143 4463 2144 4485 ‘
2168 4456 2425 4528 χαίροντα
2448 4456 2543 4510 ἐπὶ
2576 4458 2643 4528 τῇ
2673 4455 2884 4526 εὑρέσει
2911 4454 3005 4507 τοῦ
3035 4453 3392 4518 ἀπολωλότος.
3427 4451 3597 4515 Οὕτως
3624 4443 3697 4499 οὖν

503 4553 685 4617 modo,
716 4568 750 4606 ο
792 4552 1069 4623 episcope,
1112 4560 1167 4607 et
1192 4560 1248 4606 tu
1297 4552 1407 4608 Deo
1437 4554 1798 4611 obedientiam
1832 4564 2057 4626 prasta,

2170 4552 2405 4623 ὑπήκοος
2433 4551 2583 4619 γίνου
2612 4552 2706 4605 καὶ
2733 4545 2881 4616 σὺ,ὣ
2900 4551 3185 4616 ἐπίσκοπε,
3208 4550 3454 4624 ἐκζητῶν
3482 4550 3538 4602 τὸ
3560 4544 3694 4602 6mi-

503 4644 630 4699 dum
654 4647 809 4715 quod
840 4643 1074 4714 perierat
1096 4645 1351 4715 requiris,
1382 4647 1529 4717 quod
1560 4648 1906 4705 aberraverat
1934 4641 2057 4704 diri-

2165 4646 2320 4711 ωλὸς,
2350 4645 2691 4701 κατευθύνων
2730 4646 2793 4699 τὸ
2832 4645 3265 4716 πεπλανημένον,
3302 4636 3695 4716 ἐπιστρέφωντδ

573 4802 617 4834 ⁸³
648 4799 843 4856 Ezech.
865 4802 1163 4869 xxxm,10.
1239 4801 1457 4859 "Joan.
1493 4767 1555 4871 .x,
1592 4806 1674 4862 ll.
1752 4806 1798 4838 ⁵⁰
1828 4806 1899 4863 al.
1930 4805 2058 4863 add.
2094 4806 2124 4861 ὖ

1752 4806 1798 4838 ⁵⁰
1828 4806 1899 4863 al.
1930 4805 2058 4863 add.
2094 4805 2199 4861 ὕπὸ
2224 4808 2408 4873 ἀνοίας
2439 4848 2453 4861 .
2526 4809 2569 4840 ⁵¹
2602 4808 2787 4865 Matth.
2824 4822 2987 4874 Xvni;
3027 4806 3160 4862 Luc.
3208 4826 3296 4866 xv.

1802 4959 2168 5021 VARIORUM
2199 4962 2432 5020 ΝΟΤκΕ.

570 5110 683 5182 (Η)
736 5112 1107 5190 Ἐπιδεξτςνων.
1137 5110 1255 5190 Vox
1275 5120 1357 5190 est
1385 5113 1574 5190 nihili,
1606 5129 1704 5184 pro
1733 5129 1840 5190 qua
1870 5114 2052 5190 legen-

2240 5115 2353 5190 (16)
2396 5116 2685 5186 Ψυχικῆς.
2719 5116 2929 5190 Omittit
2960 5127 3207 5190 uterque.
3245 5135 3347 5175 nec
3375 5136 3503 5177 sane
3530 5133 3686 5175 neces-

498 5181 649 5254 dnin,
682 5189 784 5254 aut
816 5182 1060 5248 ἐπιὸέων,
1091 5192 1184 5237 aut
1212 5183 1535 5254 ἐπιδεσμῶν,
1578 5181 1636 5237 ιιι
1663 5181 1766 5241 (ξεί
1786 5185 1840 5239 in
1884 5181 2052 5242 altero

1582 5181 1636 5237 ιιι
1663 5181 1766 5241 est’
1786 5185 1840 5239 in
1884 5181 2055 5242 altero
2164 5181 2366 5242 sarium
2399 5181 2565 5241 est'et
2591 5181 2814 5242 oll'endit
2844 5204 3021 5242 aures.
3062 5181 3136 5245 In.

498 5250 685 5335 codice
730 5251 1264 5335 Vindobonensi,"ut
1309 5250 1511 5335 postea
1550 5255 1902 5335 rescivimus;
1950 5258 2052 5313 hoc

2197 5329 2207 5335 _
2230 5256 2342 5329 (17)
2379 5259 2483 5335 Εἰς
2506 5257 2717 5335 βοράν.
2750 5257 2972 5315 Rectius
3000 5274 3163 5330 quam
3194 5260 3360 5333 βορᾷ,
3386 5262 3525 5334 quod
3547 5270 3618 5316 est
3641 5258 3681 5311 iu

496 5332 601 5394 est,
638 5322 825 5394 ligans,
860 5332 918 5377 ut
958 5325 1135 5380 solent
1164 5324 1201 5377 ii
1231 5322 1324 5394 qui
1356 5324 1597 5379 membra
1643 5327 1815 5381 l‘racta
1860 5343 2055 5384 curare
2160 5322 2334 5382 altero
2362 5322 2676 5382 codicefln.

500 5392 708 5447 volunt.
739 5392 906 5448 Miror
932 5392 1263 5450 Coteleriuni
1286 5396 1387 5449 hoc
1416 5410 1522 5448 non
1549 5395 1768 5460 vidisse,
1801 5412 1925 5450 nam
1949 5398 2054 5453 hoc
2230 5397 2343 5460 (18)
2393 5398 2538 5449 ’Υπό
2565 5415 2757 5451 τινων.
2789 5397 3067 5454 Omittitur
3094 5398 3147 5453 in
3178 5402 3367 5456 altero.
3401 5400 3474 5457 In.

500 5401 708 5447 volunt.
739 5401 906 5448 Miror
932 5401 1254 5450 Cotelerium
1286 5401 1387 5449 hoc
1416 5410 1522 5448 non
1549 5401 1768 5460 vidisse,
1801 5412 1925 5450 nam
1949 5401 2053 5453 hoc

499 5463 648 5539 verbi
690 5473 993 5539 monstrum
1022 5466 1075 5539 in
1107 5465 1222 5539 Ind.
1251 5464 1442 5539 Graeco
1468 5467 1757 5539 recensuit.
1800 5469 2053 5539 titan.—

2256 5401 2320 5451 18
2393 5401 2538 5449 ’Υπό
2565 5415 2757 5451 τινων.
2789 5401 3067 5454 Omittitur
3094 5401 3147 5453 in
3178 5402 3367 5456 altero.
3401 5401 3474 5457 ln.

2229 5401 2343 5539 (19)
2384 5466 2657 5539 Τουτέστι
2685 5467 2790 5539 τὸν
2813 5468 3110 5524 διάϐολον.
3156 5470 3491 5528 Omittuntur
3524 5471 3574 5524 in
3614 5469 3677 5520 al-

498 5531 730 5586 Tantum
759 5535 913 5589 abest
938 5544 997 5588 ut
1054 5535 1309 5589 ἐπιδέννω
1336 5536 1547 5589 verbum
1577 5537 1835 5598 sitm’lcili,
1871 5545 1927 5591 ut
1958 5540 2053 5591 lia-
2159 5531 2298 5599 tero,
2323 5531 2382 5592 et
2411 5538 2643 5604 glossam
2673 5538 2935 5594 redolent.
2967 5539 3043 5594 lo.

500 5604 886 5665 beatur,sensu
904 5606 1089 5675 ligo,in
1107 5606 1419 5676 Symmachi
1442 5606 1691 5662 versione
1708 5607 2054 5673 ls.vr,testan-

501 5683 554 5728 te
575 5672 869 5731 l’roconio:
893 5675 1295 5731 ὲπιδεννομένου
1319 5676 1417 5731 (sc.
1440 5677 1788 5731 τραύματος).
1820 5680 2018 5731 ιδιιΑοιι.

2228 5608 2340 5731 (201)
2370 5607 2515 5662 Ἐπί.
2537 5608 2820 5663 Antecedit
2844 5611 2897 5663 in
2925 5610 3095 5666 altero
3130 5614 3251 5667 cod.
3283 5614 3377 5666 ἐπὶ
3412 5616 3472 5685 τῇ
3499 5610 3676 5682 ἐρήμῳ.

2156 5695 2275 5731 ulla:
2333 5677 2467 5731 acilc
2495 5678 2831 5731 exciderunt.
2866 5689 3084 5731 m'onter
3115 5683 3479 5731 remelitimiem
3506 5683 3676 5731 vocula

501 5683 554 5728 te
574 5672 869 5754 {recupioz
893 5672 1295 5754 ἐπιϐεννομένου
1312 5676 1417 5754 _(sc.
1440 5677 1788 5754 τραύματος).
1820 5680 2018 5754 [ἱερου.

2156 5672 2275 5754 qua:
2300 5672 2467 5754 facile
2495 5678 2832 5747 exciderunt,
2864 5689 3084 5753 propter
3115 5672 3479 5754 repetitionem
3506 5672 3677 5737 iam

568 5743 679 5815 (15)
694 5744 958 5801 Ἑαυτοῦ.
973 5746 1123 5801 Alter
1136 5743 1293 5803 habet
1307 5743 1548 5810 ἑαυτούς,
1577 5743 1849 5805 mendase.
1882 5746 2048 5806 Cum.

819 5743 1548 5810 κτοῦ.Διιοι·1];ιι›ριέἀυτούς,
1577 5743 1849 5805 mendase.
1882 5746 2048 5806 Cum.
2156 5743 2264 5805 ἐπί.
2297 5748 2373 5805 In.
