3936 6342
422 238 530 294 639
1273 230 1331 287 δ.
1369 198 1815 285 (ῖιιέιιΕΝτιει
1853 226 2022 283 non.

2126 224 2263 281 )N'l'.
2301 223 2529 279 OPEBA
2565 221 2791 279 DUBIA.
3557 224 3646 284 em

423 367 543 425 gem
570 359 726 405 tuum
765 348 1087 419 dissipabis,
1114 357 1171 402 et
1209 346 1583 402 devorandum
1621 344 1808 400 trades
1839 345 2005 415 lupis.

2126 365 2225 418 Em
2253 362 2491 431 δαίμοσι,
2527 361 2621 413 καὶ¹
2652 360 2907 430 πονηροῖς
2933 355 3259 429 ἀνθρώποις,
3293 355 3545 427 μᾶλλονᾶ
3566 362 3647 417 οὐκ

422 446 527 499 hoc
554 450 639 499 est
669 441 1010 498 daemonibus
1039 448 1095 495 et
1119 440 1304 511 pravis
1352 439 1699 504 hominibus;
1747 438 1857 492 imo
1885 453 2013 493 vero

2126 453 2423 526 ἀνθρώποις
2445 492 2459 516 ,
2538 450 2675 505 ἀλλά
2730 450 2939 522 θηρίοις
2994 446 3452 521 ἀνθρωποειδέσιν,
3533 451 3650 505 ἐθνι.

425 553 535 592 non
563 536 900 598 hominibus,
937 534 1031 589 sed
1080 532 1212 589 feris
1245 532 1483 587 humana
1529 530 1701 586 forma
1748 530 2009 600 praeditis,

2126 550 2232 609 κοῖς
2432 544 2529 597 καὶ
2568 542 2935 604 ἰουδαῖσταῖς,
2986 539 3081 592 καὶ
3112 537 3453 610 αἱρεσιὼταις
3479 540 3646 607 ἀθέοις·

424 630 662 687 ethnicis
690 644 904 699 nempe,
937 626 1141 683 Judaeis
1169 636 1222 683 et
1251 626 1435 697 impiis
1474 625 1767 681 haereticis.
1806 624 1851 657 “
1878 623 2013 679 Nam

2126 637 2193 709 τῷ
2222 635 2331 708 γάρ
2359 632 2678 705 ἐκϐληθέντι
2704 634 2804 704 τῆς
2836 631 3179 703 Ἑκκλησίας,
3214 630 3371 693 εὐθὺς
3388 631 3655 701 προσπελά-

426 722 495 777 ad
523 735 648 777 eum
677 723 771 791 qui
802 735 868 776 ex
902 718 1150 774 Ecclesia
1181 719 1395 788 ejectus
1422 725 1529 784 est,
1559 717 1822 772 continuo
1858 730 2017 770 acce-

426 815 567 871 dunt
593 814 889 869 truculenti
923 813 1060 885 lupi,
1097 820 1152 868 et
1179 812 1336 883 quasi
1379 827 1579 882 agnum
1628 811 1891 865 devorare
1920 824 2017 879 ge“

427 911 623 973 stiunt,
652 908 710 962 in
739 906 1023 978 proprium
1054 906 1269 959 lucrum
1318 910 1551 957 mortem
1583 902 1730 956 illius
1757 907 2019 971 reputan-

427 1011 543 1059 tes:
557 1001 758 1057 etenim
782 1001 998 1054 illorum
1020 1007 1172 1069 pater
1186 997 1456 1059 diabolus,
1474 993 1745 1050 homicida
1765 1001 1850 1048 est
1868 994 1940 1048 “z
1964 998 2019 1050 et

427 1095 521 1167 qui
555 1092 1101 1165 per-imprudentiam
1135 1097 1285 1144 tuam
1317 1089 1521 1159 injuste
1549 1095 1867 1158 segregatus
1892 1085 2017 1151 fuit,

430 1198 545 1242 tum
574 1187 798 1242 tristitia
843 1200 1162 1257 oppressus,
1198 1191 1253 1239 et
1295 1182 1495 1252 pusillo
1538 1181 1721 1236 animo
1756 1180 2016 1249 eﬁ'ectus;

432 1289 526 1335 aut
553 1280 621 1334 ad
649 1270 836 1351 gentes
862 1280 1198 1350 evagabitur,
1244 1284 1339 1331 aut
1388 1276 1761 1346 implicabitur
1792 1273 2023 1329 haeresi.

2126 1280 2452 1353 δισθήσεται,
2504 1280 2596 1332 καὶ
2630 1276 2907 1340 παντελῶς
2950 1276 3050 1347 τῆς
3107 1276 3430 1348 Ἐκκλησίας
3466 1276 3549 1329 καὶ
3581 1276 3659 1347 τῆς

431 1373 571 1439 bus;
604 1380 659 1427 et
691 1372 759 1426 ab
787 1370 1028 1427 Ecclesia
1070 1387 1136 1423 ac
1157 1386 1255 1441 spe
1285 1370 1341 1424 in
1373 1369 1539 1424 Deum
1570 1368 1788 1438 penitus
1814 1366 2021 1422 abalie-

2126 1374 2201 1436 είς
2243 1372 2374 1425 Θεὸν
2420 1370 2633 1433 ἐλπίδος
2676 1367 3269 1441 ἀπαλλοτριωθήσεται,
3315 1370 3406 1423 καὶ
3444 1368 3662 1438 συμποδι-

431 1465 671 1531 nabitur,
711 1471 874 1534 atque
923 1464 992 1518 ab
1039 1463 1320 1534 impietate
1370 1460 1781 1532 compedietur;
1817 1460 2022 1528 liesque

2126 1464 2379 1537 σθήσεται
2409 1464 2514 1517 ὑπὸ
2541 1463 2815 1527 ἀσεϐείας,
2865 1463 2958 1516 καὶ¹
3002 1463 3209 1535 γενήσῃ
3252 1462 3315 1515 σὺ
3360 1462 3455 1533 τῆς
3491 1461 3660 1514 ἐκείνου

435 1567 491 1611 ιιι
541 1558 609 1611 dc
662 1557 810 1611 illius
856 1556 1076 1612 interitu
1135 1572 1283 1611 reus.
1315 1553 1487 1609 Porro
1528 1568 1745 1624 aequum
1789 1567 1899 1606 non
1938 1560 2022 1606 est

2126 1556 2399 1619 ἀπωλείας
2428 1555 2626 1627 ἔνοχος.
2659 1555 2734 1609 Οὐ
2763 1554 2872 1624 γάρ
2900 1554 3105 1607 δίκαιόν
3134 1555 3306 1617 ἐστιν,
3350 1554 3549 1624 ἕτοιμον
3587 1555 3661 1624 μὲν

2118 818 2397 891 ἡγοῦνται,
2431 816 2621 889 κέρδος
2668 817 2799 871 ῖδιον
2842 816 3130 888 ἡγούμενοι
3178 815 3280 885 τὴν
3313 814 3507 867 ἐκείνου
3532 814 3657 868 ἀπὼ-

2118 913 2288 966 λειαν·
2337 911 2434 965 καὶ
2478 909 2589 982 γὰρ
2632 912 2660 964 ὁ
2702 909 2908 964 τούτων
2938 909 3123 981 πατὴρ
3149 906 3391 970 διάϐολος
3416 906 3657 979 ἀνθρωπο-

2119 1003 2306 1068 κτόνος
2370 1003 2506 1057 ἐστι·
2557 1003 2650 1055 καὶ
2696 1004 2725 1056 ὁ
2767 1001 2857 1055 διά
2898 1002 2998 1073 τῆς
3045 1001 3143 1072 σῆς
3184 1000 3452 1071 ἀκρισίας,
3493 999 3658 1063 ἀδίκως

2120 1096 2456 1169 ἀφορισθεὶς,
2478 1095 2570 1148 καὶ
2594 1094 2803 1165 ἀθυμίᾳ
2832 1092 3134 1164 συσχεθεὶς,
3160 1093 3255 1145 καὶ
3285 1090 3655 1162 ὀλιγσᾲυχήσας,

2120 1190 2154 1262 ἢ
2189 1192 2267 1253 είς
2297 1188 2424 1260 ἔθνη
2457 1185 2992 1257 ἀποπλανηθήσεταιδ,
3027 1185 3060 1256 ἦ
3106 1186 3187 1248 εἰς
3229 1184 3463 1257 αἱρέσεις
3488 1200 3660 1254 συμπο-

435 1660 745 1720 promptum
773 1649 993 1719 quidem
1023 1664 1146 1704 esse
1189 1648 1256 1702 ad
1294 1646 1622 1716 ejiciendum
1653 1652 2018 1715 peccatorem,

2126 1641 2263 1702 εἶναι
2290 1646 2571 1701 ἐκϐάλλειν
2598 1647 2689 1700 τὸν
2719 1646 3095 1719 ἡμαρτηκότα,
3117 1647 3350 1718 ὀκνηρὸν
3369 1645 3422 1698 δὲ
3443 1646 3663 1716 ὑπάρχειν

433 1742 651 1799 tardum
675 1755 805 1796 vero
849 1740 916 1795 ad
966 1739 1338 1809 recipiendum
1375 1752 1739 1805 conversum;
1769 1744 1823 1792 et
1848 1744 2019 1793 teme-

2126 1743 2200 1805 είς
2228 1741 2290 1794 τὸ
2318 1738 2711 1813 προσδέχεσθαι
2738 1705 3280 1809 τὸνέπιστρέφοντα,
3307 1739 3397 1790 καὶ
3418 1705 3661 1808 πρόχειρον

436 1835 642 1888 rarium
674 1832 893 1902 quidem
924 1833 991 1887 ad
1018 1829 1411 1901 amputandum
1456 1829 1723 1892 existere,
1756 1829 2017 1883 immitem

2126 1834 2223 1906 μὲν
2254 1836 2333 1897 εἰς
2359 1834 2421 1887 τὸ
2448 1832 2801 1897 ἀποκόπτειν,
2824 1831 3024 1903 ἀνηλεῆ
3053 1831 3109 1883 δὲ
3131 1832 3213 1894 εἰς
3239 1831 3299 1884 τὸ
3324 1831 3413 1884 τὸν
3440 1830 3662 1899 ἀλγοῦντα

435 1936 616 1989 autem
664 1927 728 1981 ad
772 1925 1096 1980 medendum
1146 1924 1392 1990 dolenti;
1443 1922 1512 1977 de
1552 1923 1756 1977 talibus
1802 1922 2020 1977 dicente

2126 1926 2325 1981 ἰᾶσθαι·
2377 1927 2505 1998 περὶ
2534 1925 2643 1998 γάρ
2670 1925 2778 1979 τῶν
2806 1924 3064 1979 τοιούτων
3093 1924 3243 1993 λέγει
3273 1926 3306 1995 ἡ
3337 1923 3450 1977 θεία
3477 1924 3659 1995 Γραφή-

438 2020 719 2091 Scriptura
760 2018 981 2073 divina:
1021 2037 1039 2070 ‹
1084 2016 1258 2072 Pedes
1302 2031 1492 2070 eorum
1516 2014 1582 2069 ad
1606 2013 1871 2067 malitiam
1902 2028 2023 2068 cur-

2127 2040 2146 2072 ι
2175 2022 2238 2073 Οί
2271 2020 2429 2083 πόδες
2462 2020 2640 2073 αὐτῶν
2687 2021 2767 2083 εἰς
2796 2020 2995 2073 κακίαν
3034 2018 3309 2091 τρέχουσι·
3352 2018 3545 2089 ταχινοί
3582 2020 3661 2070 εἰσι

439 2124 567 2167 runt
600 2133 612 2167 :
642 2113 856 2168 veloces
897 2118 1025 2166 sunt
1066 2110 1132 2164 ad
1160 2108 1547 2165 ell‘uudendum
1578 2105 1901 2177 sanguinem
1924 2105 1969 2137 “
2002 2124 2015 2160 :

437 2206 697 2262 contritio
720 2212 774 2259 et
801 2204 1021 2260 miseria
1046 2204 1101 2258 in
1125 2204 1225 2257 viis
1250 2218 1462 2265 eorum,
1488 2206 1541 2255 et
1563 2199 1705 2253 viam
1729 2198 1882 2269 pacis
1911 2213 2020 2253 non

437 2305 857 2375 cognoverunt:
892 2312 1003 2351 non
1049 2304 1133 2352 est
1180 2296 1345 2349 timor
1392 2292 1486 2348 Dei
1518 2302 1643 2347 ante
1682 2291 1873 2346 oculos
1922 2305 2023 2351 eo-

439 2408 559 2446 rum
588 2391 655 2444 “.
687 2408 705 2440 ι
736 2387 835 2442 Via
858 2396 1035 2443 autem
1060 2390 1214 2459 pacis
1253 2398 1336 2442 est
1359 2385 1622 2440 Servator
1652 2390 1839 2439 noster
1860 2381 2023 2437 Jesus

437 2484 714 2546 Christus,
747 2482 840 2552 qui
884 2482 1047 2537 etiam
1074 2496 1174 2535 nos
1203 2479 1391 2535 docuit
1414 2478 1500 2532 his
1522 2476 1703 2531 verbis
1732 2494 1745 2529 :
1775 2493 1793 2525 ι
1827 2472 2024 2528 Dimit-

438 2579 558 2642 tite,
580 2578 648 2648 et}
671 2575 977 2632 dimittetur
1007 2574 1193 2641 vobis;
1215 2574 1358 2635 date,
1389 2580 1444 2627 et
1479 2569 1696 2625 dabitur
1714 2568 1868 2623 vobis
1886 2570 1961 2635 ‘6;
2002 2587 2021 2619 ι

440 2672 544 2727 hoc
562 2681 668 2733 est,
684 2670 807 2724 date
822 2678 1171 2739 peccatorum
1194 2664 1593 2727 remissionem,
1607 2671 1661 2717 et
1677 2660 2025 2716 remitte-tur

439 2765 593 2820 vobis
614 2764 812 2819 delicta
839 2781 851 2816 :
870 2758 1329 2831 quemadmodum
1350 2763 1406 2811 et
1430 2771 1527 2825 per
1547 2753 1848 2807 orationem
1873 2750 2025 2805 insti-

440 2858 546 2911 tuit
566 2871 687 2920 nos,
714 2854 853 2909 utad
876 2852 1042 2907 Deum
1070 2851 1380 2906 diceremus
1406 2868 1419 2904 :
1456 2867 1475 2899 ι
1500 2846 1723 2901 Dimitte
1744 2845 1904 2899 nobis
1924 2842 2023 2898 de-

440 2949 555 3003 bita
582 2955 792 3010 nostra,
824 2947 967 3003 sicut
1006 2953 1060 2999 et
1088 2959 1189 2998 nos
1210 2941 1538 2997 dimittimus
1559 2938 1899 2994 debitoribus
1925 2952 2026 2992 no—

2120 2111 2214 2165 τοῦ
2261 2111 2472 2181 ἐκχέειν
2517 2106 2675 2181 αἷμα·
2746 2110 3059 2182 σύντριμμα
3120 2111 3217 2164 καὶ
3261 2110 3580 2182 ταλαιπωρία
3620 2114 3663 2165 ἐν

2120 2207 2240 2268 ταῖς
2267 2204 2404 2267 ὁδοῖς
2431 2204 2632 2265 αὐτῶν,
2662 2205 2756 2257 καὶ
2776 2204 2891 2257 ὁδὸν
2921 2205 3146 2276 εἰρήνης
3173 2206 3274 2257 οὐκ
3305 2204 3549 2272 ἔγνωσαν·
3588 2206 3661 2259 οὐκ

2124 2298 2236 2351 ἔστι
2281 2297 2444 2366 φόϐος
2487 2296 2621 2349 Θεοῦ
2664 2287 2926 2354 ἀπέναντι
2971 2297 3078 2350 τῶν
3117 2298 3411 2369 ὀφθαλμῶν
3454 2299 3658 2351 αὐτῶν.»

2135 2390 2283 2454 Ὁδὸς
2309 2390 2366 2443 δὲ
2395 2390 2616 2461 εἰρήνης
2643 2391 2789 2443 ἐστὶν
2818 2392 2847 2443 ὁ
2873 2390 3065 2462 Σωτὴρ
3092 2390 3253 2461 ἡμῶν
3296 2390 3487 2461 Ἰησοῦς
3509 2392 3535 2443 ὁ
3560 2391 3663 2460 Χρι-

2127 2483 2269 2547 στὸς,
2314 2482 2375 2546 ὃς
2418 2482 2512 2536 καὶ
2567 2480 2802 2545 ἐδίδαξεν
2852 2482 3000 2551 ἡμᾶς
3060 2481 3259 2549 λέγων·
3297 2502 3317 2534 ι
3350 2484 3549 2550 Ἄφετε,
3592 2483 3663 2534 καὶ

2124 2574 2455 2645 ἀφεθήσεται
2487 2574 2635 2645 ὑμῖν,
2666 2572 2854 2637 δίδοτε,
2886 2574 2980 2627 καὶ
3019 2572 3306 2645 δοθήσεται
3334 2575 3472 2645 ὑμῖν·
3497 2593 3513 2625 ι
3541 2590 3661 2626 τουτ-

2126 2665 2260 2729 έστι,
2291 2665 2461 2718 δίδοτε
2505 2666 2697 2735 ἄφεσιν
2741 2664 3044 2738 ἁμαρτιῶν,
3088 2667 3185 2718 καὶ
3227 2666 3535 2739 ἀφεθήσεται
3560 2666 3661 2736 ύμῖν

2124 2757 2194 2812 τά
2224 2758 2644 2831 παραπτώματα
2675 2759 2805 2830 (51)·
2857 2758 2934 2823 ὡς
2961 2760 3055 2814 καὶ
3095 2759 3185 2813 διά
3225 2761 3322 2831 τῆς
3363 2760 3513 2831 εὐχῆς
3548 2762 3662 2830 ἡμᾶς

2126 2850 2409 2904 ἐπαίδευσε
2449 2851 2625 2920 λέγειν
2672 2852 2807 2922 πρὸς
2859 2852 2950 2905 τὸν
3003 2851 3154 2905 Θεόν·
3196 2872 3215 2904 ι
3259 2854 3423 2922 Ἄφες
3462 2854 3573 2923 ἡμῖν
3611 2852 3664 2903 τά

443 3040 573 3095 stris
584 3041 650 3093 ⁸⁸⁷.
674 3059 693 3092 ι
710 3039 890 3105 Quare
915 3038 961 3092 si
990 3035 1371 3107 peccatoribus
1397 3034 1612 3089 veniam
1633 3047 1743 3085 non
1757 3029 2020 3091 tribuitis,

2126 3035 2449 3107 “catis-mmini.
2485 3056 2502 3087 ι
2552 3035 2675 3090 Ἐάν
2718 3032 2809 3089 οὖν
2857 3035 2931 3108 μὴ
2977 3037 3150 3109 ἀφῆτε
3193 3039 3306 3100 τοῖς
3349 3035 3663 3107 ἡμαρτηκόσι,

442 3132 716 3204 quomodo
747 3139 1094 3202 peccatorum
1127 3135 1433 3193 vestrorum
1468 3124 1680 3179 veniam
1709 3121 2026 3195 accipietis?

2130 3128 2245 3193 πῶς
2277 3130 2432 3200 ὑμεῖς
2460 3128 2691 3201 λήψεσθε
2721 3130 2819 3201 τὴν
2852 3130 3044 3199 ἄφεσιν
3071 3129 3181 3183 τῶν
3213 3129 3484 3201 ἁμαρτιῶν
3509 3126 3662 3199 ύμῶνς

442 3227 525 3282 An
551 3241 660 3281 non
680 3232 872 3280 contra
894 3239 991 3279 vos
1033 3222 1181 3291 ipsos
1213 3218 1394 3290 ligatis
1413 3257 1428 3282 ,
1454 3232 1582 3271 cum
1612 3215 1797 3271 dicitis
1827 3229 1925 3269 vos
1951 3214 2026 3268 di-

2128 3220 2247 3292 ούχὶ
2266 3221 2569 3274 τούναντίον
2590 3223 2813 3285 ἑαυτοὺς
2834 3220 2944 3292 (5'2)
2961 3221 3275 3293 δεσμεύετε,
3298 3222 3527 3290 λέγοντες
3543 3220 3663 3288 ἀφιέ-

442 3319 680 3382 mittere,
706 3324 760 3374 et
785 3332 889 3371 non
914 3313 1226 3369 dimittitis?
1250 3312 1443 3365 Annon
1464 3318 1647 3365 vestro
1666 3309 1747 3363 ori
1765 3323 2026 3378 repugna-

2128 3332 2235 3378 ναι,
2267 3315 2360 3369 καὶ
2403 3315 2475 3387 μὴ
2506 3315 2789 3384 ἀφιέντες;
2822 3315 2883 3368 οὐ
2926 3314 3004 3387 τῷ
3046 3316 3259 3369 ἑαυτῶν
3298 3316 3508 3387 στόματι
3544 3315 3659 3366 ἐναν·

445 3412 594 3475 bitis,
617 3407 869 3470 dicendo,
901 3407 1249 3470 Dimittimus,
1280 3412 1333 3459 et
1369 3419 1477 3459 non
1509 3399 1865 3459 dimittendo?
1910 3398 2026 3455 Sci-

2127 3406 2478 3481 τιωθήσεσθε,
2508 3408 2756 3477 λέγοντες
2783 3408 3023 3477 ἀφιέναι,
3055 3410 3149 3462 καὶ
3184 3410 3260 3482 μὴ
3301 3408 3565 3478 ἀφιέντεςς
3601 3424 3659 3474 γι-

2128 3499 2364 3555 νώσκετε
2412 3500 2521 3573 γὰρ
2564 3502 2647 3555 ὅτι
2689 3503 2717 3555 ὁ
2757 3501 2849 3554 τὸν
2880 3501 2954 3573 μὴ
2988 3500 3325 3574 ἀδικήσαντα
3351 3497 3663 3567 ἐκϐάλλων,ἦ

2127 3594 2220 3647 τὸν
2247 3593 2639 3665 ἐπιστρέφοντα
2670 3593 2744 3665 μὴ
2774 3593 3224 3665 προσδεχόμενος,
3259 3597 3442 3666 φονεὺς
3470 3592 3570 3663 (3'5)
3594 3589 3665 3643 τοῦ

2130 3684 2357 3755 ἀδελφοῦ
2386 3684 2550 3740 αὑτοῦ
2577 3687 2717 3749 ἐστι,
2749 3687 2842 3739 καὶ
2870 3679 3010 3757 αἷμα
3038 3687 3243 3758 ἐκχέει,
3274 3688 3349 3751 ὡς
3374 3685 3505 3740 Καῖν
3534 3681 3664 3736 Ἅϐελ

2129 3778 2223 3833 τοῦ
2254 3778 2481 3849 ἀδελφοῦ
2512 3778 2647 3851 (54),
2678 3779 2771 3832 καὶ
2797 3780 2859 3833 τὸ
2887 3774 3025 3852 αἷμα
3051 3780 3219 3834 αὑτοῦ
3254 3780 3386 3852 βοῶν
3414 3778 3537 3850 πρὸς
3561 3775 3664 3829 Θεὸν

2130 3870 2580 3945 ἐκζητηθήσεται·
2648 3872 2855 3937 δίκαιος
2897 3874 3005 3946 γὰρ
3048 3874 3249 3939 ἀδίκως
3291 3872 3548 3944 φονευθεὶς
3585 3867 3666 3921 ὑπό

2130 3983 2296 4031 τινος,
2326 3966 2481 4037 παρά
2506 3966 2624 4039 Θεῷ
2652 3968 2712 4020 ἐν
2739 3967 3041 4021 ἀναπαύσει
3070 3967 3225 4023 ἔσται
3269 3972 3346 4033 είς
3383 3967 3469 4026 τὸν
3507 3963 3661 4017 αἰῶνα·

2131 4059 2391 4124 ὡσαύτως
2419 4062 2512 4113 καὶ
2540 4063 2568 4115 ὁ
2599 4061 2844 4132 ματαίως
2869 4059 2980 4133 (55)
3002 4061 3316 4132 ἀφορισθεὶς
3344 4060 3444 4115 ὑπὸ
3460 4057 3542 4113 τοῦ
3566 4058 3665 4109 ἑπι-

2134 4152 2355 4208 σκόπου.
2399 4153 2458 4207 '0
2493 4154 2592 4225 μὲν
2620 4153 2867 4208 ἐκϐαλὼν
2895 4155 2971 4218 ὡς
3002 4154 3187 4225 λοιμὸν
3218 4156 3308 4209 τὸν
3336 4154 3571 4213 ἀναίτιον,
3595 4165 3668 4200 πι-

2133 4244 2389 4318 κρότερος
2429 4246 2637 4315 φονέως
2678 4249 2708 4300 ὁ
2749 4246 3007 4310 τοιοῦτος,
3038 4248 3136 4302 οὐκ
3177 4246 3393 4319 ἀφορῶν
3420 4248 3492 4310 είς
3514 4243 3567 4297 τὸ
3590 4238 3666 4294 τοῦ

2133 4337 2270 4392 Θεοῦ
2322 4337 2491 4405 ἔλεος,
2537 4338 2658 4394 οὐδὲ
2707 4340 3061 4411 μνημονεύων
3106 4341 3273 4396 αὐτοῦ
3324 4343 3419 4414 τὴν
3460 4338 3545 4392 ἐπὶ
3577 4334 3664 4394 τοῖς

443 3512 557 3560 tote
583 3504 728 3560 enim
757 3503 904 3573 quod
939 3502 1031 3572 qui
1064 3500 1214 3555 nulla
1244 3499 1533 3569 iniquitate
1577 3504 1891 3552 contactum
1940 3495 2032 3550 ab-

439 3598 583 3668 jicit,
609 3604 702 3651 aut
726 3596 791 3650 ad
826 3595 1023 3649 bonam
1056 3594 1264 3664 frugem
1303 3606 1582 3647 reversum
1611 3605 1721 3645 non
1764 3587 2026 3651 admittit,

447 3691 634 3746 fratris
658 3690 745 3745 sui
768 3688 1087 3744 interfector
1106 3695 1211 3752 est,
1234 3696 1289 3742 et
1311 3684 1633 3757 sanguinem
1670 3683 1793 3753 ejus
1826 3681 2026 3747 fundit,

448 3794 509 3839 ut
531 3783 736 3840 Caiuus
770 3782 925 3837 Abeli
965 3781 1187 3850 fratris;
1221 3780 1556 3851 sanguisque
1596 3774 1747 3833 illius
1784 3779 2030 3833 clamans

448 3876 516 3930 ad
569 3875 761 3944 Deum,
802 3874 1116 3945 requiretur
1164 3873 1231 3930 “.
1276 3871 1466 3928 Justus
1508 3870 1711 3944 quippe
1755 3870 1957 3939 injuste
1999 3884 2030 3924 a

448 3983 725 4040 quoquam
766 3967 1010 4032 occisus,
1034 3966 1178 4037 apud
1220 3964 1391 4022 Deum
1430 3964 1739 4035 requiescet
1780 3963 1837 4017 in
1880 3969 2034 4017 aeter-

450 4075 606 4123 num,
637 4068 694 4115 et
722 4058 887 4115 simili
909 4058 1074 4115 modo
1105 4058 1199 4130 qui
1228 4056 1297 4112 ab
1328 4056 1591 4127 episcopo
1613 4068 1898 4127 perperam
1921 4052 2035 4110 fue-

450 4152 522 4206 rit
541 4152 1068 4208 excommunicatus.
1095 4149 1203 4206 Sed
1221 4149 1313 4220 qui
1329 4148 1686 4219 inculpatum,
1701 4145 1859 4218 quasi
1887 4156 2033 4202 esset

451 4245 782 4311 scelerosus,
824 4246 1105 4311 eliminat,
1153 4243 1201 4301 is
1238 4244 1631 4313 interemptore
1677 4241 1873 4297 saevior
1922 4246 2030 4305 est,

450 4351 563 4395 non
591 4339 892 4411 respiciens
940 4339 1007 4394 ad
1050 4335 1487 4394 misericordiam
1524 4334 1642 4397 Dei,
1680 4349 1783 4390 nec
1824 4347 2033 4390 memor

522 4500 570 4533 θ’
588 4499 765 4583 lgpat.
800 4500 867 4553 ad
893 4498 1134 4583 _S_m1I_-n.
1156 4498 1281 4583 ἐξ...
1300 4494 1521 4583 ἐξησιοιιιι
1555 4510 1678 4583 ηιξ,
1714 4494 1803 4583 4‘4“.
1827 4565 1865 4583 η
1915 4494 1962 4526 ⁸⁸
1994 4494 2026 4550 P

2126 4509 2160 4551 ι.
2200 4508 2241 4561 ι,
2302 4495 2400 4564 16;
2452 4491 2524 4552 is.
2557 4512 2680 4565 1.1x;
2731 4496 2892 4554 Rom.
2948 4515 3028 4566 ιιι,
3083 4500 3170 4556 l5.

1626 4510 1678 4571 ῃ,
1714 4498 1803 4571 ιιι.
1832 4565 1865 4571 _
1915 4498 1962 4526 σι
1994 4498 2026 4550 ι]

2126 4509 2160 4551 r.
2200 4508 2241 4561 ι,
2302 4498 2400 4564 16;
2452 4498 2524 4552 is.
2557 4512 2680 4565 1.1x;
2731 4498 2892 4554 Rom.
2948 4515 3028 4566 ιιι,
3083 4500 3170 4556 l5.
3276 4498 3479 4556 "Psal.
3525 4510 3659 4557 xm,

450 4569 510 4630 2.
586 4564 1088 4633 “Luc.v1,57,58.
1155 4568 1201 4599 ⁵⁷
1233 4564 1428 4623 Matth.
1468 4582 1547 4631 vt,
1588 4565 1676 4620 1'2.
1749 4567 1795 4597 ⁵⁸
1825 4565 1961 4622 Gen.
1995 4581 2072 4621 ιν.

1753 4744 2125 4801 VARIORUM
2156 4744 2391 4802 ΝΟΤᾹΞ.

524 4928 659 4999 (29)-
681 4925 988 4999 Ἑθνικοῖς,
1018 4925 1117 4999 καὶ
1158 4923 1568 4999 Ἰουδαῖονταῖς,
1617 4921 1717 4978 καὶ
1771 4923 2026 4999 αἱρεᾳιώ-

2138 4920 2507 4999 {mlaistarum
2556 4924 2670 4990 dat,
2728 4942 2794 4982 eo
2841 4927 2986 4996 quod
3042 4925 3259 4997 Legem,
3292 4927 3564 4997 Pr0pbetas
3604 4934 3653 4971 ac

452 4990 1192 5067 τιιὶς.’.1ιιιιιιὶειιιε,ὀρίιιοι·,
1235 4994 1488 5065 appellat,
1527 5009 1637 5049 non
1676 5002 1784 5049 tam
1817 4990 2034 5067 Judazos
2137 4990 2309 5067 Delum
2338 4992 2789 5067 Judaaorumnon
2821 4990 3161 5067 aversentur.
3187 4990 3319 5054 Cor.

454 5061 616 5140 quain
644 5061 1028 5140 judaizantes:
1046 5061 1324 5133 Quocirca
1340 5068 1540 5140 statim
1572 5072 1733 5140 Apost,
1760 5066 2026 5140 _gentium

2169 5139 2172 5140 ν
2204 5061 2317 5133 ('50)
2346 5065 2853 5140 Προᾳπελάζουσι.
2902 5068 3051 5121 Alter
3082 5066 3240 5140 Vind.
3288 5066 3649 5140 προσπαίζουσι.

454 5131 719 5196 (ἰυιιιθιῐιιι
740 5154 805 5193 ac
848 5131 1143 5209 haereseon
1185 5136 1527 5209 mentionem
1567 5131 1717 5209 facit,
1754 5131 2026 5209 Judaistas

2130 5139 2184 5185 et
2215 5131 2338 5209 me}
2370 5131 2445 5201 ὡς
2471 5135 2643 5201 λύκοι,
2677 5138 2871 5193 deinde
2896 5153 2998 5207 pro
3021 5139 3299 5209 ἡγοῦνται,
3330 5131 3450 5193 αὐτὸ
3479 5131 3651 5188 ποιοῦν-

454 5211 825 5277 complectens
871 5209 925 5264 in
965 5207 1235 5263 lnereticis
1267 5207 1435 5277 [Ὅτι
1464 5205 1647 5277 κού-δεῖ
1670 5207 2026 5277 Χριστιανοὺς

2130 5218 2254 5277 ταιᾷ
2272 5205 2445 5277 CLEB.

468 5227 825 5334 Butltgecwns
871 5227 925 5264 In
965 5227 1235 5263 ιιξεΐειιοιδ
1267 5227 1279 5261 ἒ
1341 5227 1435 5260 υτι
1477 5227 1537 5259 ου
1568 5227 1644 5259 οει
1676 5227 2026 5277 Αριστιανους

468 5281 569 5339 ’1ου
634 5280 795 5345 ἲζειν,
836 5290 920 5335 est
957 5279 1027 5334 29
1077 5294 1254 5334 canon
1293 5276 1496 5350 Synodi
1536 5275 1892 5350 Laodicenae,
1937 5274 2026 5350 καὶ

2130 5227 2240 5257 ται.
2359 5227 2385 5257 r;
2432 5250 2445 5261 .

2202 5227 2805 5350 (Ξῦιῖηῗιραπτὼματα.
2839 5277 3003 5334 Addit
3039 5280 3175 5336 alter
3202 5277 3550 5350 cederemv.
3572 5269 3641 5350 ιιι).

456 5353 515 5405 ἐν
549 5350 627 5422 τῷ
672 5349 938 5422 Σαϐϐάτῳ
971 5349 1271 5422 σχολάζειν,
1306 5346 1441 5422 ἀλλά
1477 5346 1803 5422 ἐργάζεσθαι
1835 5346 2031 5422 αὐτοὺς

456 5424 516 5476 ἐν
548 5417 615 5493 τῇ
642 5424 795 5493 αὐτῇ
835 5417 1045 5493 ἡμέρα,
1064 5422 1175 5493 τὴν
1309 5417 1589 5493 Κυριακὴν
1616 5417 2032 5493 προτιμῶντας,

458 5434 516 5476 ιν
548 5439 582 5474 τ
660 5434 795 5493 αυτῃ
835 5434 1038 5492 ημερα,
1075 5434 1175 5493 την
1221 5434 1277 5474 οε
1309 5434 1589 5489 λυριακην
1633 5436 1674 5470 π
1711 5434 1791 5471 οτι

458 5434 860 5560 εῐγεῗάύναιντο,
890 5476 1170 5561 σχολάζειν
1207 5490 1283 5553 ὡς
1315 5488 1646 5561 ΧριστιανοίΪ
1678 5434 1741 5540 Et
1783 5434 1849 5539 ἐξ

2341 5340 2648 5422 Ἐιὶιξτούςξ
2678 5349 2826 5404 Alter
2854 5350 3046 5404 ἑαυτὸν
3074 5350 3351 5422 δεσμεύεις
3376 5340 3543 5415 λέῆων.
3572 5340 3646 5395 Μί-

2139 5427 2244 5469 nus
2275 5417 2429 5474 bene.
2459 5419 2534 5472 In.

1858 5487 2026 5569 ..εὑρε-

2184 5487 2328 5569 ⁸(Ξᾷ)
2356 5491 2600 5569 φονεύς.
2652 5488 2890 5562 Uterque
2933 5491 3084 5558 cod.,
3128 5490 3335 5562 φονεύει
3358 5489 3440 5542 τὸν
3466 5478 3645 5547 ἀδελφὸν

460 5556 599 5618 υεῖεν
629 5556 960 5624 Ἰουδαῖσταὶ,
983 5560 1221 5616 ἔστωσαν
1241 5556 1486 5629 ἀνάθεμα
1508 5557 1658 5629 παρὰ
1676 5556 1910 5629 Χριστῷ.
1943 5556 2034 5629 Sic
2138 5556 2322 5629 cat-3:05.
2356 5558 2427 5613 In.

460 5575 599 5618 υεῐεν
630 5575 960 5624 ἰουοαῑσται,
983 5575 1221 5616 εστωσαν
1241 5575 1486 5629 αναυεμα
1508 5575 1658 5629 παρα
1676 5575 1720 5611 Α
1764 5575 1910 5627 ιστῳ.
1943 5575 2026 5610 Sic

460 5635 516 5708 in
568 5632 805 5708 Dialogis
856 5632 949 5708 qui
994 5629 1213 5708 Origeni
1233 5702 1242 5708 .
1266 5575 1919 5708 inscribunturtaﬁnlogo
1974 5626 2026 5687 2,

2138 5575 2322 5614 αυτου.
2356 5575 2427 5613 ιι).

2354 5630 2463 5708 [οὗ
2490 5630 2979 5708 ἀβελφρῇέᾉύτοῖι
3009 5633 3063 5687 in
3087 5631 3273 5708 Vind._,
3301 5628 3495 5687 rectius.
3525 5622 3584 5676 ID-

461 5704 677 5763 Marcus
725 5698 1017 5761 barcticus
1078 5701 1431 5759 Marcionista
1481 5698 1776 5755 Catholicis
1835 5713 2026 5755 nomen

2210 5698 2322 5772 (55)
2345 5698 2651 5769 Ματαίωςζ
2690 5700 2909 5768 Ἀδίκως
2932 5703 3067 5759 alter
3090 5702 3212 5761 cod.
3243 5703 3315 5759 ID.

2116 728 2302 793 ζουσιν
2333 726 2444 800 ('50)
2474 727 2523 779 οἱ
2551 724 2827 797 λυμεῶνες
2866 724 3040 789 λύκοι,
3089 725 3184 777 καὶ
3228 723 3305 787 ὡς
3348 723 3476 794 ἀρνα
3518 721 3655 794 βοράν
3766 748 3769 755 ·

2126 2942 2467 3015 ὀφειλήματα
2494 2944 2671 3015 ἡμῶν,
2694 2944 2769 3008 ὡς
2798 2946 2890 2998 καὶ
2921 2946 3081 3017 ἡμεῖς
3109 2946 3342 3016 ἀφίεμεν
3368 2947 3472 3008 τοῖς
3498 2943 3679 3012 ὀφειλέ-”
