3936 6342
265 330 362 386 6-H

1190 329 1799 388 CONSTITDTIONES
1827 328 2512 389 APOSTOLICE.—LIB.
2554 331 2615 389 ll.
2684 328 2695 335 ’

3402 335 3512 395 σω

261 444 612 515 μετανοοῦσιν
629 442 1005 517 ἀγαθωσύνην,
1027 443 1149 498 οὐδὲ
1167 443 1233 498 λα
1238 444 1459 517 μὸἀνων
1479 446 1713 507 σκοποὺς
1728 443 1839 515 (56)

1941 445 2203 504 bonitatis
2239 450 2360 520 ejus
2399 465 2527 522 erga
2566 447 3048 519 pmnitentesmee
3082 447 3185 504 hac
3230 450 3283 503 in
3320 466 3379 508 re
3414 469 3512 508 eos

253 538 367 589 τῶν
407 535 662 589 τοιούτων
705 537 832 599 τοὺς
875 535 941 590 ἐκ
983 535 1224 608 πλήθους
1269 536 1730 608 παραπτωμάτων
1774 537 1832 589 ἐν

257 630 520 700 μετανοίᾳ
568 627 854 701 εἰληφότας
895 631 1106 699 ἄφεσιν.
1153 630 1254 685 Διὰ
1292 629 1451 683 τοῦτο
1503 628 1833 701 ἰταμώτερος

254 719 569 790 σωματικοῦ
601 720 805 790 φονέως
843 723 872 775 6
912 720 1003 774 τὸν
1030 722 1270 775 ἀναίτιον
1301 722 1674 794 ἀπορρίπτων.
1716 723 1835 776 Ὠσ-

249 809 435 873 αύτως
465 812 556 864 καὶ
596 814 626 865 ὁ
667 812 740 883 μὴ
787 813 1211 884 προσδεχόμενος
1250 815 1376 877 τοὺς
1420 812 1830 885 μετανοοῦντας,

249 902 542 972 σκορπίζει
570 903 639 955 τά
662 904 755 957 τοῦ
783 904 1039 975 Χριστοῦ,
1069 907 1187 958 κατ’
1212 906 1377 959 αὐτοῦ
1405 906 1705 978 γινόμενος.
1748 908 1833 971 Ὠς

246 993 366 1065 γὰρ
391 994 595 1057 δίκαιός
637 996 785 1049 ἐστιν
828 998 857 1049 6
896 996 1027 1061 Θεὸς
1066 997 1123 1049 ἐν
1162 997 1239 1068 τῷ
1268 998 1470 1070 κρίνειν
1502 1000 1627 1055 τοὺς
1655 1000 1834 1069 ἀμαρ-

243 1086 477 1149 τωλοὺς,
498 1087 667 1151 οὕτως
693 1088 937 1161 ἐλεήμων
958 1090 1015 1142 ἐν
1041 1089 1119 1161 τῷ
1148 1090 1535 1161 προσδέχεσθαι
1564 1092 1690 1155 τοὺς
1719 1093 1833 1145 ἐπι-

244 1180 602 1250 στρέφοντας.
639 1181 823 1246 Ἔλεος
853 1182 960 1255 γὰρ
988 1184 1083 1237 καὶ
1112 1184 1292 1256 κρίσιν
1321 1182 1445 1258 ᾖδεν
1485 1184 1632 1256 αὑτῷ
1658 1187 1687 1239 6
1717 1185 1833 1237 θεο-

242 1273 417 1344 φιλὴς
443 1274 621 1326 Δασίδ.

774 1432 1167 1487 ΚΕΦᾹΛΑΙΟΝ
1203 1433 1328 1487 KB'.

242 1564 403 1636 Ὅτι
422 1565 573 1635 μέγα
619 1566 984 1636 παράδειγμα
1024 1567 1343 1635 μετανοίας
1391 1567 1690 1636 πρόκειται
1725 1569 1832 1622 Δα-

315 1634 435 1696 ϐίδ,
489 1636 587 1689 καὶ
630 1634 1225 1705 Νινευῑτάι,⁹Εζεχιάς
1267 1654 1331 1691 τε
1383 1635 1482 1690 καὶ
1534 1639 1569 1691 ὀ
1617 1637 1830 1692 τούτου

314 1706 449 1771 υίὸς
476 1706 833 1776 Μανασσῆς.

1935 543 2192 608 tanquam
2213 542 2490 612 exemplar
2510 541 2889 602 considerans,
2922 541 3013 610 qui
3061 541 3355 596 multorum
3391 559 3512 612 pec-

1935 636 2181 684 catorum
2202 632 2415 687 veniam
2444 648 2538 703 per
2559 632 2933 701 paenitentiam
2965 632 3339 689 obtinuerunt.
3362 634 3507 701 Qua-

1936 730 2159 792 propter
2197 725 2289 795 qui
2332 725 2675 781 innocentem
2712 724 2884 793 ejicit,
2923 726 3195 795 corporali
3238 725 3510 783 homicida

1936 816 2295 871 truculentior
2317 826 2421 871 est.
2446 815 2709 871 Similiter
2749 817 2841 885 qui
2871 832 2979 871 non
3024 818 3218 889 recipit
3248 819 3510 887 poeniteué

1932 914 2184 976 tes,qu:e
2232 907 2439 963 Christi
2482 917 2610 962 sunt
2654 908 2916 977 dissipat,
2956 908 3121 978 ﬁtque
3161 910 3510 967 adversarius

1931 997 2072 1066 ejus.
2102 997 2240 1064 Quia
2264 1007 2324 1053 ut
2344 1000 2527 1069 justus
2554 1007 2638 1053 est
2663 998 2803 1053 Deus
2832 1000 2886 1053 in
2912 999 3226 1069 judicandis
3261 1010 3510 1071 peccato-

1932 1089 2084 1143 ribus
2104 1132 2118 1153 ,
2138 1090 2209 1144 ita
2242 1101 2295 1145 et
2322 1091 2634 1146 misericors
2654 1091 2814 1147 estin
2835 1091 3172 1161 excipiendis
3206 1093 3504 1148 conversis.

1933 1180 2364 1237 Misericordiam
2406 1184 2553 1239 enim
2604 1192 2659 1239 et
2697 1183 2967 1255 judicium
3016 1184 3094 1239 illi
3142 1185 3341 1240 cecinit
3383 1186 3509 1257 pius

1931 1273 2121 1330 David.

2495 1429 2722 1485 CAPUT
2774 1430 2939 1486 XXII.

1933 1564 2090 1632 Quod
2113 1581 2357 1635 magnum
2384 1564 2699 1636 paenitentia!
2723 1568 3014 1634 exemplum
3065 1567 3120 1619 in
3164 1565 3362 1619 Doride
3393 1582 3509 1636 pro-

2000 1634 2263 1707 ponatur;
2287 1637 2411 1690 item
2457 1636 2511 1689 in
2554 1634 2831 1699 Ninivitis,
2862 1636 2917 1690 in
2945 1636 3193 1701 Ezechia,
3227 1650 3276 1691 et
3316 1639 3369 1691 in
3394 1634 3510 1707 ﬁlio

2000 1706 2111 1769 eius
2151 1704 2417 1760 Manasse.

314 1821 441 1893 Χρὴ
481 1820 556 1883 δέ,
604 1820 903 1884 ἐπίσκοπε,
950 1820 1055 1892 πρὸ
1098 1818 1389 1892 ὀφθαλμῶν
1429 1817 1574 1889 ἔχειν
1616 1817 1711 1873 καί¹
1760 1818 1828 1874 τά

1998 1818 2220 1891 Oportet
2262 1828 2467 1885 autem,
2508 1822 2786 1892 episcope,
2828 1828 2882 1876 te
2906 1827 3033 1876 ante
3073 1820 3266 1875 oculos
3306 1818 3511 1877 habere

236 1914 624 1986 προωδευκότα
673 1911 806 1985 (57),
852 1914 947 1968 καί
984 1914 1261 1984 ἐμπείρως
1302 1912 1485 1975 αὐτοῖς
1529 1911 1826 1985 κεχρῆσθαι

234 2008 385 2076 πρὸς
403 2005 680 2061 νουθεσίαν
709 2007 815 2060 τῶν
864 2005 1171 2060 πυπτικῶν
1199 2005 1232 2075 ἢ
1262 2004 1686 2078 παρακλητικῶν
1713 2006 1827 2059 δεο-

240 2100 423 2169 μένων
451 2098 642 2167 λόγων.
678 2099 796 2151 Ἔτι
828 2098 923 2152 καὶ
951 2099 1009 2150 ἐν
1035 2098 1111 2169 τῷ
1130 2098 1333 2169 κρίνειν
1367 2116 1447 2160 σε.
1478 2098 1681 2152 δίκαιον
1710 2098 1823 2170 (58)

233 2194 316 2264 τῷ
345 2192 443 2245 τοῦ
462 2190 597 2245 Θεοῦ
626 2189 1000 2256 ἐξακολουθεῖν
1030 2190 1312 2262 θελήματι,
1343 2184 1488 2265 καὶῇ
1518 2189 1648 2254 Θεὸς
1674 2189 1826 2243 δικά-

236 2285 321 2348 ζει
354 2285 484 2346 τοὺς
511 2282 942 2355 ἁμαρτάνοντας,
984 2282 1017 2353 ἢ
1050 2283 1493 2354 ἐπιστρέφοντας,
1533 2281 1822 2353 παραπληο

239 2378 373 2440 σὶως
402 2377 495 2430 καὶ
523 2374 583 2429 σὲ
618 2376 843 2447 κρίνειν.
874 2371 951 2429 Ἦ
980 2376 1090 2448 γὰρ
1116 2376 1237 2447 οὐχὶ
1263 2375 1357 2429 καὶ
1383 2375 1474 2428 τὸν
1517 2375 1679 2427 Δαόὶδ
1710 2375 1821 2428 ὀλι-

241 2468 519 2540 σθῆσαντα
546 2452 810 2532 ὀνειδίσας
847 2468 936 2522 διὰ
973 2468 1067 2522 τοῦ
1111 2467 1316 2532 Νάθαν,
1354 2468 1447 2521 καὶ
1482 2467 1703 2521 εἰπόντα
1737 2484 1825 2538 με·

234 2564 469 2624 τανοεῖν,
494 2560 653 2624 εὐθὺς
672 2560 767 2615 καὶ
793 2560 886 2614 τοῦ
918 2560 1147 2616 θανάτου
1158 2559 1468 2630 λυτροῦται,
1492 2559 1663 2627 λέγων
1684 2557 1819 2630 (59)’

242 2671 259 2702 σ
300 2652 524 2722 Θάρσει,
566 2653 628 2705 οὐ
675 2651 749 2723 μή
778 2654 1096 2718 ἀποθανεϊς;
1137 2671 1154 2703 ι
1202 2653 1384 2705 Ἱωνᾶν
1420 2651 1492 2723 μὴ
1522 2651 1822 2722 θελήσαντα

231 2745 549 2806 Νινευῖταις
576 2742 830 2815 κηρύξαι,
862 2743 968 2797 ὑπὸ
1010 2742 1285 2814 θαλάσσης
1312 2743 1403 2796 καὶ
1430 2743 1627 2812 κήτους
1662 2759 1824 2796 κατα-

234 2835 471 2906 ποθῆναι
500 2837 749 2911 ποιήσας,
778 2835 1075 2907 εὐξαμένου
1102 2835 1159 2889 ἐν
1180 2835 1357 2905 κοιλίᾳ
1386 2834 1519 2906 (40),
1548 2835 1820 2905 ἀνήγαγεν

234 2929 299 2980 ἐκ
353 2926 561 3004 φθορᾶς
610 2932 706 3002 τὴν
735 2929 880 3003 ζωὴν
918 2926 1121 2992 αὐτοῦς
1166 2927 1410 2991 Ἐζεκίαν
1463 2926 1600 2997 πρὸς
1644 2926 1820 2995 ὀλίγον

233 3026 573 3095 τυφωθέντα,
605 3024 897 3095 εὐξάμενον
930 3020 1068 3091 μετά
1102 3018 1372 3090 δακρύων,
1404 3019 1580 3090 ἀφῆκε
1606 3016 1699 3071 τοῦ
1730 3021 1821 3088 ἐγ-

233 3113 545 3190 κλήματοςς
588 3118 880 3171 ⁸Ακούσατε
934 3113 1019 3176 δὲ,
1075 3105 1121 3165 ὦ
1172 3113 1497 3177 ἐπίσκοποι,
1562 3114 1700 3185 πρὸς
1751 3114 1820 3167 τὰ

233 3211 465 3267 τοιαῦτα
511 3212 784 3281 ὠφέλιμον
823 3209 1143 3277 ὑπόδειγμα.
1183 3206 1494 3277 Γέγραπται
1522 3206 1632 3278 γὰρ
1668 3208 1725 3260 ἐν
1754 3211 1818 3280 τῇ

234 3304 470 3375 τετάρτῃ
499 3303 607 3355 τῶν
626 3302 938 3365 Βασιλειῶν,
968 3300 1063 3356 καὶ
1083 3299 1141 3351 ἐν
1168 3301 1233 3369 τῇ
1261 3298 1483 3370 δευτέρᾳ
1511 3299 1617 3352 τῶν
1638 3300 1822 3369 Παρα-

234 3394 575 3465 ὶειπομένων
607 3394 738 3466 (41),
760 3397 823 3466 τῇ
854 3396 960 3447 τῶν
1001 3391 1252 3465 Ἡμερῶν
1282 3390 1414 3461 (ιη),
1445 3389 1636 3454 οὕτως’
1664 3409 1682 3442 ι
1712 3393 1822 3445 Καὶ

234 3486 507 3539 ἀπέθανεν
550 3486 822 3551 Ἑζεκίας’
875 3486 969 3539 καὶ
1021 3482 1365 3538 ἐϐασίλευσεν
1418 3484 1446 3535 6
1488 3483 1602 3547 υίὸς
1654 3484 1819 3537 αὐτοῦ

235 3577 557 3649 Μανασσῆς,
603 3578 736 3631 ἐτῶν
763 3577 966 3631 δώδεκα
991 3577 1048 3629 ἐν
1076 3572 1156 3647 τῷ
1186 3572 1486 3643 βασιλεύειν
1514 3574 1696 3640 αὐτὸν,
1727 3577 1820 3630 καὶ

236 3670 576 3741 πεντήκοντα
614 3671 707 3723 καὶ
746 3670 903 3723 πέντε
939 3668 1032 3741 ἐτη
1071 3666 1416 3723 ἐϐασίλευσεν
1461 3668 1518 3720 ἐν
1559 3668 1827 3739 Ἰερουσα-

237 3759 371 3831 λήμ·
415 3761 510 3814 καὶ
568 3761 739 3832 ὄνομα
781 3765 846 3833 τῇ
897 3762 1062 3833 μητρὶ
1108 3759 1273 3816 αὑτοῦ
1317 3758 1508 3828 Ἐψιὸἀ
1553 3759 1693 3831 (45)·
1735 3760 1830 3813 καὶ

236 3850 466 3926 ἐποίησε
505 3852 567 3905 τὸ
608 3854 841 3925 πονηρὸν
870 3853 1098 3908 ἐνώπιον
1140 3854 1370 3926 Κυρίου,
1408 3853 1508 3907 οὐκ
1556 3852 1826 3925 ἀπέσχετο

1927 1912 2091 1966 etiam
2122 1913 2415 1982 praaterita,
2440 1921 2496 1967 et
2524 1914 2606 1969 eis
2628 1914 2801 1984 perite
2840 1913 2919 1967 uti
2950 1912 3017 1966 ad
3054 1912 3383 1967 erudiendos
3410 1926 3512 1970 eos

1926 2003 2021 2072 qui
2051 2003 2134 2057 vel
2181 2005 2396 2059 acerbis
2445 2005 2531 2060 vel
2579 2006 2805 2061 mitibus
2856 2005 3097 2074 indigent
3135 2003 3502 2063 sermonibus.

1928 2092 2167 2164 Equum
2197 2111 2414 2168 quoque
2438 2104 2524 2151 est
2563 2104 2645 2161 ut,
2670 2098 2724 2151 in
2753 2094 3073 2166 judicando,
3102 2094 3197 2149 Dei
3234 2095 3507 2165 obsequa-

1926 2187 2003 2241 ris
2027 2187 2294 2241 voluntati
2318 2205 2334 2255 ;
2366 2194 2419 2243 et
2443 2195 2504 2242 ut
2532 2204 2643 2258 quo
2672 2196 2831 2259 pacto
2862 2186 3004 2243 Deus
3029 2187 3239 2257 judicat
3267 2196 3360 2242 aut
3388 2203 3506 2258 pec-

1925 2287 2139 2354 catores
2165 2290 2257 2335 aut
2286 2295 2606 2345 conversos.
2629 2282 2819 2337 eodem
2864 2289 2917 2337 et
2956 2290 3016 2335 tu
3047 2280 3282 2349 judices.
3315 2280 3508 2337 Nonne

1923 2373 2067 2427 enim
2098 2372 2352 2429 Davidem
2390 2374 2624 2444 lapsum,
2659 2390 2783 2429 cum
2815 2373 3151 2444 increpasset
3178 2390 3276 2444 per
3309 2372 3507 2428 Natha...

1926 2482 2070 2531 nem,
2100 2474 2153 2521 et
2195 2466 2286 2521 ille
2316 2467 2583 2537 pmnitere
2624 2482 2683 2521 se
2712 2466 3076 2536 proﬁteretur,
3113 2466 3297 2520 statim
3331 2474 3507 2521 morte

1922 2557 2137 2622 liberat,
2169 2559 2384 2614 dicens:
2409 2578 2428 2609 ι
2462 2558 2704 2626 Conﬁdo,
2737 2574 2846 2612 non
2869 2558 3121 2613 morieris
3153 2559 3232 2613 ‘9?
3262 2577 3280 2603 ι
3314 2557 3506 2613 Nonne

1924 2664 2048 2704 cum
2076 2649 2244 2706 Jonas
2273 2649 2527 2706 Ninivitis
2555 2650 2854 2721 praedicare
2887 2665 3173 2714 recusans,
3196 2658 3249 2705 et
3297 2665 3327 2704 a
3366 2651 3506 2706 mari

1923 2750 2086 2813 atque
2128 2750 2248 2797 ceto
2287 2742 2569 2797 absorberi
2602 2742 2811 2812 jussus,
2844 2742 2900 2796 in
2930 2752 3117 2797 ventre
3151 2743 3322 2812 piscis
3347 2757 3507 2801 oras.

1924 2844 2035 2901 set;
2074 2851 2140 2889 ex
2170 2834 2402 2889 interitu
2436 2835 2625 2891 eduxit
2651 2835 2816 2889 vitam
2844 2835 2991 2889 illius
3015 2832 3095 2885 7°?
3134 2833 3323 2888 Nonne
3372 2832 3507 2891 Eze-

1922 2928 2099 2983 chiam
2129 2928 2408 2997 paululum
2448 2928 2504 2982 in
2549 2928 2861 2998 superbiam
2912 2927 3137 2991 elatum,
3189 2925 3283 2980 sed
3318 2938 3505 2995 postea

1922 3021 2224 3093 lacrymose
2253 3021 2656 3092 deprecantem,
2690 3037 2719 3074 a
2748 3020 2980 3075 crimine
3012 3018 3281 3075 absolvit?
3303 3017 3504 3072 Verum

1923 3114 2127 3177 audite,
2157 3113 2424 3183 episcopi,
2444 3114 2750 3183 exemplum
2774 3112 2842 3166 ad
2872 3113 2985 3167 haec
3010 3111 3500 3167 accommodatum.

1923 3206 2002 3259 Ita
2034 3207 2296 3276 scriptum
2330 3214 2416 3261 est
2461 3207 2515 3260 in
2545 3214 2742 3276 quarto
2788 3206 2928 3260 libro
2968 3203 3196 3275 Regum,
3223 3214 3276 3258 et
3323 3204 3378 3258 in
3424 3218 3507 3257 se-

1922 3298 2098 3353 cundo
2127 3298 2549 3362 Prmteritorum,
2574 3315 2667 3354 seu
2685 3298 2994 3352 Dierum“:
3021 3316 3038 3347 ί
3072 3296 3135 3350 Et
3153 3302 3401 3352 mortuus
3419 3302 3509 3371 est

1922 3389 2184 3446 Ezechias
2212 3413 2224 3447 :
2251 3403 2305 3446 et
2346 3392 2592 3463 regnavit
2628 3390 2770 3445 ﬁlius
2810 3391 2932 3459 ejus
2962 3388 3275 3445 Manasses:
3306 3386 3507 3442 duode-

1921 3483 2027 3536 cim
2055 3498 2323 3538 annorum
2353 3494 2620 3538 eratcum
2652 3497 2880 3553 regnare
2920 3481 3105 3550 coepit,
3147 3487 3199 3535 et
3240 3480 3507 3549 quinqua-

1931 3575 2080 3651 ginta
2107 3576 2348 3646 quinque
2384 3591 2559 3630 annos
2610 3575 2855 3646 regnavit
2905 3573 2957 3627 in
2988 3571 3378 3642 Hierosolymis
3406 3589 3417 3625 :
3450 3580 3506 3626 ct

1930 3684 2126 3723 nomen
2167 3670 2328 3723 matri
2366 3670 2485 3739 ejus
2515 3668 2750 3739 Hepsiba
2783 3687 2795 3723 :
2826 3666 3057 3736 fecitque
3096 3666 3295 3719 malum
3319 3678 3509 3718 coram

1930 3759 2193 3829 Domino;
2236 3779 2346 3817 non
2383 3762 2647 3818 abstinuit
2694 3758 3192 3815 abominationibus
3238 3755 3503 3827 gentium,

1925 3869 2063 3925 quas
2091 3851 2290 3911 del'evit
2309 3854 2574 3910 Dominus
2599 3870 2631 3909 a
2658 3852 2794 3910 facie
2820 3853 3052 3907 ﬁliorum
3074 3852 3261 3907 Israel.
3292 3848 3357 3903 Et
3378 3862 3506 3903 con—

311 4011 422 4065 ”ll
452 4006 689 4077 Regum,
721 4008 807 4062 15.
888 4009 935 4040 ’θ
961 4007 1083 4063 Jun.
1114 4024 1197 4064 Ill.
1272 4011 1316 4040 ’ί
1348 4008 1417 4064 lV
1443 4010 1575 4084 Reg.
1612 4028 1704 4076 xx,
1737 4026 1861 4077 XXI;
1892 4011 1937 4065 Il
1967 4010 2205 4083 Paralip.
2249 3984 2421 4078 xuii,
2454 4029 2647 4070 χχχιιι.

1554 4188 1924 4247 VARIORUM
1958 4191 2196 4250 NOTE.

314 4392 428 4465 (56)
458 4391 747 4465 Σκοποῷς.
805 4390 898 4453 Εἰς
939 4388 1083 4453 νοῦν,
1133 4390 1327 4465 melius
1381 4390 1518 4465 alter
1556 4390 1814 4465 Vindob.,

246 4460 348 4519 hoc
374 4472 461 4519 est
486 4463 555 4516 ad
578 4461 813 4516 animum
833 4477 1098 4521 revocans,
1115 4460 1259 4529 quod
1287 4461 1465 4529 aptius
1491 4462 1626 4517 loco.
1642 4462 1813 4518 CLEB.

462 4530 1078 4614 ζιροωδευκόςαζᾉιῑθις
1102 4530 1486 4614 προειλῆφότα.
1521 4533 1596 4614 In.

338 4598 429 4671 58)
459 4598 713 4656 Δίκαιον.
745 4602 836 4653 Δεῖ
856 4602 990 4671 alter
1016 4598 1163 4653 addit
1182 4601 1258 4671 τῷ
1275 4598 1524 4656 ὂέκαιον.
1557 4603 1634 4659 In.

1034 4670 1185 4725 Alter
1199 4653 1541 4741 ἐλυτρώσατο
1553 4653 1822 4727 εἰπών.11>.

339 4745 431 4815 40)
459 4744 821 4815 ξενᾷκοιλίᾳ.
858 4740 1028 4815 Alter
1064 4740 1444 4815 μέκκριοιλίας,
1473 4750 1527 4815 et
1569 4760 1691 4815 mox
1749 4746 1828 4797 εἰς

249 4807 422 4896 ζωὴν,
444 4812 704 4876 ὡσαύτως
736 4807 829 4866 καὶ
850 4814 916 4867 ἐκ
945 4812 1116 4884 φορᾶς
1143 4807 1266 4880 ᾅδου
1287 4811 1385 4883 τὴν
1414 4812 1576 4884 ζωήν.
1610 4812 1685 4868 De
1717 4827 1828 4883 quo

251 4883 681 4938 deliberandum.
713 4882 788 4937 la.
1084 4898 1087 4903 ‘

429 4898 681 4937 randum.
716 4898 788 4937 ID.
1084 4898 1087 4903 ⁴

286 4901 681 4938 enneranaum.
716 4901 788 4937 ID.

298 4954 430 5024 _(M)
476 4955 583 5024 Ἐκ
612 4952 702 5024 τῇ-
720 4952 963 5022 δευτέρᾳ
1006 4952 1124 5006 τῶν
1158 4952 1707 5023 Παραλειπομένων,
1754 4952 1831 5023 τῇ

251 5021 367 5097 t6)-
396 5021 658 5097 ἡμερῶν.
685 5021 742 5097 In
768 5039 832 5097 re
859 5021 1005 5097 clara
1036 5021 1251 5097 corrige
1278 5021 1827 5097 mendum_typogra¥

290 5095 494 5157 hicmn,
518 5094 932 5164 quod‘imlignis
978 5094 1154 5148 modis
1181 5094 1515 5149 Contaminat
1539 5094 1827 5164 Prelogum

299 5205 315 5219 .
345 5163 535 5219 Hilarii
567 5164 623 5217 in
662 5162 1003 5218 Psalmorum
1045 5164 1504 5233 explanationem.
1548 5162 1830 5234 Paralipo-

256 5252 439 5289 menon
475 5234 601 5297 duo,
633 5234 687 5288 in
721 5234 974 5287 decimum
1024 5234 1221 5289 librum
1254 5234 1464 5290 Veteris
1494 5234 1829 5291 Testamenli

256 5304 358 5357 sint
384 5322 403 5359 :
422 5320 689 5359 sermones
718 5305 919 5358 dierum
954 5302 1161 5368 Esdrw,
1189 5306 1242 5358 in
1275 5306 1623 5362 undecimum.
1656 5306 1829 5361 luter-

262 5376 418 5446 ptmgi
448 5376 635 5430 debet:
662 5376 800 5438 sint;
839 5392 1101 5428 sermones
1132 5375 1375 5428 dierum:
1408 5376 1615 5441 Esdra’,
1649 5379 1699 5430 in
1732 5394 1831 5430 un-

260 5445 536 5499 decimum.
561 5444 695 5500 Cor.
725 5443 916 5499 -Ριό
960 5448 1024 5500 τῆ
1064 5445 1169 5497 τῶν
1193 5447 1304 5500 leae
1346 5447 1462 5500 ἦτοι
1493 5447 1710 5500 ἡμερῶν
1756 5447 1834 5500 vel

260 5447 536 5499 decimum.
561 5447 695 5500 Cor.
725 5447 916 5499 -Ριό
960 5448 1025 5516 τῇ
1064 5447 1169 5497 τῶν
1193 5447 1304 5517 lege
1346 5447 1462 5516 ἦτοι
1493 5447 1710 5518 ἡμερῶν
1756 5447 1834 5500 vel

260 5515 479 5580 dierum,
506 5515 957 5585 quemadmodum
984 5517 1039 5569 hi
1081 5516 1201 5570 libri
1269 5519 1409 5586 apud
1456 5516 1710 5572 Hebraeos
1739 5534 1834 5571 vo-

262 5593 470 5640 cantur.
507 5589 676 5642 Cum.

328 5655 440 5725 (62)
470 5656 549 5725 Τῇ
577 5655 694 5710 τῶν
720 5654 972 5726 ἡμερῶν.
1018 5655 1222 5712 Desunt
1260 5656 1316 5711 in
1344 5657 1515 5712 altero
1554 5656 1676 5713 cod.
1701 5656 1835 5723 Vin-

267 5722 409 5789 dob.,
466 5722 592 5780 mox
655 5722 839 5779 etiam,
884 5728 1081 5782 absunt
1129 5742 1292 5783 voces
1338 5746 1350 5782 :
1396 5728 1504 5783 Καὶ
1565 5728 1835 5784 ἀπέθανεν

279 5794 513 5863 Ἐζεκίας
546 5795 639 5851 καὶ
658 5796 1001 5853 ἐϐασίλευσεν
1028 5801 1077 5854 6.
1118 5796 1192 5855 ID.

2004 4403 2117 4472 ($5)
2148 4400 2370 4472 Ἑψιόἁ.
2392 4401 2541 4456 Alter
2564 4401 2785 4472 Ἔψιϐα,
2820 4399 3319 4472 ’ΔψιὸἀλῸφοᾷίιλ
3337 4400 3509 4468 Ὀφεισ

1849 4502 1898 4562 D
1936 4468 2225 4562 ggpA'pudV
2242 4468 3183 4562 Georgium.§ynqellu|tutl‘Etj/t63d};
3196 4468 3505 4562 Jttﬂttolglls

1937 4539 2233 4609 Bibliorum
2257 4539 2659 4609 exemplarjbus
2687 4542 3031 4609 Bibliotheca:
3049 4539 3227 4608 Regia:
3255 4539 3501 4609 ’Ocpqtﬁai.

1928 4603 2154 4658 Latinus
2181 4602 2471 4673 interpres,
2498 4603 2788 4665 Haphsiba.
2819 4604 3082 4659 Hebraice
3110 4602 3338 4663 ﬁzvvan'
3368 4602 3504 4671 Hep-

1928 4673 2063 4728 siba.
2118 4673 2232 4728 Hoc
2276 4682 2382 4739 est,
2414 4674 2669 4728 Voluntas
2712 4692 2827 4728 mea
2860 4676 2914 4728 in
2944 4692 3027 4737 ea,
3080 4690 3277 4729 nomen
3318 4683 3505 4742 aptum

1930 4753 2095 4814 grata:
2121 4744 2361 4816 mulieri.
2391 4744 2752 4816 Quamobrem
2782 4744 3132 4816 Hieronymo,
3162 4746 3217 4797 in
3253 4743 3393 4797 libro
3432 4742 3508 4797 De

1922 4813 2227 4873 nominibus
2260 4813 2559 4873 Hebraicis.
2604 4815 2943 4870 restituenda
2982 4813 3215 4878 videtur,
3248 4816 3408 4869 etiam
3438 4829 3505 4867 ex

1931 4885 2094 4938 simili
2128 4900 2290 4953 opere
2322 4883 2658 4939 Venerabilis
2686 4885 2864 4947 Bedae,
2906 4887 3010 4940 ista
3061 4886 3239 4945 lectio,
3284 4882 3507 4952 Epsiba,

1931 4971 2025 5009 seu
2051 4953 2303 5024 Epltsiba,
2334 4955 2576 5009 voluntas
2615 4972 2729 5008 mea
2758 4955 2812 5008 in
2836 4972 2918 5008 ea.
2938 4954 3128 5025 Vulgo,
3163 4954 3388 5025 Ebsiba,
3426 4970 3510 5007 vo-

1931 5025 2107 5079 luntas
2150 5042 2263 5079 mea
2298 5027 2352 5079 in
2399 5043 2481 5079 ea.
2521 5025 2888 5094 Similiterque
2923 5023 3105 5081 forsan
3146 5027 3199 5079 in
3231 5023 3507 5094 Lucifero,

1931 5095 2177 5166 libroWDe
2215 5097 2419 5166 regibus
2475 5093 2815 5166 apostaticis,
2867 5095 2969 5166 legi
3015 5096 3239 5159 debeat,
3283 5093 3507 5166 Epsiba,

1931 5183 2040 5221 non
2074 5164 2318 5221 Ebsibas.
2359 5164 2628 5236 Josephus
2666 5165 2844 5236 Antiq.
2881 5164 3120 5227 Jndaie..
3150 5181 3218 5236 με,
3268 5164 3345 5236 6A:
3377 5166 3507 5236 A_:a~

1931 5184 2040 5221 non
2074 5184 2318 5221 noswas.
2359 5184 2484 5222 JOSC
2526 5184 2628 5220 nus
2666 5184 2844 5236 anuq.
2881 5184 3120 5227 Juaaie..
3154 5184 3218 5226 χ,
3268 5184 3302 5217 4
3333 5184 3345 5218 :
3377 5184 3507 5217 nta-

1930 5236 2217 5308 δεξάμενος
2242 5236 2297 5289 δὲ
2340 5238 2441 5307 τὴν
2481 5184 2809 5308 ξασιλείανλὸ
2839 5240 2969 5297 παῖς
3010 5234 3174 5289 αὐτοῦ
3214 5233 3509 5308 (Ἐζεκίου)

1932 5303 2249 5378 Μανασσῆς,
2281 5307 2345 5378 ἐκ
2377 5303 2597 5378 μητρὸςΔ
2635 5305 2852 5378 ’ᾼχιὸᾶς
2900 5308 3098 5378 (codex
3128 5303 3322 5378 Regius
3352 5303 3510 5378 10§l,

1933 5373 2194 5448 Αἱχίὸας)
2208 5373 2448 5448 τοῦνομα
2475 5373 2743 5440 πολίτιδος
2763 5373 3019 5448 γεγονός.
3042 5374 3160 5441 Quo
3188 5373 3288 5448 loci
3307 5373 3511 5448 conjici

1934 5443 2133 5517 potest,
2161 5443 2405 5501 litteram
2449 5466 2483 5518 χ
2535 5456 2720 5501 tenere
2762 5447 2936 5518 locum
2991 5447 3183 5518 littera:
3214 5443 3509 5518 vicinamla,

1934 5514 2311 5588 quanquam}
2341 5514 2556 5587 quoque
2584 5518 2781 5571 lectum
2813 5515 2914 5570 fuit
2943 5530 2973 5568 a
2997 5514 3194 5569 Ruﬁno
3226 5523 3404 5588 vetere
3430 5515 3513 5566 iu-

1937 5584 2172 5658 terpréte
2191 5606 2205 5641 :
2226 5584 2571 5658 Gut—inquit,
2601 5588 2849 5658 successit
2880 5588 2934 5639 in
2966 5601 3176 5658 regnum
3212 5584 3360 5658 Elius
3387 5599 3513 5658 pro-

1933 5654 2103 5728 prius.
2136 5659 2342 5713 nomine
2370 5654 2666 5721 Manasses,
2699 5656 2763 5711 de
2794 5667 2958 5710 matre
2985 5654 3193 5728 quidem
3212 5654 3373 5728 Echib
3387 5656 3514 5728 cipe.

1937 5723 2015 5785 ita
2039 5729 2163 5785 libri
2192 5728 2365 5803 Regii,
2395 5744 2495 5803 pro
2522 5743 2655 5785 voce
2698 5728 2853 5783 nihili
2879 5723 3103 5792 excusa,
3132 5724 3405 5779 Echibens.
3438 5723 3511 5778 la.
