3936 6342
497 281 605 338 643

1352 281 1411 337 S.
1446 279 1845 338 CLEMENTIS
1893 283 1914 337 l
1949 278 2117 339 ROM.
2158 281 2362 340 PONT.
2395 281 2624 341 OPERA
2656 282 2880 342 DUBIA.
3604 302 3688 357 Gtt

496 412 693 453 versus
734 404 820 453 est
870 395 1176 462 Manasses,
1222 410 1286 451 ac
1331 396 1621 452 :edificavit
1666 397 1915 464 excelsa,
1957 413 2077 467 qua:

2184 398 2296 452 ἀπὸ
2322 399 2429 452 τῶν
2447 399 2828 472 βδελυγμάτων
2845 399 2953 454 τῶν
2969 399 3138 454 ἐθνῶν
3165 394 3236 456 ὧν
3261 403 3590 477 ἐξωλόθρευσε
3602 414 3691 469 Κύ-

496 490 842 546 destruxerat
874 489 1152 544 'Ezechias
1196 496 1351 560 pater
1386 489 1545 559 ejus:
1575 497 1630 545 et
1667 493 1858 547 statuit
1881 491 2070 561 cippos

496 581 671 647 Baali,
718 591 774 637 et
825 580 998 637 erexit
1046 582 1217 638 altare
1248 581 1396 637 Baali
1429 602 1442 637 :
1481 590 1534 637 et
1567 582 1691 638 fecit
1721 583 1897 649 lucos,
1928 585 2071 639 sicut

498 674 699 731 fecerat
728 674 915 731 Achab
939 690 1035 731 rex
1066 676 1284 732 lsraelis
1314 695 1326 733 :
1358 684 1413 732 et
1438 675 1564 731 fecit
1595 677 1787 732 altaria
1822 678 1875 731 in
1906 677 2071 733 domo

497 767 736 834 Domini,
763 769 831 823 de
854 784 961 839 qua
993 768 1110 824 haec
1135 770 1273 824 dixit
1315 768 1576 825 Dominus
1622 769 1690 824 ad
1732 769 1985 825 Davidem
2017 778 2072 825 et

498 861 563 915 ad
598 861 765 915 filium
802 861 921 930 ejus
970 860 1313 917 Salomonem
1346 877 1359 914 :
1402 862 1460 915 ιιι
1496 861 1588 916 illa
1635 877 1833 933 ponam
1871 877 2070 917 nomen

496 968 698 1008 meum.
731 952 797 1006 Et
819 953 1091 1007 exstruxit
1124 952 1405 1010 Manasses
1433 954 1647 1019 altaria,
1676 963 1729 1009 et
1756 955 1813 1008 in
1843 954 1925 1010 eis
1955 970 2074 1012 ser-

495 1047 629 1101 vivit
657 1045 826 1101 Baali.
851 1045 912 1101 Et
944 1046 1081 1100 dixit
1107 1063 1119 1100 :
1144 1044 1261 1100 Erit
1287 1062 1484 1101 nomen
1500 1062 1678 1101 meum
1701 1046 1756 1101 in
1789 1047 2068 1102 saaculum.

496 1138 563 1194 Et
607 1138 894 1194 aedificavit
938 1139 1152 1202 altaria,
1203 1138 1258 1192 in
1296 1138 1510 1193 duobus
1559 1138 1717 1193 atriis
1750 1138 1945 1193 domus
1974 1137 2075 1192 Do-

496 1232 650 1296 mini,
692 1232 899 1285 militiae
929 1231 1052 1285 creli
1079 1250 1093 1287 :
1123 1239 1176 1286 et
1204 1231 1321 1301 ipse
1350 1230 1592 1285 traduxit
1636 1229 1777 1286 filios
1808 1245 1939 1285 suos
1976 1245 2074 1299 per

496 1323 673 1394 ignem
701 1325 754 1376 in
786 1321 862 1377 Ge
890 1322 1260 1378 Bcn-Hennon
1294 1343 1306 1377 :
1340 1331 1393 1378 et
1424 1323 1777 1387 ariolabatur,
1818 1338 1883 1377 ac
1912 1323 2076 1378 male-

498 1415 617 1471 ficis
660 1415 872 1470 artibus
918 1416 1285 1471 inserviebat:
1321 1415 1555 1486 fecitque
1600 1417 1973 1487 ventriloquos
2021 1422 2075 1472 et

498 1506 888 1571 incantatores,
926 1516 982 1561 et
1017 1523 1226 1578 magos,
1270 1515 1325 1563 et
1359 1507 1648 1579 Teraphim
1676 1527 1690 1564 :
1718 1518 1769 1564 et
1815 1509 2078 1579 multipli-

496 1600 641 1653 cavit
676 1605 737 1653 ut
766 1598 964 1655 faceret
1009 1600 1211 1654 malum
1258 1599 1312 1655 in
1362 1601 1536 1655 oculis
1578 1599 1815 1666 Domini,
1841 1601 1906 1656 ad
1945 1602 2075 1656 irri-

494 1690 725 1745 tandum
754 1706 881 1746 eum
908 1710 920 1746 :
948 1699 1002 1746 et
1030 1696 1211 1762 posuit
1255 1692 1528 1747 conﬂatile
1562 1700 1617 1748 et
1658 1694 1913 1764 sculptile
1940 1694 2069 1761 luci,

494 1784 807 1855 imaginem,
833 1800 993 1855 quam
1017 1785 1145 1840 fecit
1177 1786 1229 1839 in
1260 1786 1419 1840 domo
1448 1784 1683 1848 Domini,
1713 1785 1766 1839 in
1782 1801 1889 1856 qua
1911 1787 2071 1858 elegit
2100 1770 2143 1830 Β

494 1874 759 1933 Dominus
787 1893 987 1947 ponere
1015 1894 1210 1933 nomen
1241 1893 1422 1942 suum,
1458 1876 1532 1933 ibi
1574 1879 1626 1932 in
1660 1878 2072 1951 Hierosolymis,

496 1969 631 2025 urbe
679 1978 888 2034 sancta,
916 1971 971 2025 in
1001 1973 1281 2035 saeculum,
1323 1980 1376 2026 et
1423 1972 1561 2026 dixit
1603 1991 1617 2027 :
1659 1971 1779 2027 Non
1818 1972 2074 2042 adjiciam

494 2077 836 2119 commovere
882 2064 1072 2134 pedem
1123 2080 1301 2119 meum
1354 2080 1386 2119 a
1434 2074 1581 2120 terra
1620 2067 1859 2131 Israelis,
1909 2080 2073 2136 quam

494 2154 621 2210 dedi
649 2158 893 2225 patribus
917 2172 1130 2222 eorum,
1157 2159 1202 2212 si
1248 2166 1427 2213 tamen
1457 2160 1794 2214 servaverint
1825 2175 2078 2230 quaecun-

492 2265 599 2319 que
628 2249 858 2320 praecepi
891 2250 991 2313 eis,
1025 2257 1079 2305 et
1116 2267 1275 2307 omne
1304 2260 1618 2307 mandatum
1660 2252 1805 2324 quod
1856 2254 2078 2309 manda-

493 2343 572 2396 vit
604 2358 797 2399 servus
825 2358 978 2398 meus
1016 2343 1214 2401 Moses.
1242 2345 1310 2400 Et
1337 2362 1450 2400 non
1479 2332 1807 2415 audierunt;
1842 2355 1896 2402 et
1925 2347 2079 2404 dece-

494 2435 574 2505 pit
610 2449 705 2489 eos
741 2434 1043 2501 Manasses,
1094 2445 1155 2491 ut
1196 2437 1438 2494 facerent
1483 2441 1685 2493 malum
1738 2456 1923 2495 coram
1969 2440 2077 2497 Do-

496 2529 669 2595 mino,
698 2543 863 2599 super
890 2537 1079 2600 gentes
1121 2546 1258 2601 quas
1305 2532 1530 2587 sustulit
1560 2531 1823 2588 Dominus
1860 2549 1891 2587 a
1936 2534 2075 2591 facie

494 2619 731 2676 ﬁliorum
760 2620 947 2677 Israel.
980 2621 1045 2675 Et
1080 2623 1296 2679 locutus
1345 2632 1430 2680 est
1471 2622 1735 2679 Dominus
1764 2626 1831 2679 ad
1860 2626 2069 2684 Manas-

496 2728 611 2770 sem
637 2722 689 2769 et
719 2714 785 2768 ad
816 2715 1073 2785 pupulum
1102 2713 1242 2784 eius,
1268 2714 1325 2769 in
1350 2730 1513 2769 manu
1535 2731 1815 2770 servorum
1850 2730 2074 2773 suorum

496 2807 909 2877 prophetarum,
940 2807 1130 2862 dicens
1159 2826 1171 2861 :
1202 2805 1309 2861 Pro
1344 2823 1410 2862 eo
1446 2807 1593 2878 quod
1631 2808 1758 2864 fecit
1795 2809 2075 2869 Manasscs

496 2914 590 2955 rex
614 2898 786 2962 Judaz,
809 2900 1245 2957 abominationcs
1272 2903 1409 2957 istas
1460 2904 1651 2966 malas,
1699 2919 1863 2974 super
1889 2907 2073 2961 omnia

495 3006 619 3061 quae
656 2992 783 3046 fecit
826 2992 1176 3048 Amorrhazus
1215 3009 1399 3049 coram
1448 3011 1547 3063 eo;
1588 3004 1643 3051 et
1668 3012 1896 3065 peccare
1946 2998 2075 3055 fecit

493 3082 693 3140 ludam
718 3085 772 3139 in
791 3084 951 3141 idolis
974 3086 1113 3151 suis,
1132 3084 1245 3142 haec
1268 3088 1402 3142 dicit
1422 3084 1683 3144 Dominus
1706 3089 1848 3145 Deus
1867 3091 2071 3149 Israel:
2101 3118 2145 3176 ρ

498 3176 639 3235 Ecce
661 3194 764 3251 ego
798 3178 972 3234 infero
1000 3181 1143 3233 mala
1174 3180 1230 3234 in
1259 3178 1637 3254 Hierosolyma
1674 3189 1728 3239 et
1774 3182 1991 3250 Iudam,
2014 3193 2074 3240 ut

497 3272 813 3344 quicunque
851 3289 915 3330 ea
944 3273 1202 3336 audierit,
1249 3273 1487 3328 tinniant
1519 3275 1691 3331 amba:
1735 3291 1896 3334 aures
1919 3279 2077 3349 ejus;
2122 3264 2127 3267 ¹

497 3375 554 3425 et
580 3368 870 3424 extendam
897 3383 1062 3438 super
1082 3365 1425 3422 Hierusalem
1448 3382 1762 3423 mensuram
1791 3367 2072 3436 Samaria),

497 3469 551 3516 et
575 3460 793 3531 pondus
824 3459 1020 3515 domus
1060 3457 1299 3525 Achabi;
1346 3466 1401 3515 et
1440 3460 1631 3515 delebo
1674 3459 2073 3533 Hierosolyma,

499 3555 643 3611 sicut
672 3555 884 3610 deletur
912 3553 1094 3609 tabula
1117 3568 1239 3624 quae
1275 3552 1507 3615 deletur,
1535 3562 1590 3608 et
1630 3561 1944 3608 convertam
1982 3570 2077 3611 su-

499 3665 597 3721 per
621 3647 812 3705 faciem
836 3663 1021 3711 suam;
1049 3653 1104 3701 et
1131 3645 1402 3701 dimittam
1432 3644 1711 3701 residuum
1742 3645 2076 3704 haereditatis

501 3756 655 3805 mea),
686 3747 741 3797 et
767 3740 979 3795 tradam
1001 3753 1097 3795 eos
1129 3739 1184 3793 in
1215 3752 1411 3792 manus
1440 3738 1787 3793 inimicorum
1819 3753 2073 3805 suorum;

499 3840 769 3904 eruntque
806 3832 861 3886 in
904 3829 1142 3902 praedam
1183 3836 1237 3885 et
1280 3828 1640 3899 direptionem
1675 3828 1914 3885 inimicis
1936 3831 2073 3894 suis,

499 3939 566 3980 eo
592 3924 738 3996 quod
768 3923 996 3979 fecerint
1017 3922 1159 3976 mala
1190 3921 1247 3975 in
1271 3921 1446 3977 oculis
1470 3921 1627 3982 meis,
1653 3929 1707 3977 et
1728 3922 1929 3976 fuerint
1950 3922 2077 3976 irri-

500 4026 680 4073 tantes
702 4032 808 4084 me,
833 4031 864 4071 a
895 4016 982 4071 die
1014 4031 1123 4086 qua
1148 4014 1312 4071 eduxi
1347 4022 1531 4084 patres
1571 4028 1761 4069 eorum
1813 4030 1882 4070 ex
1928 4022 2077 4069 terra

502 4108 745 4181 Egypti,
768 4117 823 4165 et
861 4124 1033 4180 usque
1074 4106 1144 4162 ad
1182 4107 1325 4161 hanc
1354 4106 1520 4164 diem.
1552 4106 1728 4161 Etiam
1756 4108 2078 4179 sanguinem

503 4205 785 4271 innoxium
834 4202 1024 4259 eﬂ‘udit
1064 4200 1344 4258 Manasses
1394 4201 1622 4255 multum
1668 4200 1847 4266 valde,
1901 4200 2079 4256 donec

2174 508 2292 563 ριος
2335 492 2444 545 ἀπὸ
2494 494 2789 564 προσώπου
2855 495 2986 547 υἱῶν
3029 495 3260 566 Ἰσραήλ⁹
3318 497 3407 551 xui.
3445 500 3693 575 ἐπέστρεψε

2172 583 2492 655 Μανασσῆς,
2521 586 2616 638 xui
2643 584 2958 659 ᾠκοδόμησε
2994 586 3065 640 τὰ
3112 587 3305 659 ὑψηλὰ,
3333 588 3368 643 ἃ
3405 593 3696 651 κατέσπασεν

2186 675 2433 740 Ἐζεκίας
2449 679 2478 730 ὁ
2498 677 2681 750 πατὴρ
2719 679 2905 733 αὐτοῦ·
2934 680 3029 733 xui
3059 679 3249 751 ἐστησε
3272 681 3461 753 στήλας
3484 688 3542 755 τῇ
3561 687 3695 753 Βάαλ,

2173 768 2268 821 xui
2303 767 2567 840 ἀνέστησε
2608 770 2993 843 θυσιαστήριον
3028 773 3094 843 τῇ
3140 771 3316 826 Βάαλ*
3360 775 3449 827 xui
3489 776 3698 848 ἐποίησεν

2172 861 2332 934 ἄλση,
2371 860 2556 926 καθὼς
2580 862 2834 936 ἐποίησεν
2862 860 3065 935 Ἀχαὰϐ
3097 864 3345 935 βασιλεὺς
3384 866 3594 939 Ἰσραήλ·
3629 872 3699 926 xui

2171 954 2396 1025 ἐποίησε
2426 954 2789 1028 θυσιαστήρια
2820 956 2931 1029 (44)
2962 958 3020 1010 ἐν
3047 957 3180 1028 οἴκῳ
3207 956 3430 1030 Κυρίου,
3457 961 3511 1012 ἐν
3545 955 3584 1029 ᾧ
3605 956 3701 1018 εἶτα

2173 1045 2380 1119 Κύριος
2408 1046 2546 1119 πρὸς
2572 1047 2756 1112 Δαϐὶδ,
2786 1048 2880 1102 xui
2910 1044 3046 1120 πρὸς
3060 1048 3377 1120 Σολομῶντα
3401 1050 3485 1104 τὸν
3507 1052 3605 1105 υἱὸν
3628 1055 3705 1109 αύ-

2171 1138 2288 1205 τοῢ,
2322 1135 2518 1209 λέγων,
2548 1140 2630 1194 δτι
2672 1141 2760 1195 Ἐν
2787 1141 2935 1213 αὐτῷ
2980 1140 3131 1214 θήσω
3156 1140 3217 1196 τὸ
3268 1142 3436 1215 ὄνομά
3489 1162 3593 1215 μου.
3620 1148 3705 1203 Καὶ

2172 1230 2368 1303 ἔε⁵”“”²”¹1ε⁵ἐ
2409 1233 2710 1305 Μανασσῆς
2755 1232 3132 1306 θυσιαστήρια,
3164 1236 3259 1289 xui
3302 1236 3360 1288 ἐν
3403 1236 3569 1300 αὐτοῖς
3591 1238 3707 1292 ἐδού-

2171 1322 2330 1376 λευσε
2357 1326 2424 1395 τῇ
2455 1323 2624 1378 Βάαλ.
2670 1325 2783 1378 Καὶ
2810 1319 2982 1379 εἶπεν⁸
3033 1325 3224 1380 Ἔσται
3251 1327 3311 1380 τὸ
3336 1328 3499 1399 όνομά
3526 1348 3611 1401 μου
3646 1335 3707 1395 εἰς

2171 1415 2263 1468 τὸν
2290 1415 2481 1470 αἰῶνα.
2512 1418 2622 1470 Καὶ
2665 1416 2980 1490 ᾠκοδόμησε
3028 1417 3387 1492 θυσιαστήρια
3429 1422 3482 1473 ἐν
3508 1425 3610 1479 ταῖς
3640 1424 3708 1477 δυ-

2175 1508 2259 1561 σὶν
2287 1508 2479 1573 αὐλαῖς
2505 1508 2656 1564 οἴκου
2702 1511 2932 1583 Κυρίου,
2971 1513 3038 1583 τῇ
3087 1514 3319 1584 στρατιᾷ
3355 1512 3448 1566 τοῦ
3490 1515 3703 1586 ούρανοῦ·

2174 1600 2269 1654 xui
2298 1600 2461 1664 αὐτὸς
2486 1601 2713 1673 διήγαγε
2739 1602 2809 1656 τὰ
2834 1603 3000 1658 τέκνα
3029 1604 3195 1657 αὐτοῦ
3240 1604 3300 1658 ἐν
3344 1606 3473 1677 πυρὶ⁹
3504 1608 3554 1659 ἐν
3579 1608 3709 1661 Γεϐα-

2175 1692 2264 1746 vui
2292 1691 2401 1765 (45)
2433 1694 2491 1747 ἐν
2537 1695 2775 1765 ὀνόματι·
2817 1697 2911 1749 καὶ
2955 1695 3344 1767 ἐκλῃδονίζετο,
3375 1699 3465 1751 καὶ
3504 1699 3709 1770 ἐφαρμα-

2176 1780 2384 1839 κεύεδτο·
2418 1786 2512 1839 καὶ
2538 1787 2793 1859 ἐποίησεν
2824 1786 3317 1859 ἐγγαστριμύθους,
3348 1790 3439 1843 xui
3458 1790 3708 1855 ἐπαοιδοὺς,

2174 1880 2269 1933 καὶ
2295 1878 2563 1949 γνώστας,
2594 1880 2687 1932 καὶ
2716 1879 2990 1953 θεραφείν’
3034 1882 3128 1935 xui
3156 1879 3423 1953 ἐπλήθυνε
3466 1880 3553 1935 τοῦ
3594 1884 3711 1955 ποιῆ-

2176 1989 2265 2025 σαι
2298 1971 2407 2043 (46)
2435 1971 2495 2025 τὸ
2542 1972 2774 2044 πονηρὸν
2807 1974 2863 2025 ἐν
2894 1972 3191 2044 ὀφθαλμοῖς
3244 1972 3469 2044 Κυρίου,
3498 1972 3581 2026 τοῦ
3606 1992 3713 2044 παρ-

2173 2065 2391 2137 οργίσαι
2436 2065 2631 2118 αὐτόν’
2675 2065 2769 2119 xui.
2815 2066 2978 2139 ἐθηκε
3018 2066 3079 2119 τὸ
3121 2066 3392 2137 χωνευτὸν
3421 2067 3510 2119 xui
3541 2065 3594 2119 τὸ
3618 2066 3711 2134 γλυ-

2175 2159 2306 2213 πτὸν
2334 2157 2429 2213 τοῦ
2472 2160 2687 2224 ἄλσους,
2736 2159 2833 2231 τὴν
2879 2160 3082 2224 εἰκόνα,
3130 2160 3196 2231 ἥν
3243 2159 3491 2230 ἐποίησεν
3527 2160 3579 2210 ἐν
3612 2159 3712 2228 οἴκῳ

2176 2252 2406 2322 Κυρίου,
2436 2252 2495 2303 ἐν
2597 2251 2877 2317 ἐξελέξατο
2904 2252 3109 2324 Κύριος
3138 2250 3330 2305 θέσθαι
3374 2252 3433 2304 τὸ
3472 2252 3621 2322 ὄνομα
3642 2253 3713 2304 αὐ-

2174 2344 2290 2411 τοῦ,
2318 2346 2436 2399 ἐκεῖ
2462 2346 2521 2399 ἐν
2562 2346 2917 2417 Ἰερουσαλὴμ
2943 2348 3009 2417 τῇ
3031 2346 3161 2417 ἁγίᾳ
3179 2346 3332 2399 πόλει
3351 2347 3429 2408 εἰς
3453 2346 3537 2398 τὸν
3562 2345 3709 2405 αἰῶνα,

2175 2440 2271 2494 xui
2299 2432 2469 2492 εἶπεν·
2512 2440 2588 2492 Ού
2620 2438 2913 2511 προσθήσω
2956 2438 3049 2491 τὸν
3077 2438 3213 2491 πόδα
3247 2455 3352 2509 μου
3381 2436 3613 2491 σαλεῦσαι
3633 2436 3713 2490 ἀπὸ

2174 2531 2274 2602 τῆς
2299 2530 2402 2602 γῆς
2428 2529 2524 2583 τοῦ
2567 2530 2803 2603 Ἰσραὴλ,
2826 2532 2892 2602 ἢν
2922 2529 3098 2584 ἔδωκα
3125 2530 3241 2593 τοῖς
3271 2530 3531 2601 πατράσιν
3554 2529 3714 2589 αὐτῶν,

2176 2623 2317 2696 πλὴν
2363 2622 2459 2677 ἐὰν
2487 2623 2828 2693 φυλάξωνται
2870 2622 3013 2676 κατὰ
3061 2623 3242 2676 πάντα
3284 2624 3384 2677 ὅσα
3418 2620 3715 2692 ἐνετειλάμην

2176 2717 2384 2781 αὐτοῖς,
2416 2716 2559 2770 κατὰ
2586 2718 2767 2771 πᾶσαν
2810 2715 3051 2789 ἐντολὴν,
3087 2716 3154 2786 ἢν
3200 2713 3500 2768 ἐνετείλατο
3524 2717 3549 2768 ὁ
3572 2713 3715 2775 δοῦλός

2179 2824 2282 2879 μου
2312 2810 2537 2881 Μωσῆς.
2570 2809 2680 2864 Καὶ
2707 2810 2805 2862 οὐκ
2827 2807 3087 2881 ἤκουσαν,
3118 2810 3212 2863 καὶ
3242 2809 3535 2880 ἐπλάνησεν
3563 2807 3716 2869 αὐτοὺς

2176 2903 2478 2974 Μανασσῆς
2503 2900 2599 2956 τοῦ
2630 2902 2853 2973 ποιῆσαι
2882 2901 2943 2955 τὸ
2980 2901 3215 2973 πονηρὸν
3265 2900 3488 2955 ἐνώπιον
3531 2900 3713 2971 Κυρίου,

2177 2994 2318 3068 ὑπὲρ
2357 2994 2428 3047 τὰ
2471 2993 2596 3067 ἐθνη
2636 2992 2673 3048 ἃ
2718 2993 2878 3065 ἐξῆρε
2922 2992 3126 3064 Κύριος
3178 2993 3291 3047 ἀπὸ
3331 2992 3599 3065 προσώπου
3635 2990 3716 3043 τῶν

2178 3086 2309 3139 υἱῶν
2351 3086 2586 3158 Ἰσραήλ.
2644 3086 2754 3139 Καὶ
2799 3085 3029 3159 ἐλάλησε
3068 3084 3280 3159 Κύριος
3343 3087 3435 3139 ἐπὶ
3477 3085 3715 3153 Μανασσῇ,

2179 3178 2274 3232 xui
2300 3177 2394 3231 ἐπὶ
2421 3177 2512 3230 τὸν
2539 3176 2667 3231 λαὸν
2696 3175 2883 3241 αὐτοῦ,
2932 3178 2991 3230 ἐν
3036 3178 3182 3250 χειρὶ
3220 3177 3428 3231 δούλων
3464 3174 3609 3230 αὑτοῦ
3637 3175 3717 3226 τῶν

2178 3269 2492 3342 προφητῶν,
2539 3269 2739 3337 λέγων’
2782 3268 2921 3322 Ἀνθ⁹
2952 3263 3029 3322 ὧν
3069 3270 3171 3323 ὃσα
3205 3270 3433 3341 ἐποίησε
3471 3267 3718 3335 Μανασσῆς

2175 3364 2205 3416 ὁ
2234 3362 2486 3432 βασιλεὺς
2525 3360 2693 3415 Ἰούδα
2720 3360 2791 3415 τὰ
2819 3357 3161 3433 βδελύγματα
3206 3360 3279 3414 τὰ
3324 3361 3529 3433 πονηρὰ
3564 3357 3717 3413 ταῦτα.

2176 3452 2286 3508 ἀπὸ
2333 3453 2550 3507 πάντων
2593 3447 2667 3506 ὧν
2708 3454 2964 3525 ἐποίησεν
3016 3455 3045 3506 ὁ
3098 3453 3425 3526 Ἀμορραῖος
3463 3449 3720 3523 ἔμπροσθεν

2179 3546 2343 3601 αὑτοῦ
2366 3587 2381 3612 ,
2429 3548 2525 3601 xui
2577 3546 2851 3619 ἐξήμαρτε
2891 3546 2984 3601 τὸν
3026 3547 3223 3601 Ἰούδαν
3274 3548 3334 3600 ἐν
3386 3548 3494 3610 τοῖς
3532 3542 3721 3603 εἰδώλοις

2180 3638 2368 3705 αὐτοῦ,
2397 3640 2523 3693 τάδε
2566 3639 2714 3708 λέγει
2757 3638 2963 3712 Κύριος
3007 3642 3037 3693 ὁ
3075 3640 3206 3703 Θεὸς
3222 3641 3458 3712 Ἰσραήλ·
3501 3638 3615 3692 Ἰδοὺ
3640 3634 3723 3703 ἐγὼ

2181 3732 2332 3805 φέρω
2386 3731 2532 3787 κακὰ
2585 3730 2679 3786 ἐπὶ
2744 3732 3120 3805 Ἰερουσαλὴμ,
3181 3734 3281 3787 xui
3349 3732 3556 3796 Ἰούδαν,
3614 3728 3722 3781 ὥστε

2182 3826 2384 3891 παντὸς
2431 3824 2719 3889 ἀκούοντος
2773 3824 2933 3891 αὐτὰ,
2975 3827 3178 3898 ῆχῆσαι
3223 3828 3504 3899 ἀμφότερα
3543 3824 3603 3877 τὰ
3636 3817 3720 3875 ὦτα

2183 3918 2371 3985 αὐτοῦ,
2402 3921 2496 3974 xui.
2523 3919 2726 3974 ἐκτενῶ
2753 3919 2846 3972 ἐπὶ
2884 3919 3241 3992 Ἰερουσαλὴμ
3272 3920 3334 3973 τὸ
3365 3922 3552 3992 μέτρον
3576 3919 3721 3987 Σαμα-

2185 4014 2356 4086 ρείας,
2388 4013 2484 4067 xui
2509 4013 2601 4066 τὸν
2631 4010 2870 4083 σταθμὸν
2911 4012 3063 4066 οίκου
3108 4013 3335 4084 Ἀχαὰϐ,
3366 4016 3460 4068 xui.
3491 4008 3725 4077 ἁπαλείφω

2182 4106 2282 4179 τὴν
2316 4104 2673 4178 Ἰερουσαλὴμ
2685 4102 2869 4169 καθὼς
2888 4104 3247 4175 άπαλείφεται
3264 4107 3328 4161 τὸ
3345 4107 3526 4172 πυξίον
3541 4103 3723 4159 ἀπαλει-

2185 4199 2414 4271 φόμενον
2443 4197 2651 4271 (47-19)
2675 4237 2693 4264 ,
2712 4198 2808 4252 xui.
2834 4197 3195 4271 καταστρέφω
3222 4200 3319 4255 ἐπὶ
3348 4201 3456 4273 (20)
3485 4199 3725 4273 πρόσωπον

1811 4449 2179 4507 VARIORUM
2216 4446 2450 4508 NOTAE.

568 4634 687 4717 SM)
718 4632 1339 4717 GUQtaUtr1tha...Addit
1369 4634 1507 4717 alter
1539 4633 1712 4717 codex
1763 4636 1830 4717 τῇ
1862 4637 2078 4708 στρατιᾷ

2192 4636 2294 4717 ego
2324 4636 2389 4717 τό
2412 4652 2513 4717 pro
2539 4634 2719 4717 Τοφέθ
2740 4633 2822 4701 τό,
2855 4634 3001 4717 quod
3036 4630 3395 4717 habet‘ediAti'o
3424 4625 3727 4717 ςοηιιῇιξιξιξ·

504 4704 597 4761 τοῦ
618 4704 872 4778 ούρανοῦ,
901 4706 997 4778 xui
1017 4704 1339 4778 Δᾠκοδόμησε
1371 4705 1747 4778 θυσιαστήρια.
1768 4704 1940 4778 CLan

579 4774 698 4845 (45i‘
720 4775 975 4830 Γεὸαναὶ
1004 4774 1073 4828 ἐν
1102 4774 1363 4845 ὀνόματι.
1389 4774 1542 4830 Unde
1574 4774 1877 4830 monstrum
1901 4775 2091 4831 lectio-

505 4849 631 4904 nis?
658 4847 737 4901 An
770 4862 837 4902 ex
871 4846 1136 4901 vocabulo
1167 4854 1475 4907 contextus,
1502 4847 1574 4917 Γὲ
1604 4846 1877 4917 βενεννόμ.
1914 4846 1957 4900 ll
1986 4846 2092 4900 Pa-

503 4921 606 4975 ral.
629 4932 827 4977 χχχιιι,
856 4917 911 4981 6,
945 4923 999 4971 et
1062 4917 1406 4972 nonneminis
1450 4916 1518 4971 ad
1559 4916 1690 4970 illud
1731 4926 1860 4970 nota
1888 4919 2089 4987 margi-

506 4991 639 5053 nali,
670 4987 842 5060 ὄνομά
874 5006 947 5050 τι,
978 4987 1245 5058 quoddam
1278 5005 1485 5051 nomen,
1516 4987 1880 5060 simulprimo
1908 4988 2087 5060 mistis

507 5076 572 5115 ac
624 5057 818 5130 postea,
840 5060 1146 5130 corruptis?
1188 5060 1264 5113 lta
1304 5060 1502 5130 sentio.
1539 5057 1780 5130 Corrigo
1814 5058 1975 5130 etiam
2028 5059 2084 5112 in

505 5132 610 5186 hac
624 5126 772 5185 'voce
801 5126 1110 5183 Luciferum
1143 5130 1284 5184 libro
1308 5129 1383 5184 De
1424 5145 1524 5182 non
1554 5126 1812 5196 parcendo
1842 5129 1894 5180 in
1920 5128 2086 5182 Deum

506 5202 951 5272 delinquentibus,
996 5200 1189 5271 pagina
1224 5199 1330 5255 2'59
1344 5210 1639 5272 _extrema,
1668 5213 1797 5272 _quo_
1829 5198 1930 5252 loci
1963 5214 2089 5267 pro-

506 5268 1306 5327 ducit’testimonium'sam-tae
1339 5269 1634 5339 Scripturze
1666 5269 1727 5325 ιν
1764 5268 1898 5337 Reg.
1928 5284 2088 5335 χχιιι,

510 5344 618 5398 10:
653 5340 1041 5397 Contaminavit
1063 5357 1263 5411 quoque
1295 5338 1577 5407 Thoplieth,
1609 5338 1745 5409 quod
1779 5349 1855 5411 est
1889 5340 2091 5411 incon--

508 5413 645 5469 valle
673 5412 771 5480 ﬁlii
817 5411 1019 5465 Ennom
1051 5427 1068 5465 :
1099 5409 1305 5482 Gréecc.
1331 5413 1424 5465 xui.
1453 5411 1641 5482 ἐμίανε
1671 5411 1761 5482 τὸν
1796 5409 1969 5479 Τοφὲθ
1999 5410 2091 5462 τὸν

510 5485 569 5538 ιν
599 5483 843 5606 (pupugi
873 5482 990 5534 υἱοῦ
1008 5480 1223 5554 Ἑννόμ;
1248 5480 1509 5551 dicitque.
1534 5483 1579 5535 si
1606 5481 1760 5534 libris
1783 5481 1943 5534 editis
1966 5496 2086 5535 cre-

512 5555 692 5606 dimus
720 5570 735 5606 :
785 5563 829 5604 οι
853 5554 1204 5606 coinauinavit
1230 5552 1413 5606 Phem.
1438 5551 1573 5606 quod
1591 5561 1704 5605 erat
1726 5553 1778 5605 in
1804 5550 2081 5606 Capenam.

512 5550 692 5607 (liuius
720 5570 735 5608 :
766 5550 829 5606 Et
853 5550 1204 5621 coinquinavit
1230 5550 1415 5616 Phem,
1438 5551 1573 5621 quod
1591 5561 1704 5605 erat
1726 5553 1778 5605 in
1804 5550 2081 5621 Gepenam.

513 5621 621 5677 Sed
657 5620 1063 5677 rescribendum
1103 5623 1344 5683 :Pheth.
1388 5620 1526 5690 quod
1564 5631 1678 5675 erat
1728 5623 1780 5675 in
1827 5620 2087 5675 Gehenam

515 5702 609 5746 aut
631 5691 944 5755 Gehennam,
966 5690 1276 5753 Gehennom,
1304 5693 1681 5747 Gebenennom.
1714 5691 1977 5745 Nimirum
2003 5692 2086 5745 his

516 5765 830 5817 nomimbus
860 5762 1094 5816 donatur
1124 5779 1186 5819 ea
1215 5764 1390 5818 vallis.
1428 5762 1490 5817 Et
1534 5764 1742 5833 legebat
1783 5760 2000 5816 Lucifer
2030 5762 2090 5814 τὸ

2196 4708 2293 4770 sis,
2335 4694 2430 4763 ubi
2449 4711 2501 4762 in
2525 4694 2639 4763 ms:
2658 4694 3026 4777 Alexandrino
3064 4704 3159 4777 τὸν
3182 4703 3398 4777 Θοφθά,
3435 4702 3487 4777 in
3512 4694 3729 4777 versioni-

2197 4778 2297 4849 bus
2330 4777 2552 4849 Syriaca
2577 4785 2631 4833 et
2661 4778 2892 4849 Arabica
2932 4775 3193 4849 Taphatlg,
3221 4772 3286 4849 in
3308 4772 3522 4849 Scholio
3546 4772 3728 4849 πιειξειιιο

2194 4848 2285 4901 τὸν
2303 4834 2508 4924 -Θόφόθ,
2534 4848 2675 4918 apud
2696 4834 3086 4902 Theodoritum
3120 4834 3217 4924 3:5;
3241 4839 3604 4924 TucpéOLaptlt‘i
3624 4834 3728 4924 Ρξτζ

2194 4902 2413 4988 οοιιὶιιηί
2460 4902 2711 4999 (ἶάιῖειιιιι
2762 4929 3044 4988 perperam
3088 4910 3148 4968 τὸ
3178 4902 3363 4999 uec-ge}
3404 4902 3526 4999 alibi
3556 4902 3725 4973 Τωφέθ.

2193 4988 2332 5043 Cor.
2354 5019 2425 5029 ——
2453 4990 2604 5043 Alter
2631 4987 2793 5043 Vind.
2826 4988 2949 5042 cod.
2986 4987 3147 5040 habet
3177 4985 3365 5053 γεόαν.
3393 4984 3552 5053 (λιεῃ.

2265 5022 2300 5042 Ἰ
2319 5030 2332 5043 ο
2354 5022 2425 5029 —
2453 5022 2592 5043 nuc:
2647 5022 2661 5040 ν
2681 5022 2793 5043 "lu.
2826 5022 2949 5042 ιιυυ.
2987 5022 3147 5040 Ιιειιιυι
3216 5022 3365 5038 ῖ-υυδν.
3396 5022 3552 5037 νυνι-ι

2265 5059 2517 5146 (ἐρχζοῦ
2548 5057 2815 5146 ποιῆσαι.
2846 5058 3006 5146 Deest
3036 5058 3088 5110 in
3124 5022 3295 5110 alt‘ero
3327 5053 3471 5146 \‘iing
3508 5050 3575 5146 in.
3616 5118 3676 5146 ne

2266 5123 2411 5199 (47ἒὶ
2423 5129 2476 5200 9)
2504 5123 2705 5195 Καθὼς
2733 5129 3143 5197 ἀπαλείφεται.
3175 5142 3230 5179 x.
3252 5143 3302 5177 τ.
3345 5125 3395 5179 λ.
3430 5123 3557 5177 Nota
3585 5123 3727 5168 varias

2194 5200 2476 5260 lectiones.
2514 5200 2869 5271 καταστρέφω
2910 5208 2964 5253 et
3000 5196 3369 5271 ἀποδώσομαι.
3411 5192 3537 5248 Nam
3570 5196 3726 5271 vermis

2196 5285 2412 5341 quoque
2431 5272 2648 5341 exhibet
2678 5266 2898 5341 vulgata
2921 5286 2934 5333 ;
2962 5267 3309 5341 ἀποδώσομαι
3332 5274 3507 5341 autem
3531 5272 3659 5329 tu“?

2197 5325 2404 5412 editum
2440 5325 2874 5412 άπεώσομαιῖῖει
2913 5325 3225 5412 άπώσομαιξ
3278 5335 3562 5412 respondet
3588 5325 3728 5412 Ver-ll“:

2200 5410 2485 5465 Heln-nim.
2529 5406 2683 5477 Quod
2714 5410 2758 5467 si
2798 5426 2921 5464 cum
2956 5426 3059 5463 ms.
3092 5406 3455 5477 Alexandrino
3481 5406 3728 5477 repmlj‘i‘"

2192 5482 2247 5553 in
2298 5480 2437 5534 LXX
2469 5501 2481 5535 :
2518 5481 2713 5545 Καθὼς
2751 5481 3107 5553 άπαλείφεται
3147 5479 3223 5553 τδλ
3249 5476 3573 5553 ἀλάβαστρον

2192 5552 2508 5623 λειφόμενος
2563 5553 2656 5605 xui
2685 5546 3116 5622 καταστρέφεται
3145 5549 3236 5602 ἐπὶ
3268 5546 3544 5668 πρόσωποέ

3426 5633 3504 5672 vel
3538 5630 3564 5667 τι

2268 5758 2379 5830 (20)
2399 5756 2548 5812 Ἐπί.
2580 5756 2728 5812 Alter
2756 5755 2868 5809 ἀπὸ
2884 5753 3197 5828 προσώπου.
3231 5754 3419 5809 Ειειικ
