3936 6342
535 366 643 421 659

1381 358 1440 412 S.
1482 349 1877 411 CLEMENTIS
1908 350 1929 404 I
1967 346 2133 405 ROM.
2161 341 2363 401 PONT.
2398 341 2627 399 OPERA
2660 338 2890 396 DUBIA.

530 478 717 545 venit;
750 478 896 532 hunc
923 475 1151 541 imitari,
1182 474 1345 531 mites
1375 489 1519 539 esse,
1550 472 1784 542 quietos,
1817 468 2105 533 humanos,

2217 452 2350 536 ἔχειν
2391 462 2490 525 δεῖ,
2527 459 2717 513 τούτου
2768 456 3008 531 μιμητὰς
3050 453 3161 527 (50)
3205 447 3341 507 εἶναι
3384 450 3519 523 (51),
3567 453 3769 521 πραεῖς.

532 568 936 638 misericordes,
983 565 1262 638 paciﬁcos,
1304 573 1558 635 expertes
1606 563 1740 627 irae;
1790 558 1859 614 ad
1905 558 2107 613 docen-

531 662 682 727 dum,
733 659 1184 725 convertendum,
1232 656 1626 727 recipiendum,
1678 650 2110 708 hortandum‘et

529 754 920 813 consolandum
943 750 1423 817 accommodatos;
1454 764 1562 804 non
1594 761 1967 819 percussores,
1997 757 2108 797 non

531 846 847 912 iracundos,
870 860 981 900 non
1010 843 1458 905 contumeliOsos,
1480 855 1591 895 non
1623 844 1964 909 arrogantes,
1996 850 2108 890 non

528 948 957 1012 contemptores,
1006 953 1116 993 non
1161 936 1491 997 vinolentos,
1541 946 1653 986 non
1697 930 1966 994 ebriosos,
1997 942 2109 984 non

530 1040 884 1103 sumptuosos
915 1038 1141 1092 temere,
1172 1042 1285 1081 non
1315 1023 1672 1094 voluptarios,
1705 1036 1816 1076 non
1846 1033 2109 1075 consum-

530 1132 756 1195 ptores;
787 1135 898 1176 non
928 1125 1146 1173 utentes
1177 1115 1271 1171 Dei
1302 1114 1463 1169 donis
1492 1120 1754 1183 tanquam
1784 1109 1982 1164 alienis
2013 1104 2109 1163 sed

528 1228 783 1286 tanquam
818 1213 1078 1285 propriis,
1115 1220 1174 1266 ut
1202 1210 1534 1264 constitutos
1565 1206 1620 1261 in
1669 1206 1841 1260 bonos
1890 1203 2111 1274 dispen—

530 1317 762 1374 satores,
794 1316 962 1376 utque
992 1304 1260 1358 rationem
1319 1316 1348 1355 a
1398 1299 1507 1355 Deo
1551 1296 1938 1369 reposcendos.
1989 1294 2115 1365 Epi-

531 1415 733 1461 scopus
763 1399 1045 1452 moderato
1074 1394 1220 1450 victu
1251 1399 1543 1446 contentus
1574 1389 1686 1455 sit;
1738 1387 1867 1442 item
1909 1386 2110 1442 vestitu

531 1490 600 1544 ad
633 1488 1017 1546 necessitatem
1046 1494 1101 1541 et
1131 1485 1472 1539 honestatem
1506 1488 1631 1550 apto
1663 1497 1679 1536 :
1724 1477 1885 1534 bonis
1927 1475 2113 1531 Domi-

531 1582 674 1639 nicis
716 1589 975 1652 tanquam
1038 1576 1315 1633 extraneis
1360 1588 1470 1628 non
1517 1572 1793 1637 abutatur,
1839 1568 1937 1625 sed
1984 1582 2109 1624 cum

532 1674 695 1730 modo
754 1692 769 1728 :
830 1692 850 1724 ι
911 1671 1119 1741 Dignus
1166 1676 1250 1724 est
1306 1666 1455 1722 enim
1514 1660 1805 1735 operarius
1860 1658 2112 1716 mercede

530 1782 632 1821 sua
678 1765 748 1820 ⁸⁸.
804 1782 829 1817 ι
876 1761 995 1817 Non
1028 1761 1099 1816 sit
1130 1760 1467 1821 luxuriosus,
1500 1771 1611 1810 non
1643 1755 1903 1824 impensa:
1922 1767 1985 1807 ac
2015 1765 2098 1805 or-

2208 558 2487 631 ήσυχίους,
2510 552 2934 623 εὐσπλάγχνους,
2965 549 3284 619 ἐλεήμονας,
3304 544 3633 618 εἰρηνικοὺς,
3660 543 3771 613 ἀορ,

2208 653 2431 723 γήτους,
2474 647 2833 709 διδακτικοὺς,
2880 640 3356 714 ὲπιστρεπτικοὺς,
3402 635 3779 697 εἰσδεκτικοὺςο

2208 741 2673 817 παρακλητικοὺς,
2699 737 2774 811 μὴ
2799 736 3067 808 πλήκτας,
3101 732 3176 805 μὴ
3201 730 3471 804 ὀργίλως,
3505 727 3584 799 μὴ
3635 725 3775 797 ὑδρι-

2211 837 2363 902 στάς,
2397 834 2471 908 μὴ
2500 833 2783 898 ἀλαζόνας,
2817 825 3329 901 μὴσὺπεροπτικοὺς,
3354 822 3426 895 μή
3444 820 3774 891 οἰνόφλυγας,

2214 930 2288 1005 μὴ
2319 927 2603 1002 μεθύσους,
2636 924 2711 997 μὴ
2740 920 3207 983 είκαιοδαπάνους,
3257 916 3330 989 μὴ
3365 912 3673 987 τρυφητάς,
3715 912 3778 982 μή

2210 1018 2639 1082 πολυδαπάνους,
2676 1015 2752 1088 μὴ
2780 1015 2856 1079 ὡς
2882 1011 3182 1085 ἀλλοτρίοις
3227 1008 3352 1064 ἀλλ’
3381 1009 3459 1072 ὥς
3494 1007 3648 1069 ἰδίοις
3682 1008 3780 1068 τοῖς

2209 1111 2309 1167 τοῦ
2343 1110 2477 1166 Θεοῦ
2504 1110 2700 1181 δόμασι
2726 1105 3064 1180 χρωμένους,
3104 1102 3180 1166 ὡς
3211 1100 3451 1171 ἀγαθοὺς
3475 1099 3780 1170 οἰκονόμους

2210 1203 2580 1266 καθεστῶτας,
2637 1201 2713 1264 ὡς
2775 1196 3064 1269 μέλλοντας
3102 1193 3449 1249 ἀπαιτεῖσθαι
3500 1192 3659 1265 παρά
3700 1192 3781 1245 τοῦ

2212 1296 2345 1351 Θεοῦ
2372 1296 2463 1351 τὸν
2489 1294 2664 1363 λόγον.
2688 1290 2947 1361 Αὐτάρκη
2974 1288 3146 1360 ὲχέτω
3175 1286 3402 1358 τροφὴν,
3437 1286 3532 1339 καὶ
3581 1287 3783 1355 ἀμφια-

2214 1390 2371 1464 σμὺν,
2395 1390 2425 1441 ὀ
2453 1388 2771 1449 ἐπίσκοπος,
2812 1383 2904 1438 τὸν
2948 1384 3015 1455 τῇ
3064 1380 3225 1455 χρείᾳ
3264 1381 3357 1435 καὶ
3392 1382 3459 1451 τῇ
3505 1379 3784 1450 σεμνότητι

2210 1485 2577 1558 προσήκοντα·
2633 1478 2708 1551 μὴ
2752 1480 2864 1542 τοῖς
2905 1477 3203 1549 Κυριακοῖς
3254 1474 3331 1538 ὡς
3376 1472 3787 1544 ἀλλοτρίοιςκεο

2211 1575 2456 1651 χρήσθω,
2515 1572 2651 1627 ἀλλὰ
2699 1569 3143 1644 μεμετρημένως.
3173 1577 3193 1612 ί
3215 1566 3398 1631 Ἀξιος
3427 1566 3537 1638 γὰρ
3582 1566 3612 1618 ὀ
3640 1564 3787 1636 ἑργάο

2210 1688 2311 1742 της
2340 1669 2434 1723 τοῦ
2475 1666 2667 1740 μισθοῦ
2698 1664 2865 1720 αὐτοῦ
2897 1665 3033 1717 ἐστι.
3054 1661 3180 1733 »Μὴ
3222 1659 3496 1724 σπάταλος
3551 1658 3693 1729 (52),
3722 1658 3785 1728 μὴ

2214 1762 2509 1834 περπερος,
2538 1757 2673 1814 ἀλλὰ
2705 1757 2879 1830 μόνων
2907 1754 3020 1828 (55)
3051 1754 3159 1809 τῶν
3192 1753 3331 1826 πρὸς
3360 1752 3623 1806 σύστασιν
3652 1750 3787 1821 ἐφιέ-

531 1864 695 1912 natus
723 1855 977 1926 cupidus,
1009 1852 1105 1909 sed
1138 1850 1577 1907 necessariarum
1607 1847 1873 1903 duntaxat
1918 1858 2101 1900 rerum
2133 1846 2179 1907 Β
2209 1870 2391 1928 μενος,

532 1956 815 2023 appetens.
836 2004 837 2007 η

1098 2049 1329 2108 CAPUT
1372 2047 1543 2104 XXV.

531 2178 611 2234 De
651 2173 921 2247 primitiis,
965 2180 1014 2247 et
1059 2168 1308 2247 decimis;
1346 2175 1395 2222 et
1444 2180 1545 2247 quo
1584 2160 1739 2247 mod?
1768 2155 2112 2247 debeag‘e‘pi.

603 2227 813 2317 scirpos,
844 2227 920 2299 ex,
955 2243 1029 2297 eis
1079 2240 1154 2296 vel
1196 2227 1305 2308 ipse
1347 2227 1600 2305 accipere,
1649 2232 1726 2287 vel
1757 2231 1879 2285 aliis
1924 2227 2112 2283 distri—

605 2319 780 2373 buere.

603 2430 856 2487 Decimas
885 2435 938 2483 et
982 2424 1276 2497 primitias,
1322 2435 1444 2495 qua:
1484 2418 1642 2489 juxta
1670 2414 1767 2471 Dei
1794 2411 2111 2469 mandatum

532 2529 851 2594 erogantur,
881 2523 1191 2581 consumat,
1237 2523 1298 2569 ut
1330 2512 1603 2569 hominem
1635 2508 1732 2564 Dei
1775 2508 1962 2573 decet;
1990 2519 2113 2576 qua:

534 2631 704 2673 causa
735 2606 1036 2686 pauperum
1067 2614 1261 2680 sponte
1300 2603 1678 2666 conferuntur,
1712 2607 1865 2655 recte
1908 2598 1965 2652 in
2011 2612 2114 2667 pu-

533 2709 719 2780 pillos,
752 2703 969 2768 viduas,
998 2699 1252 2763 alllictos,
1284 2705 1340 2752 et
1388 2693 1705 2769 peregrinos
1755 2691 1949 2760 inopes
1992 2686 2109 2745 dis-

535 2804 747 2870 penset,
776 2794 941 2859 vclut,
976 2791 1070 2862 qui
1112 2790 1310 2845 habeat
1338 2789 1537 2843 horum
1582 2783 1978 2856 impendiorum
2023 2794 2115 2834 ra-

534 2890 916 2945 tiocinatorem
963 2883 1157 2946 Deum,
1207 2896 1238 2935 a
1277 2895 1386 2951 quo
1417 2879 1520 2950 ipsi
1548 2877 1662 2932 haec
1689 2872 2003 2947 procuratio
2028 2877 2113 2927 est

540 2979 857 3036 commissa.
911 2974 1054 3042 Quin
1123 2974 1321 3037 etiam,
1395 2986 1432 3025 ο
1500 2956 1791 3042 episcopi,
1857 2965 2113 3022 omnibus

539 3072 829 3146 egentibus
892 3069 1042 3140 juste
1089 3067 1513 3141 disperticntcs;
1560 3069 1615 3118 et
1656 3060 1762 3132 ipsi
1811 3057 2113 3115 Dominicis

540 3167 706 3222 rebus
736 3170 980 3226 utentes,
1021 3160 1115 3217 sed
1168 3176 1278 3214 non
1327 3158 1655 3220 abutentes;
1697 3168 1767 3211 ex
1812 3151 1881 3207 iis
1927 3150 2109 3231 cibum
2137 3197 2179 3255 Ο

539 3263 857 3320 sumentes,
918 3254 1014 3310 sed
1074 3268 1183 3308 non
1246 3267 1342 3307 eas
1403 3250 1755 3305 absumentes
1816 3243 1960 3309 soli,
2003 3242 2112 3297 imo

538 3368 665 3410 cum
704 3348 991 3422 egentibus
1021 3344 1536 3409 communicantes;
1580 3338 1906 3402 inoﬂ'ensum
1944 3335 2114 3392 Deum

541 3444 819 3500 habetote.
881 3437 1020 3498 Nam
1085 3438 1133 3494 si
1201 3436 1303 3492 soli
1379 3434 1521 3490 bona
1571 3430 1668 3491 Dei
1708 3425 2117 3499 consumpseri-

541 3539 645 3602 tis,
687 3535 795 3589 hoc
851 3533 921 3593 ab
960 3546 1027 3587 eo
1083 3538 1343 3599 tanquam
1412 3524 1755 3582 insatiabiles
1802 3530 1858 3579 et
1916 3520 2117 3577 solico—

540 3628 802 3689 medones
836 3625 1095 3697 probrum
1151 3619 1540 3693 reportaihitis;
1592 3636 1611 3670 ι
1645 3616 1757 3673 Lac
1805 3612 2115 3677 comeditis,

540 3732 596 3780 et
618 3722 762 3779 lanis
791 3717 1167 3790 Operimini”.
1212 3733 1231 3766 ι
1269 3714 1334 3768 Et
1363 3713 1471 3771 alio
1510 3710 1566 3766 in
1597 3711 1721 3766 loco
1751 3724 1766 3761 :
1806 3728 1825 3762 ι
1857 3706 2117 3776 Nunquid

543 3811 861 3871 habitabitis
894 3808 994 3865 soli
1022 3810 1076 3862 in
1103 3816 1249 3863 terra
1297 3802 1402 3859 ⁸⁸2»
1432 3806 1779 3875 Quapropter
1806 3808 1862 3858 et
1890 3801 1951 3858 in
1976 3798 2119 3871 Lege

544 3905 858 3968 mandatum
909 3912 996 3957 est
1041 3901 1198 3955 vobis
1243 3919 1257 3954 :
1310 3918 1329 3951 ι
1379 3898 1581 3968 Diliges
1616 3896 1923 3971 proximum
1964 3902 2117 3948 tuum

544 3999 690 4054 sicut
720 3995 1035 4066 teipsum”.
1072 4014 1093 4047 ι
1122 3993 1299 4064 Atque
1321 3992 1437 4055 haec
1458 3991 1719 4058 dicimus,
1747 4004 1857 4051 non
1884 3994 1944 4051 ut
1965 3987 2121 4045 labo-

546 4090 701 4146 ribus
751 4087 954 4144 vestris
1011 4087 1325 4141 nullatenus
1370 4084 1667 4149 fruamini;
1716 4083 1984 4152 scriptum
2035 4087 2122 4134 est

545 4185 691 4240 enim
727 4201 743 4244 ξ
788 4199 807 4235 ι
843 4179 962 4235 Non
1003 4178 1253 4250 alligabis
1289 4194 1352 4234 os
1398 4177 1523 4233 bovi
1563 4177 1932 4241 trituranti“;
1972 4192 1992 4226 ›
2023 4171 2119 4227 sed

549 4286 608 4337 ut
637 4275 913 4335 moderate
957 4289 1083 4329 cum
1111 4272 1325 4342 justitia
1363 4270 1611 4335 utamini.
1650 4267 2120 4337 Quemadmodum

547 4382 680 4441 ergo
704 4370 805 4425 bos
836 4368 893 4423 in
924 4381 1050 4423 area
1073 4381 1329 4437 operans,
1357 4366 1498 4421 eami
1530 4364 1705 4420 libero
1725 4377 1841 4429 ore,
1874 4362 2121 4434 pascitur

548 4460 795 4533 quidem,
824 4459 920 4516 sed
949 4474 1057 4514 non
1087 4466 1261 4521 totum
1286 4457 1603 4533 depascitur
1634 4473 1647 4507 ε
1675 4458 1750 4511 ita
1769 4464 1824 4517 et
1844 4471 1943 4512 vos
1969 4456 2123 4511 labo-

2724 2050 3122 2108 ΚΕΦΑΛΑΙΟΝ
3157 2050 3285 2106 KE'.

2212 2171 2355 2242 Περὶ
2382 2168 2689 2242 ἀπαρχῶνᾼ
2710 2167 2810 2242 καί
2852 2163 3136 2242 δεκατῶν,
3309 2162 3733 2242 ὄπως-ὀφείλει
3758 2162 3786 2214 ὁ

2279 2230 2630 2307 ἓπίσκοᾶτδς,
2659 2238 2698 2308 ἢ
2727 2237 2908 2310 αὐτὸς
2945 2232 3423 2310 μεταλαμϐάνειν
3466 2230 3784 2297 ἐξαύτῶν.

2279 2313 2320 2383 ἢ
2350 2312 2570 2381 ἑτέροις
2595 2309 2913 2379 διανέμειν.

2279 2426 2361 2480 Τὰ
2386 2424 2633 2496 διδόμενα
2650 2422 2769 2476 κατ’
2799 2419 3016 2493 ἐντολὴν
3032 2418 3166 2474 Θεοῦ
3182 2418 3289 2472 τῶν
3304 2416 3547 2473 δεκατῶν
3582 2416 3679 2469 καὶ
3695 2413 3787 2467 τῶν

2210 2516 2494 2590 ἀπαρχῶν,
2511 2516 2587 2579 ὡς
2603 2512 2737 2569 Θεοῦ
2755 2512 3040 2585 ἄνθρωπος
3068 2509 3421 2565 ἀναλισκέτω·
3455 2507 3526 2563 τά
3554 2508 3787 2579 εἰσφερό-

2214 2628 2351 2684 μενα
2369 2609 2462 2662 ἐπὶ
2480 2607 2749 2680 προφάσει
2769 2605 3019 2677 πενήτων
3040 2602 3283 2666 ἑκούσια,
3301 2600 3481 2664 καλῶς
3506 2600 3791 2671 οἰκονομει-

2210 2723 2308 2769 τω,
2328 2703 2601 2776 ὀρφανοῖς,
2636 2700 2732 2754 καὶ
2751 2699 2969 2771 χήραις,
3002 2696 3096 2750 καὶ
3125 2694 3480 2765 θλιϐομένοις,
3513 2694 3612 2748 καὶ
3634 2691 3790 2759 ξένοις

2211 2794 2629 2869 ἀπορουμένοις,
2674 2791 2751 2855 ὡς
2801 2790 2939 2862 ἔχων
2985 2788 3117 2842 Θεὸν
3170 2784 3518 2857 λογιστευτὴν
3577 2785 3788 2847 τούτων.

2210 2889 2302 2943 τὸν
2349 2886 2728 2959 ὲγχειρίσαντα
2764 2881 2916 2953 αὐτῷ
2942 2881 3146 2951 ταύτην
3173 2879 3271 2951 τὴν
3301 2878 3638 2950 οἰκονομίαν·
3670 2880 3791 2932 πᾶσι

2211 2982 2268 3036 δὲ
2295 2979 2407 3051 (54)
2434 2981 2549 3042 τοῖς
2567 2976 2839 3048 δεομένοις
2867 2972 3005 3046 μετά
3027 2971 3371 3043 δικαιοσύνης
3400 2970 3793 3041 ὲπιμερίζοντες

2214 3072 2349 3146 (55),
2372 3072 2468 3126 καὶ
2482 3071 2638 3141 ὑμεῖς
2657 3066 2813 3121 αὐτοὶ
2830 3066 3101 3138 χρώμενοι
3113 3066 3178 3119 ἐκ
3204 3064 3312 3117 τῶν
3338 3062 3653 3134 Κυριακῶν,
3672 3061 3793 3116 ἀλλὰ

2217 3166 2292 3239 μὴ
2325 3160 2767 3236 παραχρώμενοι,
2800 3158 3069 3223 ἐσθίοντες
3098 3157 3159 3223 ἐξ
3181 3156 3383 3220 αὐτῶν,
3413 3154 3550 3209 ἀλλά
3581 3155 3655 3227 μὴ
3682 3171 3794 3208 κατ.

2212 3258 2479 3320 εσθίοντες
2507 3254 2647 3309 αὐτά
2669 3253 2838 3325 μόνοι,
2861 3250 3239 3314 κοινωνοῦντες
3266 3250 3323 3303 δὲ
3352 3251 3467 3311 τοῖς
3492 3248 3792 3319 χρῄζουσιν,

2212 3349 2556 3422 ἀπρόσκοποι
2584 3345 2704 3418 Θεῷ
2746 3343 2985 3415 γίνεσθε
3032 3341 3127 3395 ἐὰν
3171 3340 3281 3413 γὰρ
3315 3339 3463 3412 μόνοι
3507 3339 3647 3394 αὐτά
3676 3340 3796 3394 ἁνα-

2212 3442 2443 3514 λὼσητε,
2474 3436 2907 3512 ὀνειδισθήσεσθε
2933 3434 3088 3508 παρὰ
3106 3432 3264 3497 Θεοῦ,
3294 3432 3545 3500 λέγοντος
3575 3432 3651 3496 ὡς
3669 3432 3795 3503 πρὸς

2213 3535 2519 3607 ἀπλήστους
2536 3534 2631 3587 καὶ
2652 3529 3005 3604 μονοφάγουςο
3034 3547 3054 3581 ι
3089 3527 3163 3581 Τό
3180 3526 3320 3595 γάλα
3350 3524 3684 3588 κατεσθίετε,
3711 3525 3796 3577 καὶ

2212 3628 2285 3689 τὰ
2327 3627 2449 3699 ἔρια
2486 3622 2891 3698 περιϐάλλεσθε.
2932 3640 2951 3674 ι
2986 3620 3098 3674 Καὶ
3148 3619 3206 3672 ὲν
3240 3617 3435 3681 ἄλλοις·
3478 3635 3497 3668 ι
3532 3617 3628 3689 Μὴ
3655 3618 3794 3686 οἰκή-

2216 3737 2336 3777 σετε
2358 3720 2507 3793 μόνοι
2537 3718 2631 3771 ἐπὶ
2655 3717 2755 3787 τῆς
2784 3715 2924 3786 γῆς;
2962 3732 2981 3766 ι
3015 3712 3105 3765 Διὸ
3124 3711 3219 3765 καὶ
3247 3712 3305 3764 ὲν
3334 3708 3413 3780 τῷ
3442 3708 3595 3780 νόμῳ
3639 3724 3795 3790 προσ-

2214 3814 2474 3869 τέτακται
2541 3812 2669 3887 ὑμϊν
2720 3807 2852 3880 (56)’
2898 3825 2917 3859 ι
2954 3804 3285 3874 ’Δγαπήσεις
3310 3802 3402 3855 τὸν
3445 3800 3673 3873 πλησίον
3710 3818 3793 3855 σου

2216 3907 2293 3971 ὡς
2323 3904 2566 3959 σεαυτόν.
2594 3922 2614 3956 ι
2646 3902 2758 3956 Καὶ
2784 3898 2957 3954 ταῦτα
2992 3895 3131 3970 (57)
3161 3895 3412 3967 λέγομεν,
3450 3896 3550 3965 οὐχ
3598 3894 3683 3948 τνα
3725 3893 3795 3964 μή

2221 3995 2671 4071 μεταλαμϐάνητε
2710 3991 2865 4064 ὑμῶν
2909 3990 3019 4045 τῶν
3074 3989 3271 4043 πόνων
3326 3987 3639 4059 γέγραπται
3675 3986 3789 4055 γάρ·

2223 4109 2244 4143 ι
2279 4090 2354 4145 Οὐ
2384 4087 2648 4160 φιμώσεις
2689 4084 2814 4157 βοῦν
2833 4080 3094 4135 ἀλοῶντα⁶
3123 4100 3141 4134 ι
3162 4080 3275 4135 ἀλλ’
3326 4080 3413 4132 ίνα
3464 4077 3797 4150 μεμετρημέ-

2218 4200 2324 4247 νως
2356 4181 2493 4254 μετά
2517 4178 2880 4250 δικαιοσύνης.
2917 4178 3014 4230 Ὃν
3038 4174 3239 4248 τρόπον
3268 4169 3361 4227 οὖν
3382 4172 3494 4244 (58)
3523 4173 3553 4224 ὀ
3575 4171 3697 4242 βοῦς
3711 4172 3793 4241 ἐρ.

2217 4274 2518 4345 ταξάμενος
2546 4272 2604 4333 ὲν
2629 4274 2698 4343 τῇ
2728 4270 2840 4342 ᾶλῳ
2866 4270 3162 4341 ἀκήμωτος
3190 4265 3325 4338 (59),
3348 4264 3518 4319 ἐσθίει
3551 4262 3795 4336 μὲν,

2219 4368 2282 4421 οὐ
2308 4364 2371 4421 τὸ
2402 4365 2511 4418 πᾶν
2530 4362 2807 4418 κατεσθίει
2824 4379 2839 4392 ο
2861 4360 3005 4415 οὕτω
3033 4360 3129 4415 καὶ
3166 4360 3325 4430 ὑμεῖς
3351 4357 3705 4430 ἐργαζόμενα
3719 4356 3793 4417 εἰς

2223 4458 2322 4532 τὴν
2353 4457 2497 4523 ἅλω,
2513 4457 2789 4511 τουτέστιν
2817 4456 2897 4519 είς
2923 4453 3021 4525 τὴν
3063 4451 3389 4524 Ἐκκλησίαν
3419 4449 3514 4503 τοῦ
3544 4448 3693 4507 Θεοῦ,
3728 4447 3792 4499 ὲκ

545 4561 735 4615 rantes
763 4552 820 4609 in
848 4566 976 4607 area
1000 4591 1016 4616 ,
1063 4551 1169 4605 hoc
1193 4557 1308 4614 est,
1340 4550 1397 4613 in
1433 4548 1675 4604 Ecclesia
1705 4549 1822 4615 Dei,
1849 4564 1913 4605 ex
1944 4547 2130 4604 Eccle-

2230 4552 2330 4622 τῆς
2357 4549 2653 4621 ἐκκλησίας
2680 4547 2889 4605 ἐσθίετε
2931 4545 3063 4617 (60)⁶
3121 4543 3181 4597 δν
3208 4543 3408 4616 τρόπον
3436 4543 3533 4596 καὶ
3564 4542 3615 4595 oi
3663 4533 3792 4592 λευῐ-

548 4648 633 4705 sia
660 4644 857 4711 vivite;
888 4644 1063 4701 instar
1088 4658 1308 4714 quoque
1339 4641 1653 4705 levitarum,
1699 4641 1793 4711 qui
1839 4641 2123 4697 ministra-

550 4737 681 4796 bant
712 4736 1009 4795 testimonii
1043 4734 1420 4802 tabernaculo,
1452 4732 1598 4809 quod
1620 4734 1770 4790 omni
1791 4749 1859 4789 ex
1881 4742 2035 4813 parte
2059 4733 2123 4797 Ii-

622 4915 667 4946 “
705 4912 840 4971 Luc.
871 4930 927 4977 κ,
959 4912 1010 4969 'l.
1103 4911 1146 4945 “
1185 4910 1385 4974 Ezech.
1412 4926 1600 4975 xxxiv,
1628 4911 1682 4967 '5.
1760 4913 1805 4951 ⁸*
1832 4911 1901 4968 Is.
1937 4930 1992 4979 ν,
2036 4914 2091 4969 8.

2227 4662 2319 4698 ται
2345 4644 2395 4698 οἱ
2423 4641 2857 4714 λειτουργοῦντες
2983 4640 3154 4711 σκηνῇ
3182 4636 3278 4691 τοῦ
3327 4635 3621 4708 μαρτυρίου
3641 4672 3655 4698 ,
3679 4632 3791 4702 ira;

2227 4733 2298 4811 ἦν
2338 4735 2509 4801 τύπος
2551 4734 2654 4805 τῆς
2694 4731 3017 4805 Ἑκκλησίας
3053 4729 3197 4785 κατά
3240 4729 3437 4789 πάντα·
3486 4726 3697 4803 προσέτι
3731 4723 3787 4775 δὲ

2202 4914 2247 4947 ⁸³
2280 4913 2409 4970 Lev.
2436 4930 2551 4984 nux,
2585 4914 2672 4970 I8.
2748 4913 2797 4953 ἐκ
2825 4911 2981 4969 Deut.
3017 4925 3145 4976 xxv,
3178 4911 3234 4971 4.

1852 5066 2215 5126 VARIORUM
2250 5068 2485 5127 NOTIE.

623 5246 734 5318 (50)
770 5245 921 5301 Alter
972 5245 1097 5303 cod.
1147 5244 1356 5318 habet:
1401 5245 1573 5316 ’Υμᾶς
1602 5244 1744 5316 ἔχειν
1782 5246 1891 5300 δεῖν
1930 5246 2121 5313 τούτου

550 5316 1071 5389 καταμίμησιν,ι)οιι
1098 5316 1256 5372 male.
1285 5316 1455 5371 Cum.

622 5336 948 5443 .TGFIE'QG'UI,
962 5336 1071 5373 non
1098 5336 1256 5372 male.
1285 5336 1455 5371 υιεκ.

806 5388 943 5471 iret.
975 5386 1033 5442 In
1059 5390 1249 5444 eodem
1269 5389 1516 5459 sequitur
1530 5382 1668 5450 εἶναι
1689 5392 1881 5472 πραεῖς
1898 5393 2025 5461 χρή.
2044 5387 2121 5452 In.

624 5468 716 5528 (ο...
757 5461 1090 5525 rnatu/loc.
1126 5455 1270 5514 Idem
1288 5457 1459 5519 codex
1484 5477 1498 5513 :
1521 5459 1950 5523 πολυαναιωτος,
1973 5460 2121 5528 quod

624 5455 736 5529 (52)
757 5459 1090 5530 Σπὰταλος.
1126 5455 1270 5530 Idem
1288 5455 1459 5519 codex
1484 5477 1498 5513 :
1521 5455 1950 5530 πολυανᾶλωτος,
1973 5455 2121 5530 quod

551 5528 767 5585 videtur
794 5545 919 5585 esse
947 5528 1042 5582 τοῦ
1073 5528 1344 5583 σπατάλου
1372 5530 1659 5599 glossema.
1698 5528 1772 5595 In.

624 5602 735 5670 4'55)
756 5603 994 5677 Μάγων,
1024 5610 1131 5656 etc.
1178 5599 1322 5655 Idem
1356 5597 1396 5651 ε’
1407 5600 1585 5677 μόνοις
1611 5602 1723 5664 τοῖς
1850 5614 1898 5653 σ.
1929 5597 2128 5672 ἀρκου-

556 5669 732 5745 μενρςέ
755 5669 831 5745 ll».

625 5741 736 5810 (54)
768 5741 858 5796 Δέ.
889 5740 946 5797 In
967 5740 1159 5796 eodem
1181 5740 1375 5795 τοίνυν.
1418 5742 1494 5797 in.

628 5810 737 5884 (55)
805 5810 1283 5884 Ἐπιμερίζοντες.
1314 5861 1321 5885 ἶ
1348 5810 1483 5870 Ibid.
1538 5812 1875 5886 διανέμοντες
1935 5810 2127 5873 eodem
2244 5867 2261 5876 -

2229 5267 2415 5311 sensu.
2452 5251 2528 5309 In.

2304 5322 2415 5393 (56)
2457 5320 2646 5391 Ὑμῖν,
2675 5320 2954 5381 Omittitur
2979 5322 3039 5382 in
3056 5322 3229 5379 altero
3254 5322 3481 5388 codice,
3510 5338 3608 5380 nec
3634 5321 3772 5384 male,

2234 5401 2612 5467 namlnutuus
2633 5407 2787 5467 amor
2814 5393 3177 5467 est‘omnibus
3212 5402 3537 5467 praceptus.
3576 5393 3649 5451 In.

2325 5462 2415 5522 57)
2452 5463 2658 5522 Ταῦτα.
2677 5461 2810 5520 Ibid.
2839 5462 3016 5517 τοῦτο.
3055 5462 3132 5519 Id.

2324 5531 2413 5605 58)
2450 5533 2590 5605 οὖν,
2622 5531 2755 5589 Ibid.
2786 5534 2912 5605 γάρ.
2942 5532 3030 5605 In.

2237 5602 2807 5729 indiginoéxmwc;
2846 5602 2981 5660 [bid‘
3019 5605 3321 5678 ἀφίμωτοςι
3365 5606 3511 5680 quod
3556 5612 3634 5661 est
3672 5616 3767 5673 per-

2235 5690 2378 5730 mue.
2405 5690 2474 5730 ID.

2307 5744 2419 5817 (60)
2466 5744 2742 5802 Ἑσθίετε.
2787 5744 3012 5803 Ἐσθίειν
3038 5746 3303 5822 ὀφείλετε,
3328 5748 3498 5807 codex
3532 5746 3670 5802 alter.
3699 5742 3762 5796 In.
