3936 6342
496 252 604 308 ιιϐῗι

1375 251 1435 309 S.
1475 251 1874 310 CLEMENTIS
1905 255 1931 308 ι
1958 255 2127 312 ROM.
2161 258 2366 313 PONT.
2407 256 2637 349 OPEBA
2684 259 2914 319 DUBIA.

3653 263 3746 322 661

493 373 739 430 omnium
774 379 1025 451 nostrum
1055 377 1281 441 peccata
1307 370 1363 434 in
1389 370 1540 444 ligno
1584 372 1769 428 crucis
1801 372 2040 443 portavit

2135 399 2148 434 ι
2175 373 2507 447 καρποῦσθε.
2538 378 2787 449 Μιμηταὶ
2813 378 2923 451 γάρ
2950 377 3071 431 ὲστε
3114 378 3351 451 Χριστοῦ
3380 378 3475 433 τοῦ
3518 381 3748 453 Κυρίουο

490 465 875 523 immaculatus
895 478 993 534 pro
1021 463 1360 519 merentibus
1390 463 1718 534 supplicium
1748 464 2068 531 crucifixus;

490 560 564 613 ita
592 566 647 613 et
675 571 775 612 vos
802 555 976 627 plebis
1005 562 1229 625 peccata
1257 554 1540 612 vindicare
1569 564 1814 626 oportet;
1848 572 1971 612 cum
2002 555 2070 612 de

491 648 773 704 Salvatore
796 648 851 702 in
875 648 1016 703 Isaia
1046 646 1253 703 dictum
1281 648 1354 702 sit
1387 666 1401 703 :
1440 665 1466 699 ι»
1494 647 1605 704 lste
1630 657 1855 719 peccata
1877 656 2068 705 nostra

487 750 690 813 portat,
723 749 776 797 et
805 756 906 812 pro
942 742 1104 796 nobis
1136 740 1377 807 dolet”;
1414 760 1434 793 ι
1472 749 1528 796 et
1556 748 1714 811 post:
1740 759 1757 792 ι
1791 739 1909 811 Ipse
1940 756 2068 811 pec-

486 844 607 889 cata
637 835 927 889 multorum
977 833 1142 898 tulit,
1176 841 1231 888 et
1261 839 1484 904 pr0pter
1520 832 1838 904 iniquitates
1873 848 2063 887 eorum

485 928 717 983 traditus
747 935 850 982 est.
885 946 902 978 ι
938 924 1006 979 Ut
1036 940 1167 995 ergo
1200 940 1299 980 vos
1326 924 1479 995 sc0pi
1509 925 1665 989 estis,
1697 927 1771 979 ita
1805 932 1860 979 et
1898 923 2061 980 Chri-

480 1028 624 1074 stum
667 1034 891 1090 scopum
936 1018 1187 1084 habetis;
1220 1026 1274 1073 et
1312 1026 1373 1072 ut
1417 1017 1508 1073 ille
1536 1017 1785 1073 omnium
1818 1022 2059 1072 vestrum

477 1113 757 1183 exemplar
778 1118 884 1178 est,
912 1111 987 1165 ita
1016 1118 1071 1166 et
1098 1126 1198 1167 vos
1236 1111 1504 1165 laicorutn
1538 1109 1742 1182 quibus
1788 1108 2055 1178 praeestis.

473 1203 596 1258 Non
625 1204 771 1259 enim
796 1202 1217 1258 existimandum
1246 1210 1356 1267 est,
1403 1202 1779 1273 episcOpatum
1812 1200 1970 1255 facile
1992 1215 2058 1256 ac

472 1298 591 1353 leve
612 1312 753 1353 onus
776 1311 919 1352 esse.
950 1294 1221 1362 Quocirca
1252 1298 1397 1352 sicut
1417 1295 1633 1366 pondus
1665 1294 1858 1361 fertis;
1891 1295 1974 1350 sic
2001 1302 2057 1350 et

470 1388 627 1445 decet
643 1397 703 1444 ut
720 1388 889 1459 primi
921 1386 1137 1445 fructus
1174 1387 1515 1459 percipiatis,
1564 1402 1705 1458 quos
1742 1402 1868 1443 cum
1898 1403 2057 1459 egen-

469 1481 618 1536 tibus
645 1480 1092 1547 communicetis;
1139 1488 1328 1550 utpote
1375 1481 1646 1535 rationem
1690 1478 1957 1542 reddituri
2000 1479 2053 1535 ei

466 1575 563 1646 qui
608 1589 735 1631 cum
765 1562 1129 1628 ratiocinator
1158 1580 1343 1627 vester
1374 1571 1609 1639 sederit,
1642 1571 1796 1625 nulla
1836 1571 2051 1628 ratione

2174 467 2269 520 καὶ
2296 467 2556 532 ὡσαύτως
2579 469 2626 501 ⁸³
2655 469 2764 540 (69)
2795 469 3012 523 πάντων
3040 470 3140 534 τὰς
3160 472 3433 544 ἁμαρτίας
3460 474 3748 543 ἀνήνεγκεν

2172 556 2265 612 ἐπὶ
2304 559 2365 613 τὸ
2399 558 2572 625 ξύλον,
2607 562 2937 634 σταυρωθεὶς
2964 564 2993 615 ὁ
3020 563 3249 635 ἄμωμος
3293 550 3430 636 ὑπὲρ
3458 565 3571 618 τῶν
3600 566 3750 620 κολά-

2170 668 2308 716 σεως
2334 652 2520 718 ἀξίων,
2547 653 2691 707 οὕτω
2719 656 2814 709 καὶ
2862 656 3006 727 ὑμᾶς
3044 656 3138 709 τοῦ
3180 655 3312 709 λαοῦ
3350 657 3448 721 τὰς
3478 659 3749 731 ἁμαρτίας

2166 740 2597 808 ὲξιδιοποιεῖσθαι
2623 748 2753 819 χρή·
2769 749 2981 819 εῖρηται
3008 746 3118 820 γὰρ
3146 749 3274 820 περὶ
3299 748 3393 802 τοῦ
3415 750 3672 822 Σωτῆρος
3696 754 3749 805 ἐν

2177 838 2396 912 Ἡσαΐᾳ,
2425 840 2506 894 ὅτι
2539 860 2558 891 ι
2600 833 2770 905 Οὗτος
2808 840 2906 904 τὰς
2948 841 3222 913 ἁμαρτίας
3246 841 3403 912 ήμῶν
3435 842 3615 913 φέρει,
3660 842 3750 897 καὶ

2162 934 2290 1005 περὶ
2318 933 2474 1005 ήμῶν
2504 934 2771 988 ὀδυνᾶται.
2813 952 2832 984 ι
2865 933 2974 986 Kal.
2996 933 3176 987 πάλιν·
3212 952 3231 984 ι
3271 933 3442 997 Αὑτδς
3476 934 3749 1007 ἁμαρτίας

2161 1025 2371 1079 πολλῶν
2399 1026 2664 1097 ἀνήνεγκε
2683 1066 2699 1090 ,
2729 1028 2824 1080 καὶ
2853 1026 2940 1080 διὰ
2980 1026 3080 1091 τὰς
3120 1027 3349 1097 ἀνομίας
3385 1028 3566 1081 αὑτῶν
3610 1046 3749 1101 παρ-

2157 1116 2588 1190 εδόθη.›”Ωσπερ
2615 1114 2706 1173 οὖν
2736 1120 2894 1189 ὑμεῖς
2923 1119 3114 1172 σκοποί
3141 1120 3286 1183 ἐστε,
3316 1117 3457 1172 οὕτω
3495 1121 3592 1173 καὶ
3626 1138 3748 1174 σκο-

2155 1210 2258 1264 πὸν
2284 1211 2435 1282 ἔχετε
2453 1212 2544 1265 τὸν
2573 1213 2828 1285 Χριστόν·
2873 1211 2949 1276 ὡς
2996 1208 3089 1266 οῦν
3118 1211 3281 1276 αὑτὸς
3310 1213 3528 1266 πάντων
3568 1214 3743 1285 ὑμῶν,

2153 1300 2296 1356 οὕτω
2324 1304 2418 1357 καὶ
2446 1305 2604 1375 ὑμεῖς
2637 1305 2747 1357 τῶν
2791 1305 2891 1374 ὑφ’
2937 1304 3083 1375 ὑμᾶς
3129 1302 3353 1357 λαῖκῶν.
3389 1303 3481 1375 Μὴ
3508 1306 3622 1377 γὰρ
3661 1305 3745 1358 νό-

2156 1394 2279 1467 μιζε
2299 1395 2432 1466 (70),
2453 1396 2535 1449 ὅτι
2552 1396 2775 1468 εὐχερὲς
2802 1396 2835 1469 ἢ
2867 1396 3098 1468 ἐλαφρὸν
3127 1396 3345 1469 φορτίον
3374 1397 3521 1451 ἐστὶν
3550 1400 3586 1468 ή
3621 1400 3743 1452 ἑπι-

2154 1488 2354 1558 σκοπή.
2384 1487 2507 1561 Χρὴ
2533 1486 2627 1543 οῦν
2659 1488 2736 1552 ὡς
2762 1488 2823 1541 τὸ
2855 1488 3019 1560 βάρος
3048 1488 3261 1561 φέρετε,
3292 1487 3467 1553 οὑτως
3506 1491 3604 1543 καὶ
3636 1490 3742 1545 τῶν

2152 1578 2382 1651 καρπῶν
2412 1579 2661 1651 πρώτους
2692 1580 3147 1653 μεταλαμϐάνειν,
3176 1581 3273 1635 καὶ
3314 1584 3430 1646 τοῖς
3467 1581 3741 1653 δεομένοις

466 1666 664 1736 poterit
695 1665 907 1722 seduci.
932 1664 1161 1735 Oportet
1191 1665 1377 1735 itaque
1400 1679 1496 1720 eos
1514 1705 1531 1730 ,
1554 1663 1647 1735 qui
1677 1661 1939 1719 Ecclesiae
1966 1679 2050 1720 as-

2155 1670 2509 1741 μεταδιδόναι,
2540 1673 2617 1737 ὡς
2657 1672 2815 1742 λόγον
2848 1672 3137 1743 ὑφέξοντες
3174 1672 3254 1744 τῷ
3280 1673 3741 1745 ἀπαραλογίστως

462 1758 624 1825 siduo
646 1756 990 1824 incumbunt,
1021 1772 1085 1813 ex
1115 1757 1377 1812 Ecclesia:
1406 1756 1565 1813 bonis
1593 1754 1816 1821 nutriri,
1846 1755 2047 1826 quippe

2150 1740 2293 1834 ὑμᾶς
2316 1764 2559 1835 μέλλοντι
2587 1740 2937 1835 λογιστεύειν.
2983 1768 3074 1818 Δεῖ
3098 1740 3361 1838 γάρϋτοὺς
3510 1740 3738 1838 Ἐκκλη-

465 1850 803 1915 sacerdotes,
845 1850 1060 1915 levitas,
1094 1850 1377 1920 praesides,
1424 1848 1521 1903 Dei
1552 1849 1871 1925 ministros;
1902 1848 2046 1904 sicut

462 1945 519 1996 in
552 1941 924 1997 Numerorum
954 1942 1098 1999 libro
1128 1941 1205 2011 de.
1226 1940 1610 1998 sacerdotibus
1644 1940 1909 2011 scriptum
1956 1956 2045 1997 re-

460 2035 692 2107 peritur.
724 2055 745 2090 ‹
786 2037 853 2091 Et
882 2036 1020 2092 dixit
1046 2035 1311 2091 Dominus
1335 2035 1403 2089 ad
1425 2035 1698 2090 Aaronem
1743 2035 1869 2102 :Tu,
1899 2041 1954 2090 et
1990 2034 2047 2090 fi-

458 2129 517 2183 lii
542 2128 644 2195 tui,
674 2136 729 2185 et
760 2128 958 2185 domus
985 2129 1165 2200 patria
1202 2137 1316 2195 tua,
1348 2128 1634 2198 accipietis
1667 2136 1889 2199 peccata
1914 2140 2043 2182 san-

456 2223 680 2291 ctuarii,
708 2230 762 2278 et
792 2222 1084 2279 sacerdotii
1111 2224 1306 2279 vestri.
1340 2221 1479 2277 Ecce
1507 2220 1631 2277 dedi
1660 2221 1818 2277 vobis
1856 2228 2045 2277 custo-

456 2314 602 2375 diam
623 2316 985 2386 primitiarum
1006 2334 1021 2382 ;
1046 2316 1114 2371 de
1132 2316 1388 2372 omnibus
1409 2330 1528 2386 qua:
1548 2313 1887 2371 sanctificata
1913 2322 2043 2370 sunt

455 2407 590 2465 mihi
620 2423 650 2461 a
680 2408 806 2464 filiis
834 2409 1023 2473 Israel,
1067 2408 1169 2462 tibi
1197 2408 1324 2465 dedi
1354 2423 1418 2463 ea
1444 2449 1460 2475 ,
1491 2409 1547 2463 in
1583 2408 1872 2475 honorem,
1900 2418 1953 2464 et
1985 2407 2041 2461 fi-

456 2501 546 2558 liis
575 2501 686 2557 tuis
709 2510 832 2572 post
855 2509 928 2567 te,
960 2501 1261 2572 legitimum
1287 2502 1701 2572 sempiternum.
1725 2499 1790 2554 Et
1807 2502 1912 2557 hoc
1934 2501 2040 2558 erit

452 2594 610 2651 vobis
634 2594 703 2651 de
734 2594 1116 2661 sanctiﬁcatis,
1147 2593 1216 2649 de
1241 2592 1635 2659 oblationibus,
1669 2601 1723 2649 et
1767 2593 1834 2649 de
1854 2609 2041 2650 mune—

452 2688 608 2753 ribus
630 2728 649 2756 ,
690 2698 745 2744 et
776 2688 844 2743 de
873 2687 1130 2743 omnibus
1169 2684 1462 2745 sacrificiis
1485 2726 1502 2753 ,
1551 2694 1606 2742 et
1653 2685 1721 2741 de
1750 2684 1899 2740 omni
1940 2685 2038 2742 de-

451 2780 623 2845 licto,
674 2789 727 2836 et
774 2780 844 2836 de
895 2778 1138 2849 peccatis
1194 2794 1209 2831 :
1268 2786 1324 2836 et
1393 2792 1735 2849 quascunque
1795 2777 2034 2833 reddunt

448 2872 586 2928 mihi
647 2873 718 2928 de
790 2871 1047 2927 omnibus
1101 2870 1351 2936 sanctis,
1410 2869 1507 2924 tibi
1561 2877 1725 2925 erunt
1780 2884 1846 2925 ac
1907 2868 2033 2925 filiis

449 2965 582 3023 tuis.
636 2963 698 3021 In
754 2974 946 3021 sancto
991 2963 1290 3020 comedetis
1316 2964 1409 3019 illa
1431 2963 1498 3017 ".
1524 2982 1542 3015 ι
1570 2962 1639 3017 Ει
1668 2963 1833 3034 paulo
1858 2970 1984 3034 post
2012 2978 2027 3016 :

450 3076 474 3110 ι
505 3056 712 3113 Omnes
761 3057 1019 3129 primitiae
1072 3057 1180 3112 olei
1222 3096 1238 3122 ,
1286 3062 1342 3112 et
1400 3055 1563 3121 vini,
1604 3063 1662 3110 et
1726 3054 2024 3121 frumenti,

446 3165 787 3221 quaecunque
833 3148 1081 3204 dederint
1111 3148 1375 3213 Domino,
1419 3147 1515 3202 tibi
1546 3146 1671 3202 dedi
1699 3162 1763 3203 ea
1789 3162 1802 3199 :
1830 3162 2024 3203 omnes

444 3243 717 3314 primitias
742 3242 958 3314 frugum
992 3242 1091 3297 tibi
1130 3241 1277 3297 dedi.
1312 3239 1410 3297 His
1441 3240 1654 3295 accedit
1681 3240 1860 3297 omnis
1890 3255 2026 3296 con-

445 3337 705 3393 secratio.
753 3336 1025 3391 Praeterea
1069 3350 1233 3391 omne
1279 3333 1521 3390 hominis
1550 3348 1615 3389 ac
1647 3333 1874 3405 pecudis
1909 3333 2025 3389 sive

442 3430 662 3485 mundae
677 3431 792 3486 sive
812 3428 1110 3485 immundae
1130 3427 1554 3499 primogenitum
1579 3446 1593 3482 :
1614 3426 1743 3482 item
1761 3426 2019 3492 victimas,

440 3538 738 3595 earumque
770 3523 1148 3595 pectusculum
1200 3536 1265 3576 ac
1311 3521 1597 3576 brachium
1630 3519 1913 3587 dextrum,
1953 3520 2022 3574 ad

442 3617 758 3673 sacerdotes
787 3615 1087 3688 pertinent,
1118 3621 1173 3670 et
1196 3613 1265 3669 ad
1294 3614 1489 3669 levitas
1521 3613 1794 3684 reliquos,
1827 3627 2019 3668 eorum

443 3711 751 3766 comites".
785 3729 803 3762 ι
838 3709 1038 3764 Audite
1067 3708 1182 3762 haec
1210 3722 1308 3762 vos
1330 3706 1494 3762 etiam
1524 3705 1686 3770 laici,
1719 3704 1893 3760 electa
1923 3703 2020 3760 Dei

441 3800 708 3858 Ecclesia.
739 3801 876 3856 Nam
907 3809 962 3857 et
989 3800 1140 3872 prior
1162 3800 1421 3872 populus,
1458 3816 1478 3851 ι
1510 3796 1606 3853 Dei
1632 3799 1888 3871 populus,
1920 3816 1938 3848 ι
1966 3807 2020 3853 et

446 3912 464 3943 ι
496 3909 628 3965 gens
653 3900 843 3949 sancta
859 3895 906 3926 "
935 3911 954 3945 ›
987 3893 1307 3949 vocabatur.
1351 3891 1417 3945 Et
1445 3907 1544 3947 vos
1571 3891 1738 3962 igitur
1766 3892 1900 3948 estis
1928 3908 2018 3948 sa-

440 3993 728 4041 crosancta
757 3985 852 4042 Dei
884 3985 1127 4041 Ecclesia
1148 3985 1461 4054 conscripta
1490 3985 1545 4039 in
1571 3985 1747 4048 caelis,
1792 4003 1811 4036 ι
1836 3987 2018 4058 regale

441 4080 832 4145 sacerdotium,
858 4094 992 4151 gens
1026 4086 1241 4142 sancta,
1260 4077 1497 4149 p0pulus
1513 4077 1893 4149 acquisitionis
1909 4079 2009 4143 “,a

439 4187 643 4245 sponsa
668 4181 863 4229 ornata
912 4170 1144 4229 Domino
1169 4170 1299 4226 Deo.
1340 4166 1583 4226 Ecclesia
1616 4185 1848 4242 magna,
1904 4169 2015 4225 Ec~

438 4266 607 4322 clesia
636 4265 812 4323 fidelis
832 4306 848 4331 ,
878 4264 1106 4323 auribus
1128 4263 1350 4339 percipe
1385 4278 1507 4334 qua:
1533 4263 1688 4334 prius
1718 4262 1865 4321 dicta
1896 4261 2014 4321 fue-

436 4366 606 4415 runt:
652 4357 978 4431 exceptitia,
1027 4364 1083 4413 et
1111 4356 1370 4420 decima},
1403 4362 1459 4411 et
1490 4354 1745 4427 primitiae
1786 4354 2011 4413 Christo

2150 1856 2241 1927 σίᾳ
2271 1857 2754 1930 προσεδρεύοντας,
2786 1859 2850 1912 ἐκ
2875 1857 2978 1928 τῆς
3006 1857 3299 1929 ἐκκλησίας
3327 1856 3734 1929 διατρέφεσθαι,

2147 1946 2244 2000 ἆτε
2289 1948 2471 2021 ἱερεῖς,
2519 1945 2772 2013 λευίτας,
2817 1949 3131 2022 προέδρους,
3173 1948 3518 2021 λειτουργοὺς
3560 1949 3731 2003 Θεοῦ’

2145 2039 2329 2105 καθὼς
2355 2043 2412 2093 ὲν
2440 2040 2605 2113 βίϐλῳ
2618 2042 2725 2095 τῶν
2741 2041 3012 2115 Ἀριθμῶν
3036 2043 3343 2114 γέγραπται
3370 2043 3500 2113 περὶ
3525 2043 3639 2095 τῶν
3662 2044 3733 2095 ἰε-

2146 2131 2306 2205 ρέων·
2329 2151 2347 2183 ι
2384 2133 2493 2185 Καὶ
2519 2128 2639 2186 εἶπε
2666 2133 2871 2206 Κύριος
2896 2134 3033 2207 πρὸς
3062 2135 3288 2208 Ἀαρών*
3320 2137 3414 2198 Σὺ,
3435 2135 3532 2189 καὶ
3566 2136 3732 2190 οἱυίοί

2146 2239 2259 2287 σου,
2291 2224 2385 2277 καὶ
2428 2225 2457 2278 ὁ
2484 2220 2633 2289 οἶκος
2659 2228 2893 2299 πατριᾶς
2933 2244 3027 2281 σου
3055 2226 3287 2300 λήψεσθε
3327 2228 3425 2291 τὰς
3455 2228 3731 2299 ἁμαρτίας

2142 2315 2250 2369 τῶν
2276 2316 2467 2385 ἀγίων,
2500 2316 2602 2387 τῆς
2634 2318 2905 2391 ἱερατείας
2950 2320 3122 2390 ὑμῶν.
3178 2320 3306 2374 Ἰδοὺ
3348 2319 3561 2395 δέδωκα
3605 2321 3729 2392 ὑμῖν

2140 2406 2239 2480 τὴν
2265 2408 2582 2482 διατήρησιν
2602 2410 2709 2463 τῶν
2738 2410 3021 2483 ἀπαρχῶν·
3052 2411 3161 2466 ἀπὸ
3190 2413 3407 2467 πάντων
3437 2412 3550 2466 τῶν
3581 2416 3729 2485 ήγιαο

2142 2502 2353 2574 σμένων
2376 2519 2465 2573 μοι
2492 2502 2645 2575 παρά
2670 2503 2777 2557 τῶν
2806 2503 2937 2557 υἱῶν
2970 2504 3203 2576 Ἰσραήλ,
3234 2505 3319 2558 σοὶ
3349 2504 3562 2558 δέδωκα
3590 2506 3727 2560 αὑτὰ

2138 2598 2219 2661 είς
2245 2596 2434 2669 γέρας,
2466 2596 2562 2650 καὶ
2601 2598 2715 2660 τοῖς
2755 2596 2891 2661 υἱοῖς
2920 2614 3012 2651 σου
3045 2596 3182 2668 μετά
3210 2597 3290 2661 σὲ,
3319 2596 3555 2669 νόμιμον
3598 2599 3727 2652 αἰῶ-

2137 2707 2266 2744 νιον.
2297 2690 2409 2743 Καὶ
2434 2687 2594 2742 τοῦτο
2631 2687 2785 2742 ἐσται
2812 2690 2941 2761 ὑμῖν
2964 2689 3073 2743 ἀπὸ
3103 2689 3210 2743 τῶν
3253 2690 3629 2762 ήγιασμένων,
3664 2692 3726 2745 ἐκ

2134 2781 2243 2835 τῶν
2260 2780 2671 2853 καρπωμάτων,
2702 2781 2797 2834 καὶ
2824 2780 2933 2834 ἀπὸ
2963 2780 3071 2835 τῶν
3096 2780 3303 2853 δώρων,
3333 2784 3428 2836 καὶ
3456 2783 3571 2837 ἀπὸ
3593 2785 3723 2839 πάν-

2133 2889 2243 2925 των
2263 2870 2374 2943 (71)
2388 2870 2497 2925 τῶν
2516 2870 2737 2936 θυσιῶν,
2754 2872 2850 2926 καὶ
2864 2871 2973 2926 ἀπὸ
2994 2872 3175 2944 πάσης
3191 2873 3599 2947 πλημμελείας,
3632 2880 3721 2933 καὶ

2134 2965 2261 3037 περὶ
2292 2962 2593 3037 ἁμαρτιῶν·
2625 2964 2721 3018 καὶ
2745 2965 2846 3017 ὅσα
2885 2964 3193 3018 ἀποδιδόασί
3225 2984 3314 3038 μοι
3354 2966 3464 3020 ἀπὸ
3503 2968 3720 3023 πάντων

2133 3058 2240 3112 τῶν
2268 3058 2458 3126 ἁγίων,
2488 3057 2571 3110 σοὶ
2601 3056 2753 3110 ἔσται
2781 3058 2875 3111 καὶ
2900 3060 3012 3122 τοῖς
3045 3059 3181 3121 υἱοῖς
3209 3076 3323 3113 σου.
3362 3060 3448 3113 Ἐν
3477 3061 3561 3132 τῷ
3582 3063 3719 3134 ἁγίῳ

2130 3148 2493 3220 φάγεσθε(72)
2525 3147 2686 3204 αὑτά.
2725 3167 2743 3199 ι
2769 3149 2879 3203 Καὶ
2909 3151 3022 3221 μετ’
3040 3149 3212 3219 ὀλίγα
3238 3171 3256 3202 ι
3294 3152 3451 3206 Πᾶσα
3492 3154 3716 3228 ἀπαρχὴ

2126 3242 2302 3296 ἐλαίου
2333 3241 2427 3295 καὶ
2454 3241 2596 3295 οῖνου
2640 3241 2735 3295 καὶ
2782 3240 2929 3294 σίτου
2951 3281 2967 3304 ,
2996 3242 3096 3296 ὅσα
3124 3241 3189 3297 ἂν
3214 3243 3345 3298 δῶσι
3374 3245 3603 3317 Κυρίῳ,
3636 3248 3715 3301 σοὶ

2123 3334 2330 3389 δέδωκα
2369 3334 2528 3388 αὑτόν
2572 3333 2669 3387 καὶ
2692 3333 2761 3389 τὰ
2789 3336 3284 3408 πρωτογεννήματα
3311 3337 3491 3392 πάντα
3520 3357 3609 3393 σοι
3634 3341 3715 3395 δέ-

2122 3428 2288 3483 δωκα.
2336 3428 2448 3483 Καὶ
2476 3427 2725 3500 συνέρρει
2753 3427 2863 3480 πᾶν
2906 3427 3176 3498 ἀνάθεμα·
3208 3430 3316 3482 πᾶν
3359 3430 3713 3500 πρωτότοκον

2121 3519 2406 3592 ἀνθρώπου
2453 3520 2548 3575 καί
2574 3521 2803 3593 κτήνους
2842 3518 3084 3592 καθαροῦ
3112 3520 3206 3574 καὶ
3232 3521 3546 3594 ἀκαθάρτου
3573 3564 3591 3590 ,
3618 3525 3713 3578 καὶ⁵

2122 3612 2457 3685 θυσίας(75),
2480 3613 2574 3667 καὶ
2602 3612 2910 3685 στηθηνίου,
2939 3613 3037 3667 καὶ
3068 3612 3348 3685 βραχίονος
3374 3613 3553 3682 δεξιοῦ
3601 3621 3710 3682 τοῖς

2124 3705 2325 3779 ἱερεῦσι
2364 3708 2734 3781 προσανήκει,
2778 3707 2874 3761 καὶ
2910 3708 3024 3770 τοῖς
3052 3706 3261 3771 λοιποῖς
3298 3710 3411 3771 τοῖς
3459 3710 3710 3782 παραμέ-

2118 3816 2297 3854 νουσιν
2325 3800 2509 3863 αὑτοῖς
2570 3795 2827 3862 λευίταις.
2866 3816 2884 3850 ι
2931 3797 3179 3853 Ἀκούετε
3207 3799 3377 3853 ταῦτα
3404 3802 3503 3855 καὶ
3550 3804 3707 3875 ὑμεῖς

2117 3893 2168 3945 οἱ
2201 3891 2398 3957 λαῖκοὶ,
2428 3891 2660 3961 ὲκλεκτὴ
2699 3889 2995 3960 Ἐκκλησία
3020 3889 3114 3943 τοῦ
3144 3889 3309 3946 Θεοῦ.
3342 3893 3457 3946 Καὶ
3515 3894 3632 3968 γάρ
3673 3898 3701 3949 6

2116 3985 2241 4048 λαὸς
2270 3984 2529 4057 πρότερον
2562 4002 2581 4035 ι
2604 3982 2737 4036 Θεοῦ
2779 3982 2906 4047 λαὸς
2948 3983 3044 4036 καὶ
3077 3983 3225 4047 ἔθνος
3256 3984 3409 4054 ἆγιον
3431 3982 3467 4039 ι’
3486 3989 3703 4060 ὠνομά-

2116 4077 2256 4143 ζετοο
2289 4078 2380 4131 καὶ
2409 4078 2566 4148 ὑμεῖς
2593 4072 2685 4129 οῦν
2713 4074 2836 4128 ὲστε
2866 4074 2995 4144 ἁγία
3020 4074 3112 4128 τοῦ
3139 4075 3276 4129 Θεοῦ
3307 4076 3429 4149 ίερά
3474 4080 3701 4151 Ἐκκλη-

2116 4169 2206 4224 σία
2222 4167 2687 4240 ἀπογεγραμμένη
2708 4167 2764 4221 ἐν
2783 4168 2844 4221 οὐ
2853 4158 3044 4239 paviin
3056 4165 3323 4238 βασίλειον
3373 4170 3698 4244 ἱεράτευμα,

2114 4261 2263 4325 ἔθνος
2289 4261 2460 4330 ἅγιον,
2488 4259 2722 4323 λαὸς“είς
2751 4258 3350 4332 περιποίησιν,ινύμφη
3416 4264 3699 4319 “xm”.

2114 4354 2349 4425 πισμένη
2377 4351 2573 4423 Κυρίῳ
2592 4350 2671 4422 τῷ
2697 4349 2835 4422 Θεῷ.
2864 4349 3155 4421 Ἐκκλησία
3187 4352 3417 4423 μεγάλη,
3464 4356 3697 4426 Ἐκκλη-

440 4452 689 4528 pontifici
720 4461 774 4509 et
804 4451 1075 4507 ministris
1095 4450 1216 4520 ejus
1242 4465 1256 4500 :
1286 4448 1513 4504 decimae
1540 4448 1821 4513 salutaris,
1860 4450 2012 4520 prin-
2039 4440 2050 4499 l

2135 4444 2207 4499 ιία
2232 4444 2402 4517 πιστὴ
2424 4485 2439 4510 ,
2466 4441 2505 4497 ἃ.
2532 4443 2794 4516 πρότερον
2821 4441 3053 4515 ἐρρέθη,
3083 4441 3176 4496 νῦν
3220 4444 3500 4509 ὲνωτίζου·
3530 4449 3692 4518 ἀφαι-

432 4545 638 4616 cipium
687 4543 929 4599 nominis
957 4540 1109 4599 Iesu.
1139 4539 1304 4607 Audi,
1336 4555 1496 4596 sacra
1521 4540 1791 4597 catholica
1821 4540 2011 4599 Eccle-

433 4640 537 4707 sia,
566 4654 686 4710 quae
708 4638 894 4694 decem
920 4636 1042 4691 illas
1072 4635 1260 4709 plagas
1281 4632 1544 4704 effugisti,
1574 4640 1629 4688 et
1649 4633 1837 4688 decem
1883 4633 2006 4691 illos

433 4747 717 4788 sermones
743 4747 839 4787 seu
865 4729 1195 4799 Decalogum
1235 4726 1517 4798 accepisti,
1544 4734 1598 4782 et
1653 4722 1822 4798 legem
1857 4725 2003 4782 didi.

2118 4539 2327 4610 ρὲματα
2344 4579 2359 4605 ,
2389 4535 2486 4591 καὶ
2511 4534 2735 4589 δεκάται
2754 4576 2769 4601 ,
2797 4533 3042 4605 ἀπαρχαὶ
3065 4532 3145 4605 τῷ
3184 4527 3433 4609 ἀρχιερεῖ
3473 4541 3690 4612 Χριστῷ

2114 4632 2207 4686 καὶ
2232 4634 2346 4694 τοῖς
2372 4626 2776 4700 λειτουργοῦσιν
2804 4625 2972 4698 αὑτῷ,
2989 4626 3210 4709 δεκάται
3240 4630 3536 4701 σωτηρίου,
3553 4632 3688 4704 ἀρχή

2106 4726 2369 4798 ὀνόματος
2383 4722 2555 4795 Ἰησοῦ
2584 4720 2719 4795 (Ἱᾶ).
2754 4722 2974 4787 Ἄκουε,
3006 4718 3127 4792 ἱερά
3153 4721 3415 4797 καθολική
3460 4725 3684 4798 Ἐκχλη..

502 4846 547 4879 ⁸⁸
586 4845 649 4902 L.
697 4846 785 4909 Ὠς
813 4844 1005 4906 αὑτάς.
1075 4842 1121 4875 ⁹⁰
1161 4842 1233 4897 Is.
1266 4855 1390 4907 ιιιι,
1415 4839 1587 4907 4,12.
1660 4840 1707 4871 ⁹¹
1749 4837 1914 4897 Νιιιη.
1940 4854 2050 4895 xvu

2135 4838 2182 4902 Ι,
2218 4836 2271 4892 8.
2346 4838 2393 4872 ⁸³
2427 4835 2565 4892 Ibid.
2599 4834 2686 4890 12.
2765 4833 2812 4868 ⁸³
2841 4832 3015 4888 Exod.
3060 4848 3176 4898 xu,
3207 4834 3263 4901 5,
3294 4833 3351 4891 6.
3426 4836 3479 4871 ’δ
3520 4839 3684 4898 Hebr.

432 4933 531 4986 xu,
559 4918 660 4987 2'5;
681 4917 703 4972 ι
724 4915 843 4973 Pet.
878 4931 942 4980 ιι,
966 4912 1021 4969 9.

1735 5022 2101 5079 VARIORUM
2141 5019 2375 5078 NOTJE.

498 5152 625 5226 (69)
640 5151 957 5226 Ὡσαύτως.
982 5148 1129 5226 Bene
1150 5142 1705 5226 conje_cit_§ot_elerius
1727 5144 1802 5208 ὡς
1820 5144 2003 5209 αὑτός.

432 5214 524 5282 Sic
542 5214 688 5279 enim
711 5214 985 5293 legituriin
1019 5214 1341 5293 alterocod.
1368 5214 1703 5293 _Vind.‘_Cor.

501 5294 612 5366 (70)
640 5294 736 5362 Μὴ
766 5285 879 5364 γὰρ
906 5290 1120 5361 νόμιζε.
1154 5289 1299 5346 Idem
1322 5288 1397 5361 μὴ
1415 5285 1684 5357 νομίζετε,
1710 5302 1819 5342 non
1843 5287 2004 5346 male.

426 5366 608 5490 ιωίῗί)
636 5400 902 5489 Πάντων.
932 5432 1095 5490 Deest
1119 5432 1175 5487 in
1205 5431 1376 5486 altero
1404 5445 1509 5486 ms.
1542 5428 1707 5483 Vind.
1748 5428 1827 5483 ln.

519 5436 579 5489 7i
636 5434 902 5489 Πάντων.
932 5434 1095 5490 Deest
1119 5434 1175 5487 in
1205 5434 1376 5486 altero
1404 5445 1509 5486 ms.
1545 5434 1707 5483 Vind.
1749 5434 1827 5483 ln.

494 5434 608 5629 in}
637 5504 921 5573 Φάγεσθε.
972 5505 1118 5560 idem
1150 5504 1313 5559 habet
1340 5500 1633 5572 φάγεσθαι,
1671 5500 1775 5555 hoc
1810 5505 1916 5563 cst,
1950 5506 2009 5554 ιιι

494 5594 565 5629 me
604 5588 762 5629 antur
786 5594 818 5629 a
838 5575 1000 5629 vobis.
1036 5571 1116 5625 ID.

423 5571 762 5631 remetiuntur
786 5594 818 5629 a
838 5575 1000 5630 vobis.
1036 5571 1116 5625 In.

496 5648 609 5718 (75)
647 5646 760 5700 Καὶ
786 5644 1179 5718 θυσίας-,Νοιι
1210 5644 1329 5718 sine
1359 5654 1523 5718 causa
1552 5641 1746 5698 Photio
1773 5641 2004 5718 _criti_co~

423 5711 545 5776 rum
593 5711 832 5774 maximo
898 5715 1181 5789 displicuit
1233 5712 1679 5771 Constitutionum
1734 5711 1995 5784 phrasis,

2109 5138 2515 5211 dvaxoltodem;
2544 5137 2793 5211 aliisque
2840 5138 2987 5195 vitiis
3036 5137 3305 5193 sermonis
3352 5138 3673 5211 abundans.

2108 5211 2473 5280 Quamobrem
2503 5209 2592 5264 hic
2620 5208 2844 5265 coactus
2877 5224 2997 5265 sum
3029 5224 3136 5280 non
3168 5215 3278 5263 tam
3301 5208 3371 5263 ad
3390 5209 3561 5263 verba
3609 5220 3677 5261 at-

2106 5278 2363 5345 tendere,
2401 5296 2565 5351 quam
2604 5280 2674 5351 ad
2703 5296 2947 5345 sensum,
2976 5287 3035 5351 et
3068 5278 3137 5335 ad
3170 5286 3379 5351 textum
3414 5279 3677 5351 Numero.

2112 5370 2233 5410 rum
2257 5393 2274 5420 ,
2307 5350 2401 5423 qui
2419 5348 2670 5423 ’carptim
2701 5351 2922 5423 citatur.
2960 5348 3137 5423 Atque
3177 5349 3343 5423 simili
3389 5351 3557 5405 modo
3602 5349 3676 5423 fa-

2110 5420 2367 5554 (éiendur'n
2415 5420 2560 5493 saepe
2598 5420 2701 5477 fuit
2751 5421 3142 5497 interpretibus
3184 5420 3418 5491 hujusce
3472 5420 3670 5492 operis.

2143 5508 2254 5551 .or.

2143 5508 2254 5551 ξοτ.

2179 5565 2291 5638 (74)
2322 5563 2500 5636 Ἀρχὴ
2529 5564 2817 5638 ὀνρματρς
2846 5562 3082 5638 ξιηενοῦἶ
3100 5559 3356 5638 Forsitan
3386 5561 3668 5638 isteulocus

2107 5630 2457 5694 occasionem
2488 5630 2802 5705 'przebuerit
2841 5632 2899 5689 S.
2930 5630 3236 5705 Epiphanio
3283 5634 3355 5687 ita
3383 5630 3662 5705 scribendi

2109 5710 2301 5767 heresi
2353 5710 2407 5779 8,
2455 5701 2696 5766 sectione
2739 5704 2813 5763 6:
2841 5706 2951 5762 Kal.
2979 5701 3061 5779 ’ἦν
3108 5704 3225 5759 ἐκεῖ
3269 5702 3659 5762 ἁποδεκάτωσις
