3936 6342
286 305 388 360 669

277 429 442 474 τύπον
463 417 560 471 τοῦ
590 413 971 486 θυσιαστηρίου
1014 413 1124 486 (86)
1168 413 1560 482 λελογὶσθωσαν
1589 413 1715 483 ὑμῖν
1734 453 1749 479 ,
1782 411 1842 465 αἱ

1199 294 1794 354 CONSTITUTIONES
1825 291 2506 352 APOSTOLlC£.—LIB.
2542 289 2607 345 ll.

3387 285 3492 342 670

1949 408 2113 464 ribuli
2169 414 2224 461 et
2267 405 2636 476 thymiamatis
2683 418 2780 457 seu
2840 400 3051 458 suilltus
3105 402 3496 457 lmnorentur‘.

271 531 332 566 τε
359 509 611 581 παρθένοι
657 511 736 572 εἱς
760 509 927 562 τύπον
953 506 1048 560 τοῦ
1093 506 1448 578 θυμιατηρίου
1477 504 1586 574 (87)
1610 501 2036 573 τετιμήσθωσαν,
2067 499 2162 552 καὶ
2186 497 2281 550 τοῦ
2311 497 2668 568 θυμιάματος.

780 622 956 676 ΚΕΦΑ
965 623 1171 677 ΛΔΙΟΝ
1211 623 1335 674 KZ'.

271 739 398 792 Ὀτι
466 737 752 805 φρικῶδες
771 777 786 800 ,
842 737 1151 805 ἄνθρωπον
1203 734 1431 788 σαυτὸν
1479 732 1842 805 ἐπιῤῥίπτειν

340 793 623 876 ἀξιῶῥατι
684 793 798 876 τίνι
847 793 1130 875 ἱερᾶτικῷ·
1180 806 1257 870 ὠς
1302 807 1355 857 ol
1417 793 1706 871 Κορεῗέαι,
1760 803 1840 866 ὡς

339 874 558 940 Σαοὺλ,
589 879 668 942 ὡς
708 874 911 942 Ὀζῖαςζ

350 971 438 1030 Ὠς
482 965 573 1022 οὖν
610 970 710 1022 οὐκ
737 964 803 1042 ἦν
849 967 968 1031 ὲξὸν
995 965 1252 1034 ἀλλογενῆ
1273 1007 1287 1030 ,
1322 964 1395 1035 μὴ
1424 964 1553 1016 ὄντα
1601 959 1837 1030 λευὶτην,

265 1060 625 1132 προσενέγκαι
663 1077 750 1127 τι,
797 1059 831 1131 ἢ
875 1057 1187 1130 προσελθεῖν
1231 1058 1310 1119 εἱς
1353 1056 1413 1108 τὸ
1462 1055 1838 1125 θυσιαστήριον

263 1153 395 1206 ἄνευ
438 1151 532 1204 τοῦ
582 1150 801 1222 ἱερέως,
843 1150 987 1203 οὕτω
1039 1150 1134 1203 καὶ
1192 1149 1347 1218 ὑμεῖς
1403 1148 1529 1201 ἄνευ
1583 1144 1677 1197 τοῦ
1721 1145 1839 1197 ἐπι-

266 1244 474 1297 σκόπου
506 1243 668 1315 μηδὲν
697 1245 896 1296 ποιεῖτε
1100 1242 1164 1294 Εἱ
1207 1239 1263 1292 δέ
1306 1257 1388 1302 τις
1415 1239 1540 1292 ἄνευ
1579 1236 1673 1289 τοῦ
1720 1238 1840 1289 επι-

265 1335 474 1389 σκόπου
506 1335 614 1406 (89)
644 1337 786 1388 ποιεῖ
809 1352 883 1401 τι,
915 1337 994 1396 εἱς
1041 1333 1215 1405 μάτην
1244 1335 1385 1385 ποιεῖ
1427 1331 1575 1383 αὑτό·
1623 1331 1684 1382 οὐ
1730 1328 1837 1400 γὰρ

262 1429 422 1500 αὐτῷ
447 1431 525 1492 εἱς
551 1428 707 1499 ἔργον
750 1426 1142 1497 λογισθήσεται.
1199 1425 1284 1485 Ὠς
1312 1421 1418 1493 γὰρ
1445 1423 1474 1474 6
1502 1420 1669 1474 Σαοὺλ
1708 1421 1834 1474 ἄνευ

261 1522 360 1575 τοῦ
377 1520 628 1591 Σαμουὴλ
639 1520 1024 1590 προσενέγκας,
1045 1519 1294 1590 ἧκουσεν,
1318 1517 1397 1568 ὅτι
1417 1534 1435 1567 ι
1461 1512 1834 1585 μεματαίωταί

263 1629 371 1665 σοι·
418 1632 435 1663 ι
459 1611 600 1664 οὕτω
626 1612 719 1663 καὶ
747 1612 854 1673 πᾶς
879 1610 1061 1672 λαῖκὸς
1088 1609 1211 1663 ἄνευ
1240 1607 1333 1660 τοῦ
1367 1607 1553 1677 ἱερέως
1579 1604 1837 1658 ἐπιτελῶν

259 1721 340 1766 τι,
378 1704 584 1774 μάταια
613 1706 783 1756 πονεῖ.
817 1703 926 1756 Καὶ
952 1702 1028 1764 ὼς
1071 1700 1249 1764 Ὀζίας
1276 1700 1304 1750 6
1335 1699 1605 1768 βασιλεὺς,
1635 1698 1736 1750 οὐκ
1763 1695 1836 1750 ὣν

265 1797 452 1866 ἱερεὺς
478 1794 546 1848 τὰ
568 1794 674 1847 τῶν
703 1794 889 1864 ἱερέων
917 1791 1196 1854 ἐπιτελῶν,
1239 1788 1518 1859 ὲλεπρώθη
1545 1788 1630 1841 διὰ
1660 1804 1838 1858 παρα-

260 1888 492 1958 νομίανο
524 1885 664 1938 οὕτω
695 1886 786 1938 καὶ
813 1885 919 1947 πᾶς
944 1883 1126 1946 λαῖκὸς
1153 1883 1253 1935 οὑκ
1283 1879 1624 1950 ἀτιμώρητος
1663 1878 1834 1940 ἔσται,

1861 631 1910 687 Α

2473 609 2698 666 CAPUT
2736 608 2951 663 XXVII.

1943 725 2094 793 Quod
2124 724 2382 779 horrenda
2412 741 2493 777 res
2527 723 2617 783 sit,
2650 722 2904 793 hominem
2931 723 3209 793 immittere
3235 738 3289 775 se
3315 723 3368 793 in
3397 723 3500 775 alio

2009 813 2165 920 quaom
2182 796 2490 878 dignitatem
2504 791 2881 847 sacerdotalem
2906 809 2924 847 :
2946 801 3002 844 ut
3024 791 3239 856 Caritas,
3265 802 3320 844 ut
3342 792 3496 856 Saul,

2009 875 2064 918 ut
2147 883 2279 920 stas.

2007 875 2064 918 ut
2097 875 2279 920 Ozias.

2048 957 2513 1024 Quemadmodum
2542 954 2704 1025 igitur
2733 954 3048 1023 alienigenze
3067 997 3082 1021 ,
3122 954 3214 1024 qui
3249 971 3354 1010 non
3383 964 3499 1010 erat

1938 1049 2006 1104 de
2046 1050 2191 1104 tribu
2227 1049 2468 1113 levitica,
2516 1063 2624 1102 non
2665 1046 2859 1099 licebat
2897 1045 3092 1100 oderre
3140 1046 3374 1116 aliquid,
3404 1057 3500 1102 aut

1939 1141 2007 1196 ad
2055 1142 2245 1194 aram”
2302 1139 2563 1195 accedere
2632 1138 2749 1193 sine
2806 1137 3123 1203 sacerdote;
3172 1139 3246 1192 ita
3292 1145 3347 1193 et
3400 1155 3499 1195 vos

1937 1234 2055 1288 sine
2089 1232 2342 1301 episcopo
2377 1231 2511 1284 nihil
2560 1231 2720 1301 agite.
2761 1228 2916 1295 Quod
2958 1230 3002 1284 si
3041 1229 3166 1299 quis
3222 1230 3341 1286 sine
3384 1233 3502 1302 epi-

1936 1342 2102 1396 scopo
2141 1323 2345 1395 aliquid
2394 1323 2592 1389 iaciat,
2628 1321 2760 1376 illud
2802 1320 3006 1375 frustra
3038 1321 3198 1388 facit;
3249 1339 3350 1377 nec
3395 1324 3498 1393 ipsi

1936 1417 1992 1472 in
2019 1433 2157 1486 opus
2187 1416 2543 1486 reputabitur.
2580 1413 2644 1467 Et
2680 1414 2821 1469 sicut
2849 1412 2978 1466 Saul
3000 1428 3123 1466 cum
3152 1415 3357 1483 absque
3401 1414 3501 1469 Sa-

1936 1511 2113 1565 muele
2171 1509 2495 1571 obtulisset,
2549 1508 2795 1561 audivit:
2832 1505 3069 1559 lnaniter
3126 1523 3157 1559 a
3227 1517 3275 1561 te
3324 1518 3498 1561 actum

1934 1601 2044 1656 est'
2071 1620 2085 1655 :
2115 1601 2195 1655 sic
2223 1601 2535 1670 quicunque
2558 1599 2727 1654 laicus
2751 1599 2868 1653 sine
2898 1599 3183 1653 sacerdote
3214 1598 3494 1669 quidpiam

1935 1703 2215 1764 operatur,
2256 1695 2533 1748 incassum
2579 1693 2808 1746 laborat.
2836 1691 2900 1744 Et
2933 1700 2989 1745 ut
3034 1707 3127 1744 rex
3157 1689 3341 1754 Ozias,
3368 1707 3492 1746 cum

1935 1786 2107 1841 ollicia
2131 1785 2476 1842 sacerdotum
2506 1800 2616 1839 non
2648 1783 2905 1839 sacerdos
2929 1790 3238 1852 usurparet,
3271 1790 3494 1852 propter

1935 1879 2419 1949 transgressionem
2436 1879 2582 1947 lepra
2597 1886 2773 1931 tactus
2785 1885 2869 1931 est
2885 1876 2906 1906 ⁸
2931 1895 2943 1929 :
2965 1877 3036 1929 ita
3053 1892 3162 1930 non
3189 1876 3407 1945 impune
3419 1873 3497 1928 fe-

261 1979 686 2049 καταφρονήσας
697 1976 852 2036 Θεοῦ,
870 1974 1084 2028 καὶτῶν
1099 1972 1261 2028 αὑτοῦ
1278 1989 1417 2024 κατα
1423 1969 1608 2040 μανεὶς
1627 1969 1832 2039 ἱερέων,

1936 1980 2018 2026 ret
2043 1972 2236 2036 laicus,
2267 1971 2360 2042 qui
2394 1969 2561 2026 Deum
2584 1970 2990 2040 contempserit,
3014 1976 3067 2023 et
3099 1970 3153 2023 in
3189 1968 3496 2024 sacerdotes
3573 2007 3580 2016 ι

260 2071 360 2123 καὶ
406 2069 505 2140 τὴν
554 2068 716 2140 τιμὴν
767 2068 1015 2139 ἀρπάσας
1045 2108 1047 2112 .
1075 2064 1249 2135 ἑαυτῷ
1272 2103 1287 2128 ,
1335 2062 1409 2134 μὴ
1459 2061 1835 2133 μιμησάμενος

262 2162 525 2233 Χριστὸν,
553 2161 611 2224 ὃς
643 2179 661 2212 ι
696 2161 794 2231 οὐχ
822 2160 1012 2213 ἑαυτὸν
1040 2157 1254 2223 ἐδόξασε
1283 2154 1607 2225 γεννηθῆναι
1648 2154 1834 2224 ἀρχιε-

264 2254 435 2323 ρεὺς,
488 2271 508 2302 ι
564 2250 698 2304 ἀλλὰ
757 2251 1095 2321 περιέμεινεν
1155 2247 1383 2302 ἀκοῦσαι
1442 2246 1536 2300 τοῦ
1599 2246 1830 2317 Πατρόςο

270 2363 289 2396 ι
323 2345 522 2413 Ὠμοσε
563 2343 786 2414 Κύριος,
809 2343 902 2396 καὶ
930 2342 990 2394 οὐ
1023 2339 1545 2411 μεταμεληθήσεται,
1570 2340 1633 2392 σὺ
1659 2340 1833 2410 ἱερεὺς

267 2437 348 2496 εἱς
390 2435 478 2486 τὸν
523 2435 692 2487 αἱῶνα
724 2433 862 2486 κατὰ
905 2432 1002 2504 τὴν
1042 2430 1192 2496 τάξιν
1219 2430 1568 2501 Μελχισεδέκ.
1599 2449 1617 2482 ι
1649 2431 1710 2483 Εἱ
1737 2425 1831 2483 οὖν

268 2525 399 2578 ἄνευ
417 2525 508 2577 τοῦ
527 2525 736 2596 Πατρδς
754 2526 782 2576 6
795 2525 1023 2595 Χριστὸς
1037 2525 1098 2577 οὺ
1113 2519 1319 2588 δοξάζει
1349 2522 1559 2584 ἑαυτὸν,
1582 2521 1700 2584 πῶς
1726 2515 1834 2574 οἷόν

264 2632 325 2668 τε
354 2617 638 2688 ἄνθρωπον
666 2616 854 2670 ἑαυτὸν
884 2618 962 2680 εἱς
995 2615 1287 2687 ἱερωσύνην
1334 2614 1670 2686 ὲπιρῤίπτειν
1701 2612 1830 2683 (90),

261 2708 343 2780 μὴ
372 2708 605 2762 λαϐόντα
649 2709 710 2762 τὸ
750 2709 961 2779 ἀξίωμα
991 2707 1139 2778 παρὰ
1167 2707 1492 2777 κρείττονος,
1539 2705 1631 2758 καὶ
1660 2707 1832 2756 ποιεῖν

264 2800 493 2864 ἐκεῖνα,
539 2803 574 2858 ἃ
617 2800 795 2871 μόνοις
831 2804 944 2863 τοῖς
989 2799 1222 2870 ἱερεῦσιν
1267 2797 1511 2862 ἔξεστιν;
1559 2797 1592 2868 ἢ
1637 2797 1757 2866 οὐχὶ
1781 2798 1828 2849 οἱ

261 2891 526 2960 Κορεῖται
555 2890 685 2962 (91),
727 2890 901 2945 καίτοι
945 2891 1045 2961 τῆς
1088 2890 1219 2944 Λευὶ
1250 2891 1420 2961 φυλῆς
1447 2891 1629 2954 ὄντες,
1672 2890 1832 2961 πυρὶ-

338 3029 359 3060 ¹
387 3028 448 3083 1..
475 3027 654 3100 Polyc.
685 3029 841 3100 epist.
871 3043 920 3084 c.
954 3027 1494 3100 4.—Pseudo-lgnat.
1530 3027 1596 3082 ad
1615 3026 1782 3100 i'llars.
1810 3027 1862 3083 9.
1939 3030 1959 3059 ’
1989 3029 2156 3098 lgnat.
2193 3030 2259 3084 ad
2284 3029 2451 3084 Trall.
2489 3046 2538 3086 c.
2563 3031 2617 3099 2;
2651 3032 2716 3087 ad
2740 3032 2952 3089 Philad.
2985 3050 3037 3090 c.
3067 3034 3118 3090 7.

1931 2063 2052 2132 ejus
2069 2063 2367 2126 insanierit,
2382 2071 2543 2132 atque
2556 2063 2812 2117 honorem
2829 2063 2929 2117 sibi
2943 2063 3230 2132 arripuerit
3246 2080 3260 2128 ;
3276 2063 3497 2118 minime

1933 2155 2175 2210 imitatus
2195 2157 2472 2211 Christum
2492 2195 2508 2220 ,
2561 2156 2652 2226 qui
2678 2157 3008 2224 semetipsum
3029 2172 3130 2209 non
3160 2155 3493 2224 clariﬁcavit,

1933 2258 1992 2301 ut
2015 2249 2160 2317 ﬁeret
2178 2249 2413 2316 pontifex
2430 2249 2472 2313 ⁵,
2505 2247 2600 2303 sed
2647 2257 2897 2318 exspecta
2913 2248 3009 2310 vit,
3037 2257 3095 2301 ut
3117 2246 3329 2303 Patrem
3343 2249 3498 2302 audi-

1935 2347 2045 2394 ret:
2063 2338 2275 2393 Iuravit
2300 2339 2554 2395 Dominus
2576 2349 2625 2394 et
2649 2355 2750 2393 non
2760 2337 3018 2409 paenitebit
3033 2356 3172 2403 eum;
3191 2348 3243 2391 tu
3253 2355 3306 2392 es
3320 2356 3496 2392 sacer-

1935 2429 2028 2484 dos
2062 2432 2117 2484 in
2153 2440 2403 2485 teternum
2431 2431 2715 2485 secundum
2752 2431 2982 2486 ordinem
3015 2429 3353 2484 Melchisedec
3371 2431 3494 2496 “.ISi

1933 2536 2061 2591 ergo
2075 2521 2193 2576 sine
2213 2521 2372 2577 Patre
2384 2523 2634 2578 Christus
2658 2525 2896 2593 seipsum
2913 2539 3019 2578 non
3043 2525 3307 2595 gloriﬁcat
3325 2542 3339 2586 ;
3354 2540 3494 2594 quo-

1932 2615 2093 2669 modo
2107 2623 2283 2684 potest
2299 2616 2457 2670 homo
2471 2633 2528 2672 se
2541 2617 2594 2670 in
2610 2618 2970 2672 sacerdotium
2984 2619 3226 2686 injicere,
3243 2635 3270 2670 a
3285 2621 3494 2688 potiore

1933 2721 2043 2760 non
2076 2713 2300 2776 accepta
2343 2721 2406 2762 ea
2437 2707 2728 2778 dignitate;
2765 2718 2820 2763 et
2851 2709 2940 2762 illa
2978 2709 3176 2774 facere,
3209 2726 3328 2779 qum
3360 2710 3492 2765 solis

1933 2799 2308 2855 sacerdotibus
2336 2799 2536 2854 licent?
2569 2800 2756 2855 Nonne
2801 2800 3032 2866 Coriue,
3059 2816 3371 2872 quanquam
3415 2801 3493 2856 le-

1931 2891 2107 2944 viticae
2127 2892 2300 2946 tribus
2322 2901 2525 2956 essent,
2546 2893 2799 2948 incendio
2827 2894 3247 2966 conﬂagrarunt,
3273 2894 3492 2966 quando

3225 3036 3247 3067 ³
3307 3035 3324 3089 l
3356 3033 3486 3106 Reg.

264 3114 396 3163 xm,
441 3101 522 3156 15.
572 3097 684 3155 "ll
718 3097 905 3154 Paral.
938 3114 1086 3154 xxvt.
1161 3097 1368 3154 ‘llebri
1393 3117 1446 3164 ν,
1477 3099 1529 3153 5.
1607 3099 1628 3128 ⁶
1650 3097 1741 3154 Ps.
1771 3113 1881 3164 cu,
1914 3100 1969 3153 4.

1567 3251 1926 3308 VARIORUM
1959 3250 2193 3308 ΝΟΤᾸΣ.

492 3396 598 3460 Εις
627 3394 946 3468 τύπον-τοῦ
975 3397 1420 3468 θυσιαστῃρίου.
1470 3396 1731 3451 Mutuavit
1763 3413 1829 3452 ex
1857 3407 1900 3466 (ς

261 3463 694 3534 8.”Ρο1γοοι’ρο.
742 3464 996 3533 Epistula:
1041 3481 1167 3519 vero
1215 3463 1288 3519 De
1339 3475 1528 3534 septem
1559 3467 1828 3522 ordinibus

260 3534 757 3607 Ecclesiteauctor,
791 3535 1005 3607 tom.lX
1033 3536 1348 3607 __librorum
1397 3536 1456 3590 Β.
1493 3537 1840 3607 Hieronymi,‘

260 3606 336 3678 ait
385 3605 454 3658 de
490 3605 769 3659 diaconis:
806 3604 989 3678 Altare
1019 3603 1392 3678 Cltristisunt,
1439 3607 1491 3678 in
1527 3626 1626 3678 quo
1660 3603 1826 3678 con/ig

259 3677 482 3729 ciuntur
526 3689 888 3736 sacramenta,
939 3675 990 3727 in
1019 3692 1118 3744 quo
1166 3676 1386 3732 oﬂertur
1415 3675 1631 3734 oblatio.
1688 3676 1826 3742 Quid

255 3762 391 3814 ergo
421 3747 472 3797 in
503 3746 688 3812 templo
719 3745 848 3810 Dei,
873 3755 928 3797 ut
954 3745 1061 3813 ipse
1089 3747 1243 3808 nosti,
1293 3747 1635 3801 venerabilius
1667 3747 1828 3799 altari

257 3831 379 3870 esse
412 3820 620 3883 potest?
651 3815 779 3881 Quis
822 3833 922 3869 non
963 3831 1016 3869 se
1041 3815 1108 3868 ad
1149 3833 1379 3870 mensam
1411 3817 1623 3871 Domini
1653 3833 1827 3870 acces-

258 3902 428 3940 surus
457 3885 730 3940 humiliel?
754 3886 891 3941 Cor.

331 3956 454 4035 (87)
498 3957 904 4035 chmtnptov.
947 3954 1075 4035 llaec
1116 3956 1308 4011 vocula
1337 3966 1389 4010 et
1418 3965 1530 4012 tres
1577 3972 1696 4027 sqq.
1729 3958 1825 4013 de-

259 4026 403 4081 sunt
427 4026 480 4079 in
506 4027 674 4079 altero
710 4026 912 4078 codice.
946 4026 1017 4078 In.

339 4091 459 4161 (88)
499 4093 666 4144 Ἄνευ
696 4089 799 4142 τοῦ
818 4089 1160 4161 Λέςξισκόπου
1175 4091 1366 4161 μηδὲν
1388 4096 1621 4154 ποιεῖτε.
1659 4097 1744 4153 Cl‘.
1775 4098 1835 4153 Β.

265 4157 566 4231 Ικιιειιῑυξιι,
588 4161 748 4231 epist;
766 4159 829 4212 ad
850 4157 1088 4231 Magnes.
1109 4162 1160 4228 4,
1176 4157 1252 4216 ad
1271 4162 1435 4218 Trall.
1458 4166 1511 4230 2,
1537 4168 1601 4220 ad
1618 4168 1831 4225 Philad.

265 4229 318 4291 7,
367 4229 788 4312 adO$myrn..8,
841 4230 906 4283 ad
957 4229 1137 4353 Polsyc.
1166 4231 1219 4285 4.
1251 4231 1416 4314 ἱλεομι
1447 4233 1826 4314 dignissimum

265 4310 348 4353 est
381 4309 597 4353 mitium
642 4301 880 4353 θοιδῑοιω
907 4300 976 4353 ΞἹ
1073 4344 1084 4353 .
1118 4300 1412 4353 Cypriani:
1449 4302 1703 4353 Dominus
1742 4321 1826 4353 no-

261 4310 348 4354 est
381 4300 597 4353 initium
642 4300 880 4370 epistolae
907 4300 976 4354 27
1028 4300 1084 4354 S.
1118 4300 1412 4370 Cypriani:
1449 4300 1703 4356 Dominus
1742 4321 1833 4357 no-

261 4381 398 4434 ster,
425 4370 619 4439 inquit,
645 4369 792 4436 cujus
822 4381 1080 4439 pra'cepta
1110 4369 1332 4425 metuere
1359 4381 1408 4425 et
1439 4372 1710 4426 observare
1738 4373 1829 4428 de-

263 4442 472 4501 bemus.
501 4440 723 4508 episcopi
761 4440 1036 4502 honorent,
1069 4450 1116 4494 et
1149 4440 1395 4496 Ecclesia:
1435 4459 1543 4495 sua:
1578 4445 1829 4496 rationem

263 4488 550 4575 ἁὲὲβόἱιὲγίἱ
566 4488 686 4564 "in"
700 4488 1001 4580 slayer};
1023 4488 1393 4633 ’162ηᾶἷῦΪᾶ
1435 4488 1588 4564 dial
1607 4488 1829 4566 M3";
1863 4488 1910 4546 ι)

270 4599 289 4629 ε
325 4579 439 4633 Eoo
472 4581 566 4632 tibi
589 4581 726 4633 dico.
750 4585 872 4633 auia
914 4592 968 4633 tu
991 4598 1043 4633 es
1123 4592 1286 4633 etrus.
1317 4592 1364 4633 et
1389 4598 1542 4633 super
1565 4585 1720 4633 istam
1749 4599 1833 4633 ne-

270 4599 289 4629 (
325 4579 439 4649 Ego
472 4581 566 4651 tibi
589 4581 726 4651 dico,
750 4579 872 4651 quia
914 4592 968 4633 tu
991 4598 1043 4634 es
1077 4579 1286 4644 Petrus,
1317 4592 1364 4635 et
1389 4598 1542 4646 super
1565 4585 1720 4635 istam
1748 4599 1833 4651 pe-

267 4648 415 4702 tram
445 4648 714 4718 aediﬁcabo
750 4648 1041 4722 Ecclesium
1062 4669 1248 4722 meam,
1274 4661 1321 4706 et
1345 4662 1509 4719 νοτίαν
1547 4648 1831 4722 inferorum

267 4737 374 4774 non
403 4721 599 4776 vincent
628 4736 775 4782 eam;
808 4729 856 4773 et
888 4721 981 4774 tibi
1009 4721 1144 4774 dabo
1172 4723 1337 4776 claves
1381 4723 1525 4791 regni
1560 4721 1830 4789 ccelorum,

264 4801 317 4861 et
348 4807 467 4859 quia
500 4791 739 4859 ligaveris
770 4807 924 4859 super
948 4801 1139 4844 terram
1159 4830 1174 4853 ,
1208 4801 1359 4845 erunt
1381 4793 1545 4861 ligata
1579 4803 1628 4846 et
1658 4795 1708 4846 in
1737 4809 1833 4846 ca:-

269 4860 444 4933 lis,iet
476 4877 788 4933 quacunque
805 4862 1022 4933 solveris
1049 4877 1200 4933 super
1241 4860 1452 4933 terram,
1483 4874 1633 4916 erunt
1655 4863 1830 4916 soluta

265 4940 317 4984 et
370 4932 426 4983 in
458 4931 598 5002 caelis
632 4931 846 5000 (Matth.
877 4949 1039 4993 χχιιι,
1071 4932 1157 5002 18)
1214 4952 1231 4984 ι
1266 4932 1396 4986 Inde
1426 4949 1517 5002 per
1545 4944 1829 5001 temporum

264 5009 320 5070 et
350 5001 734 5070 successionum
765 5003 916 5062 vices,
940 5001 1295 5070 episcoporum
1337 5001 1598 5056 ordinatio
1617 5041 1630 5063 ,
1658 5013 1706 5056 et
1734 5002 1830 5056 Ec-

266 5067 450 5142 clesite
503 5072 644 5125 ratio
681 5069 942 5132 decurrit,
967 5067 1044 5123 ἰιι
1085 5067 1322 5142 Ecclesia
1365 5089 1518 5140 super
1563 5073 1826 5142 episcopos

267 5141 652 5205 constituatur,
694 5150 745 5195 et
794 5143 959 5195 omnis
1005 5151 1150 5194 actus
1199 5141 1447 5197 Ecclesia:
1490 5158 1579 5210 per
1622 5143 1827 5197 eosdem

268 5213 580 5284 preposith
606 5210 952 5284 gubernetur.
1001 5210 1140 5284 Lege
1187 5213 1349 5266 etiam
1412 5228 1676 5270 canonem
1724 5217 1824 5272 ult.

267 5280 495 5336 concilii
523 5280 766 5336 Toletani
792 5282 841 5336 1.
873 5283 948 5336 lo.

348 5349 461 5422 (89)
512 5351 892 5406 Ἑπισκόπου.
925 5351 1143 5422 Legitur
1172 5353 1226 5407 in
1251 5354 1420 5411 altero
1446 5352 1568 5409 cod.
1587 5353 1820 5410 Vindob.

270 5421 488 5492 ἱερέως,
516 5433 576 5476 ιιι
602 5422 761 5492 paulo
789 5421 1056 5490 superius.
1088 5423 1254 5478 Cncn.

348 5490 462 5561 (90)
515 5490 759 5562 'Edytbr
794 5495 877 5557 εὶς
922 5495 1248 5561 ἱερωσύνην
1292 5493 1670 5562 ἐπιρῤίπτειν.
1720 5494 1822 5550 Ar-

271 5570 520 5629 guuntur
551 5576 580 5615 a
612 5561 948 5616 Tertulliano
999 5563 1276 5624 haeretici,
1327 5561 1463 5618 libro
1492 5564 1558 5616 de
1601 5564 1819 5618 illorum

271 5631 686 5705 praescriptione
709 5632 936 5705 (ιαμ-μ.
961 5633 1104 5702 quod
1134 5633 1818 5705 laicissacerdotaliamu-

275 5699 412 5754 hera
438 5699 798 5770 iniunget-ent“.
833 5699 993 5756 Idem
1021 5719 1084 5757 ex
1115 5703 1418 5757 orthodoxe
1464 5702 1637 5757 iactus
1668 5702 1818 5757 Mon-

275 5771 506 5838 tanista,
532 5771 846 5828 duriuscule
875 5773 1143 5846 loquitur:
1176 5774 1307 5829 Vani
1337 5774 1551 5842 erimus,
1583 5775 1627 5829 si
1659 5783 1816 5843 puta-

1934 3399 2158 3468 uerimus
2187 3399 2326 3468 quod
2365 3397 2722 3453 sacerdotibus
2764 3417 2866 3454 non
2891 3401 3066 3464 liceat,
3114 3402 3263 3458 laicis
3307 3406 3479 3466 licere.

1935 3466 2121 3540 l_Vonne
2178 3466 2228 3521 et
2276 3469 2398 3521 laici
2445 3469 2742 3522 sacerdotes
2787 3475 3014 3540 sumus?
3063 3472 3327 3540 Scriptum
3371 3491 3482 3540 est.

1931 3535 2163 3608 Regnum
2192 3555 2391 3608 quoque
2423 3555 2515 3592 nos
2543 3549 2591 3592 et
2635 3539 2928 3593 sacerdotes
2962 3540 3070 3593 Deo
3111 3552 3158 3594 et
3181 3535 3360 3598 'l’atri
3387 3535 3483 3603 suo

1929 3607 2072 3677 [fcit
2105 3608 2466 3675 Diﬂ‘erentiam
2500 3612 2637 3661 inter
2667 3608 2897 3662 ordinem
2925 3619 2972 3662 et
2996 3611 3192 3677 plebem
3214 3618 3483 3670 constituit

1931 3676 2178 3730 Ecclesia:
2208 3679 2520 3741 auctoritas,
2553 3689 2598 3732 et
2632 3677 2796 3731 honor
2823 3695 2913 3747 per
2950 3676 3148 3733 ordinis
3184 3699 3482 3740 consessum

1928 3750 2310 3815 sanctiﬁcatus.
2342 3747 2483 3799 Adeo
2529 3749 2615 3801 ubi
2665 3748 3004 3803 ecclesiastici
3029 3751 3229 3805 ordinis
3267 3770 3369 3808 non
3405 3767 3485 3810 est

1935 3833 2205 3871 consessus
2228 3858 2241 3878 ,
2275 3827 2324 3871 et
2351 3819 2535 3885 oﬂ'ers,
2571 3828 2618 3870 et
2663 3818 2883 3886 tinguis,
2920 3829 2970 3872 et
3005 3823 3248 3876 sacerdos
3283 3841 3335 3877 es
3389 3827 3482 3879 tibi

1934 3887 2099 3940 solus.
2139 3886 2241 3941 Sed
2270 3887 2359 3940 ubi
2395 3896 2533 3950 tres,
2568 3886 2803 3941 Ecclesia
2832 3898 2940 3951 est,
2980 3890 3096 3943 licet
3127 3891 3267 3947 laici.
3303 3893 3480 3947 Unus-

1933 3957 2146 4025 quisque
2169 3959 2314 4027 enim
2334 3973 2430 4009 sua
2459 3958 2563 4026 ﬁde
2605 3959 2764 4010 vivit:
2797 3975 2887 4011 nec
2922 3969 2999 4013 est
3023 3976 3361 4027 personarum
3391 3982 3481 4018 ac—

1932 4028 2094 4103 ceptio
2124 4026 2262 4097 apud
2286 4026 2480 4103 Deum;
2503 4029 2746 4103 quoniam
2777 4045 2878 4082 non
2901 4026 3163 4103 auditores
3193 4032 3293 4103 legi
3316 4033 3480 4102 justi-

1931 4095 2164 4173 ]icantur
2211 4096 2453 4173 a__D_eo,_
2482 4098 2570 4173 sed
2618 4098 2842 4173 [actores
2868 4140 2895 4173 ,_
2915 4101 3195 4173 secundum
3242 4095 3379 4173 quod
3429 4116 3480 4158 et

1930 4166 2209 4233 Apostolus
2238 4165 2383 4221 dicit.
2424 4165 2593 4237 Igitur
2621 4169 2666 4220 si
2695 4167 2849 4220 habes
2865 4169 2958 4237 jus
2991 4165 3278 4226 sacerdotis
3311 4174 3361 4225 in
3398 4185 3476 4228 te-

1930 4237 2166 4309 metipso,
2197 4236 2284 4288 ubi
2315 4236 2514 4309 necesse
2542 4247 2648 4309 est;
2684 4236 2874 4292 habeas
2903 4240 3059 4292 etiam
3090 4252 3288 4309 oportet
3315 4243 3476 4298 disci-

1929 4305 2127 4380 plinam
2147 4305 2486 4380 _sacerdotis,
2521 4306 2608 4380 ubi
2639 4324 2839 4380 necesse
2876 4313 2945 4361 sit
2978 4305 3162 4364 habere
3176 4313 3269 4380 jus
3299 4331 3475 4366 sacer-

1929 4375 2088 4449 dotis.
2137 4375 2388 4449 Digamus
2437 4378 2670 4449 tinguis?
2721 4377 2972 4449 Digantus
3020 4375 3215 4449 θίγεν-8⁷2
3265 4385 3475 4448 Quanto

1934 4446 2267 4519 magislaico
2296 4446 2511 4519 digamo
2539 4446 2761 4519 capitale
2787 4446 2862 4519 est
2888 4466 3038 4518 agere
3053 4446 3159 4518 pro
3183 4446 3471 4519 sacerdote,

1934 4530 2051 4566 cum
2104 4516 2202 4592 ipsi
2253 4516 2512 4592 sacerdoti
2554 4516 2762 4592 digamo
2809 4516 2952 4592 [acto
2996 4516 3269 4590 auferatur
3324 4516 3474 4592 agere

1931 4585 2292 4663 sacerdotem?
2324 4585 2398 4640 De
2425 4585 2798 4663 exhortatione
2821 4585 3086 4663 castitatis
3108 4608 3226 4663 cap.
3257 4593 3307 4647 7.
3335 4585 3474 4663 [lege

1931 4653 2180 4733 libro_De
2219 4657 2554 4733 monogamia
2579 4657 2820 4733 caput}.
2839 4657 3056 4733 Necnon
3102 4653 3315 4733 (si—ris)
3347 4653 3474 4733 Epi-

1929 4723 2186 4798 phanium
2232 4727 2286 4780 in
2315 4723 2662 4798 Ecpositione'
2683 4727 2807 4795 ﬁdei
2833 4743 2952 4798 cap.
2987 4731 3073 4796 15,
3095 4723 3148 4786 et
3183 4732 3237 4784 in
3268 4723 3473 4788 Anace-

1926 4792 2179 4864 pltalteosi
2209 4810 2327 4864 cap.
2357 4796 2409 4849 5.
2443 4795 2517 4850 In.

1999 4863 2108 4941 (ξι)
2150 4867 2213 4917 οι
2241 4863 2524 4941 Κορεῖεαι,
2563 4873 2670 4921 etc.
2703 4866 2932 4941 Additur
2968 4868 3068 4941 lib.
3095 4886 3170 4934 vr,
3201 4885 3319 4941 cap.
3351 4874 3375 4926 1
3417 4881 3471 4927 et

1928 4935 1980 5013 ζ’)ἲ
2022 4933 2221 5014 Corem.
2239 4944 2291 4989 et
2321 4934 2555 5014 Coritas,
2588 4953 2683 5014 se_u
2729 4940 2994 5014 ducentos
3037 4940 3158 4994 illos
3196 4933 3468 5014 quinqua-

1928 5005 2098 5074 ginta,
2133 5005 2224 5079 qui
2255 5020 2376 5079 cum
2406 5005 2553 5079 core
2591 5007 2871 5079 adversus
2899 5009 3165 5079 Aarone'm
3213 5005 3470 5079 conjura-

1927 5083 2149 5145 yerant,
2169 5073 2396 5145 ﬂammis
2429 5075 2713 5132 ultricibus
2745 5077 2996 5145 periisse;
3021 5073 3469 5135 Rubenitas'vero

1926 5143 2186 5219 l_)a_thanis
2237 5151 2289 5197 et
2329 5144 2570 5219 Abicotni
2621 5143 2799 5219 socios
2848 5148 2901 5200 in
2950 5147 3183 5219 Moysen:
3217 5151 3463 5210 rebelles.

1925 5215 2238 5290 dehiscente
2253 5221 2410 5290 terra
2442 5214 2608 5269 fuisse
2633 5217 2938 5290 absorptos.
2972 5214 3052 5271 Et'
3075 5219 3466 5290 qurirdentiquod

1923 5292 2132 5355 spectat
2155 5283 2221 5337 ad
2237 5282 2548 5355 _Datbanem
2577 5297 2736 5355 atque
2762 5282 3244 5342 Abiromum'lilios
3269 5282 3461 5353 Eliabi,

1921 5352 1976 5428 et
2010 5352 2186 5428 _Onem
2237 5352 2480 5408 Phelethi
2530 5352 2664 5409 sive—
2687 5354 2874 5428 Phallu
2905 5357 3106 5428 lilium,
3138 5352 3466 5428 caeterosque

1921 5423 2240 5495 Rubenitas,
2273 5433 2422 5478 certa
2467 5440 2556 5479 res
2586 5435 2668 5479 est
2713 5441 2776 5479 ex
2826 5426 2995 5495 ipsius
3042 5426 3296 5484 Veritatis
3327 5423 3468 5483 rela-

1921 5497 2086 5549 tione.
2128 5493 2244 5567 Qua
2284 5503 2506 5567 constat
2542 5495 2719 5550 minus
2754 5493 3032 5567 commode
3063 5498 3137 5550 ita
3180 5499 3466 5567 scripsisse

1919 5572 2193 5619 auctorem
2221 5563 2458 5617 homilite
2495 5564 2548 5616 in
2579 5565 2875 5619 secundum
2908 5565 3117 5620 Domini
3151 5563 3460 5631 adventum,

1919 5650 2040 5709 qum
2067 5640 2254 5709 exstat
2282 5641 2430 5709 torno
2450 5631 2516 5687 Vl
2567 5633 3058 5709 Chrysostotni:
3091 5638 3185 5700 Τις
3214 5638 3466 5709 τηννσυν-

1917 5702 2868 5779 ἀγωγὴν-Ἀβειρὰμ-κατέφ-λεξεςξτις
2895 5708 3018 5779 τοὺς
3048 5709 3171 5777 περὶ
3202 5702 3342 5779 Κόρὲ
3370 5709 3462 5779 καὶ

1919 5772 2099 5828 sum
2133 5772 2333 5844 ἀνοῖξαι
2379 5772 2446 5846 τῇ
2485 5777 2554 5846 γῇ
2583 5772 2641 5829 τὸ
2687 5774 2856 5847 στόμα
2885 5778 2974 5830 καὶ
3023 5772 3298 5831 καταπιεῖν
3341 5778 3458 5831 ἐκέ-
