3936 6342
273 302 374 357 673

1179 306 1774 370 CONSTITUTIONES
1808 314 2481 373 APOSTOLICE.—-LIB.
2521 318 2585 375 ll.
2627 346 2635 353 -

3386 323 3491 380 674

268 432 433 489 μασι,
465 420 919 491 προαιρουμένοις
960 422 1144 479 καλεῖν
1194 427 1567 500 πρεσϐυτέρας
1594 430 1703 502 (96)
1723 471 1738 496 ,
1769 433 1830 504 ἣν

1937 433 2149 498 trivium,
2180 447 2318 488 anus
2348 433 2581 490 invitare
2609 433 2882 489 voluerint
2900 433 2973 501 ";
3005 432 3055 489 ei
3079 448 3243 504 quam
3272 434 3491 491 diaconi

263 508 584 570 ἐπίστανται
622 512 673 563 οἱ
710 512 942 568 διάκονοι
972 514 1292 588 θλιϐομένην
1318 558 1333 582 ,
1360 521 1495 591 αὐτῇ
1526 521 1837 588 πλειστάκις

262 600 655 670 πεμπέτωσαν.
720 603 1083 677 ’Δφοριζόσθω
1122 608 1180 662 δὲ
1240 611 1300 663 ὲν
1342 614 1409 681 τῇ
1456 612 1584 683 δοκῇ
1645 613 1708 666 τὸ
1758 614 1837 685 τῷ

260 694 485 761 ποιμένι
528 692 733 764 ὲθίμιον
762 696 893 767 (97),
937 697 1081 766 λέγω
1122 699 1177 753 δὲ
1207 699 1270 753 τὸ
1319 702 1420 772 τῆς
1445 703 1716 774 ἀπαρχῆς,
1760 705 1836 769 ὠς

265 782 423 853 ἱερεῖ,
456 784 561 838 κᾶν
594 786 668 857 μὴ
697 791 843 859 παρῇ
870 793 937 860 τῇ
966 790 1117 863 δοχῇ,
1146 794 1225 856 είς
1252 794 1415 864 τιμὴν
1447 794 1583 848 Θεοῦ
1617 796 1711 849 τοῦ
1739 797 1835 868 τὴν

263 873 539 943 ἱερατείαν
578 878 726 948 αὐτῷ
754 879 1157 950 ἐγχειρίσαντος
1179 900 1193 912 ·
1236 884 1357 953 ὅσον
1384 884 1440 937 δὲ
1481 886 1682 958 ἑκάστῃ
1728 889 1835 943 τῶν

260 967 639 1036 πρεσϐυτίδων
665 969 884 1033 δίδοται,
912 971 1131 1025 διπλοῦν
1170 973 1392 1027 διδόσθω
1434 980 1547 1039 τοῖς
1574 977 1835 1042 διακόνοις

260 1058 342 1119 εἰς
371 1057 541 1129 γέρας
583 1061 820 1131 Χριστοῦ
867 1062 997 1134 (98).
1045 1065 1169 1127 Τοῖς
1210 1064 1266 1117 δὲ
1306 1066 1729 1140 πρεσϐυτέροις,
1759 1071 1834 1134 ὡς

255 1146 327 1200 ἂν
356 1150 625 1219 κάμνουσι
662 1154 789 1225 περὶ
827 1154 919 1207 τὸν
955 1154 1055 1225 τῆς
1081 1156 1425 1222 διδασκαλίας
1472 1158 1627 1228 λόγον
1661 1161 1835 1231 διηνε-

256 1239 375 1303 κῶς
408 1242 538 1312 (99),
567 1242 729 1313 διπλῆ
758 1245 852 1297 καὶ
882 1246 1067 1310 αὐτοῖς
1094 1248 1435 1319 ἀφοριζέσθω
1461 1252 1493 1321 ἡ
1528 1254 1691 1322 μοῖρα
1709 1291 1723 1315 ,
1754 1256 1833 1317 είς

253 1331 423 1403 χάριν
464 1333 572 1386 τῶν
603 1335 694 1388 τοῦ
739 1337 945 1407 Κυρίου
994 1339 1334 1403 ἀποστόλων,
1369 1337 1442 1394 ὧν
1480 1343 1573 1395 καὶ
1614 1343 1707 1397 τὸν
1744 1344 1833 1397 τό-

258 1438 366 1475 πον
388 1424 533 1494 (100)
565 1425 949 1494 φυλάσσουσιν,
972 1429 1048 1493 ὡς
1069 1429 1361 1502 σύμϐουλοι
1389 1433 1483 1486 τοῦ
1511 1434 1830 1500 ἐπισκόπου,

256 1515 356 1567 καὶ
382 1516 486 1586 τῆς
515 1517 836 1589 Ἑκκλησίας
867 1522 1129 1591 στέφανος
1150 1539 1164 1552 ·
1188 1524 1293 1576 εἰσὶ
1320 1524 1428 1596 γὰρ
1450 1526 1718 1598 συνέδριον
1739 1529 1833 1582 καὶ

258 1603 427 1677 βουλὴ
456 1607 555 1677 τῆς
617 1609 937 1681 Ἐκκλησίας
960 1630 975 1644 ⁸
1008 1615 1057 1667 εί
1084 1614 1141 1668 δὲ
1182 1616 1275 1668 καὶ
1302 1616 1653 1688 ἀναγνώστης
1691 1620 1828 1685 ἐστὶ,

254 1696 585 1769 λαμϐανέτω
629 1703 723 1755 καὶ
767 1704 932 1768 αὐτὸς
975 1709 1165 1777 μοῖραν
1209 1707 1358 1778 μίαν,
1402 1710 1480 1771 είς
1520 1709 1682 1781 τιμὴν
1723 1711 1830 1765 τῶν

257 1793 563 1861 προφητῶν
593 1810 606 1823 ο
649 1794 909 1859 ὡσαύτως
952 1799 1044 1852 καὶ
1085 1798 1376 1869 ψαλτῳδδς,
1426 1801 1518 1853 καὶ
1562 1801 1825 1873 πυλωρός.
1862 1782 1901 1836 Β

268 1880 520 1956 Ἑκάστῳ
559 1881 654 1938 οῦν
698 1887 968 1959 ἀξιώματι
996 1891 1045 1942 oi
1088 1889 1266 1944 λαῖκοὶ
1308 1891 1405 1962 τὴν
1446 1896 1827 1965 προσήκουσαν

254 1975 425 2045 τιμὴν
467 1978 778 2047 νεμέτωσαν
822 1981 881 2033 ὲν
924 1985 1036 2044 τοῖς
1075 1981 1267 2052 δόμασι
1311 1985 1406 2036 καὶ
1444 1988 1509 2055 τῇ
1556 1986 1695 2039 κατὰ
1737 1986 1828 2041 τὸν

257 2067 375 2137 βίον
420 2069 654 2141 ἑντροπῇ
677 2087 690 2099 ο
739 2070 813 2142 μὴ
862 2071 1053 2143 ῥᾳδίως
1093 2072 1149 2125 δὲ
1187 2072 1567 2143 ὲνοχλείτωσαν
1611 2077 1690 2148 τῷ
1732 2078 1831 2149 ἄρ-

252 2176 428 2231 χοντι,
457 2161 595 2215 ἀλλὰ
619 2162 706 2216 διὰ
744 2163 851 2215 τῶν
880 2162 1165 2233 ὑπηρετῶν
1193 2162 1228 2216 ἂ
1257 2163 1532 2233 βούλονται
1574 2169 1832 2238 σημαινέ-

252 2268 461 2317 τωσαν,
506 2254 753 2307 τουτέστι
795 2254 883 2309 διὰ
940 2254 1049 2307 τῶν
1092 2254 1350 2308 διακόνων
1398 2257 1495 2327 (1),
1556 2259 1693 2330 πρὸς
1736 2261 1830 2326 οὓς

332 2369 377 2399 ¹⁶
406 2368 538 2422 Luc.
572 2385 682 2434 xw,
711 2369 797 2422 15.

257 2438 432 2493 Trall.
457 2439 515 2505 2,
534 2440 588 2503 5,
621 2439 689 2493 ad
716 2438 929 2494 Philad.
962 2440 1015 2503 5,
1046 2438 1114 2492 ad
1140 2438 1254 2495 Sm.
1285 2442 1339 2495 8.

1940 524 2154 595 inopem
2199 540 2322 582 esse
2355 526 2573 589 sciunt,
2620 528 2838 581 mittant
2875 542 3132 597 persaepe.
3159 524 3199 554 “
3226 526 3495 595 Caeterum

1938 617 1994 671 in
2020 616 2291 681 convivio,
2314 617 2445 673 illud
2471 617 2616 686 quod
2654 620 2858 688 pastori
2888 620 3109 674 solitum
3140 626 3224 674 est
3244 620 3405 687 dari;
3434 620 3491 675 td

1938 710 2083 780 quod
2118 710 2481 781 primitiarum
2511 720 2593 766 est
2621 712 2778 778 dico;
2818 713 2943 783 ipsi,
2976 713 3100 768 licet
3125 728 3234 767 non
3264 713 3335 767 sit
3354 728 3492 768 con-

1938 803 2085 857 vivio
2119 816 2391 873 praesens,
2434 810 2694 873 tanquam
2742 807 3011 860 sacerdoti
3064 813 3390 875 sepouatur,
3433 806 3496 862 in

1936 894 2197 949 honorem
2228 894 2344 959 Dei,
2372 910 2401 948 a
2430 909 2539 965 quo
2569 895 2930 950 sacerdotium
2962 899 3188 966 accepit.
3218 896 3495 963 Quantum

1935 994 2115 1041 autem
2157 987 2451 1058 unicuique
2493 988 2621 1041 anui
2654 989 2911 1043 tribuitur
2934 1028 2950 1052 ,
2981 989 3101 1057 ejus
3131 990 3354 1058 duplum
3375 988 3495 1044 δῖοι

1934 1079 2087 1133 conis
2160 1079 2215 1132 in
2272 1079 2479 1135 Christi
2536 1082 2896 1135 reverentiam
2966 1081 3315 1136 concedatur.
3363 1080 3495 1137 Pre—

1934 1169 2169 1246 sbyteris
2188 1186 2339 1233 vero,
2357 1172 2485 1238 quia
2508 1170 2726 1228 assidue
2751 1172 2901 1229 circa
2913 1187 3218 1227 sermonem
3232 1174 3498 1229 doctrinae

1931 1260 2201 1324 laborant,
2233 1261 2397 1333 dupla
2425 1262 2588 1316 etiam
2618 1264 2795 1332 portio
2824 1263 3153 1333 assignetur,
3177 1264 3232 1317 in
3264 1264 3493 1334 gratiam

1932 1353 2298 1421 apostolorum
2330 1352 2813 1423 Domini,quorum
2842 1362 2897 1407 et
2929 1355 3107 1409 locum
3137 1362 3342 1418 tenent,
3372 1357 3491 1409 vel-

1932 1453 1992 1499 ut
2030 1445 2335 1500 consiliarii
2378 1445 2654 1515 episcopi,
2701 1453 2753 1501 et
2805 1445 3062 1502 Ecclesiae
3094 1462 3334 1511 corona;
3366 1454 3498 1503 sunt

1933 1536 2076 1589 enim
2110 1536 2421 1606 synedrium
2455 1546 2507 1591 et
2538 1546 2764 1592 senatus
2810 1536 3091 1593 Ecclesiae.
3119 1534 3161 1565 "
3182 1537 3284 1603 Qui
3314 1546 3498 1594 autem

1930 1626 2102 1681 lector
2131 1636 2234 1691 est,
2260 1628 2376 1697 ipse
2405 1644 2622 1698 quoque
2654 1637 2863 1699 partem
2897 1629 3035 1687 ferat
3061 1646 3247 1697 unam,
3271 1629 3337 1683 ad
3366 1644 3497 1697 pro-

1932 1718 2215 1787 phetarum
2246 1719 2507 1775 honorem
2536 1740 2549 1775 :
2580 1722 2807 1791 parique
2837 1721 2999 1778 modo
3029 1730 3222 1778 cantor
3250 1729 3304 1776 et
3325 1720 3499 1775 ostia,

1932 1811 2068 1865 rius.
2102 1808 2407 1880 Unicuique
2446 1827 2577 1883 ergo
2618 1813 3007 1869 ecclesiastica:
3048 1813 3300 1883 dignitati
3332 1828 3499 1868 venev

1929 1902 2193 1956 rationem
2222 1903 2458 1967 debitam
2491 1904 2805 1975 impertiant
2838 1904 2983 1969 laici,
3017 1904 3069 1958 in
3102 1904 3420 1960 muneribus
3440 1910 3500 1959 et

1928 1994 1982 2047 in
2017 1984 2315 2049 honorario
2344 1995 2410 2050 ad
2443 1997 2612 2050 vitam
2654 1997 2989 2052 necessario.
3018 1996 3130 2051 Nec
3173 2013 3304 2051 vero
3336 1996 3500 2052 facile

1929 2087 2219 2155 praiposito
2241 2087 2542 2142 molestiam
2567 2088 2824 2152 inferant,
2848 2089 2943 2143 sed
2973 2089 3156 2158 cupita
3186 2088 3501 2159 significent

1929 2191 2027 2244 per
2055 2177 2356 2244 ministros,
2392 2178 2445 2232 id
2484 2188 2568 2233 est
2597 2180 2888 2243 diaconos,
2922 2181 3123 2250 quibds
3173 2188 3397 2234 utantur
3427 2179 3497 2233 li-

1930 2266 2138 2324 berius.
2173 2268 2361 2339 Neque
2399 2271 2546 2325 enim
2575 2270 2641 2324 ad
2676 2270 2844 2326 Deum
2872 2271 3310 2341 omnipotentem.
3337 2285 3496 2325 acce-

907 2368 1173 2454 “lgnat.”
1208 2369 1462 2454 intfrpol.
1496 2374 1561 2428 ad
1625 2374 1842 2448 Smyru.
1875 2379 1928 2436 8.
2010 2381 2050 2412 "
2084 2380 2281 2453 Supra,
2328 2398 2447 2453 cap.
2490 2381 2581 2439 26.
2626 2381 2767 2454 Lege
2810 2384 2981 2454 lgnat.
3019 2383 3086 2437 ad
3128 2380 3307 2454 Magn.
3338 2382 3391 2449 6,
3424 2379 3495 2437 ad

1570 2555 1930 2615 VARIORUM
1964 2560 2195 2617 NOT/E.

331 2665 441 2736 (96)
481 2666 909 2736 Πρεσϐυτέρας,
934 2673 987 2720 et
1006 2665 1442 2736 πρεσϐυτίδων.
1466 2665 1831 2732 Quemadmo-

255 2735 391 2792 dum
423 2735 783 2807 πρεσϐύτιδας
823 2737 975 2790 Pauli
1000 2735 1107 2807 Tit.
1146 2752 1205 2797 ιι,
1244 2737 1298 2798 5.
1328 2737 1665 2807 interpretati
1702 2747 1833 2793 sunt

256 2807 351 2861 alii
385 2806 550 2879 anus,
566 2807 1044 2879 aliidiaconissas;
1077 2806 1150 2860 ita
1185 2807 1287 2879 hoc
1319 2808 1438 2861 loco
1466 2807 1831 2879 πρεσϐύτεραι

256 2885 315 2948 et
344 2876 698 2948 πρεσϐύτιδες
744 2878 829 2931 vel
872 2886 999 2948 sunt
1022 2893 1157 2948 anus
1189 2877 1326 2948 illae,
1367 2876 1556 2948 quas'(
1580 2886 1638 2930 ut
1666 2876 1830 2933 verba

256 2944 578 3018 Hieronymi
610 2962 862 3015 usurpem
892 2947 1049 3018 epist.
1068 2946 1103 2999 2
1126 2954 1179 3001 et
1200 2946 1290 3018 49)
1318 2944 1831 3018 nu’triebatsuisque

252 3017 461 3087 opibus
505 3017 853 3071 sustentabat
899 3016 1163 3087 Ecclesia.
1205 3016 1461 3087 Aniculae,
1485 3016 1830 3087 appellantur

258 3085 319 3141 in
386 3085 559 3140 Gestis
607 3086 936 3157 purgationis
987 3085 1262 3157 chiliani
1318 3096 1367 3142 et
1418 3085 1636 3143 Felicis.
1686 3089 1829 3141 Infra

257 3158 356 3239 lib:
386 3172 475 3218 ιιι,
506 3155 738 3239 εορᾼὸ,
766 3158 1044 3239 συγςγήρῳ.
1076 3155 1171 3235 Vel
1202 3164 1329 3239 sunt
1358 3158 1700 3239 diaconissm,
1719 3173 1828 3239 seu

255 3226 473 3291 vidum,
520 3234 677 3281 aetate
720 3228 879 3281 senili
918 3226 1087 3296 juSSae‘
1129 3227 1393 3282 ordinari.
1432 3226 1552 3292 Quo
1586 3227 1828 3282 secundo

257 3297 428 3367 modo
472 3296 569 3358 τὰς
614 3296 939 3367 λεγομένας,
970 3296 1363 3367 πρεσϐύτιδας,
1414 3313 1530 3367 quin
1581 3299 1831 3351 dicuntur

251 3366 663 3436 presbyterw,in
688 3382 897 3422 canone
923 3366 1230 3421 Laudiceno
1258 3369 1346 3423 11.
1376 3366 1597 3436 quidam
1630 3368 1830 3421 intelli-

261 3435 433 3503 gunt.
453 3435 563 3506 Nec
590 3452 776 3491 verum
803 3445 907 3502 est,
939 3437 1083 3506 quod
1119 3452 1183 3491 ex
1223 3436 1280 3493 S.
1304 3435 1607 3506 Epiphanio
1633 3437 1829 3492 haeresi

262 3507 355 3571 79,
386 3520 509 3575 cap.
532 3505 587 3569 4,
614 3515 667 3561 et
692 3515 881 3561 contra
914 3505 1138 3561 canonis
1170 3505 1458 3561 Laodiceni
1486 3506 1708 3563 Latinos
1744 3511 1829 3561 in-

257 3578 871 3646 terpreteswcontendit
929 3577 1225 3646 multiiugae
1280 3576 1604 3632 eruditionis
1668 3579 1829 3631 homo

255 3645 505 3701 Joannes
534 3645 778 3701 Morinus
797 3689 811 3713 ,
846 3647 920 3700 De
945 3649 1113 3701 sacris
1147 3645 1588 3709 ordinationibus,
1619 3648 1832 3702 exerci-

259 3718 474 3791 tatione
524 3717 617 3791 19,
676 3723 1116 3791 presbyterorum
1176 3733 1372 3791 nomen
1430 3716 1632 3791 Grzecis
1705 3732 1828 3772 esse

260 3790 535 3855 ignotum.
559 3785 694 3839 Nam
726 3785 1033 3856 Epiphanio
1060 3802 1240 3842 sermo
1288 3788 1517 3842 habetur
1559 3790 1829 3842 duntaxat

258 3860 329 3912 de
356 3856 514 3911 Novo
544 3855 917 3919 Testamento,
947 3858 1001 3911 in
1026 3873 1135 3926 quo
1159 3860 1234 3910 ait
1266 3858 1625 3926 πρεσϐύτιδας
1652 3858 1827 3913 nomi-

255 3929 409 3985 nari.
443 3941 551 3980 non
580 3926 1024 3998 πρεσϐυτερίδας.
1062 3928 1167 3981 Sed
1191 3935 1245 3982 et
1274 3926 1541 3982 Morinum
1568 3929 1829 3983 memoria

256 3997 537 4052 destituit.
580 3995 785 4067 Paucis
821 3995 963 4052 enim
1003 3998 1162 4053 annis
1201 4005 1491 4067 antequam
1533 3998 1635 4053 ista
1687 4000 1828 4053 scri-

256 4068 436 4130 heret,
478 4068 722 4138 ediderat
764 4066 1165 4123 Pmnitentialia
1200 4066 1367 4137 opera
1413 4067 1641 4123 Joannis
1676 4068 1830 4138 Jeju-

256 4140 474 4210 natoris
495 4176 511 4200 ,
542 4147 596 4192 et
650 4135 879 4193 Joannis
908 4138 1161 4192 monachi
1183 4178 1197 4200 ,
1234 4135 1324 4193 ubi
1373 4135 1829 4210 πρεσϐυτέρισσαι

252 4208 597 4278 presbyteros,
623 4223 812 4261 uxores
858 4212 1281 4277 presbyterorum
1310 4208 1427 4265 non,
1460 4212 1623 4263 semel
1649 4208 1825 4263 ‘com-

254 4285 479 4348 parent.
512 4279 665 4333 Adde
688 4280 831 4346 quod
865 4294 895 4332 a
925 4279 981 4334 S.
1018 4280 1218 4334 Basilio
1250 4279 1303 4333 in
1333 4278 1546 4349 Regulis
1577 4278 1829 4337 breviari-

250 4354 386 4409 bus.
417 4358 611 4421 quaest.
647 4348 777 4421 HQ,
797 4350 921 4415 111,
953 4349 1327 4421 πρεσϐυτέρας
1354 4348 1673 4421 (antistitam
1705 4364 1829 4403 ver.

255 4426 407 4471 tunt.
444 4418 683 4473 Ruﬁnus
731 4419 955 4473 Matrem
998 4418 1320 4475 'tnonasterii
1344 4418 1371 4481 ,⁷
1393 4419 1661 4474 seniorem
1711 4434 1828 4473 ma-

255 4493 426 4556 trem)
458 4491 662 4543 mentio
695 4489 771 4544 fit.
807 4490 1049 4558 Denique
1092 4506 1204 4544 rem
1237 4490 1494 4549 conﬁcit.
1535 4498 1589 4543 et
1613 4489 1827 4544 dissen—

255 4560 463 4613 tientes
490 4558 704 4629 jugulat
750 4559 1013 4622 Photius;
1048 4560 1137 4613 cui
1170 4560 1223 4614 in
1249 4559 1642 4622 Nomocanone,
1668 4560 1828 4613 titulo

255 4630 313 4702 1,
346 4644 475 4698 cap.
508 4631 714 4702 penult.
745 4629 1092 4702 πρεσϐυτέρα
1116 4639 1225 4702 est,
1256 4647 1377 4699 quae
1408 4629 1669 4702 Patribns
1692 4629 1829 4702 Lao—_

255 4701 475 4770 dicenis
503 4699 814 4770 πρεσϐῦτις.
847 4699 1181 4755 Praetermisi
1232 4702 1412 4755 locum
1453 4699 1705 4770 Origenis
1760 4700 1829 4755 ad

253 4769 494 4824 Joannis
521 4769 617 4840 sin
640 4810 655 4833 ,
688 4771 786 4833 12,
819 4781 952 4834 etc.,
985 4772 1111 4840 quia
1149 4773 1277 4825 dum
1317 4772 1522 4825 viveret
1562 4769 1826 4836 Marinus,

256 4841 511 4895 nondum
539 4839 725 4896 Graece
755 4843 810 4895 in
842 4839 1022 4896 locum
1062 4842 1379 4907 prodierant
1420 4840 1510 4894 illa
1540 4840 1829 4895 Commen-

256 4910 430 4966 taria.
458 4909 596 4965 Eum
621 4911 741 4966 vide
771 4928 823 4981 p.
855 4912 988 4969 590,
1006 4908 1047 4981 Ε
1064 4949 1079 4972 ,
1098 4911 1378 4967 Huetiana:
1402 4911 1674 4967 editionis.
1696 4910 1831 4967 Vide

254 4982 429 5034 etiam
473 4981 540 5053 de
579 4982 987 5053 presbytidibus
1026 4980 1326 5037 Palladium
1361 4982 1687 5053 Praefatione
1728 4981 1832 5035 Hi-

258 5053 447 5105 storia:
474 5049 773 5117 Lausiacar',
801 5060 856 5107 et
883 5053 1212 5105 Antiochum
1245 5054 1434 5107 homil.
1463 5051 1555 5107 21.
1583 5049 1661 5107 lo.

355 5122 450 5193 97)
500 5124 776 5191 Ἐθίμιον.
809 5123 959 5177 Alter
989 5122 1112 5177 cod.
1146 5121 1350 5193 ἔθιμον.
1382 5125 1477 5177 (IL.

355 5124 427 5177 97
500 5124 776 5191 Ἐθίμιον.
809 5124 959 5177 Alter
989 5124 1112 5177 cod.
1146 5124 1350 5193 ἔθιμον.
1382 5125 1477 5177 (IL.

331 5124 450 5263 (98)
487 5193 749 5247 Διπλοῦν
777 5193 1031 5247 διδόσθω
1050 5193 1181 5263 τοῖς
1207 5192 1502 5258 διακόνοις
1537 5195 1624 5257 εἰς
1658 5193 1833 5261 γέρας

256 5262 546 5330 Χριστοῦ.
591 5265 863 5333 Antiquus
911 5265 1000 5318 ille
1045 5262 1302 5333 Turriani
1336 5264 1656 5327 aduotator,
1706 5279 1831 5317 cum

257 5334 482 5402 putavit
518 5332 783 5388 minorem
818 5334 955 5388 Filio
991 5335 1107 5389 fieri
1137 5332 1400 5403 Spiritum
1452 5342 1703 5388 sanctum
1738 5351 1834 5404 per

257 5418 429 5458 unam
455 5406 756 5473 portionem
778 5405 1122 5468 diaconissaa,
1148 5406 1415 5474 duplicem
1439 5406 1677 5465 diaconi,
1705 5406 1833 5474 quia

257 5490 390 5543 cap.
425 5474 496 5527 26
531 5542 536 5544 _
570 5476 875 5531 diaconissa
906 5476 1111 5530 dicitur
1138 5476 1309 5544 figura
1343 5473 1582 5543 Spiritus
1630 5473 1830 5539 saneti,

256 5542 537 5600 diaconus
548 5562 676 5600 vero
694 5545 835 5611 Filii;
855 5563 962 5601 non
978 5542 1443 5606 consideraverat,
1458 5546 1557 5598 hac
1576 5547 1834 5613 praeclara

260 5630 362 5668 sua
397 5617 815 5670 ratiocinatione
841 5618 1160 5671 conclusum
1190 5616 1455 5685 iri,,quod
1488 5631 1519 5668 a
1559 5617 1834 5670 constitu-

262 5695 383 5739 tore
412 5687 657 5755 Apostoli
692 5688 1051 5757 praeferantur
1081 5686 1309 5756 Spiritui
1339 5696 1554 5750 sancto,
1583 5686 1836 5741 Christo-

257 5773 369 5825 quc
397 5759 824 5829 aequipareltlur.
843 5757 1181 5830 Prcsbylcris
1205 5759 1403 5829 quippe
1427 5758 1668 5829 assignat
1697 5774 1825 5828 quo-

1933 2689 2039 2742 que
2067 2672 2285 2747 duplam
2317 2681 2523 2745 partem
2541 2675 2641 2747 ,_in
2670 2674 2896 2745 gratiam
2929 2672 3321 2747 apostolorum,
3354 2691 3495 2746 quo-

1935 2758 2055 2816 rum
2097 2745 2274 2816 locum
2322 2744 2527 2816 tenent.
2561 2744 2761 2800 Verum
2795 2748 2918 2816 quis
2959 2744 3060 2801 hoc
3112 2748 3340 2801 credat:
3375 2744 3497 2803 imo

1932 2814 2078 2887 quis
2103 2815 2241 2870 adeo
2268 2814 2451 2887 obtusi
2481 2831 2676 2887 sensus
2695 2850 2725 2881 ,η
2744 2814 2944 2872 ιιιίιοιι
2984 2818 3248 2887 intelligat
3281 2818 3496 2887 eiusce-

1932 2884 2081 2956 modi
2112 2885 2613 2956 comparationibus
2642 2896 2825 2956 certos
2850 2888 3112 2956 terminos
3150 2884 3272 2947 esse
3313 2884 3503 2956 pacti--

1973 2954 2183 3026 endos?
2234 2956 2743 3026 Caeteruurprteter
2797 2954 3048 3008 Diataxes
3097 2964 3151 3010 et
3185 2954 3496 3026 lguatianas

1984 3022 2225 3089 pistolas,
2279 3025 2332 3077 in
2388 3023 3033 3097 presbyterisapostolos
3090 3022 3307 3097 _cogitat
3352 3030 3493 3097 apud

1856 3118 1899 3176 ο
1933 3088 2601 3176 Ηίετοιιγηιυιιιηεέιίριόι.
2648 3088 2911 3175 lipist'olaz.
2952 3093 3022 3176 ad
3082 3088 3491 3160 Rusticum-De

1928 3162 2149 3233 septem
2176 3162 2429 3233 gradibus
2474 3163 2724 3218 Ecclesia:
2752 3205 2766 3226 ,
2821 3164 2912 3233 qui
2943 3165 3105 3233 etiam
3129 3182 3261 3233 cum
3298 3177 3494 3233 nostro

1932 3230 2164 3300 lectores
2190 3233 2253 3283 ad
2283 3231 2573 3299 prophetas
2598 3230 2992 3286 accommodat.
3013 3230 3086 3285 De
3110 3230 3311 3300 duplici
3330 3238 3497 3300 parte

1931 3298 2096 3372 [cgito
2154 3302 2175 3355 1
2217 3289 2361 3372 Ii'm.
2383 3289 2442 3372 ν,
2480 3300 2567 3372 17,
2596 3300 2780 3370 ibique
2807 3289 3286 3372 Chrysostomum,
3316 3289 3497 3355 (Ecu-

1930 3371 2191 3440 r_nenium,
2225 3370 2707 3440 Theopbylactum.
2745 3371 2903 3425 Clara
2928 3370 3147 3440 quoque
3176 3378 3303 3440 sunt
3330 3372 3495 3440 verba

1931 3438 2254 3494 Tertulliani
2285 3438 2547 3495 adversus
2597 3438 2897 3494 Ecclesiam
2930 3438 3362 3496 debaccliantis:
3409 3438 3495 3494 Ad

1929 3510 2154 3579 elogium
2175 3510 2313 3582 gula:
2338 3520 2442 3564 tua:
2471 3510 2715 3582 pertinet,
2749 3509 2885 3582 quod
2914 3509 3104 3582 duplex
3127 3507 3267 3578 apud
3296 3519 3343 3561 te
3363 3525 3498 3577 prcr-

1930 3580 2221 3636 sidentibtis
2272 3580 2438 3633 honor
2513 3580 2647 3632 binis
2695 3580 2933 3647 partibus
2985 3580 3316 3648 deputatur;
3375 3596 3494 3632 cum

1930 3650 2212 3719 Apostolus
2241 3650 2499 3720 duplicem
2528 3649 2775 3703 honorem
2802 3650 3023 3710 dederit,
3062 3659 3119 3702 ut
3151 3660 3199 3702 et
3234 3648 3493 3716 fratribus

1930 3731 1979 3774 et
2008 3719 2325 3789 pra'positis.
2359 3719 2433 3774 De
2452 3720 2679 3788 jejuniis
2707 3735 2826 3789 cap.
2861 3722 2959 3775 ult.
2988 3719 3170 3789 Apage
3186 3734 3326 3789 ergo
3355 3720 3496 3773 male

1931 3788 2271 3861 ingemesam
2327 3788 3127 3861 Rigaltiiginterp’retationem.
3185 3788 3494 3844 Videndum

1933 3859 2057 3916 libri
2088 3877 2189 3914 νιιι
2249 3869 2414 3931 caput
2440 3861 2531 3931 51.
2564 3859 2702 3915 Cor.

2023 3932 2111 4001 99)
2132 3929 2456 4001 Αιηνεὶιῶς.
2496 3930 2778 3986 Omittitur
2802 3929 2856 3984 in
2889 3930 3081 3985 altero.
3114 3930 3282 3985 Casa.

2028 3994 2147 4073 100)
2167 3994 2281 4073 Ὧι·
2298 3994 2806 4073 ριαῖτόπονιΑιιθι·
2825 4002 2875 4054 οἱ
2902 4002 2996 4073 διαὶ
3012 4001 3176 4073 τόπον
3197 3998 3403 4073 αὐτῶνἒ
3417 3994 3494 4055 In.

2026 4073 2075 4142 1)
2113 4068 2226 4142 Atti
2251 4069 2367 4124 τῶν
2394 4070 2733 4138 ὑπηρετῶν,
2762 4070 3035 4125 τουτέστι
3081 4069 3181 4142 diu
3222 4068 3339 4142 τῶν
3373 4068 3497 4121 δια-

1929 4139 2141 4195 κόνων.
2171 4139 2289 4195 Lib.
2324 4157 2411 4204 ιιι,
2442 4157 2563 4209 cap.
2597 4142 2693 4208 11;
2725 4142 2820 4196 lib.
2851 4157 2928 4201 vr,
2953 4156 3073 4210 cap.
3104 4140 3201 4206 i7;
3236 4140 3331 4193 lib.
3370 4154 3491 4200 νιιι,

1930 4226 2052 4281 cap.
2082 4212 2173 4274 28,
2202 4226 2297 4280 per
2342 4213 2619 4282 ὑπηρέτας
2672 4210 3390 4282 subdiaconusintelligit,
3441 4218 3500 4282 et

1930 4280 2050 4351 cap.
2086 4283 2173 4344 10,
2206 4282 2301 4336 lib.
2338 4280 2468 4345 vnn,
2494 4282 2797 4352 ὑπηρεσίαν
2827 4280 3017 4352 eodem
3056 4280 3109 4352 in
3151 4296 3317 4335 sensu
3348 4280 3499 4352 (opi-

1929 4350 2053 4423 nor)
2085 4353 2313 4422 accipit,
2350 4368 2512 4421 quam
2567 4350 2747 4406 tamen
2788 4350 3034 4423 ejusdem
3069 4351 3213 4423 libri
3246 4366 3368 4423 cap.
3406 4350 3494 4412 i3,

1929 4421 2145 4476 videtur
2196 4421 2462 4491 usurpare
2520 4437 2618 4492 pro
2669 4429 2815 4492 cintu
2867 4421 3496 4492 omniumclericornm

1857 4483 1901 4539 D
1931 4493 2179 4549 diaconis
2245 4483 2635 4561 subjectornm.
2692 4491 2912 4546 Scilicet
2947 4490 3239 4562 ,ὑπηρέται
3268 4529 3283 4553 ,
3310 4489 3499 4562 Latine

1933 4563 2169 4619 ministri
2200 4604 2215 4626 ,
2270 4559 2530 4617 dicuntur
2558 4562 2851 4630 aliquando
2906 4559 3119 4615 diaconi
3146 4600 3162 4623 ,
3203 4559 3498 4629 aliquando

1931 4633 2275 4697 subdiaconi,
2300 4633 2593 4702 aliquando
2623 4629 2810 4687 clerici
2837 4648 2946 4685 non
2970 4632 3347 4702 sacerdotes_a
3379 4629 3499 4702 dia-_-

1931 4704 2085 4759 conis
2134 4703 2203 4757 ad
2263 4698 2511 4766 infimos,
2558 4702 2856 4772 aliquando
2912 4703 3130 4772 demum
3174 4698 3498 4772 subdiaconi

1930 4788 2054 4827 cum
2094 4776 2472 4843 sequentibus.
2508 4770 2767 4843 Exempla
2817 4781 2947 4828 sunt
2995 4771 3176 4826 obvia.
3206 4770 3281 4843 De
3312 4771 3499 4843 multis

1931 4859 2104 4912 pauca
2134 4842 2517 4899 indicabimus.
2564 4842 2801 4912 Primam
2848 4842 3219 4911 acceptionem
3258 4842 3499 4912 invenies

1934 4911 1986 4967 in
2011 4928 2222 4969 canone
2250 4913 2562 4970 Sardicensi
2590 4913 2643 4972 8.
2674 4914 2729 4966 in
2755 4911 3056 4977 Victorino,
3087 4911 3498 4967 Commentario

1932 4984 2001 5056 in,
2025 4984 2429 5056 Apocalypsim,
2465 4985 2567 5056 ubi
2588 4982 2883 5056 Nicolaum
2919 4983 3210 5056 diaconum
3262 4982 3498 5056 appellat

1932 5051 2283 5118 miniétruni,
2296 5062 2349 5109 et
2378 5060 2431 5109 in
2453 5054 2745 5109 Ambrosio
2772 5053 2838 5107 ad
2863 5052 3023 5108 Lucae
3049 5068 3127 5115 ix,
3150 5051 3238 5107 60.
3312 5051 3497 5106 Alcui-

1931 5140 2070 5188 nus,
2109 5127 2193 5181 vel
2226 5126 2398 5186 alius,
2445 5125 2521 5178 De
2559 5125 2750 5178 divinis
2790 5124 3012 5193 ofﬁciis,
3045 5138 3165 5192 cap.
3198 5122 3305 5176 56:
3358 5120 3501 5193 Sub:

1930 5195 2220 5263 diaconus,
2258 5196 2617 5259 subminister,
2647 5211 2705 5249 eo
2745 5190 2882 5263 quod
2924 5194 3018 5246 sub
3056 5190 3407 5263 diheqnqsit,
3440 5190 3501 5263 id

1931 5275 2009 5319 est
2074 5261 2488 5320 subministra.
2546 5264 2686 5334 Lege
2740 5261 3094 5318 Sirmondum
3150 5261 3219 5315 ad
3261 5261 3495 5334 Ennodii

1931 5338 2093 5406 epist.
2128 5336 2189 5399 9,
2227 5337 2321 5390 lib.
2371 5351 2447 5390 vt.
2484 5333 2734 5391 Secunda
2776 5334 3106 5405 significatio
3146 5334 3389 5388 cernitur
3437 5333 3496 5406 in

1934 5402 2185 5476 pluribus
2224 5407 2529 5461 canonibus
2575 5406 2765 5476 synodi
2798 5402 3119 5476 Laodiceam
3143 5444 3158 5466 ,
3189 5419 3403 5458 necnon
3438 5402 3493 5476 in

1933 5474 2003 5531 69
2062 5477 2120 5533 S.
2153 5478 2337 5531 Basilii
2365 5494 2432 5531 ex
2459 5474 2906 5545 interpretatione
2935 5474 3316 5545 ABalsamoﬁnis.
3348 5482 3403 5528 et
3440 5474 3494 5527 in

1933 5548 2178 5617 ejusdem
2228 5547 2408 5602 Patris
2445 5542 2619 5615 epist;
2654 5546 2791 5617 181_.
2833 5561 2899 5600 ex
2927 5542 3136 5599 Joanne
3181 5544 3494 5617 Zonarset

1935 5614 2186 5672 Mattiaco
2210 5618 2454 5673 Blastare
2485 5614 2723 5671 incditis.
2749 5614 2908 5669 Juxta
2938 5617 3152 5670 tertiam
3175 5619 3233 5670 δ.
3261 5614 3521 5677 Hilarius

1937 5690 1991 5743 in
2025 5690 2290 5758 psalmum
2319 5703 2559 5758 cxxxnv,
2595 5688 2662 5741 ad
2703 5687 2884 5758 lincjn,
2915 5694 3085 5740 totam
3136 5686 3517 5758 liierarchi_am"

1940 5754 2192 5815 bifariam
2224 5758 2526 5825 distribuit,
2551 5757 2608 5813 in
2636 5756 2952 5814 sacerdotes
2985 5766 3039 5814 et
3068 5757 3370 5814 ministros.
3398 5754 3500 5809 De-
