3936 6342
171 328 265 386 681

1073 331 1672 393 CONSTITUTIONES
1703 331 2378 389 APOSTOLlCIE.——-LIB.
2416 332 2481 389 ll.

3271 334 3380 390 689

170 443 359 517 μᾶλλον
388 444 517 515 περὶ
560 444 668 507 τῶν
713 449 1090 519 πνευματικῶν
1132 452 1333 519 γονέων
1360 452 1488 523 ὑμῖν
1513 452 1542 504 ὁ
1569 450 1702 519 λόγοε

1826 451 2069 522 patribus
2102 450 2476 521 spiritualibus
2515 449 2767 505 admonet
2805 464 2902 507 vos
2937 448 3251 522 Scriptura,
3284 453 3378 509 bo-

166 535 471 606 παραινέσει
513 537 677 609 τιμᾷν
703 538 916 603 αὐτοὺς,
947 542 1042 594 καὶ
1088 543 1355 615 στέργειν,
1383 543 1460 608 ὡς
1502 543 1720 615 εὐεργέ-

161 644 283 691 τας,
325 628 425 681 καὶ
472 627 811 700 πρεσϐευτὰς
857 632 994 704 πρὸς
1036 633 1190 698 Θεὸν,
1236 636 1362 698 τοὺς
1414 635 1481 688 δι’
1530 634 1720 699 ὕδατος

162 722 295 792 ὑμᾶς
319 721 813 793 ἁναγεννήσαντας,
838 726 963 787 τοὺς
989 725 1069 797 τῷ
1096 725 1235 798 ἁγίῳ
1280 726 1558 799 Πνεύματι
1584 728 1719 800 πλη-

162 810 462 883 ρὼσαντας,
491 812 618 875 τοὺς
641 812 722 884 τῷ
756 812 897 886 λόγῳ
917 816 1551 891 γαλακτοτροφήσαντας,
1594 823 1720 885 τοὺς

157 903 208 955 ὲν
232 905 297 973 τῇ
324 902 640 976 διδασκαλίᾳ
665 905 1161 978 ἀναθρεψαμένους,
1189 911 1316 974 τοὺς
1345 910 1404 964 ὲν
1433 914 1555 976 ταῖς
1598 929 1721 965 νου-

155 991 356 1057 θεσίαις
386 994 763 1065 στηρίξαντας,
790 999 916 1062 τοὺς
941 998 1034 1053 τοῦ
1063 1002 1327 1073 σωτηρίου
1350 1001 1599 1075 σώματος
1624 1006 1718 1059 καὶ

152 1085 237 1138 τοῦ
262 1086 447 1156 τιμίου
491 1087 723 1159 αἵματος
747 1088 1081 1156 ἀξιώσαντας
1109 1094 1252 1164 ὑμᾶς
1279 1094 1413 1167 (18),
1442 1097 1568 1161 τοὺς
1610 1098 1717 1151 τῶν

153 1176 431 1247 ἁμαρτιῶν
457 1176 743 1245 λύσαντας,
773 1182 868 1235 καὶ
908 1182 1009 1253 τῆς
1035 1183 1196 1252 ἁγίας
1222 1187 1317 1239 καὶ
1364 1188 1514 1259 ἱερᾶς
1556 1188 1719 1259 εύχα-

154 1267 361 1339 ριστίας
408 1269 663 1340 μετόχους
698 1272 1065 1345 ποιήσαντας,
1111 1276 1205 1329 καί¹
1246 1276 1347 1347 τῆς
1390 1279 1717 1348 ἐπαγγελίας

151 1359 231 1413 τοῦ
278 1360 420 1415 Θεοῦ
458 1364 746 1427 κοινωνοὺς
797 1365 892 1418 καὶ
946 1365 1415 1440 συγκληρονόμους
1460 1368 1716 1442 θεμένους

150 1453 321 1523 ύμᾶςς
368 1453 590 1517 τούτους
632 1454 1015 1527 εὐλαϐούμενοι
1065 1460 1259 1529 τιμᾶτε
1312 1460 1593 1526 παντοίαις
1636 1480 1717 1516 τι-

150 1547 287 1615 pair
322 1538 472 1599 οὗτοι
504 1545 613 1618 γὰρ
643 1547 794 1619 παρὰ
819 1547 938 1620 Θεῷ
965 1548 1110 1620 ζωῆς
1156 1552 1251 1605 καὶ
1294 1550 1524 1607 θανάτου
1568 1554 1716 1620 ἐξου-

149 1636 254 1689 σίαν
309 1637 591 1709 είλήφασιν
632 1639 694 1693 ὲν
736 1639 816 1711 τῷ
860 1639 1100 1706 δικάζειν
1146 1644 1273 1707 τοὺς
1326 1645 1716 1718 ἡμαρτηκότας

146 1729 228 1781 καὶ
266 1729 654 1795 καταδικάζειν
699 1732 780 1795 είς
823 1730 1050 1787 θάνατον
1102 1734 1273 1807 πυρὸς
1319 1737 1537 1792 αἰωνίου
1556 1776 1572 1803 ,
1618 1740 1713 1793 καὶ

145 1819 273 1873 λύειν
324 1820 608 1894 ἁμαρτιῶν
653 1823 779 1888 τοὺς
821 1823 1262 1899 ἐπιστρέφοντας,
1291 1829 1385 1883 καὶ
1427 1827 1709 1899 ζωογονεῖν
1742 1808 1785 1869 Β

146 1910 350 1976 αὐτούς.

660 2006 1054 2062 ΚΕΦΑΛΔΙΟΝ
1092 2008 1213 2065 AA'.

147 2098 260 2154 ὀτι
275 2095 415 2155 τῶν
437 2095 746 2171 ἀρχόντων
774 2098 1217 2242 ἵιῗὶιεὲἓὲιῖέων
1242 2103 1360 2163 εισι
1404 2106 1707 2179 κρείττους

200 2260 437 2326 Τούτους
461 2261 727 2335 ἄρχοντας
754 2262 907 2335 ὑμῶν
934 2265 1028 2318 καὶ
1056 2264 1292 2336 βασιλεῖς
1318 2266 1429 2342 (19)
1456 2270 1704 2342 ἡγεῖσθαι

137 2353 380 2423 νομίζετε
405 2354 538 2425 (20),
560 2356 655 2408 καὶ
680 2355 918 2427 δασμοὺς
941 2356 1019 2421 ὡς
1046 2355 1320 2427 βασιλεῦσι
1345 2362 1700 2435 προσφέρετε

138 2443 191 2508 ἐξ
218 2443 377 2514 ὑμῶν
422 2444 526 2516 γὰρ
560 2445 761 2511 αὐτούς
799 2462 861 2499 τε
904 2445 998 2500 καὶ
1033 2449 1161 2513 τοὺς
1208 2451 1484 2516 συνοίκους
1527 2455 1705 2510 αὐτῶν

134 2536 428 2606 τρέφεσθαι
454 2536 577 2609 χρή.
610 2537 697 2602 Ὠς
724 2538 973 2611 Σαμουὴλ
997 2538 1274 2606 διετάξατο
1301 2543 1437 2615 πρὸς
1463 2544 1552 2599 τὸν
1578 2546 1704 2601 λαὸν

136 2626 257 2698 περὶ
282 2626 377 2679 τοῦ
407 2626 688 2697 βασιλέως,
720 2630 777 2682 ὲν
805 2632 871 2702 τῇ
902 2629 1094 2704 πρώτῃ
1139 2632 1246 2687 τῶν
1268 2633 1579 2704 Βασιλειιῖιν,
1609 2641 1704 2695 καὶ

136 2718 333 2790 Μωσῆς
360 2720 489 2792 περὶ
530 2720 637 2774 τῶν
668 2720 873 2794 ίερέων,
904 2723 962 2775 ὲν
1002 2723 1080 2795 τῷ
1108 2724 1373 2799 Λευῖτικῷ
1401 2729 1532 2802 (21)·
1563 2730 1705 2788 οὕτω

137 2810 222 2862 καὶ
247 2812 414 2881 ἡμεῖς
454 2811 584 2883 ὑμῖν
613 2814 740 2885 περὶ
782 2812 890 2867 τῶν
934 2814 1243 2872 ἐπισκόπων
1286 2819 1699 2895 διατασσόμεθα.

135 2902 193 2956 Ei
218 2904 324 2975 γὰρ
372 2903 493 2958 ἐκεῖ
534 2902 736 2976 πλῆθος
781 2905 1094 2977 τηλικούτου
1124 2908 1385 2981 βασιλέως
1426 2914 1703 2986 ἀναλόγως

134 2995 223 3058 τὰς
248 2994 559 3068 ὑπηρεσίας
591 2998 781 3063 ἐδίδου,
809 2999 959 3071 πόσῳ
1006 3002 1202 3073 μᾶλλον
1245 3004 1366 3076 οὐχὶ
1411 3006 1506 3061 καὶ
1551 3007 1647 3063 νῦν
1672 3010 1702 3063 ό

134 3086 428 3151 ἐπίσκοπος
468 3086 762 3160 λαμϐάνειν
788 3090 990 3161 ὀφείλει
1033 3095 1163 3166 παρ’
1190 3094 1343 3167 ὑμῶν
1385 3095 1455 3150 τά
1496 3098 1561 3152 ἐκ
1605 3098 1700 3153 τοῦ

1820 542 2096 599 norandos
2144 544 2266 599 illos
2310 557 2374 598 ac
2419 542 2743 614 diligendus,
2792 549 3050 612 tanquam
3087 544 3383 611 beneﬁcos,

1817 642 1873 691 et
1902 635 1969 689 ad
2012 634 2182 690 Deum
2222 635 2462 706 legatos;
2501 649 2599 690 eos
2643 634 2737 704 qui
2772 649 2868 704 per
2915 650 3113 707 aquam
3161 653 3385 707 regene-

1820 735 2011 782 rarunt
2035 741 2155 792 vos,
2186 729 2280 798 qui
2327 724 2534 797 Spiritu
2566 726 2935 795 repleverunt,
2967 728 3063 798 qui
3107 729 3275 784 verbo
3307 730 3388 783 la-

1818 827 2057 883 ctarunt,
2080 820 2173 891 qui
2202 820 2258 873 in
2288 816 2538 873 doctrina
2580 818 2972 884 educaverunt,
3017 819 3113 890 qui
3159 823 3385 879 monitis

1818 913 2183 977 stabilierunt,
2214 913 2306 982 qui
2344 924 2575 981 corpore
2616 911 2845 967 salutari
2886 920 2940 967 et
2972 913 3216 984 pretioso
3254 929 3383 969 san-

1818 1004 1981 1075 guine
2012 1019 2108 1059 vos
2138 1003 2342 1074 dignati
2366 1008 2514 1067 sunt,
2544 1003 2633 1072 qui
2664 1017 2695 1056 a
2730 1004 2972 1081 peccatis
3001 1004 3378 1069 absolverunt,

1818 1106 1872 1154 et
1932 1104 2294 1152 sacrosanctae
2349 1094 2709 1152 Eucharistiae
2764 1096 3011 1152 fecerunt
3065 1098 3382 1171 participes,

1816 1188 2016 1260 quique
2057 1204 2154 1244 vos
2207 1187 2589 1258 promissionis
2633 1186 2730 1243 Dei
2779 1196 3066 1245 consortes
3096 1204 3161 1245 ac
3201 1193 3383 1246 cohae-

1816 1280 1972 1336 redes
2014 1278 2448 1334 constituerunt?
2481 1276 2594 1333 Hos
2624 1279 2889 1345 venerati,
2932 1279 3082 1334 omni
3114 1280 3380 1336 honorum

1816 1387 2012 1442 genere
2051 1370 2480 1441 prosequimini;
2520 1371 2780 1441 quoniam
2826 1386 2857 1425 a
2902 1370 3012 1427 Deo
3055 1380 3381 1443 poteStatem

1816 1463 1938 1517 vitae
1956 1470 2010 1517 et
2033 1463 2182 1518 necis
2214 1470 2563 1532 acceperunt,
2593 1462 2648 1516 in
2665 1462 2978 1532 judicandis
2998 1466 3380 1534 peccatoribus

1814 1553 2350 1623 condemnandisque
2394 1553 2463 1608 ad
2516 1564 2746 1610 mortem
2791 1555 2984 1610 aeterni
3028 1556 3193 1627 ignis,
3226 1564 3280 1613 et
3321 1557 3380 1612 in

1816 1646 2159 1703 absolvendis
2198 1659 2229 1699 a
2268 1651 2497 1716 peccato
2546 1646 2656 1701 illis
2692 1645 2788 1717 qui
2835 1656 3252 1717 convertuntur,
3283 1649 3381 1705 iis-

1815 1737 2045 1810 demque
2066 1738 2187 1793 vitte
2208 1737 2521 1793 reddendis.

2331 2002 2560 2060 CAPUT
2599 2004 2816 2060 XXXIV
2828 2046 2844 2061 .

1807 2090 1962 2195 Quod
2001 2093 2321 2168 principibus
2359 2111 2423 2153 ac
2452 2095 3101 2227 prmtantiom
3143 2098 3253 2157 sint
3284 2116 3378 2161 sa-

1876 2256 1988 2316 Hos
2040 2259 2348 2332 principum
2398 2275 2464 2316 ac
2512 2278 2700 2335 regum
2756 2264 2879 2320 loco
2922 2262 3078 2321 vobis
3134 2280 3374 2337 praeesse

1804 2352 2139 2423 existimate;
2166 2354 2251 2412 his
2281 2366 2542 2428 tanquam
2574 2356 2794 2428 regibus
2823 2357 3110 2428 vectigalia
3143 2358 3372 2427 oﬂ'erte;

1805 2460 1930 2500 nam
1961 2444 2029 2502 de
2055 2446 2216 2503 bonis
2242 2448 2443 2504 vestris
2485 2447 2589 2520 ipsi
2626 2463 2927 2519 eorumque
2970 2450 3259 2506 domestici
3296 2452 3375 2508 ali

1804 2535 2022 2592 debent.
2064 2537 2221 2604 Quod
2254 2538 2306 2594 in
2338 2539 2653 2611 Regnorum
2688 2541 2867 2610 primo
2900 2541 3041 2596 libro
3071 2542 3117 2574 "
3149 2541 3375 2601 Samuel

1804 2630 2004 2700 populo
2043 2630 2214 2686 edixit
2243 2630 2309 2688 de
2339 2647 2493 2704 rege;
2523 2633 2669 2703 quod
2700 2632 2753 2688 in
2784 2632 3029 2690 Levitico
3058 2632 3273 2708 Moyses
3300 2635 3373 2692 de

1803 2721 2181 2779 sacerdotibus
2206 2741 2220 2778 :
2262 2722 2404 2779 idem
2434 2739 2536 2780 nos
2577 2725 2735 2780 vobis
2763 2726 3026 2783 edicimus
3055 2725 3123 2783 de
3151 2727 3371 2797 episco—

1804 2812 1909 2884 pis.
1947 2811 2082 2870 Nam
2113 2815 2162 2873 si
2207 2816 2319 2873 illic
2364 2817 2597 2888 populus
2642 2818 2993 2889 proportione
3044 2819 3183 2874 tanti
3224 2820 3370 2891 regis

1801 2906 2253 2963 subministrabat
2303 2908 2525 2972 tributa,
2570 2924 2753 2964 nonne
2795 2908 2964 2964 multo
3003 2909 3174 2981 magis
3223 2925 3372 2967 nilne

1802 2998 1961 3054 debet
1988 2998 2279 3070 episcopus
2314 3014 2344 3053 a
2374 3000 2527 3055 vobis
2564 3001 2835 3071 accipere,
2889 3016 3012 3071 quae
3059 3000 3161 3072 ipsi
3190 3016 3221 3057 a
3261 3001 3372 3058 Deo

1803 3091 2099 3147 constituta
2127 3099 2275 3156 sunt,
2309 3092 2377 3148 ad
2408 3091 2664 3148 alendum
2701 3108 2826 3149 eum
2855 3101 2910 3149 et
2938 3094 3170 3152 clericos
3200 3096 3321 3166 ejus
3344 3096 3371 3151 τ

134 3177 255 3231 Θεοῦ
289 3178 449 3249 αὐτῷ
490 3180 771 3253 ὡρισμένα
816 3182 952 3255 πρὸς
996 3183 1290 3259 διατροφὴν
1318 3187 1483 3242 αὐτοῦ
1510 3206 1570 3243 τε
1610 3192 1702 3247 καὶ

1806 3177 1918 3236 lmo
1949 3183 1996 3239 si
2026 3182 2156 3254 quid
2185 3183 2418 3255 amplius
2447 3183 2555 3239 dici
2588 3199 2688 3254 par
2715 3192 2822 3250 est,
2846 3183 2935 3240 hic
2959 3186 3081 3258 plus
3112 3187 3366 3259 accipiat,

134 3270 229 3325 τῶν
254 3274 353 3326 σὺν
381 3272 536 3345 αύτῷ
565 3273 873 3346 κληρικῶν;
902 3277 966 3330 Εί
991 3276 1048 3331 δὲ
1073 3277 1154 3331 δεῖ
1194 3279 1287 3333 καί
1314 3296 1367 3333 τι
1398 3280 1704 3353 προσθεῖναι

132 3364 201 3433 τῷ
226 3364 394 3437 λόγῳ.
430 3365 609 3421 πλεῖον
634 3359 788 3430 οὗτος
830 3365 1172 3439 λαμϐανέτω,
1201 3369 1233 3441 ἢ
1263 3370 1468 3435 ἐκεῖνος
1510 3370 1572 3425 τὸ
1599 3389 1705 3426 πα-

132 3454 287 3509 λαιόν’
318 3458 350 3509 ὁ
382 3455 489 3527 μὲν
533 3457 640 3531 γὰρ
686 3460 1047 3531 στρατιωτικὰ
1077 3461 1210 3533 μόνα
1254 3461 1444 3525 διεῖπε,
1475 3463 1706 3535 πόλεμον

132 3551 219 3603 καὶ
258 3553 493 3624 είρήνην
520 3551 932 3623 ἀναδεδεγμένος
958 3555 1037 3617 είς
1064 3552 1305 3625 φυλακὴν
1354 3554 1640 3624 σωμάτων,
1676 3558 1706 3610 ό

129 3642 179 3696 δὲ
205 3644 299 3715 τὴν
328 3646 417 3710 είς
451 3642 583 3699 Θεὸν
604 3643 930 3717 Δίερωσύνιην,
976 3644 1134 3716 σῶμα
1162 3645 1256 3699 καὶ
1297 3645 1472 3719 ψυχὴν
1511 3666 1709 3721 παραι-

126 3734 382 3806 τούμενος
412 3735 691 3791 κινδύνων.
718 3736 864 3808 Ὀσῳ
888 3736 1063 3790 τοίνυν
1089 3736 1232 3808 ψυχὴ
1262 3735 1510 3809 σώματος
1537 3741 1710 3811 κρείτ-

126 3842 225 3879 των
253 3828 395 3899 (22),
426 3825 665 3899 τοσούτῳ
711 3826 973 3899 ἱερωσύνη
1003 3826 1292 3898 βασιλείας·
1323 3829 1569 3902 δεσμεύει
1597 3832 1704 3905 γὰρ

126 3918 253 3991 αὕτη
283 3919 385 3974 καὶ
415 3918 531 3973 λύει
565 3920 693 3983 τοὺς
734 3920 1003 3991 τιμωρίας
1031 3920 1065 3991 ἢ
1094 3919 1339 3991 ἀφέσεως
1380 3922 1581 3988 ἀξίους.
1612 3924 1703 3978 Διὸ

125 4012 207 4064 risv
234 4014 542 4068 ἐπίσκοπον
583 4012 827 4085 στέργειν
854 4013 1092 4084 ὀφείλετε
1138 4013 1215 4079 ὡς
1258 4014 1489 4088 πατέρα,
1520 4016 1700 4086 φοϐεῖ-

124 4103 240 4157 σθαι
283 4105 367 4169 ὡς
418 4104 665 4175 βασιλέα,
707 4107 870 4178 τιμᾷν
896 4105 973 4171 ὡς
1030 4104 1236 4178 κύριον,
1281 4108 1408 4170 τοὺς
1454 4109 1697 4179 καρποὺς

123 4197 267 4268 ὐμῶν
309 4198 417 4253 καὶ
468 4197 541 4251 τά
582 4197 721 4270 ἔργα
773 4198 882 4253 τῶν
925 4197 1121 4270 χειρῶν
1148 4197 1299 4270 ὑμῶν
1326 4200 1407 4262 είς
1449 4197 1696 4268 εὐλογίαν

184 4358 230 4389 ’⁸
253 4357 401 4429 Cap.
451 4371 566 4411 VIII.

1803 3288 1967 3343 quam
1996 3275 2125 3331 olim
2166 3275 2295 3331 ille:
2327 3274 2765 3347 quandoquidem
2808 3276 2899 3333 ille
2946 3277 3199 3333 militaria
3239 3287 3369 3334 tan-

1802 3372 1918 3421 tum
1948 3365 2129 3421 obibat
2152 3366 2365 3433 munia;
2399 3367 2524 3423 belli
2553 3382 2618 3422 ac
2646 3368 2819 3439 pacis,
2849 3384 2947 3441 pro
2967 3370 3221 3427 custodia
3242 3386 3365 3427 cor-

1804 3469 2020 3525 porum,
2054 3456 2293 3525 arbiter;
2324 3457 2413 3512 bic
2453 3472 2588 3513 vero
2636 3458 2732 3513 Dei
2778 3458 3146 3515 sacerdotium
3190 3461 3367 3516 admi-

1805 3549 2019 3614 nistrat,
2067 3549 2435 3619 periculorum
2471 3550 2722 3619 corporis
2753 3564 2819 3604 ac
2866 3552 3062 3607 anima:
3100 3567 3365 3608 averrun-

1807 3655 1926 3696 cns.
1968 3640 2181 3707 Quanto
2211 3642 2375 3713 igitur
2419 3640 2599 3696 anima
2646 3647 2867 3713 prastat
2910 3657 3161 3714 corpore,
3209 3652 3363 3699 tanto

1804 3733 2165 3789 sacerdotium
2217 3747 2419 3804 regno;
2476 3733 2607 3803 ligat
2651 3736 2795 3788 enim
2842 3747 2906 3789 ac
2959 3735 3152 3800 solvit,
3192 3746 3359 3806 prout

1804 3824 1928 3894 quis
1962 3839 2119 3895 poena
2156 3824 2239 3879 vel
2268 3824 2426 3879 venia
2461 3823 2659 3895 dignus
2688 3833 2792 3881 est.
2821 3825 3002 3892 Quare
3048 3827 3362 3898 episcopum

1801 3916 2026 3989 diligere
2052 3924 2112 3972 ut
2139 3923 2347 3987 patrem
2386 3915 2621 3982 debetis,
2648 3916 2827 3972 vereri
2860 3925 2918 3971 ut
2948 3933 3153 3988 regem,
3188 3917 3363 3973 hono-

1800 4025 1921 4065 rare
1947 4018 2006 4063 ut
2055 4005 2367 4074 dominum;
2415 4006 2703 4063 offerendo-
2734 4009 2785 4064 ei
2834 4004 2889 4063 in
2928 4008 3359 4065 benedictionem

1802 4111 2036 4158 vestram
2082 4100 2293 4155 ίιυειιιε
2321 4107 2534 4154 νεειιοε
2566 4109 2727 4170 atque
2754 4114 3012 4156 manuum
3050 4109 3360 4156 vestrarum

1801 4211 1991 4268 opera;
2023 4192 2314 4249 tribuendo
2344 4190 2471 4262 ipsi,
2510 4199 2766 4262 tanquam
2807 4190 2900 4247 Dei
2930 4193 3224 4260 sacerdoti,
3266 4208 3361 4249 ve-

1434 4503 1803 4561 VARIORUM
1837 4504 2071 4563 ΝΟΤᾸΞ.

183 4630 299 4711 (98)
350 4624 558 4711 ’ζμᾶς-
589 4624 750 4682 9883'-
781 4624 837 4679 ίῐι
865 4625 1038 4681 διεθτο
1080 4623 1205 4680 ϐοά·
1247 4637 1348 4679 nec
1385 4630 1472 4679 est
1499 4638 1691 4679 neces.
1720 4627 1769 4686 D
1794 4621 2049 4711 Eundem
2076 4623 2365 4711 ‘ratio‘nemj
2382 4636 2494 4711 cur
2504 4615 2877 4711 sacerdotalis
2915 4623 3153 4711 dignitas
3192 4622 3358 4711 regiae

118 4698 345 4756 sarium.
390 4698 562 4752 CLER.

182 4771 296 4839 (l9l
337 4768 460 4824 Kal
498 4765 795 4839 ﬁadnlsfc.
826 4763 882 4839 l_n
926 4764 1097 4820 altero
1132 4762 1254 4819 cod.
1280 4759 1567 4839 {Maloea
1595 4763 1690 4816 καὶ

122 4832 384 4907 βασιλεῖς,
411 4832 508 4891 καῖ
535 4836 795 4907 νομίζετε.
828 4835 1071 4897 Rectius,
1103 4842 1163 4888 ut
1192 4832 1501 4907 coniecerat
1527 4832 1693 4888 Cote-

118 4899 566 4981 ieriusdjysiaﬁz,
597 4899 695 4981 sed
739 4906 1009 4981 glossema
1046 4921 1156 4981 non
1203 4899 1528 4981 crediderim
1570 4917 1694 4981 esse

117 4983 205 5035 καὶ
232 4973 521 5051 νομίζετε,
555 4978 655 5051 sed
701 4973 1106 5051 concionatoris
1126 4974 1369 5051 _huju§ce
1414 4973 1693 5051 personati

119 5043 498 5118 βαττολογίας,
532 5047 720 5118 quales
750 5054 877 5101 sunt
912 5045 1001 5118 hic
1032 5043 1363 5118 multae.__Qu_i
1411 5044 1540 5095 talia
1571 5058 1693 5118 cre-

117 5113 245 5175 dunt
268 5113 407 5175 esse
437 5113 826 5189 apostolorum,
848 5117 1049 5189 regiam
1078 5115 1179 5189 sibi
1207 5113 1525 5189 dignitatem
1549 5114 1688 5189 cla‘m

115 5182 511 5250 tribuentium,
544 5187 694 5258 gravi
734 5182 939 5258 injuria
971 5182 1349 5258 sanctissimos
1382 5182 1530 5258 v_ir_os
1568 5182 1684 5235 alli-

114 5263 285 5323 ciunt.
321 5252 570 5331 quorum
595 5252 876 5311 humilitas
903 5261 1049 5311 esset
1078 5255 1352 5331 simulata,
1377 5253 1424 5307 si
1456 5252 1572 5331 base
1597 5266 1692 5331 eo-

117 5348 227 5387 rum
259 5323 483 5387 esscnt.
515 5327 631 5383 Non
677 5336 970 5383 secernunt
1010 5339 1118 5379 tera
1163 5323 1389 5394 lupinis,
1423 5323 1519 5393 qui
1560 5323 1691 5376 talia

115 5404 491 5457 confundunt.
524 5397 595 5453 In.

178 5474 295 5545 (20)
353 5469 659 5545 Ἰίγεῖσθαι
704 5464 983 5545 νομίζετε.
1012 5464 1095 5545 ᾼη
1147 5462 1443 5545 scripserat
1484 5462 1691 5545 solu'm-

114 5530 535 5615 ιιιοὶίᾶὴγεῖσθε
568 5558 581 5593 :
615 5545 669 5594 et
710 5530 954 5607 νομίζετε
984 5537 1165 5608 glossa
1204 5530 1320 5589 est?
1347 5530 1385 5586 F
1389 5541 1549 5586 avent
1599 5531 1688 5585 in-

115 5612 413 5683 terpretes.
450 5612 584 5683 C03.
826 5675 853 5683 _
904 5673 940 5683 _
1094 5681 1102 5683 _
1253 5672 1288 5683 ,Α
1496 5669 1512 5683 ,
1559 5669 1620 5683 m

194 5669 289 5756 ἱιι)
332 5684 450 5736 ’Er
475 5680 554 5747 τῷ
577 5675 878 5743 Λευῖτικᾴ
904 5673 1110 5731 Desunt
1134 5685 1193 5728 tn
1220 5672 1393 5728 altero
1412 5669 1537 5729 cod.
1559 5669 1688 5727 Vin-

115 5756 312 5809 dobon.
347 5756 527 5805 been.

180 5826 297 5894 (εἳ)
346 5824 519 5883 Ὃσφ
574 5819 782 5874 τοίνυν
838 5817 1008 5887 ψυχὴ
1064 5814 1331 5886 σώματος
1387 5813 1678 5882 κρείττων.

296 5918 583 5978 ΡΑτιιοι..
618 5915 733 5975 Gn.
769 5914 815 5973 Ι.

1793 4693 2037 4763 praeferri
2060 4692 2522 4765 debeat,gadducit
2545 4709 2762 4765 quoque
2787 4696 2929 4749 inter
2950 4692 3088 4765 alias
3104 4693 3171 4765 β.
3191 4692 3360 4765 Chry-

1794 4762 2067 4836 sostomus
2090 4772 2204 4817 tum
2228 4763 2378 4836 alibi,
2405 4770 2518 4836 tum
2546 4762 2813 4836 praecipue
2830 4765 3021 4836 homil.
3038 4764 3073 4817 4
3097 4762 3169 4836 De
3192 4762 3357 4836 verbis

1796 4832 1991 4906 (sane,
2012 4834 2106 4906 lib.
2134 4849 2196 4906 ιιι
2223 4833 2299 4887 De
2321 4832 2639 4906 sacerdotio,
2672 4832 2793 4906 cap.
2820 4835 2870 4899 1,
2895 4842 2949 4888 et
2977 4833 3166 4906 homil.
3204 4833 3270 4887 15
3301 4833 3358 4906 in

1794 4903 1837 4956 ll
1863 4902 1928 4957 ad
1954 4903 2289 4960 Corinthios.
2309 4901 2448 4957 Cum
2468 4918 2577 4972 quo
2600 4912 2708 4958 tam
2734 4901 2788 4959 in
2810 4920 2888 4970 re,
2909 4919 3071 4972 quam
3094 4903 3148 4957 in
3172 4904 3357 4972 causis

1794 4921 1837 4956 ιι
1863 4921 1928 4957 au
1954 4921 2289 4960 norintmos.
2309 4921 2448 4957 uuln
2468 4921 2577 4972 quo
2600 4921 2708 4958 tam
2734 4923 2788 4959 In
2810 4921 2888 4970 re,
2951 4921 3071 4956 nam
3094 4921 3148 4957 In
3172 4921 3357 4957 causis

1792 4975 1872 5043 rei
1899 4974 2246 5043 consentiunt
2272 4974 2434 5043 vulgo
2464 4975 2638 5028 sancti
2678 4974 2886 5029 Patres.
2909 4921 3181 5043 ίξὶιιὶηιιιιρ
3212 4971 3358 5042 apud

1794 5041 2075 5115 Philonem
2111 5039 2393 5107 Judaeum,
2438 5044 2579 5099 libro
2610 5044 2686 5098 De
2721 5044 2984 5115 legatione
3021 5039 3090 5095 ad
3139 5039 3354 5104 Caium,

1794 5114 2146 5235 Bonliiicatus
2165 5121 2330 5196 .tanto
2358 5128 2523 5195 supra
2551 5114 2781 5185 regnum
2805 5114 3101 5194 extollitur,
3137 5118 3347 5182 quanto

1839 5199 1938 5235 eus
1969 5191 2024 5235 et
2069 5184 2253 5235 dmna
2289 5184 2602 5235 hominibus
2645 5192 2701 5235 et
2757 5185 3009 5235 humanis
3057 5181 3347 5235 excellunt.

1839 5199 1938 5240 eus
1969 5191 2024 5238 et
2069 5183 2253 5239 divina
2289 5181 2701 5239 hominibus'et
2757 5185 3009 5238 humanis
3057 5181 3349 5237 excellunt.

1796 5253 1950 5309 Unde
1995 5252 2199 5323 iniusta
2230 5253 2403 5308 fertur
2431 5268 2462 5307 a
2491 5252 2777 5309 Theodoro
2806 5255 3126 5323 Balsamone
3163 5252 3229 5323 ad
3259 5266 3353 5323 ca-

1792 5339 1992 5379 nonem
2025 5320 2064 5378 7’
2106 5321 2423 5379 Trullanum
2454 5337 2685 5380 censura
2714 5327 2769 5379 in
2805 5338 2921 5387 eos,
2962 5322 3055 5392 qui
3088 5320 3348 5392 ecclesia-

1792 5396 1960 5451 sticas
2007 5394 2300 5465 dignitates
2354 5393 2723 5462 imperatoriis
2771 5389 3125 5465 anteponunt.
3177 5389 3341 5445 Sozoc

1792 5480 1989 5519 menus
2012 5462 2151 5520 libro
2174 5480 2213 5518 ll
2239 5472 2500 5527 extremo,
2525 5479 2755 5519 narrans
2781 5462 2848 5517 de
2880 5463 3267 5523 imperatorum
3295 5473 3343 5517 α

1790 5536 2105 5598 pontiﬁcum
2134 5534 2410 5604 sepultura
2448 5534 2505 5587 in
2532 5534 2719 5604 eadem
2749 5532 3130 5604 apostolorum
3158 5529 3349 5604 Eccle-

1791 5606 1911 5681 sia:
1957 5598 2314 5681 negasti-7;;
2363 5602 2663 5681 ἱερωσύνης
2699 5598 3056 5681 δμὸτίμουιτῇ
3106 5598 3349 5681 βασιλεία

1789 5673 1977 5745 οὔσης,
2010 5674 2208 5797 μᾶλλον
2238 5667 2333 5744 μὲν
2360 5667 2453 5726 ο-ἷὶν
2497 5674 2555 5726 ὲν
2582 5667 2693 5738 τοῖς
2722 5667 2883 5743 ίεροτς
2929 5667 3119 5734 τόποις
3158 5667 3245 5723 καὶ
3280 5667 3349 5723 τὰ

1789 5745 1981 5797 πρῶτα
2041 5744 2257 5797 νούσης.
2290 5745 2425 5797 Cor.

1789 5744 1981 5815 πρῶτα
2010 5744 2257 5815 ἐχούσης.
2290 5745 2425 5800 Cor.

2825 5901 2904 5963 92
