3936 6342
222 330 323 387 689

1085 323 1685 384 CONSTITUTIONES
1717 325 2405 383 ΑΡοετοωοιε.-ι.ιιι.
2444 327 2503 385 ιι.

3238 316 3241 319 ’
3338 332 3443 389 690

216 440 534 497 Τυύναντίον
570 439 676 512 γὰρ
714 440 926 511 εἴρηται
965 439 1077 503 τοις
1104 436 1209 503 ἔξω
1233 434 1328 492 τοῦ
1356 435 1661 507 ἀξιώματος
1688 435 1781 489 τοῦ

1902 435 2063 491 :tione
2090 433 2314 490 effectus
2339 450 2397 489 ες
2422 447 2440 496 ;
2470 434 2618 505 alqui
2645 436 2778 493 solis
2801 437 3181 494 sacerdotibus
3197 438 3447 511 judicare

212 531 541 597 δικαπικοῦ,
594 532 628 604 ἢ
680 529 1052 585 διδασκαλικοῦ
1094 530 1206 604 (32)
1258 528 1580 601 ὑπάρχουσι·
1638 545 1657 579 ι
1684 527 1777 599 Μὴ

212 627 447 696 κρίνετε,
476 624 569 678 κα)⁸
595 624 657 677 οὐ
689 623 762 695 μὴ
793 621 1134 694 κριθήσεσθε.
1159 639 1179 675 ι

1883 534 1967 583 est
1994 540 2316 582 concessum
2337 568 2351 593 ,
2384 526 2582 597 quippe
2608 528 2811 597 quibus
2838 529 3045 584 dictum
3088 530 3161 587 sit
3191 549 3206 587 :
3248 548 3268 585 ι
3296 531 3450 588 Judi-

1882 618 2028 675 cium
2074 618 2282 689 justum
2345 617 2684 688 iudicate";
2730 638 2751 673 ι
2815 630 2869 677 et
2930 638 3152 680 rursum
3208 643 3222 680 :
3276 642 3295 678 ι
3357 622 3457 681 Es-

211 727 326 772 tote
358 715 515 787 probi
544 714 904 785 trapezitae“:
925 724 945 759 ι
966 713 1119 769 vobis
1146 722 1326 768 autem
1352 711 1407 766 id
1434 727 1544 767 non
1573 721 1658 768 est
1682 711 2048 782 permissum;
2082 710 2191 765 imo
2218 716 2434 774 contra,
2456 708 2525 765 iis
2545 710 2640 780 qui
2668 710 2983 784 dignitatem
3014 721 3109 769 aut
3136 712 3340 785 judicis
3359 726 3455 772 aut

212 808 462 881 magistri
490 822 603 865 non
637 807 859 876 habent,
888 806 1092 863 dictum
1119 816 1241 864 est:
1269 824 1288 859 ι
1314 805 1495 863 Nolite
1516 805 1784 877 judicare,
1820 814 1875 863 et
1910 820 2022 861 non
2051 802 2430 876 judicabimini
2458 799 2601 857 “J9.
2634 815 2654 851 ι

718 1013 1119 1070 ΚΕΦΑΛΔΙΟΝ
1154 1015 1275 1070 ΔΖ⁹.

209 1172 357 1245 Περι
372 1170 747 1254 κατηγόρων,
764 1167 863 1222 καὶ
903 1164 1654 1254 συκοςξαντῷϊζκφὲέῖτξδς.
1670 1163 1785 1254 £35)

282 1236 403 1315 56ρῆ
423 1236 527 1314 μὴ’
540 1236 863 1317 θὶροκξζρῳς
889 1236 1537 1317 πιστεύειζῄἁπιςτεζν
1554 1236 1786 1301 τούτοις

280 1304 397 1371 ἓόί
414 1304 1003 1385 iamneiamne
1027 1306 1305 1378 ἀκριϐοῦς
1330 1304 1675 1372 ἐξετάσεως.

282 1453 389 1508 Τδν
432 1452 612 1523 μέντοι
651 1429 950 1503 ἐπίσκοπον
991 1444 1071 1500 δεῖ
1110 1444 1316 1517 κρίνειν
1367 1441 1562 1517 ὀρθῶς,
1605 1440 1787 1507 καθὼς

203 1547 538 1617 γέγραπταυ
574 1562 593 1595 ‹
619 1542 730 1615 Τὴν
769 1540 981 1597 δικαίαν
1008 1539 1188 1611 κρίσιν
1214 1537 1448 1611 κρίνετε.
1475 1555 1495 1590 ι
1534 1536 1645 1590 Καὶ
1688 1534 1785 1589 ἀλα

202 1637 401 1710 Μχοῦ·
430 1638 525 1691 (Τί
552 1636 607 1689 δὲ
634 1635 730 1690 καὶ
755 1635 847 1703 ἀφ’
867 1632 1073 1687 ἑαυτῶν
1100 1632 1163 1686 ού
1189 1632 1403 1704 κρίνετε
1429 1628 1492 1685 τὸ
1515 1628 1739 1695 δίκαιον;
1760 1645 1779 1679 ι

203 1729 437 1785 Γίνεσθε
476 1725 569 1782 οὖν
612 1727 688 1791 ὡς
724 1725 1084 1798 ἀργυρονόμοι
1111 1725 1488 1796 ἐπιστήμονες.
1519 1721 1786 1790 Καθάπερ

203 1822 322 1895 γὰρ
348 1817 497 1875 οὗτοι
520 1818 589 1873 τὰ
612 1816 791 1888 φαῦλα
816 1817 923 1870 τῶν
951 1815 1295 1887 νομισμάτων
1321 1813 1697 1886 ἀποκρίνουσι,
1717 1810 1787 1865 τὰ

202 1915 267 1968 δὲ
304 1914 504 1985 δόκιμα
538 1909 878 1966 οίκειοῦνται·
915 1909 1006 1963 τὸν
1047 1908 1208 1964 αὑτὸν
1241 1908 1304 1980 δὴ
1340 1907 1539 1979 τρόπον
1573 1907 1667 1960 καὶ
1696 1904 1787 1959 τὸν

201 2007 512 2061 ἐπίσκοπον
539 2005 667 2077 χρὴ,
695 2003 765 2059 τὰ
811 2004 908 2075 μὲν
952 2002 1159 2075 ἄμωμα
1194 2001 1463 2073 κατέχειν,
1490 1998 1561 2053 τὰ
1586 1998 1642 2052 δὲ
1668 1998 1790 2052 ἐπί-

204 2115 385 2172 μωμα
410 2097 443 2170 ἢ
473 2096 812 2169 θεραπεύειν,
828 2094 1110 2167 ἢὰνιάτως
1134 2092 1393 2149 νοσοῦντα
1406 2092 1783 2165 ἀπορρίπτειν

203 2191 307 2244 καὶ
336 2190 413 2262 μὴ
439 2189 647 2260 ταχέως
674 2189 915 2253 κόπτειν,
947 2187 1079 2261 μηδὲ
1118 2183 1199 2251 οἷς
1236 2186 1437 2258 δήποτε
1491 2184 1785 2240 πιστεύειψ

205 2282 449 2354 ἐγχωρεῖ
462 2282 571 2354 γάρ
586 2297 735 2345 τινας
759 2281 853 2335 καὶ
878 2279 965 2334 διὰ
992 2278 1222 2352 ζῆλον,ἣ
1249 2279 1439 2348 φθόνον
1470 2278 1611 2333 κατά
1646 2294 1791 2341 τινος

205 2372 445 2444 ἀδελφοῦ
490 2373 848 2446 ἐνστήσασθαι
892 2373 1061 2446 ψευδῆ
1107 2372 1459 2445 κατηγορίαν·
1502 2371 1578 2436 ὡς
1611 2372 1660 2425 οί
1699 2370 1792 2423 δύο

206 2464 575 2537 πρεσϐύτεροι
619 2466 712 2519 ἐπὶ
755 2467 855 2539 τῆς
891 2466 1180 2536 Σωσάννης
1206 2464 1264 2517 ὲν
1291 2462 1588 2527 Βαϐυλῶνι,
1618 2464 1712 2517 καὶ
1756 2464 1791 2533 ἠ

208 2557 493 2627 Αἰγυπτία
518 2558 611 2611 ἐπὶ
638 2556 716 2629 τῷ
748 2558 963 2629 Ἰωσήφ.
988 2557 1060 2611 Σὺ
1089 2552 1296 2621 οὖν,ὡς
1320 2553 1454 2611 Θεοῦ
1484 2554 1788 2627 ἄνθρωπος,

204 2648 285 2702 τὰ
310 2648 534 2702 τοιαῦτα
565 2650 638 2721 μὴ
668 2649 975 2722 προχείρως
1000 2648 1330 2720 παραδέχου,
1362 2648 1451 2701 ἵνα
1480 2648 1554 2720 μὴ
1599 2646 1794 2718 ἀνέλῃς

206 2742 305 2795 τὸν
331 2741 514 2796 ἀθῶον
539 2744 633 2796 καὶ
658 2742 984 2814 ἀποκτείνῃς
1009 2741 1100 2795 τὸν
1126 2741 1350 2796 δίκαιον.
1368 2741 1425 2796 '0
1444 2740 1552 2812 γὰρ
1570 2738 1794 2794 τοιαῦτα

208 2832 623 2905 παραδέχεσθαι
660 2833 849 2899 θέλων,
878 2834 1047 2906 ὀργῆς
1073 2834 1255 2907 πατήρ
1282 2834 1397 2886 ἐστι
1428 2832 1626 2904 μᾶλλον
1655 2831 1689 2901 ἢ
1719 2834 1796 2885 εί-

209 2925 409 2997 ρήνηςο
434 2927 571 2979 ὅπου
598 2925 653 2979 δὲ
680 2926 845 2998 ὀργὴ,
875 2926 991 2979 ἐκεῖ
1016 2928 1045 2979 ὁ
1071 2924 1273 2998 Κύριος
1299 2925 1400 2979 οὐκ
1428 2924 1591 2978 ἐστιν’
1623 2925 1658 2995 ἡ
1686 2922 1796 2997 γὰρ

207 3017 351 3089 ὀργὴ
394 3015 492 3071 τοῦ
533 3018 745 3072 Σατανᾶ
782 3017 1101 3089 ὑπάρχουσα
1127 3018 1276 3089 φίλη,
1305 3017 1447 3087 λέγω
1473 3017 1550 3082 δὲ,
1579 3018 1614 3089 ἢ
1643 3016 1798 3089 παρὰ

207 3108 273 3161 τὸ
298 3108 513 3161 δίκαιον
552 3109 835 3180 κινουμένη
864 3108 951 3162 διὰ
975 3108 1082 3162 τῶν
1122 3108 1514 3179 ψευδαδέλφων,
1542 3108 1796 3163 οὐδέποτε

2403 1006 2631 1065 CAPUT
2669 1007 2931 1067 XXXVII.

1885 1165 1992 1243 De_
2012 1168 2493 1243 accusatoribus}:
2521 1169 2875 1243 delatoribus;
2904 1180 2955 1227 et
2982 1172 3123 1243 quod
3152 1171 3322 1242 judea:
3349 1189 3455 1229 non

1955 1238 2137 1293 debeat
2162 1240 2272 1292 illis
2301 1239 2458 1307 facile
2496 1241 2729 1305 credere,
2761 1242 2837 1297 vel
2865 1259 2967 1297 non
2995 1238 3222 1302 credere.
3243 1243 3333 1299 sed
3363 1248 3461 1299 ad-

1955 1308 2122 1364 hibita
2147 1309 2387 1381 diligenti
2420 1310 2775 1382 inquisitione.

1957 1445 2129 1504 Porro
2171 1447 2489 1519 episcopum
2539 1458 2754 1521 oportet
2799 1458 2947 1506 recte
2988 1449 3267 1519 judicare;
3314 1451 3458 1507 sicut

1885 1541 2150 1613 scriptum
2196 1549 2324 1598 est:
2368 1561 2388 1595 ι
2413 1542 2633 1600 Iustum
2676 1544 2943 1615 judicium
2981 1543 3303 1615 iudicate“;
3344 1564 3362 1598 ι
3402 1553 3460 1600 et

1886 1635 2056 1691 alibi:
2093 1653 2113 1687 ι
2158 1634 2297 1701 Quid
2342 1652 2475 1692 vero
2524 1653 2555 1692 a
2610 1638 2765 1693 vobis
2803 1637 2936 1708 ipsis
2967 1636 3114 1708 quod
3134 1636 3345 1707 justum
3374 1645 3460 1694 est

1886 1742 1995 1781 non
2015 1726 2276 1796 iudicatis
2290 1728 2377 1784 “l
2406 1749 2425 1782 ι
2460 1728 2644 1786 Estote
2676 1730 2844 1801 igitur
2875 1737 3131 1798 tanquam
3163 1730 3459 1801 argentarii

1885 1821 2068 1891 periti.
2098 1819 2169 1876 Ut
2200 1822 2345 1877 enim
2373 1821 2451 1875 illi
2494 1836 2748 1876 nummos
2794 1819 3131 1876 adulterinos
3179 1821 3460 1891 rejiciunt,

1888 1912 2088 1983 probos
2116 1919 2294 1967 autem
2326 1912 2595 1979 retinent;
2623 1912 2876 1967 eumdem
2906 1912 2974 1967 ad
3000 1914 3220 1968 modum
3245 1922 3459 1984 oportet

1890 2011 1951 2058 ut
1979 2003 2270 2074 episcopus
2296 2019 2417 2073 qua:
2444 2018 2553 2058 non
2597 2003 2799 2059 habent
2825 2004 3096 2059 maculam
3139 2005 3470 2075 complecta-

1886 2104 1999 2161 tur,
2028 2110 2150 2166 quae
2193 2103 2374 2151 autem
2418 2096 2695 2151 maculosa
2747 2102 2896 2160 sunt,
2933 2096 3020 2151 vel
3067 2103 3242 2162 curet,
3290 2097 3371 2152 vel
3414 2099 3460 2153 si

1888 2187 2241 2259 desperanter
2284 2188 2555 2254 laborent,
2585 2188 2838 2258 abjiciat;
2885 2205 2994 2243 non
3044 2196 3224 2246 tamen
3277 2189 3462 2245 statim

1890 2287 2153 2352 amputet,
2178 2295 2279 2337 nec
2309 2281 2593 2351 quibusvis
2623 2281 2810 2337 credat
2838 2282 2917 2349 “;
2950 2280 3009 2336 fit
3037 2282 3181 2337 enim
3214 2298 3461 2337 nonnun-

1889 2389 2075 2444 quam,
2113 2381 2173 2428 ut
2197 2373 2362 2444 aliqui
2392 2374 2737 2429 aemulatione
2763 2388 2828 2428 ac
2856 2372 3058 2428 invidia
3090 2372 3239 2428 ducti
3271 2373 3463 2428 adver-

1891 2482 1986 2522 sus
2010 2466 2232 2522 fratrem
2257 2466 2447 2523 falsam
2476 2468 2880 2521 accusationem
2897 2464 3215 2533 instituant;
3250 2473 3309 2520 ut
3333 2467 3462 2520 olim

1891 2557 2163 2629 Babylone
2208 2558 2318 2613 duo
2367 2574 2526 2637 senes
2570 2557 2832 2614 adversus
2857 2557 3168 2614 Susannam
3184 2558 3251 2625 “,
3296 2566 3466 2630 utque

1892 2650 2150 2723 Egyptia
2182 2651 2379 2707 mulier
2411 2659 2604 2707 contra
2633 2649 2930 2721 Josephum
2948 2651 3014 2706 δ’.
3044 2649 3198 2705 Talia
3246 2658 3328 2715 tu,
3370 2651 3464 2723 qui

1891 2742 2058 2798 homo
2100 2743 2196 2799 Dei
2225 2758 2307 2809 es,
2340 2758 2451 2798 non
2488 2752 2691 2799 temere
2720 2742 2994 2808 admittes,
3024 2758 3093 2798 ne
3122 2742 3267 2799 forte
3303 2744 3464 2798 inno-

1893 2842 2105 2890 centem
2133 2835 2393 2906 perimas,
2441 2841 2497 2891 et
2541 2834 2761 2889 occidas
2783 2833 3013 2903 justum.
3045 2834 3150 2901 Qui
3177 2836 3321 2890 enim
3349 2835 3466 2891 haec

1893 2927 2125 2983 libenter
2154 2926 2328 2991 audit,
2359 2927 2534 2997 magis
2562 2927 2659 2981 irae
2682 2934 2837 2997 pater
2856 2933 2960 2992 est,
2977 2941 3138 2997 quam
3163 2927 3341 2997 pacis;
3372 2928 3468 2981 ubi

1894 3035 2026 3077 vero
2052 3020 2133 3075 ira
2169 3029 2272 3087 est,
2303 3019 2432 3075 hinc
2464 3018 2725 3075 Dominus
2755 3019 2942 3086 abest;
2973 3018 3101 3090 quia
3138 3017 3221 3073 ira
3251 3018 3467 3074 Satanae

1898 3112 2101 3180 amica;
2153 3112 2300 3166 illam
2345 3112 2491 3176 dico,
2528 3125 2669 3183 qum,
2699 3125 2730 3165 a
2775 3109 2932 3167 falsis
2988 3109 3249 3167 fratribus
3276 3119 3467 3166 contra

208 3200 416 3272 ἀφίησι
442 3200 691 3269 γενέσθαι
717 3201 964 3273 ὁμόνοιαν
992 3201 1049 3254 ὲν
1076 3203 1142 3273 τῇ
1173 3200 1651 3273 Ἐκκλησία.⁶Ὀθεν
1679 3201 1796 3254 ὲπι-

1902 3204 2209 3275 tequitatem
2240 3204 2516 3259 concitata
2537 3239 2557 3268 ,
2614 3218 2892 3273 nunquam
2913 3202 3264 3258 concordiam
3295 3205 3349 3258 in
3373 3201 3470 3258 Ec-

210 3292 585 3360 γινώσκοντες
611 3295 736 3357 τοὺς
763 3292 1039 3357 τοιούτους
1065 3294 1326 3364 ἄφρονας,
1358 3290 1598 3364 ἐριστὰς,
1624 3289 1799 3365 ζηλω-

211 3386 341 3449 τὰς,
372 3386 794 3456 χαιρεσικάκους
822 3385 955 3458 (34),
1001 3386 1073 3458 μὴ
1116 3384 1395 3439 πιστεύετε
1436 3386 1637 3449 αὐτοῖς’
1667 3383 1803 3439 ἀλλὰ

212 3480 319 3531 καὶ
358 3477 766 3550 παρατηρεῖσθε
806 3479 932 3542 τοὺς
957 3475 1249 3541 τοιούτους,
1278 3475 1566 3541 ἀκούοντές
1590 3493 1643 3531 τι
1670 3479 1803 3550 παρ’

212 3570 407 3625 αὐτῶν
452 3569 594 3624 κατὰ
632 3567 877 3639 ἀδελφοῦ·
922 3570 1002 3623 ὅτι
1038 3568 1186 3622 οὐδὲν
1215 3568 1273 3621 ὲν
1300 3567 1596 3639 ὀφθαλμοῖς
1624 3567 1803 3624 αὐτῶν

212 3663 408 3731 φόνος⁹
441 3662 535 3717 καὶ
560 3658 621 3716 οὗ
646 3679 728 3725 τις
761 3663 858 3733 οὐχ
894 3662 1132 3725 ὑπονοεῖ,
1161 3660 1585 3715 καταόάλλουσιν
1613 3660 1800 3733 ἄνδρα.

211 3756 300 3810 Σὺ
331 3750 429 3809 οὖν
452 3753 682 3826 πρόσεχε
710 3754 786 3826 τῷ
815 3752 1260 3826 κατηγορηθέντι,
1283 3754 1341 3809 ἐν
1369 3754 1532 3826 σοφίᾳ
1558 3771 1806 3828 παρατη-

215 3846 343 3919 ρῶν
376 3846 479 3918 τὴν
517 3846 858 3919 ἀναστροφὴν
884 3845 1071 3911 αὐτοῦ,
1100 3846 1183 3910 τίς
1209 3847 1304 3900 καὶ
1329 3846 1490 3902 ὁποία
1526 3846 1801 3919 τυγχάνειο

210 3940 327 3992 καὶ
355 3939 406 3993 εί
436 3936 619 4011 εὕροις
648 3937 806 3994 αὐτὸν
824 3925 1173 4010 ἀληθεύοντα,
1196 3936 1337 3992 κατὰ
1360 3937 1459 4010 τὴν
1482 3937 1578 3993 τοῦ
1597 3940 1804 4012 Κυρίου

210 4029 457 4102 διδαχὴν
481 4029 725 4099 ποίησον,
752 4031 844 4084 κα)⁸
874 4030 1031 4100 μόνον
1065 4028 1395 4100 παραλαϐὼν
1436 4029 1529 4085 τδν
1571 4048 1809 4104 κατηγο-

216 4120 495 4194 ρηθέντα,
525 4118 738 4191 ἔλεγξον
777 4121 958 4187 αὐτὸν,
988 4122 1134 4185 ὅπως
1165 4120 1442 4194 μεταγνῷ,
1473 4122 1697 4195 μηδενός
1725 4140 1807 4179 σοι

217 4212 637 4284 συμπαρόντος.
668 4214 731 4267 El
758 4212 813 4267 δὲ
838 4214 899 4267 ού
928 4212 1195 4285 πεισθείη,
1223 4213 1512 4285 γενόμενος
1537 4213 1806 4287 δεύτερος,

211 4304 257 4377 ἢ
324 4303 530 4375 τρίτος,
557 4302 727 4364 οὕτως
776 4304 923 4377 αὑτῷ
977 4304 1249 4371 ὑπόδειξον
1306 4305 1366 4360 τὸ
1408 4306 1807 4380 πλημμέλημα,

212 4393 572 4465 νουθετήσας
597 4395 758 4449 αὐτὸν
798 4396 856 4449 ἐν
900 4396 1163 4469 πραότητι
1190 4398 1285 4451 καὶ
1324 4398 1560 4470 παιδείᾳο
1591 4399 1672 4453 ὅτι
1705 4417 1724 4452 ι
1749 4400 1808 4453 ὲν

1900 3295 2074 3352 clesia
2104 3294 2406 3351 subsistere
2436 3294 2659 3366 patitur.
2699 3292 2853 3350 Unde
2885 3294 3119 3366 cognitis
3150 3294 3217 3351 iis
3240 3294 3471 3349 homini-

1899 3386 2024 3449 bus.
2055 3386 2512 3457 imprudentibus,
2536 3385 2918 3451 contentiosis,
2967 3385 3198 3451 aemulis,
3232 3386 3471 3441 malevo-

1899 3476 2160 3546 lentibus,
2190 3478 2359 3534 nolite
2384 3477 2544 3533 fidem
2576 3478 2686 3534 illis
2716 3477 2952 3546 habere;
2977 3477 3111 3548 quin
3141 3477 3321 3548 potius
3344 3493 3470 3534 cum

1899 3585 1997 3629 eos
2040 3569 2322 3626 audieritis
2367 3569 2592 3625 fratrem
2638 3571 2940 3633 criminari,
2970 3570 3278 3626 cautionem
3310 3571 3469 3626 adbi-

1900 3661 2023 3717 bete
2046 3680 2062 3730 ;
2089 3662 2217 3733 quia
2248 3661 2604 3718 homicidium
2648 3661 2812 3720 ludus
2855 3662 2965 3719 illis
3006 3662 3222 3718 videtur
3244 3677 3309 3718 ac
3334 3663 3473 3717 nihi-

1902 3755 2050 3823 lum;
2080 3762 2134 3810 et
2160 3754 2250 3810 ubi
2272 3770 2431 3810 nemo
2448 3756 2781 3825 suspicatur,
2800 3763 3153 3827 prosternunt
3170 3755 3469 3812 hominem.

1904 3841 1988 3902 ‘I‘u
2012 3860 2141 3918 ergo
2168 3853 2485 3902 accusatum
2511 3846 2821 3913 considera,
2848 3856 2902 3904 et
2925 3848 3197 3918 sapienter
3226 3848 3471 3918 expende

1902 3952 2085 3995 mores
2112 3938 2279 4004 illius,
2316 3938 2410 4010 qui
2437 3952 2501 3993 ac
2526 3940 2716 4010 quales
2745 3939 2893 4007 sint;
2925 3946 2978 3995 et
3006 3939 3053 3994 si
3094 3945 3472 3994 accusatorem

1902 4044 2031 4085 vere
2079 4043 2144 4084 ac
2180 4028 2329 4099 jnste
2358 4029 2507 4100 loqui
2539 4031 2895 4101 compereris,
2926 4030 3227 4088 secundum
3258 4029 3473 4085 Domini

1905 4121 2212 4177 doctrinam
2242 4120 2438 4190 facito;
2468 4137 2619 4179 reum
2648 4131 2989 4194 assumptum
3028 4123 3225 4187 solum,
3258 4123 3476 4178 nemine

1906 4220 2172 4284 praesente
2197 4227 2384 4284 argue,
2416 4222 2475 4268 ut
2499 4214 2873 4284 paenitentiam
2905 4222 3030 4287 agat
3062 4233 3076 4271 :
3104 4213 3249 4285 quod
3284 4214 3332 4269 si
3361 4227 3475 4268 non

1907 4304 2113 4374 patitur
2146 4319 2205 4359 se
2232 4302 2569 4374 persuaderi,
2600 4305 2859 4361 adhibitis
2888 4306 3102 4363 duobus
3146 4307 3230 4362 vel
3274 4305 3475 4369 tribus,

1908 4395 2015 4466 ipsi
2047 4403 2311 4468 quantum
2345 4396 2635 4469 deliquerit
2675 4399 2983 4466 ostende",
3014 4399 3312 4455 admonens
3348 4412 3475 4454 eum

214 4484 442 4558 καρδίᾳ
468 4486 645 4559 ἀγαθῇ
673 4488 1043 4544 ἀναπαύσεται
1074 4489 1251 4559 σοφία’
1274 4491 1331 4545 ἑν
1356 4490 1412 4546 δὲ
1428 4490 1623 4564 καρδίᾳ
1640 4490 1796 4564 ἀφρό-

1911 4504 2035 4545 cum
2052 4490 2469 4548 mansuetudine
2489 4507 2553 4546 ac
2572 4492 2857 4562 disciplina
2878 4512 2893 4561 ;
2914 4493 3169 4564 quoniam
3195 4510 3219 4545 ι
3239 4493 3293 4547 in
3309 4490 3475 4546 corde

212 4594 347 4633 νων
370 4579 436 4632 οὐ
462 4577 889 4649 διαγινώσκεται.
916 4600 935 4635 ι

1841 4568 1887 4625 Ῐ)
1913 4581 2058 4637 bono
2107 4582 2414 4653 requiescet
2462 4584 2758 4654 sapientia;
2788 4585 2845 4641 in
2874 4584 3037 4642 corde
3066 4593 3246 4642 autem
3276 4585 3479 4655 impru-

1915 4674 2158 4733 dentium
2188 4689 2299 4730 non
2332 4675 2672 4747 dignoscitur
2686 4676 2751 4731 ⁸⁸.
2785 4696 2803 4729 ι

312 4890 362 4924 ³⁷
400 4886 560 4944 Deut.
600 4904 643 4953 ι,
698 4887 782 4953 l6,
834 4896 1031 4959 et_xw,
1068 4890 1169 4959 l8;
1197 4888 1366 4945 Zach.
1404 4904 1502 4957 vn,
1531 4888 1586 4959 θ.
1618 4958 1621 4959 ν
1662 4886 1782 4928 ³⁹-³’

1902 4902 1927 4943 c
1955 4898 2029 4945 vt.
2059 4886 2151 4959 3].
2230 4885 2275 4918 ⁸⁸
2298 4886 2384 4940 Io.
2420 4899 2516 4952 vn,
2538 4883 2655 4959 24,-
2711 4881 2759 4959 ⁸ξ
2795 4882 2909 4940 Luc
2942 4882 3172 4959 xn,_§7.
3231 4881 3292 4959 ff
3315 4879 3475 4959 “Lau-

219 4962 268 5019 d
299 4971 420 5015 .tur
477 4976 509 5015 a
558 4959 825 5016 Cedreno.
874 4955 1027 5018 Vide'
1056 4955 1178 5017 νει.
1229 4959 1455 5018 Testim.
1488 4955 1495 4957 ’
1530 4957 1579 4991 ⁸³
1607 4958 1744 5016 Dan.
1776 4974 1897 5014 xm.

226 5048 372 5100 liv,
415 5033 507 5087 53.

1991 4959 2038 4990 “
2079 4957 2217 5013 Gen.
2256 4971 2445 5011 xxnx.
2503 4949 2579 4987 ’⁸⁸
2610 4954 2802 5009 Matth.
2851 4949 3137 5022 xvut,'15.
3229 4949 3277 4984 “
3312 4950 3473 5006 Prov-

1546 5197 1909 5256 VARIORUM
1943 5198 2176 5258 NOTAE.

205 5397 421 5457 μενοι.
457 5378 756 5457 Omiseram
788 5386 975 5434 notare
1007 5376 1365 5457 assertionem
1391 5374 1803 5457 Constitutorls,

202 5447 298 5509 ac
362 5460 666 5519 praecepto,
698 5448 877 5504 Estote
915 5448 1063 5518 probi
1107 5447 1807 5519 trapezitae,sacerdotibus

204 5515 403 5586 dato,
434 5515 736 5590 congruere
764 5536 884 5575 cum
914 5515 1160 5590 oratione
1188 5516 1428 5590 Dionysii
1456 5515 1807 5590 Alexandrini

203 5597 299 5651 de
367 5585 570 5646 eodeni
609 5590 755 5645 dicto
801 5590 935 5661 πρὸς
976 5590 1103 5652 τοὺς
1140 5585 1544 5661 δυνατωτέρους,
1557 5587 1759 5661 emisso
1792 5604 1807 5642 :

206 5666 393 5718 alios
415 5672 601 5718 tamen
632 5660 686 5718 id
708 5655 859 5719 vocis
886 5675 985 5732 pro
1023 5658 1260 5732 generali
1293 5655 1500 5713 monito
1531 5655 1807 5714 habuisse.

206 5734 393 5793 Cor.

1985 5375 2097 5443 ('52)
2141 5374 2211 5430 Ἡ
2245 5373 2691 5432 διδασκαλικοῦ.
2738 5374 2901 5431 Deest
2954 5376 3009 5431 in
3060 5374 3249 5431 codice
3302 5376 3478 5432 altero

1913 5443 2342 5509 Vindobonensi,
2374 5452 2428 5500 et
2458 5445 2651 5515 abesse
2678 5445 2870 5515 debet;
2904 5461 3084 5502 sermo
3108 5446 3252 5501 enim
3286 5455 3371 5501 est
3405 5447 3472 5505 de

1908 5515 2115 5587 judice,
2142 5531 2249 5571 non
2272 5516 2339 5570 de
2361 5516 2601 5587 doctore.
2626 5513 2794 5570 Cum.

2008 5586 2098 5653 55)
2138 5588 2341 5653 Ὅπως.
2372 5583 2525 5653 Legit
2552 5586 2633 5638 ὅτι
2663 5587 2800 5641 alter
2822 5584 2941 5641 cod.
2968 5584 3129 5640 Vind.
3163 5583 3241 5641 In.

2012 5654 2103 5727 54)
2137 5654 2832 5729 Χαιρεσικὰκρυςηὶῖἰιιιι,
2869 5656 3106 5729 codices,
3144 5658 3475 5729 ὲπιχαιρεσι-

1921 5725 2144 5795 κακούς,
2174 5742 2204 5781 a
2227 5726 2427 5799 qulbus
2453 5725 2608 5783 abest
2628 5726 2890 5800 ζηλωτάς.
2920 5726 2995 5782 In.
