3936 6342
585 236 689 292 699

1445 238 1500 293 S.
1535 238 1923 294 CLEMENTIS
1954 239 1974 292 1
2007 239 2171 296 ROM.
2208 240 2405 299 l‘ONT.
2440 242 2665 298 OPEBA
2698 243 2923 300 DUBIA.
3607 252 3680 307 7M

581 360 638 408 et
663 351 1003 416 obduratum,
1030 359 1157 408 tunc
1187 367 1309 409 cum
1344 352 1530 409 dolore
1553 369 1615 409 ac
1630 356 1778 411 luctu
1803 358 1870 411 at)
1893 354 2120 412 Ecclesia

2234 352 2441 423 ἔχοντα,
2464 356 2563 425 τῆς
2593 353 2913 424 Ἐκκλησίας
2942 353 3221 410 ἀπόκοπτε.
3249 357 3394 427 Λέγει
3421 358 3510 432 γὰρ
3534 364 3683 436 ἠΓρι-

583 446 939 502 insanabilem
980 460 1184 501 reseca.
1209 445 1298 500 Ait
1340 447 1483 503 enim
1515 447 2130 518 ScripturaztAuferetis

584 541 781 593 malum
810 554 874 594 ex
905 538 1055 593 vobis
1077 537 1288 608 ipsis“.
1322 557 1341 589 ι
1369 537 1433 593 Ει
1459 558 1472 593 :
1504 557 1523 589 ‹
1545 539 1746 595 Cautes
1762 539 1969 594 facietis
1992 539 2131 597 filios

582 631 827 688 Israel".
867 650 886 682 ι
921 629 987 684 Ει
1031 647 1247 685 rursum
1283 650 1298 685 :
1342 650 1360 683 ι
1398 630 1511 686 Non
1564 633 1796 701 accipies
1844 648 2129 702 personam

579 723 765 777 divitis
814 721 872 776 in
918 721 1156 791 judicio;
1191 730 1244 777 et
1276 723 1527 792 pauperis
1557 739 1661 776 non
1691 724 2034 779 misereberis
2074 726 2130 779 in

568 812 814 885 judicio;
845 813 1100 883 quoniam
1142 812 1353 866 Domini
1380 820 1461 868 est
1483 814 1747 880 judicium
1768 815 1832 869 ⁶⁰.
1872 833 1892 867 ι

1145 924 1371 979 CAPUT
1410 924 1565 979 XLII.

644 1017 679 1069 Ι
685 1018 880 1071 udicem
898 1034 999 1071 non
1013 1017 1193 1071 debere
1220 1034 1329 1071 esse
1357 1029 1673 1085 acceptorem
1694 1035 2056 1088 personarum.

651 1108 708 1162 Si
748 1116 926 1162 autem
962 1108 1097 1163 falsa
1129 1109 1198 1163 sit
1226 1115 1279 1162 et
1307 1109 1640 1166 calumniosa
1668 1114 1974 1180 accusatio;
2002 1130 2127 1170 vos-

575 1216 680 1272 que
711 1209 953 1272 pastores
985 1215 1093 1253 una
1134 1215 1256 1253 cum
1302 1200 1565 1264 diaconis,
1601 1203 1685 1256 vel
1732 1218 1827 1272 per
1869 1206 2129 1274 acceptio-

576 1306 699 1346 nem
746 1306 1128 1360 personarum,
1186 1291 1272 1345 vel
1327 1308 1421 1361 per
1469 1308 1751 1348 munerum
1799 1296 2122 1364 pactionem,

578 1384 820 1438 volentes
872 1384 1248 1436 calumniatori
1283 1392 1493 1453 gratum
1537 1384 1734 1450 facere,
1787 1387 2124 1441 mendacium

576 1480 830 1542 tanquam
860 1476 1137 1528 veritatem
1168 1474 1399 1544 amplexi
1435 1474 1666 1540 fueritis,
1694 1484 1748 1531 et
1781 1487 2122 1544 accusatum,

576 1566 700 1621 licet
744 1567 914 1635 culpm
944 1564 1053 1619 non
1103 1565 1334 1629 atlinem,
1376 1567 1691 1635 expuleritis
1730 1568 1797 1622 ab
1846 1567 2122 1637 Ecclesia;

573 1659 838 1713 rationem
864 1656 1102 1712 reddetis
1124 1657 1177 1710 in
1196 1657 1283 1712 die
1305 1650 1553 1724 Domini;
1576 1660 1831 1729 quoniam
1861 1662 2122 1732 scriptum

575 1760 697 1806 est:
734 1769 751 1802 ι
788 1748 1129 1804 lnnocentem
1178 1759 1232 1804 et
1293 1750 1500 1819 justum
1543 1765 1652 1804 non
1702 1751 1916 1807 occides
1961 1773 1973 1807 :
2014 1768 2125 1809 non

576 1843 810 1913 accipies
834 1858 1055 1897 munera
1083 1842 1147 1896 ad
1178 1842 1581 1912 percutiendam
1614 1843 1875 1912 animam;
1902 1860 2125 1902 munera

574 1935 718 1990 enim
762 1944 1038 1989 excaecant
1091 1936 1282 1989 ocuios
1331 1935 1660 2016 sapientum,
1700 1942 1754 1991 et
1810 1946 2125 2007 pervertunt

571 2028 735 2082 verba
776 2027 1134 2096 justorum“.
1177 2045 1195 2078 ι
1249 2026 1313 2080 Et
1368 2044 1561 2084 rursus
1594 2047 1607 2084 :
1641 2048 1659 2080 ι
1694 2026 1797 2093 Qui
1820 2029 2124 2100 justiﬁcant

573 2118 797 2189 impium
852 2127 1073 2188 propter
1131 2133 1375 2183 munera,
1406 2128 1460 2174 et
1506 2120 1775 2190 justitiam
1803 2120 1937 2190 justi
1975 2120 2124 2176 aufe-

572 2220 699 2265 runt
715 2212 778 2266 ⁶¹.
817 2228 835 2261 ι
871 2210 1145 2266 Attendite
1188 2211 1369 2281 igitur,
1416 2228 1483 2267 ne
1522 2221 1832 2283 acceptores
1868 2229 2122 2283 persona-

572 2318 691 2356 rum
738 2300 885 2368 facti,
938 2302 1064 2356 huic
1117 2300 1329 2355 Domini
1377 2303 1495 2357 voci
1539 2302 2125 2373 subjiciamini.*Quare

572 2394 831 2463 injustam
876 2394 1166 2465 cujuslibet
1220 2395 1740 2460 condemnationem,
1773 2406 1824 2451 et
1851 2396 2124 2466 improbo-

572 2502 692 2541 rum
741 2487 1105 2556 patrocinium
1153 2487 1339 2542 vitate.
1391 2505 1408 2537 ‹
1448 2486 1537 2541 ναξ
1568 2482 1712 2539 enim
1738 2486 1837 2551 illi,
1868 2488 1961 2557 qui
1992 2488 2121 2543 dicit

574 2578 772 2631 malum
800 2578 1021 2642 bonum,
1061 2585 1114 2632 et
1140 2576 1341 2630 bonum
1370 2577 1853 2644 malum;amarum
1876 2578 2052 2645 dulce,
2069 2587 2121 2634 et

571 2670 729 2726 dulce
756 2684 1031 2736 amarum;
1060 2670 1154 2738 qui
1194 2670 1345 2738 ponit
1374 2669 1553 2722 lumen
1592 2670 1860 2734 tenebras,
1888 2680 1940 2725 et
1968 2680 2119 2726 tene-

569 2761 696 2817 bras
735 2762 994 2817 lumen“.
1044 2781 1062 2813 ι
1093 2760 1225 2814 Nam
1265 2760 1481 2830 quando
1518 2761 1654 2815 alios
1680 2761 1881 2830 injuste
1916 2764 2119 2820 conde-

570 2854 845 2917 mnabitis,
876 2853 980 2922 ipsi
1023 2860 1213 2907 contra
1251 2869 1347 2908 vos
1395 2854 1718 2907 sententiam
1746 2854 1960 2923 feretis;
1993 2863 2120 2927 quia

570 2943 831 2999 Dominus
871 2944 977 2999 ait:
1007 2964 1023 2995 ι
1053 2944 1170 3010 Quo
1194 2944 1402 3013 judicio
1435 2943 1826 3013 judicaveritis,
1848 2945 2118 3014 judicahi-

2235 446 2306 516 φή
2335 444 2401 475 ³⁷⁶
2420 461 2434 475 ν
2469 463 2487 496 ι
2527 446 2797 518 Ἐξαρεϊτε
2824 444 2929 516 γὰρ
2947 444 3035 498 τὸν
3051 446 3267 517 πονηρὸν
3287 446 3339 514 ἐξ
3357 450 3382 501 ί)
3390 448 3493 519 μῶν
3509 452 3681 510 αὐτῶν.»

2233 536 2369 590 Καίο
2410 555 2429 590 ‹
2470 536 2727 601 Εὑλαϐεῖς
2756 539 3004 608 ποιήσετε
3027 538 3147 601 τοὺς
3173 540 3309 602 υίοίις
3348 541 3550 612 Ἰσραήλ.
3575 549 3688 600 »Καὶ

2234 628 2392 683 πάλιν
2408 646 2421 660 ·
2462 648 2482 681 ‹
2518 629 2592 683 Οὐ
2616 628 2757 701 λήψῃ
2782 628 3068 701 πρόσωπον
3099 628 3336 683 πλουσίου
3365 632 3417 683 ὲν
3441 633 3606 703 κρίσει,
3624 640 3690 690 καί

2235 722 2436 792 πένητα
2469 721 2569 776 οὐκ
2593 722 2834 793 ἐλεήσεις
2857 724 2915 775 ὲν
2944 721 3138 793 κρίσει,
3159 721 3237 775 ὅτι
3250 720 3335 774 τοῦ
3358 723 3533 795 Κυρίου
3559 726 3691 798 ἠκρί-

2235 828 2337 877 σις.
2382 832 2401 864 ι

2734 924 3124 978 ΚΕΦΑΛΑῘΟΝ
3151 925 3276 979 MB’.

2230 1012 2358 1067 ὀτι
2383 1012 2494 1083 χρὴ
2662 1015 3214 1083 ἁπροσωπόληπτον
3236 1015 3381 1069 εἶναι
3406 1016 3497 1069 τὸν
3519 1019 3692 1085 ιφιτήν.

2308 1107 2431 1161 Ἐὰν
2473 1107 2529 1160 δὲ
2569 1107 2766 1178 ψευδὴς
2856 1109 2889 1179 ἡ
2929 1107 3225 1179 κατηγορία
3266 1108 3355 1178 τῆς
3385 1108 3608 1179 διαϐολῆς,
3629 1114 3697 1165 καί

2225 1199 2380 1271 ὕμεῖς
2421 1201 2470 1253 οί
2518 1201 2771 1271 ποιμένες
2800 1203 2894 1254 σὺν
2921 1203 3031 1263 τοῖς
3084 1200 3338 1263 διακόνοις
3365 1200 3463 1271 (55)
3486 1202 3537 1254 τὸ
3558 1202 3697 1270 ψεῦδος

2224 1292 2300 1355 ὡς
2343 1292 2594 1364 ἀλήθειαν
2642 1292 3030 1365 παραδέξησθε,
3061 1291 3093 1363 ἢ
3128 1292 3215 1345 διὰ
3248 1293 3698 1364 προσωποληψίαν,ἢ

2222 1382 2308 1436 διὰ
2341 1383 2525 1457 δώρων
2553 1385 2868 1456 ἐξαλλαγὴν,
2903 1384 3206 1455 βουλόμενοι
3234 1384 3291 1437 τὸ
3316 1384 3519 1455 ἀρεστὸν
3543 1385 3603 1454 τῷ
3621 1385 3702 1437 δια-

2222 1474 2360 1547 ϐόλῳ
2406 1480 2596 1541 ποιεῖν,
2625 1477 2714 1530 τὸν
2742 1477 3204 1549 κατηγορούμενον
3244 1477 3355 1547 μὲν,
3385 1476 3643 1547 ὑπάρχοντα
3662 1477 3701 1528 δὲ

2223 1567 2318 1619 τοῦ
2349 1568 2685 1640 ἐγκλήματος
2711 1569 3005 1642 ἀλλότριον,
3026 1565 3414 1640 ἀπώσησθετῆς
3431 1564 3703 1638 Ἐκκλησίας,

2155 1710 2197 1765 Β
2224 1656 2375 1727 λόγον
2416 1659 2635 1728 ὑφέξετε
2678 1661 2735 1713 ὲν
2778 1663 2843 1731 τῇ
2873 1661 3051 1732 ἡμέρᾳ
3096 1657 3314 1730 Κυρίου⁸
3345 1658 3420 1711 ὃτι
3445 1658 3700 1728 γέγραπταιο

2231 1768 2249 1800 ι
2272 1748 2466 1804 Ἀθῶον
2494 1752 2587 1804 καὶ
2615 1750 2816 1805 δίκαιον
2859 1752 2956 1805 οὐκ
3000 1752 3328 1813 ἀποκτενεῖς·
3357 1750 3414 1802 οὐ
3439 1748 3562 1821 λήψῃ
3584 1749 3704 1819 δῶρα,

2226 1842 2456 1906 πατάξαι
2508 1842 2700 1914 ψυχήνο
2755 1842 2824 1895 τὰ
2867 1842 2974 1915 γὰρ
3018 1842 3165 1914 δῶρα
3209 1841 3448 1909 ἐκτυφλοῖ
3470 1840 3705 1909 ὀφθαλμοὺς

2226 1934 2423 2003 σοφῶν,
2452 1935 2543 1987 καὶ
2569 1933 2880 2007 λυμαίνεται
2911 1936 3128 2006 ῥήματα
3155 1933 3390 1987 δικαίων.
3420 1952 3436 1984 ι
3466 1933 3562 1984 Καὶ
3576 1931 3704 1983 πάλιν*

2229 2044 2248 2077 ‹
2300 2027 2362 2079 Οί
2405 2024 2731 2089 δικαιοῦντες
2759 2026 2849 2080 τὸν
2884 2025 3052 2097 ἀσεϐῆ
3111 2024 3294 2078 ἕνεκεν
3344 2024 3531 2096 δώρων,
3558 2023 3630 2074 καὶ
3665 2021 3706 2073 τὸ

2221 2116 2421 2170 δίκαιον
2464 2116 2555 2169 τοῦ
2600 2116 2805 2170 δικαίου
2853 2118 3114 2188 αἴροντες.
3157 2135 3176 2168 ι
3210 2114 3495 2187 Προσέχετε
3520 2112 3608 2184 (56)
3629 2108 3707 2173 οὖν,

2226 2209 2417 2279 μήπως
2444 2208 2904 2280 προσωπολῆπται
2932 2209 3213 2279 γενόμενοι
3244 2208 3533 2277 ὑποπέσητε
3556 2207 3610 2275 τῇ
3632 2220 3707 2271 φω-

2220 2303 2285 2371 νῇ
2314 2300 2405 2354 τοῦ
2435 2300 2638 2372 Κυρίου
2667 2302 2859 2372 ταύτῃ.
2892 2299 3236 2354 Φυλάσσεσθε
3283 2296 3373 2353 οὖν
3422 2299 3478 2351 τὸ
3523 2294 3712 2365 κατακρί-

2221 2409 2329 2446 νειν
2379 2392 2529 2456 τινὰς
2581 2392 2798 2457 ἀδίκως,
2828 2394 2918 2447 καὶ
2978 2397 3300 2466 συνηγορεῖν
3352 2396 3455 2455 τοῖς
3502 2393 3709 2461 πονηροῖς.

2226 2502 2245 2535 ι
2281 2483 2414 2539 Οὐαὶ
2440 2484 2549 2556 γὰρ
2586 2485 2662 2557 τῷ
2689 2485 2894 2554 λέγοντι
2920 2486 2980 2539 τὸ
3006 2487 3245 2559 πονηρὸν
3281 2486 3454 2550 καλὸν,
3481 2486 3561 2538 καὶ
3583 2484 3630 2536 τὸ
3648 2500 3714 2534 κα·

2219 2575 2307 2629 λὸν
2337 2576 2587 2647 πονηρὸν,
2616 2577 2675 2630 τὸ
2720 2578 2910 2649 πικρὸν
2939 2578 3137 2646 γλυκὺ,
3169 2579 3265 2631 καὶ
3291 2578 3348 2630 τὸ
3374 2577 3529 2645 γλυκὺ
3554 2574 3712 2643 πικρὸν,

2219 2666 2296 2737 τῷ
2347 2668 2545 2722 τιθέντι
2595 2669 2656 2723 τὸ
2708 2669 2821 2738 φῶς
2877 2671 3083 2734 σκότος,
3116 2671 3212 2725 καὶ
3256 2671 3315 2723 τὸ
3360 2668 3534 2732 σκότος
3572 2666 3712 2735 eius!

2232 2759 2356 2815 Ἐὰν
2377 2761 2484 2833 (57)
2512 2760 2619 2833 γὰρ
2646 2762 2859 2833 ἐτέρους
2888 2762 3086 2825 ἀδίκως
3118 2760 3492 2832 κατακρίνητε,
3520 2757 3617 2811 καθ’
3634 2757 3718 2807 ὲαυ·

2219 2852 2327 2907 τῶν
2376 2853 2752 2922 ἀποφαίνεσθε·
2803 2854 2882 2906 ὅτι
2925 2854 3070 2922 λέγει
3131 2854 3354 2925 Κύριος·
3393 2872 3410 2903 ι
3444 2848 3510 2922 ᾯ
3550 2849 3718 2921 κρίματι

2220 2945 2450 3017 κρίνετε,
2480 2945 2821 3019 κριθήσεσθε,
2852 2948 2945 3000 καὶ
3059 2945 3468 3007 καταδικάζετε,
3498 2942 3718 2996 καταδικα-

569 3037 790 3099 mini,et
812 3051 920 3106 quo
959 3035 1466 3100 eondemnaveritis,
1497 3035 2062 3094 condemnabimini“.
2096 3058 2113 3090 ι

2224 3037 2509 3109 σθήσεσθε.
2552 3056 2570 3089 ι
2603 3038 2667 3089 El
2716 3033 2806 3091 οὖν
2849 3038 3370 3109 ἀπροσωπολήπτως
3414 3036 3617 3108 κρίνετε,
3639 3033 3723 3083 ἔτι·

569 3127 614 3157 ⁸⁸
633 3126 771 3198 Ergo
801 3127 846 3182 si
890 3126 1093 3196 absque
1121 3141 1472 3196 personarum
1503 3127 1813 3197 acceptione
1837 3128 2114 3197 judicatis,

569 3220 872 3290 aguoscetis
921 3226 1314 3282 accusatorem,
1361 3219 1454 3289 qui
1506 3219 1766 3275 adversus
1815 3223 2116 3290 proximum

569 3328 727 3366 suum
770 3310 964 3365 falsum
997 3308 1101 3364 fert
1127 3310 1516 3378 testiinonium,
1543 3318 1596 3364 et
1626 3310 1971 3366 declat-abitis
1994 3327 2115 3366 cum

568 3403 883 3465 delatorem,
924 3402 1188 3468 invidum,
1220 3401 1567 3466 homicidam,
1598 3402 1849 3472 malignis
1886 3404 2115 3457 alterca-

565 3497 804 3551 tionibus
832 3502 885 3549 et
933 3494 1404 3549 criminationibus
1445 3500 1639 3545 cuncta
1692 3493 2019 3558 turbantem,
2051 3495 2107 3548 in

565 3589 744 3644 verbis
777 3588 1107 3651 instabilem,
1139 3586 1358 3641 sibimet
1420 3586 1475 3638 in
1523 3584 1683 3640 dictis
1736 3585 1851 3641 suis
1900 3595 2117 3640 contra-

566 3682 729 3744 rium,
756 3688 808 3735 et
838 3680 1040 3750 proprii
1091 3679 1203 3733 oris
1247 3677 1427 3733 verbis
1469 3684 1726 3746 captum:
1775 3678 1878 3748 ipsi
1919 3680 2117 3749 quippe

567 3771 723 3826 fortis
769 3771 991 3841 laqueus
1030 3769 1311 3835 incumbit,
1344 3769 1482 3849 labia
1518 3784 1635 3824 sua.
1660 3769 1705 3799 ⁸⁸
1741 3768 1820 3823 Τυ
1866 3771 2008 3825 hunc
2036 3773 2117 3825 vi-

567 3881 710 3929 rum,
729 3866 1009 3919 convictus
1030 3878 1150 3917 eum
1184 3861 1344 3916 fuerit
1368 3861 1488 3916 falsi
1512 3862 1829 3925 testimonii,
1846 3862 2116 3931 judicabis

567 3972 771 4020 severe,
804 3963 857 4010 et
883 3954 1061 4026 gladio
1086 3953 1223 4025 ignis
1257 3951 1464 4016 trades;
1494 3951 1767 4022 faciesque
1799 3954 1898 4024 ipsi
1929 3971 2118 4024 quem-

568 4047 855 4102 admodum
898 4047 1144 4117 proximo
1189 4045 1454 4098 malitiose
1502 4043 1677 4099 facere
1713 4044 2019 4101 destinabat
2038 4047 2113 4115 ‘7;

567 4148 827 4209 quantum
865 4138 1009 4193 enim
1050 4137 1164 4208 ipse
1204 4135 1397 4207 potuit,
1432 4134 1653 4191 fratrem
1685 4139 1913 4204 necavit,
1956 4154 2115 4195 aures

2223 3127 2491 3196 γνώσεσθε
2519 3127 2608 3181 τὸν
2636 3129 3037 3200 κατηγοροῦντα
3081 3129 3230 3183 κατὰ
3256 3127 3349 3181 τοῦ
3379 3111 3581 3197 πλησίον
3603 3120 3721 3175 αὑτοῦ

2226 3219 2767 3291 μαρτυρήσαντα
2796 3217 2983 3293 ψευδῆ,
3016 3221 3113 3274 καὶ
3140 3220 3413 3285 ἐπιδείξας
3447 3218 3587 3272 αὐτὸν
3612 3229 3725 3267 συχο-

2221 3312 2443 3382 φάντην,
2490 3312 2770 3382 βάσκανον,
2806 3314 2989 3382 φονέα,
3020 3313 3371 3385 ταράσσοντα
3401 3312 3472 3375 ὡς
3498 3308 3638 3363 κακὸν
3659 3307 3724 3358 ἀν-

2218 3403 2493 3472 τιλογίαις,
2538 3404 2763 3459 ἄστατον
2816 3405 2874 3457 ὲν
2927 3407 3039 3468 τοῖς
3094 3405 3302 3474 λόγοις,
3333 3402 3504 3473 ἑαυτῷ
3545 3393 3727 3454 ἐναντίον

2219 3495 2301 3564 ἐφ’
2344 3492 2423 3559 οἷς
2466 3495 2780 3565 φθέγγεται,
2809 3496 2902 3550 καὶ
2957 3496 3322 3569 ἁλισκόμενον
3378 3497 3594 3566 ῥήμασιν
3632 3488 3725 3541 ἰδίω

2220 3585 2499 3658 στόματοςο
2544 3588 2710 3656 παγὶς
2737 3587 2844 3661 γὰρ
2871 3588 3018 3659 αὐτῷ
3050 3587 3258 3660 ἰσχυρὰ
3287 3586 3561 3657 ἐφέστηκε,
3587 3579 3731 3634 τὰῐδιι

2218 3679 2384 3751 χείλη.
2422 3682 2517 3734 Ὃν
2549 3680 2683 3753 μετά
2725 3682 2847 3744 τοὺς
2890 3680 3147 3751 ἐλέγχους
3177 3682 3279 3751 τῆς
3306 3676 3624 3750 ψευδολογίας
3645 3687 3731 3740 κιθν

2217 3776 2324 3837 νεῖς
2368 3774 2673 3846 ἀποτόμως,
2703 3774 2795 3827 καὶ
2822 3776 2889 3845 τῇ
2923 3773 3170 3845 μαχαίρᾳ
3206 3772 3304 3825 τοῦ
3342 3769 3505 3842 πυρὸς
3545 3762 3735 3835 παραδιὶι-

2221 3882 2349 3928 σεις’
2406 3866 2499 3919 καλ
2550 3865 2791 3935 ποιήσεις
2841 3864 3007 3935 αὐτῷ,
3037 3863 3099 3919 ὃν
3147 3864 3354 3934 τρόπον
3398 3855 3735 3928 ὲπονηρεύσιτο

2220 3959 2436 4030 ποιῆσαι
2472 3958 2549 4030 τῷ
2577 3940 2818 4029 πλησίονο
2848 3958 2970 4012 ὅσον
2998 3955 3108 4028 γὰρ
3152 3956 3419 4027 ἐλάλησεν
3439 3953 3481 3985 ⁸⁸
3507 3952 3582 4003 ἐπ’
3607 3943 3734 4014 αὺτῷν

2218 4050 2471 4120 ἐφόνευσε
2514 4049 2603 4101 τὸν
2646 4047 2891 4118 ἀδελφὸν,
2945 4035 3242 4119 προλαϐὼν
3297 4047 3368 4100 τὰ
3409 4040 3515 4099 ὦτα
3540 4040 3621 4093 τοῦ
3650 4053 3735 4106 κρι-

2216 4140 2327 4194 τοῦ·
2376 4139 2675 4211 γέγραπται
2716 4139 2792 4203 δὲ,
2822 4139 2902 4191 ὅτι
2936 4157 2955 4190 ι
2990 4141 3019 4193 ὁ
3046 4139 3263 4209 ἐκχέων
3312 4134 3450 4209 αἷμα
3478 4131 3734 4204 ἀνθρώπου,

568 4232 762 4302 iudicis
806 4229 1164 4301 oceupando:
1217 4229 1477 4298 scriptum
1532 4235 1709 4283 autem
1759 4237 1842 4286 est
1891 4248 1905 4285 :
1954 4248 1972 4282 ι
2014 4232 2117 4296 Qui

2220 4231 2337 4286 ἀντὶ
2379 4230 2471 4283 τοῦ
2516 4231 2740 4302 αἵματος
2782 4229 2943 4283 αὐτοῦ
2993 4231 3385 4301 ὲκχυθήσεται’
3559 4224 3638 4277 κα)⁵
3683 4218 3739 4279 ἐξ·

569 4325 812 4380 effuderit
887 4322 1204 4393 sanguinem
1271 4319 1527 4384 hominis,
1594 4337 1693 4391 pro
1760 4338 1825 4379 eo
1896 4324 2117 4395 sanguis

2220 4327 2369 4397 αρεῖς
2382 4324 2442 4377 τὸ
2460 4319 2595 4395 αἷμα
2615 4323 2673 4376 τὸ
2699 4324 2933 4376 ἀναίτιον
2950 4323 3054 4375 ἀπὸ
3075 4321 3196 4385 σοῦ,
3216 4324 3279 4376 τὸ
3302 4321 3527 4394 ἐκχυθὲν
3556 4317 3735 4389 μάτην-ν

568 4417 684 4487 ejus
731 4414 1030 4471 ell'undetur
1049 4411 1125 4480 “;
1154 4418 1207 4467 et
1233 4408 1441 4467 auferes
1481 4412 1798 4483 sanguinem
1821 4413 2096 4470 innoxium
2127 4429 2159 4468 a
2188 4423 2259 4482 te,
2293 4415 2383 4485 qui
2416 4413 2616 4470 effusus
2645 4422 2726 4468 est
2753 4416 2870 4469 sine
2893 4414 3140 4467 causa".
3188 4432 3206 4465 ι

634 4581 1016 4666 “'Hu-s‘vrgces
1048 4582 1506 4666 supplefimuns'ex
1535 4581 1785 4666 versione
1824 4580 2039 4666 L‘anti'na,
2070 4592 2381 4666 quanquam
2421 4578 2473 4666 i_n
2519 4586 2663 4659 textu
2693 4577 2881 4666 Graeco
2909 4578 3253 4666 subintelligj
3288 4585 3518 4666 possint.
3560 4578 3645 4666 βυ.
3669 4575 3743 4626 PA-

562 4670 723 4709 τιιοι..
799 4652 844 4685 ⁸⁸
877 4651 1027 4705 Deut.
1061 4646 1193 4717 mi,
1228 4652 1278 4705 7.
1354 4655 1399 4686 ⁸⁸
1424 4652 1548 4706 Lev.
1573 4668 1663 4716 xv,
1698 4652 1789 4705 51.
1864 4650 1908 4681 ⁶⁰
1938 4647 2111 4717 Exod.

2220 4663 2294 4717 ιιι,
2327 4648 2397 4713 5;
2430 4646 2601 4703 Levit.
2627 4664 2738 4716 xu,
2769 4649 2871 4713 15;
2905 4650 3059 4704 Deut.
3100 4667 3142 4713 ι,
3181 4646 3303 4707 Π.’
3354 4657 3395 4686 ⁶¹
3430 4650 3592 4704 Exod.
3623 4658 3742 4704 ιιιιιν

562 4728 618 4789 7,
644 4728 705 4789 8;
748 4722 904 4777 Deut.
942 4737 1108 4790 xxvu,
1138 4722 1207 4776 25
1233 4731 1287 4778 et
1316 4737 1428 4789 χιιι,
1461 4723 1550 4776 19.
1586 4722 1882 4776 Cedrenus.
1910 4717 2047 4773 Vide
2070 4716 2191 4773 Vet.
2223 4716 2447 4774 Testim.
2525 4719 2569 4751 ⁶¹
2593 4717 2699 4775 lsa.
2744 4735 2796 4787 v,
2821 4720 2911 4774 25.
2985 4719 3030 4751 ⁸³
3054 4720 3197 4778 lbid.
3234 4722 3330 4777 '20.
3409 4722 3453 4754 “
3476 4719 3647 4773 Matth.
3674 4730 3743 4790 in,

570 4799 632 4865 2;
666 4798 795 4853 Luc.
838 4814 913 4862 vi,
954 4797 1040 4851 57.
1116 4795 1160 4825 ⁸⁵
1183 4792 1742 4865 Laitdat__Cedrenus,
1788 4795 2008 4852 ibidem.
2078 4797 2123 4828 ⁸⁸
2155 4795 2453 4858 Cedrenus,
2501 4796 2718 4850 ibidem.

2825 4793 2866 4827 ⁸⁷
2903 4791 3060 4847 Deut.
3106 4806 3231 4853 ΧιΧ,
3308 4790 3401 4846 19.
3473 4792 3517 4824 ⁵⁸
3550 4790 3628 4844 Al.
3652 4783 3744 4836 1&1.

570 4860 851 4941 ὲλάχησεν.
881 4860 1038 4922 Deest
1063 4866 1115 4918 in
1141 4870 1370 4934 utroque
1391 4860 1551 4921 Vind.
1624 4865 1668 4896 ⁶⁹
1688 4864 1821 4919 Gen.
1854 4880 1929 4925 ιχ,
1961 4866 2014 4921 6.
2088 4867 2120 4897 '"

2220 4872 2327 4921 eut.
2357 4881 2469 4930 xu,
2500 4866 2584 4920 15.

1861 4980 2221 5039 VARIORUM
2253 4980 2484 5036 NOT/E.

640 5072 753 5144 (54)
783 5074 923 5145 ’ΌτιΔ
950 5073 1084 5145 χρή.
1114 5074 1232 5128 Alia
1259 5082 1342 5131 est
1386 5072 1672 5145 inscriptio
1712 5074 1907 5145 capitis
1941 5074 1994 5127 in
2037 5074 2117 5128 al-

572 5140 686 5198 tero
716 5140 837 5198 cod.
881 5140 1306 5209 Vindobonensi,
1356 5144 1449 5200 sed
1484 5140 1603 5213 quin
1650 5140 1796 5197 nihil
1828 5144 1894 5198 ad
1944 5160 2060 5198 rem
2098 5162 2111 5196 :

575 5214 692 5292 ’(λτι
717 5214 820 5285 χρὴ
846 5214 972 5292 τοὺς⁹
998 5215 1396 5292 ἁμαρτάνοντας
1426 5212 1725 5292 ίδιαζόντῳς
1753 5213 2136 5292 έλέγχεινζκαι

568 5286 693 5356 τοὺς
719 5283 1509 5356 ’μετανοοῦνταςπροσδέχεσθαι
1538 5283 1677 5336 κατὰ
1712 5283 1824 5356 τὴν
1859 5283 1961 5356 -τοῦ
2006 5284 2117 5336 Κυ-

572 5352 688 5424 ρίου
719 5352 974 5424 διάταξιν.
1008 5352 1254 5424 Forte'id
1274 5352 1579 5424 caputhinc
1604 5352 1931 5424 excidit.7|o.

643 5424 752 5493 (55)
790 5423 979 5492 Ὑμεῖς
1007 5427 1059 5478 οἱ
1089 5420 1360 5493 ποιμένεᾷ
1387 5422 1505 5476 σὺν
1532 5422 1653 5488 τοῖς
1680 5421 1993 5493 διακόνοις.
2025 5420 2121 5475 Ιιι⁴

573 5491 699 5547 dieii
735 5491 1091 5548 ecclesiastici
1119 5491 1243 5562 erga
1297 5500 1636 5563 peccatorum
1694 5507 1816 5563 reos
1860 5492 2113 5563 frequens

572 5563 773 5618 mentio
805 5564 855 5615 in
882 5565 1015 5618 libro
1037 5565 1159 5626 hoc,
1185 5560 1243 5615 ut
1263 5560 1316 5616 et
1329 5563 1469 5631 apud
1497 5560 1737 5615 Veteres.
1764 5561 1839 5616 ΕΟ
1879 5567 1932 5615 in
1960 5560 2111 5628 judi-

573 5633 656 5684 cio
710 5633 1080 5688 sacerdotibus
1119 5630 1379 5687 diaconos
1418 5632 1593 5700 jungit
1628 5631 1788 5685 etiam
1820 5630 1877 5684 Β.
1920 5631 2110 5685 Hiero-

575 5715 764 5760 nymus
798 5703 863 5757 ad
906 5703 1034 5758 illud
1068 5702 1331 5758 Michmze:
1365 5699 1554 5757 Audite
1599 5701 1691 5755 hoc
1725 5702 1979 5770 principes
2015 5699 2109 5755 do-

2225 5088 2339 5125 mus
2368 5071 2553 5137 Iacob,
2596 5080 2646 5128 et
2683 5072 2889 5141 judice:
2937 5072 3123 5127 domus
3156 5070 3363 5134 Israel,
3409 5054 3755 5141 caprini-.93

2238 5129 2588 5211 habitumque
2636 5129 2702 5196 in,
2731 5152 2997 5198 conventu
3029 5129 3372 5198 clericorurn
3404 5129 3585 5196 dicunt
3610 5129 3751 5184 Elibe‘

2225 5212 2387 5266 ritani
2417 5213 2655 5282 episcopi
2684 5228 2890 5268 canone
2912 5213 2977 5267 74
3034 5227 3162 5269 eor.

2296 5282 2405 5350 (56)
2434 5282 2780 5351 Προσέχετε,
2810 5292 2916 5337 etc.
2945 5282 3067 5336 llaec
3097 5297 3208 5336 vox
3242 5288 3300 5336 et
3330 5282 3517 5336 decem
3562 5282 3755 5341 sequen-

2227 5352 2537 5424 tesdesunt
2556 5353 2607 5404 in
2630 5350 2822 5424 altero,
2853 5352 3255 5424 eod.Vindob.
3287 5350 3460 5424 C_Lsn.
3586 5413 3596 5424 ι

2298 5401 2428 5493 (εῆ
2441 5401 2606 5485 iiii,
2630 5401 2757 5475 ἆῗιέξ
2769 5401 2822 5475 if
2834 5401 2983 5477 Αἶίιὲ
2995 5401 3569 5493 ιιὲιξῦῥὲεεῖὲῖευιιιρτ
3585 5413 3634 5469 in
3650 5401 3749 5493 eod.

2215 5478 2446 5548 Viridob.
2479 5478 2793 5563 προσέχετε,
2822 5500 2951 5558 etc.,
2986 5507 3103 5563 quae
3148 5492 3210 5545 in
3250 5478 3621 5561 superioribus
3644 5478 3752 5531 λδθ-

2214 5570 2355 5616 rant.
2386 5564 2455 5616 In.

2428 5631 2915 5710 Maprvprjqarrp.
2947 5631 3079 5687 Cod.
3107 5621 3634 5710 Vi_nd._quwplav.

2284 5700 2394 5773 (59)
2445 5702 2756 5768 Ἀντί-τοῦ
2809 5702 3071 5773 αἵματος,
3116 5700 3338 5759 αὐτοῦ
3370 5700 3741 5769 ἐκχυθήσεται·
