3936 6342
632 281 734 338 707

1460 279 1515 335 S.
1551 279 1940 338 CLEMENTIS
1972 285 1992 339 Ι
2025 283 2187 339 ROM.
2228 284 2431 339 PONT.
2469 283 2695 339 OPER.\
2727 283 2949 339 DUBIA.
3640 300 3708 357 ποθ

626 399 796 462 mitis,
824 408 1134 462 contumax,
1174 394 1453 450 fraudator
1489 411 1502 446 :
1541 396 1629 449 hic
1660 396 1823 465 igitur
1845 397 2058 466 agnitus
2084 414 2164 468 pu-

2275 399 2400 467 Wac
2425 398 2664 451 τιννύτω·
2714 394 2831 451 εἶτα
2862 396 3273 469 μεταμελόμενος
3299 403 3709 475 προσλαμϐανέσθώ

629 493 832 555 niatur,
857 497 909 545 et
939 496 1268 559 segregetur,
1311 495 1364 542 et
1396 502 1585 556 pmnas
1626 487 1849 542 fraterni
1874 489 1983 542 odii
2015 489 2126 541 luat
2154 506 2168 542 :

627 584 751 639 dein
788 598 910 636 cum
957 581 1292 652 propositum
1321 581 1643 643 mutaverit,
1672 588 1979 634 assumatur
2006 582 2060 635 in
2087 595 2176 635 so-

627 678 874 729 cietatem
898 686 914 727 :
938 681 1098 742 atque
1118 673 1194 725 ita
1222 672 1490 741 castigati,
1523 671 1813 725 tribunalia
1838 679 2019 726 vestra
2044 673 2175 727 alle-

623 766 825 819 vabunt
848 780 911 818 ac
955 764 1316 833 infrequentia
1358 762 1603 818 cllicient.
1648 762 1870 833 Oportet
1916 773 2091 820 autem
2120 773 2174 821 et

624 864 812 910 mutuo
838 856 1064 925 injurias
1089 854 1422 919 condonare;
1453 870 1562 909 non
1590 854 2058 926 quidemjudices,
2078 858 2171 912 sed

622 965 716 1003 eos
738 949 831 1019 qui
868 949 1172 1003 simultates
1218 947 1452 1012 habent;
1490 946 1942 1018 quemadmodum
1981 948 2168 1003 Domi-

623 1056 728 1094 nus
779 1040 1176 1110 pronuntiavit,
1223 1054 1343 1093 cum
1384 1054 1481 1110 ego
1531 1038 1724 1094 Petrus
1784 1039 2173 1110 interrogarem

622 1148 743 1186 eum
775 1151 787 1187 :
826 1151 843 1183 ι
880 1132 1103 1197 Quoties
1143 1132 1388 1201 peccabit
1418 1135 1471 1185 in
1504 1148 1587 1187 me
1622 1131 1787 1187 frater
1812 1148 1984 1197 meus,
2008 1140 2061 1188 et
2091 1134 2173 1186 di-

623 1224 831 1275 mittam
861 1222 952 1276 ci?
993 1238 1164 1291 usque
1205 1222 1441 1291 septies?
1468 1241 1485 1273 ι
1532 1232 1585 1276 et.
1624 1223 1899 1291 respondit
1931 1238 1944 1273 :
2000 1242 2018 1274 ι
2055 1222 2173 1279 Non

621 1313 745 1367 dico
769 1313 884 1376 tibi,
918 1329 1089 1382 usque
1119 1314 1337 1382 septies,
1369 1314 1463 1368 sed
1492 1330 1662 1384 usque
1690 1316 2058 1386 septuagesies
2087 1333 2173 1372 se-

620 1405 758 1474 pties
773 1404 839 1461 8°.
854 1424 871 1456 ι
903 1403 991 1459 Sic
1008 1404 1150 1459 enim
1169 1405 1274 1459 vult
1293 1404 1549 1461 Dominus
1578 1422 1700 1461 vere
1725 1424 1843 1462 esse
1864 1423 1990 1462 suos
2009 1408 2175 1463 disci-

620 1499 795 1569 pulos,
824 1498 1061 1567 nibilque
1084 1498 1203 1553 illos
1228 1506 1415 1551 contra
1443 1497 1670 1568 aliquem
1700 1498 1895 1553 habere
1909 1515 2169 1569 unquam,

618 1590 849 1661 exempli
900 1589 1071 1661 gratia
1096 1631 1111 1656 ,
1152 1589 1289 1643 iram
1333 1590 1760 1654 immoderatam,
1794 1598 1886 1643 aut
1934 1589 2173 1645 furorem

618 1680 927 1748 immanem,
948 1690 1039 1735 aut
1062 1681 1407 1751 cupiditatem
1431 1680 1689 1751 iniquam,
1714 1688 1806 1734 aut
1825 1681 2008 1735 odium
2036 1682 2171 1737 irre-

2273 491 2367 542 καὶ
2404 489 2544 542 οὕτω
2593 489 3058 560 σωφρονιζόμενοι,
3102 491 3496 561 ὲπικουφίσουσιν
3533 500 3630 570 ὑμῖν
3666 508 3713 560 τὰ

2273 582 2550 652 κριτήρια.
2582 580 2701 651 Χρὴ
2732 580 2788 633 δὲ
2817 582 2909 634 καὶ
2939 586 3230 654 συγχωρεῖν
3255 583 3317 636 τὰ
3335 588 3403 647 εἰς
3424 588 3631 658 ἀλλήλους
3645 596 3716 648 aa.

2273 673 2512 742 κήματα⁸
2560 672 2620 723 οὐ
2668 673 2794 735 τοὺς
2841 671 3139 743 κρίνοντας,
3180 673 3304 726 ἀλλὰ
3327 676 3438 739 τοὺς
3472 678 3645 749 ἔχοντας
3665 688 3718 748 είς

2273 763 2513 827 ἑαυτούς·
2563 762 2744 828 καθὼς
2785 764 2813 816 ὁ
2855 764 3057 837 Κύριος
3083 766 3395 838 ἀπεφήνατο,
3420 770 3532 839 ἐμοῦ
3568 774 3716 846 Πέτρω

2272 856 2643 928 ἐρωτήσαντος
2685 856 2861 910 αὐτόν·
2916 858 3179 922 (Ποσάκις
3222 861 3493 931 ἁμαρτήσει
3529 866 3591 927 είς
3612 868 3720 936 ὲμὲί

2271 946 2493 1016 ἀδελφός
2523 964 2643 1019 μου,
2675 949 2767 1003 καὶ
2793 949 2985 1021 ἀφήσω
3015 950 3301 1023 αὐτῷ;ἓως
3328 954 3564 1020 ἑπτάκις»
3584 958 3654 1010 καὶ
3673 961 3724 1011 ει-

2272 1038 2480 1102 πόντος·
2536 1058 2555 1091 ι
2592 1040 2665 1093 Οὐ
2696 1040 2835 1110 λέγω
2865 1059 2965 1105 σοι,
2993 1042 3096 1107 ἕως
3127 1043 3359 1107 ἑπτάκις,
3384 1044 3481 1097 ἀλλ’
3506 1047 3589 1109 ἕως
3622 1049 3724 1101 ἑϐδο-

2276 1129 2607 1199 μηκοντάκις
2655 1132 2812 1186 ἑπτά.
2844 1151 2862 1184 ›
2897 1130 3081 1196 Οὕτως
3106 1133 3212 1205 γάρ
3239 1133 3369 1187 θέλει
3394 1136 3420 1187 ὁ
3447 1138 3610 1209 Κύριος
3634 1141 3726 1213 άληο

2273 1219 2380 1284 θῶς
2410 1216 2547 1275 εἶναι
2580 1222 2744 1276 αὑτοῦ
2777 1222 3043 1295 μαθητὰς,
3075 1227 3168 1279 καὶ
3199 1227 3353 1299 μηδὲν
3378 1227 3502 1298 ἔχειν
3524 1232 3632 1283 κατὰ
3656 1249 3727 1302 μη-

2270 1313 2415 1377 δενὸς
2444 1314 2660 1369 πώποτε
2686 1356 2701 1381 ,
2746 1311 2855 1370 οἷον
2888 1317 3055 1389 ὀργὴν
3083 1320 3330 1391 ἄμετρον,
3358 1321 3388 1391 ἢ
3415 1321 3555 1393 θυμὸν
3589 1324 3727 1394 ἀνήμεο

2273 1422 2384 1475 ρον,
2415 1405 2447 1476 ἢ
2478 1407 2770 1479 ἐπιθυμίαν
2798 1408 2999 1473 ἄδικον,
3029 1410 3061 1481 ἢ
3095 1414 3246 1481 μῖσος
3271 1412 3523 1466 ἄσπονδον.
3548 1412 3727 1477 Τοὺςοῦν

2270 1496 2651 1568 ὀργιζομένους
2703 1500 3062 1571 συμόιὸἀξετε
3107 1504 3186 1566 είς
3228 1502 3415 1571 φιλίαν,
3441 1506 3547 1567 τοὺς
3575 1505 3729 1575 ἐχθραί-

2270 1604 2459 1653 νοντας
2485 1591 2563 1653 εἰς
2587 1590 2853 1661 ὁμόνοιανο
2898 1594 2979 1646 ὃτι
3010 1593 3153 1661 λέγει
3182 1594 3375 1666 Κύριος
3394 1612 3406 1625 ·
3441 1597 3677 1667 «Μακάριοι
3696 1599 3729 1648 oi

2271 1682 2615 1753 εἰρηνοποιοί,
2649 1684 2728 1737 ὃτι
2755 1685 2907 1738 αὐτοὶ
2934 1686 3038 1739 υίοὶ
3067 1686 3201 1739 Θεοῦ
3229 1687 3566 1759 κληθήσονται.
3592 1707 3605 1739 ι

618 1774 970 1829 conciliabile.
1005 1774 1111 1829 Eos
1142 1773 1321 1842 itaque
1349 1774 1439 1843 qui
1470 1774 1860 1842 irajactantur,
1885 1773 1950 1827 ad
2012 1771 2334 1839 amicitiam;
2359 1775 2451 1844 qui
2501 1775 2626 1830 odio
2649 1786 2991 1845 asperantur,
3045 1779 3113 1834 ad
3167 1780 3493 1835 concordiam
3516 1780 3726 1842 adducite;

617 1868 741 1939 quia
772 1866 1031 1922 Dominus
1053 1866 1129 1921 ait
1156 1882 1169 1918 :
1204 1885 1222 1919 ι
1249 1866 1396 1923 Beati
1422 1866 1654 1937 pacifici,
1685 1864 1941 1936 quoniam
1975 1864 2078 1935 ipsi
2106 1863 2198 1917 lilii
2220 1862 2315 1919 Dei
2340 1866 2679 1921 vocabuntur
2708 1867 2775 1922 “.
2815 1887 2834 1920 ι

1157 1982 1384 2037 CAPUT
1424 1981 1627 2037 XLVII.

619 2073 768 2141 Quod
800 2083 1033 2143 oporteat
1080 2076 1134 2129 in
1167 2075 1393 2130 secunda
1423 2074 1774 2130 Sabbatorum
1802 2074 1973 2144 forum
2000 2090 2166 2144 agere.

684 2165 843 2220 Fiant
866 2166 1072 2236 judicia
1095 2175 1273 2222 vestra
1317 2166 1552 2222 secunda
1592 2176 1713 2237 post
1736 2164 2029 2220 Sabbatum
2053 2165 2167 2233 die;

613 2266 674 2312 ut
705 2258 750 2313 si
785 2264 979 2313 vestra:
1008 2259 1287 2314 sententiae
1316 2259 1743 2323 contradicatur,
1776 2264 2032 2313 vacantes
2073 2273 2169 2312 us-

613 2366 720 2421 que
749 2350 818 2405 ad
852 2350 1170 2417 Sabbatum,
1201 2351 1423 2420 possitis
1453 2350 1940 2405 contradictionem
1968 2364 2171 2419 expen-

614 2445 763 2509 dere,
796 2452 849 2499 et
877 2446 1019 2500 inter
1049 2460 1108 2500 se
1132 2444 1536 2507 dissentientes,
1571 2444 1627 2498 in
1657 2443 1799 2498 diem
1829 2441 2167 2497 Dominicum

612 2539 924 2609 pacificare.
967 2537 1243 2594 Assistant
1290 2544 1471 2591 autem
1526 2535 1787 2589 tribunali
1843 2534 2060 2589 diaconi
2114 2544 2168 2590 et

612 2630 946 2702 presbyteri,
992 2644 1118 2685 cum
1150 2628 1363 2698 justitia
1396 2642 1460 2681 ac
1489 2627 1629 2682 citra
1664 2640 2022 2697 personarum
2070 2639 2163 2680 ac~

611 2724 913 2793 ceptionem
940 2721 1273 2792 iudicantes,
1307 2728 1565 2791 tanquam
1592 2720 1838 2776 homines
1868 2719 1985 2777 Dei.
2028 2720 2164 2775 Cum

613 2815 782 2884 igitur
812 2822 1041 2884 utraque
1063 2828 1316 2884 persona,
1349 2813 1491 2869 sicut
1532 2819 1586 2867 et
1625 2812 1757 2866 dicit
1797 2812 1967 2877 lex",
2005 2811 2165 2868 adve-

611 2905 773 2969 nerit,
820 2906 1041 2960 stabunt
1082 2912 1261 2975 partes
1315 2905 1553 2959 adversae
1596 2904 1653 2957 in
1686 2904 1863 2959 medio
1892 2903 2010 2959 foro
2052 2924 2064 2958 :
2112 2914 2167 2960 et

612 2997 814 3052 auditis
845 2998 949 3061 iis,
982 3004 1171 3053 sancte
1216 2996 1350 3052 ferte
1393 2996 1674 3067 suffragia,
1719 3004 1980 3051 conantes
2026 2996 2167 3051 inter

611 3088 801 3144 ambos
834 3088 1128 3144 conciliare
1166 3088 1479 3153 amicitiam,
1527 3095 1650 3146 ante
1691 3087 1933 3162 episcopi
1976 3089 2165 3146 decre-

612 3189 750 3247 tum,
797 3197 867 3237 ne
903 3181 960 3235 in
1004 3181 1277 3252 publicum
1328 3181 1553 3252 prodeat
1591 3183 1860 3241 sententia
1908 3185 2168 3241 adversus

611 3290 733 3329 eum
764 3274 857 3345 qui
891 3274 1147 3345 deliquit;
1197 3275 1325 3345 quia
1356 3276 1645 3346 episcopus
1687 3276 1744 3331 in
1772 3278 2028 3333 tribunali
2064 3295 2165 3349 ap-

2766 1984 3159 2041 ΚΕΦΑΛΑΙΟΝ
3196 1987 3323 2040 MZ'.

2276 2072 2399 2128 Ὅτι
2409 2074 2522 2144 χρὴ
2543 2074 2864 2145 ἐνδευτέρᾳ
2889 2076 3201 2132 Σαϐϐάτων
3221 2077 3490 2131 ποιεῖσθαι
3508 2075 3729 2141 τὰςδίκας.

2339 2166 2420 2220 Τά
2462 2167 2784 2239 δικαστήρια
2845 2167 2997 2238 ήμῶν
3054 2168 3285 2237 γινέσθω
3335 2169 3540 2240 δευτέρᾳ
3584 2168 3730 2220 £41665-

2267 2273 2373 2311 των
2418 2257 2563 2331 (84),
2615 2260 2760 2322 ὅπως
2803 2258 2896 2312 ἐὰν
2940 2259 3219 2329 ἀντιλογία
3258 2264 3325 2332 τῇ
3362 2260 3596 2329 ἀποφάσει
3630 2259 3730 2329 ὑμῶν

2267 2350 2490 2421 γένηται
2510 2390 2523 2414 ,
2554 2349 2659 2414 ἕως
2684 2349 2960 2404 Σαϐϐάτου
2989 2351 3203 2423 ἔχοντες
3229 2354 3419 2416 ἄδειαν,
3446 2352 3656 2423 δυνηθῆτε
3677 2352 3732 2403 εὖ·

2268 2440 2421 2495 θῦναι
2449 2442 2547 2514 τὴν
2575 2442 2899 2511 ἀντιλογίαν,
2931 2445 3025 2498 καὶ
3052 2445 3357 2518 είρηνεῦσαι
3387 2446 3460 2509 είς
3483 2444 3567 2516 τὴν
3591 2445 3733 2513 Κυρια-

2266 2533 2367 2605 κὴν
2408 2536 2531 2597 τοὺς
2573 2534 2990 2606 διαφερομένους
3035 2537 3176 2608 πρὸς
3218 2537 3479 2609 ἀλλήλους.
3520 2535 3733 2607 Συμπαρὲ-

2266 2642 2475 2679 στωσαν
2500 2625 2556 2679 δὲ
2582 2627 2658 2698 τῷ
2684 2627 3013 2700 δικαστηρίῳ
3032 2630 3127 2683 καὶ
3145 2631 3194 2683 οί
3223 2630 3444 2684 διάκονοι
3463 2629 3542 2682 καὶ
3564 2628 3732 2697 etaper-

2264 2715 2477 2789 ϐύτεροι
2522 2716 2653 2789 (85),
2684 2719 3198 2793 ἀπροσωπολήπτως
3242 2723 3516 2794 κρίνοντες,
3554 2719 3614 2780 ὼς
3644 2716 3733 2769 Θεοῦ

2262 2808 2556 2880 ἄνθρωποι,
2618 2809 2753 2881 μετά
2804 2811 3166 2885 δικαιοσύνης.
3225 2811 3637 2885 Παραγενομένων
3674 2803 3735 2859 οὖν

2263 2898 2533 2973 ἑκατέρων
2560 2902 2667 2954 τῶν
2698 2900 3022 2974 προσώπων,
3064 2904 3251 2969 καθὼς
3288 2908 3378 2960 καὶ
3403 2908 3430 2959 ὁ
3453 2904 3591 2975 νόμος
3620 2900 3734 2966 λέγε.

2266 2994 2549 3065 στήσονται
2581 2994 2828 3066 ἑκάτεροι
2856 2995 2912 3049 ὲν
2949 2995 3097 3067 μέσῳ
3125 2997 3205 3068 τῷ
3247 2996 3517 3069 κριτηρίῳ,
3551 2988 3615 3056 οἷς
3636 2993 3735 3043 ἐστιν

2266 3086 2298 3157 ἡ
2320 3085 2613 3157 ἀντιλογία·
2650 3088 2743 3144 καὶ
2764 3087 3087 3156 ἀκούσαντες
3105 3090 3305 3157 αὐτῶν,
3326 3090 3477 3157 ὁσίως
3491 3085 3737 3157 ἀνενέγκατε

2264 3179 2364 3244 τάς
2388 3180 2617 3253 ψήφους,
2650 3181 3033 3247 σπουδάζοντες
3058 3184 3257 3248 αὐτοὺς
3283 3184 3459 3253 φίλους
3483 3180 3737 3253 ἀμφοτέρους

2268 3273 2508 3344 ποιῆσαι,
2539 3274 2666 3345 πρὶν
2694 3274 3017 3344 ἀποφάσεως
3055 3277 3155 3349 τῆς
3193 3276 3287 3330 τοῦ
3332 3276 3614 3335 ἐπισκόπου,
3638 3273 3739 3330 ὅπως

610 3366 954 3437 probatorem
983 3374 1036 3424 et
1059 3369 1337 3423 conscium
1356 3368 1543 3439 judicii
1567 3369 1725 3423 habet
1744 3368 2018 3425 Christum
2046 3348 2159 3427 Dei.

2267 3363 2341 3435 μὴ
2368 3363 2569 3429 ὲξέλθοῑι
2599 3366 2692 3419 ἐπὶ
2718 3366 2820 3437 γῆς
2858 3366 3036 3438 κρίσις
3075 3348 3220 3421 κατὰ
3258 3367 3349 3421 τοῦ
3394 3365 3737 3438 ἁμαρτήσαντος

613 3456 670 3512 Si
701 3458 795 3528 qui
828 3474 956 3515 vero
1007 3459 1075 3515 de
1130 3458 1355 3515 infamia
1394 3476 1505 3515 non
1552 3468 1699 3516 recte
1745 3461 2054 3517 ambulandi
2107 3462 2163 3517 in

610 3547 842 3605 Domino
873 3565 902 3604 a
932 3550 1187 3621 quopiam
1218 3562 1546 3623 arguantur;
1577 3552 1825 3608 eumdem
1862 3553 1917 3608 in
1945 3553 2164 3608 modum

612 3652 898 3714 aramque
918 3659 1227 3714 personam,
1252 3653 1306 3700 et
1328 3645 1665 3700 accusatoris
1694 3653 1747 3700 et
1774 3645 2036 3711 accusati,
2067 3661 2163 3699 au-

610 3735 751 3801 dite;
808 3742 863 3790 et
918 3751 1028 3791 non
1071 3751 1138 3791 ex
1179 3746 1507 3807 praesumpta
1551 3736 1828 3806 opinione,
1874 3752 2049 3807 neque
2097 3753 2164 3793 ex

612 3827 795 3883 studio
838 3828 1001 3884 unius
1052 3829 1241 3899 partis,
1290 3830 1385 3885 sed
1426 3844 1492 3884 ex
1529 3830 1763 3900 justitia,
1808 3837 2065 3900 tanquam
2097 3830 2164 3887 de

609 3924 812 3974 aeterna
844 3919 950 3975 vita
980 3928 1074 3975 aut
1104 3927 1297 3986 morte,
1327 3921 1492 3976 dicite
1525 3922 1867 3978 sententiam.
1913 3941 1931 3975 ι
1960 3922 2111 3978 Iuste
2137 3940 2157 3975 ›

610 4012 755 4066 enim
781 4051 797 4078 ,
857 4012 1037 4083 inquit
1082 4012 1225 4068 Deus
1254 4052 1270 4079 ,
1328 4034 1345 4066 ι
1376 4015 1719 4086 persequeris
1762 4014 1908 4086 quod
1953 4015 2162 4086 justum

610 4113 693 4161 est
726 4106 823 4160 ⁸³.»
860 4105 991 4160 Nam
1023 4106 1116 4177 qui
1138 4106 1283 4177 juste
1330 4120 1361 4160 a
1401 4107 1556 4163 vobis
1584 4108 1807 4178 punitus
1834 4114 1920 4164 est
1956 4124 2021 4163 ac
2067 4124 2164 4163 ex-

611 4200 1062 4265 communicatus,
1095 4214 1126 4254 a
1152 4200 1477 4271 sempiterna
1496 4201 1607 4256 vita
1634 4207 1687 4255 et
1709 4200 1877 4271 gloria
1904 4202 2161 4272 rejiculus

609 4293 801 4358 evasit,
844 4301 955 4347 tum
1002 4295 1142 4365 apud
1197 4302 1416 4350 sanctos
1451 4293 1698 4350 homines
1742 4294 2156 4366 ignominiosus,

612 4393 724 4441 tum
753 4387 1022 4443 obnoxius
1052 4389 1193 4459 apud
1217 4388 1404 4445 Deum.

1128 4566 1355 4624 CAPUT
1394 4568 1622 4628 XLVIII.

610 4659 760 4737 Quod
791 4678 891 4715 non
924 4663 1427 4737 oporteatgeamdem
1463 4680 1665 4734 poenam
1701 4666 1755 4737 in
1784 4666 1925 4737 omni
1964 4665 2151 4721 delicto

2261 4663 2492 4737 “Oropi;
2538 4661 2651 4737 χρὴ
2694 4660 2916 4737 more)?
2960 4657 3067 4737 (86)

675 4732 932 4803 irrogare,
962 4732 1051 4788 sed
1072 4734 1293 4801 variam,
1316 4750 1408 4804 pro
1439 4732 1689 4791 uarietate
1718 4735 2080 4807 delinquentis.

673 4889 849 4947 Nolite
869 4892 937 4947 de
950 4893 1097 4947 omni
1128 4900 1349 4963 peccato
1374 4894 1618 4950 eamdem
1653 4895 1897 4967 proferre
1928 4905 2152 4953 senten-

2265 3456 2450 3510 καθότι
2478 3458 2571 3513 καὶ
2600 3459 2657 3510 ὲν
2682 3456 2760 3529 τῷ
2784 3458 3112 3531 δικαστηρίῳ
3135 3458 3417 3532 σύμψηφον
3444 3459 3544 3530 ἔχει
3566 3457 3640 3510 καὶ
3662 3471 3741 3506 συν·

2266 3548 2452 3621 ίστορα
2475 3551 2574 3622 τῆς
2597 3550 2753 3623 δίκης
2779 3549 2868 3604 τὸν
2898 3551 3128 3623 Χριστὸν
3157 3552 3252 3606 τοῦ
3280 3552 3428 3606 Θεοῦ.
3476 3552 3531 3604 Et
3564 3548 3609 3601 δέ
3642 3560 3740 3605 τινες

2262 3642 2320 3695 ὲν
2350 3641 2711 3714 βλασφημίαις
2735 3642 2828 3696 τοῦ
2849 3643 2922 3715 μὴ
2951 3644 3129 3708 καλῶς
3155 3644 3357 3699 ὁδεύειν
3383 3647 3437 3698 ὲν
3464 3641 3624 3713 Κυρίῳ
3638 3638 3741 3703 ἑλέγ·

2264 3753 2439 3806 χοιντο
2463 3735 2566 3788 ὑπό
2592 3752 2755 3801 τινος,
2795 3736 2994 3808 ὁμοίως
3032 3736 3363 3801 ἀκούσαντες
3404 3734 3639 3805 ἑκατέρων
3669 3728 3741 3781 τῶν

2264 3827 2587 3900 προσώπων,
2610 3828 2702 3882 τοῦ
2722 3846 2782 3882 τε
2800 3829 3252 3901 κατηγοροῦντος,
3268 3829 3461 3883 καὶτοῦ
3480 3839 3743 3897 κατηγορω·

2265 3918 2448 3990 μένου,
2496 3918 2630 3974 ἀλλά
2676 3921 2749 3992 μὴ
2794 3920 3076 3991 προλήψει,
3132 3921 3269 3993 μηδὲ
3313 3917 3614 3992 μονομερῶς,
3652 3911 3744 3965 ἀλλὰ

2264 4010 2399 4081 μετά
2427 4010 2784 4083 δικαιοσύνης,
2814 4012 2888 4075 ὡς
2914 4013 3053 4085 ὑπὲρ
3080 4012 3227 4084 ζωῆς
3266 4012 3475 4067 αίωνίου
3505 4010 3534 4080 ἢ
3575 4005 3743 4061 θανάτου

2260 4100 2486 4166 διδόντες
2530 4102 2819 4172 ἀπόφασιν.
2873 4121 2891 4155 ι
2920 4104 3153 4168 Δικαίως
3177 4124 3196 4157 ι
3221 4104 3349 4176 γὰρ,
3394 4102 3544 4174 φησὶν
3581 4102 3605 4153 ὁ
3636 4096 3743 4158 Θεὸς.

2266 4213 2286 4247 r
2321 4194 2496 4260 διώξει
2523 4194 2583 4249 τὸ
2610 4195 2864 4251 δίκαιον.»
2910 4198 2965 4251 Ὀ
2992 4196 3099 4270 γάρ
3126 4198 3351 4262 δικαίως
3376 4192 3667 4268 τιμωρηθεὶς
3686 4189 3745 4242 καὶ

2258 4288 2569 4361 ἀφορισθεὶς
2597 4290 2726 4362 παρ’
2756 4289 2928 4361 ὑμῶν,
2959 4290 3173 4344 αἰωνίου
3204 4290 3349 4362 ζωῆς
3390 4291 3477 4344 καὶ
3500 4288 3632 4359 δόξης
3651 4281 3744 4337 άπὸ-

2260 4381 2453 4453 6λητος
2496 4381 2705 4451 γέγονε,
2748 4382 2839 4435 κα)⁵
2880 4383 3009 4454 παρ’
3050 4382 3358 4455 ἀνθρώποις
3404 4382 3557 4444 ὁσίοις
3590 4379 3745 4446 dum.

2263 4478 2354 4531 καὶ
2380 4475 2527 4548 παρά
2556 4475 2672 4547 Θεῷ
2699 4474 3000 4538 κατάδικος.

2347 4554 2353 4561 ’
2740 4564 3129 4620 ΚΕΦΑΛΑΙΟΝ
3164 4565 3307 4621 MH'.

3111 4658 3359 4727 ἐπάγειν
3400 4656 3646 4727 τιμωρία
3679 4649 3744 4727 ἐπί

2332 4682 2385 4719 τι
2408 4676 2492 4734 μὴ
2538 4676 2651 4731 χρη
2694 4676 2916 4726 ταυτην
2960 4676 3067 4729 (δυ)
3111 4676 3359 4783 επαέειν
3400 4676 3646 4727 τιμωρίαν
3679 4676 3744 4731 ης

2330 4734 2530 4801 πάσης
2571 4729 2992 4801 naumachiae,
3032 4730 3194 4783 ἀλλὰ
3264 4728 3518 4799 ιάφορον,
3554 4724 3673 4792 πρὸς
3704 4733 3745 4770 ro

2329 4797 2609 4873 διάφορον
2637 4797 2740 4854 τοῦ
2769 4797 3223 4869 ἁμαρτάνοντος.

2330 4897 2423 4967 Μὴ
2451 4895 2627 4966 πάσης
2653 4892 2709 4946 δὲ
2739 4891 3005 4964 ἁμαρτίας
3031 4891 3130 4964 τὴν
3160 4893 3332 4967 αὐτὴν
3352 4890 3572 4947 ποιεῖσθε
3590 4883 3751 4951 ἀπόφα-

674 5004 723 5037 ⁸⁶
754 5004 944 5063 Matth.
966 5021 1124 5076 xvm,
1151 5006 1240 5071 21.
1314 5007 1356 5040 ’ί
1375 5006 1561 5064 Matth.
1596 5024 1652 5074 v,
1681 5007 1734 5064 9.
1812 5009 1860 5041 "
1882 5009 2038 5066 Deut.
2067 5026 2182 5075 nx,
2215 5010 2301 5067 l7.
2378 5010 2423 5043 ⁸³
2445 5009 2601 5065 Deut.
2630 5021 2743 5073 xvi,
2770 5005 2860 5061 20.

1874 5127 2234 5185 VARIORUM
2264 5127 2490 5184 ΝΟΤᾹΞ.

671 5242 782 5315 (84)
820 5241 1070 5315 Δευτέρᾳ
1094 5241 1449 5315 Σαϐὄᾴτωνη
1472 5240 1587 5315 Hoc
1612 5250 1731 5315 est,
1782 5243 2022 5315 secundo
2063 5244 2151 5311 die

591 5311 976 5375 hebdomadis,
1006 5328 1127 5366 nam
1156 5312 1407 5383 Σάᾷὸατα
1438 5313 1525 5367 hic
1552 5312 1917 5383 hebdomadam
1945 5314 2153 5383 signifi-

589 5390 708 5444 cat.
741 5399 847 5437 non
880 5383 1189 5437 Sabbatum.
1242 5382 1331 5436 Sic
1353 5384 1469 5438 dies
1500 5383 1662 5447 solis,
1705 5384 1819 5438 sive
1840 5382 2148 5438 Dominicus

602 5454 803 5507 dicitur
851 5452 946 5523 μία
993 5453 1283 5506 Σαϐϐάτων
1314 5452 1499 5507 Matth.
1550 5468 1739 5515 xxvul,
1782 5453 1839 5523 1,
1878 5452 1945 5523 ad
1988 5468 2147 5521 quem

599 5523 778 5646 {paulu
806 5521 928 5578 vide
968 5523 1309 5593 interpretes,
1342 5530 1397 5577 et
1435 5524 1735 5593 praesertim
1780 5522 1846 5578 ll.
1878 5521 2144 5578 Grotium.

647 5608 766 5645 LER.

647 5608 766 5645 LER.

668 5661 780 5728 (85)
819 5661 1338 5731 Συμπαρέστωσαν
1354 5662 1440 5726 δέ,
1460 5680 1513 5716 κ.
1531 5679 1580 5716 τ.
1598 5661 1648 5716 λ.
1670 5662 1939 5720 interdum
1952 5662 1973 5732 j
1982 5676 2044 5716 us
2057 5661 2141 5717 di-

603 5737 798 5787 cenant
819 5733 1056 5804 episc0pi
1082 5733 1202 5801 soli;
1218 5734 1485 5790 interdum
1498 5733 1771 5792 advocatis
1792 5734 1845 5790 in
1859 5732 2142 5791 consilium

2254 5241 2468 5296 clericis
2495 5240 2629 5296 suis.
2668 5238 2971 5309 Aliquando
3002 5239 3305 5294 liberabant
3345 5254 3402 5294 se
3426 5250 3485 5291 ea
3502 5230 3741 5309 molestia;

2255 5310 2711 5397 inferioribusque
2745 5305 3026 5393 ordinibus
3066 5311 3237 5364 litium
3270 5305 3744 5397 diremptionem:

2254 5381 2586 5451 linquebant.
2604 5369 2786 5451 Coacti
2812 5382 2968 5434 etiam
2996 5369 3597 5451 nonnunquamfuenmt
3614 5369 3741 5451 lailt‘tf

2253 5435 2364 5505 hac.
2384 5451 2435 5503 in
2460 5467 2515 5505 re
2532 5450 2742 5505 clericis
2764 5466 3090 5520 praeponere.
3112 5435 3283 5519 Cujiis
3306 5444 3472 5520 ultimi
3494 5435 3740 5520 exemplain

2251 5500 3092 5590 ὖᾶιῖέέεᾶῥιὶἷέόξτεῖιέῖιῖξἨὶεὶζ
3123 5500 3280 5582 ..ξιξ
3312 5500 3404 5572 lib.
3432 5531 3520 5577 vn,
3549 5500 3649 5575 cap;
3671 5500 3738 5562 ὅτ.

2250 5591 2304 5646 in
2338 5589 2558 5660 Silvano
2587 5589 2764 5660 Trojae
2790 5591 3063 5660 episcopo.
3094 5590 3228 5660 Cor.
3293 5657 3305 5660 Α
3351 5658 3360 5660 μ
3650 5645 3659 5655 .

2318 5659 2429 5731 (86)
2473 5652 2716 5731 Ταύζηνῖ
2748 5652 2888 5731 Lege
2923 5652 2990 5717 ei
3018 5659 3136 5715 cod.
3168 5657 3468 5714 Vindobon.
3503 5661 3551 5707 et
3576 5665 3624 5704 re
3650 5652 3735 5713 ipsa-9

2248 5730 2343 5803 τὴν
2371 5731 2555 5801 αὑτήν.
2586 5730 2749 5785 CLER.
