3936 6342
197 336 296 393 709

1087 333 1689 393 CONSTITUTIONES
1723 334 2393 394 APOSTOLICAE.—~LIB.
2425 334 2485 390 ll.

3285 338 3385 395 710

190 468 288 515 σιν,
332 446 443 500 ἀλλ’
492 448 725 520 ἑκάστης
772 447 924 503 ίδίαν·
996 448 1133 519 μετά
1194 450 1389 521 πολλῆς
1433 454 1731 523 φρονήσεως

1843 456 2008 519 tiam,
2061 453 2155 507 sed
2200 452 2267 506 de
2316 467 2642 521 unoquoque
2690 451 2963 522 propriam
3044 467 3167 507 cum
3214 458 3383 511 multa

186 542 451 613 κρίνοντες
470 541 673 593 ἕκαστα
690 540 795 593 τῶν
816 540 1314 611 πλημμελημάτων,
1343 541 1412 595 τά
1429 560 1488 595 τε
1510 542 1734 615 σμικρὰ,

186 634 271 685 καὶ
316 631 386 683 τὰ
436 632 667 702 μεγάλα,
714 633 805 685 καὶ
846 632 1017 695 άλλως
1064 634 1172 703 (87)
1217 633 1397 704 έργου,
1446 636 1540 687 κα¹ι
1581 635 1735 703 λόγου

184 722 336 775 πάλιν
380 724 601 794 ἑτέρως,
650 726 743 777 καὶ
783 724 1087 795 προθέσεως
1132 724 1263 794 (88),
1309 725 1342 795 ἢ
1388 724 1734 797 λοιδορίας,ἢ

182 816 491 887 ὑπολήψεως
517 816 804 887 διαφόρως,
836 817 929 869 καὶ
956 817 1080 880 τοὺς
1112 817 1208 887 μὲν
1239 817 1523 881 ὑποϐαλεῖς
1554 819 1738 889 μόναις

178 908 453 971 ἀπειλαῖς,
510 910 636 970 τοὺς
692 908 749 960 δὲ
808 908 1051 979 πενήτων
1097 908 1401 980 χορηγίαις,
1446 910 1635 973 ἄλλους
1680 910 1736 963 δὲ

178 1000 446 1070 νηστείαις
478 997 777 1062 στιϐώσεις,
808 1000 901 1053 καὶ
930 1001 1145 1071 ἑτέρους
1172 1002 1467 1072 ἀφορίσεις,
1515 1003 1648 1073 πρὸς
1676 1003 1737 1055 τὸ

179 1090 401 1161 μέγεθος
426 1090 520 1143 τοῦ
549 1090 881 1162 ἐγκλήματος
912 1092 1106 1145 αὐτῶν.
1131 1094 1239 1145 Καὶ
1268 1092 1375 1163 γὰρ
1404 1094 1496 1145 καὶ
1522 1095 1551 1146 ό
1577 1093 1736 1163 νόμος

175 1186 229 1237 οὐ
273 1184 476 1246 παντὸς
521 1185 911 1255 ἁμαρτήματος
949 1186 1047 1257 τὴν
1079 1186 1246 1256 αὐτὴν
1290 1187 1523 1238 ἐποιεῖτο
1568 1203 1737 1255 τιμω-

178 1276 313 1345 ρίαν,
345 1274 481 1329 ἀλλά
506 1275 676 1338 ἄλλως
708 1276 805 1347 μὲν
832 1276 902 1329 τὰ
929 1280 1005 1340 είς
1037 1277 1166 1331 Θεὸν
1195 1279 1287 1330 καὶ
1328 1280 1406 1340 εἰς
1449 1276 1600 1348 ἱερέα
1642 1278 1735 1330 καὶ

173 1372 244 1431 εἰς
277 1368 425 1440 ἱερὸν
453 1368 546 1421 κα)⁸
591 1370 669 1431 είς
702 1370 916 1440 ἱερεῖον,
964 1370 1165 1441 ἑτέρως
1190 1368 1259 1423 τὰ
1286 1372 1365 1433 εἰς
1394 1369 1612 1440 βασιλέα
1642 1371 1735 1423 καὶ

172 1462 404 1530 ἄρχοντα
447 1461 539 1513 καὶ
581 1461 911 1533 στρατιώτην
954 1464 1046 1516 καὶ
1091 1462 1361 1534 ὑπήκοον,
1390 1463 1731 1535 όμότιμον,ἢ

170 1553 404 1623 οἰκέτην,
434 1553 467 1623 ἢ
497 1554 575 1615 είς
601 1554 800 1624 κτῆμα,
820 1553 852 1625 ἢ
876 1555 953 1616 είς
981 1553 1189 1622 ἄλογον,
1220 1555 1312 1608 καὶ
1340 1554 1498 1607 πάλιν
1527 1555 1735 1625 παρηλ-

169 1644 450 1713 λαγμένως
487 1643 557 1696 τά
600 1646 677 1707 είς
716 1646 889 1712 γονεῖς
919 1646 1013 1697 καὶ
1042 1648 1338 1713 συγγενεῖς,
1371 1646 1542 1708 ἄλλως
1569 1646 1637 1698 τά
1675 1646 1735 1710 ἐξ

168 1737 374 1804 ἐφόδου,
406 1736 500 1788 καὶ
524 1735 594 1788 τά
618 1735 885 1797 ἀκουσίως
914 1736 1131 1807 ἑτέρως·
1182 1738 1274 1789 καὶ
1302 1739 1412 1800 τοῖς
1442 1736 1729 1807 μὲν,θάνα-

167 1846 246 1881 τον
273 1828 309 1898 ἢ
342 1827 431 1881 διά
456 1828 758 1899 σταυροῦ,ῆ
788 1828 879 1881 τὸν
908 1828 995 1880 διὰ
1023 1828 1206 1892 λίθων,
1229 1832 1339 1892 τοῖς
1368 1828 1661 1899 δὲζημίαν,
1690 1829 1723 1899 ἢ
1760 1820 1798 1874 Β

170 1919 456 1991 μάστιγας,
487 1920 518 1989 ἢ
547 1920 607 1972 τὸ
632 1918 700 1973 τά
726 1921 885 1990 ὅμοια
916 1920 1106 1974 παθεῖν
1133 1917 1211 1985 οἷς
1238 1921 1476 1993 ἔδρασεν.
1522 1920 1727 1974 Οὐκοῦν

167 2012 252 2063 κιύ⁵
307 2012 470 2081 ὑμεῖς
521 2010 627 2062 τῶν
678 2010 942 2083 διαφόρων
997 2013 1402 2084 ἁμαρτημάτων
1446 2013 1729 2084 διαφόρους

166 2103 397 2157 ποιεῖσθε
426 2103 519 2156 καὶ
544 2102 639 2166 τάς
668 2104 953 2175 τιμωρίας,
986 2105 1072 2158 ἵνα
1102 2105 1175 2177 μή
1202 2123 1285 2168 τις
1311 2106 1487 2159 ἀδικία
1519 2124 1729 2177 παρεμ-

166 2195 402 2248 πεσοῦσα
432 2196 626 2268 κινήσῃ
652 2197 742 2249 τὸν
770 2197 899 2250 Θεὸν
928 2197 1064 2269 πρὸς
1090 2198 1475 2268 ἀγανάκτησιν.
1494 2194 1601 2261 Ἦς
1620 2198 1727 2270 γάρ

168 2289 227 2341 ἂν
254 2289 438 2341 ἀδίκου
469 2289 700 2360 κρίσεως
731 2292 943 2360 μεσῖται
988 2290 1238 2361 γένησθε,
1267 2290 1469 2361 ταύτης
1506 2292 1598 2344 καὶ
1636 2292 1726 2345 τὸν

164 2382 267 2432 ἀπὸ
294 2381 427 2433 Θεοῦ
457 2382 684 2452 λήψεσθε
716 2382 921 2453 μισθόν·
978 2402 996 2435 ι
1024 2379 1095 2453 ᾯ
1113 2383 1220 2455 γάρ
1244 2383 1468 2455 κρίματι
1494 2384 1724 2456 κρίνετε,

167 2471 501 2543 κριθήσεσθε.
534 2492 553 2524 ι

662 2766 1054 2823 ΚΕΦΛΛΑΙΟΝ
1088 2769 1217 2825 ΜΘ’.

256 2880 534 2945 Ὀποίους
576 2880 726 2933 εἶναι
766 2883 880 2968 χρῇ
922 2883 1061 2948 τοὺς
1109 2885 1489 2954 κατηγόρους,
1534 2886 1631 2940 καὶ

783 2970 1107 3020 μαρτυρας.

225 3041 566 3105 Καθίσαντες
591 3038 683 3096 οὖν
710 3044 802 3097 ἐπὶ
828 3045 888 3098 τὸ
928 3047 1227 3117 κριτήριον,
1271 3047 1550 3117 παρόντων
1595 3048 1724 3101 ἐκα-

1837 546 2123 614 prudentia
2171 544 2477 613 judicantes
2525 544 2734 613 singula
2783 544 3009 607 delicta,
3059 560 3181 599 cum
3220 562 3382 616 parva

1837 647 1949 691 tum
1998 651 2222 705 magna;
2285 644 2447 705 atque
2497 637 2653 689 aliter
2695 636 3000 691 sancientes
3045 637 3113 692 de
3160 648 3384 708 peccato

1836 730 2038 799 Operis,
2073 730 2374 796 iterumque
2416 726 2572 781 aliter
2612 727 2679 781 de
2726 736 2948 797 peccato
2983 732 3269 794 sermonis,
3300 732 3386 785 di-

1836 837 1990 876 verse
2017 820 2178 875 etiam
2208 820 2274 874 de
2312 818 2521 873 delictis
2559 819 2841 888 propositi,
2878 828 2969 873 aut
3008 821 3259 885 convicii,
3291 830 3385 875 aut

1836 913 2185 983 suspicionis.
2228 911 2291 965 Et
2329 911 2545 982 quidem
2585 926 2648 965 ex
2695 912 3072 980 peccatoribus
3115 913 3214 968 hos
3252 914 3385 971 solis

1834 1005 1997 1059 minis
2045 1004 2334 1073 subjicies;
2378 1004 2501 1057 illos
2530 1003 2887 1073 eleeinosynis
2913 1020 3038 1075 erga
3081 1021 3382 1076 pauperes;

1834 1096 1970 1149 alios
2000 1110 2129 1149 vero
2158 1094 2385 1163 jejuniis
2425 1095 2769 1163 comprimes,
2814 1102 2868 1147 et
2908 1096 3043 1149 alios
3084 1112 3181 1165 pro
3209 1100 3384 1166 gravi-

1834 1195 1945 1241 tate
1976 1187 2218 1241 criminis
2248 1186 2331 1241 sui
2364 1201 2393 1239 a
2428 1186 2672 1239 ﬁdelibus
2703 1187 3002 1255 separabis.
3033 1186 3216 1258 Neque
3240 1191 3386 1244 enim

1835 1279 1917 1332 lex
1948 1278 2094 1331 omni
2136 1285 2360 1346 peccato
2389 1284 2630 1331 eamdem
2660 1276 2983 1331 decernebat
3012 1292 3255 1347 poenam;
3289 1282 3387 1337 sed

1834 1372 1993 1424 aliam
2034 1369 2249 1438 quidem
2290 1369 2597 1423 commissis
2629 1368 2683 1422 in
2727 1368 2916 1430 Deum,
2961 1380 3011 1424 et
3044 1370 3097 1423 in
3133 1373 3388 1427 sacerdo-

1833 1470 1963 1525 tem,
2005 1468 2058 1515 et
2109 1462 2164 1515 in
2214 1461 2494 1530 templum,
2521 1468 2574 1513 et
2619 1462 2671 1515 in
2719 1461 3117 1527 sanctuarium;
3164 1464 3386 1519 alteram

1832 1568 1961 1608 vero
1992 1553 2289 1623 designatis
2338 1552 2597 1607 adversus
2630 1569 2830 1622 regem,
2860 1561 2914 1607 et
2943 1554 3240 1624 principem
3266 1594 3281 1618 ,
3333 1564 3389 1611 et

1833 1647 2082 1711 militem,
2114 1654 2168 1701 et
2194 1646 2521 1715 subjectum.
2574 1646 2833 1700 adversus
2873 1646 3157 1714 aequalem,
3193 1647 3277 1700 vel
3308 1646 3389 1699 fa-

1834 1739 2071 1803 mulum,
2133 1738 2246 1793 sive
2300 1746 2489 1791 contra
2534 1737 2976 1807 possessionem,
3031 1744 3125 1789 aut
3182 1752 3385 1806 pecus;

1828 1830 2131 1898 iterumque
2149 1829 2417 1884 diversam
2440 1830 2652 1884 delictis
2675 1830 2728 1883 in
2752 1836 3003 1898 parentes
3023 1836 3076 1883 et
3095 1838 3385 1900 cognatos;

1830 1921 2066 1991 peccatis
2094 1937 2158 1975 ex
2188 1921 2452 1975 industria
2485 1922 2669 1984 aliam,
2715 1928 2768 1975 et
2798 1919 2958 1973 aliam
2992 1934 3101 1973 non
3135 1921 3388 1975 volunta-

1828 2014 1925 2068 riis
1960 2032 1973 2067 :
2003 2022 2162 2082 atque
2205 2012 2417 2084 aliquos
2446 2013 2661 2083 quidem
2692 2028 2817 2068 reos
2844 2012 3147 2067 aﬁiciebant
3175 2025 3346 2068 morte
3368 2054 3384 2078 ,

1829 2122 1923 2162 seu
1972 2108 2172 2173 crucis,
2218 2121 2313 2161 seu
2364 2106 2729 2177 lapidationis,
2779 2113 3003 2161 caeteros
3035 2105 3258 2169 mulcta,
3291 2114 3385 2159 aut

1827 2201 2163 2263 verberibus,
2198 2208 2290 2253 aut
2334 2200 2554 2254 talionis
2599 2199 2884 2269 supplicio.
2925 2198 3094 2269 Igitur
3120 2215 3217 2255 vos
3252 2216 3388 2269 quo-

1826 2307 1931 2362 que
1958 2293 2190 2347 diversis
2222 2294 2460 2361 peccatis
2488 2292 2734 2346 diversas
2762 2307 2951 2360 poenas
2984 2292 3244 2362 lmponite
3263 2332 3278 2356 ,
3320 2308 3391 2348 ne

1825 2400 1932 2453 qua
1960 2384 2159 2452 injuria
2184 2382 2429 2437 incidens
2460 2389 2715 2452 provocet
2738 2382 2905 2437 Deum
2937 2383 3005 2436 ad
3026 2383 3383 2438 iracundiam.

1825 2476 1995 2545 Cujus
2035 2475 2234 2530 etenim
2276 2475 2450 2545 iniqui
2493 2475 2681 2544 judicii
2727 2476 2881 2529 eritis
2911 2475 3124 2540 arbitri,
3169 2474 3287 2543 ejus
3334 2482 3389 2528 et

1826 2566 2126 2621 mercedem
2178 2566 2455 2636 accipietis
2500 2582 2529 2619 a
2569 2566 2679 2619 Deo
2721 2585 2734 2620 :
2788 2584 2805 2617 ι
2835 2566 2954 2632 Quo
2997 2566 3141 2621 enim
3183 2566 3390 2636 judicio

1822 2657 2216 2728 judicaveritis,
2242 2659 2704 2729 judicabimiui“.
2736 2676 2753 2708 ι

2380 2769 2607 2824 CAPUT
2645 2768 2829 2824 XLIX.

2015 2885 2207 2951 Quales
2246 2902 2356 2939 esse
2386 2885 2527 2939 decet
2560 2895 2912 2949 accusatores,
2949 2894 2997 2937 et
3028 2894 3199 2938 testes.

1899 3040 2159 3095 Sedentes
2192 3042 2357 3111 igitur
2392 3042 2445 3094 in
2479 3041 2759 3102 tribunali,
2809 3039 3170 3109 praesentibus
3216 3038 3386 3093 utris-

162 3134 326 3204 τέρων
384 3133 492 3186 τῶν
548 3134 873 3207 προσώπων,
920 3137 981 3189 οὐ
1037 3136 1145 3208 γάρ
1193 3138 1420 3209 ὲροῦμεν
1463 3138 1722 3209 ἀδελφῶν,

1831 3148 1931 3203 que
1973 3135 2217 3203 personis
2253 3134 2399 3203 (non
2430 3133 2572 3187 enim
2604 3147 2697 3185 eos
2732 3132 3120 3199 appellabimus
3166 3131 3383 3195 fratres,

168 3224 359 3296 μέχρις
385 3218 448 3277 οὗ
480 3226 703 3289 ἑαυτοὺς
730 3228 788 3279 ὲν
827 3229 1012 3299 εἰρήνῃ
1058 3228 1431 3293 ἀπολάϐωσιν,
1473 3232 1726 3302 ὲρευνᾶτε

163 3315 401 3385 ἀκριϐῶς
430 3318 557 3388 περὶ
581 3318 687 3371 τῶν
714 3319 1065 3389 ἐνεχομένων·
1118 3321 1209 3373 καὶ
1237 3321 1450 3392 πρῶτον
1480 3323 1607 3393 περὶ
1632 3323 1725 3377 τοῦ

163 3408 606 3478 κατηγοροῦντος,
637 3411 683 3462 εἰ
713 3409 926 3481 πρώτου
962 3411 1071 3481 (89)
1102 3412 1290 3465 τούτου
1320 3416 1645 3484 κατηγορεῖ,
1691 3414 1725 3485 ἦ

160 3501 245 3552 καὶ
272 3500 490 3570 ἑτέροις
515 3502 655 3554 τισὶν
685 3501 999 3573 ἐγκλήματα
1034 3504 1377 3574 κατενήνοχε,
1422 3505 1515 3557 καὶ
1557 3505 1604 3557 εί
1652 3504 1725 3577 μὴ

161 3591 221 3643 ὲκ
261 3591 529 3662 μέμψεως
566 3592 744 3646 αὐτῶν
785 3596 818 3666 ή
866 3593 1161 3662 φιλονεικία
1180 3595 1225 3626 ⁸⁵
1272 3594 1452 3649 καὶτὸ
1480 3595 1728 3667 ἔγκλημα

160 3681 468 3747 ὑπόκειται,
499 3685 592 3737 καὶ
619 3685 777 3738 ὁποία
803 3703 885 3749 τις
923 3687 956 3755 ἡ
998 3686 1306 3758 ἀναστροφὴ
1347 3686 1508 3740 αὐτοῦ
1554 3687 1729 3760 ὑπάρ-

159 3792 256 3845 χει·
288 3777 393 3830 καὶ
418 3776 658 3840 τοιοῦτος
683 3776 738 3829 δὲ
769 3776 843 3830 ὢν
872 3778 1261 3849 εὐσυνείδητος,
1293 3778 1365 3849 μὴ
1394 3779 1728 3833 πιστευέσθω

162 3866 337 3934 μόνος·
393 3869 705 3939 παράνομον
749 3869 856 3941 γάρ
885 3871 945 3923 τὸ
971 3870 1225 3924 τοιοῦτον·
1268 3870 1382 3924 ἀλλ’
1425 3872 1593 3942 ἐχέτω
1635 3873 1727 3925 καὶ

161 3960 380 4030 ἑτέρους
411 3960 711 4032 μάρτυρας,
740 3961 955 4031 ὁμοίους
983 3962 1128 4033 αὐτῷ
1152 3963 1243 4015 τὸν
1269 3963 1485 4034 τρόπον·
1547 3963 1728 4027 καθὼς

157 4055 183 4104 ὁ
206 4053 377 4123 νόμος
403 4052 590 4121 λέγει·
625 4072 645 4104 ι
686 4054 805 4106 Ἐπὶ
835 4054 1098 4123 στόματος
1123 4054 1215 4107 δύο
1254 4056 1348 4109 καὶ
1389 4056 1554 4127 τριῶν
1586 4074 1726 4129 μαρ-

156 4145 334 4214 τύρων
369 4145 693 4216 σταθήσεται
722 4147 828 4198 πᾶν
860 4147 1027 4217 ῥῆμα.
1055 4166 1073 4199 ι
1105 4146 1255 4200 Διατί
1281 4148 1337 4200 δὲ
1366 4150 1607 4220 εἴπομεν,
1637 4149 1727 4203 τὸν

155 4236 361 4306 τρόπον
407 4236 584 4289 αὐτῶν
630 4236 1022 4309 ἐπιζητεῖσθαι,
1066 4240 1244 4303 ὁποῖος
1286 4240 1395 4311 (90)
1437 4240 1724 4312 τυγχάνεις

157 4328 344 4400 ἐπειδὴ
392 4328 648 4393 πολλάκις
692 4331 944 4402 ἐγχωρεῖ,
997 4331 1089 4384 καὶ
1141 4333 1267 4394 τοὺς
1314 4332 1407 4386 δύο
1458 4334 1552 4387 καὶ
1601 4335 1728 4397 τοὺς

158 4421 412 4486 πλείονας
439 4424 531 4476 ἐπὶ
559 4422 711 4493 κακῷ
742 4424 1083 4495 μαρτυρῆσαι
1102 4464 1117 4487 ,
1145 4425 1238 4477 καὶ
1267 4424 1570 4495 συμφώνως
1596 4444 1729 4499 προ-

1822 3225 1995 3279 donec
2021 3239 2142 3278 cum
2171 3239 2303 3293 pace
2345 3239 2404 3278 se
2442 3223 2497 3276 in
2527 3223 2954 3278 benevolentiam
2991 3221 3378 3291 susceperint),

1824 3316 2089 3385 exquirite
2120 3315 2404 3385 diligenter
2451 3314 2519 3369 de
2551 3314 2977 3379 altercantibus;
3019 3328 3082 3366 ac
3113 3315 3287 3382 primo
3317 3312 3387 3366 de

1825 3414 2160 3472 accusatore,
2188 3421 2255 3459 an
2283 3406 2427 3460 hunc
2450 3406 2683 3475 primum
2717 3411 2958 3467 accuset,
2986 3404 3068 3457 vel
3100 3404 3222 3459 aliis
3249 3420 3386 3473 quo-

1825 3513 1930 3567 que
1959 3498 2185 3552 crimina
2215 3498 2517 3567 impegerit,
2555 3506 2607 3552 et
2639 3511 2820 3549 annon
2850 3511 2915 3549 ex
2946 3495 3165 3562 querela
3195 3510 3383 3549 eorum

1827 3605 1889 3645 ac
1930 3590 2274 3645 contentione
2324 3589 2531 3644 crimen
2576 3589 2915 3658 suppositum
2958 3587 3049 3651 sit,
3097 3594 3151 3641 et
3197 3587 3387 3655 quales

1827 3682 1935 3737 sint
1967 3697 2147 3737 mores
2186 3682 2496 3737 accusantis
2529 3700 2543 3736 :
2582 3682 2670 3735 cui
2707 3682 2831 3734 licet
2866 3680 3007 3733 bona
3051 3677 3384 3733 conscientia

1828 3776 1987 3839 freto.
2019 3777 2120 3832 soli
2159 3787 2337 3831 tamen
2368 3776 2500 3830 ﬁdes
2541 3790 2651 3828 non
2690 3774 2950 3827 habeatur
2969 3773 3049 3839 ⁸⁶;
3099 3771 3152 3825 id
3187 3770 3386 3841 quippe

1827 3870 2071 3940 iniquum
2136 3879 2251 3935 est;
2294 3868 2386 3925 sed
2424 3868 2619 3922 habeat
2646 3875 2699 3920 et
2732 3866 2868 3920 alios
2897 3873 3091 3931 testes,
3121 3864 3170 3919 ei
3201 3864 3387 3933 probi-

1826 3971 1934 4018 tate
1965 3978 2175 4017 morum
2200 3962 2543 4026 consimiles;
2584 3957 3040 4028 quemadmodum
3090 3958 3173 4011 lex
3218 3957 3382 4014 dicit;

1831 4072 1850 4106 ι
1880 4054 1938 4108 ιιι
1966 4070 2060 4109 ore
2083 4053 2317 4108 duorum
2357 4061 2409 4107 et
2435 4053 2599 4105 trium
2629 4050 2847 4105 testium
2876 4050 3040 4105 stabit
3070 4064 3229 4104 omne
3258 4063 3384 4103 ver-

1825 4146 1951 4201 bum
1964 4146 2029 4200 ⁸⁷.
2057 4164 2074 4196 ι
2092 4146 2269 4211 Quare
2296 4152 2473 4198 autem
2486 4143 2743 4207 diximus,
2768 4142 2965 4211 inquiri
2984 4148 3232 4211 oportere
3260 4156 3383 4211 qua:

1826 4238 1897 4293 sit
1930 4238 2147 4292 testium
2174 4237 2319 4292 vita?
2349 4237 2500 4308 quia,
2529 4236 2759 4299 scilicet,
2788 4250 3157 4304 saepenumero
3183 4234 3381 4297 evenit,

1827 4338 1885 4383 ut
1915 4330 2023 4384 duo
2051 4331 2134 4385 vel
2162 4329 2345 4400 plures
2373 4327 2742 4384 testimonium
2784 4325 2970 4381 dicant
3014 4327 3066 4379 in
3106 4326 3248 4379 malo
3272 4365 3287 4390 ,
3330 4333 3385 4379 et

1827 4436 1933 4476 una
1958 4436 2091 4477 voce
2120 4421 2403 4476 mendacio
2447 4419 2843 4490 suﬁragentur;
2884 4424 2942 4471 ut
2975 4416 3243 4488 Babylone
3276 4416 3385 4471 duo

159 4516 349 4587 στῆναι
378 4515 471 4568 τοῦ
498 4514 740 4584 ψεύδους·
798 4515 873 4578 ὠς
900 4516 1025 4578 τοὺς
1049 4515 1141 4567 δύο
1168 4514 1565 4587 πρεσϐυτέρους
1591 4518 1730 4572 κατά

1831 4530 1987 4570 senes
2016 4524 2206 4569 contra
2239 4513 2544 4569 Susannam
2562 4514 2628 4577 ⁸⁸,
2672 4519 2726 4567 et
2763 4513 2816 4566 in
2863 4509 3109 4565 Samaria
3150 4510 3243 4564 ﬁlii
3276 4510 3383 4563 ini-

157 4607 449 4679 Σωσάννης
476 4609 534 4659 ὲν
562 4606 857 4671 Βαϐυλῶνι,
889 4607 981 4660 καὶ
1008 4608 1133 4669 τοὺς
1163 4608 1313 4670 υἱοὺς
1349 4607 1456 4660 τῶν
1486 4610 1723 4680 παρανό-

1831 4608 2051 4677 quitatis
2070 4615 2260 4661 contra
2284 4606 2640 4661 Nabuthmum
2656 4606 2722 4670 °’,
2747 4613 2799 4659 et
2820 4604 3204 4675 Hierosolymis
3225 4603 3386 4657 turba

162 4718 274 4769 μων
304 4699 455 4753 κατά
479 4700 573 4752 τοῦ
601 4699 874 4753 Ναϐουθαὶ
902 4700 958 4751 ἐν
988 4698 1289 4770 Σαμαρείᾳ,
1322 4700 1414 4753 καὶ
1438 4700 1500 4754 τὸ
1524 4702 1725 4774 πλῆθος

1831 4699 2132 4754 Iudaeorum
2168 4700 2429 4755 adversus
2474 4698 2760 4752 Dominum
2778 4697 2845 4762 “,
2883 4696 3112 4766 ejusque
3152 4695 3385 4764 primum

154 4793 259 4845 τῶν
301 4792 575 4846 Ἰουδαίων
602 4790 743 4846 κατὰ
775 4790 870 4843 τοῦ
898 4789 1102 4861 Κυρίου
1131 4791 1189 4843 ἐν
1230 4790 1599 4863 Ἰερουσαλὴμ,
1630 4794 1725 4846 καὶ

1831 4800 2113 4862 martyrem
2138 4789 2547 4861 Stephanum”.
2578 4790 2697 4845 Sint
2720 4792 2882 4862 igitur
2902 4797 3071 4844 testes
3094 4788 3383 4853 mansueti,

158 4884 297 4939 κατὰ
324 4884 598 4955 Στεφάνου
623 4883 717 4939 τοῦ
743 4882 1201 4956 πρωτομάρτυρος
1226 4882 1410 4937 αὐτοῦ.
1446 4885 1726 4940 Ἔστωσαν

1831 4884 1922 4940 ira:
1941 4891 2214 4954 expertes,
2239 4884 2400 4954 arqui,
2431 4884 2694 4939 charitate
2725 4882 2955 4954 przediti,
2990 4888 3381 4950 temperantes.

226 5091 273 5121 "‘
303 5089 500 5144 Matth.
529 5104 628 5149 vn,
658 5086 714 5143 2.
744 5086 836 5160 ηεξ
863 5087 934 5139 Ἦ
965 5086 1306 5160 φιλονεικίας,
1337 5089 1419 5160 vel
1449 5088 1482 5160 ἢ
1513 5086 1731 5157 φιλονειι

1902 5085 1953 5160 ξ’
1984 5084 2262 5160 Laudatur
2292 5102 2321 5140 a
2350 5086 2620 5141 Cedreno.
2656 5082 2793 5139 Vide
2817 5082 2968 5140 Test.
2999 5080 3280 5139 Veterum.

150 5162 188 5189 "
226 5160 387 5215 Deut.
423 5176 538 5225 ιιι,
576 5160 661 5215 15.
737 5159 782 5190 ⁸⁸
805 5156 943 5211 Dan.
976 5156 1095 5212 am.
1172 5159 1302 5212 “Ill
1333 5156 1609 5229 Regfx’xi.
1706 5160 1751 5190 9°
1782 5156 1969 5211 Matth.
2006 5173 2153 5212 xxvr.
2231 5159 2271 5188 "
2298 5160 2417 5211 Act.
2452 5170 2503 5211 vI
2534 5168 2588 5211 et
2618 5173 2713 5210 vn.

1460 5331 1821 5389 VARIORUM
1854 5332 2081 5388 NOTAE.

229 5488 355 5552 187)
392 5489 502 5542 Καὶ
529 5488 745 5553 ἄλλως.
776 5487 943 5542 Abest
980 5486 1072 5540 καί
1114 5484 1170 5539 in
1191 5484 1428 5543 Vindob.
1469 5485 1590 5540 cod.
1626 5501 1723 5541 nec

1833 5488 2126 5555 κατηγορεῖ
2154 5485 2245 5539 καὶ
2274 5484 2479 5555 ἑτέροις
2512 5503 2524 5537 :
2558 5500 2623 5536 an
2654 5491 2773 5536 ante
2808 5482 3122 5555 Imnc_qu_em
3151 5492 3381 5535 accusat.

166 5551 539 5611 .ieecsSarium
562 5551 847 5616 est.Cu:n.
1833 5551 1995 5609 etiam
2040 5551 2161 5610 aliis
2211 5551 2567 5609 accusationes
2605 5555 2884 5623 impegerit.
2942 5551 3141 5607 Eodem
3198 5567 3381 5607 sensu.

231 5628 354 5698 (88)
391 5629 500 5682 Καὶ
528 5632 876 5695 προθέσεως.
910 5626 1037 5682 Dele
1066 5626 1157 5680 καί
1198 5643 1261 5681 ει
1288 5626 1476 5698 eodem
1517 5626 1722 5691 codice,
1832 5626 1998 5698 Cten.

165 5708 217 5753 ct
242 5690 629 5769 Sic'distingile
658 5690 874 5769 ἑτέρως·
908 5698 1236 5769 προθέσεως,
1267 5706 1373 5769 etc.
1404 5696 1477 5749 In.
1508 5764 1518 5769 _

1904 5696 2013 5767 (90)
2063 5696 2309 5762 Ὀποῖος.
2342 5693 2504 5751 Vind.
2533 5693 2655 5750 cod.
2684 5692 2861 5757 ὁποῖός
2887 5709 2986 5757 τις.
3027 5690 3104 5745 lo.

232 5768 357 5835 t89)
394 5772 459 5825 Et
504 5757 761 5838 ἔρώτουῖ
801 5757 1125 5824 Οο‹1.’νὶηι1.
1173 5757 1233 5822 Et
1282 5765 1387 5840 πρὸ
1430 5764 1617 5821 τούτου
1660 5757 1720 5821 οὗ
