  <div class='ocr_page' id='page_1' title='image "/cluster/home/n/w/nwhite01/storage/ocr_20150623/1/hvd.32044073501405/363.png"; bbox 0 0 3936 6342; ppageno 0'>
   <div class='ocr_carea' id='block_1_1' title="bbox 569 289 2123 376">
    <p class='ocr_par' dir='ltr' id='par_1_1' title="bbox 569 289 2121 360">
     <span class='ocr_line' id='line_1_1' title="bbox 569 289 2121 360; baseline 0.006 -16"><span class='ocrx_word' id='word_1_1' title='bbox 569 289 668 346; x_wconf 78' lang='lat' dir='ltr'><strong>&#39;lll</strong></span> <span class='ocrx_word' id='word_1_2' title='bbox 1401 292 1457 348; x_wconf 93' lang='lat' dir='ltr'><strong>S.</strong></span> <span class='ocrx_word' id='word_1_3' title='bbox 1489 290 1878 354; x_wconf 71' lang='lat' dir='ltr'><strong>CLEMENTIS</strong></span> <span class='ocrx_word' id='word_1_4' title='bbox 1915 295 1936 360; x_wconf 76' lang='grc' dir='ltr'><strong>Ι</strong></span> <span class='ocrx_word' id='word_1_5' title='bbox 1974 296 2121 354; x_wconf 71' lang='grc' dir='ltr'><strong>ΒΟΜ</strong></span> 
     </span>
    </p>
   </div>
   <div class='ocr_carea' id='block_1_2' title="bbox 2099 289 3653 376">
    <p class='ocr_par' dir='ltr' id='par_1_2' title="bbox 2099 297 3653 376">
     <span class='ocr_line' id='line_1_2' title="bbox 2099 297 3653 376; baseline 0.015 -24"><span class='ocrx_word' id='word_1_6' title='bbox 2099 297 2141 352; x_wconf 84' lang='grc' dir='ltr'><strong>ι.</strong></span> <span class='ocrx_word' id='word_1_7' title='bbox 2180 299 2379 356; x_wconf 77' lang='grc' dir='ltr'><strong>ΡΟΝΤ.</strong></span> <span class='ocrx_word' id='word_1_8' title='bbox 2411 300 2637 358; x_wconf 74' lang='grc' dir='ltr'><strong>ΟΡΕΒΑ</strong></span> <span class='ocrx_word' id='word_1_9' title='bbox 2666 301 2902 362; x_wconf 68' lang='grc' dir='ltr'><strong>ΒΠΒΙΔῙ</strong></span> <span class='ocrx_word' id='word_1_10' title='bbox 3576 320 3653 376; x_wconf 68' lang='grc'>719</span> 
     </span>
    </p>
   </div>
   <div class='ocr_carea' id='block_1_3' title="bbox 565 406 2119 506">
    <p class='ocr_par' dir='ltr' id='par_1_3' title="bbox 565 406 2110 479">
     <span class='ocr_line' id='line_1_3' title="bbox 565 406 2110 479; baseline 0.001 -16"><span class='ocrx_word' id='word_1_11' title='bbox 565 406 925 469; x_wconf 87' lang='lat' dir='ltr'><strong>continentes,</strong></span> <span class='ocrx_word' id='word_1_12' title='bbox 954 406 1159 461; x_wconf 86' lang='lat' dir='ltr'><strong>malitia</strong></span> <span class='ocrx_word' id='word_1_13' title='bbox 1185 407 1363 470; x_wconf 87' lang='lat' dir='ltr'><strong>vacui,</strong></span> <span class='ocrx_word' id='word_1_14' title='bbox 1394 406 1599 472; x_wconf 79' lang='lat' dir='ltr'><strong>ﬁdeles,</strong></span> <span class='ocrx_word' id='word_1_15' title='bbox 1631 409 1892 479; x_wconf 83' lang='lat' dir='ltr'><strong>religiosi,</strong></span> <span class='ocrx_word' id='word_1_16' title='bbox 1922 410 2110 465; x_wconf 87' lang='lat' dir='ltr'><strong>talium</strong></span> 
     </span>
    </p>
   </div>
   <div class='ocr_carea' id='block_1_4' title="bbox 2105 406 3659 506">
    <p class='ocr_par' dir='ltr' id='par_1_4' title="bbox 2105 410 3659 506">
     <span class='ocr_line' id='line_1_4' title="bbox 2105 410 3659 506; baseline 0.012 -43"><span class='ocrx_word' id='word_1_17' title='bbox 2105 430 2110 463; x_wconf 85' lang='grc' dir='ltr'><strong>ι</strong></span> <span class='ocrx_word' id='word_1_18' title='bbox 2141 419 2185 478; x_wconf 74' lang='grc' dir='ltr'>Α</span> <span class='ocrx_word' id='word_1_19' title='bbox 2211 410 2303 470; x_wconf 77' lang='grc' dir='ltr'>οὖν</span> <span class='ocrx_word' id='word_1_20' title='bbox 2331 416 2380 469; x_wconf 88' lang='lat' dir='ltr'><strong>ol</strong></span> <span class='ocrx_word' id='word_1_21' title='bbox 2411 415 2684 492; x_wconf 81' lang='grc' dir='ltr'>μάρτυρες</span> <span class='ocrx_word' id='word_1_22' title='bbox 2711 419 2922 490; x_wconf 79' lang='grc' dir='ltr'><strong>πραεῖς,</strong></span> <span class='ocrx_word' id='word_1_23' title='bbox 2949 415 3215 491; x_wconf 79' lang='grc' dir='ltr'>ἀόργητοι,</span> <span class='ocrx_word' id='word_1_24' title='bbox 3241 419 3481 491; x_wconf 77' lang='grc' dir='ltr'>ἐπιεικεῖς,</span> <span class='ocrx_word' id='word_1_25' title='bbox 3503 427 3659 506; x_wconf 72' lang='grc' dir='ltr'>ἀγαπη.</span> 
     </span>
    </p>
   </div>
   <div class='ocr_carea' id='block_1_5' title="bbox 562 497 2116 584">
    <p class='ocr_par' dir='ltr' id='par_1_5' title="bbox 562 497 2108 570">
     <span class='ocr_line' id='line_1_5' title="bbox 562 497 2108 570; baseline 0.003 -18"><span class='ocrx_word' id='word_1_26' title='bbox 562 497 708 552; x_wconf 86' lang='lat' dir='ltr'><strong>enim</strong></span> <span class='ocrx_word' id='word_1_27' title='bbox 728 498 1094 552; x_wconf 89' lang='lat' dir='ltr'><strong>testimonium</strong></span> <span class='ocrx_word' id='word_1_28' title='bbox 1118 506 1338 570; x_wconf 78' lang='lat' dir='ltr'><strong>propter</strong></span> <span class='ocrx_word' id='word_1_29' title='bbox 1359 514 1538 555; x_wconf 88' lang='lat' dir='ltr'><strong>mores</strong></span> <span class='ocrx_word' id='word_1_30' title='bbox 1559 515 1745 556; x_wconf 89' lang='lat' dir='ltr'><strong>eorum</strong></span> <span class='ocrx_word' id='word_1_31' title='bbox 1769 500 1981 556; x_wconf 82' lang='lat' dir='ltr'><strong>ﬁrmum</strong></span> <span class='ocrx_word' id='word_1_32' title='bbox 2005 509 2108 569; x_wconf 84' lang='lat' dir='ltr'><strong>est,</strong></span> 
     </span>
    </p>
   </div>
   <div class='ocr_carea' id='block_1_6' title="bbox 2107 497 3661 584">
    <p class='ocr_par' dir='ltr' id='par_1_6' title="bbox 2107 497 3661 584">
     <span class='ocr_line' id='line_1_6' title="bbox 2107 497 3661 584; baseline 0.007 -24"><span class='ocrx_word' id='word_1_33' title='bbox 2107 549 2108 560; x_wconf 52' lang='grc' dir='ltr'><strong>η</strong></span> <span class='ocrx_word' id='word_1_34' title='bbox 2210 509 2371 574; x_wconf 71' lang='grc' dir='ltr'>τικοὶ,</span> <span class='ocrx_word' id='word_1_35' title='bbox 2404 509 2694 582; x_wconf 86' lang='grc' dir='ltr'>σώφρονες,</span> <span class='ocrx_word' id='word_1_36' title='bbox 2721 510 3024 581; x_wconf 71' lang='grc' dir='ltr'>ὲγκρατεῖς,</span> <span class='ocrx_word' id='word_1_37' title='bbox 3051 510 3312 584; x_wconf 84' lang='grc' dir='ltr'>ἀπόνηροι,</span> <span class='ocrx_word' id='word_1_38' title='bbox 3338 518 3509 582; x_wconf 75' lang='grc' dir='ltr'>πιστοὶ,</span> <span class='ocrx_word' id='word_1_39' title='bbox 3534 497 3661 578; x_wconf 65' lang='grc' dir='ltr'>θεοσέ.</span> 
     </span>
    </p>
   </div>
   <div class='ocr_carea' id='block_1_7' title="bbox 561 589 2115 686">
    <p class='ocr_par' dir='ltr' id='par_1_7' title="bbox 561 589 2112 656">
     <span class='ocr_line' id='line_1_7' title="bbox 561 589 2112 656; baseline 0.006 -14"><span class='ocrx_word' id='word_1_40' title='bbox 561 595 620 642; x_wconf 85' lang='lat' dir='ltr'><strong>et</strong></span> <span class='ocrx_word' id='word_1_41' title='bbox 659 594 880 656; x_wconf 90' lang='lat' dir='ltr'><strong>pr0pter</strong></span> <span class='ocrx_word' id='word_1_42' title='bbox 925 603 1113 643; x_wconf 90' lang='lat' dir='ltr'><strong>eorum</strong></span> <span class='ocrx_word' id='word_1_43' title='bbox 1165 589 1329 644; x_wconf 87' lang='lat' dir='ltr'><strong>vitam</strong></span> <span class='ocrx_word' id='word_1_44' title='bbox 1366 605 1554 646; x_wconf 86' lang='lat' dir='ltr'><strong>verum</strong></span> <span class='ocrx_word' id='word_1_45' title='bbox 1603 610 1618 646; x_wconf 91' lang='lat'><strong>:</strong></span> <span class='ocrx_word' id='word_1_46' title='bbox 1658 602 1712 646; x_wconf 90' lang='lat' dir='ltr'><strong>at</strong></span> <span class='ocrx_word' id='word_1_47' title='bbox 1744 594 2112 652; x_wconf 84' lang='lat' dir='ltr'><strong>testimonium</strong></span> 
     </span>
    </p>
   </div>
   <div class='ocr_carea' id='block_1_8' title="bbox 2106 589 3660 686">
    <p class='ocr_par' dir='ltr' id='par_1_8' title="bbox 2106 599 3660 686">
     <span class='ocr_line' id='line_1_8' title="bbox 2106 599 3660 686; baseline 0.01 -36"><span class='ocrx_word' id='word_1_48' title='bbox 2106 617 2112 650; x_wconf 83' lang='lat' dir='ltr'><strong>l</strong></span> <span class='ocrx_word' id='word_1_49' title='bbox 2209 599 2340 662; x_wconf 76' lang='grc' dir='ltr'>σεῖς’</span> <span class='ocrx_word' id='word_1_50' title='bbox 2390 601 2424 671; x_wconf 85' lang='grc' dir='ltr'><strong>ὴ</strong></span> <span class='ocrx_word' id='word_1_51' title='bbox 2452 600 2560 673; x_wconf 85' lang='grc' dir='ltr'><strong>γὰρ</strong></span> <span class='ocrx_word' id='word_1_52' title='bbox 2587 600 2695 655; x_wconf 91' lang='grc' dir='ltr'><strong>τῶν</strong></span> <span class='ocrx_word' id='word_1_53' title='bbox 2719 601 2970 655; x_wconf 83' lang='grc' dir='ltr'><strong>τοιούτων</strong></span> <span class='ocrx_word' id='word_1_54' title='bbox 2999 605 3255 675; x_wconf 84' lang='grc' dir='ltr'>μαρτυρία</span> <span class='ocrx_word' id='word_1_55' title='bbox 3277 607 3362 659; x_wconf 70' lang='grc' dir='ltr'>καὶ</span> <span class='ocrx_word' id='word_1_56' title='bbox 3381 607 3455 662; x_wconf 80' lang='grc' dir='ltr'><strong>διὰ</strong></span> <span class='ocrx_word' id='word_1_57' title='bbox 3475 611 3660 686; x_wconf 59' lang='lat'><strong>106196-</strong></span> 
     </span>
    </p>
   </div>
   <div class='ocr_carea' id='block_1_9' title="bbox 563 679 2117 770">
    <p class='ocr_par' dir='ltr' id='par_1_9' title="bbox 563 679 2111 757">
     <span class='ocr_line' id='line_1_9' title="bbox 563 679 2111 757; baseline 0.006 -23"><span class='ocrx_word' id='word_1_58' title='bbox 563 679 843 734; x_wconf 84' lang='lat' dir='ltr'><strong>bominum</strong></span> <span class='ocrx_word' id='word_1_59' title='bbox 891 680 982 750; x_wconf 88' lang='lat' dir='ltr'><strong>qui</strong></span> <span class='ocrx_word' id='word_1_60' title='bbox 1035 680 1172 737; x_wconf 80' lang='lat' dir='ltr'><strong>tales</strong></span> <span class='ocrx_word' id='word_1_61' title='bbox 1219 697 1328 736; x_wconf 87' lang='lat' dir='ltr'><strong>non</strong></span> <span class='ocrx_word' id='word_1_62' title='bbox 1380 690 1546 747; x_wconf 85' lang='lat' dir='ltr'><strong>sunt,</strong></span> <span class='ocrx_word' id='word_1_63' title='bbox 1594 685 1760 740; x_wconf 90' lang='lat' dir='ltr'><strong>nolite</strong></span> <span class='ocrx_word' id='word_1_64' title='bbox 1807 687 2111 757; x_wconf 82' lang='lat' dir='ltr'><strong>suscipere,</strong></span> 
     </span>
    </p>
   </div>
   <div class='ocr_carea' id='block_1_10' title="bbox 2107 679 3661 770">
    <p class='ocr_par' dir='ltr' id='par_1_10' title="bbox 2107 679 3661 770">
     <span class='ocr_line' id='line_1_10' title="bbox 2107 679 3661 770; baseline 0.012 -29"><span class='ocrx_word' id='word_1_65' title='bbox 2107 730 2111 749; x_wconf 83' lang='lat'><strong>,</strong></span> <span class='ocrx_word' id='word_1_66' title='bbox 2212 704 2314 743; x_wconf 86' lang='grc' dir='ltr'><strong>που</strong></span> <span class='ocrx_word' id='word_1_67' title='bbox 2343 690 2520 744; x_wconf 75' lang='grc' dir='ltr'>αὐτῶν</span> <span class='ocrx_word' id='word_1_68' title='bbox 2553 690 2763 761; x_wconf 76' lang='grc' dir='ltr'>βεϐαία,</span> <span class='ocrx_word' id='word_1_69' title='bbox 2809 693 2903 747; x_wconf 77' lang='grc' dir='ltr'>καὶ</span> <span class='ocrx_word' id='word_1_70' title='bbox 2942 693 3028 747; x_wconf 84' lang='grc' dir='ltr'><strong>διὰ</strong></span> <span class='ocrx_word' id='word_1_71' title='bbox 3069 695 3163 765; x_wconf 81' lang='grc' dir='ltr'>τῆς</span> <span class='ocrx_word' id='word_1_72' title='bbox 3200 696 3496 770; x_wconf 80' lang='grc' dir='ltr'><strong>ἀναστροφῆς</strong></span> <span class='ocrx_word' id='word_1_73' title='bbox 3531 679 3661 760; x_wconf 65' lang='grc' dir='ltr'>αὐτῶν</span> 
     </span>
    </p>
   </div>
   <div class='ocr_carea' id='block_1_11' title="bbox 566 770 2120 862">
    <p class='ocr_par' dir='ltr' id='par_1_11' title="bbox 566 771 2110 837">
     <span class='ocr_line' id='line_1_11' title="bbox 566 771 2110 837; baseline 0.006 -14"><span class='ocrx_word' id='word_1_74' title='bbox 566 772 814 837; x_wconf 86' lang='lat' dir='ltr'><strong>quamvis</strong></span> <span class='ocrx_word' id='word_1_75' title='bbox 851 771 886 824; x_wconf 89' lang='lat' dir='ltr'><strong>ii</strong></span> <span class='ocrx_word' id='word_1_76' title='bbox 920 773 973 825; x_wconf 90' lang='lat' dir='ltr'><strong>in</strong></span> <span class='ocrx_word' id='word_1_77' title='bbox 1012 772 1280 828; x_wconf 77' lang='lat' dir='ltr'><strong>delatione</strong></span> <span class='ocrx_word' id='word_1_78' title='bbox 1307 775 1612 829; x_wconf 88' lang='lat' dir='ltr'><strong>consentire</strong></span> <span class='ocrx_word' id='word_1_79' title='bbox 1643 775 1948 831; x_wconf 89' lang='lat' dir='ltr'><strong>videantur.</strong></span> <span class='ocrx_word' id='word_1_80' title='bbox 1977 777 2110 832; x_wconf 85' lang='lat' dir='ltr'><strong>Nam</strong></span> 
     </span>
    </p>
   </div>
   <div class='ocr_carea' id='block_1_12' title="bbox 2110 770 3664 862">
    <p class='ocr_par' dir='ltr' id='par_1_12' title="bbox 2217 770 3664 862">
     <span class='ocr_line' id='line_1_12' title="bbox 2217 770 3664 862; baseline 0.01 -28"><span class='ocrx_word' id='word_1_81' title='bbox 2217 770 2425 854; x_wconf 77' lang='grc' dir='ltr'>ἀληθὴς</span> <span class='ocrx_word' id='word_1_82' title='bbox 2454 782 2704 855; x_wconf 76' lang='grc' dir='ltr'>ὑπάρχεισ</span> <span class='ocrx_word' id='word_1_83' title='bbox 2737 785 2843 838; x_wconf 88' lang='grc' dir='ltr'><strong>τῶν</strong></span> <span class='ocrx_word' id='word_1_84' title='bbox 2860 785 2914 837; x_wconf 83' lang='grc' dir='ltr'><strong>δὲ</strong></span> <span class='ocrx_word' id='word_1_85' title='bbox 2937 784 3009 857; x_wconf 79' lang='grc' dir='ltr'>μὴ</span> <span class='ocrx_word' id='word_1_86' title='bbox 3028 783 3265 840; x_wconf 79' lang='grc' dir='ltr'><strong>τοιούτων</strong></span> <span class='ocrx_word' id='word_1_87' title='bbox 3287 788 3352 858; x_wconf 79' lang='grc' dir='ltr'>μὴ</span> <span class='ocrx_word' id='word_1_88' title='bbox 3375 791 3664 862; x_wconf 76' lang='grc' dir='ltr'><strong>παραδέχεσθε</strong></span> 
     </span>
    </p>
   </div>
   <div class='ocr_carea' id='block_1_13' title="bbox 563 861 2117 958">
    <p class='ocr_par' dir='ltr' id='par_1_13' title="bbox 563 861 2113 933">
     <span class='ocr_line' id='line_1_13' title="bbox 563 861 2113 933; baseline 0.006 -19"><span class='ocrx_word' id='word_1_89' title='bbox 563 861 619 916; x_wconf 90' lang='lat' dir='ltr'><strong>in</strong></span> <span class='ocrx_word' id='word_1_90' title='bbox 648 861 765 930; x_wconf 85' lang='lat' dir='ltr'><strong>lege</strong></span> <span class='ocrx_word' id='word_1_91' title='bbox 807 865 1116 933; x_wconf 58' lang='lat' dir='ltr'><strong>praecipitur</strong></span> <span class='ocrx_word' id='word_1_92' title='bbox 1142 883 1156 919; x_wconf 92' lang='lat'><strong>:</strong></span> <span class='ocrx_word' id='word_1_93' title='bbox 1190 882 1209 916; x_wconf 81' lang='grc' dir='ltr'><strong>ι</strong></span> <span class='ocrx_word' id='word_1_94' title='bbox 1239 863 1356 918; x_wconf 83' lang='grc' dir='ltr'>Νοιι</span> <span class='ocrx_word' id='word_1_95' title='bbox 1386 867 1496 920; x_wconf 89' lang='lat' dir='ltr'><strong>eris</strong></span> <span class='ocrx_word' id='word_1_96' title='bbox 1525 880 1648 920; x_wconf 88' lang='lat' dir='ltr'><strong>cum</strong></span> <span class='ocrx_word' id='word_1_97' title='bbox 1675 868 1859 923; x_wconf 89' lang='lat' dir='ltr'><strong>multis</strong></span> <span class='ocrx_word' id='word_1_98' title='bbox 1883 869 1936 922; x_wconf 90' lang='lat' dir='ltr'><strong>in</strong></span> <span class='ocrx_word' id='word_1_99' title='bbox 1960 869 2113 924; x_wconf 83' lang='lat' dir='ltr'><strong>mali-</strong></span> 
     </span>
    </p>
   </div>
   <div class='ocr_carea' id='block_1_14' title="bbox 2109 861 3663 958">
    <p class='ocr_par' dir='ltr' id='par_1_14' title="bbox 2109 861 3663 958">
     <span class='ocr_line' id='line_1_14' title="bbox 2109 861 3663 958; baseline 0.008 -34"><span class='ocrx_word' id='word_1_100' title='bbox 2109 900 2113 909; x_wconf 75' lang='grc' dir='ltr'><strong>ι</strong></span> <span class='ocrx_word' id='word_1_101' title='bbox 2209 873 2306 945; x_wconf 81' lang='grc' dir='ltr'>τὴν</span> <span class='ocrx_word' id='word_1_102' title='bbox 2338 875 2635 948; x_wconf 83' lang='grc' dir='ltr'>μαρτυρίαν</span> <span class='ocrx_word' id='word_1_103' title='bbox 2663 877 2791 948; x_wconf 80' lang='grc'>(91),</span> <span class='ocrx_word' id='word_1_104' title='bbox 2832 876 2934 930; x_wconf 75' lang='grc' dir='ltr'>κᾶν</span> <span class='ocrx_word' id='word_1_105' title='bbox 2973 881 3264 948; x_wconf 72' lang='grc' dir='ltr'>συμφωνεῖν</span> <span class='ocrx_word' id='word_1_106' title='bbox 3302 879 3497 934; x_wconf 86' lang='grc' dir='ltr'><strong>δοκῶσιν</strong></span> <span class='ocrx_word' id='word_1_107' title='bbox 3528 885 3663 958; x_wconf 67' lang='grc' dir='ltr'>ὲπὶτῇ</span> 
     </span>
    </p>
   </div>
   <div class='ocr_carea' id='block_1_15' title="bbox 561 953 2115 1043">
    <p class='ocr_par' dir='ltr' id='par_1_15' title="bbox 561 953 2114 1026">
     <span class='ocr_line' id='line_1_15' title="bbox 561 953 2114 1026; baseline 0.006 -20"><span class='ocrx_word' id='word_1_108' title='bbox 561 953 657 1008; x_wconf 91' lang='lat' dir='ltr'><strong>tia.</strong></span> <span class='ocrx_word' id='word_1_109' title='bbox 703 953 818 1008; x_wconf 87' lang='lat' dir='ltr'><strong>Non</strong></span> <span class='ocrx_word' id='word_1_110' title='bbox 863 956 1128 1026; x_wconf 86' lang='lat' dir='ltr'><strong>suscipies</strong></span> <span class='ocrx_word' id='word_1_111' title='bbox 1177 956 1506 1012; x_wconf 79' lang='lat' dir='ltr'><strong>auditionem</strong></span> <span class='ocrx_word' id='word_1_112' title='bbox 1546 974 1763 1015; x_wconf 88' lang='lat' dir='ltr'><strong>vanam.</strong></span> <span class='ocrx_word' id='word_1_113' title='bbox 1811 959 1932 1016; x_wconf 84' lang='lat' dir='ltr'><strong>Non</strong></span> <span class='ocrx_word' id='word_1_114' title='bbox 1981 975 2114 1016; x_wconf 90' lang='lat' dir='ltr'><strong>con-</strong></span> 
     </span>
    </p>
   </div>
   <div class='ocr_carea' id='block_1_16' title="bbox 2113 953 3667 1043">
    <p class='ocr_par' dir='ltr' id='par_1_16' title="bbox 2216 953 3667 1043">
     <span class='ocr_line' id='line_1_16' title="bbox 2216 953 3667 1043; baseline 0.008 -27"><span class='ocrx_word' id='word_1_115' title='bbox 2216 965 2645 1038; x_wconf 80' lang='grc' dir='ltr'>καταμαρτυρίᾳ’</span> <span class='ocrx_word' id='word_1_116' title='bbox 2680 965 3070 1040; x_wconf 79' lang='grc' dir='ltr'>προστέτακται</span> <span class='ocrx_word' id='word_1_117' title='bbox 3095 969 3197 1041; x_wconf 83' lang='grc' dir='ltr'><strong>γὰρ</strong></span> <span class='ocrx_word' id='word_1_118' title='bbox 3213 972 3268 1022; x_wconf 79' lang='grc' dir='ltr'>ὲν</span> <span class='ocrx_word' id='word_1_119' title='bbox 3295 971 3512 1043; x_wconf 84' lang='grc' dir='ltr'>τῷνόμῳ·</span> <span class='ocrx_word' id='word_1_120' title='bbox 3555 953 3667 1028; x_wconf 68' lang='grc' dir='ltr'><strong>«Οὐκ</strong></span> 
     </span>
    </p>
   </div>
   <div class='ocr_carea' id='block_1_17' title="bbox 564 1046 2118 1136">
    <p class='ocr_par' dir='ltr' id='par_1_17' title="bbox 564 1046 2109 1122">
     <span class='ocr_line' id='line_1_17' title="bbox 564 1046 2109 1122; baseline 0.003 -23"><span class='ocrx_word' id='word_1_121' title='bbox 564 1046 764 1101; x_wconf 77' lang='lat' dir='ltr'><strong>senties</strong></span> <span class='ocrx_word' id='word_1_122' title='bbox 792 1061 912 1100; x_wconf 91' lang='lat' dir='ltr'><strong>cum</strong></span> <span class='ocrx_word' id='word_1_123' title='bbox 947 1047 1308 1112; x_wconf 75' lang='lat' dir='ltr'><strong>multitudine,</strong></span> <span class='ocrx_word' id='word_1_124' title='bbox 1347 1055 1406 1102; x_wconf 89' lang='lat' dir='ltr'><strong>ut</strong></span> <span class='ocrx_word' id='word_1_125' title='bbox 1431 1048 1672 1105; x_wconf 79' lang='lat' dir='ltr'><strong>declines</strong></span> <span class='ocrx_word' id='word_1_126' title='bbox 1707 1066 1738 1105; x_wconf 85' lang='lat' dir='ltr'><strong>a</strong></span> <span class='ocrx_word' id='word_1_127' title='bbox 1761 1051 1973 1122; x_wconf 86' lang='lat' dir='ltr'><strong>justitia</strong></span> <span class='ocrx_word' id='word_1_128' title='bbox 2014 1053 2109 1111; x_wconf 68' lang='lat' dir='ltr'><strong>&quot;.p</strong></span> 
     </span>
    </p>
   </div>
   <div class='ocr_carea' id='block_1_18' title="bbox 2114 1046 3668 1136">
    <p class='ocr_par' dir='ltr' id='par_1_18' title="bbox 2211 1053 3668 1136">
     <span class='ocr_line' id='line_1_18' title="bbox 2211 1053 3668 1136; baseline 0.008 -30"><span class='ocrx_word' id='word_1_129' title='bbox 2211 1053 2306 1126; x_wconf 77' lang='grc' dir='ltr'><strong>ἔσῃ</strong></span> <span class='ocrx_word' id='word_1_130' title='bbox 2344 1055 2480 1126; x_wconf 86' lang='grc' dir='ltr'><strong>μετά</strong></span> <span class='ocrx_word' id='word_1_131' title='bbox 2508 1057 2711 1112; x_wconf 81' lang='grc' dir='ltr'>πολλῶν</span> <span class='ocrx_word' id='word_1_132' title='bbox 2740 1058 2831 1112; x_wconf 69' lang='grc' dir='ltr'><strong>ἐπὶ</strong></span> <span class='ocrx_word' id='word_1_133' title='bbox 2858 1061 3042 1133; x_wconf 73' lang='grc' dir='ltr'>κακίᾳ·</span> <span class='ocrx_word' id='word_1_134' title='bbox 3086 1060 3144 1114; x_wconf 82' lang='grc' dir='ltr'>οὐ</span> <span class='ocrx_word' id='word_1_135' title='bbox 3173 1063 3420 1134; x_wconf 80' lang='grc' dir='ltr'><strong>παραδέξῃ</strong></span> <span class='ocrx_word' id='word_1_136' title='bbox 3443 1064 3576 1136; x_wconf 77' lang='grc' dir='ltr'>ἀκοὴν</span> <span class='ocrx_word' id='word_1_137' title='bbox 3594 1085 3668 1136; x_wconf 79' lang='grc' dir='ltr'>μα-</span> 
     </span>
    </p>
   </div>
   <div class='ocr_carea' id='block_1_19' title="bbox 565 1136 2119 1225">
    <p class='ocr_par' dir='ltr' id='par_1_19' title="bbox 565 1136 2111 1214">
     <span class='ocr_line' id='line_1_19' title="bbox 565 1136 2111 1214; baseline 0.005 -25"><span class='ocrx_word' id='word_1_138' title='bbox 565 1136 641 1190; x_wconf 84' lang='lat' dir='ltr'><strong>Ex</strong></span> <span class='ocrx_word' id='word_1_139' title='bbox 673 1138 777 1190; x_wconf 89' lang='lat' dir='ltr'><strong>alia</strong></span> <span class='ocrx_word' id='word_1_140' title='bbox 806 1153 932 1193; x_wconf 89' lang='lat' dir='ltr'><strong>vero</strong></span> <span class='ocrx_word' id='word_1_141' title='bbox 963 1146 1115 1208; x_wconf 90' lang='lat' dir='ltr'><strong>parte</strong></span> <span class='ocrx_word' id='word_1_142' title='bbox 1144 1155 1294 1194; x_wconf 91' lang='lat' dir='ltr'><strong>reum</strong></span> <span class='ocrx_word' id='word_1_143' title='bbox 1322 1140 1485 1195; x_wconf 90' lang='lat' dir='ltr'><strong>etiam</strong></span> <span class='ocrx_word' id='word_1_144' title='bbox 1516 1155 1546 1195; x_wconf 91' lang='lat' dir='ltr'><strong>a</strong></span> <span class='ocrx_word' id='word_1_145' title='bbox 1575 1142 1729 1198; x_wconf 81' lang='lat' dir='ltr'><strong>vobis</strong></span> <span class='ocrx_word' id='word_1_146' title='bbox 1774 1151 1986 1214; x_wconf 84' lang='lat' dir='ltr'><strong>Oportet</strong></span> <span class='ocrx_word' id='word_1_147' title='bbox 2016 1157 2111 1197; x_wconf 89' lang='lat' dir='ltr'><strong>co-</strong></span> 
     </span>
    </p>
   </div>
   <div class='ocr_carea' id='block_1_20' title="bbox 2117 1136 3671 1225">
    <p class='ocr_par' dir='ltr' id='par_1_20' title="bbox 2209 1145 3671 1225">
     <span class='ocr_line' id='line_1_20' title="bbox 2209 1145 3671 1225; baseline 0.008 -28"><span class='ocrx_word' id='word_1_148' title='bbox 2209 1145 2385 1199; x_wconf 89' lang='grc' dir='ltr'>ταίαν·</span> <span class='ocrx_word' id='word_1_149' title='bbox 2431 1147 2492 1202; x_wconf 83' lang='grc' dir='ltr'>οὐ</span> <span class='ocrx_word' id='word_1_150' title='bbox 2534 1151 2911 1223; x_wconf 81' lang='grc' dir='ltr'>συγκαταθήσῃ</span> <span class='ocrx_word' id='word_1_151' title='bbox 2963 1151 3098 1224; x_wconf 88' lang='grc' dir='ltr'><strong>μετά</strong></span> <span class='ocrx_word' id='word_1_152' title='bbox 3139 1153 3356 1225; x_wconf 79' lang='grc' dir='ltr'>πλήθους</span> <span class='ocrx_word' id='word_1_153' title='bbox 3404 1155 3598 1207; x_wconf 70' lang='grc' dir='ltr'>ἐκκλῖναι</span> <span class='ocrx_word' id='word_1_154' title='bbox 3628 1159 3671 1209; x_wconf 76' lang='grc' dir='ltr'>τὸ</span> 
     </span>
    </p>
   </div>
   <div class='ocr_carea' id='block_1_21' title="bbox 563 1230 2117 1318">
    <p class='ocr_par' dir='ltr' id='par_1_21' title="bbox 563 1230 2114 1307">
     <span class='ocr_line' id='line_1_21' title="bbox 563 1230 2114 1307; baseline 0.006 -25"><span class='ocrx_word' id='word_1_155' title='bbox 563 1230 772 1298; x_wconf 88' lang='lat' dir='ltr'><strong>gnosci,</strong></span> <span class='ocrx_word' id='word_1_156' title='bbox 805 1231 1016 1300; x_wconf 90' lang='lat' dir='ltr'><strong>qualem</strong></span> <span class='ocrx_word' id='word_1_157' title='bbox 1050 1246 1109 1286; x_wconf 91' lang='lat' dir='ltr'><strong>se</strong></span> <span class='ocrx_word' id='word_1_158' title='bbox 1132 1233 1185 1285; x_wconf 91' lang='lat' dir='ltr'><strong>in</strong></span> <span class='ocrx_word' id='word_1_159' title='bbox 1215 1234 1336 1286; x_wconf 84' lang='lat' dir='ltr'><strong>vitae</strong></span> <span class='ocrx_word' id='word_1_160' title='bbox 1358 1248 1460 1287; x_wconf 88' lang='lat' dir='ltr'><strong>usu</strong></span> <span class='ocrx_word' id='word_1_161' title='bbox 1491 1243 1545 1288; x_wconf 91' lang='lat' dir='ltr'><strong>et</strong></span> <span class='ocrx_word' id='word_1_162' title='bbox 1573 1235 1966 1291; x_wconf 87' lang='lat' dir='ltr'><strong>consuetudine</strong></span> <span class='ocrx_word' id='word_1_163' title='bbox 1992 1251 2114 1307; x_wconf 81' lang='lat' dir='ltr'><strong>ges-</strong></span> 
     </span>
    </p>
   </div>
   <div class='ocr_carea' id='block_1_22' title="bbox 2117 1230 3671 1318">
    <p class='ocr_par' dir='ltr' id='par_1_22' title="bbox 2210 1237 3671 1318">
     <span class='ocr_line' id='line_1_22' title="bbox 2210 1237 3671 1318; baseline 0.008 -28"><span class='ocrx_word' id='word_1_164' title='bbox 2210 1237 2433 1293; x_wconf 85' lang='grc' dir='ltr'>δίκαιον.</span> <span class='ocrx_word' id='word_1_165' title='bbox 2465 1258 2484 1294; x_wconf 74' lang='grc' dir='ltr'><strong>ι</strong></span> <span class='ocrx_word' id='word_1_166' title='bbox 2549 1243 2633 1296; x_wconf 86' lang='grc' dir='ltr'>Ἐν</span> <span class='ocrx_word' id='word_1_167' title='bbox 2665 1243 2817 1315; x_wconf 85' lang='grc' dir='ltr'>μέρει</span> <span class='ocrx_word' id='word_1_168' title='bbox 2860 1243 2915 1296; x_wconf 84' lang='grc' dir='ltr'>δὲ</span> <span class='ocrx_word' id='word_1_169' title='bbox 2958 1244 3051 1298; x_wconf 76' lang='grc' dir='ltr'>καὶ</span> <span class='ocrx_word' id='word_1_170' title='bbox 3093 1245 3180 1298; x_wconf 76' lang='grc' dir='ltr'><strong>τὸν</strong></span> <span class='ocrx_word' id='word_1_171' title='bbox 3218 1247 3494 1318; x_wconf 81' lang='grc' dir='ltr'>κρινόμενον</span> <span class='ocrx_word' id='word_1_172' title='bbox 3529 1251 3671 1302; x_wconf 78' lang='grc' dir='ltr'>ειδέναι</span> 
     </span>
    </p>
   </div>
   <div class='ocr_carea' id='block_1_23' title="bbox 566 1322 2120 1408">
    <p class='ocr_par' dir='ltr' id='par_1_23' title="bbox 566 1322 2113 1397">
     <span class='ocr_line' id='line_1_23' title="bbox 566 1322 2113 1397; baseline 0.006 -26"><span class='ocrx_word' id='word_1_173' title='bbox 566 1322 716 1383; x_wconf 73' lang='lat' dir='ltr'><strong>serit,</strong></span> <span class='ocrx_word' id='word_1_174' title='bbox 752 1335 821 1374; x_wconf 89' lang='lat' dir='ltr'><strong>an</strong></span> <span class='ocrx_word' id='word_1_175' title='bbox 869 1337 931 1376; x_wconf 90' lang='lat' dir='ltr'><strong>ex</strong></span> <span class='ocrx_word' id='word_1_176' title='bbox 984 1324 1226 1378; x_wconf 91' lang='lat' dir='ltr'><strong>moribus</strong></span> <span class='ocrx_word' id='word_1_177' title='bbox 1258 1323 1468 1378; x_wconf 90' lang='lat' dir='ltr'><strong>Iaudem</strong></span> <span class='ocrx_word' id='word_1_178' title='bbox 1513 1324 1617 1379; x_wconf 87' lang='lat' dir='ltr'><strong>sibi</strong></span> <span class='ocrx_word' id='word_1_179' title='bbox 1656 1327 2002 1397; x_wconf 89' lang='lat' dir='ltr'><strong>compararit,</strong></span> <span class='ocrx_word' id='word_1_180' title='bbox 2045 1342 2113 1382; x_wconf 89' lang='lat' dir='ltr'><strong>an</strong></span> 
     </span>
    </p>
   </div>
   <div class='ocr_carea' id='block_1_24' title="bbox 2119 1322 3673 1408">
    <p class='ocr_par' dir='ltr' id='par_1_24' title="bbox 2211 1331 3673 1408">
     <span class='ocr_line' id='line_1_24' title="bbox 2211 1331 3673 1408; baseline 0.005 -24"><span class='ocrx_word' id='word_1_181' title='bbox 2211 1331 2470 1400; x_wconf 78' lang='grc' dir='ltr'><strong>ὀφείλετε,</strong></span> <span class='ocrx_word' id='word_1_182' title='bbox 2499 1334 2674 1397; x_wconf 86' lang='grc' dir='ltr'>ὁποῖός</span> <span class='ocrx_word' id='word_1_183' title='bbox 2701 1335 2816 1388; x_wconf 78' lang='grc' dir='ltr'>ἐστι</span> <span class='ocrx_word' id='word_1_184' title='bbox 2841 1338 2906 1407; x_wconf 82' lang='grc' dir='ltr'><strong>τῇ</strong></span> <span class='ocrx_word' id='word_1_185' title='bbox 2935 1335 3028 1388; x_wconf 84' lang='grc' dir='ltr'><strong>τοῦ</strong></span> <span class='ocrx_word' id='word_1_186' title='bbox 3058 1335 3168 1405; x_wconf 81' lang='grc' dir='ltr'>βίου</span> <span class='ocrx_word' id='word_1_187' title='bbox 3210 1336 3440 1408; x_wconf 72' lang='grc' dir='ltr'>συνηθείᾳ</span> <span class='ocrx_word' id='word_1_188' title='bbox 3472 1338 3549 1391; x_wconf 73' lang='grc' dir='ltr'><strong>κα)⁴</strong></span> <span class='ocrx_word' id='word_1_189' title='bbox 3579 1340 3673 1391; x_wconf 85' lang='grc' dir='ltr'>ἀνα-</span> 
     </span>
    </p>
   </div>
   <div class='ocr_carea' id='block_1_25' title="bbox 566 1408 2120 1499">
    <p class='ocr_par' dir='ltr' id='par_1_25' title="bbox 566 1408 2110 1487">
     <span class='ocr_line' id='line_1_25' title="bbox 566 1408 2110 1487; baseline 0.006 -24"><span class='ocrx_word' id='word_1_190' title='bbox 566 1408 876 1481; x_wconf 90' lang='lat' dir='ltr'><strong>inculpatus</strong></span> <span class='ocrx_word' id='word_1_191' title='bbox 903 1415 996 1481; x_wconf 87' lang='lat' dir='ltr'><strong>sit,</strong></span> <span class='ocrx_word' id='word_1_192' title='bbox 1021 1429 1089 1468; x_wconf 92' lang='lat' dir='ltr'><strong>an</strong></span> <span class='ocrx_word' id='word_1_193' title='bbox 1115 1415 1330 1484; x_wconf 88' lang='lat' dir='ltr'><strong>pietatis</strong></span> <span class='ocrx_word' id='word_1_194' title='bbox 1359 1422 1624 1480; x_wconf 84' lang='lat' dir='ltr'><strong>sectator;</strong></span> <span class='ocrx_word' id='word_1_195' title='bbox 1656 1431 1723 1470; x_wconf 88' lang='lat' dir='ltr'><strong>an</strong></span> <span class='ocrx_word' id='word_1_196' title='bbox 1750 1432 1875 1487; x_wconf 85' lang='lat' dir='ltr'><strong>erga</strong></span> <span class='ocrx_word' id='word_1_197' title='bbox 1898 1417 2110 1481; x_wconf 86' lang='lat' dir='ltr'><strong>viduas,</strong></span> 
     </span>
    </p>
   </div>
   <div class='ocr_carea' id='block_1_26' title="bbox 2118 1408 3672 1499">
    <p class='ocr_par' dir='ltr' id='par_1_26' title="bbox 2214 1426 3672 1499">
     <span class='ocr_line' id='line_1_26' title="bbox 2214 1426 3672 1499; baseline 0.004 -25"><span class='ocrx_word' id='word_1_198' title='bbox 2214 1427 2437 1496; x_wconf 79' lang='grc' dir='ltr'>στροφῇ,</span> <span class='ocrx_word' id='word_1_199' title='bbox 2468 1426 2515 1479; x_wconf 86' lang='grc' dir='ltr'><strong>εί</strong></span> <span class='ocrx_word' id='word_1_200' title='bbox 2547 1426 3031 1499; x_wconf 86' lang='grc' dir='ltr'>μεμαρτυρημένος</span> <span class='ocrx_word' id='word_1_201' title='bbox 3055 1426 3144 1480; x_wconf 81' lang='grc' dir='ltr'>τὸν</span> <span class='ocrx_word' id='word_1_202' title='bbox 3171 1427 3294 1497; x_wconf 84' lang='grc' dir='ltr'>βίον,</span> <span class='ocrx_word' id='word_1_203' title='bbox 3324 1429 3367 1480; x_wconf 77' lang='grc' dir='ltr'>εἰ</span> <span class='ocrx_word' id='word_1_204' title='bbox 3402 1428 3672 1498; x_wconf 76' lang='grc' dir='ltr'>ἀνέγκλητος,</span> 
     </span>
    </p>
   </div>
   <div class='ocr_carea' id='block_1_27' title="bbox 567 1504 2121 1590">
    <p class='ocr_par' dir='ltr' id='par_1_27' title="bbox 567 1504 2113 1578">
     <span class='ocr_line' id='line_1_27' title="bbox 567 1504 2113 1578; baseline 0.003 -20"><span class='ocrx_word' id='word_1_205' title='bbox 567 1504 827 1576; x_wconf 87' lang='lat' dir='ltr'><strong>hospites,</strong></span> <span class='ocrx_word' id='word_1_206' title='bbox 848 1515 900 1561; x_wconf 92' lang='lat' dir='ltr'><strong>et</strong></span> <span class='ocrx_word' id='word_1_207' title='bbox 920 1523 1181 1577; x_wconf 84' lang='lat' dir='ltr'><strong>pauperes</strong></span> <span class='ocrx_word' id='word_1_208' title='bbox 1201 1507 1486 1578; x_wconf 86' lang='lat' dir='ltr'><strong>benignus,</strong></span> <span class='ocrx_word' id='word_1_209' title='bbox 1513 1521 1580 1560; x_wconf 90' lang='lat' dir='ltr'><strong>an</strong></span> <span class='ocrx_word' id='word_1_210' title='bbox 1602 1506 1828 1562; x_wconf 79' lang='lat' dir='ltr'><strong>fratrum</strong></span> <span class='ocrx_word' id='word_1_211' title='bbox 1846 1522 2034 1563; x_wconf 89' lang='lat' dir='ltr'><strong>amans</strong></span> <span class='ocrx_word' id='word_1_212' title='bbox 2046 1507 2113 1576; x_wconf 84' lang='grc'><strong>⁹³;</strong></span> 
     </span>
    </p>
   </div>
   <div class='ocr_carea' id='block_1_28' title="bbox 2122 1504 3676 1590">
    <p class='ocr_par' dir='ltr' id='par_1_28' title="bbox 2213 1515 3676 1590">
     <span class='ocr_line' id='line_1_28' title="bbox 2213 1515 3676 1590; baseline 0.001 -23"><span class='ocrx_word' id='word_1_213' title='bbox 2213 1515 2261 1568; x_wconf 81' lang='grc' dir='ltr'><strong>εί</strong></span> <span class='ocrx_word' id='word_1_214' title='bbox 2287 1516 2535 1588; x_wconf 80' lang='grc' dir='ltr'>ὁσιότητα</span> <span class='ocrx_word' id='word_1_215' title='bbox 2564 1517 2869 1588; x_wconf 75' lang='grc' dir='ltr'>ἐζηλωκὼς,</span> <span class='ocrx_word' id='word_1_216' title='bbox 2911 1519 2961 1571; x_wconf 83' lang='grc' dir='ltr'><strong>εί</strong></span> <span class='ocrx_word' id='word_1_217' title='bbox 2997 1518 3275 1590; x_wconf 90' lang='grc' dir='ltr'>φιλόχηρος</span> <span class='ocrx_word' id='word_1_218' title='bbox 3311 1517 3430 1588; x_wconf 74' lang='grc'>(92),</span> <span class='ocrx_word' id='word_1_219' title='bbox 3467 1519 3545 1572; x_wconf 70' lang='grc' dir='ltr'>καὶ</span> <span class='ocrx_word' id='word_1_220' title='bbox 3573 1518 3676 1588; x_wconf 71' lang='grc' dir='ltr'>φιλό·</span> 
     </span>
    </p>
   </div>
   <div class='ocr_carea' id='block_1_29' title="bbox 568 1599 2122 1682">
    <p class='ocr_par' dir='ltr' id='par_1_29' title="bbox 568 1599 2112 1671">
     <span class='ocr_line' id='line_1_29' title="bbox 568 1599 2112 1671; baseline 0.002 -19"><span class='ocrx_word' id='word_1_221' title='bbox 568 1614 637 1652; x_wconf 92' lang='lat' dir='ltr'><strong>an</strong></span> <span class='ocrx_word' id='word_1_222' title='bbox 660 1601 832 1671; x_wconf 87' lang='lat' dir='ltr'><strong>turpis</strong></span> <span class='ocrx_word' id='word_1_223' title='bbox 855 1602 991 1655; x_wconf 91' lang='lat' dir='ltr'><strong>lucri</strong></span> <span class='ocrx_word' id='word_1_224' title='bbox 1013 1617 1121 1654; x_wconf 89' lang='lat' dir='ltr'><strong>non</strong></span> <span class='ocrx_word' id='word_1_225' title='bbox 1142 1600 1395 1671; x_wconf 90' lang='lat' dir='ltr'><strong>cupidus,</strong></span> <span class='ocrx_word' id='word_1_226' title='bbox 1417 1615 1526 1654; x_wconf 90' lang='lat' dir='ltr'><strong>non</strong></span> <span class='ocrx_word' id='word_1_227' title='bbox 1546 1599 1736 1654; x_wconf 89' lang='lat' dir='ltr'><strong>avidus</strong></span> <span class='ocrx_word' id='word_1_228' title='bbox 1758 1599 2112 1670; x_wconf 89' lang='lat' dir='ltr'><strong>depastionis,</strong></span> 
     </span>
    </p>
   </div>
   <div class='ocr_carea' id='block_1_30' title="bbox 2122 1599 3676 1682">
    <p class='ocr_par' dir='ltr' id='par_1_30' title="bbox 2216 1606 3676 1682">
     <span class='ocr_line' id='line_1_30' title="bbox 2216 1606 3676 1682; baseline -0.001 -20"><span class='ocrx_word' id='word_1_229' title='bbox 2216 1606 2378 1672; x_wconf 81' lang='grc' dir='ltr'>ξενος,</span> <span class='ocrx_word' id='word_1_230' title='bbox 2408 1611 2500 1664; x_wconf 78' lang='grc' dir='ltr'>καὶ</span> <span class='ocrx_word' id='word_1_231' title='bbox 2531 1610 2882 1682; x_wconf 86' lang='grc' dir='ltr'>φιλόπτωχος,</span> <span class='ocrx_word' id='word_1_232' title='bbox 2913 1611 3006 1665; x_wconf 71' lang='grc' dir='ltr'>καὶ</span> <span class='ocrx_word' id='word_1_233' title='bbox 3033 1609 3350 1681; x_wconf 84' lang='grc' dir='ltr'>φιλάδελφος,</span> <span class='ocrx_word' id='word_1_234' title='bbox 3372 1611 3414 1660; x_wconf 78' lang='grc' dir='ltr'>εὶ</span> <span class='ocrx_word' id='word_1_235' title='bbox 3434 1609 3497 1679; x_wconf 80' lang='grc' dir='ltr'>μὴ</span> <span class='ocrx_word' id='word_1_236' title='bbox 3514 1610 3676 1680; x_wconf 70' lang='grc' dir='ltr'>αἰσχρο-</span> 
     </span>
    </p>
   </div>
   <div class='ocr_carea' id='block_1_31' title="bbox 566 1691 2120 1775">
    <p class='ocr_par' dir='ltr' id='par_1_31' title="bbox 566 1691 2115 1763">
     <span class='ocr_line' id='line_1_31' title="bbox 566 1691 2115 1763; baseline 0 -17"><span class='ocrx_word' id='word_1_237' title='bbox 566 1707 677 1746; x_wconf 92' lang='lat' dir='ltr'><strong>non</strong></span> <span class='ocrx_word' id='word_1_238' title='bbox 712 1693 953 1763; x_wconf 79' lang='lat' dir='ltr'><strong>pecuniae</strong></span> <span class='ocrx_word' id='word_1_239' title='bbox 980 1700 1169 1763; x_wconf 90' lang='lat' dir='ltr'><strong>raptor</strong></span> <span class='ocrx_word' id='word_1_240' title='bbox 1201 1707 1266 1749; x_wconf 87' lang='lat' dir='ltr'><strong>ac</strong></span> <span class='ocrx_word' id='word_1_241' title='bbox 1295 1691 1566 1762; x_wconf 88' lang='lat' dir='ltr'><strong>procella;</strong></span> <span class='ocrx_word' id='word_1_242' title='bbox 1597 1705 1667 1745; x_wconf 89' lang='lat' dir='ltr'><strong>an</strong></span> <span class='ocrx_word' id='word_1_243' title='bbox 1697 1697 2029 1760; x_wconf 86' lang='lat' dir='ltr'><strong>temperans,</strong></span> <span class='ocrx_word' id='word_1_244' title='bbox 2061 1698 2115 1748; x_wconf 89' lang='lat' dir='ltr'><strong>et</strong></span> 
     </span>
    </p>
   </div>
   <div class='ocr_carea' id='block_1_32' title="bbox 2125 1691 3679 1775">
    <p class='ocr_par' dir='ltr' id='par_1_32' title="bbox 2145 1698 3679 1775">
     <span class='ocr_line' id='line_1_32' title="bbox 2145 1698 3679 1775; baseline -0.018 1"><span class='ocrx_word' id='word_1_245' title='bbox 2145 1765 2184 1775; x_wconf 75' lang='lat'><strong>_</strong></span> <span class='ocrx_word' id='word_1_246' title='bbox 2215 1700 2428 1772; x_wconf 64' lang='grc' dir='ltr'><strong>κερδὴςθ</strong></span> <span class='ocrx_word' id='word_1_247' title='bbox 2456 1701 2550 1756; x_wconf 68' lang='grc' dir='ltr'><strong>καὶ</strong></span> <span class='ocrx_word' id='word_1_248' title='bbox 2579 1701 2652 1775; x_wconf 81' lang='grc' dir='ltr'>μὴ</span> <span class='ocrx_word' id='word_1_249' title='bbox 2696 1701 2907 1775; x_wconf 81' lang='grc' dir='ltr'>βρὼτης</span> <span class='ocrx_word' id='word_1_250' title='bbox 2945 1702 3038 1756; x_wconf 74' lang='grc' dir='ltr'>καὶ</span> <span class='ocrx_word' id='word_1_251' title='bbox 3077 1699 3505 1773; x_wconf 76' lang='grc' dir='ltr'>χρηματολαίλαψ,</span> <span class='ocrx_word' id='word_1_252' title='bbox 3537 1700 3576 1750; x_wconf 74' lang='grc' dir='ltr'>εἰ</span> <span class='ocrx_word' id='word_1_253' title='bbox 3608 1698 3679 1751; x_wconf 82' lang='grc' dir='ltr'>σώ-</span> 
     </span>
    </p>
   </div>
   <div class='ocr_carea' id='block_1_33' title="bbox 568 1765 2122 1864">
    <p class='ocr_par' dir='ltr' id='par_1_33' title="bbox 568 1781 2114 1854">
     <span class='ocr_line' id='line_1_33' title="bbox 568 1781 2114 1854; baseline -0.001 -15"><span class='ocrx_word' id='word_1_254' title='bbox 568 1800 678 1839; x_wconf 92' lang='lat' dir='ltr'><strong>non</strong></span> <span class='ocrx_word' id='word_1_255' title='bbox 710 1785 1040 1849; x_wconf 80' lang='lat' dir='ltr'><strong>luxuriosus,</strong></span> <span class='ocrx_word' id='word_1_256' title='bbox 1074 1792 1167 1838; x_wconf 92' lang='lat' dir='ltr'><strong>aut</strong></span> <span class='ocrx_word' id='word_1_257' title='bbox 1191 1784 1517 1849; x_wconf 85' lang='lat' dir='ltr'><strong>vinolentus,</strong></span> <span class='ocrx_word' id='word_1_258' title='bbox 1550 1789 1644 1836; x_wconf 89' lang='lat' dir='ltr'><strong>aut</strong></span> <span class='ocrx_word' id='word_1_259' title='bbox 1668 1783 1877 1839; x_wconf 88' lang='lat' dir='ltr'><strong>otiosus</strong></span> <span class='ocrx_word' id='word_1_260' title='bbox 1900 1781 2114 1854; x_wconf 81' lang='lat' dir='ltr'><strong>frugum</strong></span> 
     </span>
    </p>
   </div>
   <div class='ocr_carea' id='block_1_34' title="bbox 2125 1765 3679 1864">
    <p class='ocr_par' dir='ltr' id='par_1_34' title="bbox 2145 1765 3679 1864">
     <span class='ocr_line' id='line_1_34' title="bbox 2145 1765 3679 1864; baseline -0.002 -18"><span class='ocrx_word' id='word_1_261' title='bbox 2145 1765 2188 1824; x_wconf 76' lang='grc' dir='ltr'><strong>Β</strong></span> <span class='ocrx_word' id='word_1_262' title='bbox 2215 1765 2384 1862; x_wconf 40' lang='grc' dir='ltr'>φρωνξ</span> <span class='ocrx_word' id='word_1_263' title='bbox 2415 1791 2509 1846; x_wconf 73' lang='grc' dir='ltr'>καὶ</span> <span class='ocrx_word' id='word_1_264' title='bbox 2539 1765 2613 1864; x_wconf 53' lang='grc' dir='ltr'><strong>μὴ</strong></span> <span class='ocrx_word' id='word_1_265' title='bbox 2640 1765 2946 1864; x_wconf 49' lang='grc' dir='ltr'>ἀσώτοςξῆ</span> <span class='ocrx_word' id='word_1_266' title='bbox 2993 1765 3237 1863; x_wconf 67' lang='grc' dir='ltr'>μέθυσος,</span> <span class='ocrx_word' id='word_1_267' title='bbox 3280 1791 3311 1864; x_wconf 75' lang='grc' dir='ltr'>ἢ</span> <span class='ocrx_word' id='word_1_268' title='bbox 3352 1765 3626 1864; x_wconf 85' lang='grc' dir='ltr'>ἀργοφὰγος,</span> <span class='ocrx_word' id='word_1_269' title='bbox 3647 1791 3679 1842; x_wconf 82' lang='grc' dir='ltr'><strong>ιι</strong></span> 
     </span>
    </p>
   </div>
   <div class='ocr_carea' id='block_1_35' title="bbox 567 1873 2121 1957">
    <p class='ocr_par' dir='ltr' id='par_1_35' title="bbox 567 1873 2117 1947">
     <span class='ocr_line' id='line_1_35' title="bbox 567 1873 2117 1947; baseline -0.001 -16"><span class='ocrx_word' id='word_1_270' title='bbox 567 1886 951 1947; x_wconf 86' lang='lat' dir='ltr'><strong>consumptor;</strong></span> <span class='ocrx_word' id='word_1_271' title='bbox 987 1891 1056 1931; x_wconf 88' lang='lat' dir='ltr'><strong>an</strong></span> <span class='ocrx_word' id='word_1_272' title='bbox 1094 1874 1441 1939; x_wconf 88' lang='lat' dir='ltr'><strong>misericors,</strong></span> <span class='ocrx_word' id='word_1_273' title='bbox 1485 1882 1646 1945; x_wconf 87' lang='lat' dir='ltr'><strong>atque</strong></span> <span class='ocrx_word' id='word_1_274' title='bbox 1677 1873 1746 1929; x_wconf 88' lang='lat' dir='ltr'><strong>ad</strong></span> <span class='ocrx_word' id='word_1_275' title='bbox 1781 1873 2117 1946; x_wconf 73' lang='lat' dir='ltr'><strong>largiendum</strong></span> 
     </span>
    </p>
   </div>
   <div class='ocr_carea' id='block_1_36' title="bbox 1554 1873 3108 1957">
    <p class='ocr_par' dir='ltr' id='par_1_36' title="bbox 1554 1873 3108 1957">
     <span class='ocr_line' id='line_1_36' title="bbox 1554 1873 3108 1957; baseline 0.007 -29"><span class='ocrx_word' id='word_1_276' title='bbox 1554 1889 1646 1945; x_wconf 61' lang='lat' dir='ltr'><strong>que</strong></span> <span class='ocrx_word' id='word_1_277' title='bbox 1677 1873 1746 1929; x_wconf 88' lang='lat' dir='ltr'><strong>ad</strong></span> <span class='ocrx_word' id='word_1_278' title='bbox 1781 1873 2117 1946; x_wconf 73' lang='lat' dir='ltr'><strong>largiendum</strong></span> <span class='ocrx_word' id='word_1_279' title='bbox 2214 1882 2598 1957; x_wconf 76' lang='grc' dir='ltr'>εὖσπλαγχνος,</span> <span class='ocrx_word' id='word_1_280' title='bbox 2626 1884 2719 1940; x_wconf 71' lang='grc' dir='ltr'>καὶ</span> <span class='ocrx_word' id='word_1_281' title='bbox 2743 1884 3108 1957; x_wconf 81' lang='grc' dir='ltr'>εὐμετάδοτος.</span> 
     </span>
    </p>
   </div>
   <div class='ocr_carea' id='block_1_37' title="bbox 565 1976 868 2041">
    <p class='ocr_par' dir='ltr' id='par_1_37' title="bbox 565 1976 868 2041">
     <span class='ocr_line' id='line_1_37' title="bbox 565 1976 868 2041; baseline 0 -17"><span class='ocrx_word' id='word_1_282' title='bbox 565 1976 868 2041; x_wconf 84' lang='lat' dir='ltr'><strong>promptus.</strong></span> 
     </span>
    </p>
   </div>
   <div class='ocr_carea' id='block_1_38' title="bbox 1177 2079 2731 2144">
    <p class='ocr_par' dir='ltr' id='par_1_38' title="bbox 1177 2079 1507 2140">
     <span class='ocr_line' id='line_1_38' title="bbox 1177 2079 1507 2140; baseline -0.003 0"><span class='ocrx_word' id='word_1_283' title='bbox 1177 2080 1404 2140; x_wconf 83' lang='lat' dir='ltr'><strong>CAPUT</strong></span> <span class='ocrx_word' id='word_1_284' title='bbox 1444 2079 1507 2139; x_wconf 82' lang='lat' dir='ltr'><strong>L.</strong></span> 
     </span>
    </p>
   </div>
   <div class='ocr_carea' id='block_1_39' title="bbox 1677 2079 3231 2144">
    <p class='ocr_par' dir='ltr' id='par_1_39' title="bbox 2737 2087 3231 2144">
     <span class='ocr_line' id='line_1_39' title="bbox 2737 2087 3231 2144; baseline -0.006 0"><span class='ocrx_word' id='word_1_285' title='bbox 2737 2087 3128 2144; x_wconf 76' lang='grc' dir='ltr'><strong>ΚΕΦΑΛᾹῙΟΝ</strong></span> <span class='ocrx_word' id='word_1_286' title='bbox 3152 2087 3231 2142; x_wconf 86' lang='lat' dir='ltr'><strong>N&#39;.</strong></span> 
     </span>
    </p>
   </div>
   <div class='ocr_carea' id='block_1_40' title="bbox 569 2173 2123 2253">
    <p class='ocr_par' dir='ltr' id='par_1_40' title="bbox 569 2173 2116 2253">
     <span class='ocr_line' id='line_1_40' title="bbox 569 2173 2116 2253; baseline -0.001 -23"><span class='ocrx_word' id='word_1_287' title='bbox 569 2177 720 2253; x_wconf 74' lang='lat' dir='ltr'><strong>and</strong></span> <span class='ocrx_word' id='word_1_288' title='bbox 763 2193 879 2253; x_wconf 75' lang='lat' dir='ltr'><strong>usu_</strong></span> <span class='ocrx_word' id='word_1_289' title='bbox 913 2177 1214 2253; x_wconf 74' lang='lat' dir='ltr'><strong>veniat,_ut</strong></span> <span class='ocrx_word' id='word_1_290' title='bbox 1241 2175 1537 2253; x_wconf 65' lang='lat' dir='ltr'><strong>conjectura</strong></span> <span class='ocrx_word' id='word_1_291' title='bbox 1573 2174 1918 2253; x_wconf 56' lang='lat' dir='ltr'><strong>asprioribgts</strong></span> <span class='ocrx_word' id='word_1_292' title='bbox 1960 2173 2116 2229; x_wconf 83' lang='lat' dir='ltr'><strong>malis</strong></span> 
     </span>
    </p>
   </div>
   <div class='ocr_carea' id='block_1_41' title="bbox 2129 2173 3683 2253">
    <p class='ocr_par' dir='ltr' id='par_1_41' title="bbox 2218 2173 3683 2253">
     <span class='ocr_line' id='line_1_41' title="bbox 2218 2173 3683 2253; baseline -0.007 -15"><span class='ocrx_word' id='word_1_293' title='bbox 2218 2183 2344 2238; x_wconf 79' lang='grc' dir='ltr'>Ὀτι</span> <span class='ocrx_word' id='word_1_294' title='bbox 2395 2179 2662 2253; x_wconf 75' lang='grc' dir='ltr'>ἐγχωρεῖ,</span> <span class='ocrx_word' id='word_1_295' title='bbox 2692 2182 2844 2253; x_wconf 69' lang='grc' dir='ltr'><strong>τινὰ⁸</strong></span> <span class='ocrx_word' id='word_1_296' title='bbox 2876 2180 2973 2234; x_wconf 82' lang='grc' dir='ltr'>καὶ</span> <span class='ocrx_word' id='word_1_297' title='bbox 3023 2180 3093 2253; x_wconf 72' lang='grc' dir='ltr'>ἐκ</span> <span class='ocrx_word' id='word_1_298' title='bbox 3125 2176 3412 2253; x_wconf 61' lang='grc' dir='ltr'>προτέρων</span> <span class='ocrx_word' id='word_1_299' title='bbox 3443 2173 3606 2230; x_wconf 80' lang='grc' dir='ltr'>κακῶν</span> <span class='ocrx_word' id='word_1_300' title='bbox 3626 2173 3683 2244; x_wconf 70' lang='grc' dir='ltr'>μὴ</span> 
     </span>
    </p>
   </div>
   <div class='ocr_carea' id='block_1_42' title="bbox 600 2246 2154 2317">
    <p class='ocr_par' dir='ltr' id='par_1_42' title="bbox 600 2246 2081 2317">
     <span class='ocr_line' id='line_1_42' title="bbox 600 2246 2081 2317; baseline 0.001 -17"><span class='ocrx_word' id='word_1_301' title='bbox 600 2249 778 2312; x_wconf 82' lang='lat' dir='ltr'><strong>ducta,</strong></span> <span class='ocrx_word' id='word_1_302' title='bbox 806 2249 991 2316; x_wconf 76' lang='lat' dir='ltr'><strong>aliquis</strong></span> <span class='ocrx_word' id='word_1_303' title='bbox 1013 2248 1168 2317; x_wconf 76' lang='lat' dir='ltr'><strong>facile</strong></span> <span class='ocrx_word' id='word_1_304' title='bbox 1190 2248 1433 2302; x_wconf 78' lang='lat' dir='ltr'><strong>credatur</strong></span> <span class='ocrx_word' id='word_1_305' title='bbox 1450 2247 1740 2315; x_wconf 72' lang='lat' dir='ltr'><strong>posteriora</strong></span> <span class='ocrx_word' id='word_1_306' title='bbox 1761 2246 2081 2316; x_wconf 71' lang='lat' dir='ltr'><strong>designasse.</strong></span> 
     </span>
    </p>
   </div>
   <div class='ocr_carea' id='block_1_43' title="bbox 1811 2246 3365 2317">
    <p class='ocr_par' dir='ltr' id='par_1_43' title="bbox 1811 2246 3365 2316">
     <span class='ocr_line' id='line_1_43' title="bbox 1811 2246 3365 2316; baseline 0.001 -16"><span class='ocrx_word' id='word_1_307' title='bbox 1811 2247 2081 2316; x_wconf 69' lang='lat' dir='ltr'><strong>esignasse.</strong></span> <span class='ocrx_word' id='word_1_308' title='bbox 2541 2246 2557 2251; x_wconf 59' lang='grc'>⁷</span> <span class='ocrx_word' id='word_1_309' title='bbox 2608 2250 2986 2306; x_wconf 79' lang='grc' dir='ltr'>ἀπιστεῖσθαι</span> <span class='ocrx_word' id='word_1_310' title='bbox 3013 2250 3086 2303; x_wconf 84' lang='grc' dir='ltr'>τὰ</span> <span class='ocrx_word' id='word_1_311' title='bbox 3113 2246 3365 2316; x_wconf 75' lang='grc' dir='ltr'>δεύτερα.</span> 
     </span>
    </p>
   </div>
   <div class='ocr_carea' id='block_1_44' title="bbox 634 2334 2188 2416">
    <p class='ocr_par' dir='ltr' id='par_1_44' title="bbox 634 2337 2114 2409">
     <span class='ocr_line' id='line_1_44' title="bbox 634 2337 2114 2409; baseline -0.003 -15"><span class='ocrx_word' id='word_1_312' title='bbox 634 2339 767 2394; x_wconf 85' lang='lat' dir='ltr'><strong>Nam</strong></span> <span class='ocrx_word' id='word_1_313' title='bbox 822 2341 871 2394; x_wconf 89' lang='lat' dir='ltr'><strong>si</strong></span> <span class='ocrx_word' id='word_1_314' title='bbox 925 2340 980 2393; x_wconf 91' lang='lat' dir='ltr'><strong>in</strong></span> <span class='ocrx_word' id='word_1_315' title='bbox 1037 2345 1292 2394; x_wconf 89' lang='lat' dir='ltr'><strong>accusato</strong></span> <span class='ocrx_word' id='word_1_316' title='bbox 1346 2337 1638 2409; x_wconf 74' lang='lat' dir='ltr'><strong>przejacent</strong></span> <span class='ocrx_word' id='word_1_317' title='bbox 1693 2351 1860 2408; x_wconf 87' lang='lat' dir='ltr'><strong>prava</strong></span> <span class='ocrx_word' id='word_1_318' title='bbox 1913 2350 2114 2407; x_wconf 86' lang='lat' dir='ltr'><strong>opera,</strong></span> 
     </span>
    </p>
   </div>
   <div class='ocr_carea' id='block_1_45' title="bbox 2132 2334 3686 2416">
    <p class='ocr_par' dir='ltr' id='par_1_45' title="bbox 2215 2334 3686 2416">
     <span class='ocr_line' id='line_1_45' title="bbox 2215 2334 3686 2416; baseline -0.01 -15"><span class='ocrx_word' id='word_1_319' title='bbox 2215 2345 2278 2402; x_wconf 78' lang='lat' dir='ltr'><strong>El</strong></span> <span class='ocrx_word' id='word_1_320' title='bbox 2305 2342 2413 2416; x_wconf 86' lang='lat'><strong>7&amp;9</strong></span> <span class='ocrx_word' id='word_1_321' title='bbox 2439 2343 2586 2416; x_wconf 80' lang='grc' dir='ltr'>αὐτῷ</span> <span class='ocrx_word' id='word_1_322' title='bbox 2631 2342 3014 2416; x_wconf 76' lang='grc' dir='ltr'>προῦπόκειται</span> <span class='ocrx_word' id='word_1_323' title='bbox 3057 2341 3194 2412; x_wconf 80' lang='grc' dir='ltr'>ἔργα</span> <span class='ocrx_word' id='word_1_324' title='bbox 3219 2338 3404 2411; x_wconf 81' lang='grc' dir='ltr'>φαῦλα,</span> <span class='ocrx_word' id='word_1_325' title='bbox 3435 2338 3521 2409; x_wconf 74' lang='grc' dir='ltr'>ἢδη</span> <span class='ocrx_word' id='word_1_326' title='bbox 3545 2337 3597 2389; x_wconf 82' lang='grc' dir='ltr'>ὲκ</span> <span class='ocrx_word' id='word_1_327' title='bbox 3625 2334 3686 2406; x_wconf 81' lang='grc' dir='ltr'>μέ-</span> 
     </span>
    </p>
   </div>
   <div class='ocr_carea' id='block_1_46' title="bbox 455 2429 2009 2510">
    <p class='ocr_par' dir='ltr' id='par_1_46' title="bbox 455 2430 2009 2503">
     <span class='ocr_line' id='line_1_46' title="bbox 455 2430 2009 2503; baseline 0.001 -22"><span class='ocrx_word' id='word_1_328' title='bbox 455 2478 459 2481; x_wconf 88' lang='lat'><strong>.</strong></span> <span class='ocrx_word' id='word_1_329' title='bbox 561 2433 674 2503; x_wconf 87' lang='lat' dir='ltr'><strong>jam</strong></span> <span class='ocrx_word' id='word_1_330' title='bbox 722 2434 900 2503; x_wconf 90' lang='lat' dir='ltr'><strong>aliqua</strong></span> <span class='ocrx_word' id='word_1_331' title='bbox 949 2448 1015 2487; x_wconf 92' lang='lat' dir='ltr'><strong>ex</strong></span> <span class='ocrx_word' id='word_1_332' title='bbox 1065 2441 1216 2501; x_wconf 85' lang='lat' dir='ltr'><strong>parte</strong></span> <span class='ocrx_word' id='word_1_333' title='bbox 1264 2446 1403 2486; x_wconf 69' lang='lat' dir='ltr'><strong>vera:</strong></span> <span class='ocrx_word' id='word_1_334' title='bbox 1447 2430 1775 2486; x_wconf 89' lang='lat' dir='ltr'><strong>videbuntur</strong></span> <span class='ocrx_word' id='word_1_335' title='bbox 1824 2444 2009 2501; x_wconf 66' lang='lat' dir='ltr'><strong>praesei</strong></span> 
     </span>
    </p>
   </div>
   <div class='ocr_carea' id='block_1_47' title="bbox 2133 2429 3687 2510">
    <p class='ocr_par' dir='ltr' id='par_1_47' title="bbox 2217 2429 3687 2510">
     <span class='ocr_line' id='line_1_47' title="bbox 2217 2429 3687 2510; baseline -0.007 -19"><span class='ocrx_word' id='word_1_336' title='bbox 2217 2455 2342 2510; x_wconf 88' lang='grc' dir='ltr'>ρους</span> <span class='ocrx_word' id='word_1_337' title='bbox 2359 2436 2576 2510; x_wconf 86' lang='grc' dir='ltr'>ἀληθεῖς</span> <span class='ocrx_word' id='word_1_338' title='bbox 2596 2435 2662 2490; x_wconf 80' lang='grc' dir='ltr'>ἂν</span> <span class='ocrx_word' id='word_1_339' title='bbox 2687 2431 2794 2489; x_wconf 75' lang='grc' dir='ltr'>εἷεν</span> <span class='ocrx_word' id='word_1_340' title='bbox 2821 2433 2916 2489; x_wconf 77' lang='grc' dir='ltr'>καὶ</span> <span class='ocrx_word' id='word_1_341' title='bbox 2933 2433 3025 2488; x_wconf 82' lang='grc' dir='ltr'><strong>νῦν</strong></span> <span class='ocrx_word' id='word_1_342' title='bbox 3046 2432 3420 2505; x_wconf 77' lang='grc' dir='ltr'>ἐπιφερόμεναι</span> <span class='ocrx_word' id='word_1_343' title='bbox 3436 2429 3562 2500; x_wconf 81' lang='grc' dir='ltr'><strong>αὐτῷ</strong></span> <span class='ocrx_word' id='word_1_344' title='bbox 3575 2445 3687 2498; x_wconf 63' lang='lat' dir='ltr'><strong>xam-</strong></span> 
     </span>
    </p>
   </div>
   <div class='ocr_carea' id='block_1_48' title="bbox 568 2521 2122 2602">
    <p class='ocr_par' dir='ltr' id='par_1_48' title="bbox 568 2521 2116 2594">
     <span class='ocr_line' id='line_1_48' title="bbox 568 2521 2116 2594; baseline -0.003 -15"><span class='ocrx_word' id='word_1_345' title='bbox 568 2528 965 2591; x_wconf 83' lang='lat' dir='ltr'><strong>accusationes,</strong></span> <span class='ocrx_word' id='word_1_346' title='bbox 1014 2525 1121 2581; x_wconf 88' lang='lat' dir='ltr'><strong>nisi</strong></span> <span class='ocrx_word' id='word_1_347' title='bbox 1154 2523 1246 2594; x_wconf 87' lang='lat' dir='ltr'><strong>jus</strong></span> <span class='ocrx_word' id='word_1_348' title='bbox 1275 2524 1324 2579; x_wconf 89' lang='lat' dir='ltr'><strong>ei</strong></span> <span class='ocrx_word' id='word_1_349' title='bbox 1361 2523 1767 2593; x_wconf 90' lang='lat' dir='ltr'><strong>patrocinetur;</strong></span> <span class='ocrx_word' id='word_1_350' title='bbox 1811 2521 1926 2577; x_wconf 78' lang='lat' dir='ltr'><strong>ﬁeri</strong></span> <span class='ocrx_word' id='word_1_351' title='bbox 1972 2521 2116 2576; x_wconf 91' lang='lat' dir='ltr'><strong>enim</strong></span> 
     </span>
    </p>
   </div>
   <div class='ocr_carea' id='block_1_49' title="bbox 2136 2521 3690 2602">
    <p class='ocr_par' dir='ltr' id='par_1_49' title="bbox 2215 2523 3690 2602">
     <span class='ocr_line' id='line_1_49' title="bbox 2215 2523 3690 2602; baseline -0.009 -19"><span class='ocrx_word' id='word_1_352' title='bbox 2215 2529 2434 2602; x_wconf 91' lang='grc' dir='ltr'>γορίαι,</span> <span class='ocrx_word' id='word_1_353' title='bbox 2478 2529 2527 2582; x_wconf 83' lang='grc' dir='ltr'><strong>εί</strong></span> <span class='ocrx_word' id='word_1_354' title='bbox 2560 2526 2634 2600; x_wconf 85' lang='grc' dir='ltr'>μὴ</span> <span class='ocrx_word' id='word_1_355' title='bbox 2673 2526 2738 2582; x_wconf 84' lang='grc' dir='ltr'>ἃν</span> <span class='ocrx_word' id='word_1_356' title='bbox 2788 2525 2936 2598; x_wconf 82' lang='grc' dir='ltr'>αὐτῷ</span> <span class='ocrx_word' id='word_1_357' title='bbox 2989 2524 3050 2580; x_wconf 86' lang='grc' dir='ltr'>τδ</span> <span class='ocrx_word' id='word_1_358' title='bbox 3093 2525 3294 2579; x_wconf 86' lang='grc' dir='ltr'>δίκαιον</span> <span class='ocrx_word' id='word_1_359' title='bbox 3331 2523 3434 2594; x_wconf 79' lang='grc' dir='ltr'>ἔχει</span> <span class='ocrx_word' id='word_1_360' title='bbox 3465 2535 3690 2588; x_wconf 68' lang='grc' dir='ltr'>συναγωνν</span> 
     </span>
    </p>
   </div>
   <div class='ocr_carea' id='block_1_50' title="bbox 568 2612 2122 2693">
    <p class='ocr_par' dir='ltr' id='par_1_50' title="bbox 568 2612 2118 2687">
     <span class='ocr_line' id='line_1_50' title="bbox 568 2612 2118 2687; baseline 0 -19"><span class='ocrx_word' id='word_1_361' title='bbox 568 2626 745 2687; x_wconf 85' lang='lat' dir='ltr'><strong>potest</strong></span> <span class='ocrx_word' id='word_1_362' title='bbox 776 2626 834 2672; x_wconf 91' lang='lat' dir='ltr'><strong>ut</strong></span> <span class='ocrx_word' id='word_1_363' title='bbox 865 2617 912 2672; x_wconf 91' lang='lat' dir='ltr'><strong>is</strong></span> <span class='ocrx_word' id='word_1_364' title='bbox 939 2617 1064 2671; x_wconf 88' lang='lat' dir='ltr'><strong>olim</strong></span> <span class='ocrx_word' id='word_1_365' title='bbox 1097 2615 1416 2685; x_wconf 89' lang='lat' dir='ltr'><strong>deliquerit,</strong></span> <span class='ocrx_word' id='word_1_366' title='bbox 1450 2614 1612 2683; x_wconf 82' lang='lat' dir='ltr'><strong>hujus</strong></span> <span class='ocrx_word' id='word_1_367' title='bbox 1640 2628 1767 2668; x_wconf 89' lang='lat' dir='ltr'><strong>vero</strong></span> <span class='ocrx_word' id='word_1_368' title='bbox 1803 2612 2026 2669; x_wconf 88' lang='lat' dir='ltr'><strong>sceleris</strong></span> <span class='ocrx_word' id='word_1_369' title='bbox 2048 2613 2118 2668; x_wconf 89' lang='lat' dir='ltr'><strong>sit</strong></span> 
     </span>
    </p>
   </div>
   <div class='ocr_carea' id='block_1_51' title="bbox 2135 2612 3689 2693">
    <p class='ocr_par' dir='ltr' id='par_1_51' title="bbox 2218 2612 3689 2693">
     <span class='ocr_line' id='line_1_51' title="bbox 2218 2612 3689 2693; baseline -0.003 -19"><span class='ocrx_word' id='word_1_370' title='bbox 2218 2620 2456 2693; x_wconf 78' lang='grc' dir='ltr'>ζόμενον·</span> <span class='ocrx_word' id='word_1_371' title='bbox 2485 2619 2716 2691; x_wconf 71' lang='grc' dir='ltr'>ἐγχωρεῖ</span> <span class='ocrx_word' id='word_1_372' title='bbox 2742 2618 2849 2691; x_wconf 82' lang='grc' dir='ltr'><strong>γὰρ</strong></span> <span class='ocrx_word' id='word_1_373' title='bbox 2880 2616 3040 2672; x_wconf 81' lang='grc' dir='ltr'>αὐτὸν</span> <span class='ocrx_word' id='word_1_374' title='bbox 3067 2615 3430 2688; x_wconf 81' lang='grc' dir='ltr'>ἡμαρτηκέναι</span> <span class='ocrx_word' id='word_1_375' title='bbox 3459 2612 3542 2684; x_wconf 87' lang='grc' dir='ltr'><strong>μέν</strong></span> <span class='ocrx_word' id='word_1_376' title='bbox 3580 2626 3689 2670; x_wconf 74' lang='grc' dir='ltr'>ποτε.</span> 
     </span>
    </p>
   </div>
   <div class='ocr_carea' id='block_1_52' title="bbox 568 2703 2122 2782">
    <p class='ocr_par' dir='ltr' id='par_1_52' title="bbox 568 2704 2119 2782">
     <span class='ocr_line' id='line_1_52' title="bbox 568 2704 2119 2782; baseline -0.005 -17"><span class='ocrx_word' id='word_1_377' title='bbox 568 2727 755 2782; x_wconf 91' lang='lat' dir='ltr'><strong>purus.</strong></span> <span class='ocrx_word' id='word_1_378' title='bbox 797 2709 976 2777; x_wconf 86' lang='lat' dir='ltr'><strong>Quare</strong></span> <span class='ocrx_word' id='word_1_379' title='bbox 1004 2709 1152 2763; x_wconf 90' lang='lat' dir='ltr'><strong>circa</strong></span> <span class='ocrx_word' id='word_1_380' title='bbox 1195 2706 1506 2778; x_wconf 87' lang='lat' dir='ltr'><strong>hujusmodi</strong></span> <span class='ocrx_word' id='word_1_381' title='bbox 1542 2706 1789 2777; x_wconf 80' lang='lat' dir='ltr'><strong>negotia,</strong></span> <span class='ocrx_word' id='word_1_382' title='bbox 1833 2704 2119 2775; x_wconf 88' lang='lat' dir='ltr'><strong>diligenter</strong></span> 
     </span>
    </p>
   </div>
   <div class='ocr_carea' id='block_1_53' title="bbox 2140 2703 3694 2782">
    <p class='ocr_par' dir='ltr' id='par_1_53' title="bbox 2216 2703 3694 2781">
     <span class='ocr_line' id='line_1_53' title="bbox 2216 2703 3694 2781; baseline -0.007 -16"><span class='ocrx_word' id='word_1_383' title='bbox 2216 2711 2403 2766; x_wconf 81' lang='grc' dir='ltr'>τούτου</span> <span class='ocrx_word' id='word_1_384' title='bbox 2431 2711 2487 2767; x_wconf 81' lang='grc' dir='ltr'><strong>δὲ</strong></span> <span class='ocrx_word' id='word_1_385' title='bbox 2521 2710 2613 2765; x_wconf 81' lang='grc' dir='ltr'>τοῦ</span> <span class='ocrx_word' id='word_1_386' title='bbox 2634 2709 2973 2781; x_wconf 76' lang='grc' dir='ltr'>ἐγκλήματος</span> <span class='ocrx_word' id='word_1_387' title='bbox 2999 2708 3174 2762; x_wconf 84' lang='grc' dir='ltr'>ἀθῶον</span> <span class='ocrx_word' id='word_1_388' title='bbox 3202 2707 3465 2778; x_wconf 79' lang='grc' dir='ltr'>ὑπάρχειν.</span> <span class='ocrx_word' id='word_1_389' title='bbox 3493 2703 3568 2756; x_wconf 81' lang='grc' dir='ltr'>Διὸ</span> <span class='ocrx_word' id='word_1_390' title='bbox 3589 2703 3694 2772; x_wconf 79' lang='grc' dir='ltr'>ἀκρι-</span> 
     </span>
    </p>
   </div>
   <div class='ocr_carea' id='block_1_54' title="bbox 568 2793 2122 2876">
    <p class='ocr_par' dir='ltr' id='par_1_54' title="bbox 568 2798 2119 2870">
     <span class='ocr_line' id='line_1_54' title="bbox 568 2798 2119 2870; baseline -0.001 -14"><span class='ocrx_word' id='word_1_391' title='bbox 568 2810 622 2856; x_wconf 91' lang='lat' dir='ltr'><strong>et</strong></span> <span class='ocrx_word' id='word_1_392' title='bbox 668 2810 824 2856; x_wconf 88' lang='lat' dir='ltr'><strong>caute</strong></span> <span class='ocrx_word' id='word_1_393' title='bbox 873 2815 968 2856; x_wconf 92' lang='lat' dir='ltr'><strong>vos</strong></span> <span class='ocrx_word' id='word_1_394' title='bbox 1021 2806 1289 2869; x_wconf 85' lang='lat' dir='ltr'><strong>gerentes,</strong></span> <span class='ocrx_word' id='word_1_395' title='bbox 1340 2809 1543 2854; x_wconf 89' lang='lat' dir='ltr'><strong>certam</strong></span> <span class='ocrx_word' id='word_1_396' title='bbox 1598 2798 1985 2870; x_wconf 81' lang='lat' dir='ltr'><strong>indubismque</strong></span> <span class='ocrx_word' id='word_1_397' title='bbox 2022 2799 2119 2854; x_wconf 89' lang='lat' dir='ltr'><strong>ad-</strong></span> 
     </span>
    </p>
   </div>
   <div class='ocr_carea' id='block_1_55' title="bbox 2139 2793 3693 2876">
    <p class='ocr_par' dir='ltr' id='par_1_55' title="bbox 2217 2793 3693 2876">
     <span class='ocr_line' id='line_1_55' title="bbox 2217 2793 3693 2876; baseline -0.009 -18"><span class='ocrx_word' id='word_1_398' title='bbox 2217 2805 2327 2867; x_wconf 77' lang='grc' dir='ltr'>ὅῶς</span> <span class='ocrx_word' id='word_1_399' title='bbox 2345 2802 2472 2876; x_wconf 76' lang='grc' dir='ltr'>περὶ</span> <span class='ocrx_word' id='word_1_400' title='bbox 2500 2801 2567 2856; x_wconf 82' lang='grc' dir='ltr'>τὰ</span> <span class='ocrx_word' id='word_1_401' title='bbox 2591 2801 2811 2856; x_wconf 79' lang='grc' dir='ltr'>τοιαῦτα</span> <span class='ocrx_word' id='word_1_402' title='bbox 2836 2801 3113 2873; x_wconf 85' lang='grc' dir='ltr'>νήφοντες,</span> <span class='ocrx_word' id='word_1_403' title='bbox 3146 2797 3396 2869; x_wconf 85' lang='grc' dir='ltr'>ἀσφαλεῖς</span> <span class='ocrx_word' id='word_1_404' title='bbox 3422 2796 3506 2849; x_wconf 76' lang='grc' dir='ltr'>καὶ</span> <span class='ocrx_word' id='word_1_405' title='bbox 3531 2793 3693 2865; x_wconf 76' lang='grc' dir='ltr'>βεϐαίας</span> 
     </span>
    </p>
   </div>
   <div class='ocr_carea' id='block_1_56' title="bbox 568 2884 2122 2964">
    <p class='ocr_par' dir='ltr' id='par_1_56' title="bbox 568 2890 2119 2949">
     <span class='ocr_line' id='line_1_56' title="bbox 568 2890 2119 2949; baseline -0.001 -2"><span class='ocrx_word' id='word_1_406' title='bbox 568 2909 759 2949; x_wconf 89' lang='lat' dir='ltr'><strong>versus</strong></span> <span class='ocrx_word' id='word_1_407' title='bbox 804 2907 955 2948; x_wconf 91' lang='lat' dir='ltr'><strong>reum</strong></span> <span class='ocrx_word' id='word_1_408' title='bbox 1008 2891 1318 2946; x_wconf 85' lang='lat' dir='ltr'><strong>convictum</strong></span> <span class='ocrx_word' id='word_1_409' title='bbox 1370 2891 1504 2946; x_wconf 85' lang='lat' dir='ltr'><strong>ferte</strong></span> <span class='ocrx_word' id='word_1_410' title='bbox 1566 2891 1911 2948; x_wconf 88' lang='lat' dir='ltr'><strong>sententiam.</strong></span> <span class='ocrx_word' id='word_1_411' title='bbox 1958 2890 2024 2946; x_wconf 85' lang='lat' dir='ltr'><strong>Et</strong></span> <span class='ocrx_word' id='word_1_412' title='bbox 2070 2892 2119 2948; x_wconf 88' lang='lat' dir='ltr'><strong>si</strong></span> 
     </span>
    </p>
   </div>
   <div class='ocr_carea' id='block_1_57' title="bbox 2140 2884 3694 2964">
    <p class='ocr_par' dir='ltr' id='par_1_57' title="bbox 2218 2884 3694 2964">
     <span class='ocr_line' id='line_1_57' title="bbox 2218 2884 3694 2964; baseline -0.012 -13"><span class='ocrx_word' id='word_1_413' title='bbox 2218 2895 2453 2950; x_wconf 73' lang='grc' dir='ltr'>ποιεῖσθε</span> <span class='ocrx_word' id='word_1_414' title='bbox 2495 2894 2593 2958; x_wconf 85' lang='grc' dir='ltr'><strong>τὰς</strong></span> <span class='ocrx_word' id='word_1_415' title='bbox 2631 2892 2928 2964; x_wconf 82' lang='grc' dir='ltr'>ἀποφάσεις</span> <span class='ocrx_word' id='word_1_416' title='bbox 2957 2891 3098 2947; x_wconf 83' lang='grc' dir='ltr'>κατὰ</span> <span class='ocrx_word' id='word_1_417' title='bbox 3140 2889 3234 2944; x_wconf 80' lang='grc' dir='ltr'>τοῦ</span> <span class='ocrx_word' id='word_1_418' title='bbox 3271 2887 3592 2959; x_wconf 77' lang='grc' dir='ltr'>ἐλεγχθέντος.</span> <span class='ocrx_word' id='word_1_419' title='bbox 3617 2884 3694 2937; x_wconf 82' lang='grc' dir='ltr'><strong>Καὶ</strong></span> 
     </span>
    </p>
   </div>
   <div class='ocr_carea' id='block_1_58' title="bbox 568 2977 2122 3060">
    <p class='ocr_par' dir='ltr' id='par_1_58' title="bbox 568 2982 2119 3057">
     <span class='ocr_line' id='line_1_58' title="bbox 568 2982 2119 3057; baseline -0.001 -17"><span class='ocrx_word' id='word_1_420' title='bbox 568 2993 693 3057; x_wconf 89' lang='lat' dir='ltr'><strong>post</strong></span> <span class='ocrx_word' id='word_1_421' title='bbox 739 2982 1374 3048; x_wconf 85' lang='lat' dir='ltr'><strong>excommunicationem,</strong></span> <span class='ocrx_word' id='word_1_422' title='bbox 1415 2983 1628 3039; x_wconf 83' lang='lat' dir='ltr'><strong>veniam</strong></span> <span class='ocrx_word' id='word_1_423' title='bbox 1658 2991 1805 3054; x_wconf 89' lang='lat' dir='ltr'><strong>petat</strong></span> <span class='ocrx_word' id='word_1_424' title='bbox 1846 2990 1900 3039; x_wconf 89' lang='lat' dir='ltr'><strong>et</strong></span> <span class='ocrx_word' id='word_1_425' title='bbox 1927 2983 1995 3038; x_wconf 86' lang='lat' dir='ltr'><strong>ad</strong></span> <span class='ocrx_word' id='word_1_426' title='bbox 2023 2998 2119 3054; x_wconf 85' lang='lat' dir='ltr'><strong>pe-</strong></span> 
     </span>
    </p>
   </div>
   <div class='ocr_carea' id='block_1_59' title="bbox 2140 2977 3694 3060">
    <p class='ocr_par' dir='ltr' id='par_1_59' title="bbox 2217 2977 3694 3060">
     <span class='ocr_line' id='line_1_59' title="bbox 2217 2977 3694 3060; baseline -0.008 -18"><span class='ocrx_word' id='word_1_427' title='bbox 2217 2991 2310 3044; x_wconf 77' lang='grc' dir='ltr'><strong>ὲάν</strong></span> <span class='ocrx_word' id='word_1_428' title='bbox 2342 2986 2478 3060; x_wconf 87' lang='grc' dir='ltr'><strong>μετά</strong></span> <span class='ocrx_word' id='word_1_429' title='bbox 2508 2986 2597 3040; x_wconf 80' lang='grc' dir='ltr'>τὸν</span> <span class='ocrx_word' id='word_1_430' title='bbox 2629 2983 2926 3057; x_wconf 82' lang='grc' dir='ltr'>ἀφορισμὸν</span> <span class='ocrx_word' id='word_1_431' title='bbox 2955 2982 3280 3055; x_wconf 79' lang='grc' dir='ltr'>συγγνώμην</span> <span class='ocrx_word' id='word_1_432' title='bbox 3305 2982 3442 3052; x_wconf 79' lang='grc' dir='ltr'>αίτῇ,</span> <span class='ocrx_word' id='word_1_433' title='bbox 3471 2977 3553 3032; x_wconf 69' lang='grc' dir='ltr'>καὶ</span> <span class='ocrx_word' id='word_1_434' title='bbox 3573 2990 3694 3047; x_wconf 81' lang='grc' dir='ltr'>προσ-</span> 
     </span>
    </p>
   </div>
   <div class='ocr_carea' id='block_1_60' title="bbox 571 3071 2125 3175">
    <p class='ocr_par' dir='ltr' id='par_1_60' title="bbox 571 3073 2118 3148">
     <span class='ocr_line' id='line_1_60' title="bbox 571 3073 2118 3148; baseline 0.001 -17"><span class='ocrx_word' id='word_1_435' title='bbox 571 3078 666 3133; x_wconf 88' lang='lat' dir='ltr'><strong>des</strong></span> <span class='ocrx_word' id='word_1_436' title='bbox 693 3076 931 3148; x_wconf 88' lang='lat' dir='ltr'><strong>episcopi</strong></span> <span class='ocrx_word' id='word_1_437' title='bbox 957 3073 1235 3146; x_wconf 90' lang='lat' dir='ltr'><strong>procidat,</strong></span> <span class='ocrx_word' id='word_1_438' title='bbox 1279 3082 1333 3131; x_wconf 93' lang='lat' dir='ltr'><strong>et</strong></span> <span class='ocrx_word' id='word_1_439' title='bbox 1374 3090 1628 3146; x_wconf 87' lang='lat' dir='ltr'><strong>peccasse</strong></span> <span class='ocrx_word' id='word_1_440' title='bbox 1664 3092 1724 3133; x_wconf 90' lang='lat' dir='ltr'><strong>se</strong></span> <span class='ocrx_word' id='word_1_441' title='bbox 1753 3075 2003 3141; x_wconf 82' lang='lat' dir='ltr'><strong>fateatur,</strong></span> <span class='ocrx_word' id='word_1_442' title='bbox 2032 3091 2118 3133; x_wconf 84' lang='lat' dir='ltr'><strong>re—</strong></span> 
     </span>
    </p>
   </div>
   <div class='ocr_carea' id='block_1_61' title="bbox 2142 3071 3696 3175">
    <p class='ocr_par' dir='ltr' id='par_1_61' title="bbox 2142 3071 3696 3175">
     <span class='ocr_line' id='line_1_61' title="bbox 2142 3071 3696 3175; baseline 0.002 -3"><span class='ocrx_word' id='word_1_443' title='bbox 2142 3112 2187 3172; x_wconf 79' lang='grc' dir='ltr'><strong>ο</strong></span> <span class='ocrx_word' id='word_1_444' title='bbox 2220 3081 2359 3175; x_wconf 63' lang='grc' dir='ltr'>πέσῃ</span> <span class='ocrx_word' id='word_1_445' title='bbox 2377 3080 2454 3175; x_wconf 62' lang='lat' dir='ltr'><strong>ri</strong></span> <span class='ocrx_word' id='word_1_446' title='bbox 2480 3078 2778 3175; x_wconf 48' lang='lat' dir='ltr'><strong>irrisa:</strong></span> <span class='ocrx_word' id='word_1_447' title='bbox 2806 3071 3696 3175; x_wconf 61' lang='grc' dir='ltr'><strong>καὲ,ἡιξαρτηκέναξι⁶μολ9τῇν.πρθσέ</strong></span> 
     </span>
    </p>
   </div>
   <div class='ocr_carea' id='block_1_62' title="bbox 569 3163 2123 3242">
    <p class='ocr_par' dir='ltr' id='par_1_62' title="bbox 569 3167 2119 3242">
     <span class='ocr_line' id='line_1_62' title="bbox 569 3167 2119 3242; baseline -0.002 -16"><span class='ocrx_word' id='word_1_448' title='bbox 569 3171 733 3242; x_wconf 88' lang='lat' dir='ltr'><strong>cipite</strong></span> <span class='ocrx_word' id='word_1_449' title='bbox 761 3185 904 3226; x_wconf 88' lang='lat' dir='ltr'><strong>eum.</strong></span> <span class='ocrx_word' id='word_1_450' title='bbox 946 3167 1115 3224; x_wconf 88' lang='lat' dir='ltr'><strong>Porro</strong></span> <span class='ocrx_word' id='word_1_451' title='bbox 1155 3167 1450 3224; x_wconf 91' lang='lat' dir='ltr'><strong>delatorem</strong></span> <span class='ocrx_word' id='word_1_452' title='bbox 1479 3169 1801 3240; x_wconf 90' lang='lat' dir='ltr'><strong>impunitum</strong></span> <span class='ocrx_word' id='word_1_453' title='bbox 1834 3184 1943 3224; x_wconf 92' lang='lat' dir='ltr'><strong>non</strong></span> <span class='ocrx_word' id='word_1_454' title='bbox 1971 3168 2119 3224; x_wconf 88' lang='lat' dir='ltr'><strong>sina-</strong></span> 
     </span>
    </p>
   </div>
   <div class='ocr_carea' id='block_1_63' title="bbox 2142 3163 3696 3242">
    <p class='ocr_par' dir='ltr' id='par_1_63' title="bbox 2148 3163 3696 3240">
     <span class='ocr_line' id='line_1_63' title="bbox 2148 3163 3696 3240; baseline -0.014 -10"><span class='ocrx_word' id='word_1_455' title='bbox 2148 3163 2187 3172; x_wconf 64' lang='grc'><strong>’”</strong></span> <span class='ocrx_word' id='word_1_456' title='bbox 2217 3172 2435 3240; x_wconf 81' lang='grc' dir='ltr'>δέξασθε</span> <span class='ocrx_word' id='word_1_457' title='bbox 2465 3170 2643 3226; x_wconf 78' lang='grc' dir='ltr'>αὐτόν.</span> <span class='ocrx_word' id='word_1_458' title='bbox 2691 3170 2844 3240; x_wconf 85' lang='grc' dir='ltr'>Μήτε</span> <span class='ocrx_word' id='word_1_459' title='bbox 2869 3167 2925 3221; x_wconf 82' lang='grc' dir='ltr'><strong>δὲ</strong></span> <span class='ocrx_word' id='word_1_460' title='bbox 2949 3166 3040 3220; x_wconf 81' lang='grc' dir='ltr'>τὸν</span> <span class='ocrx_word' id='word_1_461' title='bbox 3069 3165 3403 3236; x_wconf 78' lang='grc' dir='ltr'>συκοφάντην</span> <span class='ocrx_word' id='word_1_462' title='bbox 3428 3163 3696 3232; x_wconf 78' lang='grc' dir='ltr'>ἀτιμώρητον</span> 
     </span>
    </p>
   </div>
   <div class='ocr_carea' id='block_1_64' title="bbox 570 3251 2124 3338">
    <p class='ocr_par' dir='ltr' id='par_1_64' title="bbox 570 3259 2120 3332">
     <span class='ocr_line' id='line_1_64' title="bbox 570 3259 2120 3332; baseline -0.002 -14"><span class='ocrx_word' id='word_1_463' title='bbox 570 3265 666 3326; x_wconf 91' lang='lat' dir='ltr'><strong>tis,</strong></span> <span class='ocrx_word' id='word_1_464' title='bbox 717 3279 786 3317; x_wconf 85' lang='lat' dir='ltr'><strong>ne</strong></span> <span class='ocrx_word' id='word_1_465' title='bbox 833 3261 1011 3316; x_wconf 86' lang='lat' dir='ltr'><strong>adhuc</strong></span> <span class='ocrx_word' id='word_1_466' title='bbox 1067 3259 1232 3314; x_wconf 88' lang='lat' dir='ltr'><strong>alium</strong></span> <span class='ocrx_word' id='word_1_467' title='bbox 1282 3260 1588 3332; x_wconf 89' lang='lat' dir='ltr'><strong>quempiam</strong></span> <span class='ocrx_word' id='word_1_468' title='bbox 1641 3267 1790 3316; x_wconf 91' lang='lat' dir='ltr'><strong>recte</strong></span> <span class='ocrx_word' id='word_1_469' title='bbox 1850 3261 2120 3316; x_wconf 82' lang='lat' dir='ltr'><strong>viventem</strong></span> 
     </span>
    </p>
   </div>
   <div class='ocr_carea' id='block_1_65' title="bbox 2145 3251 3699 3338">
    <p class='ocr_par' dir='ltr' id='par_1_65' title="bbox 2218 3251 3699 3338">
     <span class='ocr_line' id='line_1_65' title="bbox 2218 3251 3699 3338; baseline -0.016 -16"><span class='ocrx_word' id='word_1_470' title='bbox 2218 3267 2433 3338; x_wconf 70' lang='grc' dir='ltr'>ἐάσητε,</span> <span class='ocrx_word' id='word_1_471' title='bbox 2466 3265 2552 3318; x_wconf 87' lang='grc' dir='ltr'>ῐνα</span> <span class='ocrx_word' id='word_1_472' title='bbox 2585 3260 2658 3334; x_wconf 82' lang='grc' dir='ltr'>μὴ</span> <span class='ocrx_word' id='word_1_473' title='bbox 2686 3260 2780 3315; x_wconf 74' lang='grc' dir='ltr'>καὶ</span> <span class='ocrx_word' id='word_1_474' title='bbox 2805 3258 2986 3332; x_wconf 74' lang='grc' dir='ltr'>ἕτερόν</span> <span class='ocrx_word' id='word_1_475' title='bbox 3014 3277 3136 3313; x_wconf 87' lang='grc' dir='ltr'>τινα</span> <span class='ocrx_word' id='word_1_476' title='bbox 3162 3257 3338 3322; x_wconf 90' lang='grc' dir='ltr'>καλῶς</span> <span class='ocrx_word' id='word_1_477' title='bbox 3366 3254 3558 3327; x_wconf 81' lang='grc' dir='ltr'>βιοῦντα</span> <span class='ocrx_word' id='word_1_478' title='bbox 3583 3251 3699 3321; x_wconf 77' lang='grc' dir='ltr'>βλασ-</span> 
     </span>
    </p>
   </div>
   <div class='ocr_carea' id='block_1_66' title="bbox 569 3344 2123 3430">
    <p class='ocr_par' dir='ltr' id='par_1_66' title="bbox 569 3350 2121 3421">
     <span class='ocr_line' id='line_1_66' title="bbox 569 3350 2121 3421; baseline -0.003 -10"><span class='ocrx_word' id='word_1_479' title='bbox 569 3354 950 3420; x_wconf 89' lang='lat' dir='ltr'><strong>calumnietur,</strong></span> <span class='ocrx_word' id='word_1_480' title='bbox 985 3352 1069 3408; x_wconf 85' lang='lat' dir='ltr'><strong>vel</strong></span> <span class='ocrx_word' id='word_1_481' title='bbox 1095 3351 1327 3421; x_wconf 89' lang='lat' dir='ltr'><strong>aliquem</strong></span> <span class='ocrx_word' id='word_1_482' title='bbox 1358 3351 1523 3406; x_wconf 91' lang='lat' dir='ltr'><strong>alium</strong></span> <span class='ocrx_word' id='word_1_483' title='bbox 1552 3350 1621 3406; x_wconf 91' lang='lat' dir='ltr'><strong>ad</strong></span> <span class='ocrx_word' id='word_1_484' title='bbox 1650 3351 1849 3407; x_wconf 84' lang='lat' dir='ltr'><strong>similia</strong></span> <span class='ocrx_word' id='word_1_485' title='bbox 1878 3350 2121 3407; x_wconf 80' lang='lat' dir='ltr'><strong>facienda</strong></span> 
     </span>
    </p>
   </div>
   <div class='ocr_carea' id='block_1_67' title="bbox 2146 3344 3700 3430">
    <p class='ocr_par' dir='ltr' id='par_1_67' title="bbox 2219 3344 3700 3430">
     <span class='ocr_line' id='line_1_67' title="bbox 2219 3344 3700 3430; baseline -0.012 -18"><span class='ocrx_word' id='word_1_486' title='bbox 2219 3359 2445 3430; x_wconf 80' lang='grc' dir='ltr'>φημήσῃ</span> <span class='ocrx_word' id='word_1_487' title='bbox 2465 3394 2480 3419; x_wconf 94' lang='grc'><strong>,</strong></span> <span class='ocrx_word' id='word_1_488' title='bbox 2507 3354 2542 3426; x_wconf 80' lang='grc' dir='ltr'>ἢ</span> <span class='ocrx_word' id='word_1_489' title='bbox 2577 3353 2756 3426; x_wconf 74' lang='grc' dir='ltr'>ἕτερόν</span> <span class='ocrx_word' id='word_1_490' title='bbox 2780 3369 2899 3406; x_wconf 89' lang='grc' dir='ltr'>τινα</span> <span class='ocrx_word' id='word_1_491' title='bbox 2953 3349 3061 3422; x_wconf 82' lang='grc'>(95)</span> <span class='ocrx_word' id='word_1_492' title='bbox 3094 3348 3454 3422; x_wconf 73' lang='grc' dir='ltr'>προτρέψηται</span> <span class='ocrx_word' id='word_1_493' title='bbox 3485 3344 3543 3397; x_wconf 77' lang='grc' dir='ltr'><strong>τὰ</strong></span> <span class='ocrx_word' id='word_1_494' title='bbox 3586 3344 3700 3412; x_wconf 61' lang='grc' dir='ltr'>ὃμοια</span> 
     </span>
    </p>
   </div>
   <div class='ocr_carea' id='block_1_68' title="bbox 571 3435 2125 3520">
    <p class='ocr_par' dir='ltr' id='par_1_68' title="bbox 571 3443 2118 3520">
     <span class='ocr_line' id='line_1_68' title="bbox 571 3443 2118 3520; baseline -0.003 -18"><span class='ocrx_word' id='word_1_495' title='bbox 571 3455 861 3520; x_wconf 89' lang='lat' dir='ltr'><strong>provocet;</strong></span> <span class='ocrx_word' id='word_1_496' title='bbox 910 3460 1234 3516; x_wconf 89' lang='lat' dir='ltr'><strong>rursumque</strong></span> <span class='ocrx_word' id='word_1_497' title='bbox 1277 3459 1402 3499; x_wconf 91' lang='lat' dir='ltr'><strong>eum</strong></span> <span class='ocrx_word' id='word_1_498' title='bbox 1456 3443 1548 3515; x_wconf 91' lang='lat' dir='ltr'><strong>qui</strong></span> <span class='ocrx_word' id='word_1_499' title='bbox 1604 3444 1886 3500; x_wconf 90' lang='lat' dir='ltr'><strong>convictus</strong></span> <span class='ocrx_word' id='word_1_500' title='bbox 1935 3443 2118 3511; x_wconf 79' lang='lat' dir='ltr'><strong>fuerit,</strong></span> 
     </span>
    </p>
   </div>
   <div class='ocr_carea' id='block_1_69' title="bbox 2147 3435 3701 3520">
    <p class='ocr_par' dir='ltr' id='par_1_69' title="bbox 2219 3435 3701 3520">
     <span class='ocr_line' id='line_1_69' title="bbox 2219 3435 3701 3520; baseline -0.011 -16"><span class='ocrx_word' id='word_1_501' title='bbox 2219 3448 2366 3520; x_wconf 79' lang='grc' dir='ltr'><strong>αὐτῷ</strong></span> <span class='ocrx_word' id='word_1_502' title='bbox 2389 3447 2601 3519; x_wconf 74' lang='grc' dir='ltr'>δρᾶσαιο</span> <span class='ocrx_word' id='word_1_503' title='bbox 2636 3445 2771 3517; x_wconf 84' lang='grc' dir='ltr'>μήτε</span> <span class='ocrx_word' id='word_1_504' title='bbox 2809 3442 2913 3514; x_wconf 79' lang='grc' dir='ltr'><strong>μὴν</strong></span> <span class='ocrx_word' id='word_1_505' title='bbox 2949 3441 3037 3496; x_wconf 85' lang='grc' dir='ltr'>τὸν</span> <span class='ocrx_word' id='word_1_506' title='bbox 3078 3440 3393 3513; x_wconf 72' lang='grc' dir='ltr'>ἐλεγχθέντα</span> <span class='ocrx_word' id='word_1_507' title='bbox 3433 3435 3701 3506; x_wconf 75' lang='grc' dir='ltr'>ἀνύϐριστον.</span> 
     </span>
    </p>
   </div>
   <div class='ocr_carea' id='block_1_70' title="bbox 571 3523 2125 3615">
    <p class='ocr_par' dir='ltr' id='par_1_70' title="bbox 571 3535 2123 3605">
     <span class='ocr_line' id='line_1_70' title="bbox 571 3535 2123 3605; baseline -0.002 -9"><span class='ocrx_word' id='word_1_508' title='bbox 571 3541 720 3596; x_wconf 90' lang='lat' dir='ltr'><strong>nulla</strong></span> <span class='ocrx_word' id='word_1_509' title='bbox 781 3538 1108 3594; x_wconf 89' lang='lat' dir='ltr'><strong>contumelia</strong></span> <span class='ocrx_word' id='word_1_510' title='bbox 1172 3536 1426 3592; x_wconf 74' lang='lat' dir='ltr'><strong>allectum</strong></span> <span class='ocrx_word' id='word_1_511' title='bbox 1494 3551 1605 3591; x_wconf 89' lang='lat' dir='ltr'><strong>non</strong></span> <span class='ocrx_word' id='word_1_512' title='bbox 1657 3535 1986 3605; x_wconf 87' lang='lat' dir='ltr'><strong>dimittatis;</strong></span> <span class='ocrx_word' id='word_1_513' title='bbox 2050 3551 2123 3593; x_wconf 82' lang='lat' dir='ltr'><strong>ne</strong></span> 
     </span>
    </p>
   </div>
   <div class='ocr_carea' id='block_1_71' title="bbox 2149 3523 3703 3615">
    <p class='ocr_par' dir='ltr' id='par_1_71' title="bbox 2219 3523 3703 3615">
     <span class='ocr_line' id='line_1_71' title="bbox 2219 3523 3703 3615; baseline -0.013 -19"><span class='ocrx_word' id='word_1_514' title='bbox 2219 3542 2365 3607; x_wconf 76' lang='grc' dir='ltr'>ὅπως</span> <span class='ocrx_word' id='word_1_515' title='bbox 2386 3541 2460 3614; x_wconf 82' lang='grc' dir='ltr'>μὴ</span> <span class='ocrx_word' id='word_1_516' title='bbox 2494 3541 2676 3615; x_wconf 74' lang='grc' dir='ltr'>ἕτερος</span> <span class='ocrx_word' id='word_1_517' title='bbox 2711 3537 2819 3612; x_wconf 71' lang='grc'>(94)</span> <span class='ocrx_word' id='word_1_518' title='bbox 2858 3537 2968 3600; x_wconf 85' lang='grc' dir='ltr'>τοῖς</span> <span class='ocrx_word' id='word_1_519' title='bbox 2996 3536 3181 3599; x_wconf 79' lang='grc' dir='ltr'>αὐτοῖς</span> <span class='ocrx_word' id='word_1_520' title='bbox 3217 3531 3454 3605; x_wconf 71' lang='grc' dir='ltr'>ἐνσχεθῇ.</span> <span class='ocrx_word' id='word_1_521' title='bbox 3492 3526 3604 3582; x_wconf 74' lang='grc' dir='ltr'>οὔτε</span> <span class='ocrx_word' id='word_1_522' title='bbox 3628 3523 3703 3591; x_wconf 76' lang='grc' dir='ltr'><strong>γὰρ</strong></span> 
     </span>
    </p>
   </div>
   <div class='ocr_carea' id='block_1_72' title="bbox 571 3616 2125 3706">
    <p class='ocr_par' dir='ltr' id='par_1_72' title="bbox 571 3626 2123 3701">
     <span class='ocr_line' id='line_1_72' title="bbox 571 3626 2123 3701; baseline 0.001 -17"><span class='ocrx_word' id='word_1_523' title='bbox 571 3633 709 3686; x_wconf 90' lang='lat' dir='ltr'><strong>alius</strong></span> <span class='ocrx_word' id='word_1_524' title='bbox 725 3630 912 3686; x_wconf 90' lang='lat' dir='ltr'><strong>eodem</strong></span> <span class='ocrx_word' id='word_1_525' title='bbox 929 3630 1155 3685; x_wconf 88' lang='lat' dir='ltr'><strong>crimine</strong></span> <span class='ocrx_word' id='word_1_526' title='bbox 1172 3628 1563 3701; x_wconf 84' lang='lat' dir='ltr'><strong>obstringatur.</strong></span> <span class='ocrx_word' id='word_1_527' title='bbox 1591 3626 1776 3699; x_wconf 86' lang='lat' dir='ltr'><strong>Neque</strong></span> <span class='ocrx_word' id='word_1_528' title='bbox 1799 3627 1944 3684; x_wconf 88' lang='lat' dir='ltr'><strong>enim</strong></span> <span class='ocrx_word' id='word_1_529' title='bbox 1970 3645 1991 3681; x_wconf 80' lang='grc' dir='ltr'><strong>ι</strong></span> <span class='ocrx_word' id='word_1_530' title='bbox 2009 3635 2123 3684; x_wconf 79' lang='lat' dir='ltr'><strong>tes-</strong></span> 
     </span>
    </p>
   </div>
   <div class='ocr_carea' id='block_1_73' title="bbox 2150 3616 3704 3706">
    <p class='ocr_par' dir='ltr' id='par_1_73' title="bbox 2225 3616 3704 3706">
     <span class='ocr_line' id='line_1_73' title="bbox 2225 3616 3704 3706; baseline -0.009 -20"><span class='ocrx_word' id='word_1_531' title='bbox 2225 3651 2244 3686; x_wconf 81' lang='grc' dir='ltr'><strong>ι</strong></span> <span class='ocrx_word' id='word_1_532' title='bbox 2285 3634 2492 3706; x_wconf 85' lang='grc' dir='ltr'>μάρτυς</span> <span class='ocrx_word' id='word_1_533' title='bbox 2531 3632 2713 3687; x_wconf 85' lang='grc' dir='ltr'>κακῶν</span> <span class='ocrx_word' id='word_1_534' title='bbox 2743 3628 3082 3702; x_wconf 83' lang='grc' dir='ltr'>ἀτιμώρητος</span> <span class='ocrx_word' id='word_1_535' title='bbox 3123 3627 3294 3681; x_wconf 75' lang='grc' dir='ltr'>ἔσται·</span> <span class='ocrx_word' id='word_1_536' title='bbox 3332 3642 3353 3679; x_wconf 82' lang='lat' dir='ltr'><strong>s</strong></span> <span class='ocrx_word' id='word_1_537' title='bbox 3382 3621 3486 3676; x_wconf 73' lang='grc' dir='ltr'>οὗθ’</span> <span class='ocrx_word' id='word_1_538' title='bbox 3509 3620 3537 3673; x_wconf 83' lang='grc' dir='ltr'><strong>ὁ</strong></span> <span class='ocrx_word' id='word_1_539' title='bbox 3571 3616 3704 3685; x_wconf 74' lang='grc' dir='ltr'>πλημ-</span> 
     </span>
    </p>
   </div>
   <div class='ocr_carea' id='block_1_74' title="bbox 577 3720 2131 3799">
    <p class='ocr_par' dir='ltr' id='par_1_74' title="bbox 577 3720 2120 3792">
     <span class='ocr_line' id='line_1_74' title="bbox 577 3720 2120 3792; baseline -0.001 -15"><span class='ocrx_word' id='word_1_540' title='bbox 577 3723 650 3779; x_wconf 91' lang='lat' dir='ltr'><strong>tis</strong></span> <span class='ocrx_word' id='word_1_541' title='bbox 697 3723 962 3776; x_wconf 89' lang='lat' dir='ltr'><strong>malorum</strong></span> <span class='ocrx_word' id='word_1_542' title='bbox 1016 3721 1315 3791; x_wconf 90' lang='lat' dir='ltr'><strong>impunitus</strong></span> <span class='ocrx_word' id='word_1_543' title='bbox 1364 3721 1471 3776; x_wconf 89' lang='lat' dir='ltr'><strong>erit</strong></span> <span class='ocrx_word' id='word_1_544' title='bbox 1497 3720 1576 3789; x_wconf 62' lang='grc' dir='ltr'>ἰς</span> <span class='ocrx_word' id='word_1_545' title='bbox 1628 3738 1649 3774; x_wconf 73' lang='grc' dir='ltr'><strong>ι</strong></span> <span class='ocrx_word' id='word_1_546' title='bbox 1701 3735 1879 3792; x_wconf 88' lang='lat' dir='ltr'><strong>neque</strong></span> <span class='ocrx_word' id='word_1_547' title='bbox 1923 3735 2120 3790; x_wconf 83' lang='lat' dir='ltr'><strong>pecca-</strong></span> 
     </span>
    </p>
   </div>
   <div class='ocr_carea' id='block_1_75' title="bbox 1357 3720 2911 3799">
    <p class='ocr_par' dir='ltr' id='par_1_75' title="bbox 1364 3720 2911 3799">
     <span class='ocr_line' id='line_1_75' title="bbox 1364 3720 2911 3799; baseline 0.001 -23"><span class='ocrx_word' id='word_1_548' title='bbox 1364 3721 1471 3776; x_wconf 89' lang='lat' dir='ltr'><strong>erit</strong></span> <span class='ocrx_word' id='word_1_549' title='bbox 1497 3720 1576 3789; x_wconf 76' lang='lat'><strong>“;</strong></span> <span class='ocrx_word' id='word_1_550' title='bbox 1628 3738 1649 3774; x_wconf 72' lang='grc' dir='ltr'><strong>ι</strong></span> <span class='ocrx_word' id='word_1_551' title='bbox 1701 3735 1879 3792; x_wconf 90' lang='lat' dir='ltr'><strong>neque</strong></span> <span class='ocrx_word' id='word_1_552' title='bbox 1923 3735 2120 3790; x_wconf 84' lang='lat' dir='ltr'><strong>pecca-</strong></span> <span class='ocrx_word' id='word_1_553' title='bbox 2223 3726 2395 3799; x_wconf 80' lang='grc' dir='ltr'>μελῶν</span> <span class='ocrx_word' id='word_1_554' title='bbox 2422 3725 2575 3798; x_wconf 84' lang='grc' dir='ltr'>δίκης</span> <span class='ocrx_word' id='word_1_555' title='bbox 2593 3721 2747 3788; x_wconf 75' lang='grc' dir='ltr'>ἐκτός</span> <span class='ocrx_word' id='word_1_556' title='bbox 2778 3720 2911 3796; x_wconf 85' lang='grc'>(95).</span> 
     </span>
    </p>
   </div>
   <div class='ocr_carea' id='block_1_76' title="bbox 571 3812 1121 3886">
    <p class='ocr_par' dir='ltr' id='par_1_76' title="bbox 571 3812 1121 3886">
     <span class='ocr_line' id='line_1_76' title="bbox 571 3812 1121 3886; baseline -0.005 -15"><span class='ocrx_word' id='word_1_557' title='bbox 571 3823 658 3871; x_wconf 89' lang='lat' dir='ltr'><strong>tor</strong></span> <span class='ocrx_word' id='word_1_558' title='bbox 678 3829 890 3886; x_wconf 67' lang='lat' dir='ltr'><strong>poenam</strong></span> <span class='ocrx_word' id='word_1_559' title='bbox 911 3812 1121 3869; x_wconf 85' lang='lat' dir='ltr'><strong>evadet.</strong></span> 
     </span>
    </p>
   </div>
   <div class='ocr_carea' id='block_1_77' title="bbox 1182 3921 2736 3983">
    <p class='ocr_par' dir='ltr' id='par_1_77' title="bbox 1182 3923 2736 3983">
     <span class='ocr_line' id='line_1_77' title="bbox 1182 3923 2736 3983; baseline -0.003 0"><span class='ocrx_word' id='word_1_560' title='bbox 1182 3924 1411 3983; x_wconf 88' lang='lat' dir='ltr'><strong>CAPUT</strong></span> <span class='ocrx_word' id='word_1_561' title='bbox 1441 3923 1526 3982; x_wconf 70' lang='grc' dir='ltr'><strong>ιι.</strong></span> <span class='ocrx_word' id='word_1_562' title='bbox 2702 3924 2736 3978; x_wconf 81' lang='lat' dir='ltr'><strong>Il</strong></span> 
     </span>
    </p>
   </div>
   <div class='ocr_carea' id='block_1_78' title="bbox 1712 3921 3266 3983">
    <p class='ocr_par' dir='ltr' id='par_1_78' title="bbox 2702 3921 3266 3978">
     <span class='ocr_line' id='line_1_78' title="bbox 2702 3921 3266 3978; baseline -0.004 0"><span class='ocrx_word' id='word_1_563' title='bbox 2702 3921 3092 3978; x_wconf 76' lang='grc' dir='ltr'><strong>ΚΕΦᾹΛᾹῙυΝ</strong></span> <span class='ocrx_word' id='word_1_564' title='bbox 3136 3923 3266 3978; x_wconf 79' lang='lat' dir='ltr'><strong>NA’.</strong></span> 
     </span>
    </p>
   </div>
   <div class='ocr_carea' id='block_1_79' title="bbox 642 4003 2196 4091">
    <p class='ocr_par' dir='ltr' id='par_1_79' title="bbox 642 4015 2052 4091">
     <span class='ocr_line' id='line_1_79' title="bbox 642 4015 2052 4091; baseline -0.003 -14"><span class='ocrx_word' id='word_1_565' title='bbox 642 4022 796 4091; x_wconf 84' lang='lat' dir='ltr'><strong>Quod</strong></span> <span class='ocrx_word' id='word_1_566' title='bbox 826 4037 929 4077; x_wconf 86' lang='lat' dir='ltr'><strong>non</strong></span> <span class='ocrx_word' id='word_1_567' title='bbox 952 4027 1184 4091; x_wconf 87' lang='lat' dir='ltr'><strong>oporteat</strong></span> <span class='ocrx_word' id='word_1_568' title='bbox 1211 4020 1263 4074; x_wconf 84' lang='lat' dir='ltr'><strong>in</strong></span> <span class='ocrx_word' id='word_1_569' title='bbox 1277 4016 1570 4089; x_wconf 81' lang='lat' dir='ltr'><strong>judicando</strong></span> <span class='ocrx_word' id='word_1_570' title='bbox 1595 4016 1686 4071; x_wconf 84' lang='lat' dir='ltr'><strong>uni</strong></span> <span class='ocrx_word' id='word_1_571' title='bbox 1705 4016 1845 4086; x_wconf 85' lang='lat' dir='ltr'><strong>parti</strong></span> <span class='ocrx_word' id='word_1_572' title='bbox 1863 4015 2052 4086; x_wconf 75' lang='lat' dir='ltr'><strong>fauere.</strong></span> 
     </span>
    </p>
   </div>
   <div class='ocr_carea' id='block_1_80' title="bbox 2155 4003 3709 4091">
    <p class='ocr_par' dir='ltr' id='par_1_80' title="bbox 2225 4003 3709 4086">
     <span class='ocr_line' id='line_1_80' title="bbox 2225 4003 3709 4086; baseline -0.012 -13"><span class='ocrx_word' id='word_1_573' title='bbox 2225 4017 2351 4073; x_wconf 78' lang='grc' dir='ltr'>Ὀτι</span> <span class='ocrx_word' id='word_1_574' title='bbox 2393 4019 2465 4072; x_wconf 83' lang='grc' dir='ltr'>οὐ</span> <span class='ocrx_word' id='word_1_575' title='bbox 2519 4015 2633 4086; x_wconf 80' lang='grc' dir='ltr'>χρὴ</span> <span class='ocrx_word' id='word_1_576' title='bbox 2669 4015 3014 4086; x_wconf 80' lang='grc' dir='ltr'>μονομερεῒς</span> <span class='ocrx_word' id='word_1_577' title='bbox 3050 4015 3158 4082; x_wconf 78' lang='grc' dir='ltr'>τὰς</span> <span class='ocrx_word' id='word_1_578' title='bbox 3198 4012 3422 4084; x_wconf 76' lang='grc' dir='ltr'>κρίσεις</span> <span class='ocrx_word' id='word_1_579' title='bbox 3459 4003 3709 4062; x_wconf 73' lang='grc' dir='ltr'>ποιεῖσθαι.</span> 
     </span>
    </p>
   </div>
   <div class='ocr_carea' id='block_1_81' title="bbox 642 4095 2196 4203">
    <p class='ocr_par' dir='ltr' id='par_1_81' title="bbox 642 4106 2124 4185">
     <span class='ocr_line' id='line_1_81' title="bbox 642 4106 2124 4185; baseline -0.003 -17"><span class='ocrx_word' id='word_1_580' title='bbox 642 4115 886 4170; x_wconf 81' lang='lat' dir='ltr'><strong>Diximus</strong></span> <span class='ocrx_word' id='word_1_581' title='bbox 925 4114 1040 4185; x_wconf 85' lang='lat' dir='ltr'><strong>jam</strong></span> <span class='ocrx_word' id='word_1_582' title='bbox 1089 4127 1302 4182; x_wconf 81' lang='lat' dir='ltr'><strong>aequum</strong></span> <span class='ocrx_word' id='word_1_583' title='bbox 1357 4124 1470 4165; x_wconf 92' lang='lat' dir='ltr'><strong>non</strong></span> <span class='ocrx_word' id='word_1_584' title='bbox 1523 4123 1648 4166; x_wconf 88' lang='lat' dir='ltr'><strong>esse</strong></span> <span class='ocrx_word' id='word_1_585' title='bbox 1697 4117 1757 4164; x_wconf 91' lang='lat' dir='ltr'><strong>ut</strong></span> <span class='ocrx_word' id='word_1_586' title='bbox 1809 4123 1874 4164; x_wconf 91' lang='lat' dir='ltr'><strong>ea</strong></span> <span class='ocrx_word' id='word_1_587' title='bbox 1918 4106 2124 4178; x_wconf 83' lang='lat' dir='ltr'><strong>judicia</strong></span> 
     </span>
    </p>
   </div>
   <div class='ocr_carea' id='block_1_82' title="bbox 2158 4095 3712 4203">
    <p class='ocr_par' dir='ltr' id='par_1_82' title="bbox 2289 4095 3712 4203">
     <span class='ocr_line' id='line_1_82' title="bbox 2289 4095 3712 4203; baseline -0.011 -38"><span class='ocrx_word' id='word_1_588' title='bbox 2289 4111 2526 4182; x_wconf 75' lang='grc' dir='ltr'>Εἴπομεν</span> <span class='ocrx_word' id='word_1_589' title='bbox 2558 4109 2613 4164; x_wconf 85' lang='grc' dir='ltr'><strong>δὲ</strong></span> <span class='ocrx_word' id='word_1_590' title='bbox 2653 4109 2732 4163; x_wconf 80' lang='grc' dir='ltr'>ὅτι</span> <span class='ocrx_word' id='word_1_591' title='bbox 2760 4108 2858 4171; x_wconf 82' lang='grc' dir='ltr'><strong>τὰς</strong></span> <span class='ocrx_word' id='word_1_592' title='bbox 2885 4106 3093 4180; x_wconf 87' lang='grc' dir='ltr'>κρίσεις</span> <span class='ocrx_word' id='word_1_593' title='bbox 3119 4107 3184 4161; x_wconf 80' lang='grc' dir='ltr'>οὐ</span> <span class='ocrx_word' id='word_1_594' title='bbox 3225 4105 3423 4160; x_wconf 88' lang='grc' dir='ltr'>δίκαιον</span> <span class='ocrx_word' id='word_1_595' title='bbox 3462 4095 3712 4203; x_wconf 62' lang='grc' dir='ltr'>μονομερεῖς</span> 
     </span>
    </p>
   </div>
   <div class='ocr_carea' id='block_1_83' title="bbox 571 4193 2125 4277">
    <p class='ocr_par' dir='ltr' id='par_1_83' title="bbox 571 4199 2125 4277">
     <span class='ocr_line' id='line_1_83' title="bbox 571 4199 2125 4277; baseline -0.005 -13"><span class='ocrx_word' id='word_1_596' title='bbox 571 4214 947 4272; x_wconf 82' lang='lat' dir='ltr'><strong>exerceantur,</strong></span> <span class='ocrx_word' id='word_1_597' title='bbox 990 4207 1044 4260; x_wconf 93' lang='lat' dir='ltr'><strong>in</strong></span> <span class='ocrx_word' id='word_1_598' title='bbox 1084 4205 1284 4277; x_wconf 83' lang='lat' dir='ltr'><strong>quibus</strong></span> <span class='ocrx_word' id='word_1_599' title='bbox 1320 4203 1488 4259; x_wconf 90' lang='lat' dir='ltr'><strong>altera</strong></span> <span class='ocrx_word' id='word_1_600' title='bbox 1513 4215 1641 4272; x_wconf 90' lang='lat' dir='ltr'><strong>pars</strong></span> <span class='ocrx_word' id='word_1_601' title='bbox 1663 4199 1928 4271; x_wconf 89' lang='lat' dir='ltr'><strong>judicium</strong></span> <span class='ocrx_word' id='word_1_602' title='bbox 1959 4215 2125 4256; x_wconf 86' lang='lat' dir='ltr'><strong>occu-</strong></span> 
     </span>
    </p>
   </div>
   <div class='ocr_carea' id='block_1_84' title="bbox 2159 4193 3713 4277">
    <p class='ocr_par' dir='ltr' id='par_1_84' title="bbox 2220 4193 3713 4277">
     <span class='ocr_line' id='line_1_84' title="bbox 2220 4193 3713 4277; baseline -0.011 -21"><span class='ocrx_word' id='word_1_603' title='bbox 2220 4201 2505 4256; x_wconf 66' lang='lat' dir='ltr'><strong>antetalius.</strong></span> <span class='ocrx_word' id='word_1_604' title='bbox 2577 4198 2699 4254; x_wconf 87' lang='grc' dir='ltr'><strong>Ἐἀν</strong></span> <span class='ocrx_word' id='word_1_605' title='bbox 2739 4199 2846 4272; x_wconf 83' lang='grc' dir='ltr'>γὰρ</span> <span class='ocrx_word' id='word_1_606' title='bbox 2873 4198 2965 4252; x_wconf 81' lang='grc' dir='ltr'>τοῦ</span> <span class='ocrx_word' id='word_1_607' title='bbox 3011 4198 3129 4262; x_wconf 80' lang='grc' dir='ltr'>ένδς</span> <span class='ocrx_word' id='word_1_608' title='bbox 3158 4195 3444 4271; x_wconf 85' lang='grc' dir='ltr'>προσώπου</span> <span class='ocrx_word' id='word_1_609' title='bbox 3484 4193 3713 4277; x_wconf 65' lang='grc' dir='ltr'>ἀκούσητε.</span> 
     </span>
    </p>
   </div>
   <div class='ocr_carea' id='block_1_85' title="bbox 571 4275 2125 4388">
    <p class='ocr_par' dir='ltr' id='par_1_85' title="bbox 571 4275 2125 4371">
     <span class='ocr_line' id='line_1_85' title="bbox 571 4275 2125 4371; baseline -0.003 -17"><span class='ocrx_word' id='word_1_610' title='bbox 571 4309 686 4371; x_wconf 90' lang='lat' dir='ltr'><strong>pat.</strong></span> <span class='ocrx_word' id='word_1_611' title='bbox 723 4300 858 4355; x_wconf 84' lang='lat' dir='ltr'><strong>Nam</strong></span> <span class='ocrx_word' id='word_1_612' title='bbox 895 4301 943 4356; x_wconf 88' lang='lat' dir='ltr'><strong>si</strong></span> <span class='ocrx_word' id='word_1_613' title='bbox 971 4275 1135 4354; x_wconf 84' lang='lat' dir='ltr'><strong>unam</strong></span> <span class='ocrx_word' id='word_1_614' title='bbox 1167 4311 1456 4369; x_wconf 83' lang='lat' dir='ltr'><strong>personam</strong></span> <span class='ocrx_word' id='word_1_615' title='bbox 1487 4293 1770 4350; x_wconf 89' lang='lat' dir='ltr'><strong>audieritis</strong></span> <span class='ocrx_word' id='word_1_616' title='bbox 1793 4333 1808 4360; x_wconf 88' lang='lat'><strong>,</strong></span> <span class='ocrx_word' id='word_1_617' title='bbox 1839 4295 2008 4350; x_wconf 84' lang='lat' dir='ltr'><strong>altera</strong></span> <span class='ocrx_word' id='word_1_618' title='bbox 2029 4293 2125 4350; x_wconf 88' lang='lat' dir='ltr'><strong>ab-</strong></span> 
     </span>
    </p>
   </div>
   <div class='ocr_carea' id='block_1_86' title="bbox 2161 4275 3715 4388">
    <p class='ocr_par' dir='ltr' id='par_1_86' title="bbox 2226 4275 3715 4388">
     <span class='ocr_line' id='line_1_86' title="bbox 2226 4275 3715 4388; baseline -0.01 -40"><span class='ocrx_word' id='word_1_619' title='bbox 2226 4294 2299 4365; x_wconf 85' lang='grc' dir='ltr'>μὴ</span> <span class='ocrx_word' id='word_1_620' title='bbox 2334 4292 2594 4364; x_wconf 89' lang='grc' dir='ltr'>παρόντος</span> <span class='ocrx_word' id='word_1_621' title='bbox 2611 4289 2704 4345; x_wconf 81' lang='grc' dir='ltr'><strong>τοῦ</strong></span> <span class='ocrx_word' id='word_1_622' title='bbox 2733 4292 2919 4362; x_wconf 80' lang='grc' dir='ltr'>ἑτέρου</span> <span class='ocrx_word' id='word_1_623' title='bbox 2938 4328 2955 4354; x_wconf 94' lang='grc'><strong>,</strong></span> <span class='ocrx_word' id='word_1_624' title='bbox 2984 4290 3114 4362; x_wconf 84' lang='grc' dir='ltr'>μηδὲ</span> <span class='ocrx_word' id='word_1_625' title='bbox 3136 4283 3590 4388; x_wconf 62' lang='grc' dir='ltr'>ἀπολογησαμένου</span> <span class='ocrx_word' id='word_1_626' title='bbox 3616 4275 3715 4346; x_wconf 67' lang='grc' dir='ltr'>πρὸς</span> 
     </span>
    </p>
   </div>
   <div class='ocr_carea' id='block_1_87' title="bbox 572 4375 2126 4462">
    <p class='ocr_par' dir='ltr' id='par_1_87' title="bbox 572 4385 2120 4462">
     <span class='ocr_line' id='line_1_87' title="bbox 572 4385 2120 4462; baseline -0.003 -16"><span class='ocrx_word' id='word_1_627' title='bbox 572 4399 745 4455; x_wconf 82' lang='lat' dir='ltr'><strong>sente,</strong></span> <span class='ocrx_word' id='word_1_628' title='bbox 770 4392 980 4462; x_wconf 90' lang='lat' dir='ltr'><strong>hacque</strong></span> <span class='ocrx_word' id='word_1_629' title='bbox 1002 4390 1069 4445; x_wconf 91' lang='lat' dir='ltr'><strong>ad</strong></span> <span class='ocrx_word' id='word_1_630' title='bbox 1093 4389 1363 4460; x_wconf 75' lang='lat' dir='ltr'><strong>obiectum</strong></span> <span class='ocrx_word' id='word_1_631' title='bbox 1385 4387 1590 4443; x_wconf 88' lang='lat' dir='ltr'><strong>crimen</strong></span> <span class='ocrx_word' id='word_1_632' title='bbox 1612 4401 1723 4441; x_wconf 89' lang='lat' dir='ltr'><strong>non</strong></span> <span class='ocrx_word' id='word_1_633' title='bbox 1741 4385 2120 4456; x_wconf 88' lang='lat' dir='ltr'><strong>respondente,</strong></span> 
     </span>
    </p>
   </div>
   <div class='ocr_carea' id='block_1_88' title="bbox 2163 4375 3717 4462">
    <p class='ocr_par' dir='ltr' id='par_1_88' title="bbox 2222 4375 3717 4457">
     <span class='ocr_line' id='line_1_88' title="bbox 2222 4375 3717 4457; baseline -0.001 -18"><span class='ocrx_word' id='word_1_634' title='bbox 2222 4386 2286 4439; x_wconf 85' lang='grc' dir='ltr'>τὸ</span> <span class='ocrx_word' id='word_1_635' title='bbox 2311 4385 2698 4457; x_wconf 76' lang='grc' dir='ltr'>ἐπιφερόμενον</span> <span class='ocrx_word' id='word_1_636' title='bbox 2726 4383 2995 4456; x_wconf 78' lang='grc' dir='ltr'>ἔγκλημα,</span> <span class='ocrx_word' id='word_1_637' title='bbox 3027 4382 3313 4454; x_wconf 87' lang='grc' dir='ltr'>προπετῶς</span> <span class='ocrx_word' id='word_1_638' title='bbox 3330 4378 3434 4452; x_wconf 85' lang='grc'>(96)</span> <span class='ocrx_word' id='word_1_639' title='bbox 3462 4375 3717 4440; x_wconf 68' lang='grc' dir='ltr'>ἐξενέγκητε</span> 
     </span>
    </p>
   </div>
   <div class='ocr_carea' id='block_1_89' title="bbox 571 4464 2125 4559">
    <p class='ocr_par' dir='ltr' id='par_1_89' title="bbox 571 4477 2118 4555">
     <span class='ocr_line' id='line_1_89' title="bbox 571 4477 2118 4555; baseline -0.005 -16"><span class='ocrx_word' id='word_1_640' title='bbox 571 4483 886 4555; x_wconf 85' lang='lat' dir='ltr'><strong>sull&#39;ragium</strong></span> <span class='ocrx_word' id='word_1_641' title='bbox 917 4482 1281 4538; x_wconf 88' lang='lat' dir='ltr'><strong>damnationis</strong></span> <span class='ocrx_word' id='word_1_642' title='bbox 1308 4489 1512 4536; x_wconf 89' lang='lat' dir='ltr'><strong>temere</strong></span> <span class='ocrx_word' id='word_1_643' title='bbox 1538 4479 1811 4546; x_wconf 88' lang='lat' dir='ltr'><strong>tuleritis;</strong></span> <span class='ocrx_word' id='word_1_644' title='bbox 1839 4477 1917 4534; x_wconf 86' lang='lat' dir='ltr'><strong>rei</strong></span> <span class='ocrx_word' id='word_1_645' title='bbox 1946 4477 2118 4542; x_wconf 91' lang='lat' dir='ltr'><strong>necis,</strong></span> 
     </span>
    </p>
   </div>
   <div class='ocr_carea' id='block_1_90' title="bbox 2163 4464 3717 4559">
    <p class='ocr_par' dir='ltr' id='par_1_90' title="bbox 2163 4464 3717 4559">
     <span class='ocr_line' id='line_1_90' title="bbox 2163 4464 3717 4559; baseline -0.012 -25"><span class='ocrx_word' id='word_1_646' title='bbox 2163 4473 2197 4534; x_wconf 89' lang='lat' dir='ltr'><strong>D</strong></span> <span class='ocrx_word' id='word_1_647' title='bbox 2221 4477 2399 4548; x_wconf 78' lang='grc' dir='ltr'>ψῆφον</span> <span class='ocrx_word' id='word_1_648' title='bbox 2429 4475 2818 4548; x_wconf 87' lang='grc' dir='ltr'>κατακρίσεως,</span> <span class='ocrx_word' id='word_1_649' title='bbox 2840 4474 3010 4546; x_wconf 76' lang='grc' dir='ltr'>ἔνοχοι</span> <span class='ocrx_word' id='word_1_650' title='bbox 3029 4475 3128 4545; x_wconf 83' lang='grc' dir='ltr'>τῆς</span> <span class='ocrx_word' id='word_1_651' title='bbox 3147 4474 3488 4545; x_wconf 82' lang='grc' dir='ltr'>ἀναιρέσεως,</span> <span class='ocrx_word' id='word_1_652' title='bbox 3515 4464 3717 4559; x_wconf 34' lang='lat' dir='ltr'><strong>atat-wit.-</strong></span> 
     </span>
    </p>
   </div>
   <div class='ocr_carea' id='block_1_91' title="bbox 569 4554 2123 4657">
    <p class='ocr_par' dir='ltr' id='par_1_91' title="bbox 569 4554 2119 4636">
     <span class='ocr_line' id='line_1_91' title="bbox 569 4554 2119 4636; baseline -0.005 -4"><span class='ocrx_word' id='word_1_653' title='bbox 569 4585 626 4632; x_wconf 90' lang='lat' dir='ltr'><strong>et</strong></span> <span class='ocrx_word' id='word_1_654' title='bbox 676 4554 958 4633; x_wconf 86' lang='lat' dir='ltr'><strong>consortes</strong></span> <span class='ocrx_word' id='word_1_655' title='bbox 998 4574 1426 4636; x_wconf 87' lang='lat' dir='ltr'><strong>calumniatoris,</strong></span> <span class='ocrx_word' id='word_1_656' title='bbox 1477 4586 1572 4628; x_wconf 91' lang='lat' dir='ltr'><strong>seu</strong></span> <span class='ocrx_word' id='word_1_657' title='bbox 1627 4571 1815 4628; x_wconf 90' lang='lat' dir='ltr'><strong>eadem</strong></span> <span class='ocrx_word' id='word_1_658' title='bbox 1849 4585 1972 4626; x_wconf 91' lang='lat' dir='ltr'><strong>cum</strong></span> <span class='ocrx_word' id='word_1_659' title='bbox 2026 4569 2119 4625; x_wconf 92' lang='lat' dir='ltr'><strong>illo</strong></span> 
     </span>
    </p>
   </div>
   <div class='ocr_carea' id='block_1_92' title="bbox 2164 4554 3718 4657">
    <p class='ocr_par' dir='ltr' id='par_1_92' title="bbox 2227 4554 3718 4657">
     <span class='ocr_line' id='line_1_92' title="bbox 2227 4554 3718 4657; baseline -0.003 -35"><span class='ocrx_word' id='word_1_660' title='bbox 2227 4569 2487 4642; x_wconf 71' lang='grc' dir='ltr'>μετρηταὶ</span> <span class='ocrx_word' id='word_1_661' title='bbox 2512 4567 2591 4639; x_wconf 85' lang='grc' dir='ltr'>τῷ</span> <span class='ocrx_word' id='word_1_662' title='bbox 2627 4566 2929 4640; x_wconf 83' lang='grc' dir='ltr'>συκοφάντῃ</span> <span class='ocrx_word' id='word_1_663' title='bbox 2950 4606 2964 4631; x_wconf 96' lang='grc'><strong>,</strong></span> <span class='ocrx_word' id='word_1_664' title='bbox 2997 4565 3146 4638; x_wconf 82' lang='grc' dir='ltr'>παρὰ</span> <span class='ocrx_word' id='word_1_665' title='bbox 3175 4565 3295 4637; x_wconf 85' lang='grc' dir='ltr'><strong>Θεῷ</strong></span> <span class='ocrx_word' id='word_1_666' title='bbox 3320 4554 3637 4657; x_wconf 78' lang='grc' dir='ltr'>εὑρεθήσεσθε</span> <span class='ocrx_word' id='word_1_667' title='bbox 3662 4554 3718 4654; x_wconf 44' lang='lat' dir='ltr'><strong>iii)</strong></span> 
     </span>
    </p>
   </div>
   <div class='ocr_carea' id='block_1_93' title="bbox 571 4648 2125 4736">
    <p class='ocr_par' dir='ltr' id='par_1_93' title="bbox 571 4661 2121 4736">
     <span class='ocr_line' id='line_1_93' title="bbox 571 4661 2121 4736; baseline -0.004 -14"><span class='ocrx_word' id='word_1_668' title='bbox 571 4682 826 4723; x_wconf 88' lang='lat' dir='ltr'><strong>mensura</strong></span> <span class='ocrx_word' id='word_1_669' title='bbox 846 4666 1129 4722; x_wconf 89' lang='lat' dir='ltr'><strong>metientes</strong></span> <span class='ocrx_word' id='word_1_670' title='bbox 1157 4661 1495 4736; x_wconf 88' lang='lat' dir='ltr'><strong>reperiemini</strong></span> <span class='ocrx_word' id='word_1_671' title='bbox 1529 4663 1670 4734; x_wconf 93' lang='lat' dir='ltr'><strong>apud</strong></span> <span class='ocrx_word' id='word_1_672' title='bbox 1697 4661 1886 4728; x_wconf 85' lang='lat' dir='ltr'><strong>Deum,</strong></span> <span class='ocrx_word' id='word_1_673' title='bbox 1910 4663 2121 4733; x_wconf 87' lang='lat' dir='ltr'><strong>justum</strong></span> 
     </span>
    </p>
   </div>
   <div class='ocr_carea' id='block_1_94' title="bbox 2164 4648 3718 4736">
    <p class='ocr_par' dir='ltr' id='par_1_94' title="bbox 2222 4648 3718 4734">
     <span class='ocr_line' id='line_1_94' title="bbox 2222 4648 3718 4734; baseline -0.004 -19"><span class='ocrx_word' id='word_1_674' title='bbox 2222 4661 2414 4733; x_wconf 84' lang='grc' dir='ltr'>δικαίῳ</span> <span class='ocrx_word' id='word_1_675' title='bbox 2431 4661 2609 4734; x_wconf 84' lang='grc' dir='ltr'><strong>κριτῇ⁶</strong></span> <span class='ocrx_word' id='word_1_676' title='bbox 2650 4677 2669 4712; x_wconf 83' lang='grc' dir='ltr'><strong>ι</strong></span> <span class='ocrx_word' id='word_1_677' title='bbox 2722 4659 2809 4723; x_wconf 86' lang='grc' dir='ltr'>Ὦς</span> <span class='ocrx_word' id='word_1_678' title='bbox 2834 4661 2942 4732; x_wconf 86' lang='grc' dir='ltr'><strong>γὰρ</strong></span> <span class='ocrx_word' id='word_1_679' title='bbox 2966 4660 2996 4712; x_wconf 86' lang='grc' dir='ltr'><strong>ό</strong></span> <span class='ocrx_word' id='word_1_680' title='bbox 3022 4655 3239 4731; x_wconf 87' lang='grc' dir='ltr'>κρατῶν</span> <span class='ocrx_word' id='word_1_681' title='bbox 3266 4657 3458 4728; x_wconf 82' lang='grc' dir='ltr'>κέρκου</span> <span class='ocrx_word' id='word_1_682' title='bbox 3474 4648 3626 4709; x_wconf 73' lang='grc' dir='ltr'>κυνδςν</span> <span class='ocrx_word' id='word_1_683' title='bbox 3651 4648 3718 4694; x_wconf 61' lang='grc' dir='ltr'><strong>οῧ⁶</strong></span> 
     </span>
    </p>
   </div>
   <div class='ocr_carea' id='block_1_95' title="bbox 567 4743 2121 4848">
    <p class='ocr_par' dir='ltr' id='par_1_95' title="bbox 567 4754 2118 4829">
     <span class='ocr_line' id='line_1_95' title="bbox 567 4754 2118 4829; baseline -0.003 -15"><span class='ocrx_word' id='word_1_684' title='bbox 567 4759 829 4829; x_wconf 77' lang='lat' dir='ltr'><strong>iudicem.</strong></span> <span class='ocrx_word' id='word_1_685' title='bbox 878 4777 898 4811; x_wconf 76' lang='grc' dir='ltr'><strong>ι</strong></span> <span class='ocrx_word' id='word_1_686' title='bbox 937 4757 1090 4814; x_wconf 90' lang='lat' dir='ltr'><strong>Sicut</strong></span> <span class='ocrx_word' id='word_1_687' title='bbox 1134 4759 1276 4814; x_wconf 89' lang='lat' dir='ltr'><strong>enim</strong></span> <span class='ocrx_word' id='word_1_688' title='bbox 1326 4756 1419 4827; x_wconf 90' lang='lat' dir='ltr'><strong>qui</strong></span> <span class='ocrx_word' id='word_1_689' title='bbox 1467 4763 1616 4812; x_wconf 88' lang='lat' dir='ltr'><strong>tenet</strong></span> <span class='ocrx_word' id='word_1_690' title='bbox 1670 4754 1897 4810; x_wconf 90' lang='lat' dir='ltr'><strong>caudam</strong></span> <span class='ocrx_word' id='word_1_691' title='bbox 1944 4755 2118 4820; x_wconf 90' lang='lat' dir='ltr'><strong>canis,</strong></span> 
     </span>
    </p>
   </div>
   <div class='ocr_carea' id='block_1_96' title="bbox 2164 4743 3718 4848">
    <p class='ocr_par' dir='ltr' id='par_1_96' title="bbox 2221 4743 3718 4848">
     <span class='ocr_line' id='line_1_96' title="bbox 2221 4743 3718 4848; baseline -0.003 -42"><span class='ocrx_word' id='word_1_692' title='bbox 2221 4770 2328 4817; x_wconf 87' lang='grc' dir='ltr'><strong>τως</strong></span> <span class='ocrx_word' id='word_1_693' title='bbox 2353 4752 2383 4806; x_wconf 82' lang='grc' dir='ltr'><strong>ὁ</strong></span> <span class='ocrx_word' id='word_1_694' title='bbox 2411 4751 2688 4827; x_wconf 85' lang='grc' dir='ltr'>προεστὼς</span> <span class='ocrx_word' id='word_1_695' title='bbox 2717 4751 2998 4824; x_wconf 86' lang='grc' dir='ltr'>ἀλλοτρίας</span> <span class='ocrx_word' id='word_1_696' title='bbox 3023 4750 3275 4823; x_wconf 87' lang='grc' dir='ltr'>κρίσεως.</span> <span class='ocrx_word' id='word_1_697' title='bbox 3315 4767 3335 4803; x_wconf 76' lang='grc' dir='ltr'><strong>ι</strong></span> <span class='ocrx_word' id='word_1_698' title='bbox 3380 4747 3496 4802; x_wconf 85' lang='grc' dir='ltr'><strong>Ἐὰν</strong></span> <span class='ocrx_word' id='word_1_699' title='bbox 3519 4743 3566 4796; x_wconf 81' lang='grc' dir='ltr'><strong>δὲ</strong></span> <span class='ocrx_word' id='word_1_700' title='bbox 3593 4750 3718 4848; x_wconf 43' lang='grc' dir='ltr'>μιμη-</span> 
     </span>
    </p>
   </div>
   <div class='ocr_carea' id='block_1_97' title="bbox 571 4830 2125 4924">
    <p class='ocr_par' dir='ltr' id='par_1_97' title="bbox 571 4845 2120 4924">
     <span class='ocr_line' id='line_1_97' title="bbox 571 4845 2120 4924; baseline -0.005 -17"><span class='ocrx_word' id='word_1_701' title='bbox 571 4853 654 4908; x_wconf 87' lang='lat' dir='ltr'><strong>sic</strong></span> <span class='ocrx_word' id='word_1_702' title='bbox 689 4853 782 4924; x_wconf 89' lang='lat' dir='ltr'><strong>qui</strong></span> <span class='ocrx_word' id='word_1_703' title='bbox 809 4850 1060 4923; x_wconf 66' lang='lat' dir='ltr'><strong>praesidet</strong></span> <span class='ocrx_word' id='word_1_704' title='bbox 1095 4852 1274 4907; x_wconf 90' lang='lat' dir='ltr'><strong>alieno</strong></span> <span class='ocrx_word' id='word_1_705' title='bbox 1296 4847 1500 4921; x_wconf 84' lang='lat' dir='ltr'><strong>judicio</strong></span> <span class='ocrx_word' id='word_1_706' title='bbox 1518 4847 1584 4905; x_wconf 83' lang='lat'><strong>”.</strong></span> <span class='ocrx_word' id='word_1_707' title='bbox 1626 4866 1646 4902; x_wconf 74' lang='grc' dir='ltr'><strong>ι</strong></span> <span class='ocrx_word' id='word_1_708' title='bbox 1680 4845 1836 4914; x_wconf 83' lang='lat' dir='ltr'><strong>Quod</strong></span> <span class='ocrx_word' id='word_1_709' title='bbox 1863 4846 1912 4906; x_wconf 84' lang='lat' dir='ltr'><strong>si</strong></span> <span class='ocrx_word' id='word_1_710' title='bbox 1934 4846 2120 4903; x_wconf 84' lang='lat' dir='ltr'><strong>imita-</strong></span> 
     </span>
    </p>
   </div>
   <div class='ocr_carea' id='block_1_98' title="bbox 2163 4830 3717 4924">
    <p class='ocr_par' dir='ltr' id='par_1_98' title="bbox 2222 4830 3717 4918">
     <span class='ocr_line' id='line_1_98' title="bbox 2222 4830 3717 4918; baseline -0.009 -20"><span class='ocrx_word' id='word_1_711' title='bbox 2222 4845 2312 4900; x_wconf 69' lang='grc' dir='ltr'>τα).</span> <span class='ocrx_word' id='word_1_712' title='bbox 2340 4843 2569 4918; x_wconf 85' lang='grc' dir='ltr'>γένησθε</span> <span class='ocrx_word' id='word_1_713' title='bbox 2599 4844 2705 4899; x_wconf 89' lang='grc' dir='ltr'><strong>τῶν</strong></span> <span class='ocrx_word' id='word_1_714' title='bbox 2746 4843 2805 4898; x_wconf 73' lang='grc' dir='ltr'>ὲν</span> <span class='ocrx_word' id='word_1_715' title='bbox 2837 4841 3113 4898; x_wconf 76' lang='grc' dir='ltr'>Βαϐυλῶνι</span> <span class='ocrx_word' id='word_1_716' title='bbox 3145 4839 3532 4915; x_wconf 76' lang='grc' dir='ltr'>πρεσϐυτέρων,</span> <span class='ocrx_word' id='word_1_717' title='bbox 3570 4830 3717 4886; x_wconf 73' lang='grc' dir='ltr'>οῖτινις</span> 
     </span>
    </p>
   </div>
   <div class='ocr_carea' id='block_1_99' title="bbox 643 5010 3580 5098">
    <p class='ocr_par' dir='ltr' id='par_1_99' title="bbox 643 5010 3580 5098">
     <span class='ocr_line' id='line_1_99' title="bbox 643 5010 3580 5098; baseline -0.007 -15"><span class='ocrx_word' id='word_1_718' title='bbox 643 5027 688 5060; x_wconf 82' lang='lat'><strong>”</strong></span> <span class='ocrx_word' id='word_1_719' title='bbox 707 5025 876 5083; x_wconf 85' lang='lat' dir='ltr'><strong>Exod.</strong></span> <span class='ocrx_word' id='word_1_720' title='bbox 901 5040 1062 5094; x_wconf 85' lang='lat' dir='ltr'><strong>xxm,</strong></span> <span class='ocrx_word' id='word_1_721' title='bbox 1095 5034 1148 5094; x_wconf 75' lang='grc'>1,</span> <span class='ocrx_word' id='word_1_722' title='bbox 1171 5031 1230 5086; x_wconf 74' lang='lat'><strong>2.</strong></span> <span class='ocrx_word' id='word_1_723' title='bbox 1313 5023 1552 5098; x_wconf 81' lang='lat' dir='ltr'><strong>&quot;lgnat.</strong></span> <span class='ocrx_word' id='word_1_724' title='bbox 1584 5021 1837 5096; x_wconf 87' lang='lat' dir='ltr'><strong>lnterpol.</strong></span> <span class='ocrx_word' id='word_1_725' title='bbox 1869 5021 1938 5078; x_wconf 88' lang='lat' dir='ltr'><strong>ad</strong></span> <span class='ocrx_word' id='word_1_726' title='bbox 1969 5020 2207 5092; x_wconf 86' lang='lat' dir='ltr'><strong>Magnes.</strong></span> <span class='ocrx_word' id='word_1_727' title='bbox 2239 5020 2294 5076; x_wconf 90' lang='lat'><strong>9.</strong></span> <span class='ocrx_word' id='word_1_728' title='bbox 2401 5018 2447 5052; x_wconf 76' lang='lat'><strong>&quot;</strong></span> <span class='ocrx_word' id='word_1_729' title='bbox 2475 5016 2635 5076; x_wconf 84' lang='lat' dir='ltr'><strong>Prov.</strong></span> <span class='ocrx_word' id='word_1_730' title='bbox 2667 5035 2780 5088; x_wconf 76' lang='lat' dir='ltr'><strong>xix,</strong></span> <span class='ocrx_word' id='word_1_731' title='bbox 2811 5018 2866 5086; x_wconf 82' lang='lat'><strong>5,</strong></span> <span class='ocrx_word' id='word_1_732' title='bbox 2901 5017 2955 5075; x_wconf 91' lang='lat'><strong>9.</strong></span> <span class='ocrx_word' id='word_1_733' title='bbox 3030 5019 3075 5052; x_wconf 83' lang='lat'>”</span> <span class='ocrx_word' id='word_1_734' title='bbox 3100 5016 3262 5074; x_wconf 86' lang='lat' dir='ltr'><strong>Prov.</strong></span> <span class='ocrx_word' id='word_1_735' title='bbox 3305 5029 3426 5072; x_wconf 81' lang='lat' dir='ltr'><strong>xxvt</strong></span> <span class='ocrx_word' id='word_1_736' title='bbox 3449 5052 3464 5078; x_wconf 95' lang='lat'><strong>,</strong></span> <span class='ocrx_word' id='word_1_737' title='bbox 3504 5010 3580 5065; x_wconf 76' lang='lat' dir='ltr'><strong>i7.</strong></span> 
     </span>
    </p>
   </div>
   <div class='ocr_carea' id='block_1_100' title="bbox 1849 5169 2479 5230">
    <p class='ocr_par' dir='ltr' id='par_1_100' title="bbox 1849 5169 2479 5230">
     <span class='ocr_line' id='line_1_100' title="bbox 1849 5169 2479 5230; baseline 0 -2"><span class='ocrx_word' id='word_1_738' title='bbox 1849 5170 2219 5230; x_wconf 74' lang='lat' dir='ltr'><strong>VARIORUM</strong></span> <span class='ocrx_word' id='word_1_739' title='bbox 2250 5169 2479 5229; x_wconf 70' lang='lat' dir='ltr'><strong>NOTAE.</strong></span> 
     </span>
    </p>
   </div>
   <div class='ocr_carea' id='block_1_101' title="bbox 1258 5359 2812 5444">
    <p class='ocr_par' dir='ltr' id='par_1_101' title="bbox 1258 5374 2812 5444">
     <span class='ocr_line' id='line_1_101' title="bbox 1258 5374 2812 5444; baseline -0.004 -8"><span class='ocrx_word' id='word_1_740' title='bbox 1258 5422 1271 5436; x_wconf 94' lang='lat'><strong>.</strong></span> <span class='ocrx_word' id='word_1_741' title='bbox 1308 5380 1419 5444; x_wconf 84' lang='grc' dir='ltr'><strong>Τάς</strong></span> <span class='ocrx_word' id='word_1_742' title='bbox 1460 5378 1786 5444; x_wconf 85' lang='grc' dir='ltr'>μαρτυρίας.</span> <span class='ocrx_word' id='word_1_743' title='bbox 1827 5377 1928 5436; x_wconf 76' lang='lat' dir='ltr'><strong>Ms.</strong></span> <span class='ocrx_word' id='word_1_744' title='bbox 1953 5376 2116 5433; x_wconf 80' lang='lat' dir='ltr'><strong>Vind.</strong></span> <span class='ocrx_word' id='word_1_745' title='bbox 2291 5374 2402 5444; x_wconf 83' lang='lat'><strong>(95)</strong></span> <span class='ocrx_word' id='word_1_746' title='bbox 2445 5375 2577 5430; x_wconf 70' lang='grc' dir='ltr'><strong>Οὔθ⁶</strong></span> <span class='ocrx_word' id='word_1_747' title='bbox 2609 5376 2643 5430; x_wconf 80' lang='grc' dir='ltr'><em>ὁ</em></span> <span class='ocrx_word' id='word_1_748' title='bbox 2685 5377 2812 5444; x_wconf 41' lang='grc' dir='ltr'>πληγ</span> 
     </span>
    </p>
   </div>
   <div class='ocr_carea' id='block_1_102' title="bbox 2160 5359 3714 5444">
    <p class='ocr_par' dir='ltr' id='par_1_102' title="bbox 2291 5359 3714 5444">
     <span class='ocr_line' id='line_1_102' title="bbox 2291 5359 3714 5444; baseline -0.005 -14"><span class='ocrx_word' id='word_1_749' title='bbox 2291 5374 2402 5444; x_wconf 83' lang='grc'>(95)</span> <span class='ocrx_word' id='word_1_750' title='bbox 2445 5375 2577 5430; x_wconf 71' lang='grc' dir='ltr'><strong>Οὔθ⁴</strong></span> <span class='ocrx_word' id='word_1_751' title='bbox 2609 5376 2643 5430; x_wconf 80' lang='grc' dir='ltr'><em>ὁ</em></span> <span class='ocrx_word' id='word_1_752' title='bbox 2685 5375 3047 5444; x_wconf 69' lang='grc' dir='ltr'>πλημμελῶν</span> <span class='ocrx_word' id='word_1_753' title='bbox 3090 5373 3260 5440; x_wconf 79' lang='grc' dir='ltr'>δίκης</span> <span class='ocrx_word' id='word_1_754' title='bbox 3302 5369 3485 5444; x_wconf 67' lang='grc' dir='ltr'><strong>ἐκτόςῘ</strong></span> 
     </span>
    </p>
   </div>
   <div class='ocr_carea' id='block_1_103' title="bbox 639 5374 2193 5524">
    <p class='ocr_par' dir='ltr' id='par_1_103' title="bbox 639 5376 2120 5524">
     <span class='ocr_line' id='line_1_103' title="bbox 639 5376 2116 5464; baseline -0.005 -25"><span class='ocrx_word' id='word_1_755' title='bbox 639 5385 749 5456; x_wconf 76' lang='grc'>(91)</span> <span class='ocrx_word' id='word_1_756' title='bbox 791 5385 907 5453; x_wconf 78' lang='grc' dir='ltr'><strong>Τὴν</strong></span> <span class='ocrx_word' id='word_1_757' title='bbox 927 5382 1271 5454; x_wconf 78' lang='grc' dir='ltr'>μαρτυρίαν.</span> <span class='ocrx_word' id='word_1_758' title='bbox 1308 5380 1419 5464; x_wconf 77' lang='grc' dir='ltr'><strong>Τάς</strong></span> <span class='ocrx_word' id='word_1_759' title='bbox 1460 5378 1786 5464; x_wconf 87' lang='grc' dir='ltr'>μαρτυρίας.</span> <span class='ocrx_word' id='word_1_760' title='bbox 1827 5377 1928 5436; x_wconf 76' lang='lat' dir='ltr'><strong>Ms.</strong></span> <span class='ocrx_word' id='word_1_761' title='bbox 1953 5376 2116 5433; x_wconf 83' lang='lat' dir='ltr'><strong>Vind.</strong></span> 
     </span>
     <span class='ocr_line' id='line_1_104' title="bbox 641 5448 2120 5524; baseline -0.005 -15"><span class='ocrx_word' id='word_1_762' title='bbox 641 5457 750 5524; x_wconf 70' lang='lat'><strong>(92)</strong></span> <span class='ocrx_word' id='word_1_763' title='bbox 787 5455 1132 5524; x_wconf 75' lang='grc' dir='ltr'>Φιλόχηρος.</span> <span class='ocrx_word' id='word_1_764' title='bbox 1164 5453 1321 5524; x_wconf 79' lang='lat' dir='ltr'><strong>Deest</strong></span> <span class='ocrx_word' id='word_1_765' title='bbox 1345 5468 1412 5524; x_wconf 80' lang='lat' dir='ltr'><strong>_in</strong></span> <span class='ocrx_word' id='word_1_766' title='bbox 1441 5453 1564 5506; x_wconf 88' lang='lat' dir='ltr'><strong>cod.</strong></span> <span class='ocrx_word' id='word_1_767' title='bbox 1595 5449 1824 5524; x_wconf 59' lang='lat' dir='ltr'><strong>Vindob.</strong></span> <span class='ocrx_word' id='word_1_768' title='bbox 1843 5459 1921 5524; x_wconf 92' lang='lat' dir='ltr'><strong>_ut</strong></span> <span class='ocrx_word' id='word_1_769' title='bbox 1947 5456 2000 5504; x_wconf 93' lang='lat' dir='ltr'><strong>et</strong></span> <span class='ocrx_word' id='word_1_770' title='bbox 2027 5448 2120 5524; x_wconf 51' lang='lat'><strong>9&#39;21</strong></span> 
     </span>
    </p>
   </div>
   <div class='ocr_carea' id='block_1_104' title="bbox 2163 5374 3717 5524">
    <p class='ocr_par' dir='ltr' id='par_1_104' title="bbox 2220 5374 3717 5524">
     <span class='ocr_line' id='line_1_105' title="bbox 2265 5374 3715 5501; baseline -0.01 -70"><span class='ocrx_word' id='word_1_771' title='bbox 2265 5374 2402 5501; x_wconf 58' lang='grc' dir='ltr'><strong>ἲέ95)</strong></span> <span class='ocrx_word' id='word_1_772' title='bbox 2445 5375 2577 5430; x_wconf 71' lang='grc' dir='ltr'><strong>Οὔθ⁴</strong></span> <span class='ocrx_word' id='word_1_773' title='bbox 2609 5376 2643 5430; x_wconf 80' lang='grc' dir='ltr'><em>ὁ</em></span> <span class='ocrx_word' id='word_1_774' title='bbox 2685 5375 3047 5444; x_wconf 69' lang='grc' dir='ltr'>πλημμελῶν</span> <span class='ocrx_word' id='word_1_775' title='bbox 3090 5374 3260 5440; x_wconf 78' lang='grc' dir='ltr'>δίκης</span> <span class='ocrx_word' id='word_1_776' title='bbox 3302 5374 3484 5432; x_wconf 80' lang='grc' dir='ltr'>ἐκτός.</span> <span class='ocrx_word' id='word_1_777' title='bbox 3535 5374 3640 5443; x_wconf 64' lang='lat' dir='ltr'><strong>Vide</strong></span> <span class='ocrx_word' id='word_1_778' title='bbox 3675 5374 3715 5405; x_wconf 83' lang='grc' dir='ltr'><strong>1η</strong></span> 
     </span>
     <span class='ocr_line' id='line_1_106' title="bbox 2220 5432 3717 5524; baseline -0.011 -23"><span class='ocrx_word' id='word_1_779' title='bbox 2220 5446 2263 5524; x_wconf 57' lang='lat'><strong>1:</strong></span> <span class='ocrx_word' id='word_1_780' title='bbox 2314 5447 2382 5511; x_wconf 81' lang='grc' dir='ltr'>Χ,</span> <span class='ocrx_word' id='word_1_781' title='bbox 2415 5444 3123 5524; x_wconf 54' lang='lat' dir='ltr'><strong>Proverb.xxvm,20;Sap.</strong></span> <span class='ocrx_word' id='word_1_782' title='bbox 3152 5459 3190 5509; x_wconf 94' lang='grc' dir='ltr'><strong>ι,</strong></span> <span class='ocrx_word' id='word_1_783' title='bbox 3215 5445 3280 5510; x_wconf 83' lang='grc'><strong>8;</strong></span> <span class='ocrx_word' id='word_1_784' title='bbox 3300 5456 3406 5504; x_wconf 80' lang='lat' dir='ltr'><strong>xw,</strong></span> <span class='ocrx_word' id='word_1_785' title='bbox 3432 5437 3514 5503; x_wconf 79' lang='lat' dir='ltr'><strong>3i,</strong></span> <span class='ocrx_word' id='word_1_786' title='bbox 3535 5432 3624 5488; x_wconf 82' lang='lat' dir='ltr'><strong>Sll‘.</strong></span> <span class='ocrx_word' id='word_1_787' title='bbox 3643 5441 3717 5484; x_wconf 75' lang='grc' dir='ltr'>ιιι.</span> 
     </span>
    </p>
   </div>
   <div class='ocr_carea' id='block_1_105' title="bbox 573 5515 2127 5621">
    <p class='ocr_par' dir='ltr' id='par_1_105' title="bbox 573 5515 2120 5621">
     <span class='ocr_line' id='line_1_107' title="bbox 573 5515 2120 5621; baseline -0.006 -42"><span class='ocrx_word' id='word_1_788' title='bbox 573 5515 784 5621; x_wconf 45' lang='grc' dir='ltr'>βριὲτής</span> <span class='ocrx_word' id='word_1_789' title='bbox 811 5526 903 5578; x_wconf 71' lang='grc' dir='ltr'>καὶ</span> <span class='ocrx_word' id='word_1_790' title='bbox 929 5515 1389 5596; x_wconf 63' lang='grc' dir='ltr'>ξρῆματολαίλαψ,</span> <span class='ocrx_word' id='word_1_791' title='bbox 1421 5537 1518 5590; x_wconf 91' lang='lat' dir='ltr'><strong>pro</strong></span> <span class='ocrx_word' id='word_1_792' title='bbox 1545 5519 1745 5591; x_wconf 84' lang='lat' dir='ltr'><strong>quibus</strong></span> <span class='ocrx_word' id='word_1_793' title='bbox 1772 5520 1932 5577; x_wconf 87' lang='lat' dir='ltr'><strong>habet</strong></span> <span class='ocrx_word' id='word_1_794' title='bbox 1955 5515 2120 5572; x_wconf 72' lang='grc' dir='ltr'>πολυσί</span> 
     </span>
    </p>
   </div>
   <div class='ocr_carea' id='block_1_106' title="bbox 2145 5515 3699 5621">
    <p class='ocr_par' dir='ltr' id='par_1_106' title="bbox 2225 5515 3699 5621">
     <span class='ocr_line' id='line_1_108' title="bbox 2225 5515 3638 5586; baseline 0.001 -17"><span class='ocrx_word' id='word_1_795' title='bbox 2225 5519 2278 5583; x_wconf 90' lang='grc'>7,</span> <span class='ocrx_word' id='word_1_796' title='bbox 2313 5533 2468 5578; x_wconf 81' lang='lat' dir='ltr'><strong>xxm,</strong></span> <span class='ocrx_word' id='word_1_797' title='bbox 2497 5516 2583 5570; x_wconf 75' lang='lat' dir='ltr'><strong>l3.</strong></span> <span class='ocrx_word' id='word_1_798' title='bbox 2613 5515 2750 5570; x_wconf 78' lang='lat' dir='ltr'><strong>Co&#39;r.</strong></span> <span class='ocrx_word' id='word_1_799' title='bbox 3514 5573 3527 5586; x_wconf 60' lang='grc'><em>,</em></span> <span class='ocrx_word' id='word_1_800' title='bbox 3609 5566 3638 5584; x_wconf 80' lang='grc'><strong>,,</strong></span> 
     </span>
     <span class='ocr_line' id='line_1_109' title="bbox 2292 5561 3699 5621; baseline 0 0"><span class='ocrx_word' id='word_1_801' title='bbox 2292 5587 2403 5621; x_wconf 69' lang='grc' dir='ltr'>[οιξι</span> <span class='ocrx_word' id='word_1_802' title='bbox 2449 5585 2750 5621; x_wconf 52' lang='lat' dir='ltr'><strong>&quot;nn-ruﬁ-</strong></span> <span class='ocrx_word' id='word_1_803' title='bbox 2800 5585 2904 5621; x_wconf 61' lang='lat' dir='ltr'><strong>Ind</strong></span> <span class='ocrx_word' id='word_1_804' title='bbox 2937 5583 3218 5621; x_wconf 54' lang='lat' dir='ltr'><strong>nurnine-#59</strong></span> <span class='ocrx_word' id='word_1_805' title='bbox 3242 5581 3473 5621; x_wconf 72' lang='lat' dir='ltr'><strong>rnnlinc-</strong></span> <span class='ocrx_word' id='word_1_806' title='bbox 3511 5588 3562 5621; x_wconf 82' lang='grc' dir='ltr'><strong>ιιι</strong></span> 
     </span>
    </p>
   </div>
   <div class='ocr_carea' id='block_1_107' title="bbox 572 5581 3715 5658">
    <p class='ocr_par' dir='ltr' id='par_1_107' title="bbox 572 5581 3715 5658">
     <span class='ocr_line' id='line_1_110' title="bbox 572 5581 3715 5658; baseline -0.012 1"><span class='ocrx_word' id='word_1_807' title='bbox 572 5581 859 5657; x_wconf 52' lang='grc' dir='ltr'>ἆδάλιιῖέος-</span> <span class='ocrx_word' id='word_1_808' title='bbox 929 5581 977 5596; x_wconf 58' lang='grc' dir='ltr'><strong>Μ</strong></span> <span class='ocrx_word' id='word_1_809' title='bbox 1023 5581 1052 5595; x_wconf 80' lang='grc'><em>”</em></span> <span class='ocrx_word' id='word_1_810' title='bbox 1343 5581 1385 5592; x_wconf 71' lang='grc'><em>”</em></span> <span class='ocrx_word' id='word_1_811' title='bbox 1421 5581 1439 5590; x_wconf 77' lang='grc'><strong>’</strong></span> <span class='ocrx_word' id='word_1_812' title='bbox 1563 5581 1634 5658; x_wconf 30' lang='grc' dir='ltr'><strong><em>Ἀ</em></strong></span> <span class='ocrx_word' id='word_1_813' title='bbox 2231 5581 2270 5658; x_wconf 41' lang='grc' dir='ltr'><strong>ς</strong></span> <span class='ocrx_word' id='word_1_814' title='bbox 2291 5587 2403 5658; x_wconf 85' lang='grc'>(96)</span> <span class='ocrx_word' id='word_1_815' title='bbox 2441 5585 2771 5655; x_wconf 79' lang='grc' dir='ltr'>Προπετῶς.</span> <span class='ocrx_word' id='word_1_816' title='bbox 2800 5585 2910 5641; x_wconf 75' lang='grc' dir='ltr'><strong>Καὶ</strong></span> <span class='ocrx_word' id='word_1_817' title='bbox 2937 5583 3218 5658; x_wconf 80' lang='grc' dir='ltr'>προπετῶς</span> <span class='ocrx_word' id='word_1_818' title='bbox 3242 5581 3474 5643; x_wconf 89' lang='lat' dir='ltr'><strong>rectius,</strong></span> <span class='ocrx_word' id='word_1_819' title='bbox 3511 5581 3562 5629; x_wconf 78' lang='lat' dir='ltr'><strong>in</strong></span> <span class='ocrx_word' id='word_1_820' title='bbox 3593 5581 3715 5622; x_wconf 70' lang='lat' dir='ltr'><strong>Vina.</strong></span> 
     </span>
    </p>
   </div>
   <div class='ocr_carea' id='block_1_108' title="bbox 642 5656 2387 5729">
    <p class='ocr_par' dir='ltr' id='par_1_108' title="bbox 642 5656 2387 5729">
     <span class='ocr_line' id='line_1_111' title="bbox 642 5656 2387 5729; baseline -0.001 -13"><span class='ocrx_word' id='word_1_821' title='bbox 642 5664 748 5729; x_wconf 76' lang='lat'><strong>(95)</strong></span> <span class='ocrx_word' id='word_1_822' title='bbox 791 5656 943 5718; x_wconf 75' lang='lat' dir='ltr'><strong>de.</strong></span> <span class='ocrx_word' id='word_1_823' title='bbox 986 5661 1142 5718; x_wconf 89' lang='lat' dir='ltr'><strong>Deest</strong></span> <span class='ocrx_word' id='word_1_824' title='bbox 1167 5661 1221 5716; x_wconf 91' lang='lat' dir='ltr'><strong>in</strong></span> <span class='ocrx_word' id='word_1_825' title='bbox 1246 5660 1416 5715; x_wconf 88' lang='lat' dir='ltr'><strong>altero</strong></span> <span class='ocrx_word' id='word_1_826' title='bbox 1442 5656 1751 5729; x_wconf 53' lang='lat' dir='ltr'><strong>cod,_Vind.</strong></span> <span class='ocrx_word' id='word_1_827' title='bbox 2220 5656 2387 5714; x_wconf 67' lang='lat' dir='ltr'><strong>cum.</strong></span> 
     </span>
    </p>
   </div>
   <div class='ocr_carea' id='block_1_109' title="bbox 642 5664 1703 5804">
    <p class='ocr_par' dir='ltr' id='par_1_109' title="bbox 642 5664 1703 5804">
     <span class='ocr_line' id='line_1_112' title="bbox 642 5664 1703 5729; baseline -0.006 -13"><span class='ocrx_word' id='word_1_828' title='bbox 642 5665 728 5729; x_wconf 75' lang='lat'><strong>(95</strong></span> <span class='ocrx_word' id='word_1_829' title='bbox 791 5664 943 5718; x_wconf 77' lang='grc' dir='ltr'>Τινά.</span> <span class='ocrx_word' id='word_1_830' title='bbox 986 5664 1142 5718; x_wconf 90' lang='lat' dir='ltr'><strong>Deest</strong></span> <span class='ocrx_word' id='word_1_831' title='bbox 1167 5664 1221 5716; x_wconf 91' lang='lat' dir='ltr'><strong>in</strong></span> <span class='ocrx_word' id='word_1_832' title='bbox 1246 5664 1416 5715; x_wconf 88' lang='lat' dir='ltr'><strong>altero</strong></span> <span class='ocrx_word' id='word_1_833' title='bbox 1442 5664 1563 5714; x_wconf 91' lang='lat' dir='ltr'><strong>cod.</strong></span> <span class='ocrx_word' id='word_1_834' title='bbox 1593 5664 1703 5713; x_wconf 59' lang='lat' dir='ltr'><strong>Vin.</strong></span> 
     </span>
     <span class='ocr_line' id='line_1_113' title="bbox 642 5664 1703 5804; baseline -0.005 -14"><span class='ocrx_word' id='word_1_835' title='bbox 642 5664 750 5804; x_wconf 56' lang='lat'><strong>(94;</strong></span> <span class='ocrx_word' id='word_1_836' title='bbox 789 5734 1041 5802; x_wconf 84' lang='grc' dir='ltr'>Ἕτερος.</span> <span class='ocrx_word' id='word_1_837' title='bbox 1061 5731 1167 5786; x_wconf 77' lang='grc' dir='ltr'><strong>Καὶ</strong></span> <span class='ocrx_word' id='word_1_838' title='bbox 1195 5730 1375 5800; x_wconf 66' lang='grc' dir='ltr'>ἕτερος</span> <span class='ocrx_word' id='word_1_839' title='bbox 1399 5731 1520 5787; x_wconf 88' lang='lat' dir='ltr'><strong>cod.</strong></span> <span class='ocrx_word' id='word_1_840' title='bbox 1543 5726 1703 5785; x_wconf 83' lang='lat' dir='ltr'><strong>Vind.</strong></span> 
     </span>
    </p>
   </div>
  </div>
