3936 6342
271 271 365 324 717

1179 267 1782 326 CONS’I‘ITUTIONES
1808 268 2336 326 APOSTOLICE.—
2359 266 2484 324 LIB.
2528 268 2590 324 ll.

3396 272 3494 326 718

254 399 345 436 σου
391 383 502 453 ἔχει
538 400 591 435 τι
621 384 764 436 κατά
805 383 921 448 σοῦ,
966 384 1103 454 ἄφες
1144 387 1259 439 ἐκεῖ
1291 386 1352 438 τὸ
1391 386 1562 458 δῶρόν
1609 403 1700 439 σου
1729 385 1800 457 ἐμ

1930 393 2083 438 tuum
2135 385 2203 438 ad
2256 384 2429 439 altare
2459 425 2475 450 ,
2531 393 2585 440 et
2644 384 2718 439 ibi
2768 384 3086 441 recordatus
3152 385 3321 442 lueris
3367 388 3493 458 quia

249 477 481 548 προσθεν
507 475 604 528 τοῦ
640 476 1045 548 θυσιαστηρίου,
1082 479 1177 531 καὶ
1209 477 1408 546 ὕπαγε,
1440 477 1651 550 πρῶτον
1676 476 1822 530 διαλ-

244 569 441 640 λάγηθι
471 568 550 638 τῷ
578 568 790 639 ἀδελφῷ
821 587 936 632 σου,
977 571 1071 623 καὶ
1103 571 1223 623 τότε
1250 570 1418 623 ἐλθὼν
1458 570 1733 640 πρόσφερε
1760 569 1823 622 τὸ

241 662 412 732 δῶρόν
432 680 547 715 σου.
571 682 590 713 ›
608 663 787 734 Δῶρον
807 662 864 714 δέ
885 663 1001 715 ἐστι
1014 663 1132 734 Θεῷ
1146 666 1179 734 ὴ
1200 663 1427 716 ἑκάστου
1441 662 1715 735 προσευχὴ
1729 665 1822 716 καὶ

240 753 581 824 εὐχαριστία.
645 754 768 806 Ἐὰν
795 751 889 807 οὖν
917 755 1046 826 ἔχῃς
1071 772 1124 808 τι
1153 755 1294 808 κατά
1319 754 1414 807 τοῦ
1443 753 1669 823 ἀδελφοῦ
1703 771 1818 817 σου,

237 845 272 914 ἢ
303 844 470 908 αὐτὸς
496 845 592 915 ἔχῃ
621 862 671 897 τι
704 845 843 898 κατὰ
876 847 990 908 σοῦ,
1022 845 1145 900 οὔτε
1176 848 1233 900 αἱ
1263 845 1559 917 προσευχαί
1583 863 1676 898 σου
1707 847 1818 898 εἰσ-

237 935 666 1007 ακουσθήσονται
690 976 705 1000 ,
749 936 872 989 οὗτε
903 938 959 990 αἱ
990 939 1326 1009 εύχαριστίαι
1354 955 1447 991 σου
1487 936 1818 1008 προσδεχθή-

239 1045 454 1090 σονται,
483 1027 570 1081 διὰ
599 1027 696 1098 τὴν
733 1029 1094 1100 ὑποκειμένην
1131 1030 1320 1100 ὀργήν
1351 1029 1456 1101 χρὴ
1484 1029 1541 1082 δὲ
1582 1029 1818 1098 συνεχῶς

233 1121 632 1192 προσεύχεσθαι
651 1123 814 1192 ὑμᾶς,
829 1121 1064 1191 ἀδελφοίο
1083 1122 1195 1175 ἀλλ’
1217 1122 1400 1193 ἐπειδὴ
1411 1122 1518 1174 τῷν
1537 1122 1594 1174 ἐν
1625 1123 1816 1192 ὀργαῖς

232 1212 439 1275 ἀδίκως
467 1212 856 1284 ὲχθραινόντων
909 1213 1156 1281 ἀδελφοῖς
1183 1215 1212 1265 ὁ
1243 1213 1375 1276 Θεὸς
1401 1215 1503 1267 οὐκ
1535 1213 1813 1276 ἐπακούει,

231 1304 330 1355 καὶ
359 1304 455 1356 ἐὰν
484 1305 604 1376 τρὶς
643 1304 744 1374 τῆς
786 1303 936 1375 ὥρας
967 1304 1394 1376 προσεύξωνται,
1439 1306 1545 1377 χρὴ
1575 1305 1809 1359 διαλύειν

231 1397 422 1447 πᾶσαν
451 1394 649 1466 ἔχθραν
677 1397 771 1449 καὶ
805 1397 1166 1468 μικροψυχίαν
1183 1437 1198 1460 ,
1227 1397 1314 1450 ἴνα
1341 1396 1622 1468 δυνώμεθα
1646 1416 1815 1469 προσ-

229 1485 492 1556 εύχεσθαι
531 1485 746 1558 καθαρᾷ
773 1490 840 1558 τῇ
877 1487 1075 1559 καρδίᾳ
1099 1488 1191 1540 καὶ
1225 1487 1470 1562 appono.
1503 1489 1694 1543 Καίτοι
1747 1506 1812 1557 γε

228 1579 323 1630 καὶ
355 1577 592 1649 ἐχθροὺς
619 1581 648 1631 ὁ
676 1578 879 1651 Κύριος
907 1579 1128 1651 ἀγαπᾷν
1177 1581 1506 1652 προσέταξεν
1530 1622 1544 1646 ,
1592 1584 1713 1653 οὐχὶ
1756 1583 1812 1636 δὲ

227 1670 324 1721 καὶ
345 1672 476 1731 τοὺς
499 1669 686 1738 φίλους
717 1673 910 1742 μισεῖνο
944 1672 1038 1724 καὶ
1069 1675 1097 1725 ὀ
1126 1672 1422 1743 νομοθέτης
1462 1675 1648 1745 φησίν·
1688 1694 1706 1726 ι
1734 1676 1807 1728 Οὐ

1922 475 2089 531 frater
2131 485 2261 531 tuus
2322 475 2484 530 habet
2531 474 2738 546 aliquid
2802 476 3092 532 adversum
3118 483 3191 541 te,
3249 477 3495 547 relinque

1921 567 1998 622 ibi
2056 583 2255 622 munus
2309 574 2462 621 tuum
2519 575 2646 622 ante
2696 568 2898 631 altare,
2945 576 2999 623 et
3029 567 3347 638 vade,prius
3409 585 3494 624 re-

1920 659 2218 714 conciliare
2271 658 2427 713 fratri
2474 668 2599 719 tuo;
2649 667 2704 714 et
2746 669 2876 714 tunc
2906 660 3148 724 veniens,
3195 661 3324 716 offer
3375 678 3493 716 mu-

1919 766 2024 805 nus
2069 758 2220 804 tuum
2256 751 2294 804 ί.
2332 770 2349 802 ι
2421 749 2619 806 Munus
2660 766 2789 805 vero
2829 759 2918 806 est
2946 750 3058 807 Deo
3103 752 3282 807 oratio
3309 754 3494 823 cujus-

1918 857 2026 912 que
2053 851 2108 896 et
2136 844 2280 897 actio
2301 843 2624 913 gratiarum.
2661 841 2718 897 Si
2743 858 2874 914 ergo
2904 843 3104 899 habeas
3134 845 3340 915 aliquid
3364 861 3494 902 con-

1915 941 2001 989 tra
2033 934 2252 989 fratrem
2283 945 2458 1000 tuum,
2495 943 2588 989 aut
2616 936 2734 1005 ipse
2767 935 2972 1006 aliquid
2992 937 3190 991 habeat
3210 946 3399 992 contra
3421 947 3494 1002 te,

1916 1042 2093 1096 neque
2129 1027 2411 1082 orationes
2469 1035 2574 1080 tua;
2608 1027 2972 1098 exaudientur
2999 1069 3014 1090 ,
3071 1044 3246 1098 neque
3298 1030 3495 1100 gratia-

1915 1133 2036 1171 rum
2092 1117 2338 1172 actiones
2397 1119 2794 1188 suscipientur,
2831 1107 3064 1189 propter
3121 1119 3490 1189 subjacenlem

1915 1211 2082 1274 iram;
2135 1218 2354 1279 oportet
2399 1219 2604 1271 autem,
2640 1211 2858 1274 fratres,
2893 1228 2991 1266 vos
3023 1213 3243 1268 assidue
3284 1229 3442 1268 orare
3473 1230 3489 1278 ;

1913 1309 1968 1356 et
1998 1302 2126 1371 quia
2163 1316 2260 1356 eos
2303 1301 2552 1370 quicum
2593 1301 2860 1370 injustitia
2911 1302 3175 1358 fratribus
3221 1303 3493 1359 hostiliter

1913 1392 2248 1457 kascuntnr,
2312 1391 2454 1448 Deus
2506 1409 2615 1446 non
2663 1393 2904 1458 exaudit,
2953 1395 3079 1449 licet
3123 1395 3178 1448 in
3230 1395 3364 1448 hora
3409 1403 3494 1450 ter

1913 1486 2220 1546 oraverint,
2266 1485 2388 1538 idco
2417 1483 2674 1539 dirimere
2711 1485 2975 1540 debemus
3028 1501 3245 1540 omnem
3306 1487 3491 1540 inimi-

1911 1579 2096 1632 citiam
2127 1588 2180 1632 et
2220 1577 2476 1647 pusillum
2533 1579 2813 1641 animum,
2857 1594 2968 1648 quo
3005 1580 3280 1646 possimus
3327 1580 3492 1635 corde

1915 1685 2055 1740 puro
2076 1684 2138 1724 ac
2187 1669 2624 1723 incontaminato
2655 1684 2833 1724 orare.
2862 1670 3028 1740 Atqui
3085 1672 3248 1724 etiam
3305 1671 3492 1725 inimi-

228 1764 490 1833 μισήσεις
514 1736 693 1816 πάντα
717 1736 1026 1835 ἀνθρωπονσ
1059 1766 1120 1817 ού
1168 1736 1418 1837 μισήσείς
1583 1767 1801 1836 ἀδελφόν

1913 1776 2010 1815 cos
2039 1761 2264 1830 diligere
2279 1761 2536 1829 praecepit
2553 1759 2839 1824 Dominus,
2865 1777 2971 1814 non
2989 1769 3169 1816 autem
3191 1764 3358 1817 etiam
3425 1776 3488 1813 a-

225 1871 323 1906 σου
353 1858 421 1926 τῇ
450 1855 656 1927 διανοίᾳ
705 1872 818 1908 σου*
874 1855 1088 1927 ὲλεγμῷ
1144 1857 1381 1926 ὲλέγξεις
1438 1857 1529 1910 τὸν
1585 1858 1808 1928 ἀδελφόν

225 1963 325 1999 σου
351 1986 367 2010 ,
401 1947 496 1999 καὶ
523 1947 586 1999 οὐ
644 1946 785 2018 λήψῃ
813 1947 891 1999 δι’
917 1948 1079 2001 αὐτὸν
1113 1949 1405 2019 ἁμαρτίαψ
1437 1951 1500 2003 ού
1557 1951 1810 2022 μισήσεις

221 2038 547 2106 Αίγύπτιον,
577 2039 660 2092 ὅτι
687 2040 950 2111 πάροικος
978 2036 1120 2111 ἦσθα
1148 2043 1278 2112 παρ’
1320 2041 1488 2111 αὐτῷ’
1525 2042 1587 2096 οὐ
1649 2044 1810 2114 μισή-

224 2147 343 2194 σεις
383 2131 704 2202 Ἰδουμαῖον,
735 2133 818 2185 ὅτι
874 2133 1099 2202 ἀδελφός
1147 2151 1240 2187 σου
1270 2135 1405 2187 ἐστί.
1447 2153 1466 2186 ι
1503 2136 1615 2188 Καὶ
1640 2137 1668 2188 ὁ
1704 2138 1809 2188 Δα-

222 2222 309 2275 ϐιδ
339 2223 509 2291 λέγει’
574 2244 592 2275 ι
647 2225 1096 2288 Εἰάνταπέδωκα
1129 2229 1241 2289 τοῖς
1259 2225 1670 2280 ἀνταποδιδοῦσί
1716 2244 1807 2298 μοι

221 2317 394 2369 κακά.
439 2336 456 2368 ι
488 2316 648 2370 Ὅθεν
676 2320 725 2370 εί
753 2319 1077 2390 Χριστιανὸς
1108 2319 1282 2383 θέλεις
1322 2316 1490 2384 εἶναι,
1523 2320 1810 2386 ὲξακολού-

224 2407 314 2459 θει
334 2408 414 2478 τῷ
442 2409 531 2461 τοῦ
564 2411 772 2482 Κυρίου
804 2411 972 2482 νόμῳο
995 2432 1014 2464 ι
1051 2412 1159 2466 Λύε
1188 2414 1363 2467 πάντα
1385 2413 1682 2486 σύνδεσμον
1701 2415 1810 2469 ἀδι-

223 2502 378 2564 κίας.
398 2522 415 2552 ι
458 2501 576 2556 Ἐπὶ
606 2504 688 2556 σοὶ
716 2503 825 2575 γὰρ
847 2507 875 2557 ὁ
901 2505 1106 2576 Κύριος
1133 2507 1380 2571 ἐξουσίαν
1409 2506 1560 2560 ἔθετο
1587 2508 1806 2576 ἀφιέναι

216 2594 498 2664 ἁμαρτίας
521 2595 598 2666 τῷ
627 2595 838 2668 ἀδελφῷ
866 2597 964 2661 τὰς
991 2601 1071 2662 είς
1102 2600 1161 2653 σὲ
1189 2601 1504 2672 γενομένας,
1561 2603 1667 2665 ἕως
1716 2603 1808 2657 ἐϐ-

213 2685 614 2756 δομηκοντάκις
644 2687 802 2741 ὲπτά·
822 2689 1086 2754 τουτέστι,
1099 2692 1453 2763 τετρακοσίας
1466 2693 1508 2724 θ’
1527 2695 1808 2766 ἐνενήκον-

214 2793 299 2828 τα.
337 2778 582 2841 Ποσάκις
606 2775 699 2833 οὖν
757 2781 856 2852 ἤδη
880 2782 1099 2854 ἀφῆκας
1124 2784 1203 2854 τῷ
1228 2783 1441 2856 ἀδελφῷ
1471 2803 1586 2850 σου,
1620 2787 1706 2840 ἵνα
1729 2789 1803 2860 μὴ

215 2868 289 2938 (6)
328 2869 568 2944 θελήσῃς
594 2871 743 2943 αὐτῷ
796 2873 1016 2942 ἀφιέναι
1043 2876 1137 2928 καὶ
1164 2874 1282 2942 νῦν;
1337 2878 1533 2931 Καίτοι
1565 2879 1806 2944 ἀκούσας

211 2961 307 3012 τοῦ
356 2959 620 3032 Ἰερεμίου
651 2963 921 3032 λέγοντος,
953 2966 1034 3018 ὅτι
1069 2986 1086 3017 ι
1122 2967 1351 3032 ἕκαστος
1377 2969 1476 3040 τὴν
1492 2970 1687 3023 κακίαν
1706 2969 1801 3025 τοῦ

212 3053 451 3124 πλησίον
479 3054 643 3108 αὑτοῦ
676 3057 750 3127 μὴ
779 3055 1059 3125 λογίζεσθε
1087 3059 1145 3111 ὲν
1171 3062 1292 3123 ταῖς
1318 3060 1568 3132 καρδίαις
1589 3063 1762 3134 ὑμῶν.
1779 3083 1796 3113 ο
1829 3083 1869 3139 C

211 3145 282 3197 Σὺ
309 3144 378 3198 δὲ
406 3151 781 3217 μνησικακεῖς,
811 3150 906 3202 κα)⁴
960 3153 1245 3222 συντηρεῖς
1297 3151 1374 3222 (7)
1429 3151 1659 3225 ἔχθραν,
1706 3156 1800 3209 καὶ

209 3237 302 3289 ἐπὶ
345 3239 528 3308 κρίσιν
566 3237 720 3311 ἔρχῃ,
751 3242 844 3294 καὶ
874 3242 1034 3312 μῆνιν
1069 3244 1275 3314 ὑφορᾷς
1295 3243 1392 3314 (8),
1426 3245 1520 3298 καὶ
1556 3247 1590 3316 ὴ
1630 3263 1802 3318 προσ-

210 3331 350 3400 ευχή
387 3347 482 3383 σου
510 3332 880 3402 ὲμποδίζεται.
927 3333 1075 3389 Ἀλλ’
1103 3337 1152 3388 εί
1205 3336 1298 3388 καὶ
1350 3334 1420 3389 τὰ
1473 3337 1799 3408 τετρακόσια

210 3423 544 3495 ἐνενήκοντα
568 3425 725 3502 ἀφεὶς
753 3425 828 3496 (9)
856 3426 935 3497 τῷ
967 3425 1176 3498 ἀδελφῷ
1218 3443 1342 3489 σου,
1380 3426 1672 3482 πλεόνασον
1699 3430 1798 3502 τὴν

210 3516 520 3587 ἀοργησίαν
548 3517 640 3569 ἐπὶ
692 3501 873 3571 πλεῖον
927 3520 1008 3582 εἰς
1066 3518 1427 3591 ἀγαθωσύνην
1479 3520 1559 3573 δι’
1586 3501 1794 3574 ἑαυτόν.

212 3606 331 3660 Κᾶν
365 3609 574 3671 ἐκεῖνος
604 3609 677 3680 μὴ
706 3611 869 3672 ποιεῖ,
899 3609 1035 3663 ἀλλά
1060 3627 1124 3679 γε
1155 3612 1218 3664 σὺ
1246 3610 1336 3664 διὰ
1363 3612 1453 3665 τὸν
1481 3612 1612 3666 Θεὸν
1643 3613 1800 3666 σπού-

207 3699 339 3763 δαζε
370 3700 591 3768 ἀφιέναι
616 3702 696 3773 τῷ
725 3702 972 3773 πλησίον,
1002 3703 1152 3766 ὅπως
1179 3703 1312 3777 γένῃ
1333 3704 1448 3768 υἱὸς
1472 3705 1566 3758 τοῦ
1585 3706 1798 3777 Πατρός

210 3808 302 3844 σου
334 3792 434 3844 τοῦ
465 3794 522 3845 ὲν
548 3793 824 3864 οὐρανοῖς,
881 3797 974 3848 καὶ
1029 3795 1462 3866 προσευχόμενος
1514 3797 1793 3870 ὑπακούῃ,

207 3883 284 3946 ὡς
311 3884 474 3952 φίλος
499 3883 653 3938 Θεοῦ.

744 4083 1160 4138 ΚΕΦΑΛΑΙΟΝ.
1191 4085 1293 4137 ΝΔν
1305 4114 1321 4130 .

212 4171 352 4226 Ὀτι
515 4172 658 4245 τοὺς
678 4173 1048 4240 ἐπισκόπους
1062 4181 1148 4245 κτὰ
1166 4176 1298 4244 περὶ
1325 4175 1568 4245 εἰρήνης
1577 4175 1673 4232 διὰ
1690 4177 1795 4232 τοῦ

466 4241 744 4298 διακόνου
773 4241 1249 4314 ὐπομιμνήσκεινῖ
1274 4247 1355 4313 τῷ
1374 4241 1530 4312 ξλαῷζ

277 4334 384 4386 Διά
409 4334 590 4397 τοῦτο,
621 4329 666 4388 ὦ
692 4336 1001 4401 ἐπίσκοποι,
1023 4337 1321 4408 μελλόντων
1351 4339 1504 4410 ὑμῶν
1534 4341 1614 4403 είς
1635 4357 1795 4412 προσ-

1913 1852 2090 1906 micos
2115 1852 2330 1917 odisse;
2367 1858 2423 1906 et
2445 1851 2747 1922 Legislator
2774 1853 2852 1905 ait
2883 1871 2895 1906 :
2933 1871 2952 1902 ι
2989 1851 3066 1907 Ne
3091 1852 3273 1908 oderis
3317 1855 3485 1909 ullum

1908 1945 2215 2001 hominem:
2239 1961 2307 2000 ne
2333 1943 2460 1998 odio
2483 1944 2684 1999 habeas
2713 1943 2934 1997 fratrem
2965 1951 3140 2006 tuum,
3168 1947 3350 1998 animo
3371 1953 3490 2002 tuo:

1906 2036 2185 2108 arguendo
2206 2051 2371 2106 argue
2393 2036 2613 2090 fratrem
2640 2045 2822 2098 tuum,
2856 2044 2910 2090 et
2935 2052 3001 2090 ne
3040 2037 3312 2104 suscipias
3361 2051 3489 2106 pec-

1905 2138 2084 2183 catum
2122 2135 2340 2198 propter
2367 2143 2490 2181 eum
2509 2128 2550 2182 '.
2591 2125 2709 2180 Non
2733 2126 2859 2180 odio
2888 2127 3114 2182 habebis
3145 2126 3486 2199 :‘Egyptium,

1906 2220 2163 2292 quoniam
2213 2219 2391 2273 incola
2425 2217 2572 2273 fuisti
2600 2217 2742 2288 apud
2764 2234 2889 2275 cum
2923 2237 2938 2273 :
2969 2235 3078 2272 non
3112 2219 3338 2275 habebis
3361 2219 3486 2274 odio

1905 2308 2228 2374 ldquzeum,
2261 2313 2523 2380 quoniam
2549 2309 2716 2366 frater
2737 2322 2865 2366 tuus
2895 2319 2980 2366 est
3002 2311 3042 2366 ³.
3085 2330 3103 2363 ι
3140 2310 3307 2365 David
3349 2327 3485 2380 quo-

1907 2420 2012 2474 que
2041 2403 2116 2457 ait
2146 2423 2158 2457 :
2193 2423 2210 2454 ι
2255 2402 2312 2457 Si
2342 2401 2552 2457 reddidi
2583 2402 3014 2458 retribuentibus
3044 2403 3176 2456 mihi
3212 2403 3352 2457 male
3376 2402 3415 2457 ⁸.
3460 2423 3478 2455 ι

1908 2496 2086 2561 Quare
2109 2496 2156 2549 si
2185 2495 2536 2550 Christianus
2559 2510 2683 2550 esse
2708 2495 2814 2559 vis,
2842 2511 3074 2566 sequere
3098 2496 3268 2564 legem
3299 2494 3450 2548 Domi
3470 2523 3484 2532 -

1905 2588 1962 2641 ni
2001 2605 2015 2642 :
2055 2606 2072 2638 ι
2113 2587 2274 2641 Solve
2308 2602 2524 2642 omnem
2550 2587 2952 2656 colligationem
2984 2587 3278 2656 impietatis
3309 2586 3351 2640 ⁸.
3379 2606 3398 2638 ι
3423 2585 3482 2640 in

1909 2688 1961 2734 te
1990 2679 2139 2733 enim
2175 2678 2438 2734 Dominus
2469 2679 2656 2748 posuit
2680 2684 3006 2748 potestatem
3038 2677 3352 2732 remittendi
3373 2677 3483 2730 fra-

1904 2773 1974 2826 tri
2001 2779 2226 2842 peccata
2265 2781 2456 2827 contra
2487 2781 2539 2826 te
2577 2771 2906 2835 commissa,
2942 2786 3115 2840 usque
3168 2771 3481 2841 septuagics

1904 2864 2126 2934 septies,
2157 2864 2259 2917 hoc
2282 2872 2386 2926 est,
2414 2863 2813 2934 quadringenta
2870 2864 3166 2932 nonaginta
3191 2862 3232 2918 ‘.
3257 2861 3481 2928 Quoties

1903 2956 2164 3026 ergojam
2193 2956 2458 3010 remisisti
2491 2955 2646 3008 fratri
2683 2965 2795 3021 tuo,
2828 2962 2886 3008 ut
2909 2955 3050 3008 nolis
3068 2955 3117 3008 ei
3145 2955 3308 3008 etiam
3336 2969 3482 3007 nunc

1904 3047 2223 3102 remittere?
2281 3045 2420 3100 Cum
2473 3054 2527 3101 et
2578 3046 2776 3102 audias
2826 3044 3115 3100 Jereniiam
3161 3045 3477 3107 dicentem:

1905 3158 1926 3191 ι
1967 3138 2350 3210 Unusquisque
2368 3140 2570 3193 malum
2596 3139 2830 3210 proximi
2863 3139 2948 3193 sui
3004 3154 3072 3194 ne
3115 3139 3368 3209 cogitetis
3422 3155 3477 3192 In

1901 3233 2158 3287 cordibus
2189 3233 2386 3288 vestris
2409 3233 2453 3286 ⁷.
2487 3251 2506 3284 ι
2540 3230 2621 3284 Tu
2655 3238 2836 3284 autem
2863 3229 3078 3299 injuria:
3101 3245 3309 3284 memor
3326 3241 3405 3290 es,
3424 3238 3478 3283 et

1902 3324 2242 3378 inimicitiam
2267 3325 2490 3387 retines,
2521 3330 2575 3378 et
2618 3323 2674 3376 in
2718 3321 2986 3390 judicium
3033 3321 3208 3384 venis,
3251 3327 3306 3375 et
3342 3320 3475 3372 iram

1900 3416 1956 3471 in
1987 3426 2039 3472 te
2068 3418 2316 3487 respicis,
2368 3424 2422 3471 et
2468 3415 2646 3470 oratio
2691 3422 2786 3468 tua
2838 3413 3153 3483 impeditur.
3213 3411 3319 3466 Sed
3369 3413 3472 3466 etsi

1899 3507 2294 3578 quadringenta
2341 3507 2638 3578 nonaginta
2686 3505 2965 3560 remiseris
3011 3503 3168 3557 fratri
3196 3512 3290 3556 tuo
3313 3503 3356 3564 ⁸,
3381 3505 3478 3556 ad-

1898 3601 2004 3655 huc
2034 3609 2254 3672 propter
2277 3601 2510 3670 teipsum
2538 3615 2675 3670 auge
2709 3596 3186 3652 mansuetudinem
3232 3603 3380 3647 tuam
3419 3597 3473 3649 in

1899 3693 2305 3762 ben’gnitatem;
2331 3699 2384 3747 et
2402 3693 2653 3763 quamvis
2698 3692 2787 3744 ille
2846 3707 2955 3744 non
2988 3690 3186 3753 faciat,
3213 3700 3268 3743 tu
3295 3701 3472 3744 tamen

1897 3792 2118 3854 pr0pter
2148 3783 2316 3839 Deum
2337 3793 2524 3854 satage
2549 3783 2821 3838 dimittere
2851 3784 3117 3852 proximo,
3147 3791 3204 3836 ut
3231 3783 3308 3838 sis
3332 3782 3472 3835 filius

1891 3877 2068 3931 Patris
2091 3877 2189 3941 tui,
2218 3875 2310 3946 qui
2343 3878 2398 3929 in
2420 3875 2575 3931 cmlis
2599 3886 2701 3940 est,
2731 3883 2896 3945 utque
2921 3875 3048 3930 dum
3064 3874 3470 3942 oras,audiaris

1898 3977 2152 4037 tanquam
2177 3967 2270 4023 hei
2301 3968 2514 4022 anticus
2543 3968 2584 4022 ’.

2485 4083 2715 4139 CAPUT
2755 4060 2893 4140 Liv.

1899 4175 2051 4244 Quod
2082 4185 2316 4246 oporteat
2355 4177 2620 4244 episcopos
2639 4175 2700 4229 de
2721 4192 2845 4244 pace
2868 4190 2958 4242 per
2979 4173 3259 4230 diaconum
3278 4173 3468 4244 populo

2333 4249 2385 4301 in
2412 4247 2717 4301 memoriam
2743 4262 3033 4317 suggerere.

1966 4340 2203 4407 Idcirco,
2235 4356 2269 4395 ο
2298 4341 2562 4410 episcopi,
2587 4355 2710 4394 cum
2743 4340 2811 4393 ad
2853 4339 3150 4392 orationem
3209 4337 3468 4408 procede-

205 4427 379 4496 ευχὴν
425 4426 674 4498 ἀπαντᾷν
697 4466 712 4489 ,
747 4427 884 4498 μετά
909 4429 1010 4500 τὴν
1075 4430 1379 4499 ἀνάγνωσιν
1408 4432 1501 4484 καὶ
1527 4432 1626 4502 τὴν
1655 4432 1798 4486 Ψαλ-

1904 4435 1990 4497 tis,
2032 4443 2154 4504 post
2204 4434 2490 4489 lectionem
2540 4440 2593 4488 et
2639 4431 2978 4486 Psalmorum
3035 4439 3294 4492 cantum,
3345 4439 3466 4498 past

208 4518 444 4588 μῳδίαν,
477 4520 570 4572 καὶ
603 4521 704 4591 τὴν
759 4521 851 4573 ἐπὶ
903 4525 1022 4585 ταῖς
1077 4523 1319 4594 Γραφαῖς
1369 4523 1732 4587 διδασκαλίαν,
1759 4527 1788 4578 ὁ

206 4609 461 4674 διάκονος
489 4611 658 4674 ἑστὼς
687 4612 913 4683 πλησίον
944 4613 1117 4684 ὑμῶν,
1150 4615 1287 4686 μετά
1344 4615 1552 4687 ὑψηλῆς
1605 4617 1787 4688 φωνῆς

207 4701 441 4771 λεγέτω·
461 4723 480 4755 ι
506 4706 682 4776 Μήτις
710 4706 851 4759 κατά
876 4723 1038 4771 τινος
1057 4708 1218 4779 μήτις
1229 4709 1286 4762 ὲν
1304 4709 1732 4781 ύποκρίσει(10)⁶
1757 4730 1776 4762 I

273 4859 501 4914 'Mattb.
538 4879 592 4925 v,
635 4862 706 4917 εδ
799 4864 819 4894 ²
848 4863 976 4919 Lev.
1009 4881 1121 4925 nx,
1159 4866 1244 4920 l7.
1322 4870 1342 4901 ³
1374 4867 1530 4922 Dent.
1562 4885 1720 4931 χχιιι,
1748 4870 1800 4923 7.

206 4929 250 4960 "
279 4931 646 5002 Τετρακόσια,
683 4945 740 4988 ιιι
773 4933 956 4988 infra?
1017 4936 1038 4968 ⁷
1093 4935 1258 4993 Zach.
1287 4953 1404 5001 Vill,
1425 4939 1508 4993 17.
1574 4940 1598 4971 ⁸
1622 4929 1801 4994 Matth.

1927 4939 2021 4996 24.

1891 4535 2175 4581 enarratas
2204 4524 2546 4595 Scripturas;
2607 4525 2875 4578 diaconus
2929 4523 3085 4592 juxta
3145 4538 3240 4576 vos
3288 4528 3462 4582 stans,

1894 4619 2227 4687 proclamet:
2283 4639 2299 4667 ι
2325 4617 2401 4672 Ne
2427 4617 2552 4687 quis
2595 4626 2785 4671 contra
2815 4616 3080 4684 aliquem;
3131 4629 3200 4668 ne
3241 4614 3364 4682 quis
3411 4617 3465 4666 in

1891 4710 2197 4781 hypocrisi;
2228 4729 2246 4761 ι
2283 4719 2342 4764 ιιι
2371 4708 2418 4765 si
2437 4709 2492 4762 in
2523 4709 2802 4764 nonnullis
2825 4708 3111 4762 dissidium
3131 4706 3461 4775 reperiatur.

1900 4877 1922 4902 ι
1950 4868 2096 4925 Psal.
2127 4885 2223 4931 vn,
2257 4869 2311 4924 5.
2408 4869 2430 4900 ⁸
2461 4867 2534 4926 Is.
2567 4884 2721 4933 LVIII,
2746 4868 2800 4923 6.
2903 4869 2924 4899 ⁸
2960 4865 3151 4920 Matth.
3179 4880 3336 4928 xvm,
3368 4863 3459 4916 9.2.

2109 4941 2130 4971 ’
2161 4937 2296 4995 Ibid.
2321 4957 2373 5004 v,
2399 4940 2491 4995 45.

1513 5051 1872 5110 VARIORUM
1907 5055 2139 5112 NOTAE.

282 5159 365 5232 (6)
405 5160 539 5214 Ἵνα
562 5157 783 5232 timete.
808 5158 914 5232 bis.
943 5158 1289 5232 Vindob._i5-:t
1319 5165 1380 5216 οὐ
1436 5165 1626 5229 θέλεις.

282 5228 369 5301 (7)
408 5228 749 5304 Συῂτηρᾷ-ῗς.
933 5247 1078 5304 unus
1109 5230 1378 5302 ωζητείς,
1407 5234 1544 5290 alter
1582 5228 1783 5304 φυλάτ-

203 5299 357 5364 τεις,
403 5299 770 5354 scribentibus
831 5299 1073 5356 librariis
1121 5299 1241 5356 non'
1274 5306 1434 5358 verba
1496 5299 1782 5370 dictantis,

204 5373 304 5425 sed
333 5373 658 5425 sententiam
684 5370 967 5440 verborum
990 5372 1204 5440 qualem
1237 5375 1517 5440 putabant.
1550 5377 1720 5430 Cum.

303 5414 304 5422 χ
333 5388 658 5425 sententiam
684 5388 967 5424 verborum
1030 5388 1204 5426 uatem
1237 5388 1517 5440 putabant.
1550 5388 1697 5429 υιειι

303 5441 360 5513 8)
405 5439 792 5513 ξΥφορᾷς-λΜε.
828 5388 1056 5496 γίηόοἹ).
1093 5442 1380 5513 ὐφορᾶσαι,
1408 5443 1495 5497 διὰ
1523 5446 1699 5498 τοῦτο.

301 5512 361 5580 9)
403 5509 618 5578 Ἀφείς,
667 5509 1024 5592 Ριιιξιρίιιίιιιι·
1052 5512 1108 5564 in
1140 5509 1264 5567 cod.
1291 5512 1522 5569 Vindoh.
1559 5515 1785 5586 συνεχώ·

208 5597 408 5650 ρησας,
434 5581 794 5633 accumulasti.
822 5579 898 5635 lo.
1687 5579 1719 5586 "

209 5648 399 5730 “.(iO)
451 5648 638 5730 Μήτις
681 5651 827 5730 καζᾴ
879 5667 1057 5718 τινος·
1109 5652 1286 5730 μῄτις
1451 5655 1780 5730 ὺψκρξσει.

209 5717 576 5775 Diaconorum
610 5722 706 5774 has
735 5723 976 5791 aliasque
1016 5717 1472 5793 Sproclamationcs
1526 5717 1786 5796 plurimas

1887 5169 2172 5240 continent
2201 5170 2473 5240 pra-cipue
2499 5168 2789 5240 Liturgiaa,
2837 5169 3000 5223 etiam
3031 5167 3225 5240 nostri:
3283 5168 3461 5240 Μῆτις

1888 5238 1996 5311 τῷν
2025 5238 2467 5311 κατηχουμένων·
2503 5241 2692 5311 μήϋτις
2715 5238 3258 5311 τῶν*ἀκροιιυμέίνωνοΔ
3278 5238 3463 5311 μήτις

1887 5308 1996 5360 τῶν
2024 5307 2288 5381 autem»;
2323 5311 2394 5381 μή
2432 5307 2515 5381 τις
2541 5307 3023 5381 τῶνγὲτεροδόξων,
3052 5307 3358 5381 Προέλθετε
3414 5310 3462 5360 οἱ

1891 5379 2283 5462 κατῃχρύμενρι
2313 5378 2610 5462 ὲνέἐρήνῃ.
2649 5378 2968 5462 ΙιροέλθετεΔ
2982 5380 3031 5430 οἱ
3053 5378 3458 5462 ,ἐνεργούμενρκ

1891 5425 2259 5519 ᾖῷὸέἳόἑὲἷρῐ
2270 5425 3007 5519 ἑρῷἓτιξὶεὲέῦὅιξῖλὲὸῖἆεξθέ
3016 5425 3456 5519 ξιιίὲξιῗρὲὲἆκξόίᾷζ

1891 5516 1979 5591 Μή
2010 5535 2094 5580 τις
2146 5516 2612 5591 τῷνῌάμυήτων,
2648 5521 2720 5591 μή
2767 5535 2861 5591 τις
2885 5517 2990 5569 τῶν
3039 5516 3461 5591 μὴῌδυναμένων

1891 5584 2037 5660 ἡμῖνΔ
2066 5584 2726 5660 συνδεῃθῆναιοάλλήλους
2760 5584 3059 5660 λὲπίγνωτεζ
3100 5584 3214 5649 ’Τὰς
3266 5584 3458 5660 θύρας,

1891 5605 2021 5709 ημιν
2067 5605 2434 5710 συνοεἨιηναιο
2469 5605 2726 5660 αΑΑηΑους
2773 5605 3059 5654 επιγνωτε.
3116 5605 3214 5649 Ia;
3267 5605 3458 5656 υυρας,

1891 5675 1920 5708 τ
1969 5675 1988 5718 ;
2017 5657 2202 5730 θύρας.
2277 5657 2481 5730 λέπετε
2500 5661 2570 5730 μή
2599 5677 2682 5722 τις
2703 5658 2808 5711 τῶν
2837 5660 3281 5730 κατηχουμένων,
3306 5657 3459 5709 Ὅσοι

1893 5727 2290 5799 κιτῃχούμενοι
2336 5727 2647 5801 προέλθετε,
2700 5739 2804 5784 ctc.
2854 5727 3171 5784 Timotheus
3223 5727 3457 5782 Alcum-
