3880 6332
224 314 317 369 ’157

1105 288 1712 371 Δ(ΣΟΝΒἸῚἸὋἹῚΟΝΕΞ
1749 315 2219 374 ΑΡΟΞΤΟΙΛΕἉΕ.
2260 350 2329 359 ——
2367 319 2494 375 LIB.
2534 319 2598 376 II.

3331 323 3435 380 758

214 424 389 497 Κυρίῳ
418 424 626 494 φίλημα
658 420 789 495 (58)·
821 422 954 478 ἀλλὰ
991 425 1065 496 μή
1104 442 1186 489 τις
1221 425 1428 490 δολίως,
1458 427 1535 490 ὡς
1567 428 1762 492 Ἰούδας

1872 429 2155 496 Dominus,
2178 438 2239 485 et.
2255 431 2527 486 custodiat
2554 438 2642 498 te;
2673 429 2925 485 ostendat
2956 428 3217 485 Dominus
3242 432 3433 488 faciem

206 519 292 571 τὸν
341 516 542 588 Κύριον
588 515 851 587 φιλήματι
897 517 1204 589 παρέδωκε.
1262 518 1372 571 Kal.
1427 519 1566 589 μετὰ
1609 518 1765 572 τοῦτο

204 606 576 681 προσευχέσθω
612 608 641 660 ὁ
675 606 919 671 διάκονος
951 610 1093 681 ὑπὲρ
1131 610 1231 680 τῆς
1274 610 1597 682 Ἐκκλησίας
1632 612 1767 666 ἀπά-

204 719 316 772 σης,
352 702 444 754 καὶ
489 700 687 764 παντὸς
722 700 817 753 τοῦ
847 701 1071 772 κόσμου,
1120 703 1214 755 καὶ
1249 702 1356 755 τῶν
1386 705 1442 757 ὲν
1475 703 1624 775 αὐτῷ
1673 722 1767 776 με-

201 792 323 864 ρῶν,
352 794 447 845 καὶ
490 792 779 863 ἐκφοριῶν,
815 794 954 865 ὑπὲρ
996 794 1102 847 τῶν
1150 794 1337 865 ἱερέων
1382 796 1475 848 καὶ
1524 796 1630 849 τῶν
1668 798 1766 868 ἁρ-

197 887 413 955 χόντων,
452 885 590 957 ὑπὲρ
618 885 710 939 τοῦ
741 886 1041 957 ἀρχιερέως
1069 888 1162 940 καὶ
1195 886 1289 940 τοῦ
1324 887 1606 957 βασιλέως,
1631 890 1765 943 καο-

196 977 309 1028 όλου
360 977 601 1047 εἰρήνης.
643 978 753 1030 Καὶ
801 976 936 1046 μετὰ
988 978 1146 1031 τοῦτο
1171 980 1200 1031 ὁ
1228 980 1515 1052 ἀρχιερεὺς
1544 982 1767 1053 ἐπευχό-

197 1085 349 1138 μενος
378 1067 456 1137 τῷ
484 1067 599 1137 λαῷ
625 1070 847 1139 εἰρήνην
868 1068 1000 1140 (59),
1023 1069 1310 1138 εὐλογείτω
1338 1072 1542 1125 τοῦτον·
1564 1073 1639 1136 ὼς
1670 1075 1765 1128 καὶ

194 1159 395 1228 Μωσῆς
414 1159 714 1211 ἐνετείλατο
746 1160 977 1230 ἱερεῦσιν
1006 1160 1246 1229 εὐλογεῖν
1274 1161 1363 1215 τὸν
1392 1162 1518 1216 λαὸν
1555 1164 1764 1229 τούτοις

191 1254 297 1314 τοῖς
336 1254 596 1322 ῥήμασιν·
635 1272 653 1303 ι
682 1252 987 1323 Εύλογήσαι
1035 1271 1094 1306 σε
1142 1254 1365 1326 Κύριος,
1403 1256 1495 1308 καὶ
1534 1254 1763 1325 φυλάξαι

192 1359 263 1395 σε’
292 1344 558 1413 ὲιτιφάναι
589 1345 791 1416 Κύριος
826 1346 887 1398 τὸ
926 1346 1213 1416 πρόσωπον
1239 1346 1404 1399 αὐτοῦ
1432 1348 1525 1399 ἐπὶ
1554 1349 1634 1411 σὲ,
1671 1350 1765 1402 κα)⁵

188 1434 290 1504 δῴη
328 1434 440 1506 (60)
474 1453 557 1489 σοι
587 1438 831 1509 εἰρήνην.
862 1455 880 1488 ι
928 1437 1267 1507 Ἐπευχέσθω
1296 1436 1388 1491 οὖν
1432 1440 1525 1492 καὶ
1570 1439 1598 1491 ὁ
1645 1440 1765 1492 ἐπί-

190 1541 410 1589 σκοπος,
441 1529 536 1581 καὶ
562 1528 782 1596 λεγέτωσ
812 1527 1022 1581 (Σῶσον
1050 1527 1139 1581 τὸν
1155 1528 1279 1581 λαόν
1314 1545 1427 1593 σου,
1458 1530 1649 1601 Κύριε,
1672 1531 1765 1585 καὶ

186 1616 477 1686 εὐλόγησον
504 1618 602 1685 τὴν
636 1618 996 1690 κληρονομίαν
1028 1636 1141 1672 σου’
1183 1620 1248 1691 ἢν
1278 1621 1516 1693 ἐκτήσω,
1552 1624 1646 1677 καὶ
1676 1639 1765 1677 πε-

187 1712 483 1778 ριεποιήσω
518 1710 596 1781 τῷ
626 1712 790 1783 τιμίῳ
843 1712 1173 1782 αἵματιιτοῦ
1218 1714 1454 1785 Χριστοῦ
1490 1732 1623 1773 σου.
1669 1717 1764 1770 καὶ

1869 537 2023 576 suam
2053 538 2216 593 super
2246 531 2320 587 te,
2350 530 2404 577 et
2432 523 2521 577 det
2551 523 2646 576 tibi
2680 537 2866 593 pacem
2888 524 2953 577 ’⁷.
2978 544 2994 574 ι
3029 521 3285 577 Precetur
3306 540 3434 596 ergo

1866 614 2178 684 episc0pus,
2223 624 2278 669 et
2306 614 2492 668 dicat:
2531 632 2549 664 ι
2581 611 2801 667 Salvum
2837 612 2919 668 fac
2953 615 3210 684 populum
3257 624 3430 677 tuum,

1866 704 2126 775 Domine;
2176 714 2230 760 et
2266 703 2495 760 benedic
2548 704 2847 760 luereditati
2884 716 2987 760 tum
3019 708 3093 772 '3;
3144 723 3307 777 quam
3342 724 3436 761 ac.-

1866 798 2137 867 quisivisti
2168 813 2233 853 ac
2282 797 2607 868 possedisti,
2641 798 2879 866 pretioso
2930 784 3195 868 sanguine
3231 798 3432 853 Christi

1867 891 1945 944 tui
1972 892 2036 953 η,
2073 898 2127 945 et
2156 889 2437 959 appellasti
2474 890 2653 959 regale
2685 889 3074 953 sacerdotium,
3108 906 3170 944 ac
3218 900 3431 960 gentem

1867 990 2112 1036 sanctam
2139 982 2205 1035 ³ο.
2239 1000 2257 1032 ι
2293 980 2423 1034 Post
2452 980 2542 1033 illa
2574 980 2903 1035 sacriﬁcium
2935 982 3047 1047 ﬁat,
3080 991 3255 1036 stante
3285 983 3432 1035 omni

1867 1074 2085 1143 populo,
2111 1081 2165 1127 et
2195 1073 2357 1127 tacite
2387 1080 2645 1141 precante
2672 1090 2686 1127 :
2718 1087 2952 1142 cumque
2976 1073 3216 1127 oblatum
3249 1073 3430 1139 fuerit,

1867 1164 2243 1234 unusquisque
2300 1164 2436 1218 ordo
2491 1179 2777 1227 seorsum,
2819 1163 3159 1218 Dominicum
3209 1180 3431 1234 corpus,

1867 1271 1930 1311 ac
1969 1258 2264 1327 pretiosum
2302 1256 2621 1327 sanguinem
2662 1266 2868 1322 sumat,
2910 1258 3230 1311 accedentes
3282 1256 3433 1311 ordi-

1867 1357 2011 1414 nate,
2038 1363 2101 1403 ac
2126 1364 2248 1402 cum
2274 1349 2577 1404 reverentia
2601 1358 2654 1403 et
2686 1350 2899 1414 timore,
2933 1358 3117 1419 utpote
3136 1350 3202 1403 ad
3231 1366 3432 1419 corpus

1866 1442 2010 1513 regis
2037 1460 2050 1496 :
2082 1442 2337 1498 mulieres
2368 1443 2533 1497 etiam
2566 1442 2740 1497 velato
2770 1446 2967 1512 capite,
2994 1442 3071 1496 uti
3107 1441 3429 1497 feminarum

1864 1533 2111 1587 ordinem
2144 1533 2320 1596 decet,
2367 1533 2652 1588 accedant.
2686 1532 2862 1587 Porta:
2891 1543 3071 1587 autem
3116 1534 3432 1589 custodian-

1868 1632 1977 1689 tur,
2007 1638 2076 1678 ne
2121 1624 2245 1694 quis
2292 1624 2547 1691 inﬁdelis,
2584 1633 2678 1679 aut
2719 1626 2961 1680 nondum
3009 1627 3280 1696 baptismo
3326 1626 3431 1679 ini-

1866 1717 2059 1785 tiatus,
2098 1716 2458 1787 ingrediatur.

184 1800 445 1868 ἐκάλεσας
478 1804 743 1875 βασίλειον
778 1806 1088 1879 ἱεράτευμα,
1110 1810 1204 1862 καὶ
1232 1809 1383 1873 ἔθνος
1402 1810 1608 1879 ἅγιον.»
1633 1812 1785 1865 Μετὰ
1812 1811 1872 1866 δὲ
1902 1812 2074 1866 ταῦτα
2102 1812 2333 1881 γινέσθω
2369 1809 2403 1879 ἡ
2445 1813 2625 1877 θυσία,
2664 1815 2895 1878 ἑστῶτος
2922 1814 3122 1878 παντὸς
3152 1812 3245 1866 τοῦ
3279 1812 3430 1879 λαοῦ,

184 1892 273 1944 καὶ
310 1897 744 1968 προσευχομένου
784 1897 1019 1968 ἡσύχως
1051 1901 1145 1952 καὶ
1171 1900 1297 1953 ὅταν
1342 1900 1597 1973 ἀνενεχθῇ
1631 1901 1763 1973 (61),
1808 1901 2264 1973 μεταλαμϐανέῃ»)
2309 1901 2514 1972 ἑκάστη
2550 1901 2702 1967 τάξις
2762 1902 2882 1957 καθ’
2944 1903 3138 1974 ἑαυτὴν
3176 1903 3269 1955 τοῦ
3320 1904 3432 1955 Κυ-

185 1986 374 2054 ριακοῦ
431 1986 680 2058 σώματος
715 1991 809 2043 καὶ
859 1992 954 2044 τοῦ
1002 1992 1182 2061 τιμίου
1232 1992 1480 2063 αἵματος,
1514 1995 1572 2045 ὲν
1606 1993 1753 2058 τάξει
1787 1994 1920 2066 (62),
1963 1993 2099 2064 μετὰ
2145 1991 2327 2059 αἰδοῦς
2360 1996 2454 2048 καὶ
2500 1995 2804 2058 εὐλαϐείας,
2842 1995 2917 2058 ὡς
2964 1994 3227 2065 βασιλέως
3259 2013 3429 2069 προσ-

182 2076 462 2147 ερχόμενοι
511 2077 739 2149 σώματι·
777 2082 870 2134 καὶ
908 2082 964 2133 αἱ
1013 2088 1266 2151 γυναῖκες
1307 2087 1854 2160 κατακεκαλυμμέναι
1901 2088 1997 2161 τὴν
2039 2088 2307 2159 κεφαλὴν,
2353 2089 2428 2153 ὼς
2461 2090 2687 2163 ἁρμόζει
2740 2089 3008 2159 γυναικῶν
3042 2088 3210 2153 τάξει,
3262 2107 3432 2163 προσ-

183 2172 544 2243 ερχέσθωσαν.
566 2172 1088 2229 Φυλαττέσθωσανδὲ
1123 2178 1179 2229 αἱ
1217 2177 1410 2249 θύραι,
1446 2180 1519 2252 μή
1556 2197 1639 2245 τις
1671 2182 1893 2245 ἄπιστος
1926 2181 2231 2253 εἰσέλθοι,ῆ
2269 2182 2533 2255 ἀμύητος.

701 2292 1093 2346 ΚΕΦΑΛΑΙΟΝ
1130 2293 1262 2347 NH'.

185 2407 326 2473 Περὶ
390 2404 791 2479 συστατικῶν,
830 2405 977 2479 Δἤτοι
1050 2406 1241 2479 ξένων
1292 2407 1446 2479 (65),
1498 2406 1751 2479 λατκῷν,

260 2475 572 2555 minamur,
621 2476 987 2529 ἐπισκόπων·
1037 2477 1133 2530 καὶ
1180 2478 1260 2542 ὡς
1304 2475 1581 2547 οὐ’γρεία
1626 2478 1754 2532 δια-

258 2564 476 2613 εειψειν.

253 2638 316 2689 Ei
345 2637 401 2689 δέ
436 2654 519 2700 τις
553 2636 663 2689 ἀπὸ
706 2616 998 2707 παροικίας
1037 2637 1262 2707 ἁδελφὸς
1293 2638 1325 2709 ἦ
1375 2638 1574 2709 ἀδελφὴ
1605 2638 1755 2692 ἐπέλ-

182 2726 281 2799 θῃ,
320 2730 577 2781 σύστασιν
624 2729 1057 2800 ἐπικομιζόμενοι
1106 2729 1233 2800 (64)·
1264 2729 1505 2793 διάκονος
1543 2733 1755 2801 ἐπικρι-

247 2863 289 2892 ¹⁷
324 2859 489 2917 Num.
525 2879 606 2927 vr,
648 2861 739 2917 21.
842 2863 888 2894 ³⁸
918 2862 1063 2919 Psal.
1103 2879 1280 2930 xxv",
1327 2865 1381 2921 9.

1486 2865 1529 2896 ²⁹
1558 2864 1677 2919 Act.
1712 2880 1777 2919 xx
1801 2906 1816 2929 ,
1852 2866 1943 2922 9.8.

2420 2294 2649 2351 CAPUT
2686 2293 2864 2349 LVIII.

1861 2406 1940 2461 De
1980 2407 2274 2462 hominibus
2309 2409 2706 2471 commendatis,
2742 2409 3025 2478 peregrinis
3057 2409 3274 2470 scilicet,
3323 2408 3424 2461 lai-

1934 2481 2029 2539 cis,
2062 2480 2264 2532 clericis
2295 2489 2387 2531 aut
2424 2481 2705 2547 episcopis;
2735 2492 2783 2533 et
2821 2479 3100 2549 quodgsine
3130 2480 3428 2547 differentia

1929 2549 2035 2601 sint
2067 2548 2347 2618 recipiendi
2373 2551 2463 2613 qui
2490 2552 2763 2604 ecclesiam
2795 2547 3185 2619 ingrediuntur.

1931 2638 2089 2704 Quod
2123 2639 2169 2695 si
2208 2639 2377 2695 frater
2410 2652 2503 2695 aut
2544 2657 2699 2696 soror
2726 2656 2791 2695 ex
2833 2641 2938 2694 alia
2985 2640 3221 2711 parrecia
3264 2641 3429 2694 adre-

1859 2732 2019 2797 nerit,
2059 2734 2151 2803 qui
2198 2734 2669 2789 commendatitias
2713 2732 2969 2797 aderant,
3004 2734 3269 2789 diaconus
3306 2748 3427 2803 qua:

2046 2869 2091 2900 ³⁰
2132 2867 2148 2921 l
2196 2867 2309 2925 Pet.
2348 2885 2399 2933 ι,
2446 2868 2544 2935 19,
2584 2876 2638 2923 et
2673 2882 2742 2933 ιι,
2774 2868 2828 2923 9.

1484 3023 1848 3080 VARIORUM
1888 3024 2119 3083 NOTAE.

178 3210 278 3263 tur,
314 3211 379 3254 ut
411 3201 676 3256 discamus
706 3203 843 3272 quod
879 3201 1016 3255 Deus
1053 3200 1186 3255 bello
1218 3202 1372 3269 ﬁnem
1398 3188 1742 3272 imposuerit,
1773 3202 1818 3264 ο

173 3272 414 3341 quodque
446 3272 513 3324 ad
552 3289 703 3325 suam
739 3272 1005 3325 reduxerit
1048 3273 1357 3325 amicitiam.
1383 3271 1519 3337 Quia
1564 3282 1745 3326 autem

174 3344 226 3395 in
258 3344 373 3396 hac
408 3351 557 3404 nota,
588 3350 644 3396 et
673 3343 800 3396 alibi
839 3343 1015 3410 allego
1043 3342 1240 3395 librum
1273 3341 1356 3395 Ad
1386 3342 1631 3413 virginem
1666 3342 1749 3397 la-

172 3428 347 3479 psam.
378 3428 539 3481 quem
579 3412 684 3465 viri
716 3413 857 3466 docti
910 3412 1224 3479 abjudicant
1254 3412 1473 3482 quidem
1517 3414 1749 3467 Ambro-

172 3485 273 3544 sio,
312 3481 668 3552 Hieronymo,
694 3483 1017 3552 Augustino,
1042 3483 1134 3536 sed
1163 3481 1366 3536 nemini
1399 3482 1743 3552 adjudicant;

172 3555 331 3623 cujus
370 3553 611 3623 parentis
644 3552 811 3623 letum
840 3553 987 3623 illum
1017 3567 1139 3606 esse
1163 3558 1459 3612 autumem,
1484 3554 1743 3623 aperiam.

172 3621 310 3675 Puto
352 3621 476 3677 esse
516 3621 718 3686 Niceze;
750 3622 1017 3676 adductus
1047 3623 1113 3691 in,
1132 3636 1251 3675 eam
1282 3621 1614 3691 opinionem,
1646 3638 1746 3677 au-

169 3695 433 3747 ctoritate
460 3693 747 3754 Gennadii,
791 3693 1046 3762 illiusque
1084 3690 1487 3762 descript’orum
1521 3692 1745 3762 Honorii

169 3764 687 3832 Augustodunensis
706 3770 759 3816 et
788 3761 1098 3833 Trithemii.
1118 3761 1210 3833 Ait
1230 3761 1283 3815 in
1313 3762 1575 3833 Catalogo
1597 3761 1747 3817 Scri-

167 3830 387 3903 ptorum
416 3834 913 3894 ecclesiasticorum,
936 3847 1055 3901 cap.
1076 3831 1153 3903 22
1172 3830 1522 3903 Gennadius}
1551 3832 1745 3886 Niceas

170 3900 510 3957 Romulianw
536 3904 763 3957 civitatis
791 3900 1062 3973 cpiscopus
1092 3900 1253 3973 edidit
1292 3904 1370 3956 Ad
1401 3903 1605 3973 lapsam
1637 3904 1744 3973 vir-

167 3977 355 4042 ginem
402 3973 656 4034 libellum,
709 3989 853 4042 paene
885 3972 1125 4027 omnibus
1167 3971 1467 4027 labentibus
1500 3972 1746 4027 emenda-

166 4046 336 4098 tionis
372 4044 704 4098 incentivum.
734 4044 871 4098 Co'r.

238 4116 367 4184 (53)
411 4115 478 4166 Τὸ
506 4113 575 4165 ἐν
611 4113 803 4180 Κυρίῳ
833 4115 1079 4184 φίλημα.
1113 4113 1367 4168 Osculum
1396 4113 1454 4166 in
1497 4112 1741 4178 Domino,

165 4186 279 4239 sive
310 4184 568 4236 osculum
597 4194 844 4237 sanctum
871 4184 1294 4254 interpretantur
1324 4185 1499 4239 sancti
1528 4184 1741 4246 Patres,

162 4256 429 4308 osculum
475 4269 682 4317 verum,
714 4254 1019 4324 sincerum,
1065 4255 1182 4309 sine
1210 4255 1355 4315 dolo,
1400 4270 1743 4324 nequaquam

162 4326 515 4384 simulatum,
547 4339 613 4376 ex
643 4323 828 4388 corde,
859 4340 965 4377 non
996 4341 1062 4379 ex
1088 4340 1183 4378 ore
1219 4325 1615 4383 tantunnnodo.
1650 4324 1746 4377 ab-

163 4396 358 4448 simile
388 4391 580 4447 osculo
608 4391 780 4452 ludas,
808 4403 862 4446 et
888 4394 1280 4458 columbinum,
1311 4395 1520 4448 scilicet
1552 4395 1623 4448 ob
1654 4408 1745 4446 co-

164 4466 486 4518 lumbarum
528 4464 952 4531 simplicitatem.
976 4463 1131 4528 Quod
1167 4473 1500 4531 postremum
1534 4464 1743 4533 epithe-

1922 3202 2034 3272 (60)
2073 3203 2185 3257 Kal
2213 3203 2352 3271 δῴη.
2388 3204 2798 3260 Praemittuntur
2838 3205 2953 3261 htec
2990 3206 3143 3262 hisce
3188 3208 3371 3264 verbis
3404 3229 3418 3265 :

1865 3272 2111 3349 'Eksﬁcat
2135 3291 2215 3337 σε,
2249 3276 2451 3349 ἐπάραι
2485 3275 2684 3345 Κύριος
2719 3276 2779 3330 τὸ
2808 3277 3095 3349 πρόσωπον
3128 3277 3293 3330 αὑτοῦ
3329 3280 3421 3333 ἐπὶ

1852 3342 1932 3405 σέ,
1966 3342 2020 3396 in
2051 3344 2224 3398 altero
2253 3342 2376 3399 cod.
2406 3347 2571 3399 CLI-1R.

1945 3413 2034 3498 61
2087 3412 2712 3498 Ἀνενιῗζθῇ.“Ἀνέλθη,
2746 3417 3008 3498 in__altero
3034 3417 3151 3498 cod.
3184 3417 3260 3472 In.

1944 3483 2034 3548 62)
2095 3484 2197 3537 Ἐν
2222 3484 2405 3547 τάξει.
2440 3483 2729 3540 Βοςιιιιιῖη
2764 3488 2935 3540 altero
2963 3487 3086 3541 cod.
3122 3486 3196 3541 In.

1943 3553 2031 3621 65)
2077 3556 2241 3608 Ἤτοι
2279 3553 2488 3617 ξένων,
2518 3564 2623 3609 etc.
2658 3555 2781 3609 [hec
2817 3564 2871 3611 et
2904 3559 3185 3624 sequentia
3223 3556 3420 3615 inseri.

1848 3622 2049 3691 ptionis
2080 3625 2244 3677 verba
2273 3626 2471 3679 desunt
2514 3626 2568 3678 in
2610 3626 2782 3680 altero
2812 3626 2935 3682 cod.
2982 3622 3291 3682 Vindobon.
3328 3630 3420 3684 Ni.

1852 3692 2072 3765 mirum,
2105 3704 2228 3765 post
2260 3694 2595 3765 συστατικῶν
2635 3696 3068 3752 subaudiendum
3108 3698 3317 3765 putavit
3349 3702 3417 3753 Ii—

1847 3761 2062 3885 brarlius
2108 3761 2451 3828 επιστολῶν,
2507 3780 2616 3819 non
2679 3766 2993 3824 hominibus
3063 3761 3415 3823 commenda-

1847 3841 1937 3885 tis.
1994 3849 2045 3885 υ.

1847 3841 1937 3887 tis.
1974 3841 2045 3888 ID.

1917 3902 2029 3975 (64)
2067 3904 2373 3975 Elia-matr
2411 3903 2887 3975 ἐπικομιζόμενοι.
2921 3907 3057 3972 Quia
3103 3922 3221 3961 mos
3249 3909 3419 3963 eccle-

1846 3973 2105 4047 siasticus
2127 3973 2291 4027 dandi
2326 3975 2534 4047 litteras
2563 3973 3055 4047 commendatitias.
3082 3985 3416 4047 ceterasque

1844 4043 2139 4097 canonicas
2184 4059 2279 4097 seu
2328 4045 2604 4113 regulares
2644 4060 2709 4100 ac
2754 4045 3035 4109 formatas,
3066 4063 3095 4099 a
3146 4043 3342 4101 multis
3363 4059 3415 4102 et

1846 4113 2148 4185 luculenter
2181 4113 2279 4167 fuit
2307 4115 2641 4184 explicatus;
2677 4131 2743 4170 ne
2780 4125 2959 4170 actum
3013 4118 3240 4185 agendo,
3278 4120 3413 4172 nihil

1843 4184 2023 4251 egisse
2049 4184 2265 4247 videar,
2298 4193 2589 4240 contentus
2615 4201 2709 4239 ero
2733 4184 3082 4252 subjunxisse
3114 4189 3408 4244 nonnullas

1846 4256 2210 4322 quormndam
2243 4254 2484 4308 locorum
2517 4256 2675 4310 citari
2705 4258 2988 4310 solitorum
3022 4259 3410 4321 correctiones,

1845 4338 1984 4391 quas
2018 4324 2259 4396 arbitror
2286 4323 2456 4396 fuisse
2497 4327 2911 4396 praetermissas,
2958 4342 3297 4396 nequaquam
3330 4336 3413 4381 ta-

1844 4408 1967 4446 men
1996 4393 2713 4464 pnetenniltendasiudico.
2737 4395 2981 4461 Quatuor
3000 4393 3179 4449 autem
3211 4406 3409 4453 erunt:

1848 4464 1907 4515 In
1939 4464 1992 4516 in
2031 4463 2241 4518 Joanne
2288 4462 2519 4527 Zonara,
2570 4467 2634 4518 2⁸
2665 4467 2717 4520 in
2748 4465 3036 4519 Theodoro
3064 4466 3405 4530 Balsamone,

163 4542 280 4606 tum
314 4542 572 4606 usurpat
611 4533 967 4606 auctor_l_ibr_i
1015 4533 1083 4585 De
1120 4533 1298 4601 ofﬁciis
1345 4533 1535 4606 divinis
1579 4533 1742 4603 (inter
1773 4547 1817 4600 Ι)
1846 4534 1908 4606 59
1944 4534 1997 4588 in
2030 4534 2393 4606 Constantino
2419 4534 2843 4605 Ilarmenopulo,
2876 4545 3147 4606 postrema
3170 4538 3221 4590 in
3251 4536 3410 4591 Nice-

163 4604 392 4657 Alcuini
440 4617 623 4670 opera,
657 4618 776 4671 cap.
805 4602 895 4656 40.
936 4600 1312 4671 Praetereaque
1357 4600 1602 4656 osculum
1645 4619 1740 4657 ca-

162 4683 344 4737 stum,
394 4672 729 4740 religiosum,
780 4687 888 4725 non
934 4672 1289 4741 impudicum,
1322 4672 1588 4738 Spit-itale,
1634 4688 1742 4726 non

162 4744 432 4806 carnale,
478 4742 566 4795 διὰ
631 4742 896 4812 στόματος
951 4741 1224 4812 σώφρονος
1278 4743 1372 4794 καὶ
1443 4742 1744 4812 μεμυκότος

162 4816 371 4881 (Clem.
399 4812 599 4879 Μυῖα),
645 4822 829 4882 atque.
864 4822 924 4866 ut
968 4813 1035 4865 ab
1075 4812 1354 4881 Haymone
1404 4812 1468 4864 ad
1509 4812 1737 4866 Roman.

161 4900 287 4943 XVI,
336 4882 426 4943 16,
459 4883 686 4947 dicitur,
720 4881 1045 4937 nullatenus
1095 4881 1497 4943 columbinum,
1551 4898 1743 4951 nempe

161 4961 400 5024 propter
419 4954 768 5024 salacitatem
795 4953 1081 5024 columbae.
1115 4952 1188 5005 In.

234 5019 361 5092 (59)
414 5023 474 5074 '0
514 5022 825 5090 ἀρχιερεὺς
859 5022 1258 5092 ἐπευχόμενος
1296 5019 1377 5085 τῷ
1416 5019 1544 5085 λαῷ
1583 5019 1742 5087 εἰρή-

156 5090 306 5161 νην,
339 5094 654 5161 εὐλογείτω
694 5092 927 5145 τοῦτον.
973 5090 1117 5146 Inter
1148 5092 1329 5161 varias
1360 5093 1515 5159 pacis
1546 5092 1741 5158 praedi-

157 5165 440 5225 cationes,
472 5160 533 5215 ac
563 5163 744 5231 populi
776 5161 1201 5220 benedictiones.
1234 5160 1401 5231 hujus
1426 5170 1546 5214 ante
1577 5161 1743 5215 sacri-

158 5233 357 5287 ﬁcium
408 5230 586 5301 peragi
626 5230 798 5287 solita:
841 5231 1106 5297 meminit,
1137 5246 1329 5301 praeci-
1393 5230 1739 5300 liturgiogra-

157 5304 334 5374 pbos,
367 5302 697 5371 [lituumque
742 5301 1241 5374 ecclesiasticorum
1288 5302 1622 5374 collectores
1660 5311 1740 5374 a‘t-

154 5370 273 5445 que
319 5370 722 5445 explanatores,
751 5371 813 5445 _S.
843 5370 1286 5445 Chrysostomus.
1322 5387 1573 5445 sermone
1606 5370 1741 5445 lHDe

154 5439 361 5496 sancta
396 5439 717 5504 Pentecoste,
750 5442 838 5501 56,
873 5439 1005 5495 tomi
1040 5439 1104 5504 V,
1137 5450 1191 5497 et
1223 5442 1442 5495 homilia
1469 5442 1503 5493 '5
1527 5442 1578 5494 in
1612 5440 1737 5510 Epi-

152 5516 366 5567 stulam
408 5512 478 5564 ad
531 5512 886 5565 Colossenses.
929 5510 1196 5565 Praeclare
1227 5514 1329 5566 sub
1375 5515 1534 5565 linem
1576 5512 1734 5565 Coin-

155 5591 403 5637 mentar.
431 5583 483 5635 in
520 5580 686 5648 Epist.
706 5582 775 5635 ad
803 5581 950 5636 Rom.
974 5584 1115 5651 apud
1146 5581 1534 5651 Hieronymum
1564 5600 1577 5635 :
1611 5580 1738 5633 [duo

154 5656 215 5705 in
262 5653 489 5706 ecclesia
533 5668 638 5720 pax
665 5654 833 5720 primo
880 5655 1259 5715 annuntiatur;
1295 5662 1351 5703 ut
1396 5655 1635 5705 ostendat
1684 5669 1737 5705 se

151 5740 287 5776 cunt
331 5723 585 5795 omnibus
608 5740 718 5795 esse
746 5723 1043 5795 paciﬁcum,
1076 5724 1164 5795 qui
1203 5722 1407 5790 corpori
1442 5724 1734 5775 communi-

154 5804 389 5847 caturus
416 5804 494 5846 est
523 5794 742 5857 Cltrfsti.
777 5792 849 5847 In.

1846 4604 2015 4671 phoro
2044 4604 2274 4658 Callisti.
2309 4603 2517 4658 Etenim
2548 4603 2984 4675 apud—Zonaram
3020 4607 3214 4675 legitur
3240 4606 3293 4660 in
3325 4612 3411 4661 in-

1846 4676 2235 4741 terpretatione
2264 4675 2331 4727 ad
2366 4675 2432 4727 12
2458 4691 2721 4745 canouem
2760 4677 3129 4745 apostolorum
3157 4696 3169 4730 :
3203 4677 3409 4745 ξυστα-

1828 4740 1973 4801 τικαὶ
1997 4746 2274 4800 ἐπιστολαί
2304 4747 2457 4805 εἰσιν,
2488 4747 2541 4798 αἱ
2580 4740 2850 4814 διδόμεναι
2896 4744 3175 4814 κληρικοῖς
3219 4740 3252 4813 ἦ
3288 4741 3407 4814 λαῖ-

1828 4820 1944 4881 κοῖς
1976 4817 2376 4889 ἀφωρισμένοις
2397 4815 2481 4889 ,Λῆ
2511 4810 2881 4889 ἀνακίνῴσταις
2902 4855 2916 4876 ,
2962 4810 3018 4864 ἐν
3042 4812 3210 4889 ,ἑτέρᾳ
3229 4810 3407 4889 ,νπόλει

1830 4881 2068 4942 ἀπιοῦσι.
2096 4881 2549 4941 κα“ι’συνεστιῖ›σαι
2592 4884 2671 4955 τῷ
2703 4888 2817 4955 ἐκεῖ
2859 4881 3152 4955 emax/imp
3182 4881 3404 4945 αὐτοὺς,

1827 4959 1902 5021 ὡς
1940 4958 2197 5021 λυθέντας
2231 4957 2338 5009 τῶν
2372 4953 2681 5026 ἐπιτιμίων,
2727 4954 2758 5024 ἦ
2800 4956 3021 5017 πιστοὺς
3071 4953 3254 5026 ὄντας
3279 4967 3406 5006 cum

1829 5042 1891 5082 ex
1921 5045 2106 5087 sensu,
2159 5045 2221 5081 ex
2267 5043 2369 5080 ms.
2406 5024 2571 5091 llegio
2599 5026 2722 5085 277,
2753 5036 2804 5079 et
2838 5042 2900 5078 ex
2930 5040 3142 5078 canone
3176 5024 3243 5075 15
3278 5039 3402 5092 syn-

1829 5100 1918 5153 odi
1977 5098 2433 5152 Chalcedonensis
2488 5096 2674 5166 reponi
2722 5096 2954 5166 debeat,
3005 5095 3038 5166 ἢ
3085 5092 3402 5166 ἁγνιὶζστοις.

1829 5169 2016 5224 Canon
2054 5170 2123 5222 ita
2170 5170 2353 5229 habet,
2386 5170 2437 5221 in
2476 5162 2688 5220 Zonara
2716 5178 2767 5220 et
2798 5162 3118 5219 Balsamone
3147 5181 3159 5215 :
3208 5162 3407 5226 Ξένους

1828 5239 2120 5311 κληρικοὺς
2138 5241 2228 5311 καὶ
2244 5237 2575 5311 ἀγνώστους,
2594 5238 2649 5311 εν
2667 5236 2829 5311 ἑτέρᾳ
2846 5236 2996 5289 πόλει
3006 5234 3134 5311 ﬁxa
3160 5250 3409 5311 συστατι-

1828 5300 1949 5363 κῶν
1970 5300 2308 5380 γραμμάτων
2328 5309 2424 5380 τοῦ
2447 5300 2574 5360 ἰδίου
2605 5300 2901 5380 emendi-tau
2925 5300 3410 5380 prdai'zimgpqoa-

1833 5379 1909 5451 μῆ
1934 5373 2287 5448 λειτουργεῖν.
2324 5377 2585 5451 Praeterea
2609 5378 2730 5431 libri
2768 5373 3112 5451 Balsanumis
3147 5375 3300 5451 editi,
3321 5373 3409 5451 in-

1832 5442 1988 5505 t'erso
2009 5442 2225 5509 ordine,
2254 5450 2517 5503 collocant
2548 5463 2787 5502 canones
2829 5447 3166 5500 Laudiceuos
3190 5444 3279 5507 41,
3310 5442 3401 5503 42,

1831 5521 1910 5577 uti
1940 5522 2233 5589 ostendunt
2258 5535 2379 5589 cum
2408 5517 2517 5589 duo
2551 5517 2699 5588 Regii
2735 5517 2940 5584 scripti,
2972 5525 3083 5589 tum
3119 5515 3405 5589 utriusque

1840 5583 2068 5658 canonis
2117 5583 2589 5658 interpretationes
2610 5583 2893 5645 ,‘quaruin
2921 5583 3092 5658 .prior
3140 5583 3397 5658 competit

1840 5648 2035 5701 canoni
2066 5647 2156 5716 qui
2190 5646 2298 5698 illic
2334 5648 2698 5717 postponitur,
2735 5647 3003 5716 posterior
3033 5664 3159 5701 vero
3199 5646 3393 5701 cationi

1839 5720 1931 5785 qui
1963 5718 2164 5785 primas
2193 5726 2361 5789 tenet.
2408 5718 2589 5789 Itaque
2622 5718 2862 5789 locorum
2895 5718 3248 5789 commutatio
3281 5717 3394 5789 Iieri

1840 5792 2018 5857 debet,
2048 5794 2102 5843 et
2129 5801 2305 5861 canon
2338 5786 2479 5842 iste:
2520 5789 2638 5839 ’Ὁτι
2683 5786 2744 5840 οὐ
2788 5786 2866 5840 δεῖ
2900 5788 3168 5857 ἱερατικὸν
3199 5788 3233 5861 ἦ
3267 5787 3398 5859 κλη-
