3880 6332
224 281 299 336 7i!

1041 249 1642 324 CONSTITUTIONES
1678 268 2150 325 Aposroucls.
2193 302 2257 310 _
2294 269 2419 327 un.
2466 271 2529 325 ιι.

3295 266 3396 323 74?.

220 392 279 460 τῷ
296 389 397 459 βίῳ,
425 384 453 453 ἢ
483 381 639 445 ξένος,
660 381 694 451 ἢ
721 380 1002 452 ἐγχώριος
1028 383 1090 434 σὺ
1120 384 1147 434 6
1178 383 1477 443 ἐπίσκοπος
1504 383 1531 433 6
1563 398 1729 451 προσ-
1759 403 1774 442 λ

1866 383 1949 437 ive
1978 383 2223 451 ejusdem
2255 386 2494 454 regionis
2512 385 2591 441 ³³;
2624 394 2705 452 ιιι,
2729 381 3008 453 episcope,
3033 382 3161 436 dum
3187 383 3256 437 de
3289 388 3397 441 Deo

216 479 357 533 λαλῶν
404 476 485 527 τὸν
512 474 632 543 περὶ
652 472 787 525 Θεοῦ
818 473 996 541 λόγον,
1028 473 1061 543 ἧ
1094 476 1122 526 6
1142 473 1354 526 ἀκούων
1382 471 1477 524 τοῦ
1507 472 1733 541 ψάλλον-

212 588 301 632 τος,
328 565 456 638 ἢτοῦ
483 564 957 632 ἀναγινώσκοντος,
993 565 1069 636 μὴ
1112 564 1595 636 προσωποληπτῶν
1636 581 1736 617 κα-

210 659 406 730 ταλίπῃς
428 657 518 727 τὴν
555 655 828 708 διακονίαν
857 654 952 707 τοῦ
981 655 1163 723 λόγου,
1208 656 1295 707 ἴνα
1326 655 1551 728 διατάξῃ
1590 655 1737 725 αὐτῷ

214 749 482 822 προεδρίαν·
504 745 637 798 ἀλλὰ
656 745 782 816 μένε
812 746 1055 816 ἡσύχιος,
1092 747 1167 817 μὴ
1184 747 1488 799 διακόπτων
1525 764 1619 799 σου
1647 747 1738 799 τὸν

210 842 356 909 λόγον,
375 840 404 909 ἢ
429 839 519 910 τὴν
548 839 734 909 ἁκοήψ
758 839 806 890 οἱ
823 838 877 891 δὲ
896 838 1111 906 ἀδελφοὶ
1126 838 1214 891 διὰ
1233 839 1338 890 τῶν
1358 838 1616 891 διακόνων
1636 854 1742 891 πα-

210 929 574 1005 ραδεχὼθωσαν
591 930 770 981 αὐτόν·
794 930 842 981 εἰ
869 929 926 981 δὲ
951 929 1112 991 τόπος
1128 930 1226 981 οὐκ
1244 928 1411 991 ἔστιν,
1436 932 1464 983 6
1492 929 1739 992 διάκονος

208 1024 280 1077 τὸν
295 1023 469 1093 μᾶλλον
484 1020 739 1091 νεώτερον
758 1021 997 1092 ἐγείρας,
1020 1021 1155 1090 μετὰ
1177 1020 1356 1087 λόγου,
1375 1020 1510 1073 ἀλλὰ
1533 1020 1607 1090 μὴ
1624 1021 1741 1089 μετ’

210 1115 365 1187 ὀργῆς,
383 1114 575 1165 ἐκεῖνον
633 1111 929 1164 καθισάτωο
980 1112 1184 1165 δίκαιον
1225 1112 1281 1163 δὲ
1309 1110 1466 1163 τοῦτο
1515 1112 1608 1164 καὶ
1649 1112 1740 1179 ἀφ’

210 1204 371 1258 ἐαυτοῦ
396 1203 481 1255 τὸν
511 1203 827 1271 φιλάδελφον
860 1202 968 1273 (68)
994 1204 1231 1274 ποιῆσαν
1256 1202 1349 1254 ἐὰν
1378 1203 1433 1255 δὲ
1487 1201 1741 1274 ἁνανεύῃ,

208 1296 393 1367 ἐγείρας
409 1293 559 1345 αὐτὸν
575 1294 952 1361 ἀναγκαστῶς,
972 1296 1144 1347 ὀπίσω
1164 1295 1379 1347 πάντων
1398 1295 1588 1364 στῆσον
1611 1294 1742 1363 (69).

207 1387 277 1438 ἵνα
314 1382 621 1437 παιδευθῶσι
674 1386 768 1437 καὶ
831 1386 880 1437 οἱ
921 1385 1096 1437 λοιποὶ
1140 1386 1607 1457 ἀντιπαραχωρεῖν
1634 1388 1747 1448 τοῖς

207 1475 545 1547 ὲντιμοτέροις.
622 1476 686 1529 Et
751 1475 808 1528 δὲ
852 1477 1096 1546 πτωχὸς,
1171 1476 1203 1547 ἢ
1249 1477 1448 1549 ἀγενὴς
1508 1476 1653 1546 (70)ν
1709 1476 1743 1546 ἧ

207 1568 329 1630 ξένος
359 1564 583 1632 ἐπέλθοι,
615 1566 928 1637 πρεσϐύτης
955 1567 1122 1637 ἣνέος
1136 1571 1201 1638 τῇ
1225 1568 1429 1638 ἡλικίᾳ,
1464 1568 1557 1620 καὶ
1583 1567 1747 1630 τόπος

206 1659 286 1727 οὐχ
304 1657 536 1728 ὑπάρχει,
572 1659 667 1710 καὶ
694 1657 905 1721 τούτοις
932 1658 1095 1711 τόπον
1124 1658 1414 1729 ποιήσειέξ
1458 1658 1587 1729 ὅλης
1642 1658 1742 1727 τῆς

1838 490 2144 528 sermonem
2171 476 2339 530 habes
2356 475 2422 529 ad
2453 476 2684 545 plebem,
2711 482 2804 527 aut
2826 474 2955 527 dum
2975 474 3133 529 audis
3155 490 3277 529 eum
3303 478 3395 545 qui

1838 566 2019 635 psallit
2050 566 2131 620 vel
2160 566 2325 636 legit;
2369 582 2436 621 ne
2470 582 2566 636 per
2581 566 2948 635 aceeptionem
2973 580 3221 634 persona:
3240 568 3402 621 relin-

1838 673 1975 727 quas
2003 658 2153 712 verbi
2195 658 2584 724 ministerium,
2623 658 2777 711 utilli
2815 658 2992 712 locum
3026 657 3167 711 inter
3196 658 3402 727 primas

1840 749 1998 803 sedes
2021 750 2359 815 constituas;
2403 764 2589 803 verum
2628 748 2845 818 quietus
2878 763 3059 811 mane,
3099 764 3199 802 nec
3229 749 3400 801 inter-

1840 856 2031 909 rumpe
2069 856 2376 895 sermonem
2427 848 2614 903 tuum,
2648 839 2730 893 vel
2775 839 3146 905 auditionem;
3207 838 3406 892 fratres

1839 946 1970 985 vero
2009 947 2132 985 eum
2177 947 2273 1001 per
2301 931 2565 985 diaconos
2596 930 2904 999 recipiant;
2956 938 3120 998 atque
3155 931 3200 983 si
3252 931 3406 983 locus

1841 1020 2001 1084 desit,
2036 1021 2318 1085 diaconus,
2349 1023 2590 1075 omnium
2622 1022 2918 1090 juniorem,
2958 1020 3267 1090 prudenter,
3296 1037 3407 1073 non

1842 1122 2021 1167 autem
2051 1112 2332 1182 praefracte
2351 1114 2467 1167 loco
2488 1127 2732 1175 movens,
2766 1112 3090 1166 honoratum
3142 1113 3291 1177 illum
3322 1129 3409 1167 se-

1844 1203 1972 1258 dere
2002 1203 2195 1269 faciat;
2246 1203 2337 1256 cui
2367 1219 2581 1273 aequum
2619 1212 2702 1258 est
2742 1214 2801 1257 ut
2833 1204 2970 1257 alter
2998 1203 3253 1259 fraternae
3277 1207 3408 1258 cha-

1845 1296 2022 1349 ritatis
2054 1295 2336 1351 studiosus
2368 1296 2525 1350 cedat
2554 1304 2784 1365 sponte;
2816 1294 2961 1365 quod
2992 1296 3037 1350 si
3064 1296 3328 1358 renuerit,
3355 1298 3408 1350 vi

1846 1394 2074 1453 motum,
2092 1393 2213 1456 post
2228 1402 2418 1442 omnes
2434 1388 2663 1451 colloca,
2682 1404 2791 1456 quo
2807 1388 2968 1441 etiam
2992 1386 3172 1442 caeteri
3194 1387 3411 1442 discant

1848 1479 2290 1534 honoratioribus
2319 1477 2640 1532 concedere.
2693 1478 2829 1533 Cum
2854 1486 3032 1531 autem
3066 1492 3295 1548 pauper,
3327 1480 3413 1539 vel

1848 1570 2127 1640 ignobilis,
2153 1570 2236 1625 vel
2258 1570 2601 1640 peregrinus,
2639 1569 2794 1639 isque
2826 1584 3013 1633 senex,
3041 1577 3136 1622 aut
3171 1568 3409 1638 juvenis,

1850 1660 2229 1725 intervenerit,
2251 1661 2473 1715 sedibus
2496 1662 2800 1729 occupatis,
2821 1660 2891 1714 iis
2913 1676 3132 1730 quoque
3148 1660 3415 1714 diaconus

207 1750 399 1820 καρδίας
426 1747 585 1803 αὑτοῦ
609 1751 637 1802 6
660 1748 920 1813 διάκονος,
938 1749 1022 1801 ἵνα
1043 1750 1116 1821 μὴ
1135 1750 1269 1820 πρὸς
1284 1748 1565 1820 ἄνθρωπον
1586 1746 1749 1801 αὑτοῦ

1863 1770 1916 1807 :x
1944 1761 2060 1807 toto
2084 1752 2247 1807 corde
2270 1753 2451 1806 locum
2484 1751 2668 1816 faciet,
2701 1762 2760 1805 ut
2801 1767 2906 1806 non
2936 1751 3259 1822 gratificatio
3293 1750 3415 1820 ejus

207 1840 396 1910 γένηται
426 1841 457 1910 ἡ
486 1840 925 1912 προσωπόληψις,
958 1840 1093 1893 ἀλλὰ
1113 1840 1250 1912 πρὸς
1279 1839 1409 1893 Θεὸν
1439 1842 1472 1911 ἡ
1501 1841 1741 1893 διακονία

204 1931 476 2001 εὐάρεστος.
513 1930 606 2002 Τῷ
629 1931 673 1983 δ’
690 1931 836 2002 αὐτῷ
866 1934 909 1962 ³⁵
925 1933 1145 1985 ποιείτω
1174 1935 1268 1985 καὶ
1300 1933 1745 2003 ἡδιάκονος,ταίς

206 2021 559 2092 ἐπερχομέναις
591 2021 826 2091 γυναιξὶ,
858 2026 1103 2093 πτωχαίς
1120 2025 1237 2093 ἤτοι
1268 2025 1568 2088 πλουσίαις.

701 2136 1093 2189 ΚΕΦΑΛΑΙΟΝ
1122 2137 1248 2190 NG’.

211 2226 319 2278 Ὀτι
342 2226 448 2295 χρὴ
475 2228 740 2282 ἕκαστον
760 2228 970 2295 ὄρθρου
1000 2227 1096 2280 καὶ
1117 2228 1377 2296 ἑσπέρας
1418 2231 1750 2286 σπουδαῖον

564 2299 721 2351 εἶναι
753 2298 887 2365 περὶ
928 2298 1032 2362 τὰς
1060 2297 1364 2365 συνάξεις.

265 2388 510 2443 Διδάσκων
540 2390 625 2452 δὲ,
656 2382 701 2441 ὦ
730 2388 1017 2451 ἐπίσκοπε,
1050 2389 1237 2441 κέλευε
1271 2391 1364 2443 καὶ
1392 2392 1647 2463 παραίνει
1673 2393 1751 2465 τῷ

210 2481 327 2550 λαῷ,
358 2483 427 2543 είς
450 2482 541 2552 τὴν
569 2480 870 2551 ἐκκλησίαν
896 2479 1244 2549 ἐνδελεχίζειν
1273 2480 1471 2553 ὄρθρου
1488 2484 1580 2537 καὶ
1601 2485 1753 2537 ἐσπέ-

212 2589 300 2641 pa;
323 2573 536 2642 ἑκάστης
598 2572 811 2643 ἡμέρας
860 2570 993 2642 (71),
1038 2572 1131 2624 καὶ
1165 2572 1238 2644 μὴ
1270 2574 1657 2628 ἀπολείπεσθαι
1691 2578 1753 2629 τὸ

270 2711 309 2741 ³³
340 2710 374 2763 l.
404 2707 593 2765 Jacob.
631 2723 688 2761 ιι.
721 2707 766 2738 ³⁸
796 2707 867 2760 al.
906 2707 967 2759 τὺ
993 2707 1036 2760 δ’
1063 2706 1212 2763 αὐτό.
1251 2706 1342 2764 Sic
1368 2709 1505 2764 alter
1533 2710 1652 2764 cod.
1680 2708 1838 2763 Vind.

1852 1845 2100 1898 homines
2125 1851 2351 1914 spectet,
2377 1844 2472 1899 sed
2505 1843 2614 1898 Deo
2637 1853 2917 1912 acceptum
2939 1844 3030 1896 fiat
3046 1843 3412 1898 ministerium

1850 1937 1991 2006 ejus.
2024 1935 2168 1991 Idem
2214 1943 2268 1991 et
2298 1945 2475 1991 servet
2523 1936 2858 2000 diaeonissa,
2895 1936 2948 1989 in
2996 1935 3414 1991 advenientibus

1853 2029 2195 2093 mulieribus,
2220 2028 2332 2083 sive
2368 2029 2699 2098 pauperibus
2731 2029 2845 2083 sive
2866 2027 3145 2085 divitibus.

2415 2139 2646 2195 CAPUT
2702 2139 2836 2195 LIX.

1928 2235 2080 2303 Quod
2111 2235 2295 2289 debeat
2321 2234 2673 2304 unusquisque
2706 2249 2855 2304 mane
2877 2240 2925 2285 et
2953 2246 3155 2299 vespere
3187 2230 3344 2283 colle-

2311 2316 2516 2358 ctarum
2540 2320 2651 2356 esse
2680 2303 2967 2357 studiosus.

1924 2397 2060 2452 Cum
2096 2407 2275 2453 autem
2300 2397 2486 2459 doces,
2511 2395 2933 2465 episcope,jube
2961 2402 3013 2448 et
3029 2391 3298 2464 persuade
3324 2408 3421 2461 po-

1856 2489 2004 2557 pulo,
2036 2498 2093 2543 ut
2120 2489 2349 2559 singulis
2371 2488 2561 2541 diebus
2585 2501 2743 2541 mane
2776 2495 2830 2542 et
2876 2501 3099 2556 vespere
3129 2485 3419 2540 ecclesiam

1858 2580 2184 2650 frequentet,
2219 2595 2320 2635 nec
2353 2578 2626 2635 ullatenus
2640 2578 2902 2647 desistat,
2934 2577 3028 2633 sed
3050 2577 3269 2633 assidue
3288 2590 3423 2630 con-

1496 2864 1860 2920 VARIORUM
1896 2864 2126 2921 NOTAE.

208 3060 340 3105 stans
369 3051 445 3105 vel
477 3049 711 3114 sedens;
748 3048 904 3101 adeat
936 3046 1024 3114 ille
1054 3043 1119 3097 ad
1161 3041 1748 3114 BernardiniAFerrarii
1780 3048 1822 3103 C
1854 3059 1971 3111 gere
1992 3042 2055 3094 de
2077 3042 2258 3114 ordine
2287 3042 2534 3114 sessionis
2559 3053 2767 3114 suaztet
2788 3046 2924 3097 inter
2956 3043 3170 3098 ultimos
3193 3045 3423 3100 colloca-

209 3124 355 3175 libros
391 3125 461 3177 ue
490 3124 665 3175 sacris
690 3111 1048 3175 conriontbus,
1085 3122 1139 3168 et
1163 3112 1225 3165 ad
1254 3112 1439 3167 Jacobi
1479 3111 1753 3165 Sirmondi

209 3200 346 3245 notas
376 3194 428 3244 in
455 3206 684 3243 carmen
745 3188 810 3240 16
837 3185 1165 3254 Apollinaris
1192 3183 1422 3237 Sidonii.
1474 3182 1670 3254 Noster
1703 3184 1757 3254 in

207 3278 260 3315 ea
277 3263 481 3315 vivebat
510 3258 784 3320 Ecclesia,
812 3258 864 3310 in
887 3252 997 3324 qua
1019 3254 1283 3308 sessionis
1300 3253 1639 3307 consuetudo
1660 3252 1760 3324 ob—

208 3333 413 3386 tinebat.
444 3328 843 3385 Cernere-licet
873 3321 980 3388 hic,
1010 3331 1065 3378 et
1095 3338 1253 3391 capp.
1289 3324 1377 3387 11,
1402 3323 1502 3387 5'1;
1548 3331 1602 3375 et
1658 3321 1755 3375 lib.

208 3416 307 3461 vm,
338 3417 455 3470 cap.
481 3401 535 3455 5.
568 3398 930 3453 Observatum
950 3394 1139 3470 adhtec
1172 3394 1292 3470 fuit,
1324 3394 1465 3447 ritus
1488 3408 1583 3447 eos
1614 3407 1642 3444 a
1665 3391 1761 3470 Ju-

206 3471 321 3526 dazis
342 3462 415 3524 ad'
436 3471 787 3525 Christianos
803 3465 1143 3537 pervenisse;
1177 3464 1526 3537 citanturque
1558 3478 1676 3516 eam
1707 3462 1761 3514 in

208 3558 305 3593 rem
338 3556 459 3593 cum
502 3541 633 3592 aliis
664 3532 994 3592 testimoniis
1022 3534 1187 3588 verba
1208 3532 1452 3587 Philonis
1480 3539 1758 3601 corrupta,

208 3611 329 3664 libro
359 3609 512 3676 Quod
557 3608 799 3678 quisquis
848 3604 1037 3678 virtuti
1088 3603 1270 3678 studet
1295 3602 1425 3655 liber
1475 3604 1566 3678 sit,
1614 3604 1763 3678 circa

207 3671 456 3734 medium:
490 3671 589 3741 Ειξ
627 3671 802 3749 ἱερους
817 3674 1198 3749 ἀφικνούμενοι
1212 3673 1430 3749 τόπους,
1463 3674 1511 3749 οἳ
1543 3671 1766 3749 καλοξν-

206 3766 284 3801 ται
311 3748 654 3818 συναγωγαὶ,
678 3742 803 3800 ’καθ’
835 3742 1061 3818 ἡλικίας
1078 3746 1134 3818 ἐν
1163 3742 1379 3818 τάξεσιν
1397 3743 1501 3795 ὑπὸ
1530 3742 1766 3818 πρεσϐυ-

204 3820 361 3891 τέροις
388 3812 497 3873 νέοι
529 3812 871 3881 καθέζονται,
902 3815 1038 3903 μετὰ
1052 3814 1254 3935 κόσὲου
1285 3812 1378 3865 τοῦ
1408 3812 1767 3883 προσήκοντος

205 3889 399 3935 hours:
428 3887 799 3935 ἀκωατ-κώε”
820 3883 896 3935 εἶθ
945 3888 972 3935 6
1006 3883 1146 3935 ιιέντ
1187 3901 1213 3935 ε
1235 3882 1446 3935 Βίὸλους
1473 3881 1767 3935 ἀναγινώσ-

205 3881 399 3959 ἐχοντες
428 3887 799 3959 ἀκροατ.κώςς
820 3881 915 3959 sib‘
1004 3883 1101 3954 μὲν
1117 3881 1213 3945 τὰς
1235 3881 1768 3959 βίὸλουςὰναγινώσ-

206 3950 279 4012 is"
305 3950 726 4027 λαϐιὶ)ν,”ἐτερος
753 3956 809 4008 δὲ
828 3955 934 4027 τῷν
963 3950 1390 4027 ἐμπειροτάτῳν,
1421 3953 1518 4004 ὅσα
1539 3953 1611 4022 μὴ
1626 3950 1765 4027 γνώτ

207 4047 326 4099 ριμα
357 4022 651 4100 παρελθὼν
681 4022 1061 4100 ᾁναγινῴσκει.
1091 4022 1374 4100 Constabit
1424 4038 1619 4100 sensus
1644 4062 1663 4100 1
1684 4092 1693 4100 ι
1716 4022 1764 4074 si

207 4092 419 4167 expulso
438 4092 649 4153 'ultimo
678 4094 1060 4167 ἀναγινώσκει,
1091 4095 1452 4167 substititatur
1483 4092 1768 4145 ἁναδιδάσοο

206 4162 300 4231 κεί,
338 4187 447 4239 quo
481 4162 885 4239 tnodoicitatur
910 4167 977 4239 ab
1010 4162 1516 4239 Eusebiofra’par.
1559 4178 1765 4239 evang?

209 4239 241 4292 l.
272 4232 388 4301 vm',
419 4256 472 4293 c.
504 4239 596 4292 12.
636 4236 893 4299 Consule,
928 4235 972 4289 si
998 4235 1194 4303 placet,
1222 4232 1502 4302 Microtogi
1544 4242 1707 4303 caput
1736 4232 1768 4284 9

208 4309 266 4361 de
287 4309 489 4364 Gnecis
520 4324 638 4362 non
662 4307 977 4361 sedentibus
993 4302 1119 4357 dmn
1148 4304 1339 4373 legitur
1354 4304 1601 4373 epistola.
1625 4302 1771 4355 Con-

207 4381 317 4433 sule
366 4382 537 4435 etiam
602 4376 939 4447 Opusculum
970 4375 1039 4447 59
1098 4373 1239 4447 Petri
1281 4372 1524 4447 Damiani
1577 4380 1769 4447 contra

206 4464 291 4503 eos
315 4452 404 4519 qui
439 4443 666 4509 sedent,
690 4447 909 4519 quando
936 4446 1019 4519 vel
1040 4444 1301 4519 canonica
1336 4443 1599 4519 Horarum
1632 4443 1769 4496 cele-

207 4514 423 4574 brantur
452 4521 662 4580 oﬂicia,
687 4514 769 4571 vel
793 4518 955 4570 etiam
1002 4517 1119 4583 ipsa
1144 4515 1433 4567 missarum
1469 4514 1770 4567 offeruntur

206 4592 459 4643 terribilia
492 4595 873 4651 sacramenta;
902 4586 990 4638 ubi
1017 4594 1198 4637 tamen
1232 4585 1492 4653 probatur
1518 4599 1634 4637 mos
1686 4598 1771 4635 sc-

207 4660 358 4713 tlendi
388 4663 535 4714 inter
568 4658 829 4712 nocturni
847 4656 1005 4708 otlicii
1034 4652 1309 4708 lectiones.
1333 4652 1527 4706 Videre
1557 4666 1772 4721 quoque

208 4732 424 4796 poteris,
457 4731 555 4784 ubi
592 4739 647 4781 te
688 4728 753 4781 ad
788 4724 1385 4796 magnilicentissimatn
1435 4723 1579 4796 regis
1610 4722 1772 4775 Chri-

208 4794 527 4855 stianissimi
554 4794 943 4852 bibliothecam
969 4794 1244 4855 conferes.
1278 4794 1719 4855 antiquissimum
1744 4807 1775 4845 a

209 4885 289 4923 me
316 4871 426 4939 jam
474 4866 1133 4939 tnemoratumcodicem
1164 4880 1265 4918 ms.
1303 4861 1357 4916 S.
1394 4861 1776 4939 Gregoriin

206 4932 446 4995 zian'zeni
496 4957 602 4995 seu
636 4937 891 5006 theologi,
926 4935 1257 5006 recensitum
1294 4949 1521 5006 numero
1556 4934 1681 4994 155,
1722 4932 1776 4983 in

208 5011 362 5077 cujus
389 5013 567 5065 variis
621 5005 835 5063 tabellis
869 5022 1029 5059 unam
1075 5005 1315 5077 reperies
1367 5005 1606 5077 theologi
1652 5016 1775 5077 cum

207 5074 434 5135 diacono
459 5096 594 5142 suo,
628 5079 841 5147 Opinor,
869 5078 1085 5136 stantis,
1115 5083 1169 5147 et
1192 5076 1257 5126 ad
1295 5075 1552 5143 populum
1579 5074 1780 5147 pariter

208 5159 464 5218 stantem,
521 5144 851 5204 mulieribus
901 5144 1428 5218 modicointervallu
1459 5153 1579 5214 post
1633 5145 1779 5196 viros

207 5214 515 5283 collocatis,
552 5220 873 5272 concionem
907 5214 1176 5269 habentis.
1202 5214 1339 5267 Cor.

276 5290 392 5361 (b8)
432 5290 841 5361 Φιλάδελφον.
876 5286 931 5339 ln
965 5288 1138 5338 altero
1169 5283 1328 5337 Vind.
1354 5284 1539 5339 codice
1558 5283 1781 5350 ἀδελφὸν

204 5358 298 5424 ὥς,
330 5358 386 5413 ut
422 5362 677 5431 fratrem.
707 5360 873 5411 CLsn.

276 5422 391 5499 (69)
422 5422 719 5498 ’Ἐγείρας
750 5427 935 5499 aliter
958 5423 1373 5499 ἀταῖκαστῶς,
1405 5424 1601 5499 darle
1632 5422 1782 5499 mit.

209 5493 323 5552 ﬂor
352 5493 630 5568 dtﬁo'er.
662 5499 717 5552 In
764 5497 966 5567 Regula
994 5493 1050 5548 S.
1085 5495 1360 5568 Pachomii
1410 5494 1641 5568 articulo
1692 5493 1781 5547 85.

212 5568 269 5621 Si
296 5572 415 5639 quis
463 5564 761 5622 iracundus
790 5579 837 5621 et
851 5564 1101 5639 '{uriosus
1128 5605 1143 5627 ,
1188 5566 1481 5634 frequenter
1519 5564 1785 5616 irascatur

205 5636 319 5693 sine
350 5657 549 5701 causa.
572 5650 624 5707 et
645 5654 854 5708 propter
879 5652 986 5708 rem
1008 5636 1212 5708 inanem
1245 5646 1295 5689 et
1313 5650 1562 5708 saeuam;
1587 5648 1676 5701 per
1696 5650 1786 5686 sea:

210 5712 340 5763 rises
386 5705 836 5776 eommotkbitur,
872 5719 919 5762 et
953 5707 1006 5759 iu
1049 5707 1267 5772 septima
1296 5705 1488 5774 facient
1521 5722 1636 5759 eum
1668 5720 1783 5756 sur-

1859 3110 2020 3174 bitur,
2047 3121 2152 3166 etc.
2188 3111 2254 3165 Et
2286 3113 2339 3165 in
2362 3110 2571 3182 Regula
2601 3110 2657 3167 S.
2694 3112 2970 3169 Benedicti
2992 3130 3109 3182 cap.
3135 3116 3237 3168 45:
3271 3117 3423 3182 Quod

1858 3185 1905 3235 si
1925 3184 2038 3252 quis
2064 3182 2132 3235 ad
2149 3192 2433 3236 nocturnas
2456 3182 2663 3251 vigilias
2690 3194 2805 3251 post
2823 3182 3057 3237 Gloriam
3084 3185 3277 3252 psalmi
3301 3203 3424 3240 χειν

1861 3262 2029 3322 (quem
2052 3263 2260 3320 propter
2282 3252 2375 3305 hoc
2399 3254 2609 3305 omnino
2637 3254 2987 3321 protrahenda
3016 3265 3063 3307 et
3103 3272 3302 3310 morose
3338 3276 3426 3311 vo-

1861 3324 2035 3375 lumus
2057 3322 2184 3394 dici)
2209 3323 2516 3394 occurrerit,
2535 3334 2747 3376 nonslet
2770 3324 2823 3376 in
2848 3325 3029 3377 ordine
3046 3342 3139 3376 suo
3164 3327 3215 3377 in
3243 3326 3422 3391 choro,

1861 3394 1950 3447 sed
1977 3392 2208 3464 omnium
2238 3392 2455 3445 ultimus
2483 3402 2603 3452 stet,
2624 3404 2714 3445 aut
2736 3395 2789 3446 in
2812 3396 2922 3447 luco
2942 3411 3091 3464 quem
3117 3396 3310 3449 talibus
3335 3416 3421 3452 ne-

1861 3462 2169 3535 gligentibus
2189 3479 2423 3535 seorsum
2450 3464 2775 3535 constituerit
2801 3462 2983 3529 abbas,
3009 3474 3111 3517 etc.
3141 3464 3310 3533 Cujus
3336 3483 3423 3535 poo

1866 3533 2121 3604 stet-iuris»
2156 3533 2408 3603 praecepti
2438 3534 2663 3603 vestigia
2696 3534 2891 3603 premit
2926 3542 3086 3604 caput
3117 3535 3238 3599 151,
3275 3533 3368 3592 lili.
3407 3554 3423 3591 t

1878 3603 2070 3672 synodi
2099 3602 2561 3674 Aquisgranensis
2588 3602 2731 3658 anno
2764 3604 2889 3668 816,
2926 3602 3282 3674 congregatio.
3315 3607 3424 3663 Nec

1868 3675 2095 3727 multum
2123 3673 2408 3728 dissimilis
2437 3682 2519 3728 est
2541 3675 2643 3727 alia
2678 3690 2908 3729 censura
2940 3676 3155 3729 concilii
3179 3674 3424 3731 Trullani

1868 3761 1991 3797 can.
2016 3744 2071 3808 7;
2101 3752 2154 3798 et
2174 3744 2390 3815 concilii
2419 3743 2621 3797 Niczeni
2649 3744 2703 3807 2,
2736 3760 2860 3800 can.
2893 3746 2947 3809 5,
2991 3760 3087 3815 per
3115 3761 3276 3813 quam
3315 3749 3425 3803 cle-

1869 3816 2015 3868 ricus
2044 3815 2109 3868 ad
2134 3814 2385 3867 ultimum
2415 3816 2639 3884 gradum
2693 3816 2903 3871 ordinis
2954 3814 3037 3870 sui
3078 3816 3421 3882 amandatur,

1872 3885 2041 3957 fitque
2069 3889 2342 3957 sociorum
2359 3885 2609 3957 omnium
2639 3885 2993 3957 ὑποόἀθμιος.
3016 3885 3160 3957 ‘Cor.

1941 3956 2052 4025 (70)
2073 3952 2323 4026 Ἀγενής.
2357 3954 2666 4026 Ἐθαγενής,
2686 3956 2821 4009 alter
2851 3952 2973 4011 cod.
2992 3955 3219 4011 Vindob.
3252 3957 3421 4013 Cum.

1934 4024 2044 4096 (71)
2075 4027 2179 4090 Εἰς
2216 4024 2327 4091 τὴν
2373 4024 2705 4096 ἐκκλησῖαν
2751 4025 3139 4095 ἐνδελεχίζειν
3192 4027 3423 4096 ὄρθρου,

1870 4103 1973 4150 etc.
2014 4095 2078 4148 Et
2107 4096 2487 4169 capitibusAZrb,
2514 4096 2599 4149 59.
2628 4095 2775 4169 Libri
2807 4105 2983 4150 autem
3015 4113 3138 4169 viti,
3182 4095 3299 4169 cap.
3337 4097 3421 4161 1‘2,

1870 4176 2057 4219 oratur
2088 4181 2184 4233 pro
2210 4167 2275 4219 iis
2304 4166 2395 4234 qui
2424 4167 2628 4235 justam
2659 4166 2729 4220 ob
2777 4182 2996 4220 causam
3048 4183 3076 4220 a
3108 4165 3305 4235 Syna'xi
3332 4169 3426 4221 ab—

1871 4245 2052 4291 sentes
2077 4244 2224 4290 sunt.
2252 4235 2330 4288 Ita
2364 4237 2564 4304 passim
2598 4236 2804 4305 antiqui
2832 4237 3178 4291 Christianos
3215 4238 3281 4292 ad
3313 4240 3427 4289 col-

1857 4305 2026 4358 lectas
2054 4306 2306 4369 invitant,
2341 4305 2585 4359 ecclesize
2613 4305 3101 4373 lrequentationem
3152 4309 3379 4357 suadent
3411 4347 3424 4367 ,

1853 4384 2156 4443 queruntur
2194 4377 2260 4428 de
2292 4376 2533 4444 neglectu
2565 4390 2625 4427 ea
2657 4374 2708 4426 in
2743 4389 2817 4437 re,
2845 4390 3086 4444 eumque
3120 4375 3422 4441 neglectum

1824 4428 1958 4498 )non
1994 4447 2182 4512 paucis
2210 4428 2511 4500 rationibus
2535 4428 2819 4513 castigant:
2842 4443 2905 4513 Et
2933 4428 3060 4497 vero
3077 4428 3427 4498 celebraban-

1854 4523 1942 4568 tur
1969 4527 2270 4569 conventus
2304 4516 2466 4579 sacri,
2506 4512 2747 4584 tempore
2776 4512 3143 4583 apostolorum
3195 4516 3426 4584 singulis

1850 4585 2065 4645 diebus,
2098 4587 2217 4639 Act.
2255 4602 2313 4648 ll,
2346 4586 2437 4643 46.
2472 4588 2563 4640 sed
2608 4586 2963 4640 solemniorcs
3002 4585 3089 4639 die
3120 4584 3423 4643 Dominica.

1850 4656 1971 4708 Act.
2005 4673 2073 4709 xx
2102 4698 2115 4718 ,
2154 4657 2183 4707 7
2208 4698 2221 4719 ,
2259 4664 2313 4710 et
2344 4658 2359 4708 l
2393 4656 2638 4715 Corinth.
2680 4672 2789 4717 xvi,
2819 4654 2869 4708 2
2908 4654 3095 4709 Postea
3127 4655 3426 4709 ellecerunt

1852 4728 2280 4798 persecutiones,
2312 4742 2433 4780 cum
2465 4742 2676 4781 summe
2703 4727 2955 4780 saevirent
2993 4726 3208 4798 liostes_
3227 4728 3425 4798 verita-

1852 4795 1941 4858 tis,
1980 4806 2037 4849 ut
2065 4797 2240 4850 rarius
2272 4798 2656 4851 conveniretur
2688 4815 2698 4848 :
2733 4802 3056 4864 tantumque
3094 4797 3144 4848 in
3182 4795 3426 4849 Domini-

1850 4866 1931 4936 cis
1958 4867 2192 4920 diebus:
2227 4868 2369 4936 quod
2425 4868 2698 4930 colligitur
2735 4883 2797 4920 ex
2837 4864 3175 4936 Apologetico
3220 4864 3422 4919 Justini

1854 4922 2311 5011 bfartyrishetex
2346 4935 2504 5011 Plinii
2555 4923 2818 5011 Epistula.
2852 4922 3203 5011 liivaliierunt
3228 4936 3427 5011 deinde

1878 4998 2125 5073 Synaxes
2145 5003 2389 5066 Sabbati,
2435 5017 2571 5070 quas
2591 4998 2838 5073 fortassis
2854 4998 2992 5051 infra
3014 4998 3424 5057 illustrabitnus;

1877 5070 1933 5127 et
1959 5074 2219 5127 stationes
2269 5088 2363 5127 seu
2415 5070 2863 5139 congregationes
2889 5076 3119 5139 quartae
3157 5076 3429 5139 sexusque

1881 5145 2041 5203 feriae.
2079 5143 2145 5197 de
2183 5144 2378 5211 quibus
2403 5134 2770 5211 Tertiilli'amts
2801 5139 2852 5211 in
2878 5134 3033 5211 Libfo
3086 5136 3149 5188 de
3184 5134 3425 5211 jejuniis.

1884 5205 2216 5283 Epiphanius
2247 5215 2298 5265 in
2328 5212 2664 5283 Expositione
2697 5209 2839 5276 ﬁdei,
2870 5217 2923 5283 et
2951 5206 3225 5283 Socrates
3255 5205 3349 5283 lib.
3372 5220 3425 5283 ξ’.

1880 5272 1999 5353 cap:
2032 5283 2129 5336 22;
2159 5282 2275 5335 Τῶν
2291 5283 2345 5335 δὲ
2361 5272 2523 5353 λαῷν,
2548 5272 2707 5353 verba
2734 5287 2863 5353 sunt
2881 5272 3428 5353 AthanasiiAEpisto‘la

1883 5343 2253 5407 ad'Solitarios
2286 5369 2337 5422 p.
2375 5352 2518 5422 8&7._
2535 5352 2685 5422 ὲνῌτῇ
2712 5348 2921 5422 μεγάλῃ
2957 5343 3432 5422 ἐκκλησίᾳίσυνελ-

1883 5424 2099 5487 θόντων,
2115 5415 2344 5494 τετάρτη
2367 5422 2473 5491 γὰρ
2492 5418 2558 5491 ἦν
2586 5415 3028 5494 ξαξὸατςουίίσλίη
3051 5415 3434 5494 ρέοιεεξςιὶοηε

1882 5495 2059 5563 populi
2089 5484 2454 5565 Alexandrini
2583 5490 2705 5542 867:
2737 5487 2957 5550 Σύναξις
3002 5486 3110 5565 γὰρ
3138 5484 3327 5565 ἔμελλε
3364 5485 3433 5552 τῇ

1884 5558 2199 5635 παρασκευῇ
2230 5561 2486 5631 γίνεσθαι.
2501 5558 3269 5635 Ριωιθτεειιιυολιιηιιίνειέιιΐιιιξ
3288 5569 3435 5633 triar-

1886 5626 2063 5705 tyr'um
2112 5626 2656 5705 co'mincntorationes
2683 5644 2746 5682 es
2775 5627 2831 5680 ὃ.
2864 5626 3135 5705 Qypriano
3185 5633 3321 5679 note
3352 5626 3435 5675 in-

1889 5699 2053 5761 vectae
2082 5713 2229 5768 sunt,
2267 5704 2491 5757 retentis
2539 5713 2753 5771 semper
2782 5699 3034 5761 cwtibus,
3072 5712 3210 5767 quos
3254 5708 3435 5750 sacer-
