3880 6332
143 253 244 309 719

989 243 1593 333 CONSTITUTIONES
1624 248 2094 307 APOSTOLICIE.
2132 280 2203 292 --
2239 249 2365 304 LIB.
2404 248 2464 303 ll.

3245 255 3344 309 750

135 371 210 431 είς
236 365 553 439 συναγωγὴν
590 364 874 429 Ίουδαίων,
919 365 952 435 ἢ
981 365 1287 437 αἱρετικῶψ
1323 366 1351 417 ὁ
1381 364 1614 428 τοιοῦτος
1644 366 1695 418 τί

1799 382 1916 439 rum
1941 365 2121 420 fanum
2148 366 2452 431 intraverit,
2478 373 2566 421 aut
2593 372 2646 420 In
2676 380 3007 437 synagogam
3033 363 3341 423 Iudaeorum

131 458 522 528 ἀπολογήσεται
565 456 644 528 τῷ
688 456 826 527 Θεῷ,
884 458 942 510 ἐν
984 458 1167 529 ἡμέρᾳ
1215 456 1481 528 κρίσεως;
1535 457 1687 526 λόγια

128 550 258 605 θεοῦ
290 550 490 614 ζῶντος
528 547 861 612 καταλιπὼν,
894 548 1067 613 ζῶντα
1094 548 1189 601 καὶ
1217 547 1577 613 ζωοποιοῦντα
1597 551 1695 606 καὶ

125 642 391 713 δυνάμενα
426 640 689 712 ῥύσασθαι
717 639 985 703 κολάσεως
1013 638 1248 693 αἰωνίου·
1281 641 1375 693 καὶ
1410 639 1690 711 πορευθεὶς

125 736 200 797 εἰς
229 731 376 787 οἷκον
402 732 687 803 δαιμόνων,
716 731 750 802 ἢ
778 733 857 794 εἰς
878 731 985 801 (97)
1020 729 1338 801 συναγωγὴν
1363 732 1689 801 Χριστοκτό-

124 842 229 877 νων
252 865 267 887 ,
296 825 329 895 ἢ
359 823 650 894 ἐκκλησίαν
682 821 1140 894 πονηρευομένωνο
1186 822 1285 875 οὐκ
1332 822 1568 885 ἀκούσας
1594 822 1687 875 τοῦ

124 918 383 980 εἰπόντος·
421 936 439 967 ι
482 916 745 985 Έμίσησα
772 914 1065 985 ἐκκλησίαν
1094 913 1565 986 πονηρευομένων,
1596 916 1691 968 καὶ

126 1010 262 1078 μετά
285 1006 739 1079 παρανομούντων
759 1007 819 1059 οὐ
842 1006 916 1077 μὴ
933 1005 1170 1059 εἰσέλθω·
1190 1007 1288 1059 οὐκ
1308 1005 1533 1059 ἐκάθισα
1556 1005 1690 1076 μετὰ

125 1101 395 1173 συνεδρίου
410 1094 882 1171 ματαιότητος,κα“ι
897 1099 1029 1170 μετά
1040 1098 1247 1151 ἀσεϐῶν
1262 1099 1322 1150 οὐ
1338 1097 1410 1169 μὴ
1424 1096 1524 1150 καθ
1534 1098 1548 1150 ί
1555 1114 1648 1149 σω.
1665 1117 1683 1149 ι

121 1194 231 1246 Καὶ
249 1192 429 1245 πάλιν·
458 1211 474 1242 ι
499 1191 780 1262 Μακάριος
798 1191 957 1261 ἀνὴρ,
978 1190 1035 1253 ὃς
1055 1191 1153 1243 οὐκ
1169 1189 1434 1260 ἐπορεύθη
1454 1190 1512 1241 ἐν
1527 1188 1686 1259 βουλῇ

120 1285 350 1346 ἀσεῦῶν,
371 1285 463 1337 κα)⁸
481 1284 538 1336 ἐν
554 1283 657 1352 ὁδῷ
676 1281 1009 1354 ἁμαρτωλῶν
1027 1283 1124 1335 οὐκ
1144 1282 1293 1352 ἔστη,
1314 1283 1406 1335 καὶ
1420 1282 1511 1333 ἐπί
1530 1280 1689 1334 καθέ-

116 1377 249 1446 δραν
280 1375 481 1446 λοιμῶν
503 1374 611 1445 (98)
638 1375 737 1428 οὐκ
768 1374 1036 1427 ἐκάθισεν·
1058 1372 1168 1426 ἀλλ’
1191 1372 1223 1443 ἢ
1250 1374 1305 1425 ἐν
1323 1371 1400 1442 τῷ
1418 1372 1567 1443 νόμῳ
1585 1373 1690 1424 Κυ-

120 1467 234 1537 ρίου
248 1468 307 1520 τὸ
330 1466 537 1537 θέλημα
556 1466 739 1533 αὑτοῦ,
760 1467 853 1519 καὶ
876 1468 932 1518 ἐν
962 1464 1038 1535 τῷ
1056 1464 1203 1534 νόμῳ
1223 1462 1384 1516 αὑτοῦ
1408 1462 1687 1533 μελετήσει

115 1559 333 1630 ἡμέρας
352 1560 446 1612 καὶ
471 1558 678 1622 νυκτός.
706 1577 723 1610 ›
760 1559 831 1612 Σὺ
860 1558 916 1610 δὲ
945 1555 1252 1610 καταλιπὼν
1266 1555 1373 1608 τῶν
1395 1554 1599 1607 πιστῶν
1627 1554 1688 1607 τὸ

118 1650 507 1722 συνάθροισμα,
529 1648 621 1702 τοῦ
650 1648 783 1703 Θεοῦ
808 1649 905 1719 τὴν
943 1646 1263 1718 Ἐκκλησίαν
1283 1686 1297 1708 ,
1328 1647 1451 1709 τοὺς
1480 1646 1685 1700 ἐκείνου

1792 458 1876 512 vel
1911 457 2319 524 hatretieorum;
2345 458 2392 511 is
2415 472 2574 527 quam
2600 458 2654 511 in
2683 457 2769 511 die
2791 457 2982 527 judicii
3013 456 3123 513 Deo
3158 459 3344 515 aderet

1791 546 2192 605 defensionem?
2218 546 2262 579 δ’
2292 563 2415 601 cum
2458 549 2805 619 dereliquerit
2838 548 2930 604 Dei
2960 550 3190 607 viventis
3221 567 3344 606 ora-

1790 640 1930 703 cula,
1956 640 2120 693 vitam
2151 647 2205 692 et
2234 639 2485 693 habentia
2513 648 2565 694 et
2594 641 3049 695 eommunieantia
3072 681 3087 705 ,
3120 658 3346 713 quisque

1791 729 1858 782 ab
1900 739 2102 784 aeterno
2141 730 2407 799 supplicio
2444 738 2674 799 possunt
2713 732 2971 798 liberare;
2997 743 3049 787 et
3082 735 3149 789 ad
3174 736 3342 789 aedem

1790 820 2093 877 daemonum
2115 861 2129 885 ,
2163 828 2256 875 aut
2288 820 2355 875 ad
2388 837 2713 892 synagogam
2737 822 3219 891 Christicidarum,
3254 835 3346 880 aut

1790 914 1857 967 ad
1893 914 2178 968 ecclesiam
2208 914 2620 984 malignantium
2649 929 2706 968 se
2736 916 3064 984 contulerit;
3101 933 3207 972 non
3248 934 3346 971 au-

1789 1005 1904 1060 dito
1930 1020 1995 1060 eo
2024 1004 2116 1074 qui
2142 1005 2274 1059 dicit
2301 1025 2312 1059 :
2345 1024 2362 1057 ι
2388 1004 2524 1059 Odio
2547 1006 2711 1059 habui
2743 1007 3027 1061 ecclesiam
3054 1010 3347 1079 malignan-

1788 1097 1957 1163 tium;
1990 1102 2043 1152 et
2068 1107 2191 1151 eum
2225 1097 2407 1167 iniqua
2440 1097 2753 1168 gerentibus
2782 1106 2887 1153 non
2919 1099 3153 1154 introibo
3183 1118 3197 1154 :
3235 1116 3341 1155 non

1782 1189 1902 1244 sedi
1930 1204 2053 1243 cum
2083 1189 2319 1247 concilio
2347 1190 2624 1253 vanitatis,
2657 1197 2710 1245 et
2743 1205 2866 1244 cum
2908 1192 3088 1259 impiis
3118 1206 3224 1245 non
3257 1209 3344 1246 se-

1788 1281 1925 1337 debo
1941 1281 2005 1334 “.
2036 1301 2054 1331 ι
2106 1281 2171 1333 Et
2211 1282 2405 1335 iterum
2443 1300 2455 1334 ε
2508 1299 2526 1332 ι
2554 1281 2750 1337 Beatus
2782 1284 2885 1344 vir,
2919 1283 3010 1352 qui
3053 1299 3160 1336 non
3211 1284 3343 1339 abiit

1789 1372 1843 1425 in
1886 1373 2119 1427 consilio
2166 1373 2490 1442 impiorum;
2529 1382 2582 1428 et
2622 1374 2675 1427 in
2720 1375 2802 1427 via
2844 1382 3186 1444 peccatorum
3234 1391 3342 1430 non

1790 1463 1972 1525 stetit,
2027 1472 2081 1518 et
2129 1464 2182 1518 in
2258 1464 2517 1518 cathedra
2573 1466 2936 1535 pestilentium
2985 1482 3092 1520 non
3150 1466 3338 1523 sedit:

1790 1555 1881 1610 sed
1913 1556 1967 1608 in
2003 1556 2119 1625 lege
2154 1555 2367 1610 Domini
2410 1556 2661 1611 voluntas
2690 1557 2842 1625 ejus,
2881 1564 2933 1611 et
2969 1557 3021 1611 in
3071 1558 3185 1626 lege
3224 1557 3342 1628 ejus

1790 1647 2139 1701 meditabitur
2179 1646 2266 1702 die
2324 1662 2387 1701 ac
2434 1645 2675 1703 nocte“.
2708 1668 2725 1699 ι
2763 1648 2842 1702 Τυ
2868 1666 2993 1704 vero
3032 1651 3343 1720 relinquens

116 1742 333 1811 νόμους,
365 1741 676 1803 έπιὸλέπεις
694 1741 786 1793 ἐπὶ
811 1739 878 1792 τὰ
908 1739 1144 1809 σπήλαια
1172 1737 1277 1790 τῶν
1302 1736 1533 1809 λῃστῶν,
1557 1736 1685 1805 am

1791 1738 2026 1793 ﬁdelium
2053 1747 2286 1801 emtum,
2325 1738 2622 1793 Ecclesiam
2658 1738 2781 1803 Dei,
2827 1748 2879 1794 et
2926 1742 3068 1811 leges
3098 1740 3339 1804 divinas,

112 1833 414 1904 ἡγούμενος
458 1833 494 1887 ἃ
539 1833 741 1895 ἐκεῖνος
796 1830 995 1901 βέϐηλα
1033 1829 1335 1883 άπεκάλεσε
1360 1871 1374 1893 ,
1426 1830 1520 1882 καὶ
1570 1847 1687 1882 κοι-

114 1924 348 1977 νοποιῶν
393 1924 429 1977 ἃ
475 1926 677 1987 ἐκεῖνος
722 1923 1027 1993 άπεχὼρισε
1086 1921 1212 1992 (99)*
1263 1922 1357 1975 κα).
1415 1921 1476 1974 οὐ
1532 1921 1689 1974 τοῦτο

116 2018 308 2085 μόνον,
368 2015 481 2069 ἀλλ’
536 2014 633 2086 ήδη
682 2015 773 2068 καὶ
825 2016 1068 2084 πομπαῖς
1148 2012 1412 2083 Ἐλλήνων
1471 2012 1691 2083 συντρέ-

112 2126 245 2179 χεις,
277 2109 373 2161 καὶ
400 2108 493 2160 ἐπὶ
521 2106 591 2160 τὰ
620 2106 820 2178 θέατρα
847 2106 1060 2176 ἐπείγῃ,
1104 2104 1443 2175 ἐπιθυμήσας
1473 2097 1551 2166 εἷς
1582 2102 1687 2156 τῶν

111 2198 581 2272 εἰσπορευομένων
634 2200 749 2252 ἐκεῖ
820 2196 1165 2267 λογισθῆναι,
1227 2196 1321 2249 καὶ
1399 2197 1688 2265 μετασχεῖν

112 2292 481 2365 ἀκροαμάτων
510 2290 805 2363 ἀπρεπῶν,
856 2290 943 2342 ἶνα
992 2288 1066 2360 μὴ
1110 2288 1357 2359 λέγωμεν
1407 2287 1683 2359 μυσαρῶν·

114 2384 187 2454 μὴ
215 2384 457 2446 ἀκούσας
476 2381 568 2436 τοῦ
601 2381 857 2453 Ἱερεμίου
885 2379 1149 2449 λέγοντος·
1178 2399 1195 2431 ι
1216 2380 1409 2453 Κύριε,
1431 2382 1531 2434 οὐκ
1559 2379 1688 2435 ἐκά-

112 2474 240 2529 θισα
269 2478 333 2529 ἐν
372 2474 625 2545 συνεδρίῳ
660 2472 803 2544 (100)
835 2472 1013 2526 αὐτῶν
1061 2470 1393 2536 παιζόντων,
1438 2471 1551 2525 ἀλλ’
1598 2472 1688 2527 eb-

108 2567 393 2638 λαϐούμην
419 2566 527 2621 ἀπὸ
572 2564 862 2637 προσώπου
892 2564 1071 2636 χειρός
1104 2582 1219 2617 σου*
1254 2583 1271 2615 ι
1309 2565 1402 2618 καὶ
1430 2564 1524 2619 τοῦ
1568 2563 1685 2617 Ἰὼϐ

111 2660 415 2729 φάσκοντος
460 2658 529 2711 τά
571 2660 751 2729 ὃμοια·
790 2676 807 2709 ι
844 2658 906 2710 Ei
955 2656 1011 2709 δέ
1046 2658 1140 2710 καὶ
1191 2656 1328 2729 μετὰ
1362 2656 1687 2727 γελοιαστῶν

114 2751 425 2823 ἐπορεύθην
454 2751 600 2804 ποτέ’
637 2750 868 2821 ἱστάμην
900 2748 975 2820 (1)
1004 2748 1112 2822 γὰρ
1141 2752 1197 2803 ἐν
1228 2750 1376 2821 ζυγῷ
1404 2751 1618 2821 δικαίῳ.
1661 2770 1679 2802 ι

111 2845 174 2896 Τί
198 2844 256 2896 ἃ
288 2843 460 2915 βούλῃ
494 2847 779 2914 μετασχεῖν
827 2842 935 2896 τῶν
992 2844 1314 2915 Ἑλληνικῶν
1361 2845 1531 2914 λόγων
1551 2885 1565 2908 ,
1599 2846 1686 2900 δν-

108 2952 212 2988 των
254 2934 471 3006 νεκρῶν
513 2933 811 3006 ἀνθρώπων
854 2933 912 2998 ἐξ
955 2933 1237 2999 ἐπιπνοίας
1281 2936 1522 2990 διαϐόλου
1550 2938 1684 2991 ἀπο-

111 3027 429 3095 φανθέντων
461 3027 749 3098 νεκροποιά
766 3027 863 3097 (2),
895 3026 988 3079 καὶ
1016 3027 1252 3091 πίστεως
1279 3028 1647 3100 ἀνατρεπτικά
1666 3070 1680 3095 ,

109 3118 377 3189 καὶπρὸς
423 3117 707 3169 πολυθεῖαν
759 3117 1038 3185 ἀπάγοντα
1078 3120 1204 3181 τοὺς
1254 3120 1685 3191 προσανέχοντας

110 3212 323 3274 αὖτοῖςς
362 3196 547 3280 Ὑμεῖς
567 3205 658 3262 οὖν
681 3209 1027 3279 σχολάζοντες
1054 3212 1165 3273 τοῖς
1194 3210 1286 3262 τοῦ
1319 3210 1451 3264 Θεοῦ
1481 3213 1682 3282 νόμοις,

109 3302 341 3355 καὶτῶν
378 3301 644 3371 βιωτικῶν
673 3301 867 3373 χρειῶν
908 3301 1130 3366 τούτους
1172 3303 1391 3374 ἡγεῖσθε
1435 3305 1687 3376 τιμιωτέ-

111 3412 254 3464 ρους·
290 3395 396 3447 καὶ
439 3393 657 3447 πλείονα
698 3393 860 3464 τιμὴν
904 3393 1157 3463 νέμοντες
1199 3395 1417 3458 αὐτοῖς,
1470 3396 1689 3468 συντρέ-

107 3504 225 3555 χετε
255 3488 344 3550 εἰς
390 3485 486 3556 τὴν
506 3484 827 3556 Ἐκκλησίαν
860 3482 953 3536 τοῦ
1001 3484 1229 3555 Κυρίου·
1263 3485 1329 3554 ἢν
1376 3487 1688 3559 περιεποιή-

110 3593 237 3631 σατο
263 3578 350 3649 τῷ
382 3578 571 3648 αἵματι
598 3575 690 3629 τοῦ
737 3574 970 3647 Χριστοῦ
995 3614 1008 3637 ,
1051 3574 1144 3628 τοῦ
1175 3576 1527 3647 ήγαπημένου
1548 3616 1561 3641 ,
1590 3574 1684 3629 τοῦ

104 3668 460 3740 πρωτοτόκου
481 3668 933 3739 πάσηςκτίσεως.
968 3668 1117 3740 Αὕτη
1158 3670 1267 3741 γὰρ
1297 3669 1540 3742 θυγάτηρ
1570 3671 1687 3723 ἐστὶ

171 3856 217 3886 δ’
242 3856 285 3911 1.
326 3854 504 3925 lgnat.
540 3854 788 3925 inter-pol.
828 3853 895 3907 ad
958 3852 1125 3925 Trall.
1158 3854 1269 3925 All:
1304 3853 1372 3907 ad
1420 3854 1632 3925 Philad.
1664 3854 1697 3908 6

1791 3852 1835 3885 ”
1869 3852 2012 3910 Psal.
2047 3871 2172 3918 xxv,
2207 3861 2261 3919 4,
2290 3857 2343 3911 5.

104 3927 147 3957 ⁸⁸
173 3925 304 3981 Job.
340 3916 496 3990 im,
529 3916 583 3980 5.
658 3916 700 3955 θ
730 3921 849 3979 Act.
883 3936 973 3989 xx,
998 3924 1089 3978 28.
1154 3916 1200 3957 ⁸⁸
1228 3923 1347 3980 Col.
1385 3940 1423 3987 ι,
1450 3924 1536 3980 15.

1788 1824 2019 1899 respicis
2048 1830 2115 1883 ad
2143 1831 2432 1901 speluncas
2473 1831 2774 1897 latronum;
2811 1841 2996 1885 sancta
3035 1832 3189 1889 ducis
3224 1850 3343 1904 qua:

1787 1920 1877 1975 ille
1915 1920 2141 1991 profana
2183 1922 2431 1988 vocavit,
2467 1930 2521 1977 et
2573 1924 2878 1977 communia
2916 1923 3050 1978 facis
3090 1940 3210 1994 quae
3254 1927 3343 1980 ille

1785 2012 2120 2083 dispescuit;
2154 2030 2330 2083 neque
2359 2014 2410 2069 id
2440 2015 2615 2070 solum
2648 2015 2923 2085 designas,
2946 2016 3040 2071 sed
3065 2025 3117 2071 et
3136 2017 3248 2085 jam
3275 2018 3342 2072 ad

1785 2118 2009 2175 pompas
2050 2105 2328 2175 gentilium
2375 2105 2692 2171 concurris,
2734 2115 2788 2163 et
2841 2108 2904 2162 ad
2945 2108 3156 2163 theatra
3212 2126 3342 2179 pro-

1784 2210 1973 2264 peras,
2018 2196 2278 2265 cupisque
2333 2212 2476 2251 unus
2523 2212 2588 2253 eo
2637 2198 3011 2253 accedentium
3068 2201 3339 2270 reputari,

1785 2302 1886 2342 nec
1924 2303 2031 2341 non
2064 2288 2334 2358 particeps
2370 2288 2481 2344 ﬁeri
2521 2289 2896 2345 indecorarum
2938 2292 3338 2358 recitationum,

1785 2397 1853 2437 ne
1878 2382 2125 2438 dicamus
2166 2383 2686 2450 abominandarum;
2727 2399 2826 2438 nec
2874 2387 3148 2440 auscultas
3185 2385 3341 2442 Jere-

1786 2474 1907 2528 mize
1934 2473 2173 2528 dicenti:
2212 2490 2231 2525 ι
2266 2473 2512 2539 Domine,
2555 2490 2663 2529 non
2702 2474 2819 2531 sedi
2863 2476 2918 2529 in
2950 2492 3213 2532 consessu
3242 2493 3340 2533 eo-

1784 2580 1905 2619 rum
1966 2564 2299 2633 ludentium;
2354 2567 2447 2622 sed
2517 2568 2820 2623 metuebam
2872 2584 2902 2621 a
2963 2569 3100 2625 facie
3147 2586 3342 2626 manus

1784 2665 1893 2713 tua;
1918 2658 1997 2725 ";
2041 2677 2060 2710 ι
2094 2674 2270 2729 neque
2296 2658 2433 2715 Jobo
2462 2659 2611 2729 paria
2645 2661 2917 2730 loquenti:
2950 2680 2965 2711 ι
3015 2660 3069 2715 Si
3106 2679 3235 2718 vero
3259 2664 3344 2718 in-

1785 2750 1923 2805 cessi
1956 2766 2079 2806 cum
2108 2751 2312 2807 scurris
2345 2767 2602 2821 unquam,
2626 2752 2962 2821 appendebar
2984 2753 3126 2807 enim
3151 2759 3206 2809 in
3229 2762 3341 2810 sta—

1786 2850 1898 2897 tera
1930 2840 2169 2912 justa“.
2211 2864 2229 2897 ι
2275 2845 2414 2911 Quid
2454 2860 2584 2900 vero
2626 2845 2709 2899 vis
2752 2856 2926 2900 tecum
2952 2842 3342 2899 communicari

1784 2936 2068 3006 gentilium
2098 2936 2327 3000 litteras,
2359 2952 2480 3008 qua:
2509 2946 2637 2992 sunt
2667 2937 2945 2991 hominum
2980 2944 3339 2996 mortuorum.

1786 3026 1986 3081 diaboli
2045 3026 2304 3101 instinctu
2353 3029 2683 3083 tradentium
2733 3030 2987 3100 dogmata
3036 3029 3338 3092 mortifera,

1788 3116 1947 3173 ﬁdem
2001 3119 2392 3183 subvertentia,
2450 3127 2504 3174 et
2557 3120 2623 3175 ad
2681 3136 2923 3176 errorem
2976 3120 3341 3182 multitudinis

1786 3207 2033 3274 deorum,
2079 3210 2134 3264 in
2178 3210 2298 3267 illas
2348 3212 2584 3268 intentos
2623 3213 2976 3268 abducentia?
3017 3212 3125 3270 Vos
3162 3213 3343 3285 itaque

1794 3300 1889 3356 Dei
1943 3302 2152 3372 legibus
2198 3313 2476 3368 vacantes,
2547 3306 2646 3360 has
2698 3315 2884 3377 putate
2940 3307 3343 3376 praestantiore!)

1786 3392 1980 3448 usibus
2009 3394 2165 3460 vitae;
2196 3402 2249 3450 et
2288 3396 2410 3466 plus
2452 3396 2532 3451 eis
2580 3397 2802 3451 honoris
2844 3398 3232 3466 impertientes,
3272 3399 3340 3452 ad

1788 3482 2084 3539 Ecclesiam
2107 3485 2198 3541 Dei
2232 3487 2561 3551 concurrite,
2587 3502 2747 3557 quam
2775 3486 3064 3557 acquisivit
3082 3488 3343 3557 sanguine

1788 3576 2085 3640 Christi",
2119 3577 2336 3644 dilecti,
2368 3587 2424 3634 et
2468 3579 2811 3650 primogeniti
2851 3578 3092 3632 omnium
3130 3585 3342 3634 creatu-

1787 3668 2051 3725 rarum“.
2086 3668 2210 3726 Hzec
2236 3672 2378 3727 enim
2407 3682 2490 3728 est
2522 3671 2625 3726 lilia
2653 3671 2939 3737 Altissimi,
2969 3687 3088 3741 qua:
3113 3686 3210 3727 vos
3247 3687 3342 3741 per

2417 3854 2460 3885 ⁸³
2488 3853 2629 3910 Psal.
2666 3855 2782 3918 1,1.
2859 3854 2904 3885 "
2927 3853 3035 3909 Jer.
3097 3870 3187 3917 xv,
3250 3852 3335 3906 l7.

1407 4077 1767 4135 VARIORUM
1815 4076 2045 4133 ΝΟΤᾸΞ.

98 4261 222 4301 rum
256 4238 733 4314 ingrediebantur,
766 4234 1026 4312 festisque
1054 4253 1242 4314 eorum
1270 4249 1323 4296 et
1354 4240 1679 4314 spectaculis

97 4311 438 4371 intererant.
471 4311 624 4367 Unde
654 4311 961 4382 frequentes
979 4312 1323 4382 aptiquorum
1354 4311 1587 4381 querela
1616 4323 1680 4382 ac

1785 4238 2178 4306 impressorum
2205 4252 2217 4306 ξ
2247 4230 2313 4306 Et
2343 4230 2396 4288 in
2424 4244 2625 4306 omnem
2647 4232 2784 4287 diem
2808 4234 2994 4300 festum
3018 4233 3339 4306 ethnicorum

1782 4304 1879 4376 pro
1909 4306 2172 4376 voluntate
2201 4304 2271 4376 in_
2293 4305 2482 4376 honore
2510 4304 2769 4376 idolorum
2796 4305 2991 4376 factum
3021 4304 3180 4376 primi
3218 4322 3343 4376 con-

95 4401 392 4442 censurze.
442 4382 595 4438 Unde
650 4373 809 4437 etiam
852 4382 931 4452 de
973 4373 1251 4452 Egyptiis
1297 4373 1555 4452 scribitur
1611 4380 1679 4433 ab
1783 4373 1989 4430 ueniunt
2042 4374 2485 4452 (valentiniani),
2547 4374 2627 4426 uti
2664 4376 2717 4426 in
2746 4375 2906 4452 niliito
2941 4373 3342 4452 quidem-absti-

97 4459 363 4511 Adriano
393 4456 715 4521 imperatore
747 4452 887 4521 apud
919 4444 1212 4521 Vopiscum
1242 4451 1298 4505 in
1339 4451 1458 4504 Vita
1489 4449 1681 4521 satur:
1713 4460 1756 4516 ι)
1785 4456 1962 4505 neunt.
1981 4444 2128 4521 _qu_od
2149 4454 2236 4521 e_st_
2253 4444 2391 4521 apud
2415 4444 2580 4498 Deum
2613 4452 2662 4521 et
2689 4445 2826 4521 apud
2850 4445 3078 4498 homines
3104 4444 3341 4498 odiosum

95 4529 211 4582 nini
250 4543 272 4579 :
307 4526 424 4592 Qui
447 4518 665 4589 Serapin
702 4518 899 4592 cpiunt,
932 4518 1224 4592 Christiani
1247 4529 1398 4583 sunt,
1435 4530 1484 4574 et
1513 4518 1684 4592 degoti

92 4609 221 4650 sunt
249 4586 476 4662 Serapi,
498 4586 587 4663 qui
619 4609 673 4646 se
710 4586 1193 4663 Christiepiscopos
1213 4592 1415 4663 dicunt,
1447 4599 1550 4663 etc.
1584 4588 1688 4663 ve-

94 4684 221 4722 rum
253 4660 526 4721 meliores
546 4662 841 4717 Christiani
869 4662 1051 4715 omnia
1072 4660 1338 4729 ejusmodi
1362 4660 1576 4730 penitus
1604 4661 1683 4714 vi-

92 4740 301 4791 tabant
333 4742 398 4791 et
424 4734 831 4787 aversabantur.
874 4730 984 4785 Nec
1030 4731 1221 4799 templa
1260 4729 1570 4791 circumitis,
1612 4729 1687 4782 ait

93 4807 498 4863 Tertullianus
520 4803 563 4855 ll
588 4803 663 4856 De
688 4803 831 4855 cultu
858 4802 1172 4870 feminarum
1194 4816 1367 4865 xr,nec
1391 4799 1689 4869 spectacula

89 4877 441 4946 postulatis,
491 4890 582 4927 nec
626 4874 784 4927 festos
838 4871 1265 4946 diesugen-titium
1319 4870 1686 4946 nostis._Qt_iin

90 4940 267 5003 etiam
306 4947 373 4999 in
414 4944 611 4998 Severo
649 4951 808 5012 negat
846 4942 903 4997 S.
947 4940 1210 4995 Martinus
1251 4958 1309 5012 se
1347 4940 1560 5011 gentilis
1591 4940 1689 5012 doi-

89 5032 247 5071 mum
278 5017 447 5069 adire
476 5030 652 5083 posse.
681 5004 763 5083 De?
778 5027 908 5083 voce
934 5020 1110 5066 autem
1139 5004 1328 5083 μιαρόν
1348 5004 1525 5065 videto
1543 5009 1684 5079 quod

88 5090 293 5141 notavi
350 5085 420 5137 ad
460 5079 620 5153 caput
657 5083 691 5138 9
733 5081 789 5135 S.
840 5079 1488 5153 Barnabaefomitterem
1522 5094 1687 5153 porro

85 5175 217 5212 eum
260 5156 406 5210 aliis
436 5150 763 5209 testimoniis
789 5153 967 5207 locum
994 5150 1049 5205 S.
1075 5151 1260 5206 Irentei
1289 5151 1383 5205 lib.
1418 5167 1457 5215 ι,
1490 5165 1609 5219 cap.
1633 5152 1683 5214 1,

86 5230 198 5282 nisi
239 5234 421 5281 vetus
450 5226 596 5278 illius
625 5224 893 5289 interpres
923 5235 1105 5275 aurem
1136 5223 1377 5282 velleret,
1416 5219 1686 5289 exigeret-

86 5315 197 5367 que
232 5296 493 5367 apellant
528 5309 734 5367 _meam.
772 5289 1235 5367 Etenim‘tjrraecis
1267 5290 1406 5367 apud
1452 5289 1685 5367 Epipha-

86 5315 197 5367 que
232 5305 494 5375 opellam
540 5309 734 5347 meam.
780 5305 988 5346 Etenim
1026 5305 1228 5374 [iratus
1267 5305 1406 5359 apud
1453 5305 1685 5411 nglpna-

86 5373 248 5421 nium
289 5368 499 5419 ἣξει-εει
527 5365 617 5422 31.
648 5379 768 5433 cap.
790 5363 881 5416 21:
900 5362 1023 5433 Καὶ
1040 5362 1132 5433 επὶ
1160 5361 1338 5433 πάσαν
1367 5361 1489 5430 έορτ
1531 5376 1685 5433 σιμον

84 5440 196 5489 τῶν
250 5434 446 5489 ἐθνῶν
474 5434 659 5504 τέρψιν
688 5429 766 5496 εἰς
796 5431 980 5504 τιμὴν-
1001 5430 1106 5483 τῶν
1147 5429 1372 5504 ε-ίδῲλων
1401 5429 1684 5504 γινομένην

87 5508 318 5573 πρῶτοι
359 5498 621 5566 συνίασιν,
651 5504 727 5566 ὼς
762 5498 891 5573 μηδὲ
917 5498 1019 5573 τῆς
1047 5500 1195 5573 παρά
1213 5498 1329 5569 Θεῷ
1361 5500 1453 5573 καὶ
1480 5498 1685 5569 ἀνθρώ-

88 5560 213 5639 ποις
267 5594 349 5644 με
360 5590 491 5644 μιση
502 5560 664 5644 μένης
808 5560 929 5644 Δτῶν
957 5560 1021 5644 θη
1030 5560 1312 5644 ριοριάχων¹
1328 5569 1420 5644 καὶ
1430 5560 1686 5644 *μονομα-

91 5595 213 5639 ποις
318 5595 663 5644 εμῐσημενης
687 5595 786 5642 της
821 5595 929 5624 των
957 5595 984 5621 υ
1030 5595 1112 5641 pm
1159 5595 1302 5639 αχων
1330 5595 1420 5621 και
1454 5595 1579 5638 μυνυ
1659 5598 1680 5608 -

91 5649 218 5715 γίας
249 5595 597 5715 άινδροδοόνου
632 5642 759 5704 θέας
795 5595 1089 5715 ἀπέχεσθαι
1117 5595 1294 5715 Evicit;
1319 5639 1512 5715 αὐτῶν.
1551 5595 1680 5702 IK,

88 5708 341 5791 inquam
376 5708 624 5779 ,Graecis
672 5728 779 5767 non
818 5708 1146 5781 respondent
1182 5708 1371 5763 Latina
1420 5709 1680 5763 librorum

1789 4513 2019 4570 muneris
2046 4515 2377 4570 homicidiale
2396 4513 2768 4582 spectaculum.
2794 4515 2975 4585 Itaque
2989 4529 3098 4585 quo
3119 4530 3343 4584 respon-

1788 4586 1971 4647 deant,
2004 4600 2332 4655 sensumque
2348 4585 2577 4655 probum
2606 4585 2915 4655 obtineant,
2936 4585 3200 4638 voluntate
3224 4600 3343 4637 mu-

1793 4658 1895 4712 tari
1929 4656 2087 4711 debet
2116 4655 2169 4709 in
2196 4653 2459 4725 voluptate
2482 4693 2497 4712 .
2527 4670 2647 4725 qua)
2672 4654 2858 4725 τέρψις
2895 4653 3095 4725 ϐιτιξοε
3120 4654 3340 4713 dicitur,

1793 4670 1895 4712 tari
1929 4670 2087 4711 debet
2116 4672 2169 4709 In
2196 4670 2459 4723 votuptate
2482 4693 2497 4712 .
2566 4670 2647 4708 ηερ
2672 4670 2858 4725 τερψις
2895 4670 3078 4708 urazce
3120 4670 3340 4713 ﬂlClllll‘,

1789 4735 1843 4808 et
1876 4736 1995 4852 poEl.
2022 4726 2317 4779 abstineant
2355 4670 2659 4778 addengum
2688 4732 2804 4789 est,
2834 4725 2898 4778 ab
2939 4742 3018 4778 eo.
3056 4724 3198 4778 Nihil
3227 4740 3345 4779 cer-

1791 4805 1915 4852 tius.
1987 4811 2079 4851 or.

1791 4805 1915 4852 tius.
1943 4805 2079 4852 Cor.

1860 4866 1972 4935 (9'1)
2012 4869 2134 4931 Εἰς.
2167 4864 2406 4935 Βεθειίιι
2436 4864 2606 4920 altero
2632 4863 2941 4935 οοόεϐιειι.

1861 4937 1971 5005 (98)
2010 4935 2143 4990 Ἐπὶ
2171 4934 2461 5001 καθέδραν
2476 4935 2715 5003 λοιμῶν.
2743 4934 2869 5005 Post
2897 4935 3117 5005 multos,
3140 4934 3339 5004 λοιμῶν

1789 5004 2055 5075 adjective
2076 5021 2182 5058 non
2214 5006 2553 5075 substantive
2595 5007 2798 5074 accepi.
2826 5004 3093 5075 Apposite
3116 5019 3243 5058 vero
3273 5006 3337 5055 ad

1787 5073 2179 5132 Cdnstitutoris
2224 5081 2459 5143 mentem
2499 5073 2827 5129 Philastrius
2866 5090 2985 5143 cap.
3038 5074 3125 5133 79,
3173 5075 3341 5143 par‘tis

1784 5146 2202 5215 tertize,exponit
2222 5144 2383 5215 verba
2414 5140 2808 5215 Davidis,hunc
2836 5140 3138 5215 inmodum
3167 5140 3187 5197 ε’
3206 5143 3339 5215 Bea-

1786 5227 1869 5271 tus
1898 5218 1977 5271 vir
2005 5213 2093 5285 qui
2123 5233 2224 5269 non
2265 5213 2395 5285 abiit
2434 5213 2489 5267 in
2527 5215 2746 5269 consilio
2787 5214 3098 5285 impiorum,
3165 5213 3340 5285 idest

1783 5282 2140 5357 paganorum;
2163 5295 2211 5340 et
2248 5285 2302 5337 in
2324 5282 2409 5336 via
2446 5294 2772 5353 peccatorum
2798 5300 2900 5336 non
2933 5283 3110 5347 stetit,
3149 5283 3335 5351 quippe

1782 5357 2127 5419 Judworum;
2174 5365 2222 5410 et
2268 5355 2321 5407 in
2368 5354 2613 5408 cathedra
2660 5354 2968 5424 pestilentia:
3023 5369 3129 5407 non
3183 5353 3335 5415 sedit,

2106 5396 2122 5419 ,
2174 5390 2221 5410 ιι
2269 5390 2321 5407 Il.
2368 5390 2568 5408 νισιηῠιοι
2582 5390 2613 5407 u
2661 5390 2965 5419 μῠοοικιηυιω
3023 5390 3125 5407 τινι,
3183 5390 3340 5415 σου-ὐς

1783 5430 1961 5493 utique
1983 5427 2363 5479 hmreticorum.
2396 5425 2532 5480 Cor.

1854 5489 1965 5567 (99)
2005 5494 2379 5567 ’Λπεχώριᾳε.
2425 5494 2573 5567 Alter
2588 5492 2719 5567 cod.
2754 5493 2998 5567 ἐχῲρισε.
3035 5489 3111 5545 lo.

1854 5560 1869 5655 ς
1912 5560 2445 5655 ρθλῈνρλυόοεδτρέῳ.
2462 5564 2612 5618 Μετὰ
2626 5560 3248 5655 συνεδρῶίδζοΙΕθΙἸ-εοά.
3264 5560 3339 5615 Io.
3382 5584 3395 5601 ι

1852 5639 1928 5706 (1)
1980 5632 2283 5706 Ἵστάμην.Δ
2314 5637 2603 5706 Ἐσταμαι,
2638 5635 2691 5688 in
2719 5632 2889 5687 altero
3075 5632 3151 5706 in.

1852 5701 1928 5780 (2)
1960 5701 2305 5775 Νεκρόποιά.
2341 5701 2531 5759 ’Άτινά
2559 5706 2674 5759 ἐστι
2701 5701 3011 5777 νεκροποιά,
3048 5703 3184 5757 alter
3212 5701 3335 5758 cod.
