3880 6332
215 423 327 479 757

1085 430 1679 488 CONSTITUTIONES
1715 431 2185 490 APOSTOLICIE.
2223 434 2443 492 —LIB.
2487 438 2574 493 III.

3325 446 3429 502 758

203 537 470 610 ἀσθενὴς,
524 539 619 612 τὴν
648 542 837 610 σοφίαν
861 544 1137 615 τιμήσασα
1166 546 1410 618 προήχθη
1432 547 1562 619 (15).
1603 566 1620 597 ι
1668 548 1776 600 Καὶ

1876 546 2059 617 jaces;
2086 550 2304 618 quando
2334 559 2513 606 autem
2543 568 2574 607 e
2606 568 2797 609 somno
2816 555 3175 612 excitaberis?
3202 556 3426 616 Paulum

202 630 340 701 ἑξῆς
372 648 388 664 ·
426 648 447 683 ι
485 632 627 697 Ἕως
655 634 816 699 ποτε,
836 635 1062 707 ὀκνηρὲ,
1092 638 1440 704 κατάκεισαι;
1475 639 1602 692 πότε
1630 638 1685 691 δὲ
1712 639 1771 704 ἐξ

203 721 383 776 ὕπνου
410 724 710 797 ὲγερθήσῃς
753 725 959 795 ὐλίγον
989 728 1086 798 μὲν
1116 730 1321 791 ὑπνοῖς,
1356 728 1531 798 ὀλίγον
1558 729 1611 782 δὲ
1641 729 1773 783 κάθ-

197 831 373 884 ησαι,
424 817 614 888 μικρὸν
666 817 723 870 δὲ
769 818 1082 884 νυστάζεις,
1127 820 1302 889 ὀλίγον
1354 821 1409 874 δὲ
1448 822 1770 897 ὲναγκαλίζῃ

198 906 365 977 χερσὶ
415 907 606 979 στήθη·
658 904 774 963 εἶτα
818 913 1176 983 παραγίνεταί
1240 932 1320 969 σοι
1364 915 1549 989 ὥσπερ
1603 918 1771 982 κακὸς

198 995 486 1069 ὀδοιπόρος
530 1001 564 1070 ἡ
619 1001 805 1065 πενία,
860 1004 955 1056 καὶ⁵
1026 1006 1059 1075 ἡ
1117 1004 1287 1058 ἔνδεια
1337 1006 1523 1080 ὥσπερ
1571 1008 1771 1076 ἀγαθὸς

197 1086 462 1159 δρομεύς.
485 1089 605 1144 Ἐἀν
631 1091 686 1145 δὲ
714 1093 905 1157 ἄοκνος
934 1090 1028 1168 ᾗς,
1057 1095 1173 1167 ἥξει
1201 1095 1387 1170 ὥσπερ
1413 1098 1562 1170 πηγὴ
1579 1100 1607 1152 ὀ
1624 1101 1766 1172 ἀμη-

198 1179 297 1243 τός
346 1197 473 1262 σου,
501 1183 593 1236 καὶ
624 1185 657 1253 ἠ
688 1182 861 1238 ἔνδεια
911 1184 1097 1259 ὥσπερ
1134 1190 1302 1254 κακὸς
1351 1191 1489 1263 ἀνὴρ
1533 1192 1771 1248 ἀπαυτο-

201 1256 455 1343 μολήσει.
496 1293 513 1326 ι
547 1276 657 1329 Καὶ
684 1276 864 1331 πάλιν·
901 1298 920 1331 ι
969 1280 1026 1334 Ὀ
1054 1256 1413 1352 ἐργαζόμενος
1574 1287 1769 1340 ἑαυτοῦ

196 1363 329 1435 γῆν,
346 1365 712 1437 πλησθήσεται
731 1369 973 1441 ἄρτωνέ»
1002 1373 1110 1425 Καὶ
1139 1375 1196 1426 ὲν
1223 1374 1400 1438 ἄλλοις
1428 1378 1611 1447 φησίνο
1641 1397 1659 1429 ι
1710 1380 1768 1434 '0

194 1455 375 1526 ἀργὸς
420 1458 708 1529 περιέλαϐε
749 1460 848 1525 τὰς
876 1465 1064 1535 χεῖρας
1091 1464 1315 1528 ἑαυτοῦ,
1350 1468 1441 1521 καὶ
1477 1468 1645 1538 ἔφαγε
1672 1471 1769 1535 τὰς

195 1546 416 1617 σάρκας
458 1549 643 1603 αὑτοῦ.
683 1569 703 1602 ι
737 1552 848 1605 Καὶ
892 1553 1034 1625 ἑξῆς·
1081 1574 1100 1607 ι
1136 1556 1363 1628 Κρύψας
1404 1559 1630 1632 ὀκνηρὸς
1670 1562 1768 1633 τὴν

192 1640 359 1709 χεῖρα
397 1638 592 1704 αὑτοῦ,
643 1642 704 1695 οὑ
732 1642 1015 1715 δυνήσεται
1045 1647 1362 1717 ἀπενεγκεῖν
1390 1644 1545 1713 είςτὸ
1596 1653 1767 1723 στόμα

190 1727 389 1782 αὐτοῦ.
406 1732 539 1784 »Καὶ
558 1732 736 1787 πάλιν·
764 1737 868 1789 «Δι’
888 1736 1086 1809 ἀργίαν
1106 1739 1300 1811 χειρῶν
1310 1742 1765 1815 ταπεινωθήσεται

189 1820 224 1888 ἠ
257 1820 509 1886 δόκωσις.
550 1843 569 1875 ι
616 1824 937 1897 Ἐργάζεσθε
954 1824 1046 1883 οὖν
1074 1830 1379 1902 ὲνδελεχῶςο
1400 1833 1766 1905 ἀθεράπευτος

1872 638 2089 708 quidem
2120 641 2347 703 dormis.
2375 643 2596 713 paulum
2621 652 2798 700 autem
2823 646 2999 711 sedes,
3032 663 3219 718 parum
3247 661 3424 707 autem

1871 729 2156 795 dormitas,
2200 733 2419 802 paulum
2451 742 2631 788 autem
2664 737 3008 807 amplecteris
3052 741 3305 796 manibus
3337 758 3428 813 pc-

1871 823 2285 879 ctorazdeinde
2333 824 2553 879 advenit
2598 825 2697 880 tibi
2746 835 3007 898 tanquam
3054 832 3232 887 malus
3257 833 3430 890 viator

1869 921 2180 983 paupertas,
2228 924 2284 971 et
2312 924 2527 987 egestas
2578 924 2836 988 tanquam
2893 920 3069 978 bonus
3102 937 3317 1001 cursor.
3370 925 3426 981 Si

1869 1021 2000 1063 vero
2034 1007 2261 1079 impiger
2289 1008 2479 1075 fueris,
2512 1011 2692 1067 veniet
2722 1020 2782 1067 ut
2825 1012 2947 1069 fons
2989 1016 3187 1071 messis
3226 1024 3342 1083 tua,
3373 1030 3429 1077 et

1868 1104 2083 1167 egestas
2113 1098 2273 1170 quasi
2312 1100 2490 1156 malus
2521 1101 2606 1156 vir
2649 1102 2890 1175 aufugiet
2913 1105 2980 1158 ⁸⁸.
3021 1124 3041 1159 ι
3085 1106 3151 1161 Ει
3183 1108 3380 1165 iterum
3409 1130 3424 1168 :

1875 1206 1893 1240 ι
1930 1189 2033 1257 Qui
2054 1199 2310 1262 Operatur
2325 1200 2526 1249 terram
2547 1208 2724 1260 suam,
2742 1196 3040 1266 replebitur
3067 1201 3376 1270 panibus".
3402 1224 3421 1257 ι

1868 1280 1935 1336 Et
1960 1284 2065 1339 alio
2088 1285 2145 1339 in
2175 1284 2294 1341 loco
2320 1284 2399 1339 ait
2428 1302 2442 1340 ε
2479 1303 2499 1338 ι
2544 1285 2763 1343 Otiosus
2788 1289 3104 1360 complexus
3127 1300 3212 1347 est
3231 1310 3425 1352 manus

1869 1388 2021 1438 suas,
2067 1383 2121 1431 et
2158 1375 2397 1431 comedit
2448 1391 2644 1434 carnes
2687 1393 2816 1434 suas
2835 1382 2902 1433 ⁸ο.
2945 1399 2964 1432 ι
3007 1378 3073 1435 Et
3115 1391 3420 1453 praeterea:

1873 1483 1891 1516 ι
1937 1464 2096 1537 Piger
2140 1467 2235 1538 qui
2285 1468 2571 1524 abscondit
2608 1485 2829 1525 manum
2866 1486 3044 1537 suam,
3082 1489 3193 1529 non
3226 1479 3423 1545 poterit

1866 1571 1985 1612 eam
2013 1557 2225 1615 deferre
2254 1559 2322 1615 ad
2349 1576 2413 1616 os
2440 1568 2599 1617 suum
2618 1558 2688 1619 ⁶¹.
2726 1582 2746 1616 ι
2789 1562 2854 1617 Ει
2883 1563 3060 1620 adhuc
3085 1585 3099 1622 :
3136 1585 3155 1620 ι
3188 1568 3418 1641 Propter

1866 1650 2149 1720 segnitiem
2191 1666 2473 1721 manuum,
2527 1653 2882 1709 inclinabitur
2925 1658 3262 1730 contignatio
3283 1660 3357 1716 “.
3398 1685 3414 1714 ι

1866 1741 2036 1813 Igitur
2071 1745 2371 1815 operamini
2418 1746 2637 1803 assidue
2670 1766 2685 1803 :
2721 1748 3093 1818 irreparabilis
3141 1753 3288 1808 enim
3337 1766 3422 1809 est

1866 1834 2002 1905 pigri
2033 1834 2277 1891 infamia.
2328 1833 2386 1891 Si
2414 1838 2538 1909 quis
2580 1848 2760 1895 autem
2809 1854 2919 1895 non
2965 1850 3245 1913 operatur,
3277 1849 3419 1917 apud

187 1913 305 1984 γάρ
335 1915 485 1968 ἐστιν
526 1916 695 1987 ἀργοῦ
744 1918 951 1989 μῶμος.
984 1920 1046 1973 Εἰ
1088 1920 1145 1974 δέ
1189 1938 1272 1985 τις
1316 1922 1389 1995 μὴ
1435 1925 1753 1996 ἐργάζεται,

1864 1925 2022 1986 vos.is
2048 1942 2159 1982 non
2189 1927 2479 1985 manducet
2493 1928 2563 1985 ⁸³.
2595 1928 2813 1987 Otiosos
2856 1933 3005 1988 enim
3053 1934 3180 1990 odio
3227 1952 3416 2007 prose-

186 1999 352 2067 οὗτος
382 2008 512 2077 παρ’
539 2008 664 2079 ὑμῖν
696 2009 770 2081 μὴ
816 2010 1056 2066 ἐσθιέτω.
1103 2014 1327 2085 Ἀργοῦς
1356 2016 1464 2087 γὰρ
1496 2022 1642 2088 μισεί
1670 2021 1763 2073 καὶ

184 2096 217 2146 ὀ
246 2095 456 2167 Κύριος
481 2098 509 2150 ὀ
535 2098 666 2163 Θεὸς
689 2100 867 2171 ἡμῶν·
898 2103 1065 2174 ἀργὸς
1092 2104 1201 2176 γὰρ
1247 2103 1385 2161 εἶναι
1422 2108 1521 2162 οὐκ
1559 2109 1760 2179 ὀφείλει

184 2187 369 2251 οὐδεὶς
394 2188 502 2243 τῶν
530 2189 648 2261 Θεῷ
675 2195 1141 2266 προσ-ἀνεχόντων.

188 2386 205 2425 Ι
260 2301 487 2429 ’ἶοίιιίιι
516 2305 549 2361 9
582 2314 635 2362 et
661 2322 775 2379 seq.
850 2309 898 2345 ³ο
935 2310 1094 2367 Prov.
1129 2328 1226 2377 xu,
1254 2313 1341 2369 ii.

210 2390 274 2429 ιι.
358 2416 373 2429 .

210 2390 373 2438 ιι,ιυ.

1436 2313 1482 2346 ⁸⁸
1518 2314 1782 2382 Eccle.1v,
1815 2316 1869 2372 5.

1497 2419 1859 2477 VARIORIIM
1890 2419 2124 2478 NOTAE.

1863 2018 2049 2088 quitur
2075 2019 2337 2078 Dominus
2357 2020 2500 2079 Deus
2522 2030 2743 2091 noster;
2774 2039 2875 2079 nec
2902 2027 3083 2098 segnis
3112 2043 3235 2084 esse
3261 2030 3418 2085 debet

1864 2113 2152 2183 quisquam
2182 2128 2370 2169 eorum
2398 2115 2491 2186 qui
2521 2113 2688 2170 Deum
2715 2115 2921 2171 colunt.

1967 2316 2009 2348 ⁶¹
2035 2314 2197 2371 Prov.
2223 2330 2335 2381 xxx,
2371 2314 2461 2371 24.
2540 2317 2584 2347 ⁶¹
2623 2314 2798 2373 Eccle.
2824 2318 2975 2380 x,18.
3055 2320 3101 2351 ⁵⁸
3134 2318 3175 2374 11
3211 2320 3404 2379 Thess.

268 2504 387 2575 (15)
416 2505 527 2574 Τὴν
570 2506 791 2576 σοφίαν
836 2506 1139 2576 τιμήσασα
1187 2509 1474 2577 προήχθη.
1504 2509 1714 2564 Omissa
1747 2509 1778 2562 h

1891 2509 1945 2563 in
1973 2510 2145 2565 altero
2174 2526 2278 2567 ms.
2306 2510 2727 2570 Vindobonensi.
2755 2514 2921 2571 Cum.

208 2632 3410 2676 -—-————__—______.___________________

423 2738 765 2793 ΚΕΦΑΛΔῙΑ
794 2740 930 2794 ΤΟΥ
961 2742 1003 2793 Τ
1007 2742 1209 2795 ΡΙΤΟΥ
1238 2741 1525 2795 ΒΙΒΛΙΟΥ.

175 2964 268 3031 β’.
308 2966 443 3021 Ὀτί
475 2967 866 3037 παραιτητέον
899 2969 1186 3038 καθιστᾷν
1222 2970 1506 3040 νεωτέρας
1540 2970 1726 3040 χήρας
1742 3015 1757 3039 ,

259 3057 363 3111 διὰ
392 3058 455 3111 τὸ
485 3058 771 3115 ὕποπτον.

180 3147 262 3220 τ’.
313 3150 556 3217 Ὀποίας
580 3152 733 3206 εἶναι
768 3151 885 3221 χρὴ
930 3152 1035 3220 τὰς
1069 3152 1283 3223 χήρας,
1315 3155 1413 3210 καὶ
1440 3154 1597 3223 ὅπως
1623 3154 1751 3209 ἐπι-

258 3241 605 3311 κουρεῖσθαι
634 3244 792 3311 παρὰ
817 3244 923 3299 τοῦ
950 3243 1302 3301 ἐπισκόπου.

176 3329 256 3384 δ’.
294 3330 417 3387 Ὅτι
449 3333 624 3389 πάνθ’
657 3335 980 3390 ὁντιναοῦν
996 3335 1171 3405 ἐνδεῆ
1196 3338 1461 3392 εὐποιεῖν
1489 3340 1627 3409 χρή.

178 3419 252 3474 ε’.
292 3421 413 3475 Ὅτι
436 3425 534 3478 καὶ
561 3425 665 3480 τοῦ
693 3425 877 3495 ἤθους
900 3427 1290 3497 ἐπιμελητέον
1307 3427 1421 3498 τὴν
1447 3432 1660 3500 χήραν.

175 3508 262 3576 ς’,
289 3513 413 3567 Ὅτι
435 3515 507 3570 οὐ
528 3516 642 3585 χρὴ
662 3517 945 3588 γυναῖκας
963 3517 1271 3573 διδάσκειν
1288 3560 1306 3586 ,
1338 3521 1601 3589 ἀπρεπὲς
1617 3521 1747 3593 γάρ’

252 3604 357 3658 καὶ
382 3605 543 3660 ποῖαι
575 3608 853 3677 γυναῖκες
874 3610 1113 3665 εἵποντο
1132 3609 1213 3677 τῷ
1238 3611 1453 3679 Κυρίῳ.

176 3773 265 3839 ζ’.
300 3771 436 3832 οἶαί
455 3781 611 3834 εἰσιν
628 3784 689 3836 at
709 3784 894 3851 ψευδο
902 3787 1096 3856 χῆραι.

173 3866 263 3939 η’.
300 3869 421 3924 Ὅτι
448 3874 521 3926 οὐ
542 3872 657 3942 χρὴ
688 3877 846 3944 παρὰ
864 3879 1129 3945 ἀναξίων
1152 3884 1478 3952 λαμϐάνειν
1512 3886 1626 3956 τὴν
1651 3888 1757 3957 χή-

242 3978 393 4030 ραν,
422 3962 463 4031 ἢ
495 3963 602 4018 τὸν
628 3966 983 4039 ἐπίσκοπον,
1007 3973 1045 4040 ἢ
1080 3973 1271 4031 ἄλλον
1289 3980 1528 4034 πιστόν.

171 4053 251 4110 0'.
288 4055 417 4109 Ὀτι
444 4059 515 4111 οὐ
544 4058 658 4128 χρὴ
689 4062 975 4130 γυναῖκας
1007 4066 1316 4130 βαπτίζειν
1337 4088 1350 4101 ’
1387 4072 1600 4140 ἀσεϐὲς
1622 4076 1751 4146 γὰρ,

249 4148 353 4199 καὶ
379 4146 488 4216 τῆς
516 4151 770 4217 Χριστοῦ
799 4152 1189 4225 διδασκαλίας
1213 4160 1549 4231 ἀλλότριον.
1654 4194 1657 4195 ν

170 4234 228 4292 ι’.
274 4237 397 4290 Ὅτι
416 4240 490 4292 οὐ
513 4239 627 4309 χρὴ
649 4244 864 4298 λατκόν
883 4247 1073 4301 ποιεῖν
1094 4252 1389 4319 ἱερατικὸν
1415 4256 1591 4327 ἔργον
1610 4275 1623 4288 ⁸
1641 4260 1753 4323 ,βά-

248 4344 500 4399 πτισμα,
525 4331 563 4401 ἢ
586 4334 824 4402 θυσίαν,
845 4337 883 4407 ἢ
906 4343 1295 4410 χειροθεσίαν,
1318 4344 1356 4415 ἢ
1378 4349 1680 4418 εὐλογίαν.

168 4499 272 4555 ta’.
307 4503 439 4556 Ὀτι
464 4504 630 4573 πλὴν
651 4506 986 4563 ἐπισκόπου
1021 4508 1060 4578 ἢ
1092 4512 1511 4582 πρεσϐυτέρου,
1545 4516 1744 4573 οὐδενί

238 4595 367 4650 τῶν
391 4597 620 4652 λοιπῶν
646 4601 942 4669 κληρικῶν
976 4602 1383 4672 ἐπιτέτραπται
1412 4607 1483 4661 τὰ
1512 4607 1630 4663 τῶν
1657 4613 1738 4665 ls—
1770 4604 1814 4662 D

229 4690 401 4760 ρέων
437 4691 730 4762 ἐνεργεῖν·
776 4693 843 4747 τὸ
884 4693 952 4747 δὲ
997 4696 1358 4763 χειροτονεῖν
1396 4700 1560 4769 μόνῳ
1612 4702 1738 4757 ἐπι-

238 4781 463 4846 σκόπῳ
488 4782 797 4850 προσήκει,
825 4782 1001 4851 ἐτέρῳ
1027 4783 1095 4838 δὲ
1131 4785 1352 4841 οὐδενί.

159 4871 252 4926 ιδ’.
298 4872 626 4943 Ἀποτροπὴ
647 4875 1008 4943 βασκανίας.

102 4970 105 4973 ‘
159 4962 255 5033 cf.
292 4965 496 5032 Ὅπως
520 4966 616 5021 δεῖ
636 4972 1072 5039 προσεύχεσθαι
1095 4973 1201 5041 τὰς
1224 4991 1413 5045 χηρας
1447 4978 1598 5047 ὑπὲρ
1622 4980 1741 5033 τῶν

234 5054 528 5110 διδόντων
545 5057 618 5113 τὰ
644 5059 792 5128 πρὸς
825 5062 930 5128 τὰς
960 5064 1180 5132 χρείας.

158 5145 258 5201 ιδ’.
295 5148 429 5201 Ὅτι
454 5149 526 5203 οὐ
554 5149 669 5219 χρὴ
702 5151 1035 5221 κομπάζειν,
1064 5155 1161 5209 καὶ
1197 5157 1643 5227 περιαγγέλλειν
1668 5159 1734 5212 τὸ

229 5238 462 5309 ἑαυτῆς
491 5241 695 5311 ὄνομα,
732 5242 841 5313 τὴν
873 5248 1372 5316 καρποφοροῦσαν
1389 5290 1403 5314 ,
1433 5250 1579 5305 κατὰ
1619 5250 1734 5319 τὴν

229 5330 347 5386 τοῦ
368 5332 588 5400 Κυρίου
614 5332 898 5401 διάταξιν.

154 5425 242 5472 ιε’.
280 5420 414 5472 Ὀτι
440 5419 705 5488 ἀπρεπὲς
733 5423 800 5477 τὸ
819 5423 1112 5493 λοιδορεῖν
1148 5426 1253 5481 τὸν
1276 5429 1540 5497 πλησίον
1558 5448 1570 5461 ο
1624 5433 1732 5487 ἀλ-

227 5511 478 5577 λότριον
503 5512 612 5581 τὰρ
635 5514 998 5583 Χριστιανῶν
1017 5517 1083 5571 τὸ
1102 5517 1486 5586 καταρᾶσθαι.

155 5600 259 5666 ις’.
292 5601 437 5670 Περὶ
451 5604 733 5672 μυήσεως
760 5607 921 5674 θείας
947 5607 1054 5662 τοῦ
1090 5609 1262 5679 ἁγίου
1291 5611 1723 5682 βαπτίσματος.

152 5690 251 5753 ιζ’.
282 5694 474 5747 Ποίαν
496 5696 694 5750 αἰτίαν
711 5698 834 5768 ἔχει
862 5699 929 5754 τὸ
959 5703 1045 5767 εὶς
1072 5700 1179 5757 τὸν
1221 5704 1475 5772 Χριστὸν
1509 5707 1725 5772 ,βάπτι-

224 5800 394 5855 σμα·
429 5785 532 5842 καὶ
567 5786 720 5843 διατί
757 5790 871 5847 τῶν
898 5792 970 5849 ἐν
1005 5795 1163 5862 αὐτῷ
1188 5795 1447 5853 ἕκαστον
1472 5799 1721 5871 λέγεται,

225 5877 332 5932 καὶ
356 5878 685 5947 πράττεται.

2274 2745 2516 2801 CAPITA
2550 2748 2725 2803 LIBRI
2756 2749 3003 2809 TERTII.

1858 2969 1921 3025 II.
1964 2971 2116 3039 Quod
2146 2973 2428 3027 cavendum
2459 2976 2548 3038 sit,
2586 2993 2648 3030 ne
2675 2978 2791 3047 quis
2817 2978 2998 3035 viduas
3021 2982 3261 3051 juniores
3286 3004 3411 3041 con-

1928 3064 2139 3127 stituat,
2169 3073 2378 3134 propter
2406 3068 2771 3135 suspicionem.

1854 3153 1941 3211 III.
1984 3156 2178 3222 Quales
2203 3174 2314 3213 esse
2343 3168 2576 3227 oporteat
2600 3161 2806 3229 viduas,
2834 3175 2884 3220 et
2907 3168 3167 3237 quomodo
3202 3170 3267 3223 ab
3311 3175 3412 3241 cpi.

1776 3264 1818 3321 ρ
1920 3264 2074 3317 scopo
2105 3248 2323 3305 debeant
2352 3250 2616 3321 adjuvari.

1849 3335 1937 3394 IV.
1981 3340 2132 3406 Quod
2160 3352 2395 3411 oporteat
2421 3345 2695 3416 unicuique
2721 3348 2972 3421 indigenti
3002 3353 3318 3423 benefacere.

1848 3428 1916 3485 V.
1957 3432 2112 3497 Quod
2143 3432 2310 3488 vidua:
2337 3436 2571 3504 probitas
2604 3454 2805 3493 morum
2831 3457 2972 3497 cura:
3000 3460 3112 3498 esse
3134 3446 3333 3505 debeat.

1848 3520 1937 3577 VI.
1963 3523 2114 3590 Quod
2137 3542 2240 3579 non
2266 3536 2499 3595 oporteat
2523 3528 3004 3600 mulieresdocendi
3025 3537 3206 3607 ofﬁcio
3228 3541 3405 3613 fungi;

1915 3616 2217 3672 indecorum
2260 3621 2401 3674 enim
2432 3632 2655 3677 esse:et
2702 3624 2882 3694 quales
2926 3630 3173 3686 mulieres
3218 3632 3407 3689 Domi-

1904 3724 2041 3762 'uum
2069 3711 2432 3782 sequebantur.

1848 3796 1960 3857 VII.
2004 3801 2199 3869 Quales
2227 3806 2334 3859 sint
2362 3806 2515 3876 falsa:
2545 3808 2734 3866 vidua}.

1847 3889 1983 3947 VIII.
2028 3894 2178 3960 Quod
2206 3913 2308 3950 non
2353 3908 2589 3964 oporteat
2617 3910 2675 3954 ut
2713 3902 2778 3956 ab
2807 3904 3035 3977 indignis
3069 3909 3294 3980 accipiat
3329 3916 3404 3969 ei-

1912 3984 2039 4048 due,
2070 3986 2148 4040 vel
2179 3989 2470 4059 episcopus,
2502 3991 2580 4045 vel
2609 3993 2748 4049 alius
2784 3995 2976 4065 ﬁdelis.

1846 4075 1934 4132 IX.
1979 4078 2129 4145 Quod
2182 4067 2287 4134 icon
2341 4091 2573 4150 oporteat
2615 4094 2673 4138 ut
2711 4087 2953 4143 mulieres
3002 4089 3269 4159 baptizent
3300 4111 3319 4149 :
3348 4097 3401 4150 id

1913 4171 2048 4224 enim
2077 4172 2328 4241 impium,
2358 4184 2408 4228 et
2439 4190 2473 4227 a
2502 4173 2745 4231 doctrina
2771 4176 2971 4233 Christi
3005 4183 3260 4243 alienum.

1844 4260 1910 4317 Χ.
1954 4262 2107 4329 Quod
2138 4280 2240 4319 non
2268 4266 2450 4321 debeat
2483 4270 2652 4324 laicus
2683 4286 2811 4340 opus
2839 4274 3165 4331 sacerdotale
3193 4278 3398 4347 facere;

1929 4356 2208 4424 baptisma,
2241 4368 2333 4412 aut
2366 4361 2711 4431 sacri/icium,
2747 4372 2837 4416 aut
2882 4380 3069 4421 manus
3108 4369 3398 4438 impositio—

1911 4462 2046 4512 nem,
2073 4457 2166 4502 aut
2190 4448 2611 4508 benedictionem.

1843 4535 1933 4594 XI.
1978 4537 2130 4605 Quod
2156 4551 2501 4612 praeterquam
2529 4546 2768 4616 episcopo
2794 4558 2884 4601 aut
2905 4549 3226 4621 presbytero,
3259 4555 3393 4608 nulli

1906 4639 2214 4686 ca'terorum
2244 4634 2550 4689 clericorum
2582 4638 2736 4693 liceat
2764 4656 2878 4709 qua:
2907 4651 3028 4695 sunt
3063 4643 3388 4699 sacerdotum

1903 4738 2139 4781 exercere
2167 4741 2185 4778 :
2217 4736 2265 4781 et
2300 4728 2438 4797 quod
2484 4729 2749 4798 ordinare,
2791 4733 2893 4787 soli
2927 4734 3164 4802 episcopo
3210 4751 3392 4793 conve-

1904 4815 2035 4880 niat,
2069 4816 2202 4870 nulli
2232 4834 2347 4872 vero
2382 4819 2497 4876 alii.

1836 4904 1947 4961 XII.
1994 4907 2295 4964 Dehortatio
2326 4910 2389 4964 ab
2419 4911 2638 4968 invidia.

1832 4996 1970 5053 XIII.
2014 4999 2288 5067 Quomodo
2315 5013 2551 5072 oporteat
2575 5004 2757 5059 viduas
2791 5022 2942 5059 orare
2968 5022 3062 5076 pro
3094 5009 3158 5062 iis
3185 5011 3273 5078 qui
3296 5029 3385 5067 ue-

1899 5093 2129 5146 cessaria
2157 5094 2410 5150 tribuunt.

1832 5179 1968 5237 XIV.
2014 5183 2166 5250 Quod
2202 5188 2486 5240 secundum
2536 5187 2747 5243 Domini
2791 5193 3234 5255 constitutionem,
3280 5211 3383 5248 non

1898 5273 2079 5328 debeat
2092 5274 2302 5344 jactare
2321 5294 2396 5343 se,
2427 5295 2518 5333 nec
2548 5295 2732 5334 nomen
2762 5297 2912 5335 suum
2938 5282 3246 5352 praedicare,
3267 5302 3383 5356 (μιαν

1898 5383 2084 5422 munus
2112 5368 2316 5424 tribuit.

1828 5501 1939 5557 XV.
1985 5503 2135 5570 Quod
2158 5522 2265 5562 non
2295 5506 2471 5563 deceat
2515 5510 2797 5563 conviciari
2840 5512 3124 5579 proxima:
3149 5512 3379 5567 alienum

1892 5598 2029 5650 enim
2060 5614 2173 5652 esse
2198 5615 2229 5651 a
2258 5597 2598 5664 Christianis,
2631 5601 2954 5667 maledicere.

1826 5686 1964 5743 XVI.
2010 5687 2084 5743 De
2105 5689 2282 5743 divina
2312 5693 2481 5745 sancti
2512 5692 2843 5761 baptismatis
2882 5695 3197 5752 initiatione.

1822 5802 1984 5859 XVII.
2029 5805 2198 5871 Quam
2224 5823 2438 5859 causam
2467 5807 2653 5861 habeat
2682 5808 2969 5877 baptismus
2996 5812 3047 5864 in
3074 5812 3373 5867 Christum:

1892 5905 1938 5949 et
1971 5912 2132 5966 quare
2163 5899 2367 5968 singula
2394 5901 2444 5953 in
2481 5917 2537 5955 eo
2573 5910 2619 5955 et
2644 5900 2907 5965 dicantur,
2940 5915 2989 5956 et
3030 5905 3180 5969 ﬁant.
