3880 6332
130 381 235 440 765
1040 381 1164 432 60E

650 470 1042 525 ΚΕΦΑΛΛΙΟΝ
1081 470 1120 522 Γ
1131 476 1164 523 ⁸.

137 563 369 631 ὀποίας
392 563 545 617 εἶναι
567 562 687 644 χρῇ
714 562 820 627 τὰς
859 562 1047 644 χήρας
1088 561 1223 644 ςῦθ),
1254 562 1350 644 καὶ
1370 560 1538 627 ’ὅπως
1563 561 1690 614 ἐπι-

389 632 728 701 κουρεῖσθαι
756 632 915 701 παρὰ
942 632 1048 687 τοῦ
1075 632 1428 685 ἐπισκόπου.

177 748 258 801 -Δί
285 747 342 801 δὲ
370 745 621 818 ἀληθιναὶ
648 745 817 817 χῆραί
845 746 982 799 εἰσιν
1001 784 1016 809 ,
1045 746 1102 798 αἱ
1144 744 1424 816 μόνανδροι
1455 742 1696 817 ὑπάρξα-

153 857 233 902 αι,
258 837 698 910 μαρτυρούμεναι
719 836 825 890 ὑπὸ
858 836 1116 890 πλειόνων
1143 838 1201 889 ὲν
1231 836 1413 908 ἔργοις
1440 836 1695 905 ἀγαθοῖς,

152 932 287 1001 ἧραι
318 930 395 1002 τῷ
422 930 556 997 ὖντι,
589 928 886 1001 σώφρονες,
936 929 1118 997 ἀγναὶ,
1166 930 1385 994 πισταὶ,
1434 928 1695 995 εὐσεϐεῖς,

121 1023 620 1095 τεκνοτροφήσασαι
667 1021 868 1088 καλῶς,
922 1022 1015 1075 κα)⁵
1064 1020 1477 1091 ξενοδοχήσασαι
1518 1020 1698 1090 ἀμέμ-

117 1127 285 1179 πτως·
333 1109 407 1169 ὧν
438 1115 533 1169 καὶ
559 1111 1047 1185 ἀντιλαμϐάνεσθαι
1085 1112 1190 1183 χρὴ
1236 1112 1312 1175 ὡς
1337 1110 1455 1181 Θεῴ
1490 1112 1701 1164 ἀνακει-

122 1209 322 1279 μένων.
378 1206 535 1260 Ἀλλά
582 1205 686 1278 μὴν
729 1207 825 1259 καὶ
869 1204 979 1259 τῶν
1024 1206 1291 1276 πενήτων,
1322 1195 1368 1258 ὦ
1396 1202 1657 1256 ἐπίσκοπε
1680 1244 1695 1270 ,

120 1299 453 1371 μνημόνευε,
510 1298 605 1352 καὶ
652 1298 837 1361 αὐτοῖς
894 1299 1051 1368 χεῖρα
1095 1295 1304 1368 ὀρέγων
1361 1294 1694 1365 ἐπιχωρίας,

117 1392 213 1445 καὶ
245 1390 513 1463 πρόνοιαν.
541 1389 719 1443 αὐτῶν
749 1389 1087 1460 ποιούμενος,
1121 1388 1197 1451 ὡς
1221 1382 1355 1440 Θεοῦ
1398 1387 1694 1458 οἰκονόμος,

115 1483 395 1553 εὐκαίρως
442 1481 657 1553 ἑκάστῳ
701 1479 970 1551 διανέμων
1015 1479 1083 1533 τά
1139 1479 1443 1550 πρόσφορα,
1501 1478 1698 1549 χήραις

119 1576 210 1627 καὶ
232 1575 500 1645 ὀρφανοῖς
529 1574 622 1627 καὶ
641 1572 751 1644 (51)
772 1572 1153 1644 ἀπεριστάτοις
1181 1571 1273 1625 καὶ
1298 1573 1411 1635 τοῖς
1438 1570 1495 1622 ὲν
1523 1568 1698 1639 θλίψει

120 1664 317 1730 ὲξεταζ
318 1683 349 1718 ο
356 1665 560 1736 μένοις.

677 1777 1068 1831 ΚΕΦΑΔΑῙΟΝ
1102 1778 1175 1829 Δ¹.

225 1869 356 1923 Ὀτι
383 1868 555 1923 πάνθ’
579 1872 779 1929 ὅντινα
805 1868 917 1921 οὖν
942 1864 1119 1933 ἐνδεῆ
1148 1865 1409 1920 εὐποιεῖν
1438 1864 1572 1933 χρή.

189 1960 257 2012 Τί
291 1960 425 2029 γὰρ,
455 1959 508 2011 εῐ
530 1976 673 2023 τινες
713 1961 785 2031 μή
819 1960 923 2013 εισι
946 1959 1109 2029 χῆραι
1146 1956 1179 2028 ἢ
1219 1956 1542 2028 χῆροι-(52),
1564 1956 1689 2027 βοη-

122 2049 273 2113 θείας
301 2049 359 2103 δὲ
386 2047 645 2121 χρῄζουσι
686 2048 777 2103 διὰ
803 2050 1012 2113 πενίαν,
1047 2049 1081 2120 ἢ
1108 2048 1198 2102 διά
1222 2048 1397 2111 νόσον,
1428 2048 1461 2119 ἢ
1489 2046 1578 2101 διὰ
1618 2064 1700 2100 τε-

125 2143 481 2213 nmmum;
513 2141 726 2205 Πάντας
755 2159 815 2195 σε
842 2141 923 2194 δεῖ
947 2141 1169 2211 ὲφορᾷν,
1200 2141 1293 2194 καὶ
1326 2140 1542 2194 πάντων
1578 2140 1698 2193 ὲπι-

129 2232 427 2303 μελεῖσθαι.
460 2234 523 2285 Οἱ
550 2231 659 2303 γάρ
693 2233 763 2285 τά
790 2232 995 2303 δόματα
1024 2232 1273 2295 διδόντες,
1304 2231 1405 2284 οὐκ
1443 2231 1698 2301 αὐτοσχε-

124 2324 251 2389 δίως
296 2324 441 2378 αὑτά
475 2324 680 2378 διδόασι
706 2326 830 2386 ταῖς
857 2325 1075 2396 χήραις,
1105 2322 1239 2378 ἀλλά
1262 2323 1700 2392 συνεισφέρουσιν

126 2415 341 2479 ἁπλῶς,
382 2415 600 2469 ἑκούσια
635 2415 775 2469 αὑτά
810 2415 1182 2487 ὀνομάζοντες·
1232 2415 1380 2477 ὅπως
1422 2414 1485 2467 σὺ
1512 2416 1541 2467 6
1582 2415 1702 2466 ἐπι-

128 2508 401 2579 στάμενος
426 2509 551 2570 τοὺς
578 2506 947 2578 θλιόομένους,
977 2508 1219 2580 ἀκριϐῶς
1248 2508 1324 2572 ὡς
1342 2508 1541 2578 ἀγαθὸς
1567 2510 1704 2563 οἰκο-

126 2599 292 2669 νόμος
341 2597 567 2669 μερίζῃς
608 2600 787 2663 αὐτοῖς
829 2600 895 2653 ὲκ
934 2599 1027 2653 τοῦ
1068 2600 1317 2671 δόματος·
1372 2602 1401 2654 6
1436 2599 1544 2671 γάρ
1573 2600 1703 2663 Θεὸς

127 2690 389 2760 γινώσκει
423 2691 515 2742 τὸν
541 2690 828 2754 δεδωκότα,
858 2691 958 2745 κᾶν
987 2692 1215 2756 ἀπόντος
1244 2692 1431 2756 αὑτοῦ,
1471 2692 1575 2745 ὑπὸ
1608 2691 1702 2745 σοῦ

125 2786 234 2845 τοίς
275 2782 558 2853 δεομένοις
601 2782 907 2853 μερίζηταν
964 2784 1057 2837 καὶ
1096 2783 1156 2847 ὃς
1198 2784 1294 2855 μὲν
1328 2782 1438 2854 ἔχει
1476 2783 1567 2836 τὸν
1605 2782 1704 2853 τῆς

128 2876 377 2937 εὐποιίας
416 2873 626 2945 μισθὸν,
666 2876 729 2928 σὺ
759 2874 815 2927 δὲ
841 2874 931 2927 τὸν
965 2875 1064 2945 τῆς
1103 2874 1473 2947 εὐσυνειδήτου
1502 2876 1705 2927 οἰκονο-

132 2968 253 3037 μίας
289 2966 658 3037 μακαρισμόν.
681 2966 819 3034 Λέγε
849 2965 905 3019 δὲ
923 2967 1104 3028 αὐτοῖς
1132 2966 1264 3037 (55),
1294 2967 1388 3019 καὶ
1416 2965 1499 3028 τίς
1530 2964 1641 3036 (54)
1676 2967 1706 3018 6

129 3056 398 3121 δεδωκὼς,
438 3057 523 3109 ἵνα
559 3058 655 3110 καὶ
693 3055 753 3121 ἐξ
798 3057 1057 3127 ὀνόματος
1095 3058 1234 3129 ὑπὲρ
1274 3056 1436 3110 αὑτοῦ
1475 3055 1705 3128 προσεύ-

1040 368 1632 432 CONSTITUTIONES
1670 374 2344 432 APOSTOLIC£.—-LIB.
2387 374 2472 432 Ill.

1720 476 1767 532 Δ

3246 376 3350 431 766

2396 466 2623 525 CAPUT
2661 466 2749 525 Ill.

1793 582 1991 649 Quales
2034 599 2144 637 esse
2183 583 2361 637 deceat
2390 582 2599 653 viduas,
2622 592 2691 653 ret
2719 589 2977 652 quomodo
3009 587 3073 637 ab
3110 584 3349 653 episeopo

2312 652 2531 706 debeant
2560 652 2822 718 adjuvari.

1865 743 2018 800 Verte
2044 754 2221 800 autem
2254 745 2427 799 viduae
2449 752 2596 807 sunt,
2623 760 2742 814 quae
2771 745 3023 807 univirae,
3049 760 3078 798 a
3104 745 3353 816 pluribus

1796 835 1850 891 in
1878 837 2037 894 bonis
2065 838 2320 907 Operibus
2349 837 2737 907 comprobatae,
2770 852 2956 891 revera
2990 837 3184 900 vidum,
3215 838 3353 892 bene

1797 937 2037 992 moratae,
2070 929 2296 999 pudicae,
2326 928 2510 983 ﬁdeles
2529 969 2544 995 ,
2578 928 2698 998 piae,
2741 942 2863 998 qua:
2893 928 3097 983 liberos
3127 928 3355 998 pulchro

1795 1018 2118 1081 eduxerunt.
2151 1028 2205 1075 et
2226 1020 2468 1090 hospites
2504 1028 2829 1088 receperunt
2857 1020 3233 1087 laudabiliter;
3269 1020 3356 1076 his

1795 1117 2055 1180 tanquam
2080 1109 2191 1165 Deo
2220 1110 2557 1166 consecratis
2598 1112 3028 1167 succurrendum
3070 1120 3173 1167 est.
3213 1114 3353 1180 Quin

1796 1203 1979 1268 etiam,
2007 1204 2281 1273 episcope,
2325 1218 2622 1272 pauperum
2665 1218 2881 1275 quoque
2916 1213 3209 1272 memento,
3247 1207 3356 1262 illis

1797 1295 2116 1357 auxiliarem
2162 1310 2379 1348 manum
2417 1294 2721 1365 porrigens,
2744 1303 2797 1350 et
2820 1311 3006 1351 eorum
3039 1296 3201 1351 rebus
3231 1312 3357 1366 pro—

1797 1387 2009 1451 videns,
2042 1396 2299 1457 tanquam
2333 1385 2427 1440 Dei
2470 1385 2837 1456 dispensator,
2886 1395 3191 1458 opportune
3237 1390 3347 1444 sin-

1797 1479 1940 1549 gulis
1978 1478 2287 1533 necessaria
2338 1476 2580 1533 subsidia
2630 1478 2978 1547 impertiens,
3018 1479 3227 1545 viduis,
3259 1496 3362 1550 pu-

1797 1568 1964 1638 pillis,
1992 1567 2230 1621 humana
2262 1582 2363 1636 ope
2403 1567 2699 1635 destitutis,
2727 1576 2778 1623 ct
2813 1586 2934 1625 cum
2958 1570 3196 1640 qualibet
3226 1569 3361 1625 allii-

1797 1659 1979 1715 ctione
1995 1659 2435 1715 colluctantibus.

2404 1771 2633 1829 CAPUT
2672 1771 2762 1827 ιν.

1902 1867 2054 1934 Quod
2076 1876 2310 1937 oporteat
2344 1866 2619 1935 unicuique
2643 1866 2895 1935 indigenti
2933 1865 3249 1935 benefacere.

1867 1957 2007 2024 Quid
2036 1959 2203 2023 enim,
2246 1959 2291 2013 si
2334 1974 2442 2012 non
2465 1956 2642 2012 vidua:
2664 1964 2758 2010 aut
2786 1972 2893 2011 non
2918 1957 3065 2012 vidui
3117 1960 3359 2015 existen-

1796 2058 1901 2114 tes,
1931 2051 2135 2108 auxilio
2156 2060 2336 2106 tamen
2357 2050 2601 2121 indigent
2623 2056 2841 2119 propter
2864 2058 3254 2121 paupertatem,
3277 2054 3361 2108 vel

1798 2152 2017 2213 pmpter
2054 2142 2326 2210 morbum,
2357 2142 2444 2199 vel
2484 2141 2552 2195 ad
2588 2140 2813 2197 alendos
2867 2141 3107 2196 liberos?
3133 2141 3361 2199 Cunctis

1798 2242 2011 2305 oportet
2040 2234 2351 2305 prospicere
2394 2240 2469 2295 te,
2514 2240 2567 2288 et
2595 2244 2914 2287 cunctorum
2957 2248 3145 2287 curam
3185 2235 3362 2290 susci-

1799 2342 1944 2397 pere.
1982 2325 2083 2393 Qui
2106 2326 2249 2381 enim
2286 2326 2428 2379 dona
2453 2325 2776 2395 largiuntur,
2824 2340 2933 2379 non
2961 2341 3025 2380 ea
3070 2327 3251 2381 statim
3296 2343 3363 2384 ac

1801 2426 2003 2474 temere
2030 2417 2207 2473 viduis
2238 2417 2504 2479 tribuunt,
2536 2415 2629 2471 sed
2671 2416 2989 2485 simpliciter
3035 2416 3088 2470 in
3115 2433 3363 2472 commu-

1801 2526 1924 2565 nem
1955 2525 2136 2564 arcam
2183 2508 2494 2571 conferunt,
2526 2508 2832 2562 voluntaria
2871 2523 2935 2562 ea
2980 2509 3315 2579 appellantes
3343 2527 3361 2575 ;

1801 2617 1910 2671 quo
1938 2608 1996 2655 tu
2026 2600 2117 2671 qui
2148 2599 2498 2655 calamitosos
2528 2598 2839 2670 cognoscis,
2871 2606 3149 2663 accurate,
3182 2609 3240 2654 ut
3266 2601 3364 2657 bo-

1802 2710 1931 2749 num
1954 2708 2296 2748 mconomum
2326 2692 2499 2756 decet,
2516 2692 2813 2747 distribuas
2835 2691 2942 2747 illis
2960 2690 3029 2747 de
3045 2692 3209 2747 dono.
3228 2692 3364 2747 Nam

1803 2785 1946 2842 Deus
1976 2785 2285 2856 largitorem
2306 2784 2479 2848 novit,
2521 2783 2647 2838 licet
2667 2798 2733 2838 eo
2772 2782 3016 2850 absente,
3047 2782 3369 2839 distributio

1804 2882 1858 2934 in
1881 2886 2101 2951 egentes
2129 2894 2159 2932 a
2189 2884 2241 2933 te
2266 2878 2338 2931 sit
2368 2875 2511 2930 facta
2545 2894 2558 2931 :
2590 2890 2655 2930 ac
2702 2874 2793 2930 ille
2819 2874 3039 2945 quidem
3070 2876 3232 2931 habet
3271 2876 3365 2932 be-

1803 2971 2104 3028 neﬁcentia:
2129 2968 2456 3034 mercedem,
2503 2978 2560 3023 tu
2607 2982 2737 3023 vero
2783 2967 2855 3022 ob
2901 2967 3364 3040 dispensationem

1806 3072 1952 3121 recta
1979 3062 2315 3119 conscientia
2340 3060 2779 3115 administratam
2811 3060 3003 3116 beatus
3034 3060 3367 3130 praedicabe—

132 3167 354 3219 χωνται.
394 3149 513 3220 Χρὴ
544 3147 652 3220 γὰρ
694 3145 754 3202 εὖ
794 3151 964 3202 ποιεῖν
999 3149 1206 3213 πάντας
1246 3148 1583 3220 ἀνθρώπους,
1630 3149 1704 3221 μὴ

1808 3159 1905 3213 ris.
1937 3156 2033 3211 Dic
2053 3163 2232 3210 autem
2257 3154 2530 3224 inOpibus,
2558 3154 2682 3224 quis
2709 3151 2938 3218 dederit,
2966 3163 3023 3207 ut
3046 3154 3365 3208 nominatim

132 3242 573 3317 φιλοκρινοῦντας
612 3241 819 3304 τοῦτον,
858 3242 916 3305 ὃς
944 3258 1028 3304 τις
1065 3237 1123 3314 ᾖ,
1162 3240 1196 3311 ἢ
1237 3240 1461 3293 ἐκεῖνον.
1515 3240 1573 3293 ὐ
1600 3238 1709 3311 γάρ

134 3337 335 3409 Κύριός
369 3352 501 3405 φησι
528 3351 541 3364 ο
580 3352 597 3385 ι
633 3334 803 3386 Παντὶ
829 3333 905 3404 τῷ
938 3332 1173 3386 αἰτοῦντί
1204 3349 1262 3385 σε
1293 3332 1434 3386 δίδου
1458 3349 1472 3363 ο
1513 3350 1531 3384 ι
1553 3332 1709 3404 δῆλον

132 3427 181 3480 δὲ
205 3428 279 3491 ὡς
312 3426 400 3497 τῷ
429 3424 682 3497 χρῄζοντι
724 3424 863 3478 κατά
894 3423 1167 3495 ἀλήθειαν,
1203 3423 1305 3478 κᾶν
1347 3424 1499 3494 φίλος
1608 3424 1709 3479 κᾶν

134 3518 351 3589 ἐχθρὸς,
372 3517 474 3570 κᾶν
496 3516 761 3588 συγγενὴς
792 3515 893 3570 κᾶν
922 3515 1217 3587 ἀλλότριος,
1240 3514 1341 3569 κάν
1369 3516 1581 3586 ἄγαμος
1608 3514 1709 3569 κᾶν

134 3608 467 3680 γεγαμηκὼς
498 3609 735 3680 ὑπάρχῃ.
781 3608 867 3660 Ἐν
902 3607 1052 3681 πάσῃ
1093 3606 1200 3679 γὰρ
1227 3607 1414 3677 Γραφῇ
1446 3609 1475 3660 6
1502 3606 1710 3677 Κύριος

135 3705 253 3773 περὶ
270 3701 393 3754 τῶν
412 3702 655 3772 πενήτων
679 3703 949 3770 παραινεῖ,
973 3699 1166 3767 λέγων,
1195 3698 1283 3751 διὰ
1312 3699 1408 3769 μὲν
1459 3699 1701 3751 Ἠσαῖοψ

141 3815 158 3846 ι
192 3796 504 3867 Διάθρυπτε
542 3792 793 3846 πεινῶντι
825 3791 915 3845 τὸν
957 3792 1118 3863 ἀρτον
1161 3806 1289 3843 σουο
1334 3790 1429 3843 καὶ
1459 3790 1706 3859 πτωχοὺς

136 3889 402 3957 ἀστὲγους
442 3885 700 3954 εἰσάγαγε
737 3886 817 3947 είς
859 3883 949 3936 τὸν
982 3877 1129 3935 οἶκόν
1168 3899 1283 3936 σου.
1341 3880 1462 3936 Ἐὰν
1490 3880 1548 3933 δὲ
1591 3880 1706 3953 ῐδῃς

139 3982 369 4054 γυμνὸν,
401 3978 679 4051 περίϐαλεο
732 3977 826 4031 καὶ
866 3976 973 4031 ἀπὸ
1012 3974 1120 4029 τῶν
1159 3973 1373 4029 οἰκείων
1410 3972 1503 4027 τοῦ
1536 3975 1705 4055 σπέρ-

206 4156 251 4192 ”
285 4155 432 4213 Luc.
463 4170 554 4221 vt,
582 4154 674 4212 30.

1804 3262 2021 3320 quoque
2061 3263 2161 3318 pro
2200 3261 2266 3302 eo
2314 3252 2624 3316 precentur.
2684 3243 2914 3316 Oportet
2951 3261 3082 3315 ergo
3113 3246 3367 3302 omnibus

1803 3339 2119 3396 hominibus
2172 3338 2311 3394 bene
2363 3336 2575 3400 facere,
2622 3351 2733 3391 non
2786 3337 3030 3393 studiose
3076 3348 3369 3408 pensantes

1805 3435 1971 3497 hunc,
2008 3433 2260 3505 quisnam
2293 3432 2385 3495 sit,
2420 3430 2505 3485 vel
2549 3429 2722 3484 illum.
2759 3428 3023 3484 Dominus
3064 3430 3210 3484 enim
3243 3431 3318 3483 ait
3348 3447 3364 3486 :

1809 3546 1828 3582 ι
1861 3526 2021 3583 Omni
2074 3523 2279 3596 petenti
2328 3530 2402 3586 te,
2456 3521 2746 3590 tribue";
2797 3539 2816 3572 ι
2868 3520 3142 3583 videlicet,
3176 3534 3367 3575 revera

1805 3618 2005 3691 egenti,
2058 3618 2173 3673 sive
2221 3614 2430 3669 amicus
2471 3613 2687 3677 existat,
2732 3611 2847 3667 sive
2902 3611 3197 3677 inimicus;
3254 3609 3370 3666 sive

1809 3718 2096 3783 cognatus,
2128 3709 2245 3765 sive
2296 3707 2542 3773 alienus;
2588 3704 2704 3761 sive
2745 3704 2962 3769 caelebs,
2997 3704 3112 3759 sive
3143 3702 3365 3771 coniux.

1807 3802 1867 3858 In
1888 3802 2037 3859 omni
2066 3799 2330 3871 siquidem
2356 3795 2636 3867 Scriptura
2657 3795 2918 3851 Dominus
2945 3796 3012 3851 de
3041 3793 3371 3866 pauperibus

1810 3902 2014 3959 monet,
2046 3893 2256 3956 dicens,
2302 3904 2398 3960 per
2423 3887 2617 3945 Isaiam
2648 3887 2867 3958 quidem
2895 3908 2910 3943 :
2949 3906 2968 3940 ι
3006 3885 3215 3957 Frange
3235 3900 3366 3941 esu-

1810 3985 1971 4043 rienti
2002 3998 2197 4057 panem
2236 3988 2420 4050 tuum;
2451 3989 2506 4037 et
2534 3995 2800 4054 pauperes
2848 3979 2968 4036 sine
3000 3986 3166 4044 tecto,
3203 3976 3369 4033 induc

1441 4288 1805 4351 VARIORUM
1845 4289 2076 4347 NOTIE.

231 4515 325 4585 τεο)
363 4512 579 4585 Χήρας.
610 4508 758 4563 Alter
779 4507 877 4585 τᾲς
903 4503 1071 4585 ἤντευς
1098 4500 1290 4585 χήρας·
1319 4494 1554 4585 φεμ,

231 4551 246 4568 .
305 4515 325 4585 )
363 4515 579 4581 Χήρας.
610 4515 758 4563 Alter
779 4515 877 4568 τας
903 4515 1071 4565 οντως
1098 4515 1290 4571 χηρας.
1319 4515 1416 4551 ω..
1543 4564 1554 4575 ⁸

146 4515 492 4712 κνᾷ)ιέαὰ
524 4580 649 4635 Haec
669 4576 861 4633 vocula
886 4582 941 4629 et
981 4574 1100 4628 dua:
1145 4584 1296 4639 seqq.
1326 4567 1524 4621 desunt
1544 4580 1597 4618 in
1631 4564 1710 4617 al-

266 4705 647 4796 :2)7—'H_ZﬁpA0-t.
676 4717 882 4796 Desunt
910 4716 964 4769 in
994 4707 1449 4796 antiquiorehcod'.
1484 4705 1561 4796 lo.

266 4727 323 4796 2)
370 4727 439 4779 Ἣ
458 4727 647 4791 χῆροι.
679 4727 882 4773 Desunt
911 4730 964 4769 in
995 4727 1298 4783 antiquiore
1328 4727 1449 4793 eoa:
1485 4727 1561 4759 ID.

211 4727 332 4866 ἐῶ)
381 4793 526 4861 Λέγε
553 4790 619 4843 δὲ
646 4788 847 4866 αὐτοῖς
866 4825 880 4849 ,
914 4784 1022 4866 και.
1056 4785 1147 4866 τίς
1164 4786 1195 4837 ὁ

148 4849 433 4920 Infandum
453 4849 639 4918 eorum
668 4859 759 4927 qui
783 4849 1111 4927 pauperibus
1126 4849 1271 4927 bene
1299 4849 1591 4927 faciebant,
1620 4852 1714 4898 aut

149 4918 357 5007 aliquid
392 4918 1252 5007 oﬂ'erebant:_Eéclesia2,nnomina
1277 4918 1711 5007 celabapturLes

150 4988 369 5060 Domini
395 5008 661 5073 praecepto
686 4998 874 5052 Matth.
907 5013 981 5059 vn,
1005 4995 1082 5073 ελ
1115 4994 1247 5073 Cum
1271 4990 1404 5061 facis
1435 4988 1715 5073 eleemosg:

152 5094 296 5140 nam,
332 5063 447 5128 ηοἸὶ
484 5063 606 5125 tuba
645 5085 848 5130 canere,
888 5074 993 5140 etc.
1042 5064 1156 5140 Qua
1184 5063 1253 5140 _de
1296 5077 1355 5115 re
1383 5063 1715 5140 constitutor

152 5126 296 5201 inira
328 5126 457 5213 cap.
494 5143 578 5213 14.
607 5126 881 5213 Interdum
911 5126 1091 5213 palatii
1115 5133 1333 5213 ﬁebant,
1356 5136 1429 5213 et.
1452 5128 1559 5213 alio
1607 5126 1712 5213 [ξυ-

152 5199 362 5270 minico
404 5199 660 5266 mandato
700 5199 984 5281 Matth._:v,
1027 5204 1094 5258 16
1128 5221 1140 5258 :
1171 5199 1504 5281 [διοσημίαι
1539 5206 1715 5281 uestra

150 5303 333 5339 coram
384 5283 701 5344 hominibus,
743 5286 850 5335 etc.
885 5274 951 5331 Ut
982 5289 1207 5349 cernere
1231 5278 1315 5349 est
1347 5271 1456 5349 hic,
1502 5276 1557 5323 et
1587 5282 1710 5349 cap.

151 5356 239 5429 ἓξ).
270 5356 376 5409 lib.
405 5370 525 5429 vin,
576 5340 744 5429 utque
784 5344 1217 5429 pcrhtestim‘onia
1248 5340 1714 5429 'pluriAmanaliLis

154 5412 335 5481 doctis
379 5412 671 5493 probatur:
694 5412 986 5493 lnsi‘gniter
1015 5414 1219 5493 et-buic
1248 5412 1368 5493 loco
1389 5412 1714 5493 convenien-

156 5478 701 5564 tissime'Cyprianus
730 5478 898 5564 epist.
920 5486 990 5564 (ιο
1022 5504 1036 5540 :
1073 5482 1141 5538 Ut
1171 5491 1345 5564 autem
1385 5478 1714 5564 fratresque-‘-

158 5574 291 5619 stros
328 5581 395 5617 ac
441 5557 665 5625 iorores,
705 5557 793 5631 qui
831 5557 1031 5631 adAltoc
1059 5570 1184 5620 opus
1226 5562 1333 5604 tam
1364 5561 1713 5631 necessarium

158 5644 397 5704 prompte
410 5650 470 5687 ac
490 5624 926 5704 libenter'operati
945 5633 1095 5704 sunt,
1116 5632 1173 5677 ut
1202 5635 1400 5704 δεηξρςν
1416 5624 1710 5704 ορςτέῖιιμζο

162 5694 212 5757 in
245 5694 474 5759 mentem
505 5694 829 5756 habeatis'in
846 5694 1407 5766 orationibusoestris,
1442 5695 1491 5740 et
1527 5694 1601 5766 eis
1630 5694 1706 5766 ui-

164 5793 267 5829 cem
281 5775 408 5827 boni
426 5769 950 5842 operisinsacriﬁciis
972 5775 1020 5820 et
1049 5762 1283 5842 precibus
1311 5762 1708 5842 reprazsenletis,

169 5844 383 5899 subdidi
406 5831 615 5905 sentina
650 5831 1005 5915 singulorum;
1050 5831 1145 5891 sed
1166 5843 1215 5889 et
1244 5831 1559 5903 collegarum
1584 5842 1710 5901 quo-

1811 4508 1908 4562 que
1934 4500 1985 4545 et
2004 4491 2431 4548 consacerdotum
2448 4500 2768 4562 nostrorum,
2790 4491 2880 4561 qui
2893 4500 2942 4544 et
2972 4491 3074 4561 ipsi
3091 4508 3207 4562 eum
3228 4508 3368 4561 pra:-

1810 4572 1978 4616 sentes
2007 4571 2197 4626 essent,
2219 4573 2267 4617 et
2298 4580 2413 4625 suo,
2438 4572 2486 4616 et
2507 4561 2669 4626 plebis
2681 4577 2791 4633 sua:
2807 4562 3013 4633 nomine
3024 4561 3263 4631 qutcdam
3275 4579 3370 4633 pro

1815 4633 2013 4686 viribus
2051 4632 2402 4697 contulerunt,
2436 4633 2648 4686 nomina
2673 4630 2888 4694 addidi;
2910 4641 2960 4685 et
2989 4630 3180 4701 praeter
3199 4630 3369 4703 quan-

1815 4704 2018 4756 titatem
2052 4704 2319 4772 propriam
2352 4714 2607 4761 nostram,
2640 4718 2820 4755 eorum
2844 4718 3042 4773 quoque
3080 4706 3371 4773 summulas

1815 4774 2130 4844 signiﬁcavi,
2149 4783 2199 4827 et
2217 4774 2337 4827 misi
2355 4789 2374 4836 ;
2406 4788 2626 4844 quorum
2659 4772 3205 4844 omniumsecundum
3235 4782 3370 4842 quod

1815 4843 1944 4911 ﬁdes
1969 4853 2020 4897 et
2051 4843 2287 4899 charitas
2323 4842 2559 4912 exigunt,
2612 4842 3012 4912 in_orationibus
3048 4852 3096 4897 et
3129 4844 3368 4911 precibus

1818 4910 2004 4968 uestris
2018 4915 2314 4982 meminisse
2334 4910 2550 4967 debetis.
2570 4913 2625 4966 Ιιι
2646 4910 2826 4967 Gestis
2846 4910 3181 4982 purgationis
3202 4914 3369 4969 Cascis

1815 4982 2011 5038 lianiet
2025 4981 2222 5040 Felicis
2241 5000 2259 5040 :
2280 4982 2466 5052 Utique
2488 4986 2562 5038 vel
2589 4982 2785 5035 audisti
2812 4981 2891 5052 vel
2908 4981 3081 5037 vidisti
3108 4984 3153 5036 si
3174 4984 3371 5036 dictum

1814 5063 1893 5107 est
1917 5051 2423 5124 pauperibus,Datet
2438 5054 2579 5124 vobis
2593 5052 2657 5106 de
2686 5069 2740 5106 re
2758 5069 2855 5105 sua
2868 5051 3088 5124 Lucilla.
3118 5052 3376 5124 Hierony-

1815 5121 1936 5179 mus
1967 5124 2068 5178 sub
2095 5123 2253 5179 llnem
2275 5123 2397 5178 libri
2431 5140 2469 5177 ιι
2525 5121 2897 5178 Commentarii
2949 5124 3003 5177 in
3037 5121 3370 5180 Jeremiam':

1813 5194 1882 5245 At
1913 5210 2048 5246 nunc
2073 5193 2275 5263 publice
2296 5195 2583 5247 recitantur
2606 5193 2930 5263 o/ferentium
2958 5209 3190 5263 nomina,
3217 5203 3273 5263 et
3290 5210 3374 5246 re»

1813 5263 2041 5333 demptio
2063 5261 2394 5333 peccatorum
2424 5271 2658 5315 mutatur
2686 5263 2739 5315 in
2771 5261 2997 5315 laudem.
3030 5261 3095 5315 Et
3136 5263 3203 5317 ad
3237 5261 3373 5316 Eze-

1813 5332 2005 5389 chielis
2029 5332 2178 5399 xvin,
2204 5333 2273 5387 16
2297 5352 2309 5387 :
2346 5332 2560 5386 Publice
2590 5332 2842 5385 diaconus
2864 5333 2918 5384 in
2942 5333 3159 5386 ecclesia
3186 5333 3373 5387 recitat

1814 5404 2142 5470 o/ferentium
2185 5404 2397 5456 nomina
2424 5421 2444 5459 :
2486 5402 2714 5456 Tantum
2764 5403 2917 5470 o/fert
2968 5400 3064 5455 illa
3093 5417 3111 5454 :
3144 5401 3375 5456 Tantum

1818 5470 1909 5529 ille
1934 5474 2199 5541 pollicitus
2220 5482 2338 5528 est:
2366 5473 2669 5541 placentque
2690 5472 2788 5525 sibi
2812 5470 2879 5524 ad
2904 5470 3148 5531 plausum
3170 5474 3371 5541 populi,

1812 5540 2170 5612 etc.’Scilicet
2211 5542 2266 5596 in
2308 5540 2618 5612 bujusmodi
2650 5540 2807 5612 factis
2839 5556 2973 5597 usus
3009 5557 3132 5597 esse
3172 5540 3372 5612 potest,

1812 5622 1867 5685 et
1887 5612 2112 5685 abusus.
2138 5610 2391 5685 ﬂincque
2407 5612 2639 5667 variatio
2657 5610 2957 5682 disciplina:
2975 5627 3075 5685 pro
3086 5628 3145 5685 pt
3155 5610 3370 5671 udentia

1812 5683 2137 5740 Christiana.
2165 5682 2301 5737 Cor.

1884 5754 1995 5826 (54)
2038 5754 2151 5822 Τίς.
2180 5752 2345 5810 Addit
2372 5751 2510 5810 alter
2538 5750 2669 5808 ἐστι.
2701 5750 2867 5808 Cum.
