3960 6332
616 322 724 378 767

1462 321 1522 383 8.
1552 325 1940 385 CLEMENTIS
1974 331 1990 385 Ι
2031 329 2194 387 BOM.
2236 331 2438 388 PONT.
2472 332 2700 391 OPERA
2735 334 2958 393 DUBIA.

3657 362 3735 421 768

610 442 666 494 in
697 444 918 494 domum
949 450 1121 497 tuam.
1175 437 1232 496 Si
1263 447 1444 499 autem
1476 446 1676 502 videris
1702 449 1929 512 nudum,
1962 452 2111 520 operi
2145 470 2156 519 ;

2266 453 2435 523 ματός
2469 472 2559 507 σου
2588 456 2685 527 οὐχ
2725 456 2985 529 ὑπερόᾴπ
3026 475 3048 509 ι
3087 458 3181 512 καὶ
3211 460 3293 515 διά
3330 462 3415 517 τοῦ
3432 468 3603 541 Δανιὴλ
3628 472 3740 544 λέγει

607 540 665 588 et
685 533 1017 587 domesticos
1050 534 1273 589 seminis
1294 537 1372 590 tui
1402 552 1471 592 ne
1498 537 1812 609 despexeris
1839 541 1912 606 ";
1937 560 1955 593 ι
1984 551 2039 596 et
2067 558 2161 611 per

610 623 883 677 Danielem
917 624 1047 677 dicit
1083 624 1315 695 principi
1359 646 1371 681 :
1402 646 1421 679 ι
1461 627 1668 683 Idcirco
1716 645 1833 694 rex,
1872 632 2157 687 consilium

608 729 786 767 meum
821 715 1028 783 placeat
1071 715 1167 768 tibi
1198 728 1250 770 et
1283 726 1499 787 peccata
1538 728 1631 773 tua
1670 721 2028 794 eleemosynis
2074 740 2161 780 re-

607 803 772 867 dime,
823 812 875 859 et
931 806 1244 875 iniquitates
1291 816 1414 863 tuas
1463 811 1910 869 miserationibus
1957 829 2159 884 panpe-

610 911 728 949 rum
761 897 839 962 "";
872 915 890 947 ι
921 904 974 951 et
1003 913 1098 967 per
1129 896 1470 954 Salomonem
1501 902 1575 955 ait
1604 922 1615 954 :
1659 922 1677 954 ι
1709 902 2074 975 Elecmosynis
2106 915 2158 961 et

608 986 711 1040 tide
739 995 1036 1057 purgantur
1066 998 1285 1059 peccata
1314 991 1389 1057 τις
1427 1012 1444 1043 ι
1470 1002 1523 1047 et
1558 1009 1653 1063 per
1682 993 1935 1050 Davidem
1961 998 2157 1053 iterum

604 1076 737 1130 dicit
769 1096 781 1131 :
812 1096 829 1128 ι
862 1077 1054 1135 Beatus
1086 1082 1176 1149 qui
1208 1081 1458 1153 intelligit
1487 1100 1652 1154 super
1680 1100 1908 1154 egenum
1939 1095 1993 1141 et
2023 1103 2158 1151 pau-

594 1184 784 1244 perem
812 1186 824 1221 :
853 1170 905 1224 in
937 1170 1025 1227 die
1050 1172 1191 1225 mala
1227 1173 1478 1228 liberabit
1506 1190 1629 1229 eum
1664 1174 1923 1232 Dominus
1946 1179 2026 1245 ";
2059 1198 2077 1231 ι
2104 1187 2157 1234 et

602 1276 795 1315 rursus
822 1280 836 1315 :
872 1278 891 1312 ι
923 1260 1204 1333 Dispersit,
1240 1264 1387 1319 dedit
1417 1266 1777 1335 pauperibus;
1804 1268 2015 1337 justitia
2036 1268 2156 1339 ejus

602 1360 783 1406 manet
813 1353 867 1406 in
896 1355 1150 1408 saeculum
1179 1355 1264 1421 ";
1304 1374 1322 1408 ι
1352 1355 1608 1411 Salomon
1636 1359 1798 1413 etiam
1844 1360 1955 1413 ait:
1989 1378 2009 1410 ι
2043 1359 2146 1427 Qui

600 1443 889 1497 miseretur
930 1446 1205 1515 pauperis,
1241 1446 1469 1502 Domino
1498 1446 1813 1503 feneratur:
1855 1452 2153 1508 secundum

600 1544 779 1590 autem
831 1536 1015 1591 datum
1062 1537 1182 1607 ejus
1218 1539 1556 1594 retribuetur
1595 1540 1645 1595 ei
1677 1542 1751 1605 7';
1800 1560 1818 1592 ι
1858 1551 1913 1596 ct
1964 1543 2103 1597 infra
2135 1565 2148 1601 :

604 1645 623 1677 ι
654 1628 755 1692 Qui
787 1627 1005 1683 obturat
1034 1644 1194 1685 aures
1226 1645 1376 1693 suas,
1399 1646 1465 1685 ne
1492 1631 1679 1685 audiat
1708 1633 2058 1704 indigentem,
2102 1643 2154 1691 et

600 1718 714 1789 ipse
740 1719 1028 1785 invocabit,
1050 1730 1231 1777 etnon
1253 1723 1358 1778 erit
1379 1723 1472 1792 qui
1494 1723 1746 1779 exaudiat
1767 1740 1889 1780 eum
1919 1727 1984 1780 ⁷⁸.
2026 1745 2044 1778 ι

1198 1895 1425 1955 CAPUT
1460 1896 1526 1952 γ.

698 2029 850 2098 Quod
869 2032 1036 2086 riduw
1053 2032 1283 2100 probitas
1316 2048 1517 2085 morum
1542 2048 1683 2088 cura:
1704 2049 1816 2088 esse
1840 2033 2040 2089 debeat.

661 2123 926 2178 Caeterum
981 2124 1157 2178 omnis
1202 2122 1363 2177 vidua
1394 2123 1540 2180 mitis
1573 2124 1667 2189 sit,
1704 2125 1910 2195 quieta,
1960 2125 2145 2179 mode-

592 2222 730 2277 rata,
762 2214 980 2268 malitia:
1008 2230 1071 2269 ac
1108 2215 1203 2269 ira:
1230 2229 1446 2286 expers,
1472 2230 1581 2269 non
1612 2217 1851 2287 garrula,
1887 2233 1996 2272 non
2033 2218 2144 2271 cla-

591 2321 763 2365 mosa,
798 2320 907 2359 non
938 2304 1188 2359 volubilis
1215 2305 1429 2376 linguae,
1459 2322 1568 2360 non
1598 2307 1881 2371 maledica,
1912 2324 2021 2361 non
2049 2308 2143 2363 de-

588 2397 701 2451 dita
724 2398 1008 2451 verborum
1033 2397 1284 2467 aucupio,
1312 2412 1419 2452 non
1450 2398 1681 2468 duplicis
1711 2399 1996 2463 sermonis,
2034 2414 2140 2455 non

588 2503 709 2543 sese
760 2488 814 2541 in
840 2489 1014 2542 aliena
1045 2489 1257 2558 negotia
1288 2488 1606 2544 immittens.
1655 2490 1791 2544 Cum
1821 2490 2015 2547 viderit
2054 2494 2138 2548 vel

587 2580 822 2635 audierit
843 2580 1057 2650 aliquod
1078 2579 1357 2649 indignum
1384 2580 1614 2645 facinus,
1632 2582 1703 2635 ita
1720 2597 1779 2636 se
1793 2591 1962 2652 gerat,
1978 2585 2138 2654 quasi

584 2687 686 2726 nec
704 2671 900 2726 viderit
928 2686 1025 2725 nec
1063 2671 1316 2734 audierit,
1337 2671 1576 2742 nihilque
1597 2672 1743 2727 aliud
1773 2684 1926 2729 curet
1950 2675 2134 2740 vidua,

584 2763 691 2817 nisi
706 2778 860 2817 orare
877 2778 973 2832 pro
995 2763 1249 2818 beneficis
1261 2773 1314 2818 et
1335 2771 1555 2833 protota
1581 2764 1841 2821 Ecclesia.
1856 2766 1938 2822 Ab
1955 2769 2136 2839 aliquo

582 2855 857 2926 quidpiam
890 2863 1096 2926 rogata,
1120 2870 1188 2909 ne
1210 2854 1369 2911 facile
1398 2857 1742 2927 respondeat,
1774 2867 2132 2931 praeterquam

582 2945 837 2999 tie-rebus
862 2944 926 2999 ad
954 2944 1133 3007 ﬁdem,
1163 2944 1453 3015 justitiam,
1484 2954 1538 3001 et
1568 2948 1620 3001 in
1654 2947 1819 3003 Deum
1844 2965 1991 3021 spem
2017 2967 2136 3021 per-

582 3037 879 3091 tinentibus
908 3054 923 3092 :
960 3052 1160 3107 eosque
1192 3037 1284 3107 qui
1331 3038 1385 3092 in
1436 3039 1651 3108 pictatis
1681 3040 2025 3111 dogmatibus
2056 3042 2132 3097 in.

578 3128 729 3184 stitui
758 3129 1003 3198 cupiunt,
1035 3128 1101 3181 ad
1130 3130 1450 3199 praepositos
1478 3131 1753 3198 remittat;
1786 3131 1842 3186 in
1865 3132 1972 3187 illis
2002 3150 2131 3189 vero

2262 543 2338 615 τῷ
2379 544 2631 618 δυνάστῃ·
2671 566 2690 598 ι
2739 548 2849 612 Διὸ,
2896 548 3136 619 βασιλεῦ,
3166 551 3200 621 ἠ
3228 550 3376 627 βουλή
3428 574 3518 627 μου
3545 543 3746 631 apsum

2263 651 2364 699 σοι,
2396 638 2490 689 καὶ
2521 636 2617 701 τάς
2657 639 2926 710 ἁμαρτίας
2968 657 3060 693 σου
3100 641 3158 695 ἐν
3200 643 3551 716 ἐλεημοσύναις
3589 652 3743 727 λύτρω.

2261 741 2370 789 σαι,
2410 729 2504 782 καὶ
2544 728 2642 792 τὰς
2671 730 2884 794 ἀδικίας
2919 748 3013 784 σου
3049 733 3106 786 ὲν
3146 735 3430 807 οἰκτιρμοῖς
3456 744 3684 813 πενήτων*
3728 769 3744 801 ι

2258 817 2351 869 καὶ
2390 817 2478 871 διὰ
2528 819 2833 891 Σολομῶνός
2863 840 3046 893 φησιν’
3097 842 3116 876 ι
3165 824 3547 898 Ἐλεημοσύναις
3571 837 3650 889 καὶ
3680 839 3745 897 πί-

2259 924 2435 962 στεσιν
2461 911 2909 985 ἀποκαθαίρονται
2944 915 3221 986 ἁμαρτίαι·
3252 937 3270 970 ι
3301 921 3388 974 καὶ
3412 922 3495 975 διὰ
3516 925 3599 979 τοῦ
3624 928 3753 982 Δαεὶδ

2262 998 2421 1052 πάλιν
2456 1000 2620 1069 λέγει,⁶
2670 1022 2690 1055 ‹
2739 1002 3021 1076 Μακάριος
3053 1008 3081 1060 δ
3122 1008 3314 1062 συνιὼν
3352 1011 3440 1065 ἐπὶ
3470 1017 3659 1086 πτωχὸν
3679 1022 3752 1073 καὶ

2256 1091 2481 1161 πένητα·
2499 1092 2556 1146 ἐν
2571 1093 2752 1166 ἡμέρᾳ
2761 1098 2970 1167 πονηρᾷ
2986 1097 3203 1168 ῥύσεται
3218 1101 3370 1155 αὑτὸν
3386 1104 3412 1155 ὁ
3427 1104 3622 1176 Κύριος·
3643 1126 3660 1159 ι
3679 1111 3755 1164 καὶ

2255 1181 2440 1235 πάλιν·
2478 1202 2497 1235 ι
2548 1184 2917 1257 Ἐσκόρπισεν,
2950 1188 3115 1243 ἔδωκε
3144 1194 3257 1254 τοῖς
3285 1193 3515 1265 πένησιν,
3546 1197 3755 1266 ῆδικαιο-

2256 1273 2385 1343 σῦνη
2425 1274 2586 1327 αὐτοῦ
2630 1277 2779 1346 μένει
2814 1280 2896 1341 εἰς
2932 1279 3024 1333 τὸν
3064 1281 3235 1335 αίῶνα
3260 1299 3274 1314 ο
3314 1301 3333 1334 ι
3364 1286 3453 1338 καί
3488 1289 3516 1339 ό
3551 1287 3755 1360 Σολομῶν

2252 1367 2438 1437 φησιν’
2483 1387 2502 1419 ι
2552 1367 2610 1421 ὐ
2638 1368 2802 1424 ἐλεῶν
2829 1372 3060 1442 πτωχὸν,
3092 1375 3283 1446 Κυρίῳ
3307 1376 3557 1442 δανείζει’
3584 1382 3756 1437 κατάδὲ

2250 1457 2312 1510 τὸ
2354 1458 2492 1530 δόμα
2533 1460 2695 1514 αὐτοῦ
2736 1463 3219 1534 ἀνταποδοθήσεται
3254 1467 3415 1537 αὐτῷ·
3460 1487 3478 1519 ι
3519 1472 3602 1524 καὶ
3628 1471 3761 1542 iac"

2257 1566 2276 1598 ι
2323 1550 2418 1612 Ὃς
2446 1550 2675 1621 φράσσει
2701 1552 2770 1605 τά
2798 1549 2910 1607 ῶτα
2938 1554 3102 1609 αὐτοῦ
3136 1557 3212 1629 μὴ
3242 1558 3544 1613 εἰσακοῦσαι
3567 1561 3648 1615 τοῦ
3668 1562 3758 1616 δεο-

2254 1641 2435 1709 μένου,
2466 1643 2559 1695 καὶ
2597 1642 2758 1708 αὐτὸς
2789 1645 3199 1713 ὲπικαλέσεται,
3228 1650 3322 1702 καὶ
3357 1649 3453 1703 οὐκ
3481 1650 3616 1707 ἔσται
3646 1655 3758 1707 eisu-

2253 1730 2425 1786 κούων
2451 1733 2632 1787 αὐτοῦ.
2673 1754 2691 1786 ι

2180 1809 2224 1864 Β

2777 1896 3169 1950 ΚΕΦΑΛΑΙΟΝ
3199 1898 3272 1951 E'.

2285 2026 2401 2078 ’Ότι
2427 2027 2524 2079 καὶ
2550 2026 2653 2081 τοῦ
2680 2027 2863 2095 ἤθους
2888 2029 3281 2100 ἐπιμελητέον
3298 2031 3411 2100 τὴν
3424 2032 3603 2101 χήραν
3625 2034 3731 2106 (55).

2325 2118 2639 2189 ’Υπαρχέτω
2665 2120 2720 2172 δὲ
2750 2122 2895 2175 πᾶσα
2913 2124 3053 2193 χήρα
3069 2127 3291 2195 πραεῖα,
3306 2126 3521 2196 ἥσυχος,
3538 2126 3759 2198 ἐπιεικὴς,

2242 2207 2465 2272 ἄκακος,
2494 2210 2777 2282 άόργητος,
2810 2212 2883 2283 μὴ
2914 2213 3232 2279 πολύλαλοςν,
3267 2216 3342 2287 μὴ
3372 2216 3674 2287 κραύγασος,
3704 2216 3761 2288 μὴ

2241 2299 2605 2370 πρόγλωσσος,
2641 2302 2713 2373 μὴ
2744 2303 3060 2368 κατάλαλος,
3094 2306 3170 2378 μὴ
3203 2304 3499 2379 λεξίθηρος,
3531 2309 3598 2379 μὴ
3630 2308 3763 2361 δισσο-

2240 2388 2415 2459 λόγος,
2447 2392 2520 2463 μὴ
2554 2392 2963 2465 φιλοπράγμων.
3002 2395 3287 2451 Βλέπουσά
3316 2415 3369 2451 τι
3398 2397 3660 2469 σκολιὸνῆ
3690 2400 3761 2450 καὶ

2238 2483 2507 2537 ἀκούουσα
2538 2480 2834 2556 γινόμενον,
2865 2486 3003 2540 ἔστω
3030 2486 3140 2557 (56)
3177 2488 3257 2552 ὡς
3292 2489 3366 2561 μὴ
3402 2489 3671 2560 βλέπουσα,
3693 2491 3765 2541 καὶ

2237 2575 2315 2638 ὡς
2360 2575 2432 2645 μὴ
2479 2575 2745 2630 ἀκούουσα
2799 2578 3104 2649 ὑπαρχέτωο
3170 2582 3266 2634 καὶ
3326 2582 3487 2652 μηδὲν
3515 2582 3679 2653 ἕτερον
3710 2583 3761 2651 τῇ

2236 2668 2379 2739 χήρᾳ
2409 2667 2633 2739 μελέτω,
2661 2670 2709 2722 εί
2730 2669 2802 2740 μὴ
2830 2669 2890 2722 τδ
2917 2669 3321 2740 προσεύχεσθαι
3356 2673 3493 2744 ὑπὲρ
3518 2673 3617 2727 τῶν
3641 2671 3766 2726 διδόν-

2233 2775 2340 2812 των
2369 2760 2459 2812 ita).
2486 2760 2625 2831 ὑπὲρ
2650 2760 2777 2832 ὅλης
2800 2761 2898 2832 τῆς
2918 2760 3270 2832 Ἐκκλησιας.
3290 2763 3693 2835 Ἐπερωτωμένη
3721 2762 3764 2814 δέ

2232 2865 2285 2901 τι
2315 2850 2418 2903 ὑπό
2444 2867 2606 2915 τινος,
2638 2852 2712 2923 μὴ
2735 2852 2929 2923 ῥᾳδίως
2957 2852 3366 2923 ἀποκρινέσθω,
3389 2855 3527 2927 πλὴν
3553 2855 3644 2907 ὅσα
3668 2854 3767 2922 περὶ

2236 2939 2494 3004 πίστεως,
2526 2943 2620 2995 καὶ
2648 2942 3010 3014 δικαιοσύνης,
3041 2945 3135 2998 καὶ
3173 2947 3279 3018 τῆς
3305 2949 3388 3010 είς
3414 2947 3544 3002 Θεὸν
3569 2946 3763 3007 ἐλπίδος·

2230 3032 2623 3086 ἀποστέλλουσα
2661 3032 2771 3095 τοῖς
2806 3034 3123 3105 ἡγουμένοις
3180 3039 3313 3101 τοὺς
3357 3037 3598 3100 θέλοντας
3632 3051 3769 3105 κατη-

2230 3124 2436 3194 χετσθαι
2467 3126 2537 3179 τά
2566 3125 2664 3195 τῆς
2702 3125 2981 3190 εὐσεϐείας
3008 3127 3283 3198 δόγματαο
3334 3129 3471 3200 μόνα
3498 3129 3552 3182 δὲ
3576 3130 3770 3197 ἀποκρι-

578 3221 754 3276 solum
795 3220 1120 3291 respondeat
1154 3236 1274 3290 qua:
1303 3221 1367 3275 ad
1399 3223 1746 3278 evertendum
1775 3223 1842 3279 de
1882 3227 2156 3282 multitu-l

2236 3214 2398 3269 νέσθω
2449 3215 2518 3269 τὰ
2567 3217 2693 3287 περὶ
2734 3217 3040 3289 ἀνατροπῆς
3083 3220 3355 3274 πολυθὲου
3416 3220 3634 3289 πλάνης,
3666 3218 3773 3271 ἀτω-

578 3312 704 3365 dine
751 3311 975 3365 deorum
1025 3327 1264 3367 errorem
1292 3320 1561 3383 spectant,
1608 3315 1985 3373 demonstrans
2031 3318 2131 3372 do-

575 3403 805 3456 ctrinam
846 3403 913 3457 de
949 3402 1041 3457 Dei
1082 3404 1319 3470 unitate;
1361 3414 1415 3458 at
1442 3404 1495 3458 in
1523 3407 1737 3461 ueteris
1770 3407 1905 3462 nihil
1926 3416 2131 3466 temere

576 3503 821 3565 reponat.
866 3511 934 3550 ne
989 3496 1192 3567 aliquid
1236 3498 1430 3553 inscite
1485 3499 1788 3568 prolocuta,
1848 3500 2127 3557 infamiam

572 3588 740 3642 verbo
787 3587 879 3642 Dei
923 3588 1120 3643 inurat.
1163 3587 1355 3644 Docuit
1392 3590 1535 3645 enim
1568 3590 1860 3658 Dominus,
1891 3591 2127 3649 Verbum

574 3680 749 3734 simile
790 3696 910 3735 esse
939 3696 1107 3749 grano
1158 3681 1367 3752 sinapis
1389 3684 1471 3738 "’:
1506 3683 1609 3737 hoc
1660 3691 1842 3738 autem
1899 3700 2026 3741 acre
2074 3695 2129 3744 et

574 3771 772 3826 ardens
800 3779 901 3834 est,
928 3787 1035 3842 quo
1066 3773 1111 3829 si
1139 3775 1263 3843 quis
1303 3773 1551 3845 imperite
1580 3774 1850 3840 abutatur,
1884 3791 2126 3833 amarum

573 3862 703 3917 illud
731 3863 966 3918 inveniet
990 3882 1003 3929 ;
1030 3865 1258 3929 scilicet,
1291 3865 1346 3918 in
1374 3864 1617 3935 mysticis
1633 3873 1845 3936 oportet
1880 3882 1988 3922 non
2007 3884 2128 3925 esse

571 3953 921 4025 proditorem,
963 3955 1056 4010 scd
1079 3964 1317 4022 cautum,
1349 3956 1472 4027 quia
1495 3971 1595 4011 nos
1618 3956 1703 4012 bis
1734 3957 1910 4013 verbis
1939 3957 2126 4013 Domi-

571 4060 675 4097 nus
704 4044 955 4099 admonet
988 4064 999 4099 :
1038 4064 1057 4096 ‹
1087 4044 1262 4101 Nolite
1307 4048 1520 4102 mittere
1550 4030 1875 4118 margaritas
1918 4059 2125 4105 vestras

576 4143 700 4189 ante
725 4151 941 4205 porcos,
966 4152 1033 4191 ne
1073 4136 1213 4193 forte
1241 4138 1564 4193 conculcent
1585 4154 1680 4195 eas
1724 4138 1953 4209 pedibus
1984 4141 2121 4205 suis,

571 4236 627 4283 et
655 4228 903 4285 conversi
927 4229 1240 4300 dirumpant
1261 4243 1359 4284 vos
1378 4229 1445 4283 ⁸ο.
1470 4248 1490 4281 ι
1523 4228 1660 4285 Cum
1690 4231 1831 4285 enim
1855 4230 2121 4300 inﬁdeles,

576 4334 685 4373 non
733 4334 833 4389 pro
887 4320 1167 4391 dignitate,
1206 4319 1301 4375 sed
1330 4320 1511 4375 minus
1559 4336 1720 4391 quam
1758 4335 1856 4391 par
1907 4321 1999 4386 sit,
2054 4322 2122 4378 de

564 4410 783 4467 Christo
811 4412 1035 4471 verbum
1067 4411 1397 4481 acceperint,
1430 4412 1839 4491 prazsertimque
1865 4414 2011 4489 quod
2036 4414 2121 4475 in-

563 4502 931 4559 carnationem
947 4502 1029 4557 vel
1046 4504 1354 4572 passionem
1375 4503 1493 4573 ejus
1510 4503 1696 4568 tradit,
1714 4504 1886 4575 magis
1907 4505 2119 4565 adunco

563 4609 701 4647 naso
734 4593 1040 4647 irridebunt
1065 4593 1229 4647 veluti
1259 4595 1509 4659 mendax,
1538 4610 1697 4665 quam
1748 4595 2000 4651 laudibus
2024 4610 2117 4650 ce-

562 4687 853 4741 lebrabant
871 4703 886 4750 ;
907 4686 1117 4756 eritque
1135 4701 1273 4743 anus
1302 4702 1393 4741 rea
1414 4687 1741 4744 temeritatis
1773 4702 1837 4742 ac
1860 4688 2114 4759 blasphe-

562 4779 704 4842 miae,
735 4785 788 4833 et
816 4794 895 4833 vae
916 4779 1191 4837 sortietur.
1220 4796 1240 4829 ι
1277 4776 1369 4832 Vae
1388 4786 1587 4841 autem,
1614 4779 1809 4849 inquit,
1836 4795 1933 4850 per
1953 4793 2115 4851 quem

562 4884 758 4923 nomen
784 4885 961 4925 meum
981 4870 1383 4940 blasphematur
1406 4871 1458 4924 in
1489 4870 1739 4940 gentibus
1767 4870 1829 4925 ⁸³.
1864 4892 1882 4926 ι

628 5047 675 5082 τ’
709 5042 778 5102 Is.
811 5061 971 5105 Lvm.
1006 5049 1055 5101 7.
1128 5047 1175 5079 ⁷³
1209 5046 1340 5101 Dan.
1374 5064 1446 5107 tv,
1476 5047 1567 5101 24.
1642 5048 1687 5079 "
1719 5045 1877 5103 Prov.
1911 5060 1981 5099 xv
2003 5085 2017 5108 ,
2048 5044 2140 5099 ‘27.

2231 3305 2543 3362 δεικνύουσα
2581 3308 2671 3360 τὸν
2711 3310 2837 3381 περὶ
2878 3310 3175 3381 μοναρχίας
3203 3311 3345 3366 Θεοῦ
3376 3312 3549 3380 λόγον’
3597 3308 3772 3381 περὶδὲ

2229 3397 2335 3449 τῶν
2369 3396 2494 3468 ἑξῆς
2521 3400 2803 3470 προπετῶς
2830 3417 2883 3453 τι
2918 3401 2992 3472 μὴ
3028 3401 3440 3474 ἀποκρινέσθω,
3471 3404 3611 3465 ὅπως
3638 3400 3703 3473 μή
3732 3415 3774 3450 τι

2228 3489 2450 3559 ἀμαθῶς
2468 3489 2808 3563 φθεγξαμένη
2827 3490 3171 3563 βλασφημίαν
3202 3495 3520 3568 προστρίψῃ
3531 3494 3607 3564 τῷ
3630 3492 3771 3559 λόγῳ.

2228 3580 2426 3651 Κόκκῳ
2465 3580 2573 3652 γὰρ
2613 3583 2878 3646 σινάπεως
2918 3584 3152 3637 ἐοικέναι
3203 3586 3299 3639 τὸν
3341 3586 3498 3655 λόγον
3536 3587 3566 3639 ὁ
3603 3582 3775 3653 Κύριος

2228 3672 2563 3743 ἐδογμάτισε.
2595 3674 2762 3728 Τοῦτο
2789 3675 2963 3731 δ’ἐστὶ
2988 3675 3291 3747 διάπυρον,
3327 3672 3373 3747 ᾧ
3413 3677 3508 3731 ὲάν
3535 3693 3616 3738 τις
3642 3671 3774 3726 ἀπεξ-

2230 3782 2336 3835 ρως
2362 3766 2859 3837 χρήσηται,πικρδν
2886 3766 3016 3820 αὐτὸ
3036 3768 3267 3839 εὑρήσει
3290 3785 3305 3801 ο
3338 3768 3448 3841 χρὴ
3476 3767 3582 3839 γὰρ
3610 3767 3663 3821 ὲν
3683 3764 3775 3824 τοῖς

2229 3860 2507 3925 μυστικοῖς
2537 3857 2610 3928 μὴ
2639 3857 2899 3930 προδότην
2927 3854 3085 3925 εἶναι,
3123 3859 3246 3911 ἀλλ’
3266 3859 3511 3931 ἀσφαλῆ·
3553 3855 3778 3928 παραινεῖ

2224 3948 2331 4020 γὰρ
2360 3951 2488 4020 ἡμῖν
2517 3951 2545 4002 ὁ
2570 3948 2770 4021 Κύριος
2807 3950 2999 4018 λέγων’
3034 3968 3054 4001 ι
3099 3949 3195 4022 Μὴ
3237 3951 3469 4021 βάλλετε
3503 3950 3625 4012 τοὺς
3661 3960 3777 4017 μαρ-

2223 4041 2450 4112 γαρίτας
2477 4040 2627 4111 ὑμῶν
2658 4040 2961 4111 ἔμπροσθεν
2990 4040 3097 4094 τῶν
3125 4044 3360 4113 χοίρων,
3394 4043 3605 4113 μήποτε
3634 4053 3777 4091 κατα-

2225 4134 2533 4203 πατήσωσιν
2554 4132 2747 4195 αὐτοὺς
2759 4133 2815 4184 ὲν
2840 4135 2951 4195 τοῖς
2966 4133 3092 4185 ποσὶ
3121 4133 3330 4199 αὐτῶν,
3346 4134 3445 4189 καὶ
3473 4128 3773 4203 στραφέντες

2225 4224 2455 4296 ῥήξωσιν
2484 4223 2643 4293 ὑμᾶς·
2667 4241 2685 4275 ³
2716 4222 3064 4286 Ἀκούσαντες
3088 4223 3199 4294 γὰρ
3229 4227 3283 4277 οἱ
3313 4226 3539 4279 ἄπιστοι
3565 4222 3654 4274 τὸν
3673 4216 3778 4287 περὶ

2221 4313 2455 4386 Χριστοῦ
2475 4313 2650 4383 λόγον,
2681 4314 2741 4366 οὐ
2769 4313 3014 4381 δεόντως,
3043 4314 3157 4367 ἀλλ’
3176 4315 3385 4379 ἐνδεῶς
3415 4314 3553 4386 (57),
3583 4310 3670 4366 καὶ

2220 4408 2374 4462 λιστα
2399 4407 2489 4461 τὸν
2505 4423 2570 4459 πε
2579 4406 2630 4477 pi.
2642 4403 3091 4475 ὲνσωματὼσεως,
3120 4406 3154 4477 ῆ
3167 4406 3267 4459 τοῦ
3282 4406 3499 4469 πάθους
3507 4401 3684 4465 αὐτοῦ,
3700 4416 3779 4469 μυσ

2221 4498 2569 4571 κτηρίσαντες
2587 4496 2901 4567 χλευάσουσι
2926 4495 3119 4567 μᾶλλον
3131 4495 3207 4559 ὡς
3217 4496 3423 4567 ψευδῆ,
3438 4496 3472 4566 ἢ
3493 4492 3774 4559 δοξάσουσι.

2219 4590 2329 4643 Καὶ
2363 4588 2540 4658 ἔνοχος
2578 4587 2686 4658 (58)
2726 4587 2874 4640 ἔσται
2919 4588 3016 4657 τῆς
3052 4588 3392 4658 προπετείας
3432 4590 3467 4658 ἡ
3510 4580 3780 4657 πρεσϐῦτις

2219 4681 2312 4733 καὶ
2363 4680 2460 4750 τῆς
2515 4676 2874 4749 βλασφημίας,
2931 4678 3024 4730 καὶ
3074 4678 3135 4730 τὸ
3187 4679 3331 4758 οὐαὶ.
3376 4677 3774 4747 κληρονομήσει·

2223 4790 2241 4822 ι
2281 4770 2414 4823 Οὐαὶ
2439 4769 2516 4835 δὲ,
2546 4770 2697 4840 φησὶ,
2726 4768 2790 4821 δι’
2811 4763 2870 4821 οῦ
2898 4769 2959 4821 τὸ
2986 4768 3155 4839 ὄνομά
3176 4787 3284 4839 μου
3306 4769 3712 4841 βλασφημεῖται
3728 4761 3778 4810 ὲν

2214 4866 2323 4927 τοῖς
2351 4862 2573 4917 ἔθνεσιν.
2606 4881 2625 4913 ι

2215 5044 2262 5076 ’⁵
2298 5042 2442 5097 Psal.
2477 5056 2578 5107 ιιι,
2605 5040 2660 5096 2.
2735 5040 2782 5073 ⁷⁸
2818 5039 3080 5107 Psal.cxt,
3108 5039 3161 5094 9.
3240 5041 3289 5073 ⁷⁷
3334 5039 3506 5095 Prov.
3543 5054 3657 5100 xu,
3687 5036 3766 5089 t7.

554 5115 607 5153 τε
641 5113 803 5173 Prov.
830 5134 955 5183 ιιι,
991 5118 1075 5174 15.
1148 5118 1193 5148 ⁷¹
1226 5116 1413 5173 Matth.
1444 5133 1539 5172 xm
1561 5155 1578 5184 ,
1615 5118 1705 5174 51.
1781 5117 1825 5148 ⁸⁰
1866 5116 2055 5171 Matth.
2085 5129 2156 5169 vu

2236 5113 2286 5169 ὃ.
2360 5113 2402 5146 ⁸¹
2442 5112 2546 5168 lsa.
2569 5125 2683 5176 ιιι,
2713 5111 2767 5166 5.

1849 5373 2205 5433 VARIORUM
2240 5373 2468 5432 ΝΟΤΕ.

647 5640 735 5708 35)
778 5639 893 5707 Τὴν
911 5637 1118 5707 χήραν.
1157 5643 1278 5698 Τῶν
1301 5638 1515 5708 χηρῶν,
1541 5638 1697 5692 alter.
1733 5636 1901 5692 Ctsn.

647 5640 714 5696 35
778 5640 893 5707 Τὴν
911 5640 1118 5707 mpm”
1157 5643 1278 5698 Τῶν
1301 5640 1515 5708 κηρῶν,
1541 5640 1697 5692 alter.
1733 5640 1901 5692 Ctsn.

623 5640 735 5782 335;
774 5712 980 5782 νεστω.
1005 5709 1131 5782 Haec
1162 5725 1263 5763 vox
1293 5716 1347 5764 et
1391 5718 1502 5765 tres
1532 5724 1681 5777 seqq,
1722 5719 2001 5778 perperam
2041 5706 2094 5761 in

557 5777 724 5845 auem
745 5780 1063 5836 omittuntur
1110 5777 1187 5833 lo.

2292 5635 2380 5701 53')
2430 5629 2836 5697 Ἀλλ’ὲνὸεῶς.
2868 5629 3072 5687 Desunt
3103 5632 3156 5687 in
3178 5631 3364 5686 altero
3385 5634 3518 5689 cod.
3550 5631 3626 5689 lo.

2292 5635 2380 5701 57)
2430 5635 2836 5697 Ἀλλᾋνόεῶᾳ
2869 5635 3072 5687 Desunt
3103 5635 3156 5687 in
3178 5635 3364 5686 altero
3385 5635 3518 5689 cod.
3550 5635 3626 5689 lo.

2269 5635 2380 5773 (53)
2422 5704 2683 5774 Ἔνοχος.
2724 5702 2875 5774 Alter
2913 5701 3062 5759 addit
3098 5702 3317 5757 λοιπόν
3349 5710 3526 5774 atque
3577 5702 3768 5760 omittit

2249 5772 2271 5782 ο

2200 5772 2308 5841 τῆς
2336 5772 2705 5843 προπετείας.
2734 5772 2811 5828 In.
