3880 6332
167 312 256 368 πτ
1048 308 1644 368 CONSTITUTIONES
1665 309 2339 369 APOSTOUC£.—Lm.
2379 311 2467 367 ιιι.
3251 314 3355 371 778

160 430 227 490 ὡς
248 424 293 477 οί
317 420 692 493 ἐγρηγορότες·
740 421 853 475 ἀλλ’
881 422 914 493 ἦ
946 426 1324 491 νυστάζουσιν,
1354 425 1387 496 ἢ
1434 425 1692 497 φλυαροῦ-

1826 425 2115 491 ιάιιυουηῑ,
2147 441 2258 481 non
2296 426 2540 483 sinentes
2579 426 2635 482 in
2665 425 2895 485 Domino
2920 444 3043 486 esse
3082 437 3320 488 attentos
3343 474 3358 498 ,

161 536 259 583 σιν,
298 513 328 583 ἢ
376 512 842 584 μαστροπεύουσιν
877 514 1018 586 (45),
1050 517 1083 587 ἦ
1112 515 1381 583 αἰτοῦσιν,
1409 517 1444 588 ἦ
1480 518 1693 589 ἑτέρους

1827 534 1910 574 mo
1946 518 2242 575 eliicientes
2291 526 2353 573 ut
2382 522 2520 575 tales
2564 528 2762 576 exeant
2807 522 2997 592 quales
3048 522 3359 587 intrarunt,

155 604 618 678 αίχμαλιιηίζουσιν
639 646 655 670 ,
711 607 1079 677 προσάγοντες
1149 608 1229 679 τῷ
1283 608 1505 680 πονηρῷ
1526 650 1542 675 ,
1596 609 1687 661 οὐκ

1832 625 1999 682 tempe
2025 612 2206 675 vacui,
2250 626 2318 666 eo
2362 612 2507 681 quod
2547 626 2659 666 non
2707 611 2980 670 audierint
3013 613 3135 668 illos
3156 615 3251 684 qui
3278 618 3364 670 vel

153 702 328 762 ἐῶντες
370 699 568 762 αὐτοὺς
594 700 785 770 νήφειν
824 701 882 753 ὲν
913 702 1137 772 Κυρίῳ,
1180 700 1317 756 ἀλλὰ
1347 701 1685 771 παρασκευά-

1829 704 2033 767 |ocent,
2069 703 2153 757 vel
2204 703 2391 773 legunt
2444 703 2670 759 verbum
2716 702 2952 760 Domini.
2991 704 3125 759 Nam
3157 706 3225 760 de
3255 707 3361 761 hu-

152 792 317 858 ζοντες
332 791 606 854 τοιούτους
623 792 821 856 αὐτοὺς
846 792 1046 858 ἐξιέναι
1072 788 1173 847 οἷοι
1192 794 1288 847 καὶ
1314 795 1513 847 εἰσίασι
1530 836 1546 860 ,
1575 792 1684 847 διά-

1825 794 2037 849 usmodi
2073 793 2243 850 Isaias
2269 793 2533 867 propheta
2577 794 2752 850 dicit:
2791 813 2811 845 ι
2852 796 3055 851 Auditu
3084 796 3317 852 audietis
3341 836 3357 858 .

152 902 278 938 κενοι
302 883 389 937 διά
402 882 463 937 τὸ
492 882 566 955 μὴ
584 884 803 938 ἀκούειν
820 886 929 939 τῶν
946 887 1300 940 διδασκόντων
1317 887 1351 957 ἢ
1376 886 1486 939 τῶν
1499 887 1684 955 ἀναγι-

1831 894 1853 939 ι
1893 900 2003 940 non
2045 886 2395 957 intelligetis;
2443 895 2499 941 et
2537 885 2785 942 videntes
2818 887 3110 953 videbitis,
3149 896 3203 943 et
3250 904 3360 944 non

151 977 442 1030 νωσκόντων
469 976 559 1029 τὸν
579 976 673 1029 τοῦ
690 978 895 1049 Κυρίου
921 978 1096 1047 λόγον.
1116 979 1251 1051 Περὶ
1276 978 1384 1050 γὰρ
1403 979 1509 1031 τῶν
1528 976 1683 1030 τοιού·

1822 978 1984 1035 ιοίθιίε
2008 996 2022 1033 :
2056 979 2422 1034 incrassatum
2443 987 2529 1032 est
2565 978 2711 1033 enim
2741 992 2839 1033 cor
2857 980 3041 1049 populi
3060 980 3225 1048 hujus
3241 980 3306 1033 “.
3333 998 3354 1032 ο

149 1080 242 1115 των
266 1064 351 1116 καὶ
376 1064 603 1128 Ἡσαΐας
628 1066 657 1116 ὁ
686 1068 968 1138 προφήτης
1012 1067 1179 1136 λέγει·
1216 1090 1235 1119 ‹
1276 1068 1435 1138 Ἀκοῇ
1463 1065 1744 1129 ἀκούσετε,
1773 1064 1867 1118 καὶ
1897 1065 1962 1118 οὐ
2008 1065 2083 1136 μὴ
2116 1066 2329 1137 συνῆτε·
2354 1068 2447 1121 καὶ
2480 1065 2763 1135 βλέποντες
2790 1067 3008 1138 βλέψετε
3028 1111 3043 1135 ,
3073 1069 3166 1123 καὶ
3192 1070 3253 1122 οὐ
3283 1072 3358 1143 μὴ

151 1152 277 1225 ίδητε
295 1171 308 1184 ·
328 1153 603 1225 ἐπαχύνθη
624 1154 734 1226 γάρ
758 1158 791 1226 ἠ
818 1156 1013 1227 καρδία
1037 1157 1131 1209 τοῦ
1153 1155 1281 1210 λαοῦ
1309 1155 1496 1209 τούτου
1518 1153 1647 1224 (46).
1663 1172 1681 1203 ι

654 1249 1049 1303 ΚΕΦΑΛΔΙΟΝ
1082 1249 1155 1304 Z'.

2386 1242 2615 1299 CAPUT
2647 1243 2757 1299 VII.

468 1338 596 1392 θῖαί
638 1340 796 1393 εἰσιν
838 1343 897 1394 αὶ
935 1340 1322 1410 ψευδοχῆραι.

2139 1334 2332 1401 Quales
2358 1346 2478 1391 sunt
2498 1336 2651 1405 [alam
2677 1339 2864 1393 vidum.

205 1429 297 1483 Τὸν
338 1430 503 1484 αὑτὸν
562 1427 656 1484 οὖν
682 1430 883 1502 τρόπον
914 1434 1009 1485 καὶ
1059 1433 1167 1487 τῶν
1196 1432 1449 1485 τοιούτων
1484 1430 1688 1501 ,χηρῶν

1856 1425 1940 1482 Ad
1956 1426 2206 1483 eumdem
2235 1443 2364 1500 ergo
2386 1429 2630 1495 modum,
2656 1429 3164 1500 hujusmodividuze
3190 1433 3353 1488 obtu-

148 1522 373 1594 ὲκλείσθη
405 1521 476 1574 τὰ
502 1515 614 1575 ὦτα
658 1523 757 1593 τῆς
808 1524 1056 1596 καρδίας,
1085 1527 1165 1589 είς
1193 1525 1253 1577 τὸ
1283 1525 1357 1595 μὴ
1388 1521 1680 1593 καθεζομέ-

1822 1527 1937 1574 atas
1966 1519 2170 1575 habent
2191 1536 2354 1577 aures
2393 1521 2616 1588 cordis;
2660 1537 2729 1578 ne
2774 1524 2922 1580 intus
2951 1526 3006 1579 in
3050 1526 3211 1582 tectis
3238 1527 3354 1582 suis

147 1632 226 1678 νας
248 1614 389 1666 ἔνδον
417 1616 475 1666 ὲν
501 1616 622 1677 ταῖς
650 1615 868 1682 στέγαις
895 1615 1093 1679 αὐτῶν,
1124 1615 1444 1687 προσλαλεῖν
1470 1614 1548 1685 τῷ
1576 1616 1679 1667 Κυ-

1825 1611 2060 1675 edentes,
2083 1610 2373 1668 Dominum
2400 1614 2768 1685 alloquantur,
2799 1616 2894 1673 sed
2916 1618 3357 1674 circumcursan-

150 1705 401 1777 ρίῳ,άλλά
429 1705 874 1777 περιτρεχούσας,
902 1707 961 1760 ὲν
1009 1686 1223 1779 ἐπινοίᾳ
1260 1704 1554 1777 πορισμοῦ,
1595 1703 1682 1758 διὰ

1825 1717 1892 1769 es,
1919 1711 2160 1773 quarstus
2181 1705 2375 1775 gratia,
2406 1722 2578 1777 nugas
2609 1708 2838 1778 agendo,
2865 1710 3148 1779 perﬁciant
3170 1712 3357 1768 adven-

146 1800 235 1852 τῶν
261 1799 531 1870 φλυαριῶν
549 1801 617 1861 ⁸⁷,
648 1798 715 1855 τὰ
743 1797 836 1852 τοῦ
879 1798 1252 1869 ἀντικειμένου
1298 1797 1678 1868 ἐπιθυμήματα

1819 1796 1918 1849 arii
1942 1795 2236 1854 desideria.
2269 1796 2364 1853 Hae
2394 1799 2560 1869 igitur
2580 1800 2777 1865 viduae,
2808 1816 2932 1857 cum
2960 1802 3165 1858 Christi
3190 1805 3349 1858 altari

146 1892 410 1962 πράσσειν.
448 1892 516 1944 Δί
563 1878 812 1946 τοιαῦται
839 1886 932 1945 οὖν
970 1892 1135 1963 χῆραι
1179 1892 1242 1943 οὐ
1284 1891 1678 1962 προσήρτηνται

1820 1902 1899 1941 ton
1926 1895 2157 1956 possunt
2211 1890 2539 1960 comparari.
2599 1889 2738 1945 Sunt
2780 1893 2925 1946 enim
2971 1896 3244 1951 nonnullae
3269 1897 3352 1951 vi-

143 1983 208 2054 τῷ
231 1983 590 2055 θυσιαστηρίῳ
610 1982 703 2035 τοῦ
732 1982 988 2055 Χριστοῦ.
1019 1983 1139 2036 Elei.
1156 1982 1263 2053 γὰρ
1284 1982 1419 2035 ἔνιαι
1433 1981 1675 2052 χῆραιὲρ

1816 1980 1928 2042 luae,
1956 1994 2078 2049 quae
2120 1981 2176 2034 in
2204 1981 2358 2035 lucro
2404 1998 2563 2037 omne
2594 1984 2836 2038 studium
2886 2001 3048 2041 suum
3098 1996 3348 2057 ponunt;

144 2075 313 2143 γασίαν
358 2075 659 2146 ἡγούμεναι
691 2076 752 2129 τὸ
781 2078 1030 2147 πρᾶγμα·
1065 2076 1161 2129 καὶ
1202 2075 1265 2139 se
1289 2068 1363 2127 ὧν
1400 2072 1676 2144 ἀναισχύν·

1819 2072 1993 2140 tquia
2025 2071 2367 2141 impudenter
2414 2081 2624 2143 petunt,
2678 2090 2742 2129 ac
2774 2077 3154 2133 insatiabiliter
3200 2080 3350 2134 acci-

144 2185 235 2231 τως
283 2167 496 2221 αἰτοῦσι
534 2168 627 2221 καὶ
672 2168 965 2238 ἀπλήστως
994 2166 1390 2238 λαμϐάνουσιν,
1438 2166 1538 2237 ἤδη
1593 2164 1676 2217 καὶ

1826 2161 1962 2227 iunt,
1988 2162 2099 2231 jam
2130 2163 2331 2219 multos
2368 2164 2435 2218 ad
2467 2165 2808 2235 largiendum
2851 2168 3133 2237 segniores
3169 2170 3352 2225 reddi-

143 2259 508 2331 ὀκνηροτέρους
533 2260 661 2321 τοὺς
689 2259 920 2321 πολλοὺς
946 2258 1085 2328 πρὸς
1111 2258 1172 2310 τὸ
1199 2256 1397 2310 διδόναι
1424 2256 1675 2326 κατέστη-

1823 2262 1983 2310 erunt
2013 2274 2026 2309 :
2059 2270 2294 2324 cumque
2336 2264 2632 2325 Oporteret,
2675 2265 2735 2311 ut
2765 2273 2860 2329 per
2909 2259 3075 2314 animi
3103 2260 3353 2315 modera-

145 2367 244 2402 σαν·
299 2350 418 2404 δέον
445 2349 555 2421 γάρ
581 2349 749 2412 αὑτὰς
775 2349 1062 2419 ἀρκεῖσθαι
1081 2350 1193 2411 τοῖς
1213 2348 1677 2419 ὲκκλησιαστικοῖς

1816 2346 1993 2400 ionem
2048 2354 2319 2401 contentae
2375 2354 2559 2402 essent
2614 2349 3005 2407 ecclesiasticis
3048 2352 3348 2417 subsidiis,

141 2442 219 2494 διὰ
260 2443 577 2513 μετριότητα
607 2442 849 2512 γνώμης,
880 2443 944 2495 ἐκ
978 2440 1085 2494 τῶν
1130 2440 1409 2503 ἐναντίων,
1454 2439 1673 2509 ἐμπερι-

1816 2444 1979 2491 ontra
2061 2436 2557 2494 circumcurrentes
2652 2442 2974 2497 concutiunt
3046 2442 3348 2498 vicinorum

140 2534 403 2603 τρέχουσαι
424 2534 532 2603 (Π)
562 2535 685 2596 τοὺς
702 2533 810 2586 τῶν
850 2533 1092 2604 πλησίων
1129 2534 1175 2566 ⁸⁸
1199 2534 1381 2596 οἴκους
1424 2532 1672 2587 διασείου-

1815 2529 2017 2596 ὶοωοε,
2107 2529 2314 2584 allatim
2406 2532 2691 2601 pecuniam
2782 2533 2885 2589 sibi
2966 2538 3347 2606 congerendo,

144 2627 499 2697 σιν,εύπορίαν
524 2626 822 2698 χρημάτων
843 2628 1063 2689 ἑαυταῖς
1088 2625 1520 2696 ὲπισωρεύουσαι
1549 2625 1676 2697 (48),

1824 2636 2000 2677 ecnon
2051 2622 2248 2677 acerbo
2297 2621 2484 2678 fenore
2540 2633 2790 2679 mutuum
2848 2625 3020 2691 dant,
3073 2628 3352 2699 soliusque

142 2718 221 2768 καὶ
234 2718 320 2770 ἐπὶ
345 2721 568 2788 πικροῖς
585 2718 765 2781 τόκοις
790 2718 1113 2782 δανείζουσι,
1129 2719 1221 2772 κα)⁵
1238 2718 1398 2790 μόνου
1417 2717 1512 2772 τοῦ
1536 2736 1674 2790 μαμ-

1819 2728 2108 2770 mammona:
2162 2729 2349 2770 curam
2400 2716 2636 2785 habent;
2667 2732 2896 2786 quarum
2928 2717 3071 2774 Deus
3118 2727 3203 2775 est
3225 2736 3351 2775 cru-

144 2811 277 2877 μωντῖ
300 2808 694 2882 φροντίζουσιν·
744 2803 817 2865 ὧν
861 2812 891 2863 ό
935 2809 1068 2873 Θεὸς
1101 2809 1162 2863 τὸ
1200 2808 1497 2880 βαλάντιον·
1532 2810 1588 2863 αἲ
1624 2810 1676 2863 τὸ

1820 2821 1982 2873 lena;
2022 2822 2144 2877 quae
2193 2807 2374 2862 cibum
2406 2822 2470 2862 ac
2510 2815 2697 2879 potum
2727 2811 2877 2865 omni
2902 2812 3088 2866 virtuti
3137 2822 3352 2883 antepo—

142 2905 308 2970 φαγεῖν
334 2902 436 2958 καὶ
460 2902 523 2956 τὸ
550 2905 694 2957 πιεῖν
727 2902 1074 2975 προκρίνουσι
1120 2902 1299 2973 πάσης
1335 2902 1552 2973 ἀρετῆς,
1599 2901 1674 2956 λέ-

1818 2907 1941 2959 ιιιιιι,
1993 2899 2200 2953 aientes
2232 2918 2245 2953 :
2287 2919 2305 2948 ι
2339 2898 2576 2955 Edamus
2627 2908 2681 2954 et
2710 2900 3007 2971 bibamus;
3054 2917 3178 2958 cras
3207 2905 3350 2959 enim

142 3009 326 3060 γουσαι·
363 3014 386 3047 ι
416 2995 684 3066 Φάγωμεν
711 2997 807 3049 καὶ
834 2995 1068 3067 πίωμεν,
1098 2993 1285 3066 αὔριον
1313 2994 1422 3064 γὰρ
1447 2993 1674 3066 ἀποθνή-

1819 2990 2082 3045 moriemur
2104 2991 2191 3057 υς
2250 3010 2267 3043 ι
2300 3000 2463 3061 atque
2514 2991 2649 3047 istas
2680 3008 2770 3048 res
2800 3001 3059 3065 tanquam
3125 2996 3351 3051 stabiles

143 3103 334 3149 σκομεν·
366 3107 388 3139 ι
428 3088 483 3141 αἶ
509 3087 584 3151 ὡς
607 3087 818 3141 ἑστῶτα
852 3086 1025 3140 ταῦτα
1066 3086 1396 3155 ὲλογίσαντο,
1446 3085 1542 3138 καὶ
1583 3085 1675 3155 οὐχ

1825 3090 2134 3146 Itaverunt,
2165 3090 2219 3138 et
2249 3098 2359 3137 non
2390 3092 2649 3154 tanquam
2680 3085 2921 3156 fugaces.
2970 3085 3106 3141 Nam
3139 3088 3195 3142 in
3217 3102 3354 3143 con-

142 3177 203 3240 ὡς
226 3179 506 3248 φεύγοντα·
564 3181 598 3249 ἡ
645 3179 754 3250 γὰρ
782 3180 1055 3249 ἡσκηκυῖα
1085 3178 1214 3250 περὶ
1256 3177 1316 3230 τὸ
1342 3195 1445 3249 χρη
1455 3176 1674 3248 ματολο-

1819 3174 2060 3230 uirendis
2089 3174 2330 3229 nummis
2372 3176 2688 3240 exercitata,
2728 3191 2830 3246 pro
2857 3176 2969 3232 Deo
3016 3178 3148 3233 colit
3173 3193 3350 3233 mam-

142 3271 253 3335 γεῖν,
278 3272 397 3324 ἀντὶ
429 3268 523 3323 τοῦ
550 3268 686 3323 Θεοῦ
715 3269 962 3340 λατρεύει
991 3269 1070 3342 τῷ
1102 3271 1401 3341 μαμμωνᾷ,
1428 3270 1674 3324 τουτέστι

1819 3282 2023 3329 nonam,
2050 3266 2153 3322 hoc
2182 3274 2288 3329 est,
2332 3267 2499 3323 servit
2550 3267 2740 3330 lucro;
2769 3280 2823 3322 at
2852 3268 2996 3338 apud
3020 3268 3188 3324 Deum
3225 3284 3351 3340 gra-

141 3358 345 3415 δουλεύει
378 3361 465 3432 τῷ
501 3362 700 3433 κέρδει·
753 3361 831 3433 τῷ
869 3361 926 3415 δὲ
953 3361 1071 3432 Θεῷ
1108 3361 1401 3432 εὐάρεστος
1444 3356 1583 3416 εἶναι
1618 3363 1673 3419 οὗ

1818 3360 1922 3416 iosa
1952 3373 2075 3416 esse
2106 3374 2214 3414 non
2238 3366 2437 3429 potest,
2490 3374 2591 3415 nec
2628 3359 2875 3430 religioni
2902 3361 3047 3416 illius
3071 3363 3350 3433 obtempe-

140 3450 349 3519 δύναται,
380 3454 511 3508 οὐδὲ
563 3456 683 3517 ταῖς
722 3454 994 3525 λατρείαις
1029 3453 1194 3508 αὐτοῦ
1246 3455 1503 3525 ὑπήκοος,
1555 3473 1672 3509 συν-

1817 3467 1926 3519 are,
1956 3467 2081 3507 cum
2130 3451 2349 3508 assidue
2392 3467 2594 3507 numen
2624 3452 2775 3507 adire
2814 3454 3040 3523 supplex
3094 3464 3349 3523 nequeat,

140 3545 256 3614 εχῶς
279 3548 337 3600 οὐ
364 3546 642 3617 δυναμένη
671 3546 1016 3615 ἐντυγχάνειν
1044 3547 1212 3619 αὐτῷ,
1244 3547 1339 3600 ἐπὶ
1364 3546 1426 3599 τὸ
1452 3548 1672 3620 ἀργυρο-

1821 3544 2218 3616 uandoquidem
2250 3550 2483 3599 mentem
2511 3552 2567 3599 et
2589 3544 2923 3600 voluntatem
2949 3545 3204 3615 parandis
3232 3547 3352 3616 opi-

140 3634 289 3704 λογεῖν
306 3638 395 3693 τὸν
419 3637 545 3691 νοῦν
563 3640 656 3692 καὶ
683 3638 780 3710 τὴν
807 3638 1041 3693 διάθεσιν
1066 3638 1262 3709 ἔχουσα
1283 3638 1411 3711 (49)·
1454 3639 1672 3711 ἐπείπερ

1820 3653 1885 3693 us
1911 3638 2176 3693 intentam
2206 3636 2402 3692 habeat
2436 3654 2451 3691 :
2482 3636 2740 3707 quoniam
2795 3637 2890 3692 ubi
2925 3638 3241 3702 thesaurus,
3276 3636 3351 3691 ibi

141 3727 252 3780 ὅπου
276 3731 303 3783 ὁ
327 3730 625 3802 θησαυρὸς,
655 3731 770 3783 ἐκεῖ
807 3730 900 3783 καὶ
927 3731 961 3801 ἡ
1016 3730 1212 3801 καρδία
1254 3731 1441 3801 αὐτῆς·
1501 3732 1559 3785 ὲν
1608 3732 1673 3803 νῷ

1821 3736 1838 3783 t
1866 3742 1961 3785 cor
1986 3728 2136 3783 illius
2165 3727 2211 3759 '°
2245 3747 2259 3783 :
2293 3728 2561 3799 siquidem
2594 3735 2777 3783 mente
2797 3728 3027 3792 volutat,
3046 3742 3155 3798 quo
3195 3742 3353 3783 acce-

141 3819 231 3891 γάρ
257 3821 634 3892 δισλαμὸάνει,
664 3821 768 3875 ποῦ
817 3822 1054 3894 πορευθῇ
1094 3822 1377 3895 λήμματος
1422 3823 1601 3894 χάριν,
1650 3825 1673 3894 ἦ

1815 3827 1875 3875 .et
1918 3827 2155 3891 captura:
2175 3821 2347 3890 gratia
2374 3839 2386 3874 :
2422 3828 2517 3875 aut
2546 3818 2690 3889 quod
2724 3820 2814 3873 illa
2840 3822 3126 3891 quaepiam,
3151 3821 3347 3883 amica,

138 3912 208 3963 ὅτι
240 3913 450 3983 ἡδεῖνα
498 3915 532 3985 ἡ
580 3914 707 3985 φίλη
756 3915 923 3984 αὐτῆς
961 3914 1304 3986 ἐπιλέλησται
1328 3954 1343 3977 ,
1390 3918 1483 3969 καὶ
1529 3916 1670 3985 λόγοη

1820 3911 1952 3965 blita
1981 3920 2065 3967 est
2090 3913 2231 3982 ejus,
2255 3920 2309 3967 et
2357 3928 2466 3983 quo
2514 3911 2661 3965 illam
2718 3912 2879 3966 aliam
2923 3927 3173 3970 sermone
3201 3926 3352 3966 com-

139 4002 239 4056 τίνα
262 4006 434 4078 ταύτῃ
457 4009 836 4078 προσενεγκεῖν
877 4007 1097 4077 ὀφείλει.
1161 4008 1225 4060 Ἦ
1261 4007 1318 4061 δὲ
1345 4007 1569 4061 τοιαῦτα
1595 4010 1671 4062 λο-

1817 4003 1988 4058 ellare
2024 4001 2238 4059 debeat.
2291 4003 2562 4060 Caeterum
2615 4019 2737 4075 quae
2784 4004 2914 4059 talia
2959 4012 3209 4076 reputat,
3240 4019 3349 4059 non

139 4095 394 4171 γιζομένη,
447 4101 631 4153 οὐκέτι
674 4103 739 4172 τῇ
793 4102 1065 4172 προσευχῇ
1122 4100 1396 4172 προσέξει,
1441 4101 1577 4155 ἀλλά
1617 4106 1671 4173 τῇ

1820 4095 2021 4164 mplius
2051 4095 2287 4150 orationi
2340 4096 2590 4160 vacabit,
2623 4096 2720 4153 sed
2754 4098 2979 4153 instanti
3007 4097 3348 4168 cogitationi.

140 4189 466 4263 ἐμπιπτούση
495 4192 691 4264 ἐννοίᾳ·
724 4192 805 4245 διὸ
850 4192 950 4247 κάν
982 4209 1112 4245 ποτε
1157 4192 1358 4265 θελήσῃ
1386 4193 1672 4263 προσεύξα-

1820 4190 2125 4257 Quapropter
2146 4189 2194 4244 si
2214 4187 2355 4244 lorte
2370 4204 2469 4259 pro
2488 4189 2671 4260 aliquo
2683 4189 2893 4259 precari
2904 4190 3054 4254 velit,
3070 4204 3182 4244 non
3192 4202 3352 4244 exau-

141 4281 244 4335 σθαι
270 4285 406 4357 ὑπέρ
440 4302 603 4348 τινος,
623 4286 722 4338 οὐκ
740 4284 1236 4356 είσακουσθήσεται·
1258 4286 1319 4338 οὺ
1348 4285 1457 4357 γάρ
1482 4285 1541 4351 ὲξ
1559 4286 1673 4357 ὅλης

1819 4280 1971 4335 ietur
1997 4296 2011 4332 :
2044 4295 2156 4336 non
2186 4280 2332 4336 enim
2356 4296 2422 4336 ex
2454 4288 2570 4336 toto
2600 4281 2786 4344 corde,
2818 4280 2913 4336 sed
2940 4288 3123 4336 mente
3151 4279 3351 4335 distra-

140 4374 339 4444 καρδίας
374 4375 676 4447 προσφέρει
717 4377 816 4449 τὴν
866 4376 1050 4449 δέησιν
1089 4377 1298 4448 Κυρίῳ,
1344 4377 1482 4430 ἀλλά
1516 4378 1672 4448 μέμε-

1822 4380 1898 4438 ta,
1936 4371 2166 4429 Domino
2216 4372 2373 4429 oll'ert
2422 4375 2813 4443 precationem.
2870 4371 3001 4439 Qua:
3030 4380 3211 4428 autem
3240 4371 3351 4427 Deo

142 4467 349 4540 ρισμένῃ
366 4469 598 4539 διανοίᾳ·
654 4469 771 4538 ἡδὲ
822 4468 939 4540 Θεῷ
984 4469 1279 4541 βουλομένη
1310 4471 1674 4541 προσανέχειν,

1824 4465 2033 4520 nimum
2055 4463 2336 4520 intendere
2357 4463 2652 4529 desiderat,
2683 4465 2826 4519 intra
2853 4465 3094 4534 privatos
3120 4463 3354 4533 parietes

142 4556 399 4630 καθημένη
440 4559 607 4622 ἔνδον,
638 4561 914 4631 φρονεῖτά
965 4560 1059 4613 τοῦ
1118 4561 1345 4633 Κυρίου,
1374 4562 1568 4625 νυκτὸς
1593 4564 1674 4616 καί

1822 4559 2008 4625 edens,
2029 4558 2233 4629 cogitat
2286 4574 2410 4629 quae
2455 4558 2523 4613 ad
2569 4557 2859 4613 Dominum
2915 4558 3210 4627 pertinent,
3256 4570 3354 4626 per

141 4648 329 4720 ἡμέρας
363 4652 773 4723 ἀκαταπαύστῳ
800 4653 1026 4724 στόματι
1070 4653 1254 4724 δέησιν
1308 4654 1673 4725 προσφέρουσι

1821 4658 2007 4706 lactem
2054 4665 2122 4707 ac
2171 4651 2314 4707 diem
2362 4666 2458 4706 ore
2514 4666 2792 4721 nunquam
2847 4656 3099 4706 cessante
3137 4662 3353 4718 precem

142 4740 407 4814 εἰλικρινῆ.
443 4745 652 4815 Ὠσπερ
676 4740 770 4797 οὖν
798 4746 893 4798 κα)⁴
920 4746 953 4816 η
979 4745 1260 4816 σοφωτάτη
1303 4744 1526 4815 Ἱουδὴθ,
1553 4762 1674 4817 μαρ-

1902 4759 2061 4800 :eram
2094 4743 2206 4799 Deo
2249 4743 2521 4800 deferens.
2570 4741 3038 4808 Quemadmodum
3079 4753 3212 4810 ergo
3265 4753 3349 4793 δα·
3414 4800 3434 4828 (ς

142 4835 431 4907 τυρουμένη
461 4837 556 4888 ἐπὶ
585 4836 927 4908 σωφροσύνῃ,
958 4837 1150 4900 νυκτὸς
1170 4837 1265 4891 καὶ
1287 4837 1497 4908 ἡμέρας
1526 4837 1674 4890 ἐδεῖτε

1890 4838 2131 4893 ntissima
2176 4836 2399 4893 Juditha
2424 4836 2493 4899 ἰ,
2524 4833 2802 4904 pudicitia:
2857 4831 3173 4887 testimonio
3213 4829 3352 4885 cele-
3414 4830 3422 4840 ‘

142 4921 221 4973 τοῦ
273 4925 407 4978 Θεοῦ
438 4928 577 4999 ὑπὲρ
604 4926 699 4981 τοῦ
743 4928 973 4999 Ἰσραήλ·
1029 4928 1200 4991 οὓτως
1224 4925 1316 4983 οὖν
1353 4931 1446 4982 καὶ
1471 4931 1503 5000 ἡ
1533 4930 1674 5000 ὁμοία

1826 4932 1930 4996 τίς,
1962 4939 2124 4985 nocte
2152 4945 2217 4985 ac
2253 4929 2342 4984 die
2368 4927 2538 4984 Deum
2568 4941 2668 4998 pro
2695 4924 2895 4981 lsraele
2922 4922 3313 4993 deprecabatur
3343 4931 3358 4980 ;

143 5015 263 5087 αὐτῇ
278 5019 421 5089 χήρα
433 5018 667 5084 ἔντευξιν
677 5020 1090 5073 ἀκατάπαυστον
1103 5020 1242 5093 ὑπὲρ
1253 5021 1349 5092 τῆς
1374 5021 1675 5093 Ἐκκλησίαε

1822 5031 1868 5078 ta
1899 5037 2116 5096 quoque
2137 5022 2216 5076 illi
2242 5036 2341 5092 par
2366 5019 2548 5086 vidua,
2580 5018 2950 5074 indesinenter
2970 5030 3069 5087 pro
3110 5011 3354 5069 Ecclesia

200 5176 243 5251 t6
275 5175 381 5251 15‘!-
413 5194 469 5233 “
491 5220 506 5244 ν
536 5180 589 5236 9.
693 5180 755 5251 ⁸⁷,
777 5180 849 5251 al.
884 5181 1201 5251 φλοιαριῶν.
1307 5180 1361 5251 ⁸⁸,
1392 5181 1431 5237 l'.
1480 5182 1732 5235 πλουσίωι

1821 5181 2066 5237 divitum.
2180 5180 2226 5212 "
2264 5178 2369 5233 lsa.
2410 5174 2680 5241 “11,13.
2815 5174 2861 5205 "
2912 5170 3102 5227 Matth.
3134 5184 3210 5235 vi,
3260 5168 3349 5223 2|.

140 5244 177 5274 ⁹¹
203 5244 389 5303 Judith
422 5265 507 5317 lx,
538 5261 592 5306 et
616 5266 716 5305 xu.
744 5250 783 5304 ι.
810 5244 980 5322 Ιεῐιίιι.
1014 5244 1267 5320 interpol.
1299 5250 1367 5305 ad
1395 5251 1608 5307 Philad.
1639 5252 1695 5306 4.

1416 5408 1779 5465 VARIORUM
1814 5408 2047 5466 NOTAE.

325 5543 949 5632 Ἲέιεαστροίεύουσιος.
972 5545 1177 5632 Desunt
1195 5545 1256 5632 in
1276 5544 1487 5632 eodem.
1509 5545 1684 5632 ριξιι.

1794 5544 2279 5632 νεῖὲἐτρὲκφυσαε·
2314 5544 2391 5631 ἓν·
2990 5607 3256 5632 ι--

352 5608 590 5667 Τὸύτουξ
633 5615 781 5688 Alter
825 5616 947 5673 Cod.
981 5616 1129 5688 addit
1172 5616 1266 5669 καὶ
1296 5616 1692 5688 τοῖςὼσὶνῂβα-

1866 5618 1977 5688 (48)
1996 5608 2529 5688 ῘΕξτὶιᾳωρεύουσαι.
2547 5613 2700 5670 Alter
2716 5610 2963 5666 codicum
2990 5608 3354 5682 1ιϊησωρεύουο

145 5680 547 5755 μίξις-ἥκουσαν,
582 5685 725 5755 Quod
747 5687 1028 5755 sequentia
1057 5687 1219 5741 etiam
1244 5686 1539 5755 postulant.
1572 5680 1648 5742 Ib.

687 5685 725 5755 τι
747 5687 1028 5755 sequentia
1057 5687 1219 5741 etiam
1244 5686 1539 5755 postulant.
1572 5680 1648 5742 Ib.
1798 5680 1883 5750 σι,’
1906 5680 2116 5740 melius.
2144 5683 2219 5739 In.

204 5746 319 5821 (47)
360 5746 934 5823 Ἔμπεριὶρέχουὰαι.
986 5754 1049 5813 In
1087 5746 1262 5814 codd:
1292 5756 1688 5826 ὲπιτρέχουσαι,

1608 5775 1688 5823 ἀι,
1862 5746 1978 5827 ’(49)
2008 5758 2298 5823 Ἤκουσα.
2328 5752 2483 5811 Alter
2505 5752 2630 5812 cod.
2659 5751 3032 5823 {xee,rectius.
3060 5746 3140 5806 In.

411 5845 678 5907 Ριτιιοι..
725 5847 841 5909 Gn.
877 5848 923 5910 1.
2427 5910 2439 5925 .
2949 5844 3057 5913 25'
