3880 6332
184 2422 296 2481 Hoc
330 2450 339 2465 -

216 2481 236 2500 ν

566 281 668 341 779
1411 282 1468 338 S.
1509 280 1907 339 CLEMENTIS
1943 283 1965 339 Ι
2003 282 2168 343 ROM.
2215 283 2418 342 PONT.
2456 281 2685 340 OPERA
2722 281 2947 337 DUBIA.
3603 287 3673 343 780

564 402 673 458 Deo
711 398 1081 471 supplicabit;
1127 399 1223 469 qui
1270 398 1525 454 exaudiet
1554 413 1724 465 eam,
1756 399 2017 470 quoniam
2070 400 2130 455 in

2246 400 2509 472 προσοίσει
2558 399 2696 470 Θεῷ,
2714 397 2805 450 κοιλ¹
2817 393 3181 448 είσακούσεται
3197 395 3679 471 αύτῆς,διὰτὸτὴνδιά.

560 494 667 548 hoc
704 492 880 548 solum
921 497 1103 546 mente
1130 491 1350 562 alligata
1382 500 1488 555 est,
1532 499 1587 546 et
1613 507 1789 561 neque
1814 492 1884 547 ad
1904 493 2130 547 insatia-

2246 509 2383 546 mtav
2404 492 2572 562 αὐτῆς
2604 491 2740 561 πρὸς
2760 489 2902 559 μόνῳ
2918 487 3089 556 τούτῳ
3104 487 3454 557 ὴρτῆσθαι,καὶ
3465 491 3570 560 μήτε
3590 493 3682 561 πρὸς

559 592 669 639 tam
691 582 1027 647 aviditatem,
1064 597 1240 652 neque
1277 582 1345 637 ad
1375 590 1749 654 sumptuosam
1777 583 2130 654 cupiditatem

2246 582 2557 653 ὶπληστίαν,
2584 582 2721 652 μήτε
2750 579 2892 650 πρὸς
2919 577 3205 648 ἐπιθυμίαν
3225 578 3542 633 πολυδάπανον
3563 583 3685 637 Exul.

559 674 824 732 incumbit
848 693 863 742 ;
898 682 1060 746 atque
1084 675 1278 730 oculus
1303 675 1424 743 ejus
1443 683 1528 730 est
1551 685 1757 739 castus,
1795 676 1948 731 auris
1976 690 2130 729 mun-

2246 674 2377 728 τθαι·
2391 674 2478 728 ὅτε
2494 671 2770 743 ὀφθαλμὸς
2782 671 2950 742 αὐτῆς
2964 669 3142 738 ἁγνὸς,
3154 670 3240 723 καὶ
3256 672 3287 740 ἡ
3303 671 3423 742 ἀκοὴ
3434 672 3687 743 καθαρὰ,καἰ

554 766 646 833 da,
678 782 873 823 manus
905 766 1220 837 impolluta,
1252 766 1417 836 pedes
1447 766 1640 835 quieti,
1667 781 1729 821 os
1761 765 1997 836 denique
2027 781 2127 822 ne-

2246 768 2290 820 ιὶ
2306 769 2485 839 χεῖρες
2516 765 2829 838 ἀμόλυντοι,
2862 763 2957 816 καὶ
2981 763 3032 814 οἱ
3061 760 3213 824 πόδες
3244 761 3415 831 ἥσυχοι
3446 760 3690 833 (50),καὶτδ

556 875 666 930 que
706 858 775 913 ad
804 858 1121 929 ingluviem,
1162 874 1341 928 neque
1378 858 1447 913 ad
1496 858 1731 929 ineptias
1776 866 2128 929 promptum;

556 949 650 1006 sed
681 951 909 1021 loquens
943 949 1163 1021 quidem
1213 965 1335 1019 quae
1361 950 1684 1015 condecent,
1734 964 1798 1006 ea
1826 964 1957 1007 vero
1989 949 2132 1005 dun-

2246 967 2356 1019 μον,
2389 948 2523 1002 ἀλλὰ
2550 945 2743 1001 λαλοῦν
2767 948 2864 1018 μὲν
2878 946 2947 999 τὰ
2972 945 3173 1007 δέοντα,
3197 942 3555 1015 μεταλαμϐάνον
3572 945 3615 998 δὲ
3643 939 3693 1000 ὢν

558 1050 710 1097 taxat
767 1058 991 1099 sumens
1041 1057 1163 1113 quae
1203 1042 1576 1098 sustentanda:
1610 1043 1733 1098 vitae
1772 1044 2128 1099 conveniunt.

2246 1040 2476 1111 προσῆκε
2504 1040 2593 1092 διὰ
2615 1039 2783 1110 μόνην
2797 1037 2895 1109 τὴν
2913 1036 3186 1090 σύστασιν.
3206 1035 3349 1090 Οὕτω
3360 1036 3505 1107 σεμνὴ
3520 1038 3592 1090 καὶ
3604 1040 3694 1092 ἀτά-

558 1134 689 1201 ρυω
721 1135 802 1191 sic
843 1135 1005 1190 fuerit
1031 1135 1222 1205 proba,
1281 1133 1463 1205 gravis
1508 1148 1572 1188 ac
1603 1136 1809 1201 sedata,
1841 1133 1952 1189 Deo
1981 1149 2131 1190 com-

2246 1149 2397 1203 ραχος
2425 1132 2762 1204 ὑπάρχουσα,
2791 1129 3080 1201 εὐάρεστος
3105 1127 3252 1181 ἔσται
3291 1127 3362 1199 τῷ
3527 1130 3599 1182 xui
3619 1130 3695 1201 ἅμα

558 1227 793 1296 placebit
812 1226 1120 1297 ;simulque
1140 1240 1205 1280 ac
1226 1225 1432 1295 aliquid
1450 1226 2132 1296 postulaverit,przeveniet

2246 1223 2311 1294 τῷ
2342 1223 2665 1294 αἰτήσασθαι
2693 1224 2862 1295 αὐτήν
2904 1239 2995 1285 τι,
3027 1220 3323 1293 προφθάσει
3372 1220 3515 1291 αὐτὴν
3536 1222 3564 1290 ἡ
3583 1221 3693 1285 δόσις

558 1334 679 1373 eam
706 1318 959 1389 largitio:
999 1337 1017 1370 ι
1053 1318 1244 1373 Adhuc
1289 1317 1456 1380 enim,
1510 1317 1709 1389 inquit,
1762 1319 2019 1387 loquente
2057 1325 2131 1383 te,

2246 1317 2397 1369 ιἝτι
2415 1316 2523 1388 γὰρ
2542 1316 2658 1382 σοῦ,
2690 1317 2842 1387 φησὶ,
2863 1314 3149 1379 λαλοῦντος
3174 1313 3297 1386 ἐρῶ·
3353 1313 3466 1367 Ἰδοὺ
3491 1314 3693 1386 πάρειμιδ

561 1411 739 1466 dicam
779 1431 791 1466 :
820 1410 958 1465 Ecce
986 1410 1179 1466 adsum
1210 1411 1276 1465 ”.
1319 1430 1338 1463 ›
1366 1409 1415 1444 ⁹⁸
1447 1409 1646 1465 Eadem
1677 1411 1862 1481 igitur,
1893 1412 1965 1465 sit
1992 1411 2133 1465 divi-

2246 1409 2472 1481 Τοιαύτη
2503 1409 2561 1462 δὲ
2586 1405 2742 1473 οὖσα,
2800 1408 3091 1480 ὑπαρχέτω
3143 1405 3501 1477 ἀφιλάργυρος,
3543 1407 3697 1475 ἄτυφος,

562 1503 765 1557 tiarum
796 1502 1186 1571 contemptrix,
1216 1501 1360 1558 fastu
1400 1517 1616 1567 carens,
1651 1519 1759 1557 non
1800 1504 1947 1575 turpi
1979 1504 2137 1560 lucro

2246 1502 2318 1574 μὴ
2347 1503 2760 1575 αἰσχροκερδὴς,
2813 1501 2887 1573 μὴ
2918 1501 3209 1573 ἄπληστος,
3242 1500 3313 1571 μὴ
3340 1499 3511 1576 λίχνος·
3535 1498 3617 1551 ἀλλ’
3639 1500 3699 1568 ty-

561 1592 767 1659 dedita,
796 1609 906 1648 non
956 1594 1326 1665 inexplebilis,
1375 1610 1485 1650 non
1512 1611 1723 1663 vorax;
1766 1596 1877 1651 imo
1924 1604 2134 1669 tempe-

2246 1596 2472 1668 κρατὴς,
2490 1598 2714 1665 πραεῖα,
2738 1595 3030 1666 ἀτάραχος,
3066 1592 3312 1664 εὐλαϐὴς,
3358 1593 3589 1663 αἰδήμων,
3611 1592 3699 1644 καθ-

560 1698 714 1749 rans,
748 1693 1049 1751 mansueta,
1072 1685 1385 1755 tranquilla,
1404 1686 1678 1757 religiosa,
1701 1689 2029 1754 verecunda,
2060 1705 2139 1745 se-

2246 1689 2416 1760 ημένη
2457 1691 2514 1744 ἐν
2558 1692 2625 1760 τῇ
2657 1690 2804 1762 οἰκία
2836 1691 3025 1759 αὐτῆς,
3056 1687 3346 1759 ψάλλουσα,
3366 1686 3699 1758 προσευχομένη,

562 1779 700 1834 dens
725 1777 866 1833 domi
884 1793 1014 1842 suat,
1039 1753 1297 1849 psallens,
1313 1753 1720 1851 orans,legens,
1736 1780 1985 1849 vigilans,
1998 1782 2139 1851 jeju-

2246 1779 2703 1850 ἀναγινώσκουσα,
2739 1781 3113 1853 ἀγρυπνοῦσα,
3158 1780 3483 1851 νηστεύουσα,
3499 1776 3592 1847 Θεῷ
3611 1776 3700 1829 πάνς

565 1885 852 1935 nans,cum
880 1869 991 1925 Deo
1004 1885 1215 1939 semper
1228 1870 1544 1940 colloquens
1572 1871 1803 1925 canticis
1818 1879 1872 1926 et
1901 1872 2135 1943 hymnis.

2246 1889 2359 1925 τοτε
2381 1872 2783 1945 προσομιλοῦσα
2794 1874 2959 1945 ᾠδαῖς
2985 1872 3079 1927 καὶ
3099 1871 3306 1942 ὕμνοις·
3328 1868 3439 1941 ἔριά
3453 1885 3503 1920 τε
3518 1866 3705 1938 ἐκλαμϐά-

564 1961 769 2015 Lanam
794 1961 1063 2027 faciendo,
1105 1961 1229 2017 aliis
1251 1962 1433 2031 potius
1460 1962 1786 2032 suppeditet,
1818 1980 1979 2034 quam
2003 1965 2121 2035 ipsa

2246 1982 2405 2019 νουσα
2423 2007 2438 2032 ,
2474 1965 2682 2036 ἑτέροις
2704 1962 2902 2035 μᾶλλον
2919 1962 3330 2034 ὲπιχορηγείτω,
3350 1963 3480 2032 ἥπερ
3496 1960 3601 2029 αὐτή
3612 1976 3704 2020 τινος

563 2055 749 2126 aliquo
769 2055 1033 2125 indigeat;
1065 2069 1271 2110 memor
1289 2054 1464 2109 viduae
1479 2069 1509 2108 a
1539 2053 1767 2108 Domino
1783 2054 1839 2108 in
1850 2054 2139 2126 Evangelia

2246 2057 2456 2112 δεέσθω·
2485 2057 2895 2129 μιμνησκομένη
2925 2057 3023 2128 τῆς
3563 2068 3701 2121 μεμαρ-

565 2148 952 2219 comprobatae,
973 2161 1094 2216 quae
1123 2145 1347 2201 veniens
1369 2144 1436 2199 ad
1467 2146 1750 2214 templum,
1784 2146 1839 2199 in
1869 2147 2139 2217 gazophy-

2246 2151 2551 2223 τυρημένης
2597 2150 2704 2204 ὑπὸ
2747 2148 2843 2203 τοῦ
2874 2148 3080 2219 Κυρίου
3114 2148 3307 2219 χήρας,
3335 2146 3448 2215 ἥτις
3472 2142 3647 2195 ἐλθοῦσα
3668 2144 3703 2194 ἐν

566 2239 765 2293 lacium
798 2238 946 2293 misit
975 2238 1084 2292 duo
1111 2252 1219 2292 azra
1265 2236 1476 2291 minuta
1498 2276 1513 2301 ,
1546 2236 1692 2307 quod
1719 2246 1802 2292 est
1826 2238 2137 2307 quadrans;

2246 2244 2316 2315 τῷ
2363 2243 2511 2315 ἱερῷ,
2544 2242 2729 2297 ἔϐαλεν
2748 2246 2828 2306 είς
2854 2242 2915 2295 τὸ
2941 2241 3338 2310 γαζοφυλάκιον
3392 2236 3456 2290 τὰ
3477 2235 3553 2289 δύο
3576 2232 3702 2296 λεπτὰ,

565 2338 621 2385 at
670 2345 793 2387 eam
822 2330 1052 2384 intuitus
1083 2329 1265 2385 cordis
1288 2328 1541 2398 cognitor
1596 2327 1847 2384 Christus
1878 2328 2141 2385 Dominus

566 2434 753 2479 noster
793 2437 857 2478 ac
897 2423 1177 2493 magister,
1210 2422 1284 2476 ait
1319 2438 1334 2475 :
1381 2439 1400 2471 ι
1431 2420 1603 2475 Amen
1632 2420 1755 2475 dico
1788 2422 1964 2487 vobis,
1997 2438 2138 2493 quo-

564 2514 712 2568 niam
738 2514 851 2569 harc
884 2513 1044 2569 vidua
1082 2514 1204 2583 plus
1233 2512 1488 2567 omnibus
1529 2513 1679 2567 misit
1711 2512 1768 2566 in
1815 2514 2140 2585 gazophyla—

564 2606 908 2677 cium:quia
942 2621 1133 2663 omnes
1177 2621 1245 2660 ex
1289 2603 1620 2659 abundantia
1671 2619 1772 2659 sua
1827 2606 2138 2673 miserunt;

566 2699 682 2756 haec
703 2709 905 2766 autem,
935 2698 1003 2754 de
1026 2698 1275 2769 penuria,
1302 2712 1518 2752 omnem
1555 2697 1762 2751 victum
1793 2712 1951 2752 suum
1977 2714 2140 2768 quem

567 2791 757 2847 habuit
777 2793 844 2846 ³⁵.
886 2810 905 2844 ι
939 2789 1123 2862 Itaque
1161 2797 1375 2860 oportet
1403 2789 1598 2845 viduas
1644 2790 1873 2846 honeste
1923 2799 2141 2846 aetatem

568 2899 748 2954 agere,
775 2883 1088 2939 obedientes
1115 2882 1408 2952 episcopis,
1431 2882 1767 2953 presbyteris
1784 2890 1840 2938 et
1868 2883 2138 2948 diaconis,

568 2976 898 3046 insuperque
927 2983 981 3030 et
1004 2974 1363 3041 diaconissis;
1400 2983 1732 3039 reverentes,
1767 2970 2137 3045 pudibimdas,

569 3077 894 3131 metuentes,
922 3084 1031 3123 non
1063 3067 1287 3123 liberius
1319 3066 1504 3122 vivere
1534 3082 1597 3121 ac
1625 3067 1682 3121 in
1712 3083 1810 3123 sua
1838 3083 1960 3123 esse
1986 3076 2138 3139 pote-

2246 3077 2357 3139 ταῖς
2394 3074 2679 3141 διακόνοις,
2712 3071 3131 3143 εὐλαϐουμὲνας,
3164 3067 3557 3142 ὲντρεπομένας,
3582 3064 3714 3132 φθον-

569 3167 710 3217 state
762 3160 1019 3225 nitentes,
1069 3174 1245 3230 neque
1293 3159 1431 3213 citra
1484 3160 1862 3230 praescriptum
1901 3160 2139 3215 volentes

2250 3166 2437 3239 μένας,
2471 3166 2544 3237 μὴ
2574 3162 3116 3231 κατεξουσιαξούσας,
3153 3164 3289 3235 μήτε
3318 3159 3460 3232 παρὰ
3491 3157 3573 3227 τὴν
3594 3154 3716 3206 διατα-

2234 858 2405 929 στόμα
2431 857 2555 911 οὔτε
2591 852 3089 928 πρὸςνλαιμαργίαν,
3109 851 3227 905 οὔτε
3242 852 3363 924 πρὸς
3372 853 3586 923 φλυαρίαν
3598 856 3693 907 ἕτοι-

2240 2514 2411 2573 εῐπενο
2432 2539 2450 2572 ι
2475 2521 2644 2591 Ἀμὴν
2673 2519 2815 2588 λέγω
2844 2520 2990 2589 ὑμῖν,
3012 2519 3092 2570 ὅτι
3114 2517 3252 2588 αὕτη
3273 2518 3305 2586 ἡ
3324 2516 3459 2585 χήρα
3475 2509 3705 2565 πλεῖονπάν-

2241 2702 2673 2774 περισσεύματος
2702 2703 2878 2756 αὐτῶν
2906 2701 3117 2769 ἔϐαλον,
3150 2701 3287 2774 αὕτη
3322 2701 3376 2755 δὲ
3412 2702 3471 2753 ὲκ
3499 2695 3575 2750 τοῦ
3609 2696 3708 2748 ὑστε-

2244 2796 2485 2866 ρήματος
2518 2795 2639 2850 ὅλον
2668 2796 2837 2866 αὐτῆς
2874 2795 2965 2848 τὸν
2996 2794 3109 2865 βίον
3136 2795 3199 2848 δν
3243 2788 3371 2864 εἶχε.
3408 2810 3425 2843 ι
3468 2786 3633 2859 Σεμνὰς
3652 2780 3710 2837 οὖν

2240 2889 2320 2942 δεῖ
2347 2884 2485 2943 εἶναι
2513 2889 2613 2952 τὰς
2639 2890 2832 2960 χήρας,
2868 2886 3201 2957 πειθομένας
3235 2887 3344 2949 τοῖς
3376 2880 3638 2940 ἐπισκόποις
3655 2875 3712 2928 καὶ

570 3252 866 3322 quidquam
909 3251 1086 3307 facere
1131 3252 1249 3306 sine
1298 3251 1513 3315 diaconi
1564 3249 2139 3322 voluntate;exempli

2246 3262 2347 3334 γήν
2380 3278 2435 3314 τι
2480 3262 2652 3313 ποιεῖν
2701 3258 2955 3321 θελούσας
2989 3256 3110 3328 δίχα
3138 3255 3363 3327 γνώμης
3394 3251 3481 3305 τοῦ
3520 3246 3716 3304 διακόνου.

569 3359 757 3410 causa,
791 3344 838 3399 si
878 3342 1210 3415 pergendum
1241 3342 1312 3398 sit
1367 3342 1435 3398 ad
1494 3343 1729 3413 aliquem
1753 3383 1768 3410 ,
1818 3351 1878 3398 ut
1925 3358 2050 3399 cum
2079 3358 2139 3399 eo

2246 3348 2355 3407 οἷον
2384 3353 2445 3406 τὸ
2475 3352 2610 3424 πρός
2645 3366 2767 3404 τινα
2810 3348 3150 3412 ἁπελθούσας
3200 3346 3311 3418 (51)
3363 3344 3449 3397 ἐπὶ
3494 3341 3547 3393 τὸ
3589 3338 3717 3407 φαγεῖν

570 3435 899 3493 manducent
946 3451 1010 3490 ac
1034 3437 1246 3499 bibant,
1286 3435 1369 3490 vel
1399 3435 1607 3506 aliquid
1641 3436 1711 3490 ab
1763 3436 1948 3507 aliquo
2000 3437 2139 3492 acci-

2248 3447 2377 3517 παρ’
2399 3444 2546 3515 αύτῷ
2576 3444 2669 3497 καὶ
2696 3445 2863 3509 πιεῖν,
2895 3441 2927 3512 ἢ
2956 3439 3140 3494 λαϐεῖν
3168 3456 3223 3492 τι
3261 3436 3407 3509 παρά
3452 3449 3591 3495 τινος.
3613 3430 3658 3482 Εἰ
3684 3425 3719 3478 ἃ

572 3529 743 3599 piant.
796 3527 893 3583 Sin
923 3544 1050 3584 vero
1075 3528 1282 3598 injussa
1317 3528 1515 3581 borum
1545 3528 1841 3599 quidquam
1866 3537 2139 3599 perpetra-

2249 3542 2322 3612 μὴ
2353 3539 2697 3594 κελευσθεῖσα
2716 3538 2913 3607 ποιήσῃ
2930 3534 2987 3587 ἓν
3004 3550 3060 3587 τι
3086 3532 3294 3586 τούτων
3315 3529 3441 3602 (52),
3468 3517 3721 3592 ὲπιτιμάσθυ

570 3622 665 3687 rit,
691 3621 899 3692 jejunio
928 3621 1186 3691 punietur
1236 3627 1330 3674 aut
1360 3628 1694 3691 segregetur,
1728 3628 1988 3691 tanquam
2020 3635 2139 3691 pro-

2246 3632 2491 3705 νηστείᾳ,
2522 3630 2554 3701 ἢ
2587 3626 2950 3701 ἀφοριζέσθω,
2979 3626 3056 3689 ὡς
3093 3622 3390 3697 προπετὴς.

573 3720 725 3769 terva
746 3720 802 3769 et
828 3711 1265 3768 inconsiderans.

1154 3824 1385 3881 CAPUT
1426 3825 1565 3882 νιιι.

577 3915 730 3984 Quod
760 3934 862 3973 non
891 3927 1117 3990 oportet,
1143 3928 1201 3971 ut
1242 3917 1306 3975 ab
1346 3918 1831 3990 indignisiucipiat
1857 3918 2034 3985 vidua,
2067 3920 2144 3973 rel

956 3989 1249 4057 episcopus,
1285 3989 1362 4043 vel
1396 3988 1535 4043 alius
1560 3988 1756 4058 ﬁdelis.

648 4077 805 4137 Unde
834 4080 980 4136 enim
1021 4079 1185 4135 vidua
1221 4081 1394 4145 novit,
1438 4082 1616 4152 qualis
1665 4081 1737 4137 sit
1780 4095 1842 4135 ea
1889 4080 2084 4136 mulier
2113 4096 2143 4135 a

573 4186 682 4243 qua
709 4173 937 4243 accipit,
972 4181 1066 4227 aut
1107 4188 1175 4229 ex
1210 4188 1446 4245 quonam
1492 4174 1796 4229 ministerio
1827 4172 2143 4228 alimentum

574 4265 826 4335 apponit;
861 4272 1045 4321 utrum
1075 4281 1141 4322 ex
1164 4266 1376 4338 rapina,
1407 4273 1500 4320 aut
1519 4281 1583 4322 ex
1616 4265 1720 4319 alia
1750 4264 2003 4336 quapiam
2026 4272 2143 4320 arte

572 4356 796 4412 illicita?
814 4356 1002 4413 Nescit
1029 4358 1193 4414 vidua
1215 4357 1550 4415 reddituram
1577 4373 1635 4415 se
1658 4356 1767 4414 Deo
1786 4358 2052 4413 rationem
2073 4357 2141 4414 de
2246 4356 2358 4405 Οὐκ
2390 4356 2728 4419 ἐπισταμένη
2762 4356 2874 4418 (55)
2905 4356 2939 4416 η
2969 4356 3114 4417 χήρα
3155 4356 3237 4397 οτι
3275 4356 3411 4413 οπερ
3438 4356 3543 4401 evo;
3565 4356 3712 4427 εκαξοτις

576 4449 810 4520 singulis
841 4450 996 4508 hisce
1025 4451 1213 4517 rebus,
1245 4450 1466 4521 quando
1493 4450 1723 4521 accipiet
1754 4451 1973 4520 indigne
2006 4448 2139 4505 Deo.

2246 4442 2444 4495 τούτων
2486 4440 2645 4493 δώσει
2690 4438 2843 4507 λόγον
2890 4436 3029 4507 Θεῷ,
3074 4434 3339 4506 δεχομένη
3383 4429 3591 4530 ἀναξίως
3820 4506 3821 4513 η

572 4537 759 4611 Neque
786 4542 929 4597 enim
959 4520 1278 4598 sacerdotes
1305 4557 1547 4612 unquam
1587 4520 1877 4598 admittent
1905 4546 2139 4611 sponta-

2246 4534 2365 4588 οὔτε
2386 4534 2494 4606 γὰρ
2521 4534 2572 4586 οἱ
2605 4533 2768 4603 ἱερεῖς
2794 4529 3048 4598 τοιαύτης
3072 4524 3433 4597 ὲκουσιασμὸν
3455 4520 3731 4613 δέξονταίᾲπο·

574 4646 679 4687 nea
713 4632 1027 4705 huiusmodi
1059 4634 1305 4692 mulieris
1332 4635 1512 4699 dona;
1537 4633 1702 4689 veluti
1728 4632 1867 4690 furis
1894 4640 1989 4686 aut
2019 4646 2138 4686 me-

2246 4645 2320 4690 τε,
2342 4604 2470 4679 οἷον.
2496 4625 2765 4697 ἅρπαγος,
2798 4621 2832 4693 ἢ
2861 4621 3082 4692 πόρνης.
3129 4619 3438 4691 Γέγραπται
3472 4613 3592 4705 γάρ’
3622 4604 3731 4658 «Οὐκ

2769 3809 3163 3867 ΚΕΦᾹΛΑΙΟΝ
3208 3810 3289 3862 Η’.

2247 3913 2370 3965 Ὅτι
2401 3912 2472 3964 οὺ
2501 3909 2615 3976 χρὴ
2646 3907 2801 3975 παρὰ
2821 3904 3086 3976 ἀναξίων
3102 3901 3428 3976 λαμβάνειν
3453 3896 3553 3964 τὴν
3574 3889 3721 3976 χήραν,

2386 3981 2424 4050 ἢ
2455 3965 2562 4034 τῦἷ·
2590 3965 2924 4031 ἐπίοίκοπον
2952 3965 3065 4046 (55)
3087 4013 3102 4037 ,
3136 3965 3401 4041 ﬁdi/lor
3434 3965 3633 4021 πιστόν.

2244 4165 2278 4237 ἢ
2309 4167 2373 4219 ὲκ
2402 4140 2653 4233 ποταπῆς
2681 4161 2956 4223 διακονίας
2984 4156 3322 4230 παραϐάλλει
3345 4152 3448 4225 (54)
3466 4150 3551 4221 τὴν
3562 4140 3725 4243 τροφῂνι

2245 4258 2471 4329 πότερον
2487 4256 2546 4321 ἐξ
2562 4255 2837 4327 ἁρπαγῆς,
2858 4253 2892 4324 ἢ
2910 4253 3101 4324 ἐτέρας
3124 4251 3272 4314 τινὸς
3297 4249 3358 4302 ού
3377 4244 3535 4313 καλῆς
3551 4241 3725 4307 ἀγωγὴςὶ

573 4703 810 4781 tetricis.
838 4725 1115 4797 Scriptum
1141 4736 1227 4783 est
1246 4727 1425 4782 enim:
1462 4744 1486 4777 ι
1520 4724 1638 4780 Non
1667 4724 2022 4795 concupisces
2048 4738 2139 4778 res

2247 4719 2600 4790 ἐπιθυμήσεις
2629 4717 2697 4769 τὰ
2723 4714 2818 4768 τοῦ
2838 4713 2950 4786 (56)
2978 4712 3223 4783 πλησίον·
3266 4731 3283 4763 ι
3322 4709 3429 4765 καί·
3481 4726 3496 4758 ι
3529 4703 3592 4759 Οὐ
3616 4708 3730 4768 πίω
3820 4703 3821 4797 ξ

680 4882 726 4917 ³⁸
764 4884 868 4937 lsa.
910 4898 1079 4950 LVIII,
1110 4885 1164 4941 9.
1239 4883 1284 4915 ’³
1313 4884 1350 4937 l.
1391 4880 1558 4954 lgnat.
1590 4881 1845 4952 interpol.
1875 4880 1943 4935 ad
1971 4878 2184 4934 Philad.
2214 4878 2268 4932 4.
2344 4876 2391 4907 ⁸⁸
2430 4875 2597 4930 Marc.
2631 4887 2743 4939 ιιι,
2772 4872 2877 4938 45;
2918 4870 3051 4927 Luc.
3082 4884 3173 4925 xxi
3195 4910 3211 4936 ,
3242 4870 3296 4928 '5.

1882 5055 2244 5114 VARIORUM
2279 5052 2510 5110 NOTAE.

651 5221 1213 5293 (50)"H0'v1m1Alter
1240 5200 1363 5276 cod.
1389 5220 1703 5293 lopt,quales
1740 5229 1868 5277 sunt
1896 5219 1987 5293 qni
2024 5233 2135 5293 non

2246 5218 2411 5273 tionis
2440 5216 2604 5272 verba
2642 5222 2790 5270 recte
2838 5213 3039 5268 absunt
3085 5211 3142 5265 in
3188 5210 3361 5264 altero
3400 5192 3730 5293 cod.._Vind0b-

580 5272 2139 5363 "uagamgradi:magnanimus;';"séa’gem
2482 5361 2521 5363 ﬂ
3288 5352 3311 5363 _
3448 5344 3493 5363 ί,
3522 5272 3641 5363 ξιξ,

580 5344 1123 5429 ἑιᾟξιίῑ’.”(ὲιζὲ³ιιξ””
1293 5344 1306 5346 ⁷
1346 5344 1351 5345 ⁷
1989 5344 2019 5360 ’⁷
2103 5344 2106 5345 ί

2324 5357 2437 5429 (54)
2470 5355 2867 5429 Παραϐάνξλει.
2903 5352 3330 5429 Αιιθτῃχο-ρηγεῖ,
3359 5344 3730 5429 (ιιιοᾶμξςεξίεξξξ

584 5371 635 5420 Et
655 5370 1207 5508 ἑῗῖᾌίίτιὲιιδούσαᾳ
1239 5432 1389 5486 Alter
1411 5432 1531 5487 cod.
1566 5432 1836 5500 ἀπελθεῖν,
1865 5431 2009 5501 quod
2035 5446 2139 5487 me-

584 5502 692 5559 lius
719 5505 956 5559 videtur.
982 5504 1059 5558 ιι).

2324 5370 2437 5429 (54)
2470 5370 2867 5425 ιιαραοαλλει.
2903 5370 3054 5407 Alter
3081 5370 3330 5477 ςχὲλρηγει,
3359 5370 3496 5431 quou
3523 5370 3669 5397 ιιωνιν
3684 5370 3730 5383 ιιι-

2251 5431 2469 5555 3331ῗῇ
2475 5429 2685 5553 ἕὶιίἰεο.
2712 5424 2873 5482 Certe
2894 5423 3076 5493 παραϐ
3146 5423 3255 5475 λειν
3285 5433 3460 5474 rarius
3496 5415 3584 5469 hoc
3611 5414 3731 5463 sensu

584 5501 692 5561 iiu's
719 5501 956 5561 videtur.
982 5504 1059 5558 ιι).
2251 5501 2516 5555 occurrit.
2550 5501 2629 5553 In.

655 5547 1277 5665 (ἒὲῖ”ῐ’ἑῖ9ὶξ›ξ.ἰι(ειι)ει
1327 5572 1466 5627 idem
1491 5573 1597 5625 τῶν
1645 5574 1966 5644 εἰρημένων,
2001 5571 2139 5641 quod

2456 5547 2997 5665 Ξὺῖέσεισξεμένηε
3022 5564 3173 5647 Alte”
3200 5564 3391 5665 δεγνοετ.
3410 5547 3688 5665 ﬁlim“.

655 5574 767 5641 (52)
802 5575 1048 5629 Τούτων.
1107 5572 1277 5630 Habet
1327 5572 1466 5627 idem
1491 5573 1597 5625 τῶν
1645 5574 1966 5644 εἰρημένων,
2001 5572 2139 5641 quod

587 5642 856 5714 glossema
887 5644 1113 5699 redolet.
1140 5642 1215 5697 lc.
1374 5712 1415 5714 υ

2322 5572 2414 5641 (55
2464 5572 2583 5624 Οὐκ
2611 5572 2997 5638 ἐπισταμένη.
3022 5572 3173 5619 Altct‘
3200 5572 3380 5632 ἀγνοεῖ
3411 5572 3584 5613 τοίνυν.
3613 5572 3688 5665 ιιιἸ

2325 5572 2439 5713 (56;
2478 5641 2552 5696 Τὰ
2588 5638 2711 5692 τοῦ.
2741 5640 2892 5695 Alter
2934 5637 3002 5693 τὰ
3024 5634 3129 5689 τῶν
3151 5634 3265 5706 τοῦ,
3297 5632 3472 5692 eodem
3501 5634 3649 5683 sensu.
3691 5625 3726 5665 οι

663 5710 851 5787 (δὸΓΗ
869 5714 971 5772 τὸν
994 5714 1343 5769 ἐπίσκοπον.
1372 5712 1495 5771 llaec
1521 5721 1572 5771 ct
1604 5715 1884 5786 sequentia
1914 5714 2145 5783 inscrip-

2238 2336 2374 2407 ὅπερ
2411 2335 2526 2389 ἐστὶ
2552 2335 2867 2406 κοδράντης
2901 2335 2992 2387 καὶ
3016 2333 3348 2403 θεασάμενος
3387 2330 3535 2400 αὐτὴν
3567 2328 3590 2379 ὁ
3619 2341 3704 2395 119-
3820 2336 3821 2385 l

2238 2428 2567 2500 διογνώστης
2593 2427 2826 2499 Χριστὸς
2855 2428 2884 2480 ὁ
2928 2425 3130 2496 Κύριος
3158 2425 3311 2496 ἡμῶν
3345 2425 3434 2477 καὶ
3464 2418 3703 2480 διδάσκαλος,

2239 2628 2345 2665 των
2390 2586 2578 2665 ἔϐαλεν
2601 2586 2685 2675 είς
2710 2586 2771 2664 rb
2783 2586 3199 2680 γαζοφυλάκιονυ
3238 2586 3319 2664 ότι
3344 2610 3391 2661 οἱ
3410 2605 3577 2667 πάντες
3594 2598 3706 2654 turri

2241 2983 2353 3045 τοῖς
2378 2980 2768 3054 πρεσϐυτέροις
2818 2979 2913 3034 καὶ
2954 2980 3067 3042 τοῖς
3111 2977 3398 3043 διακόνοις,
3436 2972 3507 3027 ἔτι
3546 2969 3626 3042 μὴν
3654 2966 3714 3019 καὶ

2314 4074 2379 4126 Τί
2409 4049 2517 4141 γὰρ
2532 4071 2839 4129 ἐπίσταται,
2862 4067 3023 4120 ὁποία
3041 4066 3124 4128 τίς
3144 4066 3284 4125 ὲστι,
3304 4062 3429 4132 παρ’
3445 4055 3505 4129 ἧς
3517 4049 3724 4141 λαμϐάνειν
3820 4072 3821 4083 π

2246 4352 2358 4405 Ούκ
2390 4348 2728 4419 ἐπισταμένη
2762 4346 2874 4418 (55)
2905 4347 2939 4416 ἡ
2969 4346 3114 4417 χήρα
3155 4344 3237 4397 ὅτι
3275 4341 3411 4413 ὑπὲρ
3438 4338 3543 4401 ἐνὸς
3565 4332 3728 4419 ἑκάστῳ
3820 4338 3821 4341 “
