3880 6332
194 302 279 357 781

1050 272 1645 356 CONSTITUTIONES
1676 296 2352 354 ΑροετοιιοιιΕμ-ιλιιι.
2393 298 2479 353 ιιι.

3306 300 3410 359 782

186 417 336 474 θέσεις
363 408 619 480 μίσθωμα
652 407 854 478 πόρνης
886 408 1075 480 Κυρίῳ
1101 407 1179 477 τῷ
1214 407 1350 478 Θεῷ.
1384 426 1401 458 ι
1436 408 1511 460 Οὐ
1538 407 1617 460 δεῖ
1642 403 1709 460 οὖε

1840 409 2169 478 proximi”;
2216 428 2233 459 ι
2267 418 2360 464 et:
2401 428 2419 459 ι
2458 408 2576 463 Non
2604 408 2799 466 offeres
2828 410 3129 467 mercedem
3161 419 3411 469 meretri-

181 502 411 576 δέχεσθαι.
456 501 606 573 παρὰ
646 500 755 553 τῶν
796 499 1049 553 τοιούτων
1094 500 1228 570 (57),
1276 498 1399 551 οὔτε
1440 498 1544 569 μὴν
1585 501 1736 571 παρὰ

179 596 574 668 ἀφωρισμένων.
605 592 942 646 Γινέσθωσαν
986 592 1043 645 δὲ
1078 593 1135 645 αἰ
1165 591 1332 663 χῆραι
1360 592 1569 662 ’ἐτοιμοι
1599 593 1737 663 πρὸς

178 687 407 759 ὑπακοὴν
432 687 539 740 τῶν
567 685 965 756 ἐντεταλμένων
993 686 1184 748 αὐταῖς
1224 684 1329 737 ὑπὸ
1362 684 1469 736 τῶν
1497 683 1736 755 κρειττό-

175 800 290 845 νων,
318 782 411 835 καὶ
440 778 582 833 κατὰ
621 778 719 850 τὴν
750 777 991 842 διάταξιν
1023 776 1117 830 τοῦ
1152 774 1450 829 ἐπισκόπου
1488 776 1735 829 ποιείτω-

174 892 285 938 σαν,
316 873 389 936 ὼς
417 872 535 943 θεῷ
564 870 952 925 ὑπακούουσαι·
984 872 1013 923 ό
1040 870 1148 941 γὰρ
1175 868 1284 921 ἀπὸ
1312 867 1549 921 τοιούτου
1578 869 1734 940 ὲπιῤ-

174 968 349 1039 ῥήτου,
377 964 412 1034 ἢ
446 961 874 1031 ἀποσυναγώγου
904 962 1205 1032 δεχόμενος,
1237 962 1331 1013 καὶ
1362 961 1501 1033 ὑπὲρ
1543 960 1729 1013 τούτου

172 1058 608 1131 προσευχόμενος,
631 1054 887 1126 ἐμμένειν
913 1056 1025 1116 τοῖς
1054 1056 1244 1115 κακοῖς
1276 1052 1728 1123 προαιρουμένου,

169 1153 255 1206 καὶ
280 1150 351 1222 μὴ
370 1149 613 1211 θέλοντος
637 1145 1074 1219 μεταμεληθῆναι
1107 1161 1258 1207 ποτε,
1290 1147 1531 1198 κοινωνεῖ
1556 1144 1730 1213 τούτῳ

166 1248 224 1316 τῇ
252 1245 524 1315 προσευχῇ
548 1280 564 1303 ,
603 1240 698 1294 καὶ
736 1240 893 1292 Nemi
934 1238 1165 1310 Χριστὸν
1206 1238 1297 1290 τὸν
1343 1239 1469 1299 τοὺς
1514 1236 1730 1299 ἀδίκους

165 1333 623 1406 ἀποστρεφόμενον
642 1372 657 1395 ,
688 1333 783 1385 καὶ
811 1331 1080 1401 οἰκοδομεί
1121 1331 1316 1393 αὐτοὺς
1352 1328 1439 1380 διὰ
1468 1328 1568 1398 τῆς
1598 1329 1729 1380 ἀνα-

165 1428 265 1492 ξίου
285 1427 504 1489 δόσεως,
536 1426 632 1478 καὶ
657 1423 1054 1495 συμμολύνεται
1086 1424 1289 1485 αὐτοῖς,
1323 1421 1398 1492 μὴ
1430 1422 1603 1490 ἀερίων
1629 1421 1727 1473 αύ-

161 1522 275 1583 τοὺς
318 1521 404 1582 εἰς
442 1518 727 1589 μετάνοιαν
766 1516 961 1579 ἐλθεῖν,
1004 1516 1144 1569 ὥστε
1191 1513 1593 1586 προσκλαῦσαι,
1632 1515 1727 1567 καὶ⁹

161 1612 409 1683 δεηθῆναι
435 1610 530 1665 τοῦ
550 1610 706 1664 Θεοῦ.

689 1809 1083 1864 ΚΕΦᾹΛΑΙΟΝ
1121 1808 1197 1860 8'.

204 1906 317 1958 ’Ότι
344 1906 421 1959 οὐ
447 1903 563 1972 χρὴ
594 1902 880 1972 γυναῖκας
901 1899 1228 1966 βαπτίζειν·
1268 1899 1497 1972 ἀσεϐὲς
1526 1901 1657 1970 γὰρ,

274 1974 370 2028 καὶ
404 1971 514 2043 τῆς
541 1971 796 2042 Χριστοῦ
824 1972 1221 2037 διδασκαλίας
1248 1971 1589 2038 ἀλλότριον.

216 2068 343 2138 Περὶ
375 2066 434 2119 δὲ
462 2065 557 2119 τοῦ
586 2068 845 2133 γυναῖκας
877 2063 1176 2134 βαπτίζειν,
1206 2062 1541 2134 γνωρίζομεν
1570 2063 1718 2132 ὑμῖν,

154 2160 231 2213 ὅτι
253 2159 490 2221 κίνδυνος
520 2159 583 2211 οὐ
607 2157 799 2228 μικρὸς
827 2160 947 2220 ταῖς
974 2154 1133 2208 τοῦτο
1161 2154 1582 2226 ἐπιχειρούσαις.
1631 2154 1722 2207 Διὸ

155 2254 210 2305 ού
238 2251 692 2322 συμϐουλεύομεν
740 2248 1036 2319 ἐπισφαλὲς
1055 2248 1183 2320 γὰρ,
1218 2248 1414 2319 μᾶλλον
1457 2248 1513 2301 δὲ
1542 2247 1720 2318 παρά-

155 2360 301 2413 νομον
328 2344 428 2396 καὶ
468 2342 682 2405 ἀσεϐές.
730 2342 794 2394 El
823 2341 932 2412 γὰρ
964 2340 1172 2411 κεφαλὴ
1214 2339 1471 2408 γυναικὸς
1503 2340 1531 2391 ό
1558 2339 1715 2411 ἀνὴρ,

154 2428 297 2496 οὗτος
337 2434 397 2487 δὲ
440 2433 847 2505 προχειρίζεται
896 2434 975 2496 εἰς
1021 2432 1338 2503 ἱερωσύνην,
1382 2431 1443 2483 ού
1488 2429 1715 2493 δίκαιον,

154 2526 403 2596 ἀθετῆσαι
430 2524 528 2596 τὴν
554 2525 934 2597 δημιουργίαν,
965 2525 1060 2577 καὶ
1096 2523 1463 2577 καταλιπόντα
1490 2521 1587 2592 τὴν
1628 2522 1721 2592 ἁρ-

152 2617 264 2687 χὴν,
301 2619 394 2671 ἐπὶ
437 2618 498 2670 τὸ
532 2617 759 2688 ἔσχατον
801 2615 975 2669 ἐλθεῖν
1006 2615 1184 2687 σῶμα.
1232 2614 1373 2685 Γυνὴ
1420 2613 1529 2685 γὰρ
1560 2613 1718 2683 σῶμα

150 2709 341 2780 ἀνδρὸς,
375 2711 444 2763 ὲκ
484 2710 719 2781 πλευρᾶς
757 2709 815 2763 ὃν
840 2747 855 2769 ,
897 2708 991 2761 καὶ
1020 2707 1373 2777 ὑποκείμενον
1419 2705 1627 2775 ἐκεινῳ,
1658 2704 1718 2769 ἐξ

149 2792 303 2874 οὗπερ
318 2803 417 2855 καὶ
442 2802 665 2875 διῃρέθη
712 2803 789 2865 εἰς
835 2800 1040 2853 παίδων
1069 2800 1280 2867 γένεσιν
1306 2814 1319 2827 ο
1355 2816 1373 2848 ι
1399 2796 1569 2860 Αὐτὸς
1600 2796 1714 2868 (58)

150 2894 245 2965 γάρ
272 2911 389 2959 σου,
442 2897 595 2965 φησὶ,
642 2894 948 2966 κυριεύσειο
990 2912 1009 2944 ι
1056 2892 1199 2963 ἀρχὴ
1242 2891 1351 2961 γὰρ
1390 2889 1643 2959 γυναικὸς
1687 2888 1716 2939 ὁ

148 2985 289 3057 ἀνὴρ,
318 2987 511 3058 ἐπειδὴ
552 2988 647 3040 καὶ
689 2985 920 3056 κεφαλή.
952 2986 1016 3038 Εἰ
1045 2983 1101 3038 δὲ
1141 2985 1200 3036 ὲν
1244 2985 1358 3045 τοῖς
1388 2979 1715 3053 προλαϐοῦσι

148 3074 398 3132 διδάσκειν
431 3079 621 3142 αὐταῖς
647 3079 748 3132 οὐκ
793 3075 1197 3149 ἐπετρέψαμεν,
1247 3073 1367 3137 πῶς
1407 3072 1715 3145 ἱερατεῦσαι

1839 501 1919 555 cis
1973 499 2203 555 Domino
2252 498 2446 556 Deo”.
2480 521 2499 552 ι
2548 502 2593 554 Λ
2636 502 2837 558 talibus
2882 502 3046 573 igitur
3082 506 3406 574 capiendum

1838 610 1947 649 non
1963 601 2068 658 est,
2094 610 2270 664 neque
2292 594 2454 648 etiam
2477 594 2546 648 ab
2567 595 3073 651 excommunicatis.
3095 594 3289 652 Parent
3311 614 3409 652 au-

1836 696 1946 743 tem
1981 704 2040 743 se
2069 686 2247 741 viduae
2275 686 2342 740 ad
2373 686 2736 741 obcdiendum
2764 688 3035 743 mandatis
3064 689 3165 744 sibi
3190 705 3286 760 per
3314 706 3408 745 su-

1837 780 2101 849 periores.
2139 786 2303 849 atque
2321 779 2479 848 juxta
2510 778 2890 847 prmscriptum
2914 780 3156 850 episcopi
3182 782 3404 844 faciant,

1834 879 2094 942 tanquam
2128 869 2238 926 Deo
2273 871 2668 925 auscultantes.
2703 868 2926 927 "Certe
2970 887 3094 927 cum
3140 874 3264 944 quis
3296 889 3403 929 non

1834 973 2054 1019 recusat
2077 979 2285 1019 munus
2314 964 2419 1017 viri
2452 963 2694 1026 infamis,
2728 972 2823 1017 aut
2861 965 2929 1019 ab
2962 963 3209 1020 Ecclesia
3242 966 3404 1036 ejecti

1833 1071 1897 1109 ac
1923 1071 2023 1126 pro
2038 1070 2102 1110 eo
2126 1062 2267 1120 orat,
2296 1056 2387 1124 qui
2405 1063 2459 1108 et
2491 1054 2544 1107 in
2576 1055 2814 1123 peccatis
2837 1058 3000 1125 gestit
3031 1073 3402 1127 perseverare,

1830 1162 1932 1201 nec
1960 1147 2077 1200 vult
2103 1154 2196 1200 aut
2228 1147 2295 1200 ad
2328 1128 2705 1215 pcenitentiam
2744 1162 2982 1215 unquam
3014 1150 3239 1215 reverti;
3270 1157 3402 1206 tunc

1830 1254 1954 1293 cum
1988 1239 2081 1292 illo
2109 1239 2166 1293 in
2196 1240 2444 1293 oratione
2491 1240 2878 1306 communicat,
2908 1247 2963 1294 et
2992 1240 3267 1296 Christum
3297 1243 3403 1297 ini-

1833 1345 2068 1400 quorum
2092 1330 2437 1399 depulsorem
2461 1331 2776 1395 contristat,
2802 1331 3156 1401 hominesque
3180 1348 3275 1387 eos
3305 1350 3401 1405 per

1828 1423 2109 1491 indignant
2141 1437 2305 1491 quam
2337 1422 2545 1476 faciunt
2589 1422 2938 1477 donationem
2978 1423 3211 1479 aedificat
3234 1424 3309 1496 (et
3342 1425 3399 1480 in

1827 1515 2028 1570 delicto
2057 1513 2327 1585 stabilit):
2367 1530 2535 1583 seque
2555 1530 2679 1568 cum
2717 1515 2827 1569 illis
2867 1514 3147 1585 inquinat,
3181 1532 3289 1570 non
3318 1518 3397 1573 si-

1828 1622 1966 1661 nens
1996 1606 2061 1659 ad
2093 1606 2469 1676 ptenitentiam
2506 1607 2696 1661 venire
2734 1607 2885 1675 ipsos
2905 1648 2921 1674 ,
2954 1614 3013 1660 ut
3042 1607 3315 1674 deﬂeant,
3343 1618 3400 1664 et

1828 1696 1997 1751 Deum
2027 1709 2336 1766 precentur.

2439 1809 2667 1865 CAPUT
2709 1810 2796 1867 IX.

1862 1900 2013 1968 Quod
2045 1917 2145 1954 non
2176 1910 2402 1971 oportet,
2436 1913 2492 1954 ut
2514 1904 2759 1957 mulieres
2791 1903 3054 1972 baptizent
3081 1919 3099 1957 :
3134 1905 3187 1958 id
3218 1907 3359 1959 enim

2033 1973 2272 2039 impium,
2302 1982 2350 2025 et
2373 1990 2406 2026 a
2436 1972 2638 2027 Christi
2667 1974 2905 2027 doctrina
2929 1975 3180 2030 alienum.

1888 2063 1972 2117 An
2016 2071 2196 2117 autem
2239 2063 2513 2134 baptizare
2543 2065 2611 2119 ad
2650 2066 2906 2121 mulieres
2948 2068 3246 2137 pertineat;
3293 2082 3395 2121 no-

1820 2161 1935 2207 tum
1971 2156 2125 2209 vobis
2158 2154 2410 2222 facimus,
2456 2172 2564 2211 non
2595 2159 2857 2213 mediocri
2903 2159 2957 2213 in
2993 2159 3240 2229 periculo
3269 2174 3393 2214 ver-

1820 2248 1930 2301 sari
1962 2262 2056 2302 eas
2086 2264 2207 2318 quae
2241 2248 2343 2302 hoc
2367 2256 2724 2319 praesumunt.
2758 2249 2937 2315 Quare
2967 2267 3078 2305 non
3106 2252 3215 2305 tale
3258 2265 3394 2306 con-

1819 2339 2001 2401 silinm
2031 2340 2226 2395 damus
2259 2359 2273 2395 :
2306 2341 2615 2411 periculosa
2640 2343 2844 2415 quippe
2876 2359 2963 2397 res
2986 2351 3089 2409 est,
3119 2343 3228 2397 imo
3262 2357 3391 2398 vero

1819 2430 2010 2484 illicita
2040 2441 2093 2485 et
2118 2431 2306 2501 impia.
2330 2430 2465 2486 Nam
2493 2434 2538 2489 si
2561 2434 2647 2488 vir
2673 2442 2757 2489 est
2787 2442 2951 2505 caput
2982 2434 3303 2500 mulieris",
3336 2443 3391 2490 et

1818 2523 1865 2577 is
1904 2522 2124 2594 eligitur
2170 2525 2239 2578 ad
2289 2525 2688 2592 sacerdotium;
2730 2527 2959 2597 justitiae
3001 2536 3286 2597 repugnat,
3331 2537 3391 2582 ut

1816 2616 2110 2670 creationis
2141 2617 2342 2686 regulae
2372 2618 2802 2687 praescribatur,
2850 2627 2901 2674 et
2956 2620 3144 2674 relicto
3192 2620 3391 2689 princi-

1815 2714 1967 2777 patu,
2008 2706 2076 2760 ad
2120 2715 2427 2763 extremum
2471 2725 2675 2781 corpus
2713 2711 2984 2766 veniatur.
3031 2710 3222 2766 Mulier
3243 2710 3386 2765 enim

1815 2813 2016 2869 corpus
2043 2800 2148 2853 viri
2177 2809 2283 2867 est,
2322 2816 2389 2857 ex
2417 2810 2572 2857 costa
2602 2802 2725 2871 ejus
2751 2814 2933 2857 ortum
2965 2803 3196 2866 ducens,
3227 2800 3389 2875 eique

1815 2892 2146 2960 subjectum,
2180 2894 2411 2959 scilicet,
2445 2910 2476 2949 a
2500 2911 2608 2965 quo
2630 2895 2698 2950 ad
2725 2896 3023 2951 liberorum
3054 2894 3389 2965 procreatio-

1815 2999 1940 3038 nem
1984 2991 2195 3039 sectum
2235 2984 2382 3040 fuit:
2423 3005 2441 3037 ι
2480 2986 2631 3057 Ipse,
2688 2988 2903 3058 inquit,
2955 2988 3034 3041 tui
3080 2985 3388 3041 dominabi-

1817 3075 1998 3139 tur“;
2040 3095 2058 3128 ι
2094 3084 2150 3129 at
2179 3077 2263 3131 vir
2303 3077 2670 3148 principatum
2705 3080 2951 3135 mulieris
2984 3088 3152 3143 tenet,
3198 3088 3386 3149 utpote

148 3166 246 3240 (59)
276 3170 508 3233 ταύταις
537 3170 689 3242 παρὰ
718 3169 878 3240 φύσιν
906 3186 989 3232 τις
1012 3168 1390 3239 συγχωρήσει;
1420 3164 1579 3219 τοῦτο
1606 3166 1709 3237 γὰρ

1818 3165 1965 3221 illius
1994 3173 2180 3237 caput.
2215 3167 2370 3234 Quod
2394 3170 2441 3225 si
2467 3170 2521 3224 in
2549 3171 2982 3241 praecedentibus
3001 3172 3090 3236 ίοο,
3123 3187 3231 3227 ιιοιι
3259 3185 3385 3241 per-

206 3305 248 3337 ”
283 3304 462 3361 Exod.
488 3320 593 3368 xx,
630 3305 719 3363 17.
791 3303 839 3336 9‘
878 3302 1033 3357 Deut.
1065 3316 1224 3366 xxnt,
1259 3300 1347 3355 18.
1423 3301 1467 3334 ’⁷
1507 3300 1740 3357 Laudat.
1772 3301 2118 3367 Anastasius,
2151 3312 2461 3373 qumst.xn.

151 3374 227 3430 ιθ.
302 3377 371 3407 ιοο
420 3374 554 3445 Cap.
590 3391 667 3432 vt.

2538 3306 2620 3359 ⁹⁸Ι
2650 3306 2775 3361 Cor.
2810 3324 2863 3362 χι
2886 3349 2899 3372 ,
2932 3309 2985 3363 5.
3063 3310 3106 3341 ⁹⁹
3128 3308 3261 3365 Gen.
3297 3326 3378 3374 ιιι,

1438 3503 1805 3559 VARiORUM
1841 3503 2069 3560 NOTIE.

206 3644 309 3716 (57)
326 3648 414 3700 Οὐ
437 3644 655 3716 δεῖἒοῦν
671 3643 950 3713 δέχεσθαι
970 3642 1129 3716 itde
1145 3639 1263 3716 τῷν
1280 3639 1583 3704 τοιούτων,
1597 3646 1704 3692 etc.

144 3712 385 3791 Pluribus
426 3714 773 3777 testimoniis,
812 3712 1109 3791 qttaznapud
1151 3712 1287 3767 alios
1328 3717 1588 3791 congesta
1621 3723 1704 3762 re-

145 3790 328 3856 peries,
365 3795 467 3841 aut
497 3792 612 3840 tute
645 3780 905 3855 congeres
936 3780 1116 3844 facile,
1142 3796 1316 3856 unum
1343 3780 1543 3856 adjicio
1567 3794 1704 3856 non-

145 3849 260 3912 dum
280 3849 486 3919 visum,
514 3871 575 3910 ex
606 3856 713 3909 illis
735 3849 869 3909 mss.
897 3868 1128 3923 quorum
1160 3850 1379 3923 memini
1406 3849 1703 3923 antea.'E_st

145 3935 309 3982 autem
366 3941 550 3983 canon
613 3927 682 3980 54
732 3920 1019 3993 Nicepliori
1075 3920 1699 3993 Constantinopolitani,

145 3998 472 4053 confessoris
498 3996 651 4057 dicti.
686 4006 740 4051 et
773 3992 997 4049 Patrum
1029 4008 1154 4048 cum
1201 3992 1295 4046 illo
1340 3999 1700 4059 congregato-

140 4082 251 4122 rum
267 4089 289 4144 _:
317 4069 385 4121 Εἴ
418 4063 1227 4144 τις-παλλακὴνηκεκτημένος,
1270 4061 1336 4144 οὐ
1378 4059 1629 4144 βούλεταιζ
1666 4060 1698 4129 ἢ

142 4139 448 4192 καταλιπεῖν
475 4138 664 4207 αὐτὴν,
776 4130 1174 4208 ἐύλογηθῆναι,
1200 4133 1293 4208 καὶ
1326 4130 1461 4208 μετὰ
1502 4130 1699 4208 ἱερολο-

141 4209 250 4274 γίας
275 4209 446 4278 ἔχειν,
464 4208 524 4259 ού
548 4200 657 4278 χρὴ
677 4200 1176 4278 δέᾖίεσθαιξτὰΑπ-αρ
1198 4200 1362 4278 αὑτοῦ
1390 4201 1700 4278 προσερερρ-

142 4226 250 4274 γιας
275 4226 446 4278 εχειν,
464 4226 524 4259 ου
590 4226 657 4277 ρη
677 4226 921 4277 οεχεσυαι
950 4226 1018 4256 τα
1048 4226 1160 4273 παρ
1198 4226 1362 4255 αυτυυ
1394 4226 1699 4271 προσφερο-

142 4295 264 4350 item
292 4282 358 4350 τῇ
411 4226 728 4350 Ἐκκέησίᾳ,
768 4271 985 4350 ἦς-τους
1017 4274 1186 4350 θεξους
1218 4272 1449 4350 θεσμρζδς
1477 4270 1565 4350 διὰ
1594 4271 1699 4323 τῶν

140 4340 306 4417 ἔργων
332 4340 697 4417 καταφρονῶν
719 4340 1019 4417 ίὲνυόρίζει.
1056 4342 1167 4417 Hoc
1189 4351 1273 4396 est
1299 4340 1399 4417 :_$i
1426 4341 1542 4409 quis
1574 4357 1703 4394 con--

140 4412 371 4471 cibinam
403 4412 626 4480 habens,
659 4434 761 4469 non
798 4412 905 4469 vult
938 4427 1028 4467 aut
1076 4414 1225 4466 illam
1264 4412 1575 4480 relinquere,
1608 4421 1700 4464 aut

138 4490 398 4543 retinendo
476 4490 708 4555 accipere
762 4485 1165 4540 benedictionem
1220 4480 1697 4555 sacramentalem;

139 4574 232 4611 non
264 4568 474 4627 oportet
500 4551 722 4625 recipere
746 4573 862 4626 qua:
889 4556 952 4608 ab
980 4554 1072 4609 illo
1120 4553 1351 4627 ecclesia:
1380 4551 1695 4619 o/Teruntur,

139 4630 277 4696 cujus
296 4625 519 4683 divinas
552 4630 685 4697 leges
703 4625 859 4696 factis
882 4628 992 4680 suis
1016 4625 1385 4697 contemnitet
1431 4633 1699 4697 contume-

142 4691 207 4771 lia
229 4702 410 4767 afﬁcit.
435 4700 572 4753 Cor.
600 4691 739 4752 'Hae'c
766 4699 929 4752 verba
957 4697 1015 4749 οὐ
1045 4696 1125 4748 δεῖ
1149 4691 1251 4771 οὖν.
1270 4691 1515 4771 δέχεσθαι
1548 4693 1698 4771 παρὰ

138 4770 236 4839 τῷν
264 4766 550 4835 τοιούτων,
577 4771 782 4839 scripta
810 4774 938 4823 sunt
964 4766 1255 4821 recentiori
1280 4777 1464 4825 manu,
1492 4766 1547 4815 in
1571 4766 1693 4819 cod.

141 4836 567 4896 V'imlobonensi.

203 4911 314 4979 (58)
342 4911 558 4975 Αὐτός,
588 4909 753 4962 κ.τ.λ.
812 4908 871 4961 In
925 4908 1098 4979 altero
1137 4905 1261 4959 cod.
1310 4904 1506 4974 legitur
1534 4904 1697 4968 αὑτός

139 4977 244 5043 σου,
282 4977 472 5051 φησιν,
504 4982 656 5033 ἔσται
690 4979 896 5051 κεφαλὴ
920 4977 1041 5051 καί,
1073 4986 1177 5033 etc.
1208 4988 1362 5051 Gesn.

203 5043 313 5121 (59)
345 5043 746 5121 "Ieparei'c'at.
768 5043 1063 5117 Baptizare
1076 5046 1421 5121 sacerdotale
1442 5059 1562 5100 esse
1580 5043 1697 5098 offi-

138 5116 525 5175 cium'dicitur
567 5120 731 5175 etiam
780 5116 923 5173 infra
967 5120 1142 5186 capite
1174 5118 1261 5175 15,
1299 5116 1391 5170 lib.
1424 5131 1499 5174 v1.
1525 5123 1579 5169 et
1607 5130 1695 5169 ca-

138 5206 273 5246 none
316 5192 624 5260 apostolico
653 5191 723 5243 47
751 5198 1074 5260 constatque
1111 5188 1304 5260 multis
1350 5186 1696 5260 auctoritati-

137 5260 251 5331 bus.
295 5255 575 5331 praecipue
619 5260 941 5315 Tertulliani
983 5255 1381 5331 Debaptismo,
1414 5271 1536 5331 cap.
1587 5255 1690 5331 i7;

137 5327 395 5401 Cypriani
427 5327 588 5401 epist.
619 5332 708 5396 69,
737 5332 831 5396 '70;
865 5327 1556 5401 conciliiCarthaginensis
1579 5327 1691 5401 t‘lyf

138 5396 364 5468 prianici
410 5396 556 5456 num.
601 5402 687 5463 l7,
735 5402 821 5463 18,
868 5399 963 5465 19;
1009 5398 1292 5452 Athanasii
1326 5396 1579 5464 Epistola
1612 5396 1691 5468 ad

138 5471 503 5542 finemilium,
537 5490 587 5542 p.
625 5472 764 5536 955;
816 5470 1003 5524 Hilarii
1042 5469 1105 5542 in
1153 5469 1347 5542 psalm.
1388 5482 1570 5542 ωινιιζ
1589 5467 1693 5542 52;

139 5540 316 5611 Basilii
352 5538 564 5598 canone
594 5544 653 5603 ις
709 5541 990 5611 Epiplianii
1041 5540 1232 5593 hmres.
1268 5538 1498 5611 λέξοι).
1541 5538 1594 5599 5,
1635 5538 1688 5611 4,

138 5610 323 5683 haeres.
355 5612 450 5673 79,
475 5614 677 5683 (κινεῖ),
706 5606 767 5664 Τ
792 5606 1001 5683 (cujus
1016 5623 1079 5683 et
1097 5608 1319 5683 legenda
1352 5606 1625 5683 Vitacap.
1657 5610 1689 5660 6

136 5689 182 5733 et
206 5677 573 5752 il);loannis
597 5677 809 5736 Moschi
834 5677 953 5752 cap.
985 5680 1105 5740 176,
1136 5677 1189 5733 et
1216 5678 1499 5752 Augustini
1532 5677 1625 5730 lib.
1650 5694 1687 5752 ιι

138 5753 383 5808 adversus
436 5751 727 5821 Epistolam
776 5746 1120 5807 Parmenioni
1151 5765 1271 5826 cap.
1316 5749 1398 5803 15.
1437 5746 1589 5802 Hanc
1620 5750 1688 5802 ob

1817 3652 1929 3691 rem
1960 3637 2232 3700 diaconis,
2275 3646 2463 3707 utpote
2492 3652 2601 3691 non
2635 3638 3034 3703 sacerdotibus,
3070 3641 3166 3696 sed
3196 3658 3382 3701 sacer-

1816 3708 2002 3761 dotum
2035 3708 2328 3777 ministris.
2365 3725 2431 3763 ne
2463 3709 2794 3777 baptismum
2834 3711 3121 3765 conferant
3152 3713 3379 3771 interdi-

1813 3786 1945 3852 cunt
1973 3786 2159 3847 aperte
2188 3774 2625 3852 Constitutiones.
2658 3778 2822 3852 hujus
2871 3781 2993 3834 libri
3025 3796 3146 3852 cap.
3181 3785 3278 3840 ult.
3318 3796 3374 3843 et

1811 3848 1907 3925 lib.
1939 3863 2222 3925 vm,__cap.
2254 3849 2323 3902 28
2356 3859 2410 3925 e_t
2434 3850 2521 3903 46.
2564 3849 2750 3925 anue
2786 3848 3377 3925 interdictio—compro-

1810 3917 1970 3988 batur
1998 3933 2028 3971 a
2061 3917 2294 3973 Maximo
2327 3919 2395 3972 ad
2424 3935 2545 3988 cap.
2572 3921 2604 3973 5
2636 3920 2871 3975 Caelestis
2895 3921 3222 3988 hicrarcltitr,
3250 3917 3308 3981 et
3343 3943 3374 3981 a

1810 3987 2133 4060 Balsamone
2169 3988 2236 4041 ad
2268 3989 2337 4043 49
2369 3987 2633 4044 canonem
2677 3992 3076 4060 apostolorum;
3119 3987 3221 4050 nec
3262 4012 3373 4051 non

1811 4057 2172 4135 confirmatur
2208 4074 2418 4135 cangne
2456 4060 2485 4111 '7
2521 4057 2826 4135 eorum—qui
2859 4057 3139 4135 dicuntur,
3182 4067 3374 4135 synodi

1812 4128 2170 4202 Romanorum
2195 4130 2262 4182 ad
2296 4128 2477 4183 Gallos
2522 4128 2834 4202 episcopos;
2869 4133 2935 4186 de
2982 4134 3181 4202 quibus
3211 4128 3376 4190 cano—

1814 4200 1977 4253 nibus
2005 4200 2321 4269 conjectura
2352 4202 2640 4255 clarissimi
2684 4199 2981 4266 Sirmondi,
3001 4199 3175 4259 videri
3211 4204 3372 4261 Inno-

1811 4268 1979 4343 centii
2015 4285 2188 4339 papae,
2223 4280 2462 4343 corruet,
2494 4271 2539 4325 si
2561 4271 2922 4343 conferantur
2954 4274 3166 4343 primus
3194 4285 3249 4330 et
3277 4293 3368 4333 se-

1812 4339 2026 4411 cundus
2056 4355 2181 4411 cum
2219 4356 2341 4410 cap.
2380 4341 2442 4393 l2
2468 4348 2523 4394 et
2551 4342 2619 4395 15
2651 4342 2903 4411 Epistolze
2930 4339 3185 4399 secunda:
3221 4347 3370 4402 illius

1806 4409 2101 4485 pontificis.
2143 4408 2624 4485 integrumillum
2677 4408 2942 4485 canonem
2998 4415 3029 4466 7
3073 4429 3367 4485 apponam,

1802 4480 2281 4550 quemadmodum
2297 4495 2416 4535 meo
2434 4481 2645 4549 judicio
2672 4482 2831 4536 debet
2855 4480 3154 4537 constitui’i

1875 4550 2028 4616 Quod
2057 4552 2449 4622 diaconiextra
2476 4551 2698 4605 Pascha:
2729 4563 2927 4620 tempus
2951 4571 3053 4607 non
3080 4554 3367 4622 baptizent.

1802 4618 1926 4673 Non
1951 4637 2073 4691 ergo
2096 4638 2231 4674 nunc
2250 4620 2313 4674 de
2332 4622 2578 4688 baptismi
2599 4618 2932 4686 ratione,bsed
2959 4624 3021 4677 de
3044 4618 3371 4682 tradentium

1797 4705 2021 4756 persona
2044 4692 2292 4763 rescribo.
2330 4692 2547 4763 Pascha:
2580 4702 2803 4760 tempore
2824 4693 3089 4763 presbyter
3109 4710 3159 4749 et
3180 4698 3366 4751 diaco-

1802 4777 1899 4814 nus
1931 4777 2023 4829 per
2051 4762 2329 4831 parochias
2358 4762 2489 4815 dare
2528 4763 2884 4816 remissionem
2916 4762 3270 4831 peccatorum,
3312 4777 3364 4822 et

1798 4834 2149 4884 ministerium
2199 4832 2411 4903 implere
2456 4844 2860 4895 consueverunt,
2903 4836 3066 4887 etiam
3108 4848 3365 4903 praesente

1796 4903 2032 4969 episcopo
2078 4917 2096 4952 :
2134 4902 2187 4955 in
2218 4902 2414 4972 fontem
2450 4904 2780 4972 quoqueipsi
2815 4902 3154 4970 descendunt,
3187 4906 3273 4962 illi
3308 4910 3363 4962 in

1798 4920 2032 4969 episcopo
2078 4920 2096 4952 :
2134 4920 2187 4955 in
2218 4920 2414 4972 jontcm
2450 4920 2551 4972 quo
2588 4920 2650 4956 ue
2678 4920 2779 4971 ipsi
2815 4920 3154 4970 aescenaunt,
3187 4920 3272 4962 uti
3308 4926 3363 4962 ιη

1798 4972 1976 5040 ofﬁcio
2026 4972 2319 5046 sunt;‘_sed
2366 4973 2514 5046 illius
2553 4920 2653 5044 ἴοι.
2695 4974 2943 5046 episcopi]
2986 4978 3185 5030 nomini
3227 4977 3363 5045 facti

1794 5059 2002 5113 summa
2018 5043 2337 5095 conceditur.
2357 5042 2587 5112 Reliquis
2609 5060 2726 5097 vero
2745 5042 3080 5113 temporibus,
3099 5046 3190 5099 ubi
3205 5042 3362 5113 (egri-

1798 5066 2002 5095 summa
2018 5066 2337 5095 υυηεειιιιιιΐ.
2357 5066 2587 5112 netu/uls
2609 5066 2726 5097 vero
2745 5066 3080 5113 temporwus,
3099 5066 3188 5099 ua!
3205 5066 3249 5100 αἶ
3285 5066 3353 5100 1⁵2·

1798 5112 1994 5186 tudinis
2031 5114 2313 5186 necessitas
2354 5114 2596 5186 consequi
2615 5185 2618 5186 ν
2635 5130 3045 5185 unumquemque
3072 5066 3353 5186 compel’lit,

1795 5184 2091 5257 specialiter
2122 5183 2419 5257 presbytero
2445 5182 2656 5257 licentia
2679 5193 2774 5247 est,
2802 5182 2893 5253 per
2920 5182 3358 5257 salutaris’aqua:

1793 5254 2028 5326 gratiam,
2058 5252 2186 5326 dare
2210 5253 2589 5322 indulgentiam
2633 5252 2985 5326 peccatorum,
3022 5252 3271 5326 quoniam
3303 5268 3353 5310 et

1793 5340 1982 5375 munus
2014 5324 2111 5395 ipsi
2145 5324 2261 5376 licet
2290 5340 2452 5395 causa
2484 5325 2836 5379 mundationis
2860 5324 3047 5395 offerre
3068 5343 3086 5379 :
3117 5327 3354 5380 diaconis

1793 5409 1911 5447 vero
1933 5393 2081 5467 nulla
2115 5394 2332 5467 licentia,
2351 5394 2612 5447 invenitur
2636 5412 2747 5448 esse
2782 5393 3063 5459 concessa;
3095 5397 3353 5467 sedquod

1792 5464 1949 5518 semel
1978 5465 2113 5531 forte
2140 5465 2357 5533 contigit
2380 5480 2656 5533 usurpare,
2678 5481 2767 5532 per
2787 5469 3146 5521 necessitatem
3168 5464 3356 5519 dicun-

1794 5545 1882 5587 tur
1920 5537 2180 5597 excusati,
2225 5550 2315 5586 nec
2348 5546 2526 5602 postea
2568 5537 2623 5587 in
2665 5537 2945 5590 securitate
2991 5539 3351 5591 commissum.

1791 5604 1919 5677 Non,
1940 5606 2015 5658 ita
2052 5605 2335 5677 commode
2366 5619 2491 5658 cum
2514 5620 2722 5677 canone
2753 5608 3353 5677 prmcedentejungnn-

1791 5684 1881 5728 tur
1911 5676 2013 5730 ista
2046 5692 2057 5726 :
2094 5673 2215 5729 Non
2242 5691 2362 5745 ergo
2401 5691 2536 5728 nunc
2562 5674 2624 5729 de
2644 5673 2895 5745 baptismi
2921 5673 3144 5741 ratione,
3176 5673 3268 5731 sed
3290 5676 3353 5730 de

1793 5745 2112 5800 tradentium
2156 5762 2379 5813 persona
2426 5747 2676 5803 rescribo.
2722 5748 2827 5803 Alii
2876 5757 3057 5805 tamen
3103 5748 3351 5805 diaconis
