3880 6332
198 310 304 367 793

1103 264 1709 358 eousrrruriomzs
1743 300 2433 361 APOSTOLICE.—LIB.
2468 304 2555 361 ιιι.

3311 306 3413 364 794

186 426 383 493 τούτῳ·
419 422 510 475 καὶ
550 420 643 474 ἐὰν
757 421 874 473 ἐκεῖ
917 418 1029 482 υίὸς
1056 420 1296 491 εἰρήνης,
1326 422 1359 490 ή
1389 420 1576 490 εἰρήνη
1607 418 1742 488 ὑμῶι

1863 418 1935 471 rit
1959 417 2035 471 ibi
2082 418 2224 473 (ilius
2265 419 2438 489 pacis,
2462 434 2566 489 pax
2592 426 2773 475 vestra
2820 419 3122 487 requiescet
3156 435 3321 491 super
3347 423 3413 476 ἰΙοο

186 513 637 568 ἐπαναπαύσεται
664 515 748 565 ἐπ’
768 512 949 566 αὐτόν·
980 511 1076 565 ἐὰν
1094 512 1150 564 δὲ
1169 512 1243 583 μὴ
1270 506 1304 585 ᾗ
1326 511 1539 582 ἀξιος,ή
1570 511 1756 582 εἰρήνη

186 606 344 676 ὑμῶν
375 604 511 677 πρὸς
540 605 683 676 ὑμᾶς
709 603 1047 676 ἐπιστρέψει.

706 717 1099 772 ΚΕΦΑΛΑΙΟΝ
1135 717 1235 770 ΙΕ’.

1862 509 2008 576 lum;
2052 509 2138 564 siu
2196 518 2375 565 autem
2428 526 2541 565 non
2598 511 2762 566 fuerit
2813 510 3029 583 dignus,
3084 527 3186 581 pax
3232 523 3414 569 vestra

1858 608 2157 655 revertetur
2181 601 2245 655 ad
2276 616 2374 657 vos
2395 602 2462 656 η.
2499 622 2517 655 ι

2445 692 2673 748 CAPUT
2705 694 2820 751 XV.

184 814 317 866 Ὀτι
337 810 600 879 ἀπρεπὲς
619 810 682 863 τὸ
701 808 997 879 λοιδορεῖν
1014 808 1420 879 1673111010?“
1440 808 1742 877 ἀλλότριοι

1858 782 2013 849 Quod
2042 800 2145 839 non
2182 784 2676 879 deccatlc'onpi‘ciari
2710 790 2949 879 proximo
2974 805 2992 843 :
3016 791 3245 845 alienum
3273 795 3413 847 enim

398 876 509 949 γὰρ
541 879 649 951 (76)
678 876 1046 948 Χριστιανῶν
1074 878 1136 931 τὸ
1165 876 1546 946 καταρᾶσθαι.

253 977 320 1029 Ei
365 972 457 1028 οὖν
489 977 521 1045 η
551 975 738 1045 εἰρήνη
786 973 880 1026 ἐπὶ
921 974 1046 1037 τοὺς
1086 971 1197 1044 (77)
1228 972 1544 1043 πέμψαντας
1589 973 1757 1044 αὐτὴν

176 1068 271 1121 ἐπ’
302 1068 565 1132 ἐκείνους,
616 1068 777 1121 πάλιν
817 1068 1130 1139 ἐπιστρέφει
1165 1067 1258 1120 ἐπὶ
1282 1069 1409 1130 τοὺς
1436 1066 1755 1138 προηκαμέ-

174 1176 308 1223 νους
336 1160 523 1230 αὐτὴν,
544 1159 630 1213 διὰ
654 1160 716 1213 τὸ
746 1161 819 1231 μὴ
849 1160 1028 1231 εὑρεῖν
1047 1158 1231 1226 ἀξίους
1248 1159 1417 1228 αὐτῆς
1446 1158 1580 1229 (78),
1617 1158 1752 1212 πολὺ

179 1252 444 1323 μᾶλλονή
476 1253 689 1324 κατάρα
715 1252 1031 1324 ἐπιστρέψει
1061 1254 1142 1315 είς
1169 1252 1407 1323 κεφαλὴν
1426 1250 1520 1304 τοῦ
1554 1250 1755 1315 ἀδίκως

172 1345 355 1413 αὐτὴν
381 1344 777 1414 ἐκπέμψαντος,
800 1344 876 1405 ὡς
892 1342 993 1395 οὐκ
1018 1342 1169 1407 ἀξίου
1197 1343 1347 1405 ὄντος
1375 1342 1557 1395 λαϐεῖν
1585 1342 1752 1413 αὐτὴν

171 1437 391 1488 ἐκείνου
432 1436 568 1507 πρὸς
612 1437 777 1506 ὅνπερ
820 1434 1180 1504 ἐξαπεστάλη.
1229 1436 1343 1498 Πᾶς
1379 1436 1486 1505 γὰρ
1514 1436 1543 1487 ό
1573 1435 1751 1506 μάτην

169 1526 455 1599 λοιδορῶν,
494 1529 685 1581 ἑαυτὸν
722 1529 923 1599 ἀρᾶται
962 1526 1095 1599 (79),
1136 1527 1280 1581 καθά
1324 1545 1487 1597 φησιν
1525 1528 1554 1579 ὁ
1596 1527 1752 1581 Σολο-

172 1618 316 1690 μὼν·
357 1639 374 1672 ι
398 1621 606 1692 ’Ὠσπερ
632 1620 792 1691 ὄρνεα
848 1620 1098 1673 πέτονται
1144 1620 1238 1674 καὶ
1285 1620 1548 1690 στρουθοὶ,
1578 1620 1751 1686 οὕτως

166 1711 282 1783 ἀρὰ
316 1712 523 1782 ματαία
567 1713 666 1765 οὐκ
696 1712 1043 1766 ἐπελεύσεται
1070 1713 1157 1766 ἐπ’
1181 1712 1373 1766 οὐδενί.
1400 1732 1418 1763 ι
1452 1714 1561 1767 Καὶ
1588 1711 1749 1767 πάλιν

168 1804 346 1871 λέγει·
383 1824 401 1854 ι
422 1806 485 1857 Οἱ
511 1805 568 1857 δὲ
600 1804 921 1877 ἐκφέροντες
946 1805 1230 1877 λοιδορίας,
1260 1805 1646 1876 ἀφρονέστατοι
1675 1807 1753 1858 εί-
1784 1827 1827 1884 Β

170 1915 278 1950 σιν.
313 1917 332 1948 ι
369 1899 578 1969 Ὠσπερ
598 1899 653 1950 δὲ
684 1899 846 1970 (80)ή
881 1898 1126 1970 μέλισσα,
1149 1899 1207 1951 ὲν
1234 1902 1299 1970 τῇ
1329 1899 1552 1969 δυνάμει
1580 1898 1751 1968 αὐτῆς

166 1990 408 2062 ἀσθενὴς
421 1987 480 2044 οὗ
489 2008 577 2056 σα,
595 1991 732 2044 ἐπὰν
754 1991 927 2064 πλήξῃ
947 1992 1089 2058 τινὰ,
1107 1992 1169 2045 τὸ
1187 1991 1408 2063 κέντρον
1436 1989 1748 2057 ἀποϐάλλει,

165 2085 267 2135 καὶ
286 2084 497 2150 γίνεται
530 2086 717 2155 στεῖρα
738 2084 848 2157 (81)
865 2101 880 2115 ο
910 2084 1001 2137 τὸν
1029 2085 1188 2138 αὐτὸν
1215 2084 1411 2156 τρόπον
1432 2085 1525 2137 καὶ
1545 2085 1699 2155 ὑμεῖς
1722 2082 1752 2137 ὃ

164 2176 266 2227 ἐὰν
311 2176 576 2247 ποιήσητε
601 2176 782 2230 ἄδικον
812 2179 890 2240 εἰς
919 2178 1157 2249 ἐτέρους,
1188 2175 1347 2230 τοῦτο
1374 2178 1452 2240 εἰς
1480 2176 1587 2248 (89.)
1628 2177 1751 2229 ἐαυ-

162 2268 299 2330 τοίις
328 2269 649 2339 ἐνεργήσετε
670 2287 683 2299 ο
721 2288 738 2320 ι
765 2269 978 2322 Λάκκον
1024 2269 1132 2341 γὰρ
1168 2268 1362 2340 ὤρυξε,
1402 2270 1496 2321 καὶ
1522 2268 1751 2321 ἀνέσκα-

162 2359 273 2428 ψεν
303 2360 487 2425 αὑτὸν,
520 2362 616 2413 καὶ
641 2363 963 2432 ἐμπεσεῖται
992 2364 1071 2425 είς
1101 2362 1288 2433 βόθρον
1315 2361 1372 2414 ὃν
1402 2361 1744 2430 εἰργάσατο.»

162 2452 286 2505 Καὶ
316 2451 475 2504 πάλιν
523 2454 654 2522 (85)’
694 2472 711 2503 ι
750 2454 807 2507 '0
854 2453 1099 2525 ὀρύσσων
1160 2452 1349 2524 βόθρον
1400 2452 1479 2523 τῷ
1525 2452 1749 2524 πλησίον

162 2544 344 2597 αὐτοῦ
375 2545 504 2618 (84),
538 2548 856 2617 ἐμπεσεῖται
884 2548 964 2610 είς
994 2546 1175 2600 αὐτόν.
1208 2566 1226 2597 ι
1261 2543 1468 2598 Οὐκοῦν
1488 2546 1516 2597 ό
1535 2544 1749 2614 φεύγων

160 2626 444 2708 κατάραν,
492 2639 677 2710 ἕτερον
719 2639 793 2710 μὴ
846 2637 1194 2709 καταράσθω·
1244 2637 1273 2689 ὃ
1312 2636 1421 2708 γὰρ
1462 2640 1637 2707 μισεῖς
1666 2654 1749 2690 σοι

159 2732 445 2799 γενέσθαι,
476 2732 595 2784 οὐδὲ
624 2731 768 2802 ἄλλῳ
800 2731 864 2784 σὺ
894 2731 1157 2800 ποιήσεις.
1190 2731 1281 2781 Διὺ
1325 2729 1625 2782 νουθετεῖτε
1653 2729 1751 2792 τὰς

158 2824 437 2890 ἀπειθεῖς,
454 2823 811 2896 ὲπιπλήσσετε
822 2824 942 2885 ταῖς
959 2821 1353 2892 ἀναισχύντοις,
1390 2821 1749 2892 παρακαλεῖτε

156 2915 268 2978 τὰς
286 2916 663 2986 ὀλιγοψύχους,
691 2918 1082 2987 ίσχυροποιεῖτε
1107 2914 1205 2977 τὰς
1230 2915 1579 2980 ἀσθενούσας,
1596 2917 1751 2970 ἐπαι-

157 3012 310 3061 νεῖτε
339 3008 439 3071 τὰς
456 3011 512 3061 ὲν
533 3009 769 3079 ὁσιότητι
788 3008 969 3061 όδευού
978 3025 1090 3070 σας.
1107 3007 1506 3076 Εὑλογείτωσαν
1527 3006 1745 3079 μᾶλλον,

158 3101 260 3154 καὶ
277 3101 354 3173 μὴ
368 3099 801 3171 λοιδορείτωσανο
827 3099 1353 3172 εἰρηνοποιείτωσαν,
1382 3098 1474 3152 καὶ
1499 3100 1572 3170 μὴ
1596 3098 1750 3152 πόλε-

2171 870 2283 909 esse
2312 872 2343 908 a
2371 853 2687 911 Christianis
2710 853 2719 857 ⁷
2747 858 3073 915 maledicere.

1927 966 1985 1023 Si
2022 984 2151 1040 ergo
2198 984 2303 1039 pax
2333 954 2476 1041 apud
2520 987 2637 1036 eos,
2669 973 2760 1043 qui
2808 973 2955 1027 illam
2990 973 3057 1028 ad
3082 976 3218 1031 alios
3246 977 3413 1032 misc-

1855 1066 2006 1124 runt,
2040 1076 2260 1115 rursum
2292 1062 2360 1117 ad
2390 1064 2783 1133 praemittentes
2812 1066 2973 1131 redit,
3007 1070 3150 1137 quod
3189 1087 3295 1125 non
3328 1072 3415 1126 in-

1854 1153 2063 1206 venerit
2085 1154 2280 1223 dignos
2310 1154 2427 1225 ipsa
2449 1195 2464 1219 ,
2500 1158 2671 1211 multo
2696 1159 2869 1228 magis
2898 1161 3207 1217 maledictio
3234 1180 3412 1220 rever-

1853 1252 2001 1301 tetur
2029 1245 2085 1298 in
2114 1254 2275 1316 caput
2320 1248 2505 1318 inique
2535 1249 2874 1306 immittentis
2907 1266 3048 1316 eam,
3078 1255 3223 1323 quod
3266 1256 3313 1312 is
3342 1258 3412 1312 ad

1851 1350 2012 1404 quem
2042 1338 2329 1392 amandata
2361 1347 2468 1404 est,
2501 1356 2610 1395 non
2642 1350 2921 1397 mereatur
2954 1343 3099 1397 illam
3143 1347 3406 1417 recipere.

1852 1426 2113 1497 Quisquis
2136 1430 2281 1484 enim
2307 1431 2426 1486 sine
2465 1447 2630 1487 causa
2656 1434 3016 1500 conviciatur,
3049 1437 3152 1491 sibi
3188 1440 3414 1494 maledi-

1852 1520 1965 1586 cit,
1999 1528 2057 1573 ut
2088 1519 2344 1576 Salomon
2376 1523 2489 1579 ait:
2521 1542 2538 1575 ι
2566 1523 2718 1579 Sicut
2758 1542 2885 1582 aves
2910 1528 3111 1590 volant,
3142 1539 3195 1585 et
3225 1547 3413 1600 passe-

1851 1627 1941 1667 res
1967 1652 1982 1677 ,
1999 1614 2079 1669 sic
2095 1614 2441 1671 maledictum
2457 1633 2655 1672 vanum
2678 1635 2786 1674 non
2806 1620 2859 1674 in
2882 1622 3088 1676 nullum
3117 1625 3405 1681 veniet“.»

1851 1704 1918 1760 Et
1956 1707 2152 1762 iterum
2190 1708 2363 1764 dicit:
2401 1730 2420 1763 ι
2447 1710 2547 1776 Qui
2594 1720 2771 1767 autem
2819 1714 3103 1784 proferunt
3137 1718 3408 1783 convicia,

1852 1801 2287 1870 insipientissimi
2318 1810 2447 1858 sunt
2467 1805 2531 1857 η.
2562 1823 2580 1856 ι
2615 1803 3080 1870 Quemadmodum
3112 1824 3240 1864 vero
3268 1812 3409 1880 apis,

1851 1892 2060 1947 viribus
2094 1892 2328 1959 inﬁrma,
2364 1910 2488 1949 cum
2528 1899 2816 1968 pupugerit
2860 1901 3115 1970 aliquem,
3158 1904 3410 1959 aculeum

1850 1983 2071 2050 amittit,
2115 1984 2454 2056 elliciturque
2511 1990 2904 2061 steriliszpari
2956 1996 3119 2050 modo
3173 2007 3227 2052 et
3283 2016 3405 2065 vos,

1849 2091 2017 2145 quam
2048 2077 2301 2148 injuriam
2327 2081 2448 2135 aliis
2478 2081 2790 2149 intuleritis,
2822 2085 2961 2141 hanc
2990 2089 3146 2144 vobis
3174 2090 3406 2150 facietis.

1860 2166 2101 2222 «Lacum
2146 2171 2290 2225 enim
2341 2174 2574 2242 aperuit,
2608 2184 2659 2229 et
2703 2175 2887 2230 effodit
2928 2194 3091 2247 eum;
3128 2190 3181 2237 et
3210 2184 3409 2240 incidet

1848 2262 1905 2317 in
1972 2262 2183 2318 foveam
2238 2282 2399 2335 quam
2461 2267 2666 2323 fecit“.
2717 2290 2734 2321 ι
2795 2272 2861 2325 Et
2912 2288 3106 2330 rursus

1848 2353 1985 2410 fodit
2011 2355 2219 2412 foveam
2249 2359 2495 2427 proximo
2524 2377 2645 2426 suo,
2676 2362 2878 2418 incidet
2902 2365 2954 2418 in
2979 2382 3099 2423 eam
3127 2368 3189 2422 “.
3219 2389 3237 2417 ι
3269 2369 3410 2441 Ergo

1848 2449 1939 2518 qui
1970 2450 2215 2505 maledici
2248 2452 2466 2522 refugit,
2490 2470 2559 2509 ne
2590 2455 2744 2509 alteri
2776 2457 3080 2515 maledicat.
3100 2459 3235 2515 Nam
3264 2466 3409 2533 quod

1849 2543 2032 2598 oderis
2078 2544 2177 2597 tibi
2228 2543 2365 2607 ﬁeri,
2393 2563 2567 2616 neque
2612 2548 2765 2603 alteri
2796 2561 2851 2603 tu
2881 2550 3094 2607 feceris.
3137 2554 3409 2619 Quocirca

1850 2642 2067 2690 monete
2095 2636 2795 2710 immorigeras,objurgate
2826 2642 3244 2710 inverecundas,
3276 2661 3411 2701 con-

1850 2728 2103 2781 solamini
2137 2728 2335 2797 pusillo
2388 2732 2572 2784 animo
2627 2732 2899 2800 praeditas,
2934 2733 3222 2791 fortiﬁcate
3258 2739 3410 2792 inﬁr-

1850 2835 1986 2884 mas,
2017 2821 2233 2875 laudate
2266 2823 2576 2878 sanctitatis
2606 2827 2708 2879 iter
2736 2827 3038 2897 ingressas.
3068 2828 3408 2888 Benedicant

1847 2913 2050 2981 potius,
2101 2921 2155 2968 et
2189 2929 2300 2968 non
2344 2916 2754 2984 convicientur;
2801 2936 3009 2989 pacem,
3043 2940 3151 2977 non
3206 2925 3407 2981 bellum

1849 3004 2072 3061 faciant.
2110 3005 2292 3076 Itaque
2343 3023 2443 3063 nec
2492 3010 2804 3079 episcopus,
2846 3029 2943 3068 nec
2975 3017 3279 3088 presbyter,
3308 3035 3410 3076 nec

1851 3097 2137 3163 diaconus,
2170 3115 2270 3154 nec
2311 3100 2491 3170 quivis
2538 3102 2679 3157 alius
2725 3105 2868 3158 sacri
2915 3107 3144 3172 ordinis,
3168 3110 3409 3180 linguam

160 3212 269 3264 μον
301 3194 885 3265 ἐμποιείτωσαν.Μήτε
903 3190 995 3247 οὖν
1023 3193 1335 3257 ἐπίσκοπος,
1362 3193 1497 3263 μήτε
1515 3192 1742 3262 πρεσὸύ-

1852 3192 2100 3247 convicio
2126 3193 2404 3262 inquinet;
2440 3210 2508 3248 ne
2539 3210 2638 3265 pro
2663 3195 3041 3255 benedictione
3071 3203 3411 3260 maledictio-

153 3304 347 3358 τερος,
376 3288 510 3358 μήτε
527 3287 788 3352 διάκονος,
814 3288 947 3358 μήτε
967 3286 1122 3349 ἄλλος
1138 3304 1222 3350 τις
1240 3287 1304 3340 ἐκ
1321 3287 1414 3339 τοῦ
1444 3285 1743 3356 καταλόγου

154 3378 263 3431 τοῦ
289 3378 569 3450 ἱερατικοῦ
591 3378 825 3451 λοιδορίᾳ
852 3380 952 3450 τὴν
980 3378 1228 3447 γλῶσσαν
1250 3378 1539 3449 μολυνέτω,
1562 3379 1648 3432 ἴνα
1669 3378 1744 3449 μὴ

154 3473 292 3526 ἀντὶ
311 3472 563 3541 εὐλογίας
574 3473 816 3544 κατάραν
839 3472 939 3543 κλη
948 3489 1068 3544 ρονο
1075 3473 1146 3543 μή
1154 3489 1242 3543 σῃ.
1275 3472 1455 3524 Ἔστω
1469 3471 1527 3524 δὲ
1542 3470 1743 3542 σπουδὴ

156 3566 266 3618 καὶ
296 3565 585 3635 ἐπιμέλεια
610 3564 687 3635 τῷ
708 3564 1169 3635 ἐπισκόπῳ,ὅπως
1201 3563 1333 3635 μηδὲ
1362 3562 1547 3626 λαῖκὸς
1573 3563 1744 3617 κατά-

156 3676 271 3728 ραν
301 3657 526 3729 ὲκφέρτγ
560 3657 686 3728 περὶ
715 3656 930 3709 πάντων
957 3656 1065 3727 γὰρ
1093 3654 1240 3726 αὐτῷ
1272 3655 1481 3726 μέλλειν
1515 3654 1739 3723 ὀφείλει,

155 3751 300 3820 περὶ
350 3749 648 3821 κληρικῶν,
709 3749 835 3820 περὶ
883 3747 1187 3820 παρθένων,
1219 3748 1347 3819 περὶ
1375 3746 1582 3818 χηρῶν,
1612 3747 1743 3819 περὶ

152 3841 395 3896 laudm.
426 3842 525 3895 Διά
569 3842 750 3909 τοῦτο,
781 3837 825 3895 ὧ
853 3841 1140 3905 ἐπίσκοπε,
1168 3843 1295 3904 τοὺς
1323 3839 1616 3912 συνεργούς
1647 3857 1741 3893 σου

151 3934 271 4002 τῆς
324 3933 471 4004 ζωῆς
515 3937 609 3989 καὶ
650 3936 750 4005 τῆς
793 3933 1137 4005 δικαιοσύνης
1181 3933 1437 4004 ἐργάτας,
1466 3931 1743 3996 διακόνους

150 4026 498 4096 εὐαρέστους
533 4026 652 4098 Θεῷ
688 4027 1055 4098 προχειρίςου,
1077 4025 1171 4089 οὒς
1189 4027 1253 4079 ἐκ
1280 4024 1476 4089 παντὸς
1501 4024 1593 4077 τοῦ
1612 4023 1742 4077 λαοῦ

149 4120 488 4191 δοκιμάζεις
531 4116 672 4174 εἶναι
717 4121 920 4187 ἀξίους,
964 4121 1059 4173 καὶ
1106 4121 1185 4184 είς
1219 4118 1317 4182 τὰς
1341 4119 1442 4188 τῆς
1469 4117 1742 4180 διακονίας

1846 3299 1970 3339 nem
2002 3285 2283 3339 sortiatur.
2314 3284 2541 3340 Studeat
2574 3295 2755 3342 autem
2790 3297 2842 3343 et
2893 3301 3049 3346 curet
3087 3295 3404 3365 episcopus,

1847 3385 1904 3430 ut
1953 3393 2129 3447 neque
2180 3379 2355 3433 laicus
2402 3379 2753 3434 maledictum
2801 3383 3041 3451 proferat
3087 3404 3100 3439 :
3153 3390 3407 3445 omnibus

1845 3469 1988 3524 enim
2014 3471 2327 3539 prospicere
2358 3470 2540 3534 debet,
2574 3472 2812 3536 clericis,
2850 3476 3173 3545 virginibus,
3206 3482 3406 3546 viduis,

1844 3561 2018 3616 laicis.
2064 3558 2377 3631 PrOpterca,
2410 3563 2687 3633 episcope,
2719 3565 2814 3618 tibi
2850 3566 2906 3619 in
2937 3572 3047 3621 vita
3100 3570 3404 3639 adjutores,

1838 3652 2067 3721 justitia:
2109 3654 2411 3722 operarios,
2460 3654 2677 3725 Deoque
2729 3667 2915 3727 gratos
2947 3660 3206 3717 diaconos
3243 3664 3406 3735 elige,

1846 3761 1983 3815 quos
2009 3762 2075 3803 ex
2119 3748 2267 3801 omni
2295 3748 2494 3818 populo
2536 3750 2730 3820 dignos
2755 3766 2877 3806 esse
2900 3755 3171 3822 probaris,
3195 3764 3249 3811 et
3272 3759 3407 3813 sub-

1845 3837 2041 3893 eundis
2069 3839 2336 3894 diaconici
2385 3840 2544 3895 cilicii
2604 3842 2882 3897 laboribus
2915 3846 3150 3901 maxime
3190 3864 3411 3903 accom-

1848 3931 2117 3986 modatos.
2156 3930 2329 3985 Etiam
2376 3933 2513 4003 elige
2554 3933 2921 3990 diaconissam
2958 3936 3167 3994 ﬁdelem
3195 3948 3248 3994 et
3279 3957 3406 3995 san-

1845 4029 2011 4087 ctam,
2039 4022 2104 4077 ad
2137 4023 2427 4078 mulierum
2468 4025 2797 4083 ministeria.
2840 4027 2927 4083 Fit
2974 4033 3119 4086 enim
3156 4049 3411 4091 nonnun-

1849 4130 2035 4184 quam,
2069 4122 2129 4169 ut
2159 4115 2213 4170 in
2244 4115 2569 4185 quibusdam
2595 4118 2871 4186 domibus,
2893 4122 3070 4177 virum
3113 4126 3407 4182 diaconum

243 4276 286 4308 “
328 4275 465 4332 Luc.
499 4292 557 4344 ι,
588 4277 650 4343 5;
688 4274 881 4331 Matth.
913 4291 945 4330 χ
967 4314 981 4339 ,
1015 4274 1102 4329 15.
1179 4274 1242 4333 ¹¹.
1258 4268 1420 4327 Prov.
1454 4285 1612 4334 xxvr,
1641 4267 1696 4327 2.
1774 4266 1991 4322 "Prov.
2032 4283 2096 4331 ι,
2130 4268 2216 4322 i8.
2295 4267 2337 4298 ¹³
2371 4266 2515 4323 Psal.
2551 4284 2660 4334 vn,
2697 4271 2781 4327 16.
2846 4274 2889 4308 ίδ
2924 4273 3084 4331 Prov.
3116 4293 3240 4332 xxvi
3262 4320 3276 4345 ,
3308 4278 3402 4334 27.

1432 4483 1833 4559 .VARIORUM
1868 4484 2103 4541 NOTAE.

237 4658 356 4731 (76)
402 4656 748 4731 Ἀλλότριρν
934 4650 1084 4731 Alter
1107 4648 1278 4731 codex
1307 4647 1400 4731 καὶ
1426 4644 1733 4731 ἀλλότριον,

1852 4646 2045 4731 liturna.
2075 4646 2279 4731 multis.
2320 4643 2475 4731 [Inde
2504 4644 2869 4731 proverbialis
2900 4644 3103 4731 locutio
3134 4643 3185 4731 in
3218 4643 3401 4701 Plato-

154 4715 267 4784 nec
298 4715 427 4782 loco
456 4715 712 4781 convenit
740 4715 1067 4790 αἱτιόλογική
1095 4718 1384 4790 particula.
1424 4715 1591 4790 Citra.

260 4798 355 4869 77)
402 4797 533 4852 Ἐπὶ
560 4797 700 4861 τούς
746 4785 1142 4869 θό-ἐκεῖνοὺξτ.
1192 4788 1405 4869 Absunt
1458 4785 1513 4869 in
1562 4785 1735 4841 altero

188 4802 355 4925 ο377)
402 4802 533 4852 Ἐπὶ
560 4802 700 4861 τούς
746 4802 813 4848 ad
853 4802 1142 4855 ἐκείνους.
1192 4802 1405 4843 Ansunt
1458 4802 1513 4839 in
1562 4802 1735 4841 altero

150 4888 183 4925 c
272 4913 287 4925 .
343 4877 401 4923 et
445 4878 631 4939 postea
684 4865 932 4934 sequitur
962 4859 1406 4932 προσηκαμένους
1444 4866 1737 4927 utrumque

150 4938 479 5012 perperam.
512 4938 681 4992 CLI-zu.
1132 5001 1158 5012 _

230 5010 356 5079 (78)
388 5007 607 5079 Αὐτῆς.
638 5005 791 5077 Legit
825 5004 967 5079 idem
1000 5004 1228 5079 ἐαυτης,
1250 5006 1416 5079 recte.
1446 4996 1524 5079 in.
1610 5066 1626 5079 _
1682 5066 1709 5077 _

257 5066 355 5148 79)
386 5077 512 5145 Πᾶς
535 5066 647 5148 γὰρ
688 5066 744 5148 ῥυ
761 5075 959 5148 μάτην
985 5066 1305 5148 .Ioidoijr,
1324 5070 1543 5148 kayser
1593 5066 1737 5148 ἀρᾷ-

146 5138 272 5209 ταὶ.
313 5138 655 5204 Ϊιιιιιίίἱιιίᾱ
687 5138 1053 5201 Ecclesiastici
1093 5156 1207 5202 XXI,
1237 5142 1312 5197 '50
1340 5159 1353 5195 :
1386 5138 1526 5192 Dum
1568 5138 1735 5192 male-

144 5226 292 5278 dicit
318 5222 511 5289 impius
532 5218 823 5289 diabolum,
854 5212 1123 5289 maledicit
1146 5212 1253 5279 ipse
1268 5211 1516 5289 animam
1536 5224 1687 5262 suam
1711 5223 1730 5261 :

161 5297 258 5348 Ἑν
288 5291 375 5362 τῷ
394 5280 741 5362 ’καταρᾶσθαι
769 5284 1053 5362 ἀσεϐἧκτδν
1085 5282 1343 5348 Σατανᾶν,
1376 5280 1535 5343 αὐτὸς
1563 5295 1732 5332 κατα-

150 5354 457 5437 ρᾶτρι,ι.’τὴ“έ
487 5354 677 5437 έφὲιτοῦ
706 5357 900 5437 Mi!-
930 5354 1081 5437 (ἔστι
1214 5435 1248 5437 κ,
1276 5420 1293 5437 ι
1340 5435 1367 5437 η

230 5375 1137 5507 ἷὲὁ)τὲἔ.ιῗὲἷῖιυεῖξῒέᾟὶἠῖὶῗζξχ,
1149 5420 1295 5507 quod
1324 5419 1518 5507 melius
1530 5459 1543 5473 .
1556 5416 1724 5507 ριξεέ

230 5435 329 5507 (80
384 5433 475 5484 Δέ.
508 5433 652 5483 Idem
683 5433 804 5483 cod.
833 5433 991 5480 Vind.
1023 5433 1295 5503 00v,quou
1324 5433 1725 5501 meliusnam

229 5433 352 5574 (81)
382 5500 495 5574 Kal
535 5501 757 5574 γίνεται
809 5497 1031 5566 στεῖρα.
1070 5490 1501 5574 Tnbus__modis
1552 5504 1729 5574 accipi

146 5562 347 5646 potest
378 5589 391 5624 :
423 5572 483 5646 _i'
511 5562 848 5646 simpliciter,
887 5562 949 5646 ut
998 5578 1193 5618 sensus
1245 5562 1317 5616 sit
1340 5580 1371 5646 ἰ.
1389 5573 1570 5646 apem1
1577 5572 1728 5646 “cum

149 5631 164 5646 ’
193 5642 479 5715 upugerit,
514 5631 746 5696 sterilem
795 5636 1044 5698 evadere,
1080 5649 1179 5714 nec
1212 5631 1444 5713 amplius
1484 5642 1724 5711 gignere.

149 5663 213 5769 rd
249 5731 387 5768 vero
418 5712 613 5767 nullibi
665 5723 749 5762 me
795 5709 975 5777 legere
1022 5717 1264 5758 memmi.
1296 5702 1366 5777 ‘2'
1406 5698 1723 5777 ὃλιιιιῐιιοιιι-

249 5731 387 5768 vero
418 5726 613 5767 nulum
665 5726 749 5762 me
798 5726 975 5768 legere
1022 5726 1264 5758 lllClllllll.
1311 5726 1364 5753 Ζ-
1406 5726 1723 5753 ῦιιυιιιιῠιιιο

153 5785 345 5857 gendo
375 5783 622 5855 κέντρου.
655 5778 767 5835 Hoc
791 5769 896 5843 est,
927 5777 1161 5846 privatur
1187 5771 1386 5829 aculeo.
1423 5769 1579 5839 Quod
1607 5776 1721 5824 tra-

1842 4714 2264 4786 nis_Pha’done,
2319 4714 2519 4786 ὥσπερ
2559 4714 2879 4786 μέλιτταγτδ
2922 4715 3141 4786 κέντρον
3170 4717 3402 4784 ἐγκατα-

1841 4784 2011 4857 λιπὼν
2032 4787 2339 4857 οἰχήσομαι.
2371 4783 2519 4838 Velut
2540 4783 2653 4854 apis
2683 4784 2862 4857 aculeo
2899 4783 3078 4838 relicto
3107 4783 3397 4844 discedam.

1842 4857 1898 4937 δέ
1928 4854 2244 4937 Improprie,
2290 4857 2597 4937 aturatioiie
2640 4855 2815 4909 mellis
2851 4869 3194 4937 nequaquam
3227 4858 3401 4937 conli-

1843 4923 2023 4981 ciendi
2053 4923 2261 4996 postea.
2290 4924 2501 4981 Plinius
2521 4925 2708 4991 lib.x1,
2728 4940 2851 4994 cap.
2875 4923 3261 4996 187:7Aculeum
3284 4927 3398 4995 api-

1845 4996 1939 5050 bus
1967 4995 2159 5049 natura
2187 4995 2350 5061 dedit,
2376 4997 2542 5049 ventri
2573 5004 2888 5049 consertum.
2921 4995 3000 5047 Ad
3048 5011 3208 5047 unum
3233 4997 3397 5050 ictum

1844 5066 1939 5118 hoc
1968 5065 2155 5136 inﬁxo,
2184 5066 2399 5137 quidam
2428 5082 2515 5137 eas
2556 5066 2737 5119 statim
2756 5064 2928 5137 emori
2955 5073 3161 5137 putant.
3189 5065 3392 5137 Aliqui,

1843 5133 2051 5191 nonnisi
2078 5138 2131 5190 in
2163 5133 2367 5190 tantum
2410 5136 2617 5200 adacto,
2653 5145 2710 5189 ut
2746 5135 2977 5188 intestini
3022 5133 3297 5205 quidpiam
3311 5153 3396 5189 se-

1839 5215 2034 5275 quatur
2055 5222 2073 5259 :
2103 5207 2190 5261 sed
2215 5208 2361 5271 fucos
2382 5215 2561 5275 postea
2589 5222 2721 5268 esse,
2747 5221 2836 5257 nec
2856 5204 3011 5258 mella
3034 5204 3233 5275 facere,
3254 5206 3394 5259 velut

1842 5273 2089 5331 castratis
2119 5278 2336 5344 viribus,
2362 5273 2659 5346 pariterque
2680 5285 2730 5329 et
2755 5292 2938 5328 nocere
2958 5284 3006 5329 et
3033 5273 3279 5344 prodesse
3301 5275 3394 5330 de-

1836 5346 2022 5402 sinere.
2048 5347 2186 5405 Cor.

1931 5418 2019 5486 8:2)
2050 5421 2171 5483 Εἰς.
2203 5416 2347 5486 idem
2370 5417 2475 5481 ἐπ’,
2506 5414 2650 5486 quod
2678 5414 3029 5486 estperinde.
3053 5413 3224 5486 (Ζιειι.

1932 5422 1999 5471 82
2050 5422 2171 5483 Εἰς.
2203 5422 2347 5472 ldem
2370 5422 2475 5481 ἐπ’,
2506 5422 2650 5486 quod
2678 5422 2762 5471 est
2788 5422 3029 5484 perinde.
3053 5422 3224 5469 mea.

1932 5422 2020 5558 85)
2050 5486 2260 5542 Πάλιν.
2308 5485 2367 5541 lu
2416 5488 2586 5541 altero
2628 5488 2657 5539 ὁ
2693 5484 2977 5558 Σολομὼν,
3004 5484 3231 5550 rectius,
3260 5498 3392 5542 nam

1836 5552 2082 5627 proxime
2105 5558 2373 5628 superior
2400 5558 2554 5612 locus
2579 5562 2664 5628 est
2690 5552 2931 5628 Davidis.
2960 5556 3035 5610 lo.

1906 5628 2016 5702 (84)
2052 5627 2133 5693 Τῷ
2159 5624 2425 5702 ήᾳησίον
2446 5625 2653 5685 αὑτοῦ.
2684 5624 2897 5681 Absuut
2939 5628 3074 5702 haec,
3126 5635 3180 5682 et
3230 5625 3393 5682 facile

1832 5698 2171 5770 supplentur.
2205 5698 2280 5755 lo.

3155 2278 3409 2345 :cQui
3502 2277 3516 2292 ’
