3880 6332
216 293 313 350 soi
1128 260 1728 350 CONSTITUTIONES
1762 291 2439 351 APOSTOLI€E.—LIB.
2464 292 2556 349 ιιι.
3346 290 3454 349 eos

739 403 1129 457 ΚΕΦΑΛΑΙΟΝ
1166 404 1265 458 ιθσ.
1820 412 1865 469 Α

1820 412 1865 469 Α
2464 403 2693 461 CAPUT
2729 403 2870 460 χιι.

526 495 660 561 Οῖος
691 496 916 565 ὀφείλει
946 497 1098 549 εἶναι
1127 499 1158 549 ό
1187 496 1479 561 διάκονος.

2239 497 2427 564 Qualis
2465 514 2576 552 esse
2613 497 2797 553 debeat
2836 496 3110 552 diaconus.

282 590 571 642 Ἔστωσαν
601 588 657 641 δὲ
685 590 780 643 καὶ
804 590 858 641 οἱ
885 588 1119 641 διάκονοι
1149 588 1207 639 ὲν
1239 589 1402 640 πᾶσιν
1430 588 1649 659 ἄμωμοι
1672 630 1686 653 ,
1715 589 1791 652 ὼς

1965 590 2086 645 Sint
2139 599 2317 645 autem
2354 590 2570 645 diaconi
2604 591 2754 645 omni
2791 590 2924 644 vitio
2969 591 3268 652 immunes,
3309 589 3454 646 sicut

209 683 301 735 καὶ
330 682 362 733 6
395 681 714 744 ἐπίσκοπος·
760 681 917 751 μόνον
960 681 1019 733 δὲ
1067 680 1497 751 εὑσκυλτότεροι·
1534 680 1741 748 ἀνάλογα

1924 690 1943 735 ι
1972 684 2265 753 cpiscopus
2292 700 2308 750 ;
2344 684 2723 737 tantummodo
2756 682 3087 747 activiores;
3122 682 3454 737 multitudini

207 772 347 843 πρὸς
379 772 441 825 τὸ
470 772 675 841 πλῆθος
700 772 799 841 τῆς
832 772 1175 843 Ἐκκλησίας’
1200 772 1287 825 ἵνα
1315 773 1409 824 καὶ
1434 774 1546 835 τοῖς
1567 771 1642 843 (2)
1661 772 1739 824 ἀδι

1924 775 2148 832 lcclesiae
2180 786 2586 845 congruentes;
2624 782 2683 827 ut
2724 782 2777 827 et
2810 774 3065 828 invalidis
3104 774 3316 844 possint
3352 774 3456 827 mi‘

202 865 393 928 νάτοις
434 864 820 936 ὑπηρετεῖσθαι
858 863 933 935 (5)
961 863 1248 930 δύνωνται,
1276 864 1351 927 ὡς
1380 864 1606 935 ἐργάται
1626 864 1734 916 ἀνετ

1918 868 2422 938 nistrare,tanquam
2452 866 2719 937 Operarii,
2758 866 2893 920 nihil
2936 866 3143 935 pudore
3179 867 3450 921 deterriti.

200 959 506 1028 αίσχυντοι.
555 956 663 1011 Καὶ
701 959 734 1027 ή
783 956 881 1026 μὲν
924 956 1059 1026 γυνὴ
1118 956 1219 1019 τὰς
1249 959 1510 1024 γυναῖκας
1560 956 1732 1009 σπουδι

1918 976 1963 1015 ιε
1991 962 2185 1015 mulier
2221 960 2441 1031 quidem
2482 958 2806 1013 mulieribus
2856 958 3143 1027 providere
3184 958 3450 1013 studeat:

203 1049 382 1113 ζουσα
404 1048 743 1120 Θεραπεύεινο
768 1048 1067 1120 ἀμφότεροι
1087 1047 1144 1101 δὲ
1163 1046 1231 1100 τὰ
1256 1047 1390 1119 πρὸς
1410 1047 1665 1117 ἀγγελίαν
1688 1047 1735 1119 (Δ

1925 1053 2107 1122 trique
2144 1068 2272 1107 vero
2307 1052 2491 1105 munia
2529 1050 2852 1114 nuntiandi,
2886 1050 3259 1120 digrediendi,
3292 1052 3456 1105 mini-

203 1140 509 1211 ἐκδημίαν,
554 1139 891 1211 ὑπηρεσίαν,
938 1140 1203 1192 δουλείαν*
1253 1140 1330 1202 ὡς
1384 1140 1477 1193 καὶ
1522 1141 1648 1211 περὶ
1690 1158 1735 1193 τι

1923 1143 2094 1197 trandi
2115 1184 2130 1208 ,
2151 1143 2421 1199 serviendi
2445 1143 2678 1209 obeant;
2706 1141 3163 1212 quemadmodum
3188 1144 3252 1197 de
3274 1143 3455 1197 Domi-

203 1232 421 1302 Κυρίου
456 1230 682 1293 Ἡσαΐας
702 1230 851 1299 ἔλεγε
876 1271 891 1297 ,
922 1230 1166 1299 φάσκων-
1205 1249 1221 1281 ι
1251 1231 1547 1284 Δικαιῶσαι
1577 1231 1735 1285 δίκαι(

1924 1250 1957 1288 o
1981 1235 2117 1289 dixit
2147 1236 2347 1290 Isaias:
2381 1253 2399 1285 ι
2430 1233 2741 1290 Justiticare
2762 1274 2777 1298 ,
2802 1234 2980 1304 inquit
3002 1274 3017 1298 ,
3039 1235 3283 1304 justum,
3314 1236 3455 1293 bene

202 1320 265 1375 εὖ
292 1321 616 1376 δουλεύοντα
636 1322 866 1385 πολλοῖς.
882 1341 901 1373 ι
927 1323 1193 1386 Ἕκαστος
1217 1320 1311 1377 οὑν
1333 1324 1422 1375 τὸν
1443 1323 1570 1376 ἴδιον
1588 1340 1734 1395 γνωρ

1921 1327 2210 1383 ervientem
2240 1327 2428 1382 multis
2454 1326 2523 1381 ".
2558 1345 2575 1377 ι
2608 1324 2818 1397 Singuli
2867 1326 3034 1397 igitur
3073 1328 3253 1381 locum
3296 1344 3453 1383 suum

201 1415 350 1479 ξέτω
378 1415 541 1467 τόπον
562 1458 576 1481 ,
617 1415 709 1468 καὶ
760 1415 1045 1468 ὲκτελείτω
1066 1415 1226 1469 αὑτὸν
1274 1416 1579 1479 σπουδαίως
1604 1457 1619 1481 ,
1655 1416 1733 1486 ὀμ)

1923 1434 1946 1474 c
1978 1436 2177 1475 munus
2209 1426 2545 1490 agnoscant,
2580 1418 2950 1487 impleanlque
2983 1417 3295 1488 diligenter,
3328 1434 3455 1473 con-

202 1506 457 1576 φρόνως,
517 1506 824 1577 όμοψύχωςν
859 1505 1221 1575 γινώσκοντες
1247 1507 1337 1561 τὸν
1371 1507 1472 1577 τῆς
1510 1506 1734 1560 διακονία

1923 1511 2033 1565 ordi
2066 1520 2245 1566 mente
2273 1518 2327 1566 et
2357 1510 2537 1564 anima
2564 1528 2578 1575 ;
2614 1510 2851 1565 scientes
2880 1509 3183 1564 mercedem
3210 1508 3455 1564 ministe-

203 1598 423 1667 μισθόν.
459 1598 805 1651 Ἔστωσανδὲ
818 1601 912 1653 καὶ
940 1601 1355 1671 ἀνεπαίσχυντοι
1383 1602 1463 1663 εἰς
1481 1600 1542 1654 τὸ
1569 1602 1735 1672 ὑπηρε

1922 1603 1969 1657 ii.
1989 1601 2099 1658 Nec
2114 1618 2242 1657 vero
2259 1602 2457 1672 pudeat
2473 1618 2567 1657 eos
2590 1602 2876 1672 egentibus
2897 1601 3212 1655 ministrare
3235 1619 3249 1655 :
3276 1619 3294 1651 ι
3314 1600 3454 1661 sicut

199 1690 418 1742 τεῖσθαι
445 1692 556 1753 τοῖς
580 1690 868 1761 δεομένοις·
900 1691 975 1755 ὡς
1002 1692 1096 1744 καὶ
1121 1692 1149 1743 ό
1168 1692 1370 1763 Κύριος
1386 1694 1419 1763 ἡ
1429 1692 1543 1763 μῶν
1577 1692 1731 1763 Ἰησοί

1922 1696 2143 1751 ominus
2166 1706 2353 1751 noster
2376 1694 2539 1751 Jesus
2563 1694 2820 1749 Christus
2846 1708 2954 1747 non
2979 1693 3127 1749 venit
3152 1700 3209 1747 ut
3234 1693 3337 1748 sibi
3360 1693 3454 1746 mi-

198 1781 230 1832 6
261 1781 502 1853 Χριστὸς
530 1781 629 1835 οὑκ
656 1755 785 1853 ἦλθε
812 1782 1197 1854 διακονηθῆναι
1221 1826 1236 1851 ,
1259 1755 1730 1857 ’ἀλλάδιακονησαι

1923 1787 2217 1843 istraretur
2246 1806 2261 1853 ;
2291 1787 2386 1842 sed
2426 1794 2484 1841 ut
2520 1786 2894 1846 ministraret,
2936 1793 2989 1839 et
3023 1785 3181 1839 daret
3216 1784 3451 1837 animam

201 1873 301 1925 καὶ
330 1872 515 1925 δοῦναι
555 1874 652 1945 τὴν
680 1874 856 1946 ψυχὴν
903 1875 1098 1941 αὑτοῦ,
1145 1876 1337 1948 λύτρον
1384 1878 1506 1930 ἀντὶ
1551 1878 1733 1931 πολλῶ

1922 1895 2035 1933 nam
2056 1920 2071 1945 ,
2104 1880 2528 1950 redemptionem
2560 1894 2659 1949 pro
2688 1878 2873 1933 multis
2906 1878 2971 1932 ".
3007 1897 3025 1929 ι
3057 1876 3211 1931 Hunc
3241 1892 3371 1946 ergo
3398 1876 3454 1930 in

199 1963 384 2027 οὕτως
412 1962 505 2017 οὖν
537 1966 629 2017 καὶ
661 1966 855 2029 αὑτοὺς
884 1965 963 2019 δεῖ
992 1970 1183 2021 ποιεῖν.
1216 1969 1335 2022 Κᾶν
1365 1969 1460 2041 δέῃ
1492 1969 1567 2039 (5)
1605 1970 1731 2040 duxi

1920 1971 2100 2025 nodum
2135 1980 2188 2025 et
2225 1973 2379 2043 ipsos
2413 1971 2591 2025 facere
2622 1977 2856 2040 oportet.
2894 1968 2960 2021 Et
2989 1968 3241 2038 quamvis
3272 1968 3452 2022 anima

200 2057 350 2127 ὑπὲρ
373 2056 445 2127 (6)
468 2057 695 2126 ἀδελφοῦ
717 2058 1042 2124 ἀποθέσθαι,
1072 2059 1144 2130 μὴ
1163 2061 1505 2115 διστάσωσιν·
1530 2063 1649 2115 οὑδὲ
1674 2063 1732 2132 γὲ

1921 2078 1980 2118 ro
2003 2062 2171 2117 fratre
2195 2062 2443 2132 ponenda
2470 2062 2537 2117 sit
2563 2102 2577 2126 ,
2609 2075 2953 2131 nequaquam
2978 2060 3215 2114 haereant
3240 2077 3253 2124 ;
3278 2073 3453 2127 neque

198 2151 230 2201 6
264 2150 471 2221 Κύριος
499 2151 590 2203 καὶ
618 2152 805 2222 Σωτὴρ
826 2153 983 2223 ἡμῶν
1016 2154 1223 2223 Ἰησοῦς
1239 2154 1267 2206 6
1286 2156 1518 2225 Χριστὸς
1536 2156 1730 2208 ὲδίστα‹

1920 2157 2026 2208 nim
2052 2154 2315 2209 Dominus
2336 2162 2389 2208 et
2416 2152 2667 2207 Salvator
2691 2162 2880 2208 noster
2901 2151 3061 2207 Jesus
3086 2152 3361 2213 Christus,
3391 2159 3452 2206 ut

197 2243 304 2313 τὴν
332 2243 509 2313 ψυχὴν
539 2243 701 2297 αὑτοῦ
731 2244 897 2299 θεῖναι
926 2246 1022 2315 (7),
1053 2246 1129 2309 ὼς
1154 2248 1317 2310 αὑτὸς
1347 2246 1473 2319 ἔφη,
1507 2249 1646 2321 ὑπὲρ
1674 2250 1729 2302 τι]

1918 2262 1998 2314 )se
2024 2248 2121 2311 ait,
2154 2262 2254 2315 pro
2301 2246 2493 2301 amicis
2539 2246 2656 2300 suis
2688 2244 2961 2299 haesitavit
3012 2245 3247 2298 animam
3294 2259 3450 2298 suam

200 2337 379 2403 φίλων
408 2334 589 2389 αὑτοῦ.
626 2337 688 2389 Εἰ
718 2334 809 2391 οὖν
836 2339 864 2390 ό
897 2338 1097 2410 Κύριος
1141 2337 1234 2393 τοῦ
1283 2338 1513 2411 ούρανοῦ
1562 2341 1653 2393 καὶ
1682 2340 1732 2393 τί

1918 2355 2083 2394 onere
2115 2340 2180 2393 ³⁸.
2213 2338 2370 2404 Quod
2403 2338 2449 2393 si
2482 2338 2606 2392 εαξΙὶ
2654 2353 2721 2393 ac
2767 2346 2925 2392 terra:
2958 2336 3221 2391 Dominus
3267 2336 3450 2390 omnia

201 2429 315 2497 γῆς
349 2429 519 2481 πάντα
549 2430 805 2499 ὑπέμεινε
834 2429 899 2481 δι’
920 2431 1087 2500 ἡμᾶς,
1106 2431 1223 2494 πῶς
1254 2430 1318 2484 ἂν
1347 2432 1503 2502 ὑμεῖς
1532 2430 1733 2485 διακονὶ

1921 2438 2105 2500 ropter
2140 2445 2241 2485 nos
2286 2430 2583 2496 sustinuit;
2614 2429 2889 2499 quomodo
2937 2444 3035 2483 vos
3082 2428 3450 2497 indigentibus

206 2537 305 2572 σαι
338 2523 449 2583 τοῖς
501 2520 769 2591 δεομένοις
825 2521 1151 2593 ὲνδοιάσητε·
1197 2524 1428 2593 μιμηταὶ
1480 2524 1738 2591 ὀφείλοντε

1914 2526 2193 2579 ministrare
2239 2522 2521 2586 dubitetis,
2554 2538 2677 2576 cum
2722 2521 3017 2577 teneamini
3061 2536 3183 2575 eum
3225 2520 3446 2584 imitari,

200 2610 378 2663 αὑτοῦ
408 2608 563 2675 εἶναι,
598 2613 691 2665 τοῦ
732 2614 825 2666 καὶ¹
851 2613 1110 2678 δουλείαν,
1150 2616 1243 2668 καὶ
1288 2615 1493 2668 ἔνδειαν
1532 2616 1637 2687 (8),
1688 2635 1732 2670 κε

1919 2617 1974 2671 ιιί
2036 2616 2351 2671 servitutem
2376 2654 2391 2679 ,
2443 2622 2734 2684 egestatem
2761 2653 2775 2677 ,
2838 2613 3061 2668 verbera
3120 2621 3173 2666 et
3230 2626 3449 2665 crucem

199 2703 444 2774 πληγὰς,
475 2706 567 2757 κα)⁸
596 2706 823 2777 σταυρὸν
849 2706 958 2777 δι’ἡ
969 2708 1072 2776 μᾶς
1095 2707 1511 2778 ὑπομείναντοςς
1542 2710 1661 2781 Χρὴ
1689 2708 1731 2763 οἰ

1921 2715 2101 2778 ropter
2130 2722 2231 2762 nos
2273 2706 2533 2777 pertulit?
2563 2704 2789 2775 Oportet
2836 2706 3001 2776 igitur
3029 2711 3083 2759 et
3130 2720 3231 2757 nos
3267 2702 3450 2755 fratri-

199 2796 302 2848 καὶ
329 2798 479 2866 ἡμᾶς
505 2796 769 2849 δουλεύειν
794 2798 904 2861 τοῖς
932 2798 1195 2867 ἀδελφοῖς,
1226 2800 1301 2863 ὠς
1347 2801 1582 2871 Χριστοῦ
1615 2820 1731 2873 μιμι

1920 2816 1984 2855 us
2034 2800 2261 2864 servire,
2313 2811 2570 2869 tanquam
2623 2797 2827 2853 (lhristi
2907 2796 3226 2851 imitatores.
3277 2814 3295 2846 ι
3345 2793 3449 2861 Qui

198 2890 326 2952 τάς.
364 2909 382 2941 ι
433 2891 489 2941 '0
522 2890 688 2943 θέλων
719 2889 856 2961 γὰρ,
888 2892 1083 2963 φησὶν,
1123 2894 1181 2945 ὲν
1225 2894 1352 2963 ὑμῖν
1398 2890 1533 2948 εἶναι
1580 2896 1730 2966 μέγας

1917 2893 2047 2957 nim,
2082 2892 2281 2962 inquit,
2313 2892 2427 2946 vult
2459 2891 2600 2945 inter
2627 2906 2724 2945 vos
2747 2905 2867 2945 esse
2891 2904 3142 2959 magnus.
3172 2888 3241 2942 sit
3272 2895 3449 2941 vester

199 2982 349 3035 ἔστω
380 2982 533 3052 ὑμῶν
561 2983 823 3046 διάκονος·
860 2984 954 3037 καὶ
984 2984 1012 3035 ὁ
1032 2984 1198 3037 θέλων
1225 2986 1283 3037 ὲν
1312 2987 1438 3057 ὑμῖν
1472 2984 1610 3039 εἶναι
1642 2990 1731 3059 πρά

1919 2985 2160 3051 tinister;
2191 2991 2245 3039 et
2269 2984 2362 3053 qui
2394 2984 2509 3037 vult
2537 2983 2681 3037 inter
2710 2996 2808 3035 vos
2834 2996 2956 3036 esse
2982 2980 3211 3050 primus,
3236 2980 3307 3033 sit
3363 2994 3451 3033 ve-

198 3092 318 3139 τος,
353 3075 493 3127 ἔστω
522 3075 672 3147 ὑμῶν
700 3075 899 3140 δοῦλος.
940 3096 958 3129 ι
995 3076 1149 3130 Οὑτω
1180 3078 1288 3150 γὰρ
1334 3080 1426 3132 καὶ
1455 3080 1612 3143 αὐτὸς
1641 3080 1730 3151 ἒργ

1918 3088 1997 3133 ter
2048 3092 2239 3132 servus
2267 3077 2332 3132 "’.
2370 3096 2388 3129 ›
2422 3074 2555 3129 Nam
2607 3075 2687 3130 sic
2731 3075 2846 3144 ipse
2873 3074 3037 3127 etiam
3101 3070 3232 3125 illud
3262 3090 3274 3125 :
3308 3070 3450 3125 Bene

204 3170 538 3241 πεπλήρωκε
581 3169 641 3222 τὸ
684 3167 742 3222 εὖ
788 3169 1051 3223 δουλεύειν
1095 3169 1325 3234 πολλοῖς,
1378 3172 1471 3224 καὶ¹
1516 3172 1577 3224 οὑ
1618 3172 1736 3242 λόγιι

1918 3172 2087 3225 ervire
2134 3168 2318 3224 multis
2348 3170 2427 3231 ’⁸,
2469 3183 2632 3237 opere
2664 3166 2926 3237 implevit,
2956 3178 3067 3218 non
3115 3162 3318 3217 verbis.
3365 3160 3450 3214 Si-

204 3261 402 3315 Λαῦὼν
430 3260 539 3333 γὰρ
564 3261 786 3325 λέντιον,
817 3260 1125 3325 διεζώσατο’
1160 3258 1275 3315 εἶτα
1326 3262 1504 3331 βάλλει
1535 3264 1609 3335 (9)
1639 3263 1736 3317 ὑδιι

1922 3263 2124 3327 uidem,
2158 3270 2384 3333 accepto
2416 3262 2602 3325 linteo,
2629 3259 2909 3330 praecinxit
2940 3262 3028 3323 se';
3060 3254 3256 3309 deinde
3302 3254 3450 3308 misit

205 3355 287 3416 είς
334 3353 423 3405 τὸν
466 3352 721 3424 νιπτῆρα⁸
774 3354 868 3406 καί
912 3355 1068 3425 ἡμῶν
1106 3355 1474 3425 ἀνακειμένων
1519 3354 1737 3408 ὲπελθὼπ

1918 3371 2078 3424 quam
2112 3356 2168 3409 in
2197 3354 2424 3425 pelvim;
2450 3360 2504 3407 et
2526 3353 2593 3407 ad
2628 3368 2728 3407 nos
2759 3352 3141 3407 recumbenles
3161 3351 3446 3412 accedens,

204 3448 428 3501 πάντων
457 3446 613 3517 ἡμῶν
645 3445 791 3515 ένιψε
832 3446 956 3509 τοὺς
1002 3446 1185 3509 πόδας,
1215 3447 1308 3499 καὶ
1345 3444 1424 3516 τῷ
1452 3446 1640 3517 λεντίῳ
1668 3446 1736 3511 ὲξι

1912 3449 2126 3503 mnium
2164 3455 2414 3502 nostrum
2454 3447 2617 3516 pedes
2662 3446 2793 3499 lavit
2837 3459 2901 3497 ac
2932 3444 3100 3497 linteo
3128 3443 3352 3497 extersit
3380 3441 3444 3495 ".

209 3538 369 3609 μαξε.
407 3538 574 3591 Τοῦτο
594 3538 650 3590 δὲ
678 3537 864 3601 ποιῶν,
895 3537 1233 3590 ἐπεδείκνυεν
1260 3540 1390 3608 ἡμῖν
1418 3537 1477 3590 τὸ
1502 3538 1601 3608 τῆς
1629 3538 1741 3607 φιλο

1917 3541 2037 3607 ρυοιι
2070 3540 2296 3603 faciens,
2336 3538 2574 3593 ostendit
2606 3538 2763 3592 nobis
2791 3536 3042 3590 fraternae
3064 3533 3449 3589 benevolentiae

204 3632 427 3699 δελφίας
456 3630 812 3701 ἀγαπητικὸν,
843 3629 928 3682 ἵνα
956 3631 1049 3682 καὶ
1077 3632 1235 3701 ἡμεῖς
1264 3632 1342 3693 είς
1369 3630 1624 3701 ἀλλήλους
1651 3631 1736 3683 αὑιι

1915 3633 2238 3697 haritatem;
2273 3638 2331 3685 ut
2360 3638 2413 3685 et
2445 3644 2544 3685 nos
2570 3630 2709 3684 idem
2736 3635 2924 3683 mutuo
2948 3626 3230 3683 faciamus.
3263 3626 3447 3697 Itaque

209 3723 471 3792 ποιῶμεν.
515 3724 577 3775 Εἰ
604 3718 697 3775 οὖν
741 3723 769 3774 6
814 3721 1016 3793 Κύριος
1047 3722 1224 3792 ἡμῶν,
1253 3723 1348 3775 καὶ
1374 3723 1402 3775 6
1446 3722 1741 3783 διδάσκαλος

1916 3724 2222 3779 iDominus
2252 3730 2439 3778 noster
2468 3737 2531 3776 ac
2572 3728 2872 3792 praeceptor
2915 3726 3125 3774 tantum
3173 3734 3232 3775 se
3276 3718 3447 3772 demi-

204 3816 384 3879 οὑτως
411 3816 771 3868 ἐταπείνωσεν
800 3814 1006 3867 ἑαυτόν·
1038 3814 1154 3876 πῶς
1198 3812 1264 3867 ἂν
1312 3815 1467 3885 ὑμεῖς
1494 3815 1736 3884 ἐπαισχυε

1915 3820 1990 3884 it;
2023 3833 2131 3888 quo
2153 3825 2313 3887 pacto
2336 3831 2435 3872 vos
2476 3815 2814 3870 erubescetis
2846 3814 2948 3869 hoc
2980 3829 3139 3884 agere
3178 3828 3306 3884 erga
3335 3812 3446 3865 fra-

206 3908 439 3979 θήσεσθε
456 3907 612 3961 τοῦτο
633 3907 851 3977 ποιῆσαι
868 3910 977 3970 τοῖς
1007 3906 1281 3969 ἀδυνάτοις
1301 3908 1392 3959 καὶ
1412 3906 1738 3960 ἀσθενέσιτᾶ

1911 3927 1996 3966 res
2025 3912 2231 3965 debiles
2266 3925 2329 3964 ac
2360 3909 2627 3972 infirmos,
2658 3923 2784 3963 cum
2818 3907 2940 3962 sitis
2969 3906 3214 3962 veritatis
3249 3918 3443 3975 opera-

205 4000 470 4069 ἁδελφῶν.
499 3999 725 4071 ἐργάται
752 3998 901 4062 ὄντες
931 3998 1214 4071 ἀληθείας,
1243 4000 1337 4053 καὶ
1364 4001 1462 4070 τῆς
1500 4001 1737 4055 εὑσεὸεία

1914 4004 1974 4069 ii,
2000 4011 2055 4060 et
2092 4002 2352 4073 praesides
2400 4002 2655 4073 pietatis?
2695 3999 2965 4067 Quocirca
3009 4015 3133 4053 cum
3181 3996 3446 4052 cbaritate

206 4092 538 4163 προστάταις
582 4092 989 4163 Ἐξυπηρετείτε
1019 4088 1110 4145 οὑν
1138 4093 1522 4163 ἀγαπητικῶς,
1557 4094 1630 4165 μὴ
1659 4096 1738 4146 ὲπι

1914 4096 2211 4152 ministrate.
2243 4110 2353 4149 non
2380 4100 2805 4149 murmurantes.
2830 4107 2931 4147 nec
2953 4091 3178 4147 dissidia
3208 4104 3446 4144 commo-

280 4229 329 4260 “
368 4228 471 4301 lsa.
506 4244 642 4301 ιιιι,
677 4230 735 4284 ll
765 4270 779 4293 ,
814 4229 868 4283 in
900 4227 1062 4301 LXX.
1139 4230 1183 4261 ’⁸
1224 4228 1411 4289 Matth.
1445 4247 1550 4298 xx,
1576 4230 1666 4287 28.
1742 4231 1788 4263 “

1907 4248 1978 4287 ιιι.
2006 4249 2074 4300 x,
2107 4233 2214 4301 l5;
2248 4241 2303 4288 et
2328 4248 2436 4300 xv,
2470 4232 2563 4287 15.
2636 4232 2681 4263 ’⁷
2724 4228 2915 4284 Matth.
2951 4245 3056 4294 xx,
3085 4229 3174 4284 26.
3251 4229 3296 4260 "
3334 4226 3439 4282 lsa.

203 4313 337 4364 ιιιι,
374 4300 456 4355 H.
535 4301 577 4332 ²⁹
613 4299 772 4356 Joan.
799 4315 934 4363 xui,
967 4300 1021 4355 4.

1500 4408 1870 4466 VARIORUM
1910 4411 2141 4468 NOT/E.

204 4567 462 4608 sermone
493 4551 589 4615 10,
621 4560 675 4606 et
701 4551 765 4605 ad
798 4552 974 4622 locum
1003 4549 1238 4622 Mattluei
1267 4566 1281 4610 ;
1313 4546 1770 4622 IsidorumAPelu-
1797 4551 1845 4610 ι)
1870 4565 2019 4622 ξκιν,
2048 4549 2120 4604 23
2143 4591 2158 4612 ,
2196 4551 2276 4606 sic
2310 4550 2513 4621 passim
2553 4550 2695 4622 apud
2736 4549 3147 4622 XenOphontem
3198 4550 3443 4621 aliosque

206 4627 410 4679 siotam
444 4623 535 4675 lib.
573 4638 646 4685 tv,
679 4622 851 4692 epist.)
871 4620 942 4674 24
970 4638 984 4686 ;
1015 4620 1313 4692 Caesarium
1340 4619 1556 4692 dialogo
1585 4618 1637 4692 ξ,
1662 4617 1769 4673 Re-
1872 4618 2090 4692 Gragcos
2119 4617 2548 4692 scriptdrest.

206 4708 404 4764 spons.
440 4692 509 4746 ad
539 4687 801 4764 interrog.
831 4691 900 4745 29
934 4708 949 4756 ;
976 4699 1037 4764 _el_.
1065 4690 1411 4764 Ambrosium
1430 4687 1544 4764 ult.
1577 4687 1654 4743 De
1681 4705 1738 4743 sa

1920 4690 2025 4764 _(4)
2059 4687 2399 4764 Ἀμφότεροι
2439 4690 2506 4744 δὲ
2547 4694 2619 4745 τὰ
2659 4691 2807 4764 πρός
2849 4690 3168 4760 ἀγγελίαν,
3212 4698 3343 4764 (διεΞΔ
3366 4688 3442 4764 De

206 4757 494 4819 (iumentis
524 4764 623 4818 ult.
654 4757 826 4816 Por'ro
850 4760 992 4831 apud
1017 4759 1317 4831 Lucianum
1348 4759 1403 4813 in
1430 4758 1653 4831 Dialogo
1682 4757 1767 4831 cui
1880 4757 2211 4817 diaconissis
2245 4757 2458 4831 egimus
2490 4777 2675 4831 supra.
2698 4757 3078 4815 'DiaconOrum
3108 4758 3439 4831 vero_ollicia

204 4835 404 4889 titulus
428 4831 775 4902 Philopatris,
802 4828 1015 4885 initium
1038 4846 1101 4885 ac
1127 4830 1249 4902 finis
1278 4829 1775 4902 isteorationisju-
1881 4837 1935 4902 e_t
1968 4828 2422 4902 ministeria'quis
2452 4828 2663 4902 cuncta,
2685 4840 2850 4902 queat
2882 4829 3210 4884 numerare?
3238 4828 3441 4902 Notatu

204 4904 506 4958 dicantur:
537 4896 647 4972 Τὴν
674 4902 976 4972 εὐχὴν,αἱι
1010 4900 1195 4972 nescio
1234 4899 1368 4972 quis
1386 4900 1505 4972 ille,
1538 4899 1645 4972 ἀπὸ
1665 4896 1776 4972 ῌα-
1882 4899 2105 4972 diguum
2157 4896 2332 4964 illud:
2385 4903 2438 4954 in
2474 4902 2591 4955 Vita
2638 4896 2717 4956 S.‘
2745 4900 3029 4972 Epiphanii
3052 4940 3067 4963 ,
3118 4916 3279 4972 numq.
3331 4898 3436 4963 56,

203 4975 339 5043 τρὸς
366 4968 668 5044 ἀρξάμενος
689 5015 705 5039 ,
868 4971 934 5044 δὲ
964 4969 1313 5044 πολυώνυμον
1341 4968 1483 5039 ᾠδὴν
1506 4970 1596 5044 ¹είς
1628 4968 1735 5021 τέλι

1906 4968 2029 5044 μιυᾴ
2061 4972 2369 5044 pertinebat
2408 4968 2854 5044 ad_postremum'
2874 4970 3164 5025 diaconum
3187 5009 3217 5044 ,_
3249 4970 3438 5022 ἐπικο-

208 5038 459 5106 ὲπιθείς,
489 5038 775 5097 orationem
792 5038 831 5094 Va
863 5039 1021 5095 Patre
1052 5038 1305 5112 incipiens
1327 5079 1341 5102 ,
1359 5038 1426 5112 et_
1439 5038 1633 5112 celebre
1659 5055 1740 5112 ea:

1906 5038 2039 5110 ἐμεῖν
2061 5038 2160 5112 ’τὸν
2188 5041 2374 5112 θρόνον
2404 5038 2843 5112 τοῦέπισκόπῳ,
2867 5054 3139 5096 exornare
3178 5038 3438 5093 thronum

211 5116 379 5167 ticum
409 5112 475 5165 ad
507 5112 661 5183 ﬁdem
690 5128 970 5183 appgnens.
1002 5107 1585 5183 Adde'exLambecioL
1602 5107 1776 5183 Scho:
1879 5107 2321 5183 seuucathedr'am
2352 5112 2737 5183 episcopalem.
2769 5110 2911 5183 βυτ.

210 5185 351 5238 lium
383 5172 517 5237 ιιιπῖ
536 5172 768 5237 Caesarei
797 5180 985 5235 Theol.
1014 5180 1186 5235 Graec.
1212 5180 1291 5251 29
1321 5179 1440 5251 {Th
1467 5179 1523 5232 δὲ
1560 5172 1641 5231 ὅτι
1680 5195 1741 5251 σο

1949 5180 2026 5251 (5)
2057 5181 2189 5249 Δέῃ.
2222 5172 2705 5251 Αιιοῖωᾱδβᾱᾱιι
2729 5180 2829 5251 τὴν
2858 5179 3086 5245 ἑαυτῶν,
3118 5195 3271 5233 suam
3294 5178 3437 5247 ipso-

208 5255 413 5323 ὲστινή
439 5252 681 5323 βασιλεία
712 5254 805 5333 καὶ
829 5250 1108 5373 Ἆδύναμις
1138 5250 1234 5303 κα)¹
1271 5252 1305 5320 ἡ
1343 5247 1495 5315 δόξα,
1527 5250 1583 5301 ὲν
1634 5248 1740 5301 τισὶ

208 5323 276 5378 οὑ
306 5326 481 5375 κεῖται
512 5323 670 5392 μέχρι
696 5340 791 5376 του
818 5324 832 5342 ’
886 5323 1009 5392 μήν.
1042 5319 1116 5375 Ιι).
1287 5387 1298 5392 _
1445 5388 1459 5392 _

948 5268 1108 5321 ναμις
1138 5250 1234 5303 κα)¹
1271 5252 1305 5320 ὴ
1343 5247 1495 5315 δόξα,
1527 5250 1583 5301 ὲν
1634 5248 1774 5301 τισὶν
1877 5247 2280 5306 ναὴιάηἱηιαηι.
2311 5250 2479 5308 Cum.

947 5339 1009 5392 ιν.
1042 5319 1116 5375 lo.
1287 5387 1298 5392 _
1445 5388 1459 5392 _
1946 5320 2024 5390 (6)
2064 5321 2260 5392 Ὑπέρ.
2292 5321 2440 5375 Alter
2470 5339 2479 5372 ι

886 5339 989 5392 μην

205 5323 276 5378 οὑ
306 5316 494 5394 κεῖται
512 5323 670 5394 μέχρι
696 5322 791 5376 τοῦ
818 5316 1133 5394 ᾌμήνξιυη
1445 5388 1460 5394 _

1946 5320 2024 5390 (6)
2064 5321 2260 5394 Ὑπέρ.
2292 5321 2440 5375 Alter
2456 5320 2591 5394 _cod.
2623 5320 2777 5387 ἀντί,
2811 5329 2865 5376 et
2893 5319 3056 5390 paulo
3082 5328 3207 5390 post
3250 5316 3433 5373 διστά-

290 5393 369 5463 (2)
407 5387 551 5458 Τοῖξι.
582 5387 736 5463 Alter
766 5387 1024 5463 codexftv
1053 5392 1193 5463 τοῖς,
1228 5387 1409 5444 minus
1436 5388 1615 5463 bene,
1647 5403 1773 5463 cum

997 5410 1024 5443 ν
1053 5392 1193 5463 τοῖς,
1228 5387 1409 5444 minus
1436 5388 1615 5463 bene,
1647 5403 1773 5463 cum
1876 5387 2214 5463 σαιὶξθοόειιι
2241 5407 2425 5463 sensu.
2454 5392 2529 5463 in.

207 5456 402 5518 seruio
431 5456 598 5518 sit—de
626 5461 815 5519 olliciis
842 5477 872 5515 a
903 5460 1151 5515 diaconis
1182 5457 1505 5529 przcstandis
1534 5457 1772 5511 homini-
1942 5458 2020 5529 (7)
2061 5461 2269 5513 Θεῒναι.
2302 5461 2451 5515 Alter
2481 5460 2611 5525 Θείς,
2638 5475 2748 5514 non
2777 5456 3044 5529 malesln.

209 5535 360 5594 bus,
416 5533 509 5602 qui
560 5534 665 5588 sibi
713 5526 1395 5602 necessaria_prospicere
1444 5535 1722 5597 nequeunt

1944 5526 2020 5601 (8)
2062 5530 2353 5585 Ἐνδειαν.
2387 5531 2641 5595 ὐνειδος,
2683 5531 2818 5585 alter
2857 5528 2979 5583 cod.
3026 5543 3135 5582 non
3175 5526 3429 5584 absurde.

211 5603 413 5674 quales
435 5597 995 5674 ’ἀδύνατοιμᾱίοιιῐιῑλιιικ
1026 5597 1229 5674 (lien:
1442 5670 1463 5674 _
1656 5665 1668 5674 _
1873 5597 1950 5654 lo.

294 5672 373 5741 (5)
406 5672 863 5741 Ὑπηρετεῖσθαι.
888 5671 1037 5724 Alter
1056 5671 1178 5725 cod.
1207 5669 1513 5742 ὑπηρετεῖν,
1535 5665 1775 5731 rectius;

1944 5668 2021 5742 (9)
2058 5669 2296 5742 Βάλλει.
2327 5669 2474 5727 Alter
2501 5670 2695 5742 βαλών,
2713 5667 2860 5742 quod
2879 5674 2963 5727 est
2984 5668 3280 5727 narrationi
3297 5682 3431 5725 oon-

216 5738 365 5797 solet
390 5738 780 5797 enim'verbum
813 5743 914 5796 hoc
944 5742 1000 5794 in
1030 5742 1203 5795 activa
1231 5738 1631 5808 coniugatione,
1661 5751 1769 5808 non
1878 5738 2204 5797 venientius.
2238 5740 2313 5796 lo.
2502 5738 2513 5742 ’
2730 5738 2750 5742 ‘
2853 5780 2864 5791 .

220 5814 286 5868 in
319 5812 535 5883 media,
563 5812 828 5869 adhiberi.
863 5811 996 5867 Vide
1040 5809 1184 5866 infra
1231 5817 1285 5866 et
1332 5806 1450 5864 Act.
1500 5824 1607 5875 xx,
1657 5806 1767 5873 ὄις
