3880 6332
556 277 661 333 8υ¹1

818 409 1174 500 LIBER
1249 406 1837 517 QUARTUS.

1058 546 1159 599 DE
1196 543 1600 603 ORPHANIS.

1048 705 1275 763 CAPUT
1312 703 1602 762 PRIMUM.

614 799 845 867 Quando
896 810 1073 855 autem
1122 800 1465 854 Christianus
1528 796 1726 867 aliquis
1788 795 2111 867 relinquitur

543 892 779 962 pupillus
799 933 814 960 ,
850 893 963 947 sive
1000 908 1151 963 puer,
1183 891 1297 947 sive
1327 891 1535 961 puella,
1565 890 1837 961 egregium
1874 889 1984 945 erit
2031 890 2111 944 fa-

540 985 720 1051 cinus,
752 987 796 1042 si
827 987 950 1056 quis
983 987 1231 1048 fratrum,
1258 986 1441 1040 liberis
1470 986 1660 1049 orbus,
1690 983 1950 1053 suscipiat
1978 998 2109 1052 pue~

542 1093 685 1142 rum,
711 1086 764 1132 et
791 1078 909 1133 loco
938 1079 1029 1132 lilii
1054 1078 1246 1132 habeat
1275 1097 1287 1131 :
1318 1078 1548 1148 puellam
1572 1093 1702 1132 vero
1729 1076 1838 1132 [ilio
1857 1078 2105 1143 collocet,

542 1170 587 1222 si
623 1170 873 1225 habuerit
910 1178 1264 1233 comtaneum,
1298 1178 1351 1224 et
1384 1170 1451 1224 ad
1497 1171 1714 1240 nuptias
1758 1171 1959 1239 pariter
1990 1185 2107 1223 ma-

541 1270 744 1317 turum.
783 1261 883 1328 Qui
911 1263 1054 1316 enim
1106 1264 1207 1317 hoc
1247 1262 1474 1327 faciunt,
1516 1263 1728 1334 insigne
1750 1278 1887 1332 opus
1913 1277 2105 1332 perpe-

539 1362 708 1417 trant,
750 1355 877 1409 dum
936 1356 1259 1426 pupillorum
1306 1365 1557 1427 parentes
1605 1357 1868 1423 evadunt;
1909 1371 2105 1412 conse-

538 1455 880 1518 quenturque
910 1465 939 1504 a
971 1449 1198 1505 Domino
1238 1450 1344 1505 Deo
1388 1451 1524 1504 tanti
1568 1450 1725 1505 cilicii
1779 1450 2102 1507 mercedem.

543 1536 600 1592 Si
625 1555 783 1609 quem
811 1557 937 1596 vero
966 1542 1209 1606 divitem,
1243 1543 1552 1598 hominibus
1595 1544 1857 1598 duntaxat
1892 1543 2106 1612 placere

541 1634 867 1696 studentem,
900 1635 1097 1705 pudeat
1126 1636 1311 1705 pupilli
1362 1636 1453 1706 qui
1502 1636 1757 1691 Ecclesiae
1802 1635 2101 1690 membrum

1422 274 1478 330 S.
1517 270 1907 330 CLEMENTIS
1941 272 1959 326 1
1992 268 2155 327 ROM.
2192 268 2392 328 PONT.
2434 269 2662 327 OPERA
2698 267 2928 328 DUBIA.

3589 279 3661 337 808

2140 393 2187 450 Α
2450 397 2889 485 ΒΙΒΛΙΟΝ
2938 387 3491 488 ΤΕΤΑΡΤΟΝ.

2714 538 2895 591 ΠΕΡΙ
2927 534 3274 589 ΟΡΦΑΝΩΝ.

2747 695 3137 751 ΚΕΦΑΛΑΙΟΝ
3174 697 3248 747 A'.

2293 786 2555 861 Ὀρφανοῦ
2600 787 2657 841 δέ
2707 805 2850 851 τινος
2898 787 3188 859 γενομένου
3242 787 3556 858 Χριστιανοῦ,
3596 791 3683 861 ἦτοι

2211 880 2415 945 παιδὸς,
2440 880 2473 951 ἢ
2504 879 2791 951 παρθένου,
2821 880 2982 933 καλὸν
3016 880 3131 950 μὲν,
3164 878 3249 931 ἴνα
3272 895 3347 941 τις
3377 879 3679 951 τῶνάδελφῶν,

2209 973 2309 1025 οὐκ
2338 971 2473 1042 ἔχων
2498 972 2704 1035 τέκνον,
2736 972 3171 1044 προσλαὸόμενος
3212 970 3374 1036 τοῦτο,
3401 971 3489 1046 ἔχῃ
3508 975 3571 1037 είς
3592 992 3681 1028 παι-

2207 1062 2295 1126 δὸς
2321 1064 2507 1116 τόπονο
2545 1063 2643 1135 τὴν
2671 1063 2726 1115 δὲ
2753 1062 3038 1134 παρθένον,
3085 1064 3113 1116 ὀ
3153 1062 3285 1133 ἔχων
3327 1064 3427 1116 υἱὸν
3460 1065 3683 1135 δυνάμενον

2208 1154 2353 1225 αὐτῷ
2382 1156 2500 1217 ταῖς
2540 1153 2632 1207 τοῦ
2661 1154 2836 1223 γάμου
2882 1153 3051 1226 ὥραις
3098 1155 3455 1227 συγχρονῆσαι,
3482 1156 3680 1228 συζεύξῃ⁸

2206 1246 2363 1298 τοῦτο
2388 1245 2496 1317 γὰρ
2521 1247 2569 1298 οἱ
2600 1244 2875 1309 ποιοῦντες
2903 1245 3061 1317 ἔργον
3106 1247 3245 1316 μέγα
3284 1247 3586 1309 ἐπιτελοῦσιν,
3621 1252 3687 1319 tip-

2207 1339 2388 1408 φανῶν
2435 1340 2666 1411 πατέρες
2709 1337 3063 1411 ὑπάρξαντες,
3107 1338 3200 1391 καὶ
3236 1336 3378 1409 παρά
3418 1340 3585 1408 Κυρίου
3619 1340 3685 1392 τοῦ

2205 1434 2340 1488 Θεοῦ
2375 1432 2628 1505 λήψονται
2654 1433 2744 1487 τὸν
2776 1432 2962 1504 μισθὸν
3008 1432 3107 1502 τῆς
3146 1430 3404 1494 διακονίας
3437 1432 3615 1501 ταύτης.
3643 1434 3686 1485 Εἰ

2204 1527 2259 1581 δέ
2286 1545 2370 1589 τις
2406 1527 2547 1580 κατὰ
2590 1526 3106 1599 ἀνθρωπαρέσκειαιν
3153 1523 3464 1595 περιπατῶν,
3496 1524 3689 1594 ἐπαισχύ-

2205 1637 2364 1688 νοιτο,
2395 1620 2644 1684 πλούσιος
2688 1619 2782 1684 ὣν,
2811 1618 2881 1673 τά
2906 1620 3004 1690 τῆς
3046 1618 3304 1690 ὀρφανίας
3332 1617 3480 1688 μέλη·
3513 1617 3587 1669 τοῦ
3623 1618 3689 1687 μὲν

539 1733 623 1778 est
641 1765 659 1791 ,
693 1728 895 1796 pupillo
922 1728 1137 1797 quidem
1173 1728 1465 1798 prospiciet
1490 1737 1641 1799 pater
1664 1729 2028 1799 orphanorum
2045 1734 2097 1782 et

2201 1712 2434 1785 ὀρφανοῦ
2477 1713 2727 1785 πρόνοιαν
2756 1713 3037 1784 ποιήσεται
3075 1712 3103 1763 ὀ
3143 1710 3321 1781 πατὴρ
3354 1708 3451 1761 τῶν
3487 1708 3688 1780 ὀρφανῶν,

536 1816 704 1885 judex
731 1818 1011 1873 viduarum
1025 1820 1171 1887 ³²-¹⁷;
1191 1829 1244 1874 at
1272 1822 1424 1875 diviti
1457 1822 1581 1877 talis
1612 1822 2099 1894 ingruet,quicun-

540 1917 627 1963 cta
656 1926 751 1979 per
782 1912 1171 1982 parcimoniam
1216 1916 1493 1970 recondita
1524 1924 1835 1983 consumet;
1867 1917 2102 1972 accidet-

539 2018 644 2071 que
669 2005 718 2057 ei
745 2006 889 2074 quod
912 2006 1111 2060 dicitur
1141 2025 1153 2061 :
1188 2007 1317 2073 Quae
1355 2025 1462 2063 non
1513 2010 1863 2065 comederunt
1904 2011 2100 2075 sancti,

541 2096 654 2151 haec
681 2099 962 2154 comedent
988 2100 1223 2168 Assyrii;
1255 2100 1468 2157 sicutet
1502 2102 1578 2155 ait
1617 2103 1781 2158 Isaias
1810 2124 1821 2159 :
1862 2124 1879 2156 ι
1912 2103 2105 2175 Regio-

540 2205 663 2243 nem
692 2199 929 2246 vestram
959 2193 1014 2247 in
1049 2201 1343 2262 conspectu
1392 2204 1592 2263 vestro,
1639 2196 1798 2251 alieni
1844 2198 2106 2254 devorant

538 2296 657 2334 eam
681 2283 744 2336 η.
784 2302 797 2336 ι

1152 2376 1377 2433 CAPUT
1426 2379 1488 2435 ll.

649 2466 921 2533 Quomodo
950 2470 1219 2538 episcopus
1251 2472 1432 2525 debeat
1474 2476 1686 2543 pupillis
1713 2480 1998 2545 providere.

610 2556 719 2614 Vos
736 2562 919 2630 igitur,
933 2565 1193 2633 episcopi,
1209 2566 1440 2621 sollicite
1456 2571 1685 2640 cogitate
1699 2572 1765 2627 de
1781 2575 1994 2629 illorum
2018 2576 2111 2631 ali-

538 2655 741 2718 monia,
757 2656 906 2710 nullo
926 2659 1085 2712 modo
1101 2659 1411 2717 deﬁcientes
1427 2662 1506 2718 eis
1523 2684 1535 2720 :
1554 2667 1875 2735 praebentes,
1891 2672 2109 2743 pupillis

538 2748 753 2819 quidem
783 2756 1059 2817 paternam
1088 2767 1294 2819 curam,
1315 2755 1491 2811 viduis
1512 2774 1640 2812 vero
1661 2762 1878 2816 tutelam
1899 2766 2114 2820 marita-

539 2856 644 2896 .em
664 2858 678 2907 ;
691 2840 916 2909 juventa
939 2842 1181 2909 fervidis,
1202 2848 1321 2917 conj
1332 2865 1459 2919 uges
1478 2869 1492 2917 ;
1516 2850 1906 2924 artifici,opus;
1929 2855 2113 2912 invali-

541 2934 634 3001 do,
649 2937 1075 2992 misericordiam
1097 2959 1113 3007 ;
1135 2941 1456 3012 hospitibus,
1476 2951 1705 3013 tectum;
1724 2948 2108 3017 esurientibus,

546 3032 803 3087 bucceam
821 3052 835 3100 ;
856 3035 1407 3106 sitientibus,potum;
1434 3038 1614 3103 nudis,
1634 3041 1885 3096 vestitum
1906 3061 1921 3109 ;
1947 3059 2113 3115 aegro.

546 3124 809 3190 tantibus,
824 3127 1214 3196 visitationem;
1232 3144 1450 3186 carcere
1465 3130 1713 3198 detentis,
1732 3136 2010 3192 auxilium.
2024 3138 2105 3193 Ad

545 3224 660 3277 haec
688 3224 860 3293 major
886 3225 1041 3279 vobis
1067 3226 1137 3279 sit
1163 3241 1293 3280 cura
1324 3226 1390 3281 de
1418 3229 1697 3297 orphanis,
1721 3237 1780 3283 ut
1810 3230 1943 3285 nihil
1971 3232 2105 3302 ipsis

540 3317 720 3373 desit:
756 3334 863 3373 non
901 3319 1098 3390 virgini
1128 3320 1289 3386 desit,
1319 3321 1495 3392 quoad
1533 3323 1709 3377 veniat
1751 3324 1817 3378 ad
1865 3325 2104 3381 nubilem

535 3418 771 3479 aetatem,
799 3419 852 3466 et
877 3411 1030 3466 fratri
1060 3413 1117 3468 in
1158 3415 1561 3470 matrimonium
1607 3416 1779 3486 detis;
1807 3436 1976 3491 puero
2004 3437 2105 3476 au-

538 3517 645 3559 tem
678 3513 952 3575 sumptum
982 3506 1136 3573 date,
1164 3523 1274 3578 quo
1317 3518 1372 3564 et
1407 3518 1577 3566 artem
1619 3511 1814 3578 discat,
1856 3522 1909 3569 et
1938 3532 2004 3572 ex
2041 3533 2105 3573 ea

535 3602 849 3672 erogatione
880 3602 1186 3670 nutriatur;
1230 3610 1289 3656 ut
1318 3620 1442 3659 cum
1486 3612 1656 3661 artem
1703 3607 1921 3665 dextere
1951 3628 2107 3668 exer.

536 3697 734 3761 cuerit,
759 3704 889 3751 tunc
918 3704 972 3769 et
995 3697 1348 3754 instrumenta
1384 3701 1519 3756 artis
1562 3703 1664 3758 sibi
1700 3719 1879 3761 emere
1906 3710 2102 3777 valeat,

536 3805 607 3844 ne
654 3791 888 3860 amplius
941 3798 1128 3860 gravet
1173 3792 1441 3850 sinceram
1483 3793 1711 3851 fratrum
1752 3812 1878 3868 erga
1925 3803 2105 3873 ipsum

536 3883 881 3946 charitatem,
907 3883 1001 3938 sed
1036 3884 1138 3938 sibi
1165 3887 1487 3955 suppeditet.
1517 3890 1562 3921 ³ο
1580 3889 1716 3947 Vere
1743 3897 1884 3952 enim
1916 3897 2105 3957 beatus

538 3976 628 4032 ille
655 3978 769 4046 qui,
793 3977 897 4033 sibi
924 3978 1176 4048 opitulari
1206 3983 1412 4048 valens,
1442 3984 1618 4040 locum
1652 3989 2105 4063 pupilli,hospitis

537 4090 602 4129 ac
628 4077 802 4133 viduae
830 4095 939 4135 non
967 4082 1258 4139 attriverit.

1129 4196 1356 4253 CAPUT
1393 4197 1481 4256 Ill.

526 4280 768 4348 Quinam
799 4285 1086 4355 adjuvandi
1124 4289 1253 4372 sint,
1287 4290 1571 4373 secundum
1608 4292 1940 4352 Dominicam
1980 4314 2104 4355 con—

1135 4369 1476 4416 stitutionem.

610 4445 1110 4521 "Quandoquidem
1134 4460 1189 4506 et
1212 4451 1471 4509 Dominus
1492 4456 1783 4513 beatiorem
1806 4475 1930 4517 esse
1964 4462 2104 4521 dixit

2288 4470 2439 4525 Ἐπεὶ
2466 4473 2560 4526 καὶ
2588 4445 2766 4544 (22)ήό
2806 4470 3008 4541 Κύριος
3038 4445 3308 4540 μακάριον
3334 4462 3475 4519 εἶπεν
3510 4456 3621 4513 εἶναι
3640 4452 3701 4505 τὸν
3816 4476 3817 4544 (

607 4566 725 4649 ³ξ-ίτ
766 4564 909 4649 Psal.
942 4580 1121 4649 Lavi},
1152 4567 1204 4623 6.
1282 4568 1325 4599 ¹⁸
1361 4567 1464 4625 lsa.
1498 4585 1550 4636 ι,
1590 4571 1638 4627 7.
1719 4574 1762 4606 ¹⁹
1819 4576 1889 4630 al.
1921 4579 2042 4649 τήν,
2073 4580 2118 4635 si

2201 4589 2239 4638 ξι
2265 4587 2387 4641 cod.
2423 4584 2584 4640 Vind.

531 4636 573 4669 ’ί
615 4637 938 4693 Anastasius
967 4637 1098 4691 ibid.

2200 1806 2294 1858 καὶ
2321 1805 2515 1876 κριτὴς
2538 1805 2645 1858 τῶν
2664 1803 2876 1876 χηρῶν·
2916 1801 3064 1874 αὐτῷ
3090 1802 3146 1854 δὲ
3178 1802 3474 1872 ἐμπεσεῖται
3498 1800 3689 1863 tosoimg,

2199 1898 2345 1961 ὅστις
2372 1896 2535 1950 αὐτοῦ
2576 1897 2872 1969 δαπανήσει
2899 1896 2999 1967 τὴν
3028 1892 3220 1964 φειδώσ
3253 1894 3341 1946 καὶ
3366 1892 3605 1963 γενήσεται
3632 1892 3689 1942 ἐπ’

2204 1990 2313 2061 (17)
2353 1988 2500 2060 αὐτῷ
2539 1988 2599 2041 τὸ
2626 1976 2911 2060 εἰρημένον
2969 1987 3112 2057 (18)·
3154 1987 3221 2038 Ἀ
3248 1987 3343 2038 οὐκ
3370 1984 3544 2053 ἔφαγον
3576 1984 3689 2050 arma

2202 2081 2375 2136 ταῦτα
2428 2081 2688 2150 φάγονται
2742 2079 3044 2152 Ἀσσύριοι·
3077 2077 3259 2141 καθὼς
3307 2077 3395 2130 καὶ
3430 2076 3611 2138 Ἠσαίας
3638 2075 3690 2128 λέ·

2204 2192 2288 2244 γει
2307 2191 2320 2205 ο
2358 2193 2375 2225 ι
2421 2174 2531 2245 Τὴν
2581 2172 2762 2244 χώραν
2820 2171 2973 2243 ὑμῶν
3027 2169 3257 2224 ἐνώπιον
3308 2168 3449 2240 ὑμῶν
3497 2166 3691 2236 ἀλλότριοι

2206 2265 2581 2320 κατεσθίουσιν
2610 2266 2801 2337 αὑτήν.
2842 2284 2862 2316 ι

2748 2356 3137 2411 ΚΕΦΑΛΑΙΟΝ
3177 2355 3252 2407 B'.

2209 2452 2399 2518 Ὅπως
2427 2451 2543 2520 χρὴ
2566 2450 2672 2504 τὸν
2696 2450 3029 2503 ἐπίσκοπον
3047 2446 3322 2517 προνοεῖν
3346 2444 3451 2499 τῶν
3475 2440 3689 2511 ὀρφανῶν.

2290 2545 2475 2614 Ὑμεῖς
2514 2541 2626 2606 οὖν,
2683 2538 2726 2597 ὧ
2781 2542 3089 2604 ἐπίσκοποι,
3150 2540 3499 2612 μεριμνήσατε
3530 2534 3585 2587 τά
3611 2534 3692 2602 περὶ

2208 2637 2306 2707 τῆς
2331 2634 2636 2706 ἀνατροφῆς
2663 2633 2861 2698 αὐτῶν,
2882 2632 3044 2704 μηδὲν
3067 2632 3397 2692 ἐλλείποντες
3422 2629 3596 2688 αὐτοῖς’
3617 2625 3691 2683 τοῖς

2216 2728 2312 2798 μὲν
2355 2728 2607 2798 ὀρφανοῖς
2654 2725 2761 2796 (19)
2794 2724 3122 2796 παρέχοντες
3176 2722 3247 2776 τά
3298 2720 3498 2791 γονέων,
3542 2719 3632 2779 ταῖς
3660 2715 3694 2766 δὲ

2212 2820 2407 2889 χήραις
2434 2817 2503 2870 τά
2542 2818 2765 2889 ἀνδρῶν,
2795 2819 2907 2879 τοῖς
2948 2815 3209 2886 ἀκμαίοις
3258 2816 3378 2875 τοὺς
3426 2812 3613 2881 γάμους,
3639 2823 3695 2857 τε·

2214 2909 2367 2983 χνίτῃ
2397 2909 2574 2980 ἔργον,
2622 2909 2838 2981 ἀδρανεί
2879 2906 3044 2972 ἔλεος,
3087 2906 3257 2971 ξένοις
3303 2904 3493 2973 στέγος,
3539 2897 3695 2953 πεινῶσι

2215 3000 2422 3072 ψωμὸν,
2452 3000 2641 3071 διψῶσι
2670 2999 2851 3064 ποτὸν,
2881 3001 3104 3070 γυμνοῖς
3132 2997 3352 3067 ἔνδυμα,
3381 2992 3565 3046 νοσοῦσι
3594 2989 3695 3050 Θέαν,

2134 3097 2181 3161 C
2212 3094 2531 3163 φυλακίταις
2559 3092 2667 3163 (20)
2699 3092 2979 3163 βοήθειαν·
3014 3091 3151 3162 πρὸς
3194 3089 3396 3151 τούτοις
3424 3085 3591 3139 πλείων
3613 3082 3698 3151 ὑμῖν

2206 3182 2345 3237 ἔστω
2373 3185 2589 3257 φροντὶς
2619 3184 2744 3255 περὶ
2769 3182 2877 3236 τῶν
2904 3184 2962 3236 ὲν
2990 3182 3247 3254 ὀρφανίᾳ,
3280 3181 3421 3242 ὅπως
3456 3176 3608 3236 αὐτοῖς
3631 3188 3699 3241 μην

2205 3276 2291 3331 δὲν
2319 3277 2471 3351 ἐνδέῃ
2488 3294 2501 3307 ·
2538 3279 2602 3348 τῇ
2628 3277 2724 3347 μὲν
2753 3275 3023 3347 παρθένῳ,
3055 3274 3251 3346 μέχρις
3279 3272 3342 3327 ἂν
3369 3270 3488 3342 ἔλθῃ
3513 3270 3578 3329 εἰς
3598 3264 3699 3333 ὥραν

2205 3368 2403 3440 γάμου,
2433 3370 2525 3423 καὶ
2575 3369 2771 3422 ὲκδῶτε
2816 3367 2983 3439 αὐτὴν
3010 3365 3248 3437 ἀδελφῷο
3278 3364 3352 3435 τῷ
3378 3363 3431 3416 δὲ
3464 3358 3699 3439 παιδὶκχορ·

2205 3462 2387 3533 ηγίαν,
2449 3461 2585 3534 πρὸς
2622 3461 2683 3515 τὸ
2724 3461 2817 3514 καὶ
2859 3459 3053 3531 τέχνην
3099 3457 3379 3529 ἐκμαθεῖν,
3432 3455 3516 3508 καὶ
3552 3446 3702 3517 διατρέ-

2206 3553 2397 3623 φεσθαι
2426 3556 2488 3607 ἐκ
2515 3554 2614 3625 τῆς
2651 3552 3033 3624 ἐπιχορηγίαςο
3066 3552 3132 3604 ἶν’
3164 3551 3292 3604 ὅταν
3332 3547 3502 3611 δεξιῶς
3535 3542 3614 3613 τὴν
3644 3537 3699 3589 τέο

2204 3661 2337 3717 χνην
2365 3644 2702 3718 κατορθώσῃ,
2732 3644 2793 3697 τὸ
2835 3642 3135 3715 τηνικαῦτα
3178 3642 3397 3713 δύνηται
3440 3637 3523 3692 καὶ
3555 3632 3609 3686 τὰ
3637 3629 3702 3697 τῆς

2202 3736 2398 3808 τέχνης
2427 3736 2681 3808 ἐργαλεῖα
2710 3735 2883 3807 ἑαυτῷ
2920 3734 3182 3806 πρίασθαι
3222 3733 3351 3805 (Si),
3380 3733 3513 3793 ὅπως
3560 3722 3699 3795 μηκέτι

2206 3825 2412 3900 βαρύνῃ
2446 3826 2568 3880 τινὰ
2606 3828 2648 3859 η
2687 3826 2794 3880 τῶν
2829 3826 3070 3896 ἀδελφῶν
3114 3825 3463 3897 ἀνυπόκριτον
3499 3821 3565 3881 είς
3592 3812 3701 3868 αὑτὸν

2204 3919 2441 3990 ἀγάπην,
2471 3919 2584 3972 ἀλλ’
2613 3917 2787 3990 ἑαυτῷ
2815 3920 3135 3989 ὲπιχορηγῇ.
3169 3918 3280 3971 Καὶ
3306 3915 3411 3986 γὰρ
3433 3908 3613 3981 ἀληθῶς
3639 3918 3702 3973 μα.

2203 4009 2392 4081 κάριός
2432 4012 2595 4075 ἔστιν,
2640 4010 2700 4073 ὃς
2750 4009 2816 4063 ἂν
2866 4008 3160 4081 δυνάμενος
3205 4007 3413 4079 βοηθεῖν
3452 3999 3616 4070 ἐαυτῷ,
3653 3992 3701 4063 μὴ

2204 4101 2363 4175 θλίϐῃ
2389 4102 2550 4156 τόπον
2578 4102 2834 4174 ὀρφανοῦ,
2867 4101 3019 4168 ξένου
3046 4119 3104 4154 τε
3132 4103 3230 4155 καὶ
3256 4102 3439 4172 χήρας.

2738 4216 3130 4269 ΚΕΦΔΛΑῘΟΝ
3170 4216 3244 4267 Γ’.

2209 4308 2370 4374 Τίνες
2410 4309 2758 4379 ὀφείλουσιν
2798 4307 3237 4379 ἐπικουρεῖσθᾳι
3256 4346 3273 4371 ,
3319 4303 3460 4359 κατὰ
3497 4298 3591 4365 τὴν
3621 4295 3700 4346 ευ·
3816 4306 3817 4375 ξ

2709 4377 2932 4447 ριακὴν
2960 4377 3267 4447 ὃιαταγήν.

2696 4584 2743 4615 ὀ
2772 4582 2983 4638 Citatur
3012 4581 3079 4635 ab
3106 4579 3428 4645 Anastasio,
3455 4579 3619 4648 quast.
3642 4566 3697 4621 li.

1852 4735 2219 4795 VARIORUM
2253 4741 2485 4798 NOT/E.

630 4829 715 4891 17)
753 4827 893 4883 Ἐπ’.
926 4829 1085 4886 Deest
1111 4829 1223 4885 haec
1260 4829 1451 4883 vocula
1489 4827 1542 4881 in
1572 4828 1742 4883 altero
1771 4828 1892 4884 cod.
1926 4833 2092 4891 Cum.

630 4829 693 4882 17
753 4827 893 4883 Ἐπ’.
926 4829 1085 4886 Deest
1111 4829 1223 4885 haec
1260 4829 1451 4883 vocula
1489 4827 1542 4881 in
1572 4828 1742 4883 altero
1771 4828 1892 4884 cod.
1926 4833 2092 4891 Cum.

602 4827 715 4968 (18)
746 4899 1161 4970 Τὸίειρημένονο
1192 4899 1231 4952 ἅ
1257 4901 1365 4953 οὐκ
1391 4899 1614 4967 ἔφατον
1639 4898 1932 4970 ἅγιοιωιο.
1963 4903 2097 4959 Pro-

532 4969 766 5039 verbiale
792 4968 1029 5039 dictum,
1061 4987 1127 5027 ex
1166 4970 1566 5039 scripturarum
1620 4984 1803 5023 sensu.
1851 4968 2097 5030 Ieremia?

529 5054 582 5102 ι,
602 5038 690 5112 417
714 5059 726 5095 :
761 5038 899 5094 Grca:
918 5042 1186 5112 dispersus
1216 5038 1388 5093 Israel
1404 5055 1423 5102 ;
1454 5039 1622 5093 leones
1651 5039 1911 5109 ejecerunt
1935 5059 2051 5097 eum
2075 5061 2095 5099 :

526 5110 729 5170 primus
759 5112 980 5167 comedit
1004 5110 1121 5166 eum
1147 5126 1241 5165 rea:
1268 5112 1454 5165 Assur.

599 5180 889 5255 (19)-ΤοῒςΔ
903 5181 1019 5255 μὲν
1044 5181 1338 5255 ὀρφανοῖς,
1376 5190 1481 5255 etc.
1512 5178 1705 5237 Videto
1752 5181 1860 5255 hic!
1891 5198 2011 5255 cap.
2062 5186 2098 5241 ὅ

529 5246 787 5322 Epistolas
828 5246 1214 5308 ad'Jacobum.
1275 5246 1532 5322 Sequitur
1567 5252 1804 5306 notanda
1849 5246 2097 5312 lectionis

528 5320 784 5393 varietas.
837 5322 1047 5378 Etenim
1100 5322 1298 5377 Bovius
1343 5320 1601 5393 vertendo
1650 5323 1978 5393 medicinam,
2022 5328 2098 5383 si-

527 5390 745 5464 gniﬁcat
773 5408 833 5447 se
863 5393 980 5448 loco
1004 5394 1129 5449 θέαν
1156 5394 1348 5462 legisse
1378 5390 1690 5464 θεραπείαν.
1718 5392 1795 5446 lo.

599 5461 711 5587 (:0)
738 5465 1111 5587 Φὲλακίταις.
1140 5461 1288 5519 Alter
1318 5461 1450 5520 cod.
1468 5465 1579 5526 τοῖς
1622 5462 1681 5515 ὲν
1723 5464 1935 5537 φυλακῇ
1974 5464 2095 5519 ἐπί-

600 5549 623 5584 ε
670 5549 736 5584 ιν.
815 5548 937 5587 Lm.

529 5544 736 5589 σκεψιν.
770 5544 937 5589 cum.

598 5532 1066 5675 ﬁgam.
1110 5602 1447 5675 Παρέχεσθαι
1497 5602 1634 5658 alter
1671 5601 1861 5660 codex.
1913 5602 2089 5660 Minus

527 5673 829 5729 commode.
861 5673 933 5727 ID.

600 5740 713 5813 (2‘2)
757 5744 820 5797 Ὀ
860 5744 1070 5812 Κύριος
1104 5744 1391 5815 μακάριον
1422 5749 1563 5808 ,etc.
1615 5741 1672 5796 ln
1714 5741 2088 5800 Anastasianis

2202 4835 2623 4912 Quaestionibus,
2676 4840 2814 4912 ὑπὲρ
2842 4840 2939 4912 τὸν
2972 4840 3335 4912 λαμϐάνοντα.
3394 4838 3613 4912 Aug},

2201 4898 2320 4981 ῌνη
2329 4909 2568 4981 μονεύειν
2590 4898 2647 4981 τε
2665 4898 2967 4981 τῶν’λόγων
2996 4898 3110 4981 (aut
3126 4912 3221 4964 τὸν
3244 4908 3419 4981 λόγον)
3433 4904 3529 4981 τοῦ
3547 4898 3702 4981 Κυρίῳ)

2212 4970 2405 5054 ’μηάδτ
2427 4980 2505 5054 δτι
2533 4980 2692 5054 om
2715 4977 2833 5054 εἷπε
2851 4970 3192 5054 τιυαάάριάν
3211 4970 3343 5054 έσςξ
3366 4970 3569 5054 was
3585 4970 3699 5054 ιμῑθο

2195 5038 2312 5103 .lo'r
2338 5049 2376 5119 ἣ
2394 5038 2743 5120 λαμϐάνειν.
2774 5050 2851 5104 Ac
2880 5038 3174 5105 memiriisse
3203 5050 3344 5106 verbi
3370 5044 3564 5120 Domini
3586 5038 3696 5120 Im.

2200 5116 2445 5188 quoniam
2480 5116 2600 5189 ipse
2621 5120 2755 5174 dixit
2783 5136 2803 5174 :
2827 5139 2848 5172 ι
2884 5121 3099 5175 Beatius
3125 5130 3203 5175 est
3248 5121 3412 5189 magis
3447 5116 3559 5168 dare
3583 5116 3698 5189 4"?“

2201 5191 2449 5263 accipere.
2465 5210 2482 5242 ι
2508 5188 2638 5263 Qua;
2664 5189 3193 5263 enarransfloannes
3210 5188 3617 5263 Chrysostotuuﬁ-
3637 5188 3696 5263 ’ξ’

2201 5255 2854 5332 currendumarbitratur
2869 5262 2953 5317 vel
2983 5261 3050 5315 ad
3082 5278 3142 5316 ea
3171 5277 3296 5332 quae
3322 5255 3533 5332 apostoli
3565 5255 3693 5332 ιξῖῑῑζῆ·

2239 5348 2313 5394 ως
2340 5330 2701 5396 tradiderunt,
2749 5332 2831 5387 vel
2880 5332 2948 5387 ad
2994 5319 3212 5387 sensum
3261 5319 3545 5399 sim-iliaque
3568 5319 3690 5403 dicta.

2194 5346 2264 5451 it
2292 5401 2413 5451 aliis
2436 5402 2608 5451 visum
2644 5410 2728 5451 est.
2756 5410 3017 5451 annotare
3050 5402 3229 5451 locum
3280 5394 3687 5451 Constituantur».

2245 5407 2264 5453 t
2292 5401 2413 5455 aliis
2436 5402 2608 5456 visum
2644 5395 2728 5457 est
2756 5410 3017 5460 annotare
3050 5402 3229 5456 locum
3280 5395 3687 5451 Constitutionum;

2196 5471 2383 5543 eodem
2406 5486 2590 5543 errore
2613 5486 2720 5540 quo
2735 5472 2828 5528 eas
2851 5487 3103 5543 pro_vere
3128 5468 3435 5543 apostolicis

2195 5539 2272 5609 Ita
2305 5539 2586 5596 Euthalius
2613 5535 2812 5598 citatus
2851 5535 2894 5596 ἐι
2944 5535 3212 5609 Τιιιτίεῃὶο
3258 5543 3312 5595 in
3354 5535 3690 5609 Pm|§80m°9f‘

2193 5607 2429 5683 Graecis,
2452 5621 2505 5683 et
2525 5612 2591 5665 ad
2627 5612 2719 5683 lib.
2750 5628 2807 5674 ιι,
2841 5627 2961 5683 cap.
2992 5612 3083 5683 56.
3116 5604 3269 5666 Unde
3298 5612 3350 5664 in
3377 5604 3686 5683 duobllshlfljsg

2170 5680 2372 5750 Regiis,
2403 5671 2507 5735 608
2535 5691 2589 5737 et
2628 5682 2750 5746 705,
2795 5671 2862 5735 ad
2894 5671 3203 5752 inarginem
3247 5674 3512 5752 memorati
3552 5671 3687 5752 ιέἶξῇξ

2188 5742 2503 5820 posuerunt,
2538 5754 2600 5805 ἐκ
2624 5742 3065 5817 τῶνᾈιατάξεωιῖ.
3094 5749 3358 5807 Caeterum
3388 5747 3436 5802 in
3467 5742 3683 5795 Anastasn
