3880 6332
386 328 490 385 819

1235 325 1292 380 S.
1323 324 1715 380 CLEMENTIS
1766 323 1785 378 Ι
1825 323 1989 380 ROM.
2029 323 2230 380 PDNT.
2268 323 2496 379 OPERA
2551 323 2776 380 DUBIA.

3532 320 3620 380 8‘10

381 442 579 497 Azaele
599 453 824 495 munera
851 437 1130 508 accepit",
1151 453 1251 494 nec
1271 437 1473 492 Achias
1497 453 1526 492 a
1548 436 1877 493 Jeroboamo
1893 440 1960 492 ⁸³.

2072 439 2159 491 τοῦ
2219 438 2416 510 Ἀζαὴλ
2474 437 2802 509 κομισθέντα
2858 437 3074 504 ἐδέξατο
3097 479 3111 504 ,
3171 439 3294 494 οὕτε
3351 440 3527 513 ’Δχίας
3564 445 3618 500 τὰ

382 534 540 601 Quod
562 533 608 589 si
631 533 722 588 Dei
747 531 1026 602 prophetae
1045 531 1186 585 dona
1208 530 1500 602 impiorum
1528 547 1640 586 non
1669 529 1960 594 admisere,

381 642 598 698 aequum
647 633 732 680 est
807 631 867 678 ut
919 640 1097 694 neque
1145 638 1267 688 vos,
1316 624 1586 694 episcopi,
1637 623 1959 678 admittatis.

382 721 518 776 Cum
563 719 726 775 etiam
780 717 968 772 Simon
1003 717 1224 788 Magus,
1277 718 1409 772 mihi
1437 716 1621 780 Petro,
1666 724 1721 772 et
1767 715 1963 771 Joanni

383 810 668 880 pecuniam
696 808 930 865 oll‘erens
950 810 1016 874 ⁸⁷,
1064 811 1292 881 gratiam
1326 809 1762 864 intestimabilem
1792 823 1963 864 cona-

385 911 473 965 tus
502 912 586 959 est
611 902 786 972 pretio
809 916 1128 972 comparare
1150 919 1164 968 ;
1183 917 1308 967 nos,
1329 900 1548 972 repulso
1572 917 1815 967 munere,
1841 917 1964 958 eum

376 993 518 1053 .diris
547 993 824 1064 perpetuis
845 993 1313 1061 constrinximus;
1338 995 1598 1064 quoniam
1617 993 1818 1048 donum
1845 993 1962 1060 Dei,

383 1103 494 1141 non
526 1087 904 1142 benevolentia
937 1103 1065 1157 erga
1091 1085 1324 1151 Numen,
1353 1087 1446 1142 sed
1473 1087 1718 1157 pecunia:
1747 1102 1954 1157 permu-

385 1180 587 1234 tatione
620 1179 954 1234 existimavit
1000 1179 1291 1248 possideri.
1335 1178 1604 1234 Recusate
1647 1194 1779 1249 ergo
1808 1178 1966 1232 obla-

387 1272 564 1327 ti'ones
601 1287 722 1341 quae
766 1270 834 1324 ad
863 1271 1037 1324 altare
1068 1287 1098 1328 a
1130 1271 1270 1325 male
1302 1271 1409 1326 sibi
1455 1270 1696 1326 consciis
1730 1270 1966 1324 aderun-

384 1373 494 1424 tur.
534 1384 552 1416 ι
585 1363 797 1418 Recede
827 1363 996 1428 enim,
1024 1364 1224 1434 inquit,
1261 1364 1330 1418 ab
1355 1364 1565 1433 iniquo,
1589 1371 1643 1418 ct
1669 1379 1776 1418 non
1809 1363 1968 1418 time-

386 1458 492 1522 bis,
525 1466 578 1514 et
610 1465 812 1514 tremor
849 1472 954 1510 non
989 1457 1451 1528 appropinquabit
1479 1457 1578 1512 tibi
1601 1458 1668 1510 ³⁸.
1706 1478 1724 1508 ι

972 1570 1201 1625 CAPUT
1244 1569 1379 1626 VIII.

387 1664 542 1730 Quod
589 1671 830 1731 praestet,
887 1678 951 1716 ex
999 1665 1213 1730 proprio
1269 1663 1446 1718 labore
1495 1664 1726 1732 prwbere
1770 1663 1962 1727 viduis,

454 1735 688 1803 quamvis
710 1733 898 1805 exilia
925 1741 974 1790 et
994 1751 1165 1802 pauca
1183 1735 1310 1800 sint,
1336 1753 1494 1805 quam
1515 1751 1578 1790 ea:
1599 1735 1753 1788 donis
1776 1735 1965 1802 impio-

457 1822 594 1888 runt.
643 1805 742 1858 etsi
789 1803 958 1860 multa
1003 1813 1052 1858 et
1085 1822 1276 1898 magLna
1303 1803 1578 1898 entistant”:
1627 1805 1780 1886 fame
1827 1806 1964 1886 enim
1997 1844 2039 1898 Β

457 1877 624 1933 uerire
659 1882 878 1944 prwstat
903 1913 917 1939 ,
950 1891 1110 1944 quam
1145 1875 1208 1928 ab
1244 1877 1420 1946 impiis
1458 1877 1791 1932 collationem
1827 1875 1966 1929 acci-

460 1963 600 2002 nere.

458 2039 563 2094 Sed
594 2040 640 2095 si
670 2039 903 2098 dicatis:
939 2038 1005 2093 I-Ii
1039 2045 1188 2107 sunt,
1236 2040 1328 2110 qui
1370 2041 1502 2094 dant
1547 2040 1962 2114 eleemosynas;

385 2141 437 2186 et
466 2131 570 2186 nisi
605 2133 673 2186 ab
717 2132 787 2186 iis
836 2147 1119 2187 sumamus
1143 2173 1159 2194 ,
1207 2131 1353 2188 unde
1393 2131 1571 2187 vidua:
1608 2149 1705 2204 per
1733 2149 1834 2190 nos
1870 2135 1967 2189 ad-

385 2223 862 2288 ministrabuntur,
895 2225 1037 2278 unde
1085 2225 1260 2294 plebis
1303 2239 1572 2296 pauperes
1614 2227 1967 2282 nutrientur?

387 2316 620 2372 audietis
648 2332 677 2370 a
707 2318 889 2380 nobis,
909 2315 1054 2386 quod
1086 2316 1207 2372 ideo
1229 2317 1522 2388 accepistis
1542 2317 1744 2372 donum
1777 2319 1966 2374 levita-

387 2423 528 2472 rum,
559 2408 889 2464 oblationem
922 2408 1107 2478 populi
1139 2409 1330 2472 vestri,
1368 2416 1427 2461 ut
1453 2414 1507 2462 et
1531 2409 1685 2464 vobis
1716 2419 1771 2464 et
1802 2426 1966 2480 egen-

386 2499 532 2556 tibus
565 2501 962 2573 suppcditetis;
998 2509 1161 2571 atque
1193 2517 1284 2565 ne,
1332 2500 1514 2572 inepia
1551 2505 1844 2567 coarctati,
1897 2505 1964 2558 ab

384 2594 648 2662 improbis
679 2594 928 2665 capiatis.
962 2593 1125 2659 Quod
1155 2595 1203 2648 si
1239 2595 1308 2648 ad
1350 2595 1403 2649 id
1438 2594 1782 2650 miseriarum
1819 2596 1965 2650 redi-

385 2697 581 2754 gantur
610 2688 857 2742 ecclesiae
879 2727 896 2752 ,
933 2694 1156 2756 priestat
1190 2688 1366 2756 perire
1405 2702 1569 2757 quam
1610 2693 1679 2742 ab
1710 2688 1963 2745 hostibus

387 2777 479 2834 Dei
509 2779 714 2849 aliquid
761 2779 1027 2848 accipere,
1062 2778 1116 2831 in
1149 2779 1534 2832 contumeliam
1573 2794 1636 2835 ac
1665 2781 1961 2836 ludibrium

387 2873 687 2926 amicorum
743 2872 886 2940 ejus.
945 2870 1020 2925 De
1073 2871 1182 2925 illis
1247 2871 1393 2925 enim
1446 2870 1720 2942 Propheta
1785 2875 1957 2930 dicit:

391 2982 409 3012 ι
439 2962 630 3018 Oleum
662 2962 970 3032 peccatoris
994 2978 1100 3016 non
1133 2962 1432 3033 impinguct
1458 2973 1622 3035 caput
1651 2980 1830 3020 mcum
1844 2967 1910 3020 δ’.
1937 2987 1956 3020 ι

387 3053 574 3116 Εεῑοιθ
618 3055 782 3124 igitur
813 3054 1003 3108 talium
1048 3058 1400 3124 probatores;
1443 3067 1497 3110 et
1540 3057 1609 3111 ab
1640 3056 1707 3111 iis
1741 3057 1961 3127 quidem

385 3147 480 3216 qui
515 3154 704 3202 sancte
729 3145 922 3200 vivunt
963 3145 1224 3216 accipite,
1260 3148 1406 3216 quod
1447 3149 1780 3204 calamitosis
1827 3166 1960 3220 sup-

387 3239 674 3309 peditetis;
724 3239 794 3293 ab
835 3239 1323 3295 excommunicatis
1368 3256 1498 3295 vero
1540 3257 1607 3297 ne
1653 3243 1960 3312 recipiatis,

386 3331 708 3402 priusquam
746 3347 868 3386 esse
915 3331 1162 3386 membra
1213 3329 1475 3388 Ecclesia:
1521 3342 1848 3390 mereantur.
1904 3335 1962 3390 Si

385 3430 566 3478 autem
596 3423 855 3480 defecerit
885 3423 1125 3487 donum,
1164 3425 1431 3480 annuntia
1476 3424 1773 3494 fratribus;
1812 3435 1867 3483 et
1894 3445 1962 3484 ex

387 3514 455 3570 iis
478 3514 618 3570 facta
639 3517 892 3582 collecta,
927 3516 1288 3572 subministra
1321 3532 1446 3572 cum
1487 3517 1699 3588 justitia
1739 3520 1961 3590 pupillis

387 3621 452 3662 ac
489 3607 690 3671 viduis.

965 3785 1194 3844 CAPUT
1233 3787 1304 3842 IX
1317 3789 1382 3844 ⁸ο.

388 3875 548 3951 Quod
570 3887 804 3951 oporteat
832 3881 1104 3948 provocari
1125 3881 1376 3951 populum
1401 3901 1435 3936 a
1476 3884 1746 3938 sacerdote
1771 3884 1840 3938 ad
1870 3884 1958 3938 be-

455 3949 816 4031 nefaciendum
845 3949 1201 4019 pauperibus,
1237 3954 1471 4022 exemplo
1516 3956 1766 4024 sapientis
1797 3954 1955 4010 Salo-

457 4035 627 4074 monts
636 4063 649 4075 .

456 4107 554 4165 Dic
600 4127 732 4167 vero
779 4113 978 4184 populo
1026 4122 1130 4169 tua:
1180 4117 1435 4183 potestati
1482 4120 1800 4184 commisso,
1835 4134 1956 4189 quae

457 4245 503 4276 “
525 4243 586 4299 IV
628 4244 761 4317 Reg.
783 4263 903 4305 vm.
978 4250 1024 4280 ⁸⁸
1051 4247 1118 4302 Ill
1144 4249 1188 4304 li

387 4325 550 4388 caput
576 4316 797 4374 adducit
827 4319 1172 4386 Anastasius,
1198 4316 1390 4390 quaest.
1439 4323 1524 4383 12.

1617 4458 1988 4516 VARIORUM

2069 531 2213 602 παρὰ
2240 530 2334 583 τοῦ
2387 530 2689 601 Ἱεροϐοάμ.
2740 531 2802 582 Εἰ
2830 529 2887 582 δὲ
2915 532 2964 583 oi
2991 531 3086 584 τοῦ
3116 531 3250 585 Θεοῦ
3279 535 3543 605 προφῆται
3565 537 3620 590 τὰ

2065 621 2217 694 παρὰ
2260 621 2367 674 τῶν
2411 622 2622 674 ἀσεϐῶν
2669 623 2729 674 ού
2774 623 3118 694 προσήκαντο
3161 623 3338 694 ξένια,
3385 626 3620 680 δίκαιον⁵⁶

2070 717 2204 790 μηδέ
2231 714 2394 784 ὑμᾶς,
2423 708 2468 767 ὦ
2507 714 2812 767 ἐπίσκοποι.
2858 713 3018 767 Ἀλλά
3060 714 3154 768 καὶ
3181 716 3362 787 Σίμων
3391 720 3420 770 ὁ
3441 705 3635 787 Μάγος

2064 807 2187 876 ἐμοὶ
2208 806 2400 877 Πέτρῳ
2427 807 2522 859 καὶ
2554 807 2774 879 Ἰωάννῃ
2793 808 3051 878 χρήματα
3080 808 3480 878 προσενεγκὼν,
3499 813 3625 865 ἐπει-

2067 899 2199 969 ρᾶτο
2227 897 2439 969 ὠνητὴν
2465 897 2564 970 τὴν
2593 898 2856 968 ἀτίμητον
2884 898 3043 970 χάριν
3071 899 3333 972 λήψεσθαι
3350 917 3364 930 ⁸
3401 902 3538 973 άπερ
3563 903 3622 976 μὴ

2065 989 2495 1061 προσηκάμενοι,
2528 991 2688 1062 ἀραῖς
2715 990 2953 1054 αἰωνίοις
2981 991 3141 1044 αὐτὸν
3170 991 3477 1064 ἐδησάμεθα
3501 1010 3513 1022 ·
3557 995 3619 1047 ὅτι

2064 1081 2161 1153 τὴν
2189 1080 2396 1153 δωρεὰν
2424 1082 2518 1135 τοῦ
2547 1082 2703 1147 Θεοῦ,
2734 1083 2833 1136 οὐκ
2858 1083 3040 1155 εὐνοίᾳ
3067 1087 3132 1155 τῇ
3168 1085 3305 1156 πρὸς
3333 1086 3485 1150 Θεὸν,
3513 1087 3628 1141 ἀλλὰ

2065 1173 2360 1245 χρημάτων
2409 1174 2674 1246 ἐναλλαγῇ
2718 1176 2933 1246 ἐνόμισε
2979 1176 3212 1232 κτᾶσθαι
3241 1176 3373 1249 (40).
3418 1179 3628 1247 Φεύγετε

2063 1261 2158 1318 οὖν
2187 1264 2286 1328 τάς
2311 1265 2751 1338 δυσσυνειδήτους
2779 1269 2858 1331 είς
2888 1267 2948 1320 τὸ
2981 1267 3364 1341 θυσιαστήριον
3393 1270 3485 1323 τοῦ
3512 1272 3628 1326 Θεοῦ

2059 1358 2339 1429 εἰσφοράς.
2377 1377 2394 1408 t
2435 1359 2662 1428 Ἀπέχου
2693 1358 2821 1430 γὰρ,
2855 1360 3038 1431 φησὶν,
3070 1360 3176 1413 ἀπὸ
3206 1361 3390 1415 ἀδίκου
3411 1402 3426 1426 ,
3467 1365 3554 1416 καὶ
3577 1364 3629 1416 οὐ

2065 1449 2346 1521 φοϐηθήσῃ
2365 1490 2378 1511 ,
2409 1451 2501 1502 καὶ
2530 1451 2729 1522 τρόμος
2755 1451 2854 1504 οὑκ
2883 1453 3059 1520 ἐγγιεῖ
3086 1471 3186 1506 σοι.
3231 1474 3251 1506 ›

2604 1568 2997 1621 ΚΕΦΛΛΑΙΟΝ
3036 1569 3117 1621 H'.

2069 1660 2196 1712 Ὅτι
2218 1657 2468 1730 βέλτιον
2493 1659 2561 1730 ἐκ
2593 1661 2786 1730 κόπου
2849 1659 3002 1713 ὶὸἰου
3034 1660 3320 1728 παρέχειν
3366 1660 3495 1727 ταῖς
3536 1661 3633 1730 χή-

2127 1746 2326 1816 ραιςῼη
2349 1728 2526 1814 κᾶν·κῇ
2557 1729 2774 1816 serenti}
2809 1731 2905 1816 καὶ
2937 1731 3109 1816 ὀλίγα
3129 1771 3142 1794 ,
3175 1730 3213 1799 ἢ
3245 1732 3316 1784 τὰ
3341 1734 3504 1816 παρὰ

2137 1798 2392 1863 ἀσεϐῶν,
2425 1799 2539 1853 κᾶν
2567 1800 2767 1870 πολλὰ
2787 1801 2884 1853 καὶ
2906 1798 3138 1870 μεγάλα
3165 1798 3435 1870 τυγχάνῃ
3459 1820 3471 1832 ·
3500 1803 3636 1865 ,ϐέλ-

2137 1887 2267 1923 τιον
2311 1870 2424 1939 γὰρ
2467 1869 2638 1941 λιμῷ
2663 1869 3057 1941 διαφθαρῆναι
3083 1911 3097 1934 ,
3145 1871 3184 1940 ἢ
3229 1869 3637 1940 πειρὰάσεϐὠν

2137 1944 2548 2009 συνεισφορὰν
2576 1939 2882 2005 δέξασθαι.

2151 2031 2286 2085 Ἀλλ’
2317 2031 2411 2086 ἐὰν
2443 2032 2551 2103 (AI)
2581 2032 2811 2101 λέγοιτε,
2841 2034 2922 2086 ὅτι
2949 2035 2997 2086 οἱ
3025 2033 3256 2098 διδόντες
3293 2033 3396 2098 τὰς
3423 2035 3637 2108 ἐλεημο-

2068 2126 2252 2191 σύνας,
2283 2120 2427 2179 οὗτοί
2454 2129 2580 2189 εἰσι,
2614 2127 2717 2180 κᾶν
2753 2125 2826 2198 μὴ
2853 2125 3112 2198 λάϐοιμεν
3158 2129 3287 2199 παρ’
3316 2129 3518 2191 αὐτῶν,
3549 2130 3635 2183 πό-

2067 2219 2156 2272 θεν
2185 2221 2241 2272 αί
2270 2221 2435 2292 χῆραι
2465 2219 2970 2292 ὑπηρετηθήσονται
3011 2222 3142 2292 παρ’
3189 2221 3345 2292 ἡμῶν
3378 2222 3514 2293 (42),
3557 2227 3641 2277 καὶ

2064 2313 2111 2363 οἱ
2142 2311 2336 2375 ἐνδεεῖς
2361 2311 2453 2364 τοῦ
2474 2311 2603 2366 λαοῦ
2625 2311 2991 2383 διατραφῶσιν
3014 2311 3125 2383 (45)
3147 2329 3160 2376 ;
3192 2313 3494 2366 ἀκούσεσθε
3523 2319 3640 2387 παρ’

2066 2403 2239 2474 ἡμῶν,
2272 2405 2352 2457 ὅτι
2381 2404 2466 2457 διὰ
2493 2405 2650 2457 τοῦτο
2677 2404 2897 2457 ἐλάϐετε
2925 2405 3062 2476 δόμα
3092 2405 3355 2471 Λευιτῶν,
3387 2406 3486 2477 τὴν
3513 2425 3640 2479 καρ-

2065 2496 2325 2567 ποφορίαν
2351 2496 2444 2549 τοῦ
2475 2499 2530 2549 ἐν
2561 2498 2687 2567 ὑμῖν
2715 2496 2865 2560 λαοῦ,
2899 2498 2986 2549 ἵνα
3015 2497 3292 2568 ἐπαρκῆτε
3322 2501 3421 2552 καὶ
3439 2505 3644 2564 ὲαυτοίς

2065 2591 2157 2642 καὶ
2183 2592 2295 2652 τοῖς
2321 2589 2610 2660 δεομένοις,
2644 2589 2738 2642 καὶ
2772 2587 2846 2660 μὴ
2884 2590 2940 2641 ἐν
2971 2587 3081 2660 (44)
3113 2588 3315 2660 ἀπορίᾳ
3359 2592 3644 2663 συνεχόμε-

2064 2700 2163 2746 νοι,
2194 2682 2343 2754 παρὰ
2372 2683 2622 2754 πονηρῶν
2644 2682 2974 2755 λαμϐάνητε.
3000 2683 3062 2735 El
3083 2681 3138 2735 δέ
3161 2683 3334 2746 οὓτως
3355 2684 3644 2754 ἀποροῦσιν

2063 2776 2120 2828 αἱ
2150 2775 2452 2846 ἐκκλησίαι,
2483 2774 2750 2828 λυσιτελεῖ
2774 2774 3133 2847 διαφθαρῆναι
3164 2776 3300 2848 (45),
3329 2777 3363 2847 ἢ
3395 2780 3530 2849 παρ’
3556 2778 3644 2849 ἐχ·

2065 2866 2207 2939 θρῶν
2235 2867 2328 2919 τοῦ
2358 2867 2492 2920 Θεοῦ
2521 2867 2705 2921 λαϐεῖν
2742 2885 2818 2932 τι,
2865 2869 2949 2937 ἐφ’
2992 2866 3149 2939 ὕϐρει
3195 2868 3289 2921 καὶ
3329 2868 3500 2942 χλεύῃ
3544 2870 3646 2924 τῶν

2062 2960 2224 3014 αὑτοῦ
2255 2959 2438 3030 φίλων.
2472 2961 2606 3032 Περὶ
2635 2959 2744 3032 γὰρ
2770 2959 2877 3013 τῶν
2904 2960 3160 3012 τοιούτων
3189 2961 3282 3013 καὶ
3307 2963 3336 3013 ὁ
3357 2962 3645 3033 Προφήτης

2061 3053 2227 3122 λέγει’
2257 3073 2274 3105 ι
2307 3053 2521 3107 Ἔλαιον
2544 3052 2865 3124 ἁμαρτωλοῦ
2889 3051 2963 3124 μὴ
2990 3051 3269 3106 λιπανάτω
3289 3051 3388 3124 τὴν
3409 3053 3646 3124 κεφαλήν

2067 3162 2188 3216 μου.
2235 3165 2253 3196 ι
2303 3146 2637 3216 Δοκιμασταὶ
2678 3141 2772 3198 οὖν
2813 3143 3028 3213 γίνεσθε
3071 3143 3180 3196 τῶν
3223 3145 3508 3208 τοιούτων,
3557 3147 3646 3198 καὶ

2064 3237 2216 3310 παρὰ
2269 3239 2368 3309 μὲν
2418 3238 2527 3291 τῶν
2591 3237 2752 3301 ὁσίως
2807 3236 3251 3308 περιπατούντων
3315 3237 3646 3308 λαμϐάνετε,

2064 3331 2158 3384 καὶ
2188 3333 2299 3393 τοῖς
2328 3329 2660 3400 θλιϐομένοις
2685 3332 2988 3402 χορηγεῖτε.
3019 3329 3178 3401 Παρὰ
3204 3329 3261 3382 δὲ
3290 3331 3650 3398 ἀποσυναγὼ-

2062 3439 2174 3490 γων
2205 3423 2279 3494 μὴ
2298 3423 2622 3493 λαμϐάνετε,
2653 3423 2781 3493 πρὶν
2799 3423 2864 3476 ἂν
2884 3422 2983 3493 τῆς
2999 3421 3321 3494 Ἐκκλησίας
3350 3417 3494 3476 εἶναι
3516 3424 3646 3494 μέλη

2061 3513 2485 3579 καταξιωθῶσιν.
2517 3516 2580 3568 Εί
2606 3515 2664 3568 δὲ
2693 3515 2931 3568 ἐπιλίποι
2962 3515 3120 3586 δόμα,
3142 3515 3519 3587 προσάγγελλε
3539 3520 3649 3580 τοῖς

2059 3605 2329 3676 ἀδελφοῖς,
2348 3608 2441 3660 καὶ
2457 3606 2516 3672 ἐξ
2535 3607 2709 3662 αὐτῶν
2732 3607 2988 3679 συλλογὴν
3006 3608 3394 3679 ποιησάμενος,
3410 3609 3649 3664 διακόνει

2064 3701 2176 3764 τοῖς
2204 3702 2457 3773 ὀρφανοῖς
2485 3701 2580 3754 καὶ
2608 3703 2728 3764 ταῖς
2756 3701 2951 3772 χήραις
2978 3701 3034 3753 ὲν
3061 3699 3400 3771 δικαιοσύνῃ.

2600 3795 2992 3848 ΚΕΦΑΛΛΙΟΝ
3031 3793 3108 3847 (θ’.

2064 3889 2191 3942 ’Ότι
2217 3887 2334 3957 χρὴ
2365 3890 2797 3956 προτρέπεσθαι
2824 3890 2929 3941 τὸν
2955 3888 3108 3941 λαὸν
3142 3888 3260 3942 ὑπὸ
3287 3889 3398 3941 τοῦ
3446 3888 3647 3956 ἱερέως

2129 3959 2394 4083 εὐπιέιεῖν
2420 3959 2561 4025 τοὺς
2588 3959 2847 4026 πένητας
2871 3975 2884 3988 ·
2933 3959 3013 4025 ὡς
3059 3959 3156 4012 καὶ
3199 3961 3227 4011 ό
3271 3957 3567 4029 Σολομὼν
3610 3960 3646 4013 ὀ

2127 4047 2248 4099 σοφ
2288 4051 2339 4096 ς.

2127 4122 2268 4192 Λέγε
2294 4122 2350 4176 δὲ
2379 4122 2455 4192 τῷ
2484 4121 2588 4174 ὑπὸ
2617 4122 2676 4175 σὲ
2703 4120 2834 4192 λαῷ,
2877 4120 2912 4176 ἃ
2954 4122 3046 4174 καὶ
3073 4120 3323 4192 Σολομὼν
3375 4117 3406 4169 ὁ
3449 4120 3642 4190 σοφός’

1192 4265 1402 4321 eg.x1v.
1483 4252 1528 4283 ⁵⁸
1557 4252 1747 4309 Anast.
1777 4253 1908 4309 δίον.

2072 4253 2187 4309 Act.
2218 4269 2338 4309 vtu.
2415 4253 2460 4284 ³³
2491 4251 2593 4308 Isa.
2628 4268 2737 4317 LIV,
2765 4252 2852 4306 14.
2932 4253 2972 4287 ⁵³
3008 4253 3153 4308 Psal.
3187 4265 3314 4316 exc,
3350 4255 3406 4310 5.
3452 4256 3502 4287 ⁸³
3529 4255 3649 4311 Hoc

2060 4457 2298 4514 NOT/E.

386 4569 588 4625 Graeca;
613 4568 891 4645 editionis,
921 4584 1044 4640 cap.
1072 4587 1164 4645 xiv
1218 4569 1495 4645 I’Iebraicag
1521 4581 1576 4628 et
1606 4573 1848 4639 Latinae;
1882 4573 1958 4626 ita
1995 4579 2034 4632 D
2059 4587 2174 4624 ecce
2187 4587 2304 4645 cum
2331 4571 2606 4645 intraueris
2631 4581 2836 4645 portam
2853 4571 3081 4645 civitatis
3113 4570 3302 4645 §arira
3323 4615 3338 4637 ,
3373 4585 3424 4628 et
3448 4577 3644 4645 puella:

388 4651 569 4694 tamen
599 4648 660 4694 ut
690 4639 868 4705 facile,
899 4639 1177 4710 sequendo
1205 4643 1434 4710 vestigia
1460 4642 1772 4705 Graecorum
1800 4657 1958 4698 voca-

389 4711 665 4783 bulorum,
699 4710 900 4783 corrigi
929 4719 1112 4783 queat,
1164 4713 1310 4768 hunc
1352 4710 1464 4770 fere
1504 4716 1559 4770 in
1591 4715 1845 4769 modum:
1886 4712 1958 4766 Et

387 4781 561 4843 homo,
600 4782 791 4854 inquit,
832 4781 1038 4854 etatem
1078 4781 1228 4854 Silis,
1258 4793 1350 4837 aut
1385 4787 1563 4854 potius
1599 4801 1663 4839 ex
1691 4784 1863 4848 Silon,
1905 4793 1956 4838 et

391 4867 578 4924 nomen
597 4851 896 4917 ei'Achiab;
927 4855 1008 4908 vel
1029 4853 1176 4924 quod
1199 4851 1627 4921 malimAchiah,
1655 4864 1704 4910 et
1735 4855 1818 4909 hic
1839 4863 1954 4908 erat

388 4923 670 4992 sexaginta,
691 4940 976 4987 annorum,
998 4936 1044 4988 et
1071 4924 1280 4982 verbum
1306 4924 1521 4980 Domini
1547 4935 1662 4980 erat
1690 4943 1806 4979 cum
1832 4926 1946 4980 illo.

391 4991 459 5068 Et
480 4991 614 5052 dixit
639 4991 921 5068 Jeroooam
943 4994 1013 5068 ad
1042 5011 1257 5068 uxorem
1283 5012 1441 5068 suam
1457 5011 1477 5068 ς
1503 4997 1669 5068 Surge
1688 5006 1737 5050 et
1776 4997 1950 5068 accipe

389 5063 444 5116 in
467 5079 626 5120 manu
649 5073 741 5116 tua
760 5063 1269 5136 hominiDeipanes,
1293 5075 1344 5136 et
1361 5063 1638 5136 collyrides
1663 5067 1790 5135 filiis
1810 5063 1946 5134 ejus.

382 5138 432 5182 et
455 5146 604 5207 uuas,
632 5141 682 5188 et
706 5131 1018 5207 uasmellis.
1044 5131 1116 5207 Εξξ
1137 5134 1378 5207 ειιτιίςτιεὶιΔ
1397 5131 1608 5207 mulier,
1636 5131 1685 5192 et
1712 5131 1843 5207 fecit
1861 5140 1968 5193 sic-

381 5208 441 5260 ut
466 5200 620 5269 dixit
669 5203 720 5256 ei
770 5204 850 5256 vir
897 5201 1033 5269 ejus.
1068 5201 1139 5257 Et
1185 5203 1389 5264 Achiali
1442 5200 1606 5260 homo
1646 5200 1804 5262 senes;
1851 5221 1966 5264 erat

387 5267 558 5353 valde,
583 5279 632 5323 et
654 5267 932 5353 oguliejus
953 5273 1377 5353 caligina'lgantur
1401 5275 1594 5331 videre.
1622 5275 1690 5339 Et
1718 5279 1949 5353 surrexit

389 5339 653 5413 mulierem
678 5339 891 5413 Sarira,
915 5353 962 5395 et
983 5339 1136 5410 abiit.
1171 5343 1235 5396 Et
1264 5345 1463 5413 factum
1486 5357 1584 5410 est,
1607 5364 1725 5401 cum
1747 5347 1949 5400 intras-

389 5418 464 5468 set
516 5411 631 5480 ipsa
676 5412 730 5464 in
756 5413 965 5467 civitate
1008 5414 1076 5466 ad
1126 5411 1327 5476 Achiah
1370 5415 1673 5480 Silonitem,
1719 5427 1768 5471 et
1813 5416 1950 5470 dixit

388 5479 589 5551 ᾼεΙιίαΙι
614 5497 772 5549 puero
800 5500 896 5549 suo
927 5499 946 5536 :
977 5483 1083 5537 Exi
1113 5502 1249 5547 nunc
1289 5486 1341 5550 in
1368 5486 1572 5551 obviam
1601 5489 1766 5541 Anna:
1796 5489 1953 5541 uxori

363 5547 779 5629 t-{eroboa‘mLet
808 5547 949 5629 dices
974 5556 1060 5629 ei__:
1093 5554 1265 5620 Intra,
1296 5547 1344 5622 et
1371 5549 1480 5612 noli
1505 5570 1675 5629 stare,
1703 5559 1950 5629 quoniam

387 5619 498 5698 licet:
531 5624 658 5698 dicit
683 5619 940 5698 Dominus
963 5640 992 5698 :_
1009 5625 1152 5678 Dura
1176 5619 1268 5698 ego
1291 5619 1440 5682 mitto
1467 5630 1520 5684 in
1551 5641 1616 5684 te.
1645 5619 1949 5682 Et'intravit

388 5690 543 5769 Anna
575 5693 643 5746 ad
674 5694 932 5769 ltominem
959 5695 1094 5760 Dei;
1132 5705 1182 5750 et
1205 5690 1356 5750 'dixit
1393 5701 1442 5752 ei
1467 5700 1668 5754 Achiah
1699 5716 1718 5752 .'
1753 5698 1946 5769 thuid

389 5759 532 5839 milii
554 5766 780 5839 attulisti
809 5780 996 5839 panes,
1021 5759 1081 5819 et
1100 5784 1278 5834 uvam,
1315 5779 1364 5821 et
1411 5770 1691 5839 collyrides
1715 5810 1729 5834 ,
1777 5759 1946 5824 et'vas

390 5831 593 5890 mellis?
642 5826 769 5892 Ηιιτ
807 5826 932 5891 dicit
965 5826 1219 5894 Dominus
1245 5826 1424 5895 {Ecce
1454 5826 1646 5898 tuuiltis
1678 5826 1815 5896 a'me
1835 5857 1854 5908 ;
1897 5851 1946 5896 et

2059 4652 2165 4694 tua:
2183 4642 2354 4695 exient
2375 4642 2430 4694 in
2453 4641 2675 4701 obviam.
2693 4655 2742 4696 et
2759 4643 2928 4696 dicent
2953 4642 3046 4694 tibi
3071 4657 3088 4694 :
3113 4642 3254 4697 Puer
3269 4641 3519 4700 mortuus
3538 4659 3640 4702 est.

2060 4713 2325 4787 Quoniam
2347 4711 2457 4787 lucc
2477 4712 2604 4766 dicit
2628 4712 2883 4787 Dominus
2900 4727 2919 4764 :
2939 4711 3071 4787 Ecce
3096 4730 3188 4783 ego
3209 4715 3458 4783 disperdo
3480 4718 3641 4787 hujus

2054 4781 2339 4852 Jeroboam
2379 4783 2689 4852 mingentem
2729 4782 2799 4836 ad
2837 4781 3137 4851 parietemf
3165 4793 3217 4837 et
3251 4781 3408 4838 erunt
3443 4781 3643 4842 mortui

2055 4854 2170 4922 ejus
2198 4851 2564 4906 Jeroboam’in
2596 4855 2822 4916 civitate,
2854 4863 2901 4906 et
2931 4855 3200 4908 comedent
3227 4871 3314 4909 eos
3345 4874 3505 4912 canes
3527 4897 3542 4919 .
3584 4868 3637 4912 et

2057 4925 2254 4994 mortui
2269 4933 2420 4976 erunt
2439 4926 2488 4977 ei
2513 4925 2567 4976 in
2588 4941 2738 4994 agro,
2765 4934 2811 4977 et
2838 4924 3102 4978 comedent
3123 4942 3210 4979 eos
3231 4927 3467 4981 volucres
3493 4928 3630 4981 cali.

2056 4993 2228 5065 Porro
2275 4995 2341 5049 de
2385 4993 2670 5065 munerum
2702 4994 3022 5061 rejectione,
3073 5004 3270 5065 praeter
3312 4995 3476 5061 LXX,
3510 4998 3634 5050 vide

2059 5063 2444 5138 Ilieronymum
2485 5065 2570 5138 Διιι]
2615 5064 2850 5119 Michaaaa
2903 5063 3183 5135 caput‘ut,
3214 5075 3270 5122 et
3301 5067 3628 5138 Procopium

2057 5134 2270 5189 inIBe

2125 5205 2214 5271 (40

2312 5176 2326 5188 .
2365 5152 2438 5189 Ix.
2471 5135 2609 5190 Cor.

2645 5207 2886 5276 ἐνόμισε
2915 5205 3186 5261 κτᾶσθαι.
3213 5205 3274 5261 In
3303 5209 3473 5262 altero
3499 5207 3617 5261 cod.

2056 5275 2322 5347 μεταϐολῇ
2354 5276 2678 5348 κτήσασθαι,
2711 5275 2858 5347 quod
2901 5278 3217 5348 vertendum
3247 5280 3532 5333 mutatione
3567 5293 3622 5330 se

2051 5346 2511 5424 comparatur-unt;
2553 5346 2934 5424 obtulit‘enim
2970 5346 3158 5424 Simon
3192 5349 3514 5424 pecuniam,
3553 5364 3619 5424 ea

2053 5417 2189 5488 lege;
2215 5419 2282 5471 'ut
2312 5417 2417 5472 sibi
2448 5418 2652 5472 donum
2682 5417 2918 5488 Spiritus
2949 5419 3126 5473 sancti
3157 5417 3282 5476 aliis
3309 5417 3616 5475 conferendi

2051 5487 2308 5542 venderet
2337 5488 2554 5542 Petrus.
2579 5487 2747 5544 Casa.

2147 5558 2234 5616 41)
2287 5559 2436 5612 Ἀλλ’
2467 5559 2592 5613 ἐάν.
2635 5561 2784 5614 Alter
2815 5561 2909 5615 ἐὰν
2943 5562 3017 5615 δέ.
3051 5561 3145 5616 CL.

2148 5628 2235 5699 42)
2276 5629 2418 5696 Παρ’
2449 5628 2635 5699 ἡμῶν.
2671 5630 2826 5687 Deest
2859 5634 2912 5686 in
2945 5631 3121 5687 altero
3147 5632 3272 5686 cod.
3303 5631 3378 5688 Io.

2143 5699 2230 5836 45)
2271 5699 2692 5768 Διατριιφῶσιν.
2723 5700 2884 5758 Deest
2907 5703 2959 5756 in
2989 5704 3199 5758 eodem.
3235 5703 3305 5756 In.

2144 5770 2208 5822 44
2283 5771 2394 5823 Ἐν.
2432 5771 2592 5825 Deest
2623 5773 2677 5825 in
2705 5774 2916 5827 eodem.
2951 5773 3025 5827 In.

2144 5770 2230 5827 44)
2283 5771 2394 5823 Ἐν.
2432 5771 2592 5825 Deest
2623 5773 2677 5825 in
2705 5774 2916 5827 eodem.
2951 5773 3025 5827 In.

2119 5841 2233 5914 (45)
2275 5842 2594 5897 Arena-le?
2626 5843 3038 5914 διαφθαρῆναι.
3089 5843 3284 5901 Severe
3324 5859 3420 5915 pro
3463 5848 3612 5898 more
