3880 6332
236 287 339 343 821

1150 283 1751 339 CONSTITUTIONES
1789 284 2470 346 APOSTOLICIE.—LIB.
2508 292 2593 347 IV.

3373 301 3479 357 82‘}

236 406 260 442 ⁸
287 401 437 471 Τίμα
479 400 570 452 τὸν
614 398 814 470 Κύριον
860 397 966 451 ἀπὸ
1010 398 1117 451 σῶν
1160 398 1381 451 δικαίων
1441 398 1617 450 πόνων
1644 415 1657 428 υ
1716 397 1802 450 καὶ

1912 400 2130 468 sapiens
2157 398 2412 455 Salomon
2442 422 2455 457 :
2487 421 2505 453 ι
2534 401 2751 457 Honora
2782 405 3065 460 Dominum
3090 422 3153 462 ex
3185 410 3291 465 luis
3314 409 3477 481 justus

230 492 484 563 ἀπάρχου
526 491 673 561 αὐτῷ
718 490 827 543 ἀπὸ
873 489 979 542 σῶν
1025 488 1252 560 καρπῶν
1292 488 1635 559 δικαιοσύνης
1658 506 1671 517 ⁸
1722 488 1807 541 ἴνα

231 584 543 654 πιμπλᾶται
570 582 637 635 τὰ
664 581 886 652 ταμιεῖα
918 598 1010 634 σου
1043 580 1358 651 πλησμονῆς
1388 579 1532 632 σίτου
1557 595 1571 608 ⁸
1601 580 1726 650 οϊνῳ
1750 578 1806 631 δὲ

231 678 289 728 αἱ
320 675 471 747 ληνοί
504 692 595 728 σου
625 672 977 737 ὲκϐλύζωσιν.
1013 692 1031 724 ι
1078 674 1171 725 Ἐκ
1200 672 1293 726 τοῦ
1323 670 1531 725 δικαίου
1580 666 1673 723 οὖν
1713 670 1806 723 κό-

232 784 337 820 που
367 767 476 820 τῶν
506 766 730 829 πιστῶν,
758 766 984 837 τρέφετε
1012 765 1104 817 καὶ
1134 764 1459 836 ἀμφιέννυτε
1496 764 1621 826 τούς
1651 763 1807 815 ὑστε-

233 858 569 929 ρουμένους·
619 858 713 911 καὶ
764 857 833 911 τὰ
886 856 945 921 ἐξ
995 857 1195 919 αὐτῶν,
1251 855 1327 919 ὡς
1382 858 1805 927 προειρήκαμεν,

230 949 597 1022 ἀθροιζόμενα
640 951 895 1022 χρήματα
936 949 1281 1012 διατάσσετε,
1324 948 1691 1011 διακονοῦντες
1731 948 1809 1009 είς

229 1045 363 1106 τοὺς
418 1044 764 1113 ἀγορασμούς
807 1041 916 1093 τῶν
964 1040 1131 1109 ἀγίων
1153 1042 1225 1071 ⁸³·
1270 1040 1519 1112 ρυόμενοι
1570 1039 1805 1100 δούλους,

233 1134 634 1205 αἰχμαλώτους,
663 1133 933 1204 δεσμίους,
966 1132 1453 1204 ὲπηρεαζομένους,
1483 1132 1715 1201 ἥκοντας
1745 1131 1809 1182 ὲκ

233 1227 533 1297 καταδίκης
558 1225 646 1279 διὰ
671 1225 732 1279 τὸ
771 1226 938 1296 ὄνομα
975 1225 1068 1278 τοῦ
1110 1224 1346 1297 Χριστοῦ
1388 1224 1492 1277 ὐπὸ
1533 1223 1807 1295 τυράννων

232 1320 316 1381 εἰς
362 1318 687 1389 μονομαχίαν
733 1318 824 1372 καὶ
865 1317 1110 1371 θάνατον.
1156 1316 1317 1385 Λέγει
1362 1315 1469 1387 γάρ
1515 1317 1549 1387 ἡ
1580 1316 1765 1387 Γραφή
1790 1332 1803 1344 ·

238 1430 259 1462 ι
301 1411 490 1464 Ῥῦσαι
519 1410 817 1482 ἀγομένους
844 1411 921 1473 εἰς
950 1410 1195 1473 θάνατον,
1226 1408 1320 1462 καὶ
1346 1408 1574 1480 ὲκπρίου
1605 1424 1807 1461 κτεινο-

235 1504 436 1573 μένους
456 1521 469 1533 '
504 1501 578 1574 μὴ
608 1502 790 1574 φείσῃ.
829 1522 847 1554 ι

778 1596 1048 1647 ΚΕΦΑΛΑ
1056 1595 1167 1647 ION
1214 1597 1269 1647 I’.

232 1685 538 1751 Διάταξις,
569 1687 646 1740 ἵν’
674 1686 784 1739 ἐάν
810 1704 898 1751 τις
924 1685 1043 1739 τῶν
1068 1685 1319 1748 ἀσεϐῶν,
1357 1684 1455 1751 Bia
1500 1686 1804 1752 προσρίψῃ

1909 490 2224 559 laboribus;
2259 501 2313 547 et
2348 493 2619 563 primitias
2647 494 2714 549 da
2745 496 2796 551 ei
2838 496 2905 551 de
2937 497 3047 553 tuis
3082 497 3351 557 fructibus
3387 504 3477 572 ju-

1911 583 2075 637 stitiaa
2111 604 2123 638 :
2153 592 2212 637 ut
2262 585 2589 656 impleantur
2628 588 2848 642 cellaria
2882 596 2975 643 tua
3026 592 3311 649 saturitate
3358 594 3475 649 fru-

1908 676 2114 740 menti,
2145 683 2199 731 et
2226 677 2352 732 vino
2374 678 2666 732 toreularia
2689 686 2783 734 tua
2808 680 3111 736 redundent
3131 681 3476 754 “.iExjusto

1910 764 2075 835 igitur
2104 766 2342 822 ﬁdelium
2387 768 2593 833 labore,
2624 770 2753 825 alite
2794 786 2857 823 ac
2887 773 3080 828 vestite
3107 774 3252 828 victu
3287 790 3353 829 ae
3382 792 3476 831 ve-

1909 857 2040 910 stitu
2069 857 2401 926 destitutos;
2445 869 2499 915 et
2528 861 2837 930 pecuniam,
2887 873 2947 917 ut
2994 879 3159 934 supra
3211 865 3471 933 diximus,

1909 947 2034 1002 inde
2061 959 2304 1005 coactam
2336 951 2679 1022 dispensate,
2714 962 2930 1009 utentes
2959 955 3012 1008 in
3048 957 3471 1026 redemptionem

1909 1048 2258 1105 sanctorum,
2316 1042 2609 1097 liberantes
2655 1059 2873 1109 servos,
2922 1048 3185 1115 captivos,
3238 1050 3471 1115 vinctos,

1908 1131 2233 1186 calumniam
2276 1149 2494 1204 passos,
2535 1136 2805 1189 sententia
2850 1144 3207 1208 tyrannorum
3255 1151 3476 1212 pr0pter

1909 1238 2104 1279 nomen
2134 1224 2334 1280 Christi
2358 1226 2556 1282 missos
2585 1229 2650 1281 ad
2681 1231 3115 1286 monomachiam
3138 1242 3191 1287 et
3220 1245 3468 1290 mortem.

1910 1314 2049 1368 Dicit
2093 1317 2239 1370 enim
2296 1316 2622 1388 Scriptura:
2658 1318 2894 1375 «Libera
2940 1337 3035 1378 eos
3076 1326 3170 1394 qui
3198 1326 3475 1383 ducuntur

1909 1406 1975 1459 ad
2023 1414 2253 1462 mortem
2281 1448 2296 1473 ,
2343 1418 2398 1463 et
2432 1410 2636 1467 redime
2664 1426 2758 1467 eos
2796 1412 2887 1483 qui
2923 1414 3356 1484 interﬁciuntur;
3405 1435 3473 1474 ne

1909 1514 2102 1567 parcas
2118 1500 2185 1549 “.
2225 1519 2244 1552 ι

2520 1594 2748 1651 CAPUT
2787 1595 2853 1652 Χ.

1913 1679 2253 1769 Constitutio,
2287 1696 2343 1738 ut
2451 1689 2574 1769 quis.
2622 1689 2810 1769 impius
2855 1690 2903 1769 ei
2930 1692 3201 1769 pecuniam
3227 1696 3474 1751 sacerdo-

303 1748 580 1831 Longam
606 1757 727 1822 τοῖς
756 1748 1039 1831 ἱερεῦσιν,
1061 1748 1458 1831 ἐίςέξύτίαᾲκάὶ
1485 1748 1802 1831 dull-pauidi?

1984 1752 2119 1807 tibus
2136 1757 2429 1831 projecerit,
2454 1748 2508 1811 in
2538 1758 2679 1828 ligna
2694 1748 2745 1812 et
2769 1748 3017 1816 carbones
3037 1779 3152 1816 eam
3178 1748 3470 1831 insumunt,

300 1824 663 1880 ἀναλώσωσι
692 1826 894 1887 ταῦτα,
925 1826 1083 1879 ἀλλὰ
1105 1824 1191 1894 μὴ
1221 1828 1306 1891 εις
1334 1824 1667 1893 διατροφάς.

317 1918 445 1972 Ἐάν
473 1919 529 1971 δέ
557 1936 687 1972 ποτε
717 1918 923 1989 ἀνάγκη
954 1917 1193 1989 γένηται,
1216 1917 1367 1988 παρά
1392 1934 1533 1979 τινος
1550 1915 1799 1980 δέξασθαι

226 2010 449 2063 ἀνοσίου
485 2011 706 2074 ἄκοντες
724 2009 770 2042 “
805 2010 1084 2081 ἀργύριον,
1114 2010 1192 2072 είς
1222 2008 1351 2073 ξύλα
1384 2010 1475 2062 καὶ
1503 2007 1801 2079 ἀνθρακιὰν

226 2103 365 2157 αὐτὸ
382 2103 740 2173 δαπανήσατε*
767 2102 854 2155 ἵνα
874 2100 947 2172 μὴ
965 2100 1199 2153 λαϐοῦσα
1219 2102 1252 2171 ἡ
1280 2101 1421 2171 χήρα
1438 2098 1495 2164 ἐξ
1514 2098 1660 2169 αὐτῴ
1690 2098 1800 2171 (46)

223 2209 305 2258 τι,
353 2194 386 2265 ἢ
430 2198 459 2249 ὁ
498 2195 751 2266 ὀρφανὸς,
810 2193 1127 2264 ἀναγκασθῇ
1169 2192 1477 2264 ὠνήσασθαι
1520 2191 1723 2263 τροφὴν
1767 2192 1800 2263 ἦ

225 2288 386 2360 πόμα
412 2287 559 2359 παρὰ
584 2286 644 2340 τὸ
672 2287 943 2358 προσῆκον
962 2303 975 2315 ·
1006 2285 1208 2338 δίκαιον
1239 2284 1345 2356 γὰρ
1376 2284 1445 2337 τὰ
1491 2283 1640 2355 παρά
1679 2284 1804 2336 ἀσε-

225 2379 347 2432 ϐῶν
375 2378 573 2441 ταῦτα,
602 2378 772 2448 πυρὸς
800 2372 938 2429 εἶναι
977 2375 1364 2446 κατανάλωμα,
1423 2375 1522 2429 οὐκ
1567 2375 1802 2428 εὐσεϐῶν

231 2471 447 2543 βρῶμα.
504 2470 685 2524 Ταῦτα
725 2470 781 2522 δὲ
823 2470 915 2523 καὶ
961 2470 989 2522 ὁ
1028 2469 1190 2539 νόμος
1228 2468 1565 2540 διαγορεύει,
1613 2467 1805 2521 θυσίαν

228 2562 540 2632 ὀψισθεῖσαν
596 2562 840 2635 ἄϐρωτον
896 2560 1182 2615 ἀποκαλῶν
1206 2601 1221 2625 ,
1273 2562 1367 2614 καὶ
1420 2562 1552 2633 πυρὶ
1602 2560 1803 2632 ταύτην

218 2654 617 2707 ἀναλίσκεσθαι
646 2652 899 2707 κελεύων.
943 2654 1017 2707 Οὐ
1060 2651 1169 2724 γάρ
1206 2656 1273 2724 τῇ
1319 2652 1476 2721 φύσει
1518 2651 1695 2721 φαῦλα
1736 2652 1805 2706 τὰ

226 2746 686 2818 προσφερόμενα,
731 2744 865 2799 ἀλλά
917 2747 983 2816 τῇ
1027 2744 1221 2819 γνώμῃ
1266 2744 1374 2797 τῶν
1416 2744 1805 2817 προσκομιξόν-

221 2856 343 2891 των
375 2839 482 2909 (47)
512 2838 666 2893 αὐτά.
712 2837 880 2890 Τοῦτο
917 2836 973 2888 δὲ
1016 2836 1448 2908 προστάσσομεν,
1493 2837 1585 2889 ἐπὶ
1628 2836 1687 2889 τὸ
1731 2837 1804 2908 μὴ

221 2932 594 3002 ἀποστρέφειν
620 2931 745 2994 τοὺς
773 2929 1166 3001 πλησιάζοντας
1192 2931 1319 3000 ὑμῖν
1336 2947 1349 2960 ο
1376 2929 1572 2993 εἰδότες
1590 2929 1682 2983 καὶ
1707 2929 1805 3001 τὴν

225 3024 525 3093 συντυχίαν
544 3022 798 3086 πολλάκις
818 3022 1065 3093 ὲπωφελῆ
1093 3024 1205 3085 τοῖς
1224 3021 1440 3075 ἀσεϐέσι
1459 3021 1802 3093 γεγενῆσθαι,

219 3114 329 3186 τὴν
360 3115 494 3187 πρὸς
520 3117 643 3179 τοὺς
672 3114 911 3178 εὐσεϐεῖς
952 3114 1083 3183 (48),
1130 3113 1393 3185 ὲπιϐλαϐἦ
1426 3114 1481 3166 δὲ
1512 3114 1678 3185 μόνην
1705 3114 1801 3185 τὴν
1829 3096 1870 3152 C

224 3208 375 3261 κατά
417 3206 515 3279 τὴν
556 3206 852 3279 θρησκείαν
894 3206 1197 3261 κοινωνίαν.
1248 3206 1431 3258 Ταῦτα
1467 3206 1564 3277 μὲν
1590 3202 1682 3259 οὖν
1715 3207 1805 3259 ἐπὶ

221 3300 503 3363 τοσοῦτον,
547 3300 840 3370 ἀγαπητοὶ,
886 3298 1121 3371 εἰρήσθω
1164 3299 1291 3368 ὑμῖν
1340 3297 1473 3368 πρὸς
1512 3298 1805 3366 ἀσφάλειαν

216 3392 404 3462 ὑμῶν.

757 3484 1149 3539 ΚΕΦΑΛΔῘΟΝ
1180 3484 1281 3537 lA'.

624 3577 764 3646 Περὶ
793 3577 1015 3647 γονέων
1040 3575 1135 3629 καὶ
1164 3576 1417 3630 παίδων.

301 3670 366 3723 Οί
417 3669 599 3741 μέντοι
628 3670 879 3742 πατέρες,
915 3668 1192 3723 παιδεύετε
1223 3658 1295 3722 τά
1335 3668 1501 3723 τέκνα
1545 3670 1716 3741 ὐμῶν,
1748 3672 1807 3725 ὲν

224 3763 426 3833 Κυρίῳ
483 3764 834 3834 ὲκτρέφοντες
878 3762 1015 3815 αὐτά
1054 3764 1110 3814 ὲν
1158 3761 1377 3833 παιδείᾳ
1423 3762 1516 3814 καὶ
1559 3763 1806 3835 νουθεσίᾳ

220 3854 460 3928 Κυρίου,
507 3857 601 3910 καὶ
636 3856 911 3911 διδάσκετε
960 3854 1098 3909 αὐτὰ
1136 3853 1471 3925 ἐπιτηδείους
1507 3856 1599 3908 καὶ
1640 3857 1807 3926 ἁρμο-

224 3949 431 4014 ζούσας
474 3949 552 4019 τῷ
596 3949 737 4019 λόγῳ
786 3948 997 4018 τέχνας,
1029 3949 1114 4000 ἴνα
1162 3947 1235 4018 μὴ
1280 3946 1369 4001 διὰ
1398 3945 1498 4017 τῆς
1525 3948 1807 4019 εὐκαιρίας

223 4041 648 4112 στρηνιάσαντα,
682 4041 776 4094 καὶ
800 4040 1161 4110 ἀνεπιτίμητα
1190 4038 1293 4092 ὑπὸ
1319 4040 1425 4092 τῶν
1462 4040 1661 4108 γονέων
1693 4042 1807 4111 μεί-

221 4150 420 4195 ναντα,
452 4133 555 4203 πρὸ
583 4133 731 4203 ὥρας
768 4132 1003 4194 ἀνέσεως
1043 4130 1294 4200 τυχρντα,
1342 4132 1684 4203 ἀφηνιάσωσι
1711 4132 1805 4186 τού

222 4224 421 4277 καλοῦ.
455 4225 544 4277 Διὸ
574 4225 647 4295 μὴ
694 4223 1003 4278 εὐλαϐεῖσθε
1048 4224 1231 4287 αὐτοῖς
1278 4225 1653 4295 ὲπιπλήσσειν,
1705 4242 1808 4278 σω-

222 4318 576 4389 φρονίζοντες
603 4316 740 4370 αὐτὰ
771 4316 907 4387 μετά
952 4315 1299 4387 ὲμϐριθείας³
1342 4316 1403 4369 οὐ
1432 4315 1541 4386 γὰρ
1570 4317 1805 4371 ἀποκτε-

1972 1839 2074 1875 ηοη
2105 1835 2278 1879 autem
2310 1828 2363 1879 in
2400 1844 2567 1883 escas.

1971 1917 2124 1985 Quod
2157 1918 2203 1972 si
2227 1919 2520 1990 aliquando
2543 1921 2844 1977 necessitas
2875 1922 3204 1988 incubuerit,
3233 1933 3291 1978 ut
3320 1926 3474 1980 inviti

1902 2027 1932 2064 a
1960 2010 2218 2081 quopiam
2249 2012 2416 2081 impio
2446 2021 2727 2083 argentum
2756 2014 3021 2083 capiatis;
3067 2015 3199 2069 illud
3243 2018 3297 2070 in
3328 2018 3472 2088 ligna

1902 2114 1955 2158 et
1988 2105 2258 2159 carbones
2290 2105 2619 2174 impendite;
2654 2122 2723 2161 ne
2764 2122 2829 2161 ex
2860 2122 2925 2161 eo
2960 2115 3166 2177 partem
3199 2110 3472 2179 accipiens

1903 2196 2085 2261 vidua,
2118 2203 2210 2249 aut
2249 2196 2509 2265 pupillus,
2562 2206 2787 2267 cogatur
2834 2198 2887 2251 in
2933 2198 3163 2253 emendo
3212 2200 3335 2253 cibo
3383 2214 3474 2257 aut

1905 2297 2033 2358 potu
2056 2287 2291 2343 oﬁicium
2315 2290 2621 2361 transgredi
2648 2311 2659 2345 :
2684 2307 2897 2361 aequum
2922 2295 3120 2362 quippe
3148 2302 3251 2357 est,
3278 2302 3335 2347 ut
3358 2295 3473 2350 hzec

1905 2381 2195 2451 impiorum
2227 2396 2455 2436 munera
2509 2381 2652 2452 ignis
2676 2381 2785 2436 sint
2813 2382 3092 2452 pabulum,
3126 2399 3233 2437 non
3260 2386 3471 2453 piorum

1902 2488 2049 2529 esca.
2105 2471 2163 2527 Id
2212 2489 2429 2544 quoque
2478 2474 2561 2529 lex
2608 2474 2803 2538 sancit,
2860 2474 2988 2528 dum
3037 2475 3270 2530 hostiam
3307 2478 3475 2531 nimio

1904 2574 2147 2637 tempore
2192 2574 2461 2621 servatam
2514 2580 2621 2620 non
2668 2564 3056 2620 comedendam
3102 2569 3364 2637 appellat,
3420 2579 3473 2625 ct

1908 2659 2029 2730 igne
2058 2659 2201 2715 hane
2230 2658 2478 2715 consumi
2512 2658 2688 2728 jubet.
2735 2657 2918 2729 Neque
2960 2674 3089 2714 vero
3130 2668 3325 2713 natura
3376 2678 3471 2717 sua

1906 2751 2059 2805 mala:
2089 2759 2215 2807 sunt
2243 2767 2320 2807 ea:
2348 2751 2673 2818 oblationes,
2703 2752 2797 2807 sed
2826 2759 3047 2822 prOpter
3078 2753 3316 2807 animum
3342 2756 3474 2810 olle-

1906 2843 2161 2897 rentium.
2197 2843 2371 2899 Porro
2394 2844 2499 2898 hoc
2523 2844 2644 2899 ideo
2676 2844 3039 2914 przecipimus,
3070 2861 3138 2900 ne
3164 2854 3473 2903 avertamus

1904 2950 1999 2991 eos
2030 2936 2121 3007 qui
2158 2936 2226 2989 ad
2256 2953 2357 2994 nos
2386 2936 2667 2992 accedunt.
2704 2936 2919 2991 Scimus
2946 2936 3090 2992 enim
3120 2953 3469 3008 congressum

1905 3043 2027 3082 eum
2051 3028 2174 3099 piis,
2200 3044 2342 3098 saepe
2367 3028 2548 3098 impiis
2572 3028 2871 3097 profuisse;
2902 3030 3119 3083 noxiam
3143 3038 3321 3085 autem
3350 3047 3472 3086 esse

1906 3119 2079 3175 solam
2135 3119 2541 3191 superstitionis
2603 3120 3063 3175 communionem.
3132 3121 3309 3192 Atque
3358 3122 3470 3177 haec

1906 3210 2145 3280 quidem,
2187 3211 2523 3273 charissimi,
2567 3210 2829 3266 hactenus
2859 3211 3011 3269 vobis
3058 3214 3166 3269 sint
3214 3214 3356 3270 dicta
3403 3216 3469 3269 ad

1907 3303 2211 3358 cautionem
2245 3311 2503 3359 vestram.

2498 3482 2728 3538 CAPUT
2769 3483 2858 3537 XI.

2362 3575 2438 3630 De
2460 3576 2765 3645 parentibus
2793 3586 2841 3629 et
2864 3576 3010 3643 ﬁliis.

1976 3668 2042 3722 At
2066 3684 2184 3732 vos,
2226 3676 2428 3738 patres,
2457 3668 2596 3724 ﬁlios
2625 3677 2841 3725 vestros
2877 3668 3088 3723 erudite
3129 3668 3182 3721 in
3216 3667 3466 3732 Dominn,

1908 3762 2135 3816 educate
2158 3761 2213 3814 in
2241 3760 2533 3830 disciplina
2566 3769 2619 3815 et
2657 3760 3001 3817 institutione
3033 3760 3267 3825 Domini,
3291 3770 3343 3817 et
3374 3763 3471 3817 do-

1907 3862 2024 3909 cete
2074 3860 2218 3909 artes
2265 3852 2489 3908 idoneas
2529 3869 2593 3907 ac
2641 3853 2809 3909 verbo
2839 3852 2932 3909 Dei
2956 3861 3339 3923 congruentes,
3370 3871 3459 3917 ne,

1907 3947 2031 4001 data
2060 3947 2350 4001 occasione
2379 3946 2646 4010 ell‘renati,
2672 3962 2701 4001 a
2727 3946 3044 4016 parentibus
3072 3945 3275 4016 absque
3295 3947 3470 4001 inore--

1908 4040 2123 4109 patione
2157 4038 2352 4100 relicti,
2392 4045 2447 4092 et
2503 4046 2627 4092 ante
2654 4047 2869 4108 tempus
2898 4038 3203 4092 libertatem
3237 4039 3405 4101 nacti,
3441 4055 3469 4091 a

1907 4131 2105 4186 virtute
2132 4130 2530 4185 contumaciter
2551 4128 2860 4185 deﬁectant.
2884 4129 3153 4195 Quocirca
3192 4146 3260 4185 ne
3284 4146 3471 4185 verea.

1909 4223 2040 4277 mini
2068 4222 2360 4292 obiurgare
2384 4222 2526 4285 illos,
2553 4228 2606 4277 et
2627 4235 2750 4275 eum
2781 4220 3070 4277 severitate
3100 4222 3372 4292 castigare
3402 4223 3467 4275 ⁸⁸.

1908 4313 2024 4369 Non
2057 4315 2201 4369 enim
2255 4312 2594 4368 interﬁcietis
2623 4328 2715 4368 eos
2759 4312 3135 4383 corripiendo,
3194 4315 3302 4368 imo
3343 4330 3471 4369 vero

221 4414 374 4463 νεῖτε
428 4409 568 4463 αὐτὰ
616 4410 987 4472 παιδεύοντες,
1046 4408 1241 4479 μᾶλλον
1286 4408 1343 4461 δὲ
1391 4408 1593 4461 σώσετε
1642 4411 1799 4465 αὐτά·

1911 4407 2223 4473 servabitis;
2248 4406 2705 4476 quemadmodum
2755 4405 3014 4460 Salomon
3053 4406 3128 4461 ait
3156 4406 3209 4459 in
3238 4405 3470 4476 Sapien-

224 4502 417 4567 καθώς
446 4521 547 4555 που
575 4504 668 4557 καὶ
695 4504 723 4555 ὁ
751 4500 1000 4573 Σολομὼν
1035 4502 1091 4554 ἐν
1120 4503 1186 4572 τῇ
1218 4499 1388 4571 Σοφίᾳ
1415 4502 1576 4571 φησί’
1606 4522 1623 4554 ι
1662 4504 1799 4557 Παί-

303 4635 527 4691 “Prov.
566 4652 648 4699 ιιι,
683 4634 736 4690 9.
813 4634 857 4665 ⁶²
882 4634 1073 4688 Anast.
1104 4630 1370 4702 πενήτων.

1474 4632 1519 4667 ⁸³
1546 4632 1707 4691 Prov.
1751 4652 1898 4701 xxxv,
1919 4636 2005 4692 11.
2080 4633 2125 4665 ⁸⁸
2153 4632 2341 4686 Anast.
2368 4632 2612 4692 ἄκοντας.

1908 4502 1984 4555 tia
2011 4521 2024 4556 :
2057 4519 2074 4551 ι
2103 4498 2332 4568 Corripe
2362 4497 2535 4551 ﬁlium
2587 4504 2763 4560 tuum,
2788 4505 2842 4551 et
2880 4497 3122 4568 requiem
3154 4497 3303 4551 dabit
3327 4497 3420 4550 tibi
3453 4516 3467 4551 :

2727 4630 2771 4662 “
2794 4628 2955 4683 Prov.
2992 4645 3161 4694 χχιιι,
3192 4631 3277 4685 15.

1566 4744 1927 4802 VARIORUM
1968 4745 2203 4800 NOTAE.

223 4906 357 4951 suo,
390 4896 626 4941 attamen
655 4903 781 4943 vere
810 4887 1175 4941 Tertullianns
1198 4885 1334 4939 libro
1358 4885 1427 4936 De
1468 4885 1795 4950 idolotatria,

225 4977 360 5030 cap.
392 4959 427 5012 3
461 4977 474 5012 :
520 4957 679 5030 Fides
722 4958 914 5027 famem
946 4974 1055 5030 non
1082 4958 1246 5010 timet.
1278 4956 1392 5010 Scit
1420 4956 1577 5030 etiam
1607 4957 1800 5026 fantem

224 5024 339 5085 non
369 5030 541 5082 minus
579 5028 681 5081 sibi
721 5024 1145 5082 contemnendam
1174 5036 1382 5094 propter
1410 5024 1576 5078 Deum
1594 5024 1614 5091 ,⁷
1641 5042 1798 5096 quam

224 5116 387 5156 omne
436 5100 616 5151 mortis
669 5115 846 5167 genus.
905 5096 1102 5149 Didicit
1150 5113 1253 5148 non
1300 5096 1551 5165 respicere
1594 5097 1797 5150 vitam:

222 5179 433 5233 quanto
462 5169 627 5238 magis
659 5166 846 5221 uictum
871 5170 895 5222 ?
922 5167 1204 5238 Eleganter
1229 5182 1387 5238 vero,
1424 5174 1481 5217 ut
1510 5166 1713 5238 omnia,
1746 5177 1800 5221 et

224 5241 471 5311 genuine
487 5235 567 5311 ad
582 5239 776 5311 locum
802 5236 1220 5311 Aanstitutoris,
1248 5235 1798 5311 Chrysostomus__ho-

223 5305 353 5366 ῖιιὶι.
384 5310 455 5364 86
485 5309 539 5363 in
582 5307 814 5362 Matthzei
847 5306 1258 5377 Evangelium;
1277 5305 1370 5357 Οὐ
1391 5305 1631 5377 βούλεται
1661 5308 1795 5377 Χρι-

226 5381 362 5443 στὸς
406 5378 684 5449 πλεονεξίᾳ
726 5374 1084 5449 τρέφεσθαίῇᾼ
1102 5376 1175 5449 οὐ,
1206 5374 1662 5449 δέχεταιῇταύτην
1699 5374 1798 5446 τὴν

222 5437 459 5522 τραξρήν,
479 5450 567 5522 -Τέ
596 5437 683 5522 ibi,
708 5437 987 5522 Ais-ﬁmo
1013 5437 1297 5522 ὐϐῴζειςξ
1320 5444 1601 5515 ἀκάθαρτα
1620 5437 1797 5522 ’προσ-ς

223 5516 405 5589 ἀγῶν’
432 5518 611 5601 arma;
661 5518 863 5601 βέλτιον
1090 5516 1386 5601 τηκόμενον
1405 5517 1716 5601 ηπεριορᾷιν,
1765 5516 1797 5586 ἢ

222 5583 453 5661 τρέφειν
616 5583 887 5661 τοιούτων.
917 5583 1117 5661 ζεκεῖνο
1137 5583 1317 5661 ὠμού,
1340 5583 1614 5661 τοῦτοζκαὶ
1645 5583 1798 5655 ὐϐριὲ

227 5653 383 5713 στοῦ.
417 5659 627 5711 Βέλτιον
663 5659 825 5728 μηδὲν
855 5656 1056 5717 δοῦναι,
1085 5655 1117 5726 ἢ
1155 5653 1222 5728 τά
1237 5653 1407 5708 ἀλλων
1436 5653 1657 5728 ἑτέροις,
1693 5653 1797 5728 etc.

227 5730 360 5784 Non
391 5730 501 5783 vult
533 5723 772 5783 Christus
805 5728 993 5795 rapina
1023 5723 1215 5778 nutriri
1246 5739 1263 5776 :
1294 5742 1395 5777 non
1425 5723 1657 5795 admittit
1701 5723 1797 5795 liu-

222 5799 473 5865 Jusmodi
506 5800 775 5853 alimenta.
810 5794 983 5865 Quare
1016 5794 1643 5867 Dominumdconlumelia
1676 5794 1803 5864 (if/ir.-

1900 4888 1992 4950 cis,
2023 4882 2298 4941 immunda
2326 4885 2374 4937 ei
2412 4882 2638 4951 offerens
2658 4885 2683 4937 ?
2723 4879 2915 4935 Melius
2940 4889 3017 4934 est
3046 4880 3185 4948 fame
3216 4881 3470 4951 labentem

1897 4958 2178 5023 despicere,
2208 4971 2364 5025 quam
2390 4950 2470 5006 his
2502 4953 2763 5006 alimentis
2787 4960 3092 5025 _susten_tare
3122 4965 3142 5002 :
3174 4950 3340 5025 illud,
3359 4968 3470 5004 cru-

1896 5019 2027 5080 delis
2056 5019 2171 5089 est;
2200 5019 2317 5086 lioc,
2349 5024 2510 5078 etiam
2536 5021 2921 5076 contumeliosi.
2952 5019 3184 5089 Prwstat
3208 5020 3340 5074 nihil
3365 5038 3471 5075 om-

1898 5088 2192 5172 nino‘dare,
2224 5111 2380 5172 quam
2408 5110 2488 5147 res
2513 5092 2740 5172 aliorum
2763 5092 2887 5172 aliis
2911 5090 3114 5172 largiri.
3149 5088 3271 5172 sed.
3283 5091 3472 5172 mitior

1896 5167 2109 5222 exstitit
2135 5159 2404 5221 sententia
2434 5162 2652 5217 concilii
2696 5161 2752 5215 S.
2788 5159 3033 5223 Patrieii,
3065 5159 3209 5228 quod
3258 5159 3333 5212 ita
3372 5162 3469 5215 de-

1902 5237 2092 5299 crevit,
2126 5251 2249 5306 cap.
2280 5233 2652 5306 2:7llontentus
2679 5240 3045 5306 tegumento‘et
3076 5230 3331 5306 alimento
3359 5238 3467 5306 tuo.

1902 5317 2093 5361 caztera
2118 5301 2259 5359 dona
2288 5301 2869 5373 iniquorumreproba;
2908 5303 3032 5369 quia
3061 5316 3163 5353 non
3193 5301 3354 5354 sumit
3385 5304 3469 5353 lu-

1903 5394 2079 5438 cerna,
2111 5375 2215 5429 nisi
2241 5392 2342 5444 quo
2366 5372 2549 5444 alitur.
2574 5372 2711 5444 (191‘.

1986 5446 2083 5515 ξιιδ)
2136 5445 2229 5508 Ἐξ
2251 5438 2428 5509 αὐτῷ.
2457 5443 2593 5515 Lege
2616 5442 2671 5507 ἐξ
2694 5440 2879 5503 αὐτοῦ,
2911 5448 3004 5495 aut
3029 5454 3153 5493 cum
3180 5438 3471 5495 Anastasio

1902 5524 1956 5571 et
1984 5514 2186 5570 NiCone
2212 5514 2271 5578 ἐξ
2298 5514 2496 5567 αὐτῶν.
2530 5514 2665 5566 Cor.

1973 5586 2083 5655 (47)
2123 5582 2658 5655 Hpoo‘xomé'o'rtwr.
2682 5580 3068 5655 AAlte_r_habct.
3108 5578 3275 5655 (31.35.

1974 5586 2059 5655 (47
2123 5586 2658 5652 Προσκομιζόντων.
2700 5586 2849 5635 Alter
2886 5586 3068 5635 habet.
3108 5586 3275 5634 CLsn.

1974 5586 2083 5725 (48;
2118 5655 2272 5722 Πρὸς
2301 5654 2441 5725 τοὺς
2468 5651 2763 5718 εὐσεϐεῖς.
2814 5649 2957 5706 Idem
2997 5648 3148 5721 παρά
3176 5649 3284 5709 τῶν
3317 5649 3467 5705 εὐσε-

1908 5727 2036 5791 ϐῶν,
2070 5726 2285 5781 melius.
2318 5724 2394 5779 lo.
