3880 6332
399 268 529 323 ’8ἳῦ

1266 269 1323 325 S.
1366 267 1758 322 CLEMENTIS
1812 267 1833 321 Ι
1868 267 2037 322 ROM.
2074 266 2278 322 PONT.
2318 264 2546 324 OPEBA
2581 265 2808 323 DUBIA.

3565 271 3666 327 824

418 380 497 433 sic
512 378 658 432 enim
671 378 767 432 tibi
783 378 887 432 erit
900 379 1053 432 bonae
1076 380 1212 448 spei.
1228 379 1359 433 Nam
1382 388 1439 432 tu
1463 379 1680 450 quidem
1705 381 1854 449 virga
1870 396 1993 449 per—

2096 381 2209 435 δευε
2240 382 2351 435 υἱόν
2384 399 2498 444 σου,
2518 381 2611 435 καὶ
2640 380 2942 434 ἀναπαύσει
2977 397 3057 435 σε’
3090 382 3232 435 οὑτω
3262 383 3370 454 γάρ
3399 382 3553 437 ἔσται
3584 402 3666 438 σοι

332 500 335 501 ν
415 470 589 526 euties
616 486 738 525 eum
760 489 774 537 ;
800 470 1040 524 animum
1063 478 1245 525 autem
1274 472 1392 540 ejus
1422 488 1453 527 e
1484 479 1661 526 morte
1687 478 1849 527 crues
1862 472 1929 526 “.
1959 492 1978 524 ι

418 560 484 615 Et
530 563 726 617 iterum
782 562 923 618 idem
971 563 1077 617 hoc
1128 564 1288 619 modo
1345 564 1622 634 loquitur:
1661 583 1679 614 ι
1708 562 1812 629 Qui
1858 580 1986 634 par-

417 655 490 708 cit
513 655 706 709 baculo
757 671 882 719 suo,
915 655 1031 709 odit
1082 656 1251 711 ﬁlium
1312 673 1471 711 suum
1524 657 1623 713 ⁸⁷.»
1670 657 1737 711 Et
1764 656 1980 712 adhuc:

419 743 644 802 ('l‘unde
673 749 845 802 latera
869 750 1011 818 ejus,
1038 750 1165 803 dum
1207 749 1389 804 infans
1412 757 1531 815 est,
1558 764 1630 804 ne
1653 749 1790 803 forte
1824 749 1986 803 indu-

416 847 566 894 ratus
596 856 705 896 non
748 840 935 895 credat
975 842 1072 895 tibi
1127 842 1226 895 ⁵⁸.»
1264 840 1366 908 Qui
1421 856 1552 912 ergo
1598 840 1891 896 admonere
1933 848 1988 895 et

413 933 686 1004 castigare
739 932 906 987 ﬁlium
956 950 1115 987 suum
1161 934 1386 997 desinit,
1412 935 1689 1004 propriam
1742 934 1985 988 sobolem

413 1024 541 1079 odio
585 1026 765 1081 habet.
813 1026 993 1092 Quare
1052 1027 1189 1082 ﬁlios
1231 1035 1442 1081 vestros
1492 1026 1720 1082 edocete
1761 1026 1983 1081 verbum

417 1116 666 1185 Domini;
702 1120 830 1188 quin
868 1126 921 1173 et
951 1119 1274 1174 verberibus
1329 1119 1701 1188 comprimite,
1765 1134 1829 1172 ac
1860 1119 1989 1173 obe-

414 1210 628 1265 clientes
654 1211 1041 1281 subjectosque
1070 1210 1317 1265 reddite:
1340 1211 1406 1263 ab
1431 1210 1654 1264 infantia
1684 1211 1873 1264 docete
1895 1226 1988 1265 eos

416 1304 628 1359 litteras
660 1319 869 1367 sacras,
904 1320 999 1358 seu
1049 1316 1261 1358 vestras
1300 1319 1364 1358 ac
1422 1303 1657 1368 divinas,
1689 1312 1743 1358 et
1772 1318 1987 1357 onmem

415 1394 655 1449 divinam
688 1394 1028 1463 Scripturam
1062 1395 1296 1459 tradite;
1351 1411 1453 1450 nec
1493 1396 1635 1451 detis
1683 1396 1792 1449 illis
1820 1395 1990 1449 licen-

416 1491 567 1552 tiam,
604 1505 710 1559 qua
743 1498 935 1543 contra
991 1500 1228 1544 vestram
1289 1490 1620 1543 voluntatem
1673 1489 1777 1542 sibi
1810 1488 1864 1541 in
1892 1502 1991 1542 vos

417 1588 739 1650 potestatem
773 1589 1053 1651 arrogent.
1085 1578 1162 1635 Ne
1215 1582 1544 1651 permittatis
1575 1582 1655 1635 eis
1680 1588 1738 1634 ut
1774 1580 1993 1651 symbo-

418 1675 527 1727 lum
568 1673 697 1727 dent
724 1673 790 1727 ad
838 1674 1238 1729 convivandum
1289 1689 1412 1727 cum
1463 1674 1766 1743 aequalibus
1793 1673 1990 1739 “;sic

2086 473 2321 537 εὔελπις.
2364 475 2436 527 Σὺ
2488 474 2586 544 μὲν
2614 473 2724 543 γὰρ
2766 473 2945 545 ῥάϐδῳ
2972 474 3231 540 πατάξεις
3275 476 3463 537 αὑτὸν,
3492 478 3591 547 τὴν
3614 477 3668 530 δὲ

2086 565 2261 636 ψυχὴν
2302 564 2466 618 αὑτοῦ
2500 566 2635 636 ῥύσῃ
2666 567 2731 618 ὲκ
2777 566 3061 618 θανάτου.)
3112 568 3222 621 Kal
3260 568 3422 621 πάλιν
3470 568 3670 637 λέγειὸ

2088 656 2246 719 αὑτὸς
2267 656 2581 727 οὖτως(49)·
2605 677 2621 707 ι
2640 659 2735 720 Ὃς
2757 657 2996 725 φείδεται
3015 658 3112 729 τῆς
3133 659 3325 712 ἑαυτοῦ
3350 660 3671 732 βακτηρίας,

2092 752 2237 819 μισεῖ
2262 750 2351 801 τὸν
2373 750 2564 802 ἑαυτοῦ
2596 750 2763 802 υἱόν.)
2799 751 2907 802 Kal
2936 750 3064 821 ἑξῆς
3092 751 3203 822 (50)
3231 770 3244 782 ·
3282 772 3301 803 ι
3331 752 3549 805 Κλάσον
3574 752 3672 815 τάς

2090 841 2531 913 πλευράςαὺτοῦ,
2562 842 2666 904 ἓως
2686 842 2803 895 ἐστὶ
2831 844 3022 914 νήπιος
3042 886 3056 909 ,
3084 846 3292 915 μήποτε
3320 844 3454 915 σκλη
3465 844 3675 915 ρυνθεὶς

2088 934 2357 1005 ἀπειθήσῃ
2389 950 2526 986 σοι.»
2570 935 2666 997 Ὃς
2698 934 2937 1004 φείδεται
2976 932 3070 988 οὖν
3106 939 3388 1007 παραινεῖν
3438 937 3532 988 καὶ
3560 953 3673 988 σω-

2090 1026 2360 1096 φρονίςειν
2404 1026 2495 1078 τὸν
2549 1024 2741 1078 ἑαυτοῦ
2800 1026 2944 1090 υἱὸν,
2991 1030 3137 1097 μισεῖ
3180 1028 3274 1079 τὸν
3323 1027 3456 1080 ἴδιον
3484 1026 3643 1079 παῖδα

2104 1118 2474 1171 Ἐκδιδάσκετε
2502 1113 2595 1171 οὑν
2624 1117 2778 1188 ὑμῶν
2806 1118 2876 1170 τὰ
2902 1118 3068 1172 τέκνα
3092 1119 3184 1171 τὸν
3226 1118 3385 1187 λόγον
3416 1118 3619 1189 Κυρίου
3646 1136 3665 1149 ·

2092 1209 2318 1278 στύῳετε
2349 1209 2405 1263 δὲ
2442 1211 2580 1263 αὑτά
2609 1210 2702 1262 καὶ
2729 1210 2955 1281 δαρμοίς
2978 1210 3214 1281 (51).κά
3242 1214 3445 1263 ποιεῖτε
3474 1211 3676 1262 ὑποτα-

2092 1302 2289 1354 κτικά·
2322 1302 2429 1354 ἀπὸ
2478 1301 2711 1373 βρέφους
2765 1301 3109 1365 διδάσκοντες
3155 1302 3295 1354 αὑτά
3329 1301 3447 1372 ἱερά
3491 1303 3675 1373 γράμ-

2096 1412 2260 1464 ματα,
2288 1395 2526 1466 ὑμέτερά
2562 1395 2673 1466 (52)
2707 1410 2766 1447 τε
2795 1396 2889 1448 κα)⁵
2917 1395 3055 1457 θεῖα,
3084 1395 3179 1447 καὶ
3225 1395 3404 1447 πᾶσαν
3450 1395 3675 1465 Γραςὴν

2091 1489 2239 1542 θείαν
2269 1488 2651 1558 παραδιδόντες
2700 1488 2810 1558 (5⁸5)
2837 1505 2849 1518 ·
2894 1488 2967 1558 μὴ
2998 1487 3230 1551 διδόντες
3256 1488 3438 1542 ἄνεσιν
3467 1489 3673 1550 αὑτοῖς,

2092 1580 2526 1647 κατεξουσιάζειν
2584 1580 2735 1651 ὑμῶν
2767 1579 2917 1650 παρά
2944 1581 3041 1650 τὴν
3088 1580 3360 1651 ὑμετέραν
3408 1578 3670 1649 γνώμην·

2097 1672 2233 1743 μετά
2259 1672 2533 1743 ὁμηλίκων
2562 1674 2640 1736 είς
2672 1673 2972 1743 συμπόσιον
3008 1673 3082 1743 μὴ
3135 1673 3331 1736 ἐῶντες
3365 1674 3506 1726 αὑτά
3536 1692 3672 1744 συμ-

414 1766 559 1819 enim
596 1764 662 1818 ad
693 1765 1045 1834 petulantiam
1077 1765 1386 1829 deﬁectent,
1417 1771 1471 1819 et
1511 1739 1567 1819 in
1598 1765 1985 1820 scortationem

2096 1766 2323 1821 ϐάλλεινι
2355 1766 2498 1819 οὑτω
2548 1766 2656 1836 γὰρ
2688 1768 2767 1828 εἰς
2796 1764 3022 1832 ἀταξίαν
3069 1765 3529 1836 ἐκτραπήσονται,
3579 1766 3670 1817 καὶ

416 1858 677 1913 incident.
708 1858 766 1911 ιιι
799 1874 961 1928 porro
988 1860 1030 1913 si
1053 1858 1132 1913 eis
1160 1859 1228 1913 ob
1253 1866 1540 1928 parentum
1598 1859 1866 1913 incuriam
1891 1859 1989 1912 ob—

414 1951 915 2021 tigerit,genitores
966 1952 1044 2006 rei
1088 1959 1250 2006 erunt
1280 1951 1347 2006 de
1399 1953 1687 2005 animabus
1746 1951 1984 2005 illorum.

413 2040 547 2096 Nam
598 2044 643 2097 si
697 2042 949 2097 socordia
1000 2052 1289 2113 parentum
1340 2051 1714 2098 consuescunt
1746 2057 1868 2097 cum
1905 2042 1986 2097 in-

413 2137 699 2207 castigatis
730 2153 825 2191 seu
863 2136 1375 2206 intemperantibus,
1410 2152 1519 2190 non
1571 2135 1673 2190 soli
1725 2134 1818 2205 qui
1853 2134 1991 2189 deli-

414 2240 649 2302 querunt
708 2231 801 2284 ﬁlii
850 2231 1265 2300 castigabuntur
1321 2246 1384 2283 ac
1431 2230 1750 2300 punientur,
1800 2228 1893 2284 sed
1936 2236 1990 2283 et

415 2326 653 2393 ipt'orum
687 2338 852 2377 causa
914 2329 1167 2392 parentes
1210 2320 1744 2377 condemnahuntur.
1771 2316 1815 2348 ’°
1851 2320 1992 2386 Quo-

414 2419 559 2470 circa
592 2430 813 2485 operam
861 2414 1021 2478 date,
1072 2422 1131 2468 ut
1162 2429 1285 2468 cum
1334 2408 1400 2467 ad
1457 2420 1674 2483 tempus
1735 2412 1991 2482 conjugio

415 2516 597 2578 aptum
637 2508 1004 2577 pervenerint,
1034 2522 1130 2561 eos
1168 2506 1517 2559 matrimonio
1538 2503 1781 2576 jungatis
1811 2521 1875 2559 ac
1897 2520 1991 2559 co-

415 2601 639 2670 pulctis;
675 2614 743 2653 ne
773 2600 914 2653 inter
955 2605 1170 2653 aetatem
1229 2597 1284 2651 in
1315 2595 1446 2651 ﬁore
1500 2613 1600 2652 suo
1663 2596 1986 2659 ferventem,

417 2706 596 2746 mores
637 2698 1005 2747 scortatorum
1042 2689 1396 2753 contrahant,
1442 2698 1498 2744 et
1526 2704 1623 2744 vos
1652 2688 1706 2743 in
1732 2688 1820 2743 die
1844 2688 1991 2759 judi-

415 2785 483 2838 cii
516 2784 783 2840 rationem
816 2799 846 2837 a
874 2779 1105 2837 Domino
1135 2781 1247 2836 Deo
1275 2780 1663 2852 reposcamini.

1000 2895 1229 2951 CAPUT
1263 2894 1379 2949 ΧΠ.

874 2990 946 3045 De
965 2990 1180 3059 famulis
1202 3000 1249 3043 et
1281 2990 1529 3046 dominis.

2090 1864 2169 1925 εἰς
2188 1859 2443 1932 πορνείαν
2474 1858 2915 1929 περιπεσοῦνται.
2966 1857 3076 1910 Kal
3116 1854 3209 1909 ἐὰν
3254 1856 3408 1927 παρά
3441 1857 3542 1927 τὴν
3570 1858 3674 1909 τῶν

2087 1953 2287 2021 γονέων
2332 1950 2587 2022 ἀμέλειαν
2632 1950 2789 2002 τοῦτο
2820 1948 3063 2002 πάθωσιν
3084 1987 3099 2011 ,
3133 1947 3306 2019 ἔνοχοι
3334 1946 3445 2000 τῶν
3491 1948 3671 2018 ψυχῶν

2088 2045 2267 2099 αὑτῶν
2294 2046 2344 2097 οἱ
2391 2044 2749 2113 γεννήσαντες
2796 2040 3147 2112 ὑπάρξουσιν.
3198 2041 3261 2093 Εἰ
3316 2039 3426 2112 γὰρ
3474 2042 3541 2110 τῇ
3569 2039 3673 2092 τῶν

2088 2138 2422 2207 γειναμένων
2483 2135 2593 2206 (54)
2651 2133 2891 2206 ῥᾳθυμίᾳ
2950 2133 3186 2186 σύνεισιν
3240 2130 3671 2194 ἀκολάστοις,οξ

2091 2230 2278 2292 παῖδες
2306 2230 2721 2298 ἀμαρτὴσαντες
2740 2228 2839 2279 οὑκ
2870 2225 3022 2278 αὑτοὶ
3046 2225 3196 2296 μόνοι
3224 2223 3670 2295 κολασθήσονται,

2091 2321 2223 2374 ἀλλὰ
2253 2322 2345 2374 καὶ
2389 2318 2529 2391 ὑπὲρ
2559 2319 2737 2371 αὑτῶν
2782 2318 2831 2370 οἱ
2861 2320 3040 2386 γονεῖς
3067 2316 3244 2370 αὑτῶν
3300 2315 3669 2387 κριθήσονται.

2092 2412 2187 2465 Διά
2210 2410 2366 2463 τοῦτο
2387 2409 2713 2474 σπουδάζετε
2735 2408 2852 2479 ὥρᾳ
2870 2408 3047 2480 γάμου
3073 2407 3357 2477 ζευγνύναι
3380 2408 3475 2460 καὶ
3490 2406 3670 2459 συναλ-

2092 2504 2308 2557 λάσσειν
2330 2502 2489 2564 αὑτὰ,
2508 2502 2593 2554 ἵνα
2626 2501 2700 2574 μὴ
2732 2502 2833 2571 τῆς
2860 2498 3076 2572 ἡλικίας
3096 2503 3153 2553 ὲν
3164 2504 3230 2571 τῇ
3252 2501 3406 2571 ἀκμῇ
3422 2500 3670 2571 ζεοὺσης,

2093 2596 2186 2666 ἔθη
2217 2595 2527 2666 πορνοκόπα
2698 2594 2898 2662 ἀποϐῆ,
2922 2593 3017 2646 καὶ
3045 2593 3201 2663 ὑμεῖς
3232 2590 3669 2662 άπαιτηθήσεσθε

2091 2688 2180 2741 τὸν
2208 2686 2361 2757 λόγον
2391 2688 2449 2740 ὲν
2476 2690 2542 2757 τῇ
2574 2686 2756 2757 ἡμέρᾳ
2806 2684 2907 2756 τῆς
2935 2682 3171 2759 κρίσεως
3202 2683 3305 2736 ὑπὸ
3343 2682 3555 2754 Κυρίου
3584 2680 3669 2734 τοῦ

2091 2780 2247 2833 Θεοῦ.

2606 2891 3001 2945 ΚΕΦΑΛΑῙΟΝ
3032 2891 3132 2943 IB'.

2435 2986 2573 3054 Περὶ
2598 2984 2842 3039 οἰκετῶν
2871 2983 2968 3037 καὶ
2997 2981 3327 3037 δεσποτῶν.

492 3085 564 3142 De
593 3084 811 3139 famulis
845 3100 974 3139 vero
1005 3083 1135 3153 quid
1166 3083 1401 3152 amplius
1444 3081 1712 3145 dicamus,
1742 3095 1903 3148 quam
1930 3085 1987 3131 ut

2160 3079 2294 3151 Περὶ
2320 3078 2378 3132 δὲ
2404 3077 2628 3131 οἰκετῶν
2658 3076 2709 3129 τί
2740 3076 2804 3130 ἂν
2834 3075 3082 3146 εἴποιμεν
3140 3075 3344 3137 πλεῖον,
3407 3074 3441 3143 ἦ
3475 3075 3557 3125 ὅτι
3586 3072 3668 3124 καί.

417 3190 630 3239 servus,
664 3191 787 3230 cum
818 3176 1015 3229 timore
1040 3173 1135 3228 Dei
1166 3174 1232 3237 7‘,
1279 3174 1562 3228 dominum
1612 3170 1985 3227 benevolentia

417 3270 845 3339 complectatur,
889 3269 1140 3337 quamvis
1188 3266 1439 3335 impium,
1465 3262 1717 3335 quamvis
1753 3262 1987 3318 scelera-

419 3371 562 3426 tum;
594 3367 917 3413 nontamen
950 3373 1074 3412 cum
1126 3372 1191 3411 eo
1248 3357 1303 3410 in
1346 3356 1609 3427 religione
1656 3353 1983 3408 consentiat.

420 3453 548 3507 item
573 3450 827 3505 dominus
858 3449 1120 3504 famulum
1151 3450 1376 3520 diligat;
1429 3458 1483 3504 et
1517 3446 1767 3519 quamvis
1815 3444 1990 3513 major

419 3545 511 3607 sit,
545 3559 603 3597 se
623 3549 805 3596 tamen
836 3542 1097 3611 mqualem
1125 3541 1353 3609 jndicet,
1388 3541 1472 3596 vel
1525 3548 1796 3611 quatenus
1827 3537 1989 3591 homo

417 3644 520 3690 est.
552 3634 655 3701 Qui
686 3643 865 3687 autem
896 3634 1179 3689 dominum
1212 3634 1375 3688 habet
1406 3632 1639 3693 ﬁdelem,
1664 3631 1815 3686 salvo
1840 3629 1989 3683 illius

418 3728 720 3786 dominatu.
745 3742 869 3781 eum
908 3733 1075 3789 amet,
1108 3734 1250 3780 etut
1294 3726 1598 3789 dominum,
1640 3732 1694 3778 et
1748 3730 1806 3776 ut
1864 3720 1987 3775 ﬁdei

419 3826 751 3882 consortem,
783 3825 837 3873 et
895 3825 954 3870 ut
998 3825 1204 3887 patrem
1227 3819 1308 3884 ης
1353 3833 1459 3871 non
1491 3826 1748 3887 tanquam
1796 3829 1987 3870 servus

419 3912 673 3965 simulate
703 3918 757 3964 et
811 3910 880 3963 ad
927 3911 1145 3965 oculqu
1198 3910 1534 3973 serviens”,
1584 3908 1680 3965 sed
1726 3916 1984 3977 tanquam

420 4003 623 4057 domini
672 4016 884 4064 amans,
936 4002 1116 4057 sciens
1173 4001 1343 4056 Deum
1385 4002 1437 4057 ei
1489 4002 1984 4055 remunerationem

420 4096 713 4150 famulatus
735 4096 1163 4166 persoluturum.
1199 4094 1461 4149 Similiter
1497 4094 1751 4149 dominus
1782 4094 1875 4163 qui
1904 4092 1985 4145 fa-

421 4189 626 4245 mulum
667 4188 911 4258 possidet
940 4188 1172 4249 ﬁdelem,
1220 4188 1371 4241 salvo
1395 4187 1541 4242 illius
1594 4185 1984 4251 famulatu,di-

2093 3173 2122 3225 ὁ
2149 3171 2333 3235 δοῦλος
2363 3169 2573 3223 εὔνοιαν
2631 3169 2930 3240 εἰσφερὲτω
2959 3168 3095 3239 πρὸς
3124 3166 3234 3237 (56)
3264 3167 3354 3220 τὸν
3382 3166 3669 3236 δεσπότην,

2096 3264 2233 3336 μετὰ
2262 3263 2425 3333 φόϐου
2453 3262 2610 3325 Θεοῦ,
2642 3261 2743 3315 κᾶν
2772 3260 2994 3332 ἀσεϐὴς,
3023 3261 3125 3314 κᾶν
3154 3260 3391 3331 πονηρὸς
3411 3259 3632 3331 ὑπάρχῃ
3652 3274 3666 3287 ·

2090 3356 2275 3411 οὑκέτι
2344 3355 2527 3426 μέντοι
2584 3354 2678 3407 καὶ
2724 3354 2974 3423 ὁμόνοιαν
3020 3351 3159 3405 κατά
3194 3353 3292 3423 τὴν
3336 3351 3666 3422 θρησκείαν·

2091 3452 2184 3503 καὶ
2202 3452 2230 3502 ὁ
2258 3449 2523 3520 δεσπότης
2548 3447 2817 3517 ἀγαπάτω
2859 3446 2951 3499 τὸν
2982 3446 3198 3515 οἰκέτην
3220 3462 3235 3475 ·
3275 3444 3378 3497 κᾶν
3418 3444 3668 3515 διάφορος

2088 3538 2144 3615 ᾗ,
2177 3541 2238 3595 τδ
2269 3540 2383 3594 ἴσον
2410 3540 2664 3610 κρινέτω.
2695 3540 2729 3611 ἢ
2760 3539 2894 3593 καθὸ
2925 3539 3037 3609 (57)
3085 3539 3369 3608 ἄνθρωπος
3404 3536 3663 3607 ὑπάρχει*

2088 3635 2116 3685 ὁ
2146 3634 2202 3687 δὲ
2249 3632 2438 3686 πιστδν
2485 3633 2623 3703 ἔχων
2662 3632 2949 3703 δεσπότην,
3007 3629 3320 3702 σωζομένης
3368 3630 3521 3699 αὑτῷ
3572 3628 3666 3698 τῆς

2090 3725 2304 3797 κυρίας,
2334 3725 2624 3793 ἀγαπάτω,
2658 3725 2753 3777 καὶ
2786 3724 2863 3788 ὡς
2907 3723 3194 3794 δεσπότην,
3229 3722 3324 3776 καὶ
3351 3722 3429 3785 ὡς
3473 3722 3666 3793 ὁμόπι-

2092 3836 2235 3881 στον,
2292 3818 2387 3871 καὶ
2415 3818 2490 3881 ὡς
2537 3816 2781 3887 πατέρα’
2834 3811 2907 3887 μὴ
2954 3816 3031 3879 ὡς
3074 3812 3529 3885 ὀφθαλμὸδουλος,
3560 3812 3666 3865 ἀλλ’

2091 3910 2167 3973 ὡς
2197 3908 2594 3979 φιλοδέσποτος,
2627 3908 2800 3971 εἰδὼς,
2831 3909 2912 3961 ὅτι
2940 3908 2969 3959 ὁ
2999 3907 3131 3970 Θεὸς
3161 3905 3312 3976 αὑτῷ
3336 3907 3438 3977 τὴν
3474 3905 3665 3976 μισθα-

2091 4002 2344 4056 ποδοσίαν
2371 4002 2617 4055 ἀποτίσει
2674 4001 2776 4071 τῆς
2830 3998 3152 4071 ὑπηρεσίας.
3198 3998 3476 4061 Ὡσαύτως
3524 3999 3663 4051 καὶό

2090 4095 2279 4166 κύριος
2308 4096 2337 4148 ὁ
2366 4092 2558 4147 πιστὸν
2589 4093 2726 4162 ἔχων
2754 4093 2991 4163 οἰκέτην,
3047 4091 3362 4162 σωζομένης
3388 4090 3541 4161 αὑτῷ
3567 4088 3661 4157 τῆς

2091 4187 2407 4258 θεραπείας,
2437 4185 2703 4255 ἀγαπάτω
2731 4167 2806 4247 ὧς
2835 4184 2971 4249 υἱὸν,
3002 4183 3035 4255 ἢ
3072 4183 3149 4247 ὡς
3176 4182 3425 4252 ἀδελφὸν,
3454 4182 3544 4236 aut
3569 4180 3657 4251 τὴν

423 4283 546 4352 ligat
576 4298 698 4337 eum
731 4282 880 4336 velut
926 4282 1118 4344 ﬁlium,
1169 4288 1263 4333 aut
1302 4280 1447 4334 velut
1489 4279 1734 4343 fratrem,
1766 4286 1987 4348 propter

2096 4281 2187 4349 τῆς
2212 4280 2445 4342 πίστεως
2473 4277 2777 4333 κοινωνίαν.

425 4376 545 4431 ﬁdei
575 4375 936 4430 consortium.

491 4532 535 4562 “
566 4532 727 4586 Prov.
762 4550 911 4592 xm,
944 4533 1098 4585 l7.ct
1144 4548 1256 4593 XIX,
1297 4533 1389 4593 18;
1421 4539 1471 4583 et
1509 4547 1664 4590 xxiii.
1696 4531 1778 4584 Η.
1855 4531 1897 4561 ⁸⁷
1929 4529 2088 4585 Prov.
2122 4547 2242 4595 xnt,
2267 4531 2356 4585 Ἡ.
2436 4530 2483 4563 ⁸⁸
2521 4530 2686 4584 Eccli.
2738 4545 2868 4584 xxx.
2926 4527 3010 4580 19..

420 4601 467 4633 ’°
498 4603 603 4663 CL,
629 4604 791 4672 epist.
819 4606 884 4658 ad
906 4603 1161 4658 .lacob.c.
1192 4602 1241 4656 7.
1318 4604 1360 4633 ⁷⁸
1391 4602 1589 4670 Ephes.
1614 4618 1689 4664 vt,
1713 4602 1774 4667 5;
1801 4600 1816 4652 l
1843 4600 1958 4655 Pet.
1993 4617 2055 4665 ιι,
2095 4604 2177 4657 l8.

419 4672 537 4727 Col.
571 4688 654 4738 ιιι,
686 4673 755 4729 9.9.

3118 4527 3162 4559 δ’
3185 4526 3349 4579 Prov.
3378 4539 3535 4584 xxut,
3562 4526 3641 4574 20.

2282 4603 2328 4632 ⁷³
2352 4600 2470 4656 Col.
2504 4618 2577 4665 tv,
2609 4601 2668 4667 ι,
2723 4597 2907 4653 lTim.
2932 4613 3005 4663 γι,
3026 4598 3080 4651 9..
3192 4597 3239 4628 ⁷³
3266 4596 3464 4666 Ephes.
3498 4591 3642 4647 v1.6.

1741 4843 2103 4899 VARIORUM
2138 4841 2369 4899 NOTAE.

499 5007 605 5077 (ιο)
637 5007 853 5072 Οὕτως.
910 5006 1069 5060 Deest
1120 5005 1175 5060 in
1206 5006 1397 5067 altero,
1446 5017 1543 5056 nec
1585 5018 1717 5056 sane
1747 5018 1813 5056 eo
1841 5017 1979 5070 opus

869 5149 1018 5222 Alias
1043 5168 1055 5203 :
1080 5150 1255 5222 Heilm
1278 5147 1441 5222 σοφός
1468 5162 1548 5222 τις
1580 5145 1787 5217 ἕτερος,
1820 5156 1999 5222 recte;

418 5214 543 5277 nain
586 5214 959 5275 Ecclesiastici
1009 5232 1199 5274 auctor
1244 5218 1332 5273 hic
1358 5214 1816 5279 laudatur,'non
1847 5214 2003 5270 Salo-

417 5290 909 5445 ”??gifggtpyoic.
938 5361 1022 5413 Al.
1064 5359 1355 5445 :j'ck'qygic
1398 5360 1493 5412 καὶ
1550 5355 2001 5445 δαρμρῖς.Ρῌθξῖο

417 5427 621 5488 εΙιίιιε’;
660 5427 1029 5555 Σπὰρίάγμασι
1051 5447 1064 5461 ’
1098 5427 1337 5502 ξεσμοῖς,
1366 5427 1668 5502 ταραχαῖς,
1688 5427 2000 5491 ἀποϐολαῖς,

417 5506 665 5555 δαοιιοῖε.
688 5502 747 5555 S.
835 5504 1072 5555 aximus.
1100 5503 1359 5555 (ienturia
1389 5502 1444 5555 4.
1473 5500 1547 5553 De
1565 5500 1844 5555 charitate.
1878 5514 2000 5555 cat).

415 5506 665 5577 δαρμοῖς.
780 5500 1081 5577 Μιικιιηυε,
1100 5500 1359 5577 (lenturia
1389 5500 1451 5566 4,
1467 5500 1547 5577 _l)e
1565 5500 1844 5577 Chal-itote,
1878 5514 2001 5577 cap.

416 5565 535 5629 81’;’
554 5565 638 5629 Τά
666 5574 766 5646 τὴν
783 5573 1004 5646 ἀγάπην
1023 5572 1239 5646 λὺοντα,
1263 5572 1369 5646 εἰσὶ
1391 5570 1565 5646 ταῦτα
1588 5588 1601 5601 ο
1626 5565 1764 5646 ρξον,
1786 5565 2001 5646 ἀτιμία,

417 5646 608 5714 ζημία,
651 5640 1005 5715 συκοφαντία,
1040 5644 1072 5715 ἢ
1108 5647 1189 5715 εἰς
1222 5644 1423 5707 πίστιν,
1450 5644 1481 5713 ἢ
1518 5646 1596 5706 εἰς
1623 5641 1754 5711 βίον,
1782 5640 2002 5713 δαρμοῖ,

420 5717 646 5787 πληγαὶ,
682 5716 774 5769 καὶ
804 5716 870 5768 τά
901 5714 1219 5785 emptu.

2160 5003 2271 5143 (Ξῇὶ)
2299 5003 2592 5072 Ὑμέτερα.
2623 5006 2773 5060 Alter
2787 5006 2913 5074 legit
2933 5004 3127 5059 melius
3150 5005 3448 5076 ἡμετέρας.
3485 5005 3640 5059 Ctsa.

2160 5073 2248 5142 (55
2303 5075 2757 5142 Παραδιδόντες.
2809 5073 2953 5128 Idem
3008 5074 3161 5129 addit
3190 5094 3203 5129 :
3263 5075 3603 5128 θεόπνευστον
3624 5088 3639 5104 ·

2157 5073 2269 5142 (55)
2303 5075 2757 5142 Παραδιδόντες.
2809 5073 2953 5128 Idem
3008 5073 3203 5129 additi
3263 5073 3639 5128 θεόπνευστον·

2086 5144 2266 5216 ἄνεσιν
2296 5146 2477 5208 αὐτοῖς
2506 5146 2578 5216 μὴ
2608 5146 2857 5216 διδόντες.
2890 5143 2967 5200 lo.

2182 5214 2268 5281 54)
2300 5214 2684 5283 Ιέιναμένων.
2718 5214 2861 5269 Idem
2893 5216 3053 5269 habet
3087 5216 3303 5282 γονέων.
3336 5214 3412 5271 lu.

2184 5284 2271 5351 55)
2290 5285 2805 5356 ΠορνοκόίζαΒιιιὫ
2821 5300 2959 5356 vox,
2976 5301 3097 5356 qua:
3115 5295 3298 5340 tamen
3332 5287 3472 5356 apud
3484 5285 3635 5352 Hesyo

2089 5354 2271 5425 chium
2323 5362 2518 5425 exstat.
2570 5354 2676 5407 Pro
2713 5354 2939 5425 ςεοὺσης
2996 5354 3157 5410 habet
3212 5357 3348 5411 alter
3370 5354 3497 5410 cod.
3525 5368 3627 5425 νεα·

2092 5423 2310 5493 ζούσης,
2367 5424 2511 5493 quod
2569 5427 2836 5491 glossema
2889 5423 3134 5489 redolet;
3180 5434 3235 5479 et
3286 5444 3387 5499 pro
3416 5424 3632 5491 E911th

2092 5494 2253 5545 verba
2288 5493 2411 5548 ἔθνη
2442 5494 2577 5547 αὑτά
2612 5496 2729 5548 μέν.
2764 5496 2945 5548 minus
2980 5503 3142 5548 recte.
3176 5496 3252 5548 lo.

2165 5511 2253 5545 rna
2288 5511 2412 5563 εονη
2442 5511 2577 5547 αυτα
2612 5511 2729 5565 μεν,
2764 5511 2945 5550 nunus
2980 5511 3142 5551 recte.
3176 5511 3252 5551 ID.

2165 5562 2274 5629 (56)
2308 5566 2477 5630 Πρός.
2514 5567 2604 5627 Εἰς
2636 5566 2687 5618 in
2718 5565 2888 5619 altero
2915 5580 3018 5621 ms.
3048 5567 3123 5619 lo.

2165 5632 2277 5699 (57)
2321 5635 2398 5705 Ἦ
2423 5636 2585 5687 καθά.
2621 5634 2718 5690 Ms.
2764 5636 2899 5691 alter
2930 5631 2986 5705 ᾖ.
3019 5638 3197 5692 deleto
3248 5637 3399 5690 καθὸ.
3434 5635 3621 5690 Altera.

2095 5712 2235 5756 trum
2269 5704 2483 5761 suﬁicit.
2522 5705 2596 5758 la.
