3880 6332
122 330 227 386 8ῗῦ

650 442 1040 500 ΚΕΦΑΛᾹῙΟΝ
1072 447 1169 500 ΙΓ¹.

133 541 235 594 Ἑν
291 543 454 593 τισιν
507 538 964 661 ὐποτὰσιὲεσθαι
1033 538 1147 607 χρὴ
1200 536 1321 604 τοῖς
1384 540 1693 608 κοσμικοῖς

790 626 1061 661 ογουσιν.

783 626 1061 677 ρχουσιν.

188 712 345 782 Πάσῃ
404 710 647 781 βασιλείᾳ
693 709 787 763 καὶ
836 710 978 782 ἀρχῇ
1035 709 1339 780 ὑποτάγητε
1388 706 1550 773 ὲνοῗς
1581 710 1691 782 (58)

115 806 344 875 ἀρέσκει
371 802 509 873 Θεῷ,
559 803 635 865 ὠς
663 801 796 855 Θεοῦ
850 802 1145 865 διακόνοις,
1198 802 1435 855 καὶτῶν
1481 802 1692 856 ἀσεϐῶν

112 899 383 967 τιμωροῖς
405 913 418 926 ·
454 895 630 948 πάντα
659 894 819 963 φόϐον
858 895 947 947 τὸν
975 895 1318 965 ὀφειλόμενον
1346 897 1529 959 αὐτοῖς
1558 897 1693 948 ἀπο-

114 989 467 1060 πληρώσατε,
492 990 668 1041 πᾶσαν
690 988 966 1059 εἰσφορὰν,
989 990 1096 1041 πᾶν
1126 988 1298 1051 τέλος,
1312 991 1490 1043 πᾶσαν
1506 989 1690 1059 τιμὴν,

112 1081 286 1143 δόσιν,
317 1081 533 1150 κῆνσον.
592 1080 725 1133 Θεοῦ
754 1080 861 1151 γὰρ
888 1080 1045 1133 τοῦτο
1097 1080 1386 1151 διάταγμα,
1424 1081 1607 1152 μηδενί
1641 1099 1692 1135 τι

114 1176 445 1241 χρεωστεῖν,
487 1174 535 1225 εἰ
584 1174 656 1243 μὴ
686 1172 745 1225 τὸ
774 1173 874 1241 τῆς
903 1172 1083 1241 φιλίας
1130 1172 1393 1244 σύμϐολον
1439 1173 1579 1243 (59),
1610 1172 1639 1225 ὃ
1664 1173 1695 1225 ὁ

113 1264 249 1328 Θεὸς
279 1263 559 1329 διετάξατο
587 1262 675 1316 διὰ
703 1263 958 1335 Χριστοῦ.

577 1364 1041 1418 ΚΕΦΑΛΑΙΟΝ
1086 1368 1188 1416 IA'.

644 1456 781 1525 Περὶ
810 1456 1132 1525 παρθένων.

183 1549 329 1620 Περὶ
356 1549 414 1601 δὲ
442 1549 734 1621 παρθενίας
793 1548 1011 1620 ἐντολὴν
1064 1550 1164 1602 οὐκ
1217 1548 1511 1618 ἐλάϐομεν,
1541 1552 1607 1620 τῇ
1636 1549 1693 1602 δὲ

113 1643 228 1696 τῶν
285 1642 625 1713 βουλομένων
679 1641 893 1713 ἐξουσίᾳ
945 1641 1104 1694 τοῦτο
1157 1642 1561 1714 ἐπιτρέπομεν,
1617 1642 1694 1706 ὼς

114 1736 285 1807 εὐχήν
313 1754 326 1765 ·
358 1737 531 1789 ὲκεῖνο
564 1736 661 1807 μὲν
688 1733 780 1788 οὖν
828 1734 938 1805 (60)
968 1735 1150 1797 αὐτοῖς
1178 1734 1586 1805 παραινοῦντες,
1618 1734 1690 1805 μὴ

114 1829 430 1899 προχείρως
475 1846 527 1881 τι
586 1828 1047 1897 ἐπαγγείλασθαι·
1087 1828 1316 1899 ἐπείπερ
1360 1829 1388 1879 ὁ
1445 1826 1693 1896 ὣλομὼν

115 1939 285 1992 φησιν
311 1939 326 1951 ’
389 1940 408 1973 ι
460 1920 683 1989 Ἀγαθὸν
715 1919 776 1973 τὸ
806 1920 880 1991 μὴ
938 1918 1216 1983 εὔξασθαι,
1247 1918 1281 1989 ἢ
1323 1915 1387 1970 τὸ
1412 1916 1689 1983 εὔξασθαι,

113 2014 215 2065 καὶ
248 2013 325 2084 μὴ
378 2012 720 2066 ἀποδοῦναι.»
793 2013 857 2065 Ἦ
912 2011 1181 2082 παρθένος
1235 2010 1329 2065 οὖν
1383 2011 1520 2083 αὕτη
1552 2012 1693 2066 ἔστω

116 2106 252 2174 ἁγία
284 2104 495 2176 σώματι
523 2106 616 2158 καὶ
643 2105 808 2176 ψυχῇ,
838 2105 913 2168 ὡς
941 2105 1066 2168 ναὸς
1094 2105 1249 2169 Θεοῦ,
1280 2105 1356 2168 ὡς
1382 2100 1529 2168 οἶκος
1554 2107 1691 2177 Χρι-

118 2198 274 2259 στοῦ,
306 2199 383 2261 ὡς
414 2198 728 2268 Πνεύματος
749 2197 904 2264 ἁγίου
935 2196 1045 2267 (61)
1078 2195 1439 2265 καταγώγιον.
1471 2199 1561 2249 Δεῖ
1585 2196 1695 2269 γάρ

116 2292 220 2360 τὴν
251 2290 746 2361 ὲπαγγειλαμένην,
777 2288 902 2355 ἄξια
928 2288 1029 2357 τῆς
1056 2287 1384 2356 ἐπαγγελίας
1412 2288 1547 2360 ἔργα
1578 2289 1695 2341 δια-

116 2382 534 2454 πρασσομένην,
586 2380 851 2435 δεικνύειν
895 2380 957 2432 τὸ
1014 2380 1335 2451 ἐπάγγελμα
1385 2381 1575 2450 αὐτῆς,
1613 2381 1694 2434 ὅτι

114 2476 271 2527 ἐστὶν
302 2474 525 2545 ἀληθὲς,
576 2474 668 2527 καὶ
712 2471 801 2525 διὰ
857 2470 1051 2543 σχολὴν
1096 2471 1393 2535 εὐσεϐείας,
1441 2472 1502 2524 οὐ
1554 2472 1695 2525 κατά

112 2576 376 2648 διαϐολὴν
401 2576 577 2647 γάμου
604 2574 921 2645 γενόμενον.
955 2571 1135 2624 Ἔστω
1163 2571 1219 2624 δὲ
1243 2572 1318 2642 μὴ
1342 2571 1691 2643 ρεμδὰς(62),

118 2669 257 2741 μηδὲ
288 2666 875 2739 άκαιροπεριπάτητος,
908 2664 981 2735 μὴ
1010 2663 1304 2733 δίγνωμος·
1339 2662 1474 2716 ἀλλὰ
1502 2664 1691 2735 σεμνὴ,

114 2762 419 2832 ἐγκρατὴς,
444 2760 695 2831 σώφρων,
728 2758 889 2829 ἁγνὴ,
925 2756 1199 2825 φεύγουσα
1226 2756 1325 2819 τὰς
1350 2755 1458 2809 τῶν
1486 2756 1693 2809 πολλῶν

120 2853 439 2923 συντυχίας,
470 2854 563 2905 καὶ
594 2850 823 2923 μάλιστα
840 2848 948 2902 τῶν
975 2847 1224 2918 άσέμνων
1255 2847 1383 2919 (65).

1030 328 1630 386 CONSTITUTIONES
1660 329 2337 389 APOSTOLIC.E.—LIB.
2380 331 2439 387 V.

1723 453 1771 509 Δ

3251 341 3357 395 826

2381 445 2609 501 CAPUT
2649 446 2781 503 XIII.

1797 538 1861 591 In
1884 537 2072 608 quibus
2120 546 2358 606 oporteat
2412 538 2602 608 subjici
2634 540 2977 595 sa’cularibus
3005 544 3353 613 principibus.

1862 629 2129 685 Omnibus
2189 631 2409 701 regibus
2450 646 2514 685 ac
2558 633 2919 702 principibus,
2950 634 3003 688 in
3044 636 3207 692 rebus
3237 654 3359 707 quae

1792 724 2006 793 placent
2054 722 2195 787 Deo,
2250 722 2488 792 subjecti
2534 732 2729 789 estote,
2782 732 3035 797 tanquam
3091 729 3359 786 ministris

1793 817 1910 881 Dei,
1940 825 1993 871 et
2021 816 2365 886 punitoribus
2393 816 2684 886 impiorum
2713 818 2787 872 7‘:
2820 820 3072 875 exhibete
3100 822 3210 877 illis
3239 839 3357 877 om-

1793 924 1917 963 nem
1948 908 2188 963 debitum
2218 910 2492 973 timorem,
2522 924 2682 964 omne
2713 912 2963 982 vectigal,
2997 928 3159 968 omne
3182 915 3357 970 tribu-

1794 1008 1928 1065 tum,
1962 1015 2176 1055 omnem
2205 1001 2490 1067 honorem,
2518 1002 2888 1071 collationem,
2936 1020 3182 1061 censum.
3242 1006 3356 1063 Hoc

1790 1091 1938 1147 enim
1968 1099 2052 1147 est
2086 1090 2178 1146 Dei
2207 1093 2544 1159 mandatum,
2575 1096 2776 1149 nemini
2813 1096 3108 1167 quidquam
3137 1098 3356 1158 debere.

1792 1183 1899 1238 nisi
1926 1184 2183 1239 amicitia:
2210 1193 2498 1248 tesseram,
2550 1200 2715 1256 quam
2764 1188 2907 1244 Deus
2934 1205 3031 1259 per
3076 1191 3354 1246 Christum

1792 1277 2095 1332 constituit.

2319 1369 2582 1425 CAPUT
2642 1370 2795 1426 XIV.

2369 1462 2448 1518 De
2476 1463 2779 1533 uirginibus.

1861 1556 2260 1627 Devirginitate
2275 1563 2457 1609 autem
2486 1554 2796 1608 mandatum
2831 1566 2936 1605 non
2962 1550 3355 1619 accepimus",

1792 1646 1888 1702 sed
1934 1663 2046 1702 rem
2094 1646 2386 1702 volentium
2438 1646 2694 1715 potestati
2728 1644 3109 1714 permittimus,
3152 1649 3211 1694 ut
3260 1654 3359 1694 vo-

1794 1749 1945 1805 tum;
1980 1739 2111 1793 illud
2145 1748 2324 1794 tamen
2358 1739 2427 1793 iis
2455 1737 2768 1800 suadentes,
2802 1752 2868 1789 ne
2899 1733 3029 1803 quid
3058 1747 3360 1802 properan-

1796 1838 1879 1881 ter
1915 1844 1979 1881 ae
2009 1838 2210 1883 temere
2241 1829 2593 1899 promittant:
2624 1824 3063 1896 quandoquidem
3098 1822 3359 1876 Salomon

1797 1919 1903 1973 ait:
1941 1936 1962 1969 ι
2000 1917 2191 1976 Melius
2221 1930 2305 1976 est
2332 1937 2439 1976 non
2486 1934 2705 1985 vovere,
2747 1934 2908 1987 quam
2943 1931 3136 1974 vovere
3164 1925 3218 1969 et
3253 1931 3360 1968 non

1797 2014 2021 2070 reddere
2048 2013 2135 2066 ⁷⁵⁶.
2169 2032 2186 2063 ι
2227 2010 2308 2066 Sit
2340 2013 2504 2085 igitur
2527 2012 2682 2081 virgo
2705 2019 2892 2065 sancta
2924 2024 3150 2078 corpore
3179 2006 3365 2061 etaui-

1798 2121 1913 2170 ma,
1947 2114 2007 2159 ut
2038 2105 2295 2174 templum
2329 2104 2444 2167 Dei,
2481 2112 2538 2157 ut
2561 2104 2754 2159 domus
2782 2105 3007 2169 Christi,
3040 2115 3096 2157 ut
3124 2103 3359 2175 Spiritus

1798 2199 1975 2253 sancti
2010 2198 2220 2252 mansio
2244 2197 2311 2251 ⁷⁸.
2365 2195 2589 2265 Oportet
2641 2197 2786 2251 enim
2817 2212 2936 2251 eam
2970 2212 3091 2266 quae
3113 2196 3360 2265 professa

1795 2300 1902 2355 est,
1936 2291 2128 2363 dignas
2152 2289 2495 2360 professione
2537 2291 2783 2345 actiones
2819 2290 3125 2345 exercendo
3171 2298 3361 2346 osten-

1797 2384 1946 2448 dere,
1979 2399 2164 2439 verum
2189 2397 2311 2438 esse
2340 2383 2669 2452 promissum
2700 2398 2882 2445 suum,
2933 2390 2987 2437 et
3033 2384 3215 2438 studio
3247 2384 3363 2452 pie-

1796 2477 1943 2541 tatis,
1974 2493 2083 2531 non
2114 2484 2295 2530 autem
2329 2479 2383 2529 in
2418 2476 2868 2530 obtrectationem
2915 2476 3249 2530 matrimonii
3277 2476 3359 2531 fa-

1798 2579 1968 2627 ctum.
1998 2572 2041 2602 ‘”
2069 2568 2338 2624 Sitetiam
2385 2585 2496 2623 non
2549 2584 2706 2640 vaga,
2762 2584 2942 2638 neque
2981 2570 3363 2639 intempestive

1798 2662 2178 2725 obambulans,
2212 2677 2320 2715 non
2352 2662 2609 2731 ancipitis
2640 2661 2833 2728 animi;
2874 2661 2968 2717 sed
2995 2664 3199 2732 gravis,
3229 2678 3363 2717 con-

1798 2756 2001 2820 tinens,
2050 2762 2368 2825 temperata,
2401 2754 2621 2825 pudica,
2676 2754 2891 2824 fugiens
2936 2755 3207 2826 colloquia
3236 2771 3360 2809 cum

1801 2849 2008 2913 multis,
2041 2849 2451 2918 prtesertimque
2478 2862 2602 2901 cum
2635 2846 2958 2903 inhonestis.

186 2991 240 3021 "
283 2988 473 3045 lPetr.
506 3005 565 3049 ιι,
598 2986 695 3053 I5;
741 2984 851 3039 Tit.
878 2999 962 3047 ιιι,
996 2984 1060 3052 1;
1091 2981 1247 3038 Rom.
1278 2999 1401 3049 xnt,
1432 2985 1484 3040 i.
1559 2986 1607 3018 ⁷⁸
1636 2985 1692 3040 Il

1841 3002 1940 3052 vn,
1970 2985 2067 3045 2‘5.
2112 2977 2500 3047 "‘Eecle.v,4.
2545 2984 2591 3017 το
2622 2985 2641 3039 l
2672 2982 2799 3039 Cor.
2823 3000 2919 3049 vn,
2942 2983 3031 3038 54.
3104 2984 3150 3015 ⁷⁷
3189 2981 3361 3054 Ignat.

118 3062 382 3131 interpol.
411 3060 479 3113 ad
506 3057 720 3112 Pbilad.
744 3057 799 3112 4.

1416 3145 1779 3204 νΑιιιοιιυΜ
1813 3146 2051 3203 ΝΟΤΔΕ.

350 3289 453 3371 Ἐν
472 3281 584 3371 οἷς.
616 3286 766 3371 Alter
786 3283 914 3371 cad.
945 3283 1125 3371 καθώς
1174 3284 1341 3371 Cncn.

183 3290 308 3427 (58k
354 3290 453 3343 ‘Er
472 3290 584 3353 οἷς.
616 3290 766 3341 Alter
786 3290 914 3366 cod.
945 3290 1125 3348 καθώς
1174 3290 1341 3366 Cncn.
1640 3356 1652 3367 .

182 3361 285 3429 (59
342 3359 667 3427 Σύμϐολον.
700 3355 856 3429 Deest
902 3372 957 3409 in
988 3355 1158 3429 altero
1187 3354 1403 3420 codice,
1428 3365 1687 3429 neegsatkts

114 3425 363 3484 m‘hu'nc
420 3425 596 3481 locum
645 3425 875 3495 quadrat
930 3426 1180 3478 amicitia:
1238 3426 1561 3496 tessera.“
1587 3426 1689 3496 τῆς

111 3499 305 3569 φιλίας
335 3506 479 3569 recte
500 3496 607 3569 dici
639 3494 800 3569 queat
829 3496 875 3550 si
906 3496 1202 3551 subaudias
1225 3495 1403 3566 χρέος,
1427 3494 1684 3561 debitum,

112 3566 175 3625 ex
211 3567 692 3623 antecedentibus.
727 3566 803 3621 In.

182 3639 306 3711 (ὅθ)
348 3638 474 3692 Μὲν
514 3636 647 3711 ουν.
704 3635 999 3711 Antiquior
1034 3636 1159 3711 _cod.
1210 3634 1391 3711 μονον,
1450 3635 1677 3703 rectius,

111 3720 171 3764 nt
192 3705 472 3764 Videtur:
507 3706 561 3760 id
584 3716 790 3760 tantum
820 3706 884 3761 iis
906 3705 1223 3761 suadentes;
1242 3707 1321 3762 ID.

295 4009 649 4063 ΚΕΦΑΛΑῘΑ
686 4006 820 4061 ΤΟΥ
857 4005 1190 4059 ΠΕΜΙῘΤΟΥ
1226 4004 1513 4058 ΒΙΒΛΙΟΥ.

108 4128 183 4184 a’.
228 4130 359 4180 Ὅτι
394 4123 518 4189 τοῖς
554 4122 650 4176 διὰ
675 4120 928 4190 Χριστὸν
954 4118 1317 4188 θλιϐομένοις
1370 4117 1527 4186 παρὰ
1555 4118 1688 4171 ἀπί-

180 4234 378 4279 στων,
406 4215 636 4268 δίκαιον
661 4212 783 4279 τοῖς
811 4211 1043 4277 πιστοῖς
1070 4210 1133 4281 [Γ.
1154 4210 1292 4274 τοὺς
1320 4207 1593 4279 πιστοὺς]
1624 4208 1694 4261 τὰ

181 4310 414 4365 δέοντα
430 4288 729 4374 παρέχειν,
745 4302 892 4357 κατὰ
915 4301 1028 4371 τὴν
1045 4302 1149 4355 τοῦ
1164 4301 1384 4369 Κυρίου
1405 4298 1688 4363 διάταξιν.

100 4404 188 4469 β’.
237 4406 367 4455 Ὀτι
416 4396 707 4468 φευκτέον
745 4395 855 4464 τῆς
896 4394 961 4467 [ι.
998 4391 1125 4465 τὰς]
1156 4393 1303 4461 πρὸς
1341 4392 1478 4457 τοὺς
1506 4389 1690 4459 ψευδ-

1716 3290 1759 3349 ⁰
1864 3286 1973 3427 fill

1792 3426 1904 3498 eos,
1932 3426 2055 3482 cum
2079 3426 2254 3498 neque
2282 3443 2438 3498 sono,
2467 3442 2641 3498 neque
2660 3426 2968 3498 signiﬁcatu
2997 3428 3361 3498 consentiant,

1792 3496 1937 3552 forte
1964 3507 2092 3551 sunt
2120 3493 2223 3551 una
2251 3493 2618 3563 admittenda),
2658 3493 2761 3550 hoc
2790 3493 2952 3549 modo
2977 3512 2990 3547 :
3013 3494 3105 3564 Μὴ
3135 3496 3361 3566 ρεμόὰς,

2024 3288 2239 3357 Ἀγίου.
2271 3288 2439 3342 Abest
2476 3286 2529 3340 in
2558 3284 2867 3357 antiquiore
2892 3284 3013 3339 cod.
3048 3285 3120 3341 In.

2025 3355 2286 3427 Ῥεμϐἀς.
2316 3357 2465 3411 Alter
2514 3356 2702 3427 codex,
2734 3355 3078 3425 φιλόκοσμος,
3120 3371 3240 3425 qua:
3270 3373 3367 3411 vo-

1793 3566 2140 3638 φιλόκοσμος.
2176 3566 2253 3623 In.

1858 3637 1971 3707 (65)
2016 3635 2096 3692 Ad
2134 3639 2336 3693 calcem
2372 3637 2494 3691 libri
2532 3635 2894 3707 additumiest
2926 3635 2979 3688 in
3003 3635 3174 3691 altero
3214 3637 3363 3701 cod.,

1791 3708 1919 3778 περὶ
1951 3705 2214 3780 ὀρφανῶν
2242 3707 2532 3779 ἐπληρώθη
2555 3706 2756 3777 βιϐλίον
2786 3706 2846 3758 δ’.
2879 3705 2954 3761 In.

2194 4005 2446 4061 CAPITA
2485 4005 2665 4060 LIBRI
2706 4003 2965 4071 QUINTI.

1801 4122 1841 4176 I.
1881 4120 2033 4188 Quod
2058 4121 2147 4186 iis,
2176 4122 2265 4190 qui
2289 4130 2498 4189 propter
2526 4119 2794 4175 Christum
2824 4119 2887 4172 ab
2912 4119 3206 4188 inﬁdelibus
3232 4121 3357 4191 afﬂi-

1868 4225 2083 4286 guntur,
2108 4231 2313 4285 (equum
2342 4215 2413 4268 sit
2449 4223 2507 4266 ut
2534 4213 2714 4282 ﬁdeles
2737 4214 3033 4267 necessaria
3074 4213 3363 4284 prwbeant,

1870 4307 2153 4362 secundum
2186 4306 2400 4359 Domini
2420 4306 2866 4360 constitutionem.

1802 4399 1863 4455 lI.
1909 4399 2061 4467 Quod
2083 4398 2331 4469 fugienda
2353 4399 2422 4451 sit
2443 4414 2561 4451 cum
2576 4398 2732 4466 falsis
2749 4398 3003 4466 fratribus
3022 4401 3365 4465 consuetudo,

180 4493 500 4562 αόέλερους
535 4488 888 4553 συνουσίας,
928 4486 1072 4540 ὅταν
1103 4482 1419 4555 ἐπιμένωσι
1445 4482 1521 4551 τῇ
1549 4498 1698 4552 φαυ-
1728 4473 1771 4527 Ι)
1869 4492 1993 4546 dum
2022 4493 2076 4546 in
2103 4493 2311 4545 ηιαιίιεα
2340 4500 2690 4562 penetrarunt,

180 4588 426 4653 λότητι.

104 4680 178 4749 γ’.
228 4682 361 4732 Ὅτι
387 4675 511 4742 τοῖς
533 4675 629 4729 διὰ
655 4673 910 4743 Χριστὸν
935 4671 1359 4741 πορθουμένοις
1380 4671 1495 4739 χρὴ
1532 4670 1697 4739 Ζεῖοα

181 4770 447 4840 ὀρέγειν,
478 4768 592 4821 κᾶν
618 4766 897 4832 κίνδυνος
925 4764 1102 4833 παρῇ.

100 4869 176 4923 δ’.
227 4869 361 4919 Ὅτι
388 4862 634 4933 φρικτὸν
659 4860 757 4915 καὶ
784 4858 1082 4926 ὀλέθριον,
1112 4856 1177 4911 τὸ
1226 4854 1534 4924 ἀρνεῖσθαι
1562 4857 1695 4923 Χρι-

178 4960 370 5014 στάν.

95 5060 168 5107 ε’.
218 5053 353 5103 Ὅτι
393 5045 678 5117 μιμητέον
720 5043 975 5111 Χριστὸν
1026 5042 1095 5094 ἐν
1147 5040 1227 5107 τῷ
1264 5040 1549 5109 πάσχειν,
1600 5041 1697 5095 καὶ

175 5138 489 5209 ζηλωτέον
514 5137 629 5205 τὴν
653 5134 837 5189 αὐτοῦ
866 5134 1195 5202 ὑπομονήν.

96 5244 181 5301 ς’,
204 5237 341 5287 Ὅτι
363 5229 477 5299 χρὴ
506 5229 611 5283 τὸν
628 5226 844 5281 πιστὸν
856 5225 1006 5296 μήτε
1016 5225 1605 5294 ριψοκίνδυνονεῐναι
1622 5226 1679 5279 δι
1693 5234 1709 5257 ’

170 5323 556 5395 ἀσφάλειαν,
582 5321 734 5391 μήτε
777 5318 1014 5388 περιδεῆ
1060 5318 1133 5371 δι’
1162 5319 1514 5385 ἀνανδρίαν.
1538 5319 1700 5373 ἀλλὰ

170 5419 289 5473 καὶ
319 5418 563 5486 φεύγειν
576 5414 650 5468 δι’
668 5412 1001 5476 εὐλάϐειαν,
1030 5410 1128 5464 καὶ
1155 5411 1512 5479 ἐμπεσόντα,
1553 5410 1701 5479 ἀνω-

170 5510 455 5573 νίζεσθαι
481 5508 577 5562 διὰ
605 5507 710 5561 τὸν
735 5505 1127 5574 ἀποκείμενον
1144 5502 1465 5570 στέφανον.

93 5606 165 5666 ζ’.
215 5602 373 5671 Περὶ
426 5598 812 5665 ἀναστάσεως
862 5594 1194 5661 ἀποδείξεις
1240 5592 1504 5662 διάφοροι
1525 5608 1538 5622 ’
1570 5592 1701 5661 περὶ

174 5697 495 5760 Σιϐύλλης
516 5710 530 5723 ·
580 5692 676 5747 καὶ
715 5692 768 5745 τί
798 5692 849 5745 ol
879 5687 1117 5745 Στωϊκοὶ
1141 5686 1273 5757 περὶ
1304 5686 1407 5743 τοῦ
1435 5685 1700 5757 φοίνικος

175 5790 299 5844 τοῦ
328 5785 558 5856 ὀρνέου.

1797 4675 1884 4731 III.
1924 4675 2075 4742 Quod
2100 4684 2310 4743 propter
2334 4672 2602 4728 Christum
2637 4674 2895 4742 oppressis
2922 4683 3121 4742 oportet
3147 4691 3367 4729 manum

1867 4769 2181 4839 adjutrieem
2224 4769 2518 4837 porrigere,
2567 4768 2805 4838 quamvis
2854 4768 2995 4822 adsit
3049 4768 3358 4837 periculum.

1798 4861 1886 4917 IV.
1927 4862 2080 4929 Quod
2135 4860 2452 4915 horrendum
2486 4878 2549 4915 ac
2594 4860 2810 4916 exitiale
2854 4862 2924 4915 sit
2974 4876 3161 4923 neqare
3202 4860 3362 4914 Citri-

1866 4942 2027 4987 stum.

1798 5024 1862 5081 V.
1905 5025 2057 5092 Quod
2095 5027 2295 5079 imitari
2329 5032 2564 5094 oporteat
2594 5022 2863 5078 Christum
2908 5023 2963 5075 in
2998 5023 3267 5091 patiendo,
3313 5034 3362 5079 et

1865 5120 2108 5173 temulari
2142 5119 2285 5172 illius
2312 5118 2661 5172 tolerantiam.

1801 5210 1886 5267 Vl.
1930 5212 2081 5278 Quod
2102 5211 2243 5265 decet
2269 5210 2474 5280 ﬁdelem
2505 5226 2664 5280 neque
2695 5208 3029 5263 temerarium
3076 5224 3187 5261 esse
3242 5224 3364 5276 pro-

1867 5315 1980 5376 pter
2022 5306 2375 5369 securitatem,
2399 5320 2557 5373 neque
2588 5301 2948 5355 meticulosum
2970 5309 3179 5368 propter
3214 5300 3365 5368 igna-

1868 5398 2141 5454 uiant:sed
2158 5398 2333 5467 fugere
2354 5405 2563 5466 propter
2577 5395 2870 5448 cautionem
2889 5410 2906 5455 ;
2925 5402 2974 5445 et
3003 5409 3120 5444 cum
3146 5392 3196 5443 in
3226 5392 3365 5459 peri-

1870 5494 2047 5548 culum
2076 5491 2339 5553 inciderit,
2370 5490 2635 5543 decertare
2668 5486 2730 5540 ob
2774 5486 3055 5555 repositam
3090 5500 3361 5538 coronam.

1804 5586 1911 5644 VII.
1978 5585 2056 5641 De
2114 5584 2491 5639 resurrectione
2541 5580 2701 5635 varia:
2747 5576 3255 5642 demonstrationes;
3299 5574 3365 5632 dc

1872 5681 2099 5753 sibylla;
2133 5688 2181 5734 et
2212 5675 2336 5750 quid
2372 5675 2526 5733 stoici
2556 5673 2619 5728 de
2638 5671 2868 5743 pltomice
2889 5686 3000 5728 ave.
