3880 6332
104 354 187 412 89.9

939 332 1529 393 CONSTITUTIONES
1566 326 2244 387 APOSTOLICIE.——LIB.
2288 324 2355 382 ν.

3139 318 3247 375 850

96 467 171 525 καὶ
192 464 257 527 είς
282 450 671 532 μισθαποδοσίαν
691 449 800 524 (67)
814 450 919 505 τῶν
949 452 1317 524 στρατιωτῶνο
1351 451 1438 504 ἵνα
1469 450 1589 502 ἐλα-

1716 464 1779 501 ur
1802 454 1855 501 et
1884 459 2027 500 curae
2055 443 2351 505 habeatur;
2387 445 2446 492 ut
2473 446 2735 509 quantum
2755 435 2810 489 in
2830 434 2985 490 vobis
3010 442 3114 496 est,
3139 449 3249 487 non

99 555 266 631 φρυνθῇ
299 549 382 603 καὶ
410 544 712 615 ἐπιμελείας
745 542 884 617 τύχῃ
905 561 918 574 ·
965 545 1031 597 ἵν’
1052 545 1173 597 ὅσον
1228 542 1289 595 τὸ
1335 544 1417 611 ἐφ’
1438 542 1590 611 ὑμῖν,

99 630 161 721 μὴ
178 641 437 713 θλίόηταιό
466 634 727 708 μακάριος
764 634 987 703 ἀδελφὸς
1031 634 1202 705 ὑμῶν.
1258 632 1315 686 '0
1365 631 1471 702 γὰρ
1505 630 1594 683 διά

95 714 309 806 τὸῑδνομα
342 730 532 801 Κυρίου
567 728 663 779 τοῦ
718 726 851 780 Θεοῦ
888 725 1407 795 καταδικαζόμενος,
1444 714 1596 785 οὗτος

96 832 264 901 μάρτυς
295 824 454 891 ἅγιος,
500 819 720 887 ἀδελφὸς
764 818 856 871 τοῦ
897 819 1122 889 Κυρίου,
1166 818 1281 879 υίὸς
1309 816 1403 869 τοῦ
1443 815 1597 885 Ὑψί-

95 939 217 983 στου,
250 918 431 985 δοχεῖον
461 911 552 964 τοῦ
590 910 743 979 ἁγίου
793 910 1131 981 Πνεύματος,
1186 909 1252 962 δι’
1272 905 1333 962 οὗ
1386 909 1479 961 καὶ
1509 908 1598 962 τὸν

92 1009 317 1081 φωτισμὸν
366 1007 458 1075 τῆς
509 1004 662 1074 δόξης
706 1002 801 1056 τοῦ
847 1002 999 1071 ἁγίου
1039 1001 1363 1070 Εὑαγγελίου
1414 1000 1599 1054 ἐλαϐεν

90 1106 275 1162 ἕκαστος
297 1097 395 1150 τῶν
411 1095 611 1148 πιστῶν
627 1112 639 1124 ο
663 1097 719 1147 ἐν
747 1094 824 1164 τῷ
846 1093 1245 1163 καταξιωθῆναι
1264 1092 1358 1145 τοῦ
1388 1090 1598 1161 ἀφθάρ-

89 1217 160 1251 του
186 1194 279 1265 (68)
309 1190 583 1259 στεφάνου,
617 1188 711 1240 καὶ
737 1188 837 1258 τῆς
867 1186 1168 1257 μαρτυρίας
1195 1186 1302 1236 τῶν
1341 1182 1598 1253 παθημά-

90 1308 170 1343 των
204 1283 376 1348 αὑτοῦ,
415 1280 506 1334 καὶ
542 1280 640 1350 τῆς
677 1277 959 1340 κοινωνίας
993 1277 1087 1330 τοῦ
1126 1275 1355 1346 αἵματος
1404 1272 1597 1337 αὑτοῦ,

90 1375 497 1449 συμμορφωθῆναι
535 1371 612 1442 τῷ
652 1370 864 1440 θανάτῳ
901 1368 994 1421 τοῦ
1035 1366 1271 1439 Χριστοῦ
1310 1367 1389 1428 εις
1425 1364 1600 1416 υἱοθε-

92 1472 196 1524 σῖαν.
231 1467 415 1520 Τούτου
452 1460 545 1517 οὖν
582 1464 763 1516 ἕνεκεν
800 1462 1036 1523 ἅπαντες
1069 1461 1119 1512 οἱ
1157 1458 1355 1523 πιστοὶ,
1395 1455 1483 1509 διὰ
1510 1455 1602 1508 τοῦ

88 1560 334 1613 ἐπισκόπου
375 1555 546 1625 ὑμῶν,
589 1556 651 1606 ἐκ
686 1553 793 1605 τῶν
830 1551 1180 1622 ὑπαρχόντων
1220 1548 1371 1619 ὑμῶν
1408 1547 1500 1599 καὶ
1540 1546 1602 1599 ἐκ

88 1652 159 1704 τοῦ
192 1651 341 1703 κόπου
375 1648 724 1716 διακονήσατε
770 1647 882 1707 τοῖς
920 1643 1111 1712 ἁγίοις.
1152 1642 1216 1695 Ei
1262 1640 1318 1693 δὲ
1357 1640 1455 1692 οὐκ
1494 1638 1605 1709 ἔχει

86 1761 171 1809 τις,
201 1739 507 1812 νηστεύσας,
549 1738 610 1789 τὸ
645 1738 743 1807 τῆς
779 1736 990 1806 ἡμέρας
1022 1735 1116 1786 καὶ
1156 1732 1410 1804 μερίσας,
1449 1731 1606 1784 τοῦτο

1700 539 1967 609 aﬁligatur
1997 537 2189 591 beatus
2213 533 2381 586 frater
2410 538 2614 586 vester.
2635 529 2739 595 Qui
2763 528 2906 583 enim
2936 527 3007 582 ob
3033 525 3251 580 Domini

1698 631 1791 687 Dei
1833 646 2031 685 nomen
2060 627 2475 688 condemnatur,
2519 623 2608 677 hic
2639 631 2723 677 est
2765 627 2989 675 sanctus
3018 629 3249 689 martyr,

1699 723 1867 779 frater
1889 721 2125 784 Domini,
2158 719 2304 773 ﬁlius
2332 715 2620 780 Altissimi,
2650 714 3052 783 receptaculum
3078 713 3253 765 sancti

1699 817 1821 889 (per
1851 832 2012 888 quem
2044 813 2494 868 illuminalionem
2525 808 2707 879 gloriae
2759 806 2934 862 sancti
2977 804 3255 876 Evangelii

1700 915 2025 979 acceperunt
2053 905 2251 975 singuli
2286 903 2474 957 ﬁdeles
2502 901 2582 972 ⁷⁸)
2617 899 2882 969 Spiritus;
2902 898 3028 969 quia
3059 897 3257 968 dignus

1698 1002 1917 1057 habitus
1943 1006 2026 1056 est
2054 1000 2368 1066 incorrupta
2390 1008 2591 1048 corona
2617 992 2685 1056 ⁸ο,
2710 999 2765 1046 et
2792 991 3104 1045 testimonio
3132 1004 3259 1059 pas-

1702 1096 1917 1151 sionum
1947 1091 2153 1147 Christi
2185 1092 2252 1154 ⁸¹,
2282 1098 2335 1144 et
2366 1088 2627 1143 societate
2672 1084 2956 1155 sanguinis
2996 1083 3117 1153 ejus
3137 1122 3152 1147 ,
3200 1092 3261 1136 ut

1702 1189 1879 1258 ipsius
1930 1186 2094 1240 morti
2144 1183 2573 1253 configuraretur
2610 1180 2665 1234 in
2709 1178 3053 1247 adoptionem
3080 1177 3147 1228 ⁸¹.
3178 1174 3261 1229 Ob

1702 1281 1845 1335 hanc
1881 1278 2048 1350 igitur
2070 1291 2318 1339 causam,
2354 1290 2547 1328 omnes
2577 1271 2783 1336 ﬁdeles,
2814 1286 2911 1340 per
2945 1271 3260 1341 episcopum

1703 1378 1974 1435 vestrum,
2018 1386 2083 1425 ex
2120 1368 2320 1423 vestris
2357 1365 2518 1420 bonis
2553 1379 2616 1419 ac
2660 1363 2958 1426 laboribus,
2995 1360 3264 1417 submini-

1705 1471 1877 1518 strate
1898 1462 2124 1518 sanctis.
2157 1460 2311 1527 Quod
2342 1459 2388 1514 si
2417 1460 2542 1529 quis
2567 1473 2677 1512 non
2705 1456 2921 1519 habeat,
2948 1454 3181 1524 jejunet,
3208 1462 3266 1508 et

1705 1555 1885 1610 cibum
1917 1554 2037 1623 ejus
2065 1553 2169 1608 diei
2212 1551 2469 1622 partitus,
2514 1550 2752 1604 destinet
2780 1547 3007 1604 sanctis.
3044 1545 3104 1599 Si
3138 1545 3264 1616 quis

1706 1657 1885 1704 autem
1914 1648 1969 1701 in
2003 1645 2335 1702 abundantia
2375 1651 2647 1706 versatur,
2696 1641 2818 1711 plus
2846 1640 3030 1703 etiam,
3067 1654 3266 1694 secun-

1706 1740 1836 1795 dum
1878 1738 2282 1810 proportionem
2334 1734 2609 1789 facultatis
2647 1748 2780 1797 sua),
2813 1733 2895 1787 eis
2926 1730 3261 1801 suppeditet.

88 1835 316 1898 ὲκταξάτω
344 1834 448 1893 τοῖς
470 1829 665 1897 ἁγίοις.
690 1822 827 1880 Εἰδὲ
853 1844 935 1890 τις
962 1827 1019 1877 ἐν
1040 1824 1321 1895 περιουσίᾳ
1351 1823 1604 1895 ὑπάρχει,

1715 1851 1826 1907 Iam
1852 1867 1981 1906 vero
2003 1850 2048 1905 si
2081 1854 2257 1920 potest
2288 1845 2484 1899 tradita
2512 1845 2658 1899 omni
2683 1844 2989 1899 substantia
3023 1858 3143 1907 sua,
3168 1857 3265 1897 eos

87 1929 157 1981 καὶ
187 1924 347 1978 πλεῖόν
389 1940 439 1975 τι
470 1920 617 1974 κατά
655 1918 942 1985 ἀναλογίαν
980 1918 1079 1987 τῆς
1120 1915 1399 1985 δυνάμεως
1436 1914 1602 1967 αὑτοῦ

86 2018 343 2072 διακονείτω
355 2016 554 2076 αὐτοῖς.
586 2013 647 2065 Ei
678 2011 732 2063 δὲ
762 2012 854 2063 καὶ
880 2005 987 2072 οἷός
1014 2008 1075 2061 τὲ
1106 2009 1250 2060 ἐστιν
1278 2007 1491 2061 ἅπαντα
1516 2006 1607 2058 τὸν

89 2111 177 2180 βίον
196 2107 364 2162 ἑαυτοῦ
377 2105 709 2174 ἀποδόμενος
725 2102 985 2175 ῥύσασθαι
997 2100 1191 2162 αὐτοὺς
1206 2101 1269 2151 ἐκ
1293 2097 1385 2150 τοῦ
1401 2097 1609 2167 δεσμω-

86 2204 257 2273 τηρίου,
294 2200 557 2271 μακάριος
593 2197 766 2260 ἔσται,
808 2195 900 2248 καὶ
937 2194 1086 2263 φίλος
1127 2191 1220 2245 τοῦ
1261 2188 1517 2262 Χριστοῦ.
1545 2189 1608 2242 El

87 2294 169 2364 γὰρ
192 2297 215 2347 ὁ
240 2293 298 2348 τὰ
326 2292 638 2362 ὑπάρχοντα
669 2289 901 2357 πτωχοῖς
928 2286 1071 2350 δοὺς,
1100 2285 1320 2351 τέλειος,
1348 2282 1484 2355 μετά
1510 2282 1608 2354 τὴν

87 2385 307 2456 περὶτῶν
350 2383 505 2436 θείων
542 2382 741 2451 γνῶσιν
781 2378 889 2448 (69)
916 2394 929 2409 ο
971 2376 1148 2447 πολλῷ
1188 2376 1382 2447 μᾶλλον
1411 2377 1441 2428 ὁ
1469 2373 1610 2444 ὑπὲρ

87 2477 349 2549 μαρτύρων.
397 2479 454 2529 ὐ
493 2474 610 2546 γὰρ
651 2472 917 2536 τοιοῦτος,
957 2469 1105 2534 ἄξιος
1141 2467 1274 2521 Θεοῦ
1330 2466 1607 2538 ὑπάρξας,

84 2568 315 2640 πληρώσει
340 2569 395 2621 τὸ
423 2568 640 2637 θέλημα
668 2563 851 2629 αὑτοῦ,
882 2563 1191 2633 χορηγήσας
1208 2560 1453 2626 ἐκείνοις,
1481 2559 1612 2612 οἵτι-

85 2680 155 2725 vs;
176 2663 315 2715 αὐτὸν
341 2660 698 2732 ὡμολόγησαν
724 2656 951 2710 ἐνώπιον
981 2653 1169 2719 ἐθνῶν,
1197 2652 1291 2705 καὶ
1323 2650 1610 2721 βασιλέων,

86 2754 189 2804 υἱῶν
212 2768 263 2804 τε
303 2751 536 2823 Ἰσραὴλ,
558 2767 621 2802 πε
631 2749 685 2821 pl
711 2742 785 2801 ὧν
803 2750 831 2800 ὁ
849 2746 1053 2816 Κύριος
1073 2744 1387 2814 ἀπεφήνατο
1411 2741 1603 2809 λέγων·

91 2864 105 2892 ‹
135 2847 214 2907 ὐς
241 2843 299 2896 ἂν
322 2843 633 2913 ὁμολογήσῃ
670 2842 726 2892 ἐν
763 2840 886 2909 ἐμοὶ
925 2834 1227 2907 ἔμπροσθεν
1263 2832 1369 2886 τῶν
1407 2829 1615 2903 ἀνθρὼ-

87 2950 201 2997 πων,
239 2934 549 3004 ὁμολογήσω
578 2929 731 2998 κάγὼ
766 2931 823 2981 ἐν
862 2927 1009 2998 αὑτῷ
1048 2926 1350 2997 ἔμπροσθεν
1377 2923 1471 2977 τοῦ
1500 2924 1613 2975 Πα-

86 3027 184 3095 τρός
209 3042 298 3096 μου
329 3024 455 3094 (70),
498 3044 519 3075 ι
556 3024 666 3076 Kal
697 3024 744 3075 εί
772 3020 997 3074 τοιοῦτοί
1043 3022 1207 3085 εἰσιν,
1256 3018 1331 3080 ὡς
1368 3016 1462 3070 καὶ
1510 3014 1615 3069 ὑπὸ

86 3119 277 3187 Χριστοῦ
304 3120 392 3171 ἐπὶ
417 3117 515 3171 τοῦ
549 3116 757 3186 Πατρὸς
787 3116 982 3177 αὐτοὺς
1016 3110 1423 3184 μαρτυρεῖσθαι,
1457 3110 1615 3180 ὑμεῖς

86 3213 159 3262 οὐκ
173 3212 390 3279 ὀφείλετε
403 3208 827 3278 ἐπαισχυνθῆναι
839 3206 1052 3259 ἀπιέναι
1073 3204 1208 3275 πρὸς
1226 3203 1419 3265 αὐτοὺς
1434 3203 1489 3255 ἐν
1500 3202 1617 3265 ταῖς

85 3302 326 3369 φυλακαῖς.
363 3303 539 3356 Τοῦτο
575 3301 682 3373 γὰρ
718 3298 1056 3370 ποιησάντων
1092 3296 1274 3367 ὑμῶν,
1324 3292 1616 3365 μαρτύριον

88 3392 187 3462 ὑμῖν
200 3393 576 3465 λογισθήσεται
598 3411 612 3422 ⁸
642 3394 724 3445 ὅτι
753 3390 978 3453 ἐκείνοις
1009 3389 1106 3460 μὲν
1135 3390 1298 3459 πεῖρα
1325 3387 1385 3440 τὸ
1416 3384 1617 3457 μαρτὺ-

85 3503 173 3553 ριον
211 3485 471 3558 ὑπῆρξεν,
514 3486 643 3555 ὑμῖν
679 3484 736 3538 δὲ
776 3483 976 3553 ἑτέρως
1013 3477 1155 3551 (71),
1196 3477 1497 3550 προθυμία,
1543 3476 1619 3539 ὡς

84 3579 311 3641 κοινωνοῖς
337 3578 437 3648 τῆς
464 3576 746 3646 ἀθλήσεως
773 3573 969 3627 αὐτῶν.
1000 3572 1160 3642 Λέγει
1186 3570 1294 3642 γάρ
1322 3586 1423 3622 που
1451 3572 1478 3622 ό
1509 3568 1621 3621 Κύ-

83 3687 173 3738 ριος
197 3670 319 3743 πρὸς
346 3672 476 3733 τοὺς
504 3668 799 3733 τοιούτους,
831 3665 1053 3736 φάσκων
1075 3680 1089 3694 ο
1128 3682 1146 3714 ι
1184 3661 1345 3714 Δεῦτε
1381 3661 1430 3713 οἱ
1468 3659 1617 3712 εὑλο-

81 3763 270 3831 Τημένοι
302 3763 394 3815 τοῦ
432 3759 649 3832 Πατρός
703 3776 832 3829 μου,
874 3756 1310 3828 κληρονομήσατε
1344 3751 1443 3822 τὴν
1471 3752 1618 3820 ήτοι-

83 3854 325 3925 μασμὲνην
383 3856 517 3925 ὑμῖν
579 3851 855 3922 βασιλείαν
907 3850 1015 3902 ἀπὸ
1052 3846 1351 3917 καταϐολῆς
1388 3844 1612 3916 κόσμου.

91 3944 343 3998 Ἐπείνασα
381 3946 519 4017 γὰρ,
562 3945 656 3998 καὶ
703 3940 940 3995 ἐδώκατέ
982 3958 1071 4011 μοι
1116 3938 1328 4008 φαγεῖν,
1359 3935 1615 4007 ἐδίψησα,

77 4038 150 4088 ml
180 4038 459 4091 ἐποτίσατέ
505 4054 594 4108 με,
645 4035 791 4100 ξένος
826 4035 993 4104 ήμην,
1029 4032 1123 4085 καὶ
1153 4027 1487 4101 συνηγάγετέ
1529 4044 1615 4098 με,

78 4129 268 4196 ταμνὸς,
290 4131 383 4183 καὶ
412 4126 768 4200 περιεϐάλετέ
802 4142 888 4196 με,
918 4122 1146 4192 ἀσθενὴς
1176 4121 1340 4193 ήμην,
1380 4120 1475 4173 καὶ
1503 4120 1620 4172 ἐπι-

76 4218 311 4288 σκέψασθε
344 4239 410 4291 με
431 4239 444 4250 ·
480 4222 541 4272 ἐν
571 4219 782 4288 φυλακῇ
813 4218 979 4286 ήμην,
1010 4214 1104 4267 καὶ
1136 4212 1326 4284 ῆλθετε
1356 4210 1493 4282 πρός
1527 4227 1613 4280 με.

76 4308 184 4360 Τότε
209 4311 668 4383 ἀποκριθήσονται
694 4308 841 4379 αὑτῷ
870 4308 920 4359 οί
949 4307 1167 4372 δίκαιοι,
1196 4305 1474 4373 λέγοντες·
1508 4303 1618 4357 Κύ-

76 4417 159 4467 ριε,
186 4404 307 4456 πότε
340 4422 400 4457 σε
434 4404 617 4473 ἴδομεν
648 4400 941 4465 πεινῶντα,
974 4398 1068 4451 καὶ
1102 4394 1437 4467 ἐθρέψαμεν,
1475 4393 1508 4465 ἢ
1537 4394 1617 4446 δι-

1707 1960 1771 1999 ex
1797 1958 2017 1999 carcere
2046 1942 2299 2002 liberare,
2329 1938 2520 1992 beatus
2550 1937 2674 2002 erit,
2706 1951 2767 1990 ac
2797 1935 3002 1990 Christi
3032 1935 3261 1988 amicus.

1705 2035 1838 2090 Nam
1862 2051 1985 2090 eum
2014 2034 2081 2096 is,
2101 2034 2192 2102 qui
2215 2033 2354 2085 bona
2378 2046 2473 2084 sua
2491 2029 2820 2098 pauperibus
2849 2027 2960 2092 dat,
2993 2025 3265 2096 perfectus

1708 2128 1779 2184 sit
1807 2130 1876 2192 ⁸⁸,
1910 2136 2030 2196 post
2062 2123 2426 2195 cognitionem
2478 2136 2660 2176 rerum
2702 2120 3044 2180 divinarum,
3095 2118 3266 2171 multo

1708 2221 1998 2293 perfectior
2019 2217 2122 2273 erit
2150 2216 2243 2287 qui
2275 2229 2373 2285 pro
2404 2215 2736 2284 martyribus
2759 2219 2954 2266 cuncta
2982 2211 3264 2281 largietur.

1710 2312 1990 2383 Siquidem
2043 2309 2155 2363 Deo
2200 2307 2398 2377 dignus
2440 2306 2701 2370 existens,
2746 2305 3082 2359 voluntatem
3144 2302 3265 2372 ejus

1708 2413 2057 2476 exsequetur,
2076 2400 2367 2472 praebendo
2396 2399 2464 2454 iis
2491 2398 2583 2468 qui
2605 2396 2852 2452 eumdem
2878 2396 3017 2465 apud
3053 2404 3263 2465 gentes,

1708 2507 1763 2555 et
1792 2514 1970 2569 reges,
2012 2503 2062 2550 et
2102 2492 2318 2548 lsraelis
2366 2490 2507 2545 ﬁlios
2538 2489 2776 2543 confessi
2823 2498 2949 2543 sunt
2987 2488 3055 2552 ⁸³,
3105 2502 3169 2540 ac
3201 2486 3269 2541 de

1710 2591 1909 2661 quibus
1938 2588 2199 2642 Dominus
2230 2582 2606 2655 pronuntiavit
2639 2582 2824 2637 dicens
2859 2597 2872 2632 :
2912 2599 2931 2632 ι
2969 2580 3071 2647 Qui
3100 2581 3269 2635 conli-

1711 2695 1856 2743 tetur
1885 2700 1971 2741 me
2009 2696 2193 2737 coram
2225 2679 2559 2741 hominibus,
2585 2677 2886 2731 conﬁtebor
2918 2686 2973 2731 et
3017 2690 3114 2745 ego
3143 2691 3268 2730 cum

1714 2795 1896 2838 coram
1926 2777 2089 2831 Patre
2115 2788 2235 2829 meo
2264 2773 2329 2826 ⁸⁵.
2370 2791 2388 2823 ι
2432 2770 2606 2840 Atque
2647 2769 2695 2824 si
2727 2768 2805 2823 illi
2837 2770 2976 2824 tales
3009 2776 3157 2832 sunt,
3208 2778 3269 2823 ut

1715 2873 2087 2930 testimonium
2136 2883 2166 2921 a
2217 2866 2436 2921 Christo
2489 2862 2629 2935 apud
2681 2861 2898 2917 Patrem
2924 2876 3269 2930 consequan-

1717 2975 1837 3033 tur;
1892 2980 2002 3019 non
2029 2962 2189 3017 debet
2209 2958 2413 3029 pudere
2438 2972 2552 3021 vos,
2587 2955 2653 3009 ad
2706 2970 2800 3011 eos
2852 2955 2909 3008 in
2959 2955 3272 3008 carceribus

1717 3062 1926 3134 positos
1958 3055 2235 3112 accedere.
2280 3054 2325 3087 ⁸⁵
2360 3050 2474 3104 Hoc
2502 3049 2646 3105 enim
2678 3064 2802 3102 cum
2846 3047 3086 3103 feceritis
3107 3087 3120 3110 ,
3173 3064 3274 3117 pro

1644 3167 1687 3226 (ι
1719 3153 1983 3225 martyrio
2005 3149 2163 3205 vobis
2206 3145 2600 3215 imputabitur:
2643 3141 2901 3212 quoniam
2932 3141 3010 3194 illi
3053 3140 3272 3211 quidem

1717 3256 1984 3317 martyres
2068 3241 2290 3296 fuerunt
2336 3234 2699 3307 experiendo;
2755 3249 2853 3289 vos
2905 3246 3036 3287 vero
3084 3232 3271 3294 aliter,

1717 3353 1910 3408 nempe
1931 3337 2165 3390 alacrem
2191 3329 2495 3387 exhibendo
2519 3327 2870 3388 voluntatem,
2900 3334 2961 3378 ut
2982 3324 3275 3394 participes
3327 3384 3334 3391 ,

1719 3428 2036 3487 certaminis
2067 3426 2306 3479 illorum.
2337 3420 2416 3473 Ad
2451 3419 2584 3473 tales
2616 3432 2847 3486 namque
2873 3416 2958 3471 his
2987 3416 3168 3471 verbis
3194 3416 3276 3469 lo-

1718 3526 1903 3597 quitur
1939 3519 2203 3574 Dominus
2237 3532 2248 3566 :
2289 3533 2307 3565 (
2335 3510 2549 3577 Venite,
2577 3509 2845 3565 benedicti
2896 3506 3076 3561 Patl'is
3124 3506 3272 3570 mei,

1720 3616 1996 3688 possidete
2046 3619 2293 3682 paratum
2330 3605 2487 3660 vobis
2533 3618 2757 3673 regnum
2811 3615 2841 3654 a
2885 3599 3275 3655 constitutione

1720 3710 1929 3767 mundi.
1962 3703 2177 3762 Esurivi
2199 3700 2364 3764 enim,
2386 3706 2440 3754 et
2474 3696 2703 3752 dedistis
2742 3693 2875 3749 mihi
2904 3691 3272 3754 manducare;

1720 3826 1888 3889 sitivi,
1921 3833 1975 3881 et
2004 3818 2232 3877 dedistis
2259 3815 2393 3872 mihi
2414 3814 2599 3869 bibere
2624 3830 2643 3879 ;
2670 3811 2867 3881 hospes
2896 3823 3065 3873 eram,
3096 3814 3149 3863 et
3168 3808 3276 3862 col-

1720 3921 1926 3993 legistis
1944 3930 2061 3982 me;
2086 3911 2287 3973 nudus,
2313 3915 2368 3963 et
2389 3904 2681 3976 operuistis
2703 3917 2816 3957 me:
2838 3900 3085 3956 inﬁrmus
3104 3915 3273 3963 eram,

1719 3990 2059 4070 et‘visitastis
2101 4022 2187 4062 me
2226 4022 2239 4057 :
2272 4006 2326 4059 in
2364 4015 2586 4058 carcere
2628 4012 2808 4059 eram,
2853 4002 2906 4050 et
2950 3992 3177 4047 venistis
3209 3990 3276 4044 ad

1722 4122 1828 4162 me.
1860 4103 2015 4158 Tune
2037 4097 2442 4170 respondebunt
2469 4094 2515 4148 ei
2541 4091 2697 4162 justi,
2720 4088 2962 4142 dicentes
2987 4105 2999 4140 :
3027 4084 3274 4147 Domine,

1721 4196 1939 4270 quando
1969 4204 2023 4250 te
2042 4192 2278 4248 vidimus
2306 4187 2656 4247 esurientem,
2688 4190 2742 4236 et
2766 4178 3051 4249 pavimus?
3073 4186 3165 4232 aut
3197 4178 3276 4231 si—

1722 4293 1966 4353 tientem,
1998 4294 2052 4343 et
2074 4284 2324 4341 dedimus
2351 4279 2577 4352 potum?
2600 4274 2828 4342 Quando
2851 4280 3031 4326 autem
3060 4280 3111 4325 te
3139 4270 3279 4323 vidi-

1723 4400 1845 4439 mus
1870 4380 2098 4442 nudum,
2129 4383 2183 4432 et
2204 4369 2625 4445 coeperuimus?
2666 4372 2759 4420 aut
2784 4363 3080 4424 inﬁrmum,
3113 4368 3167 4415 et
3193 4360 3277 4415 vi-

76 4454 84 4467 ¹
150 4454 159 4463 ’
232 4454 241 4455 7
289 4454 301 4456 ⁷
349 4454 395 4457 ⁷-
440 4454 533 4473 7⁷⁷⁸
931 4454 940 4465 '
1168 4454 1178 4467 ο
1246 4454 1254 4465 ι
1310 4454 1322 4466 ι
1424 4454 1434 4461 ι
1498 4454 1508 4465 ι

73 4492 251 4561 {adv/1a,
286 4500 379 4550 καὶ
417 4495 780 4566 ἐποτίσαμεν;
821 4492 950 4545 πότε
986 4490 1043 4543 δέ
1082 4507 1140 4542 σε
1169 4489 1349 4559 ἴδομεν
1377 4486 1610 4557 γυμνὸν,

1724 4472 2041 4531 sitavimus?
2060 4468 2278 4540 quando
2298 4481 2430 4521 vero
2457 4471 2509 4518 te
2525 4461 2758 4516 vidimus
2780 4456 3068 4525 hospitem,
3095 4459 3150 4508 et
3166 4454 3279 4506 col-

2094 4564 2103 4566 ‘
2142 4562 2150 4566 λ
2549 4562 2559 4566 -
2701 4551 2714 4563 ⁶
2881 4565 2885 4566 ν
2920 4548 2933 4566 1
2974 4554 3019 4566 Α-
3047 4547 3069 4566 o
3100 4544 3158 4566 η.
3192 4560 3247 4566 ..Α

72 4586 148 4637 καὶ
190 4588 627 4659 περιεϐάλομεν;
685 4585 718 4655 ἢ
760 4584 979 4654 ἀσθενῆ,
1026 4582 1120 4635 καὶ
1162 4576 1618 4649 ἐπεσκεψάμεθα;

72 4675 181 4728 πότε
223 4680 278 4732 δέ
322 4697 384 4732 σε
429 4680 612 4749 ίδομεν
655 4677 830 4741 ξένον,
880 4675 973 4728 καὶ
1029 4672 1439 4742 ωνηγάγομεν;
1484 4668 1517 4739 ἢ
1564 4669 1620 4719 ἐν

68 4767 275 4839 φυλακῇ,
318 4774 415 4824 καὶ
459 4770 691 4841 ἤλθομεν
734 4766 867 4838 πρὸς
904 4766 992 4831 σέ;
1022 4764 1131 4818 Kal
1166 4761 1483 4833 ἀποκριθεὶς
1510 4760 1624 4829 ἐρεῖ

71 4857 254 4924 αὑτοῖς-
300 4864 416 4932 Ἐφ’
435 4864 562 4915 ὅσον
591 4862 878 4931 ἐποιήσατε
908 4858 987 4911 ἐνὶ
1014 4855 1215 4909 τούτων
1244 4854 1352 4907 τῶν
1380 4851 1621 4919 ἀδελφῶν

72 4966 155 5015 μου
179 4954 282 5005 τῶν
309 4954 633 5024 ἐλαχίστων,
665 4954 785 5023 ἐμοὶ
813 4953 1117 5021 ἐποιήσατε.
1149 4950 1258 5003 Kal
1294 4946 1621 5001 ἀπελεύσον-

69 5054 142 5091 ται
166 5037 305 5099 οὗτοι
360 5049 445 5107 εἰς
490 5042 639 5115 ζωὴν,
673 5043 905 5098 αἰώνιον.
947 5044 1076 5097 Τότε
1117 5043 1233 5115 ἐρεῖ
1271 5040 1364 5094 καὶ
1404 5042 1515 5103 τοῖς
1562 5037 1621 5101 ἐξ

1724 4567 1987 4641 legimus?
2026 4564 2109 4618 vel
2140 4562 2195 4616 in
2236 4572 2477 4622 carcere,
2513 4562 2567 4609 et
2593 4551 2843 4607 venimus
2870 4548 2937 4603 ad
2973 4547 3069 4601 te?
3098 4544 3164 4604 Et
3192 4560 3279 4598 re—

1726 4637 2000 4732 sp‘ondens
2024 4658 2169 4713 dicet
2212 4653 2356 4708 illis:
2389 4650 2668 4716 Quatenus
2700 4642 2908 4699 fecistis
2958 4639 3054 4694 uni
3094 4654 3161 4693 ex
3191 4637 3277 4691 his

1722 4729 1985 4807 fratribus
2016 4748 2152 4803 meis
2182 4744 2443 4805 minimis,
2485 4739 2619 4795 mihi
2672 4733 2900 4792 fecistis.
2944 4730 3010 4784 Et
3036 4731 3192 4784 ibunt
3222 4729 3275 4782 hi

1724 4846 1777 4899 in
1801 4845 1965 4896 vitam
1995 4849 2273 4894 aeternam.
2305 4834 2459 4889 Tunc
2486 4834 2627 4888 dicet
2648 4840 2701 4887 et
2732 4832 2799 4886 iis
2845 4830 2936 4900 qui
2968 4842 2999 4881 a
3038 4825 3276 4882 sinistris

1721 4943 1884 4992 erunt
1917 4954 1930 4990 :
1965 4931 2233 4988 Discedite
2264 4944 2292 4981 a
2320 4943 2426 4991 me,
2461 4923 2754 4989 maledicti,
2788 4923 2844 4976 in
2892 4921 3071 4991 ignem
3119 4923 3278 4971 acter-

1724 5046 1875 5095 num,
1900 5027 1990 5098 qui
2010 5031 2232 5097 paratus
2254 5026 2337 5076 est
2360 5017 2573 5073 diabolo
2601 5024 2654 5070 et
2676 5014 2880 5083 angelis
2902 5013 3040 5082 ejus.
3059 5008 3275 5063 Esurivi

125 5201 167 5230 τ’
192 5201 230 5253 ll
256 5202 387 5257 Cor.
420 5219 499 5261 tv.
522 5204 573 5258 4.
649 5204 696 5235 ⁸ο
728 5204 744 5256 l
774 5202 899 5256 Cor.
929 5217 1004 5263 Ix,
1036 5201 1125 5255 25.
1202 5200 1244 5231 ⁸¹
1276 5198 1472 5267 Philip.
1507 5212 1591 5259 ιιι,

1788 5193 1834 5225 ⁸¹
1861 5191 2055 5261 Ephes.
2090 5205 2130 5254 ι,
2156 5188 2209 5243 5.
2282 5186 2327 5219 ⁸³
2356 5183 2543 5239 Matth.
2567 5199 2678 5249 xix,
2701 5181 2792 5236 21.
2864 5179 2913 5211 “
2932 5178 3051 5232 Act.
3074 5191 3155 5242 Ix,
3185 5173 3273 5227 15.

69 5270 106 5301 ⁸⁸
132 5269 316 5328 Matth.
346 5290 406 5336 ι,
436 5274 529 5328 '52.
602 5274 648 5304 ⁸⁸
671 5273 841 5344 lgnat.
880 5272 1133 5340 interpol.
1175 5270 1242 5324 ad
1276 5268 1495 5339 Smyrn.
1522 5268 1575 5321 9.
1616 5294 1630 5307 -

1359 5420 1720 5478 VAlilORUM
1754 5415 1986 5474 ΝΟΤᾹΞ.

123 5570 223 5637 (67)
263 5569 786 5624 Μισθαποδοσίαν.
806 5565 954 5637 Alter
982 5560 1103 5637 cod.
1129 5556 1441 5637 θεραπείαν,
1465 5556 1617 5637 quod

68 5627 271 5710 melius;
298 5640 576 5710 stipendia
593 5639 737 5695 enim
755 5636 953 5710 milites
975 5647 1007 5710 a_
1024 5627 1236 5710 Cresare
1258 5627 1614 5710 accipiebant,

66 5709 144 5763 sed
174 5697 312 5771 nihil
337 5697 560 5765 vetabat
588 5710 717 5778 quin
750 5722 779 5759 a
808 5702 1135 5778 Christianis
1168 5713 1392 5754 munera
1421 5697 1611 5751 obser-

69 5781 238 5835 vantia:
272 5798 478 5841 causa,
512 5775 1021 5849 acciperent.iCLr._n.

123 5849 223 5922 (68)
278 5837 817 5922 Ἀφθάῥτοιν.’ῐ)ρεεῑ
841 5848 895 5905 iu
925 5845 1095 5899 altero
1125 5839 1329 5897 codice.
1359 5837 1435 5894 lo.

1809 5551 1896 5623 69)
1934 5548 2096 5623 Μετᾲ
2123 5548 2243 5623 τὴιε
2265 5541 2551 5623 ἦερὶιτῶῖ
2577 5543 2747 5623 deiter
2769 5539 3011 5623 πνῶσιν.
3037 5536 3095 5590 ln
3109 5536 3281 5590 altera

1715 5609 1838 5679 cod.
1868 5609 2008 5675 κατά
2026 5620 2122 5688 τὴν
2153 5609 2246 5670 τοῦ
2278 5609 2486 5688 κυρίου
2510 5609 2773 5688 διάταξιν.
2798 5609 2872 5688 in.

1781 5675 1890 5762 (70)
1922 5675 2154 5756 Πατρ’ός
2175 5703 2312 5762 μου.
2353 5675 2517 5762 Addit
2545 5683 2681 5736 alter
2721 5681 2893 5762 codex
2937 5676 3031 5732 τοῦ
3068 5678 3126 5733 ἐν
3169 5675 3280 5741 τοῖς

1723 5748 1984 5832 οὐρανοῖς,
2017 5748 2071 5832 et
2094 5748 2260 5832 paulo
2281 5764 2399 5832 post
2425 5753 2562 5832 ᾦστε
2591 5767 2688 5832 pro
2703 5752 2809 5832 έῖξς.
2842 5748 2917 5832 ln_.

1795 5820 1903 5902 (71)
1947 5820 2204 5899 Ἔτέῥως.
2237 5820 2522 5897 Antiquior
2547 5820 2669 5880 cod.
2700 5821 2852 5887 θέως.
2888 5820 2963 5876 In.
