3880 6332
114 311 199 367 333
763 255 767 258 ’
958 287 1555 347 CONSTITUTIONES
1590 284 2271 345 APOSTOLICJE.—I.IB.
2314 284 2378 341 v.

3188 292 3286 345 831

110 439 207 494 γετε
231 419 300 480 είς
346 412 437 484 τὴν
485 408 645 480 ἄλλην
702 407 836 480 (75),
866 409 949 461 ὅτι
1006 409 1063 460 ὲν
1104 406 1182 477 τῷ
1212 407 1400 477 κόσμῳ
1446 405 1617 475 θλῖψιν

1726 402 1871 456 niam
1902 401 1959 456 in
1986 400 2190 458 mundo
2212 416 2520 471 pressuram
2557 402 2849 459 habebitis.
2878 400 3116 459 Tradent
3142 409 3287 463 enim

112 512 245 577 ἕξετε.
272 500 633 578 Παραδώσουσι
662 500 770 572 γὰρ
826 501 969 572 ὑμᾶς
1024 502 1103 563 εἰς
1149 499 1490 567 συναγωγὰς,
1530 498 1617 551 καὶ

1723 508 1822 548 vos
1866 494 1920 548 in
1960 509 2294 564 synagogas,
2331 501 2383 549 et
2426 493 2493 547 ad
2536 494 2797 563 przesides
2834 509 2897 549 ac
2938 511 3093 565 reges
3121 497 3289 553 duee-

106 606 176 659 ἑπί
216 596 455 670 ἡγεμόνας
490 592 581 646 καὶ
612 591 850 662 βασιλεῖς
886 590 1190 663 ἀχθήσεσθε
1237 590 1422 643 ἕνεκεν
1466 587 1621 659 ἐμοῦ,

107 698 167 758 εἰς
214 687 478 763 μαρτύριον
531 684 732 747 αὑτοῖς.
792 684 900 737 Καὶ
937 686 965 737 ό
1010 681 1308 753 ὑπομείνας
1343 684 1423 745 εἰς
1447 681 1620 745 τέλος,

102 782 227 846 οὗτος
258 779 554 849 σωθήσεται.
597 795 614 827 ι
669 776 726 829 Ὀ
756 776 866 847 γὰρ
910 775 1157 845 διωχθεὶς
1186 775 1369 828 ἕνεκεν
1408 774 1507 845 τῆς
1536 774 1623 826 πί-

103 892 256 938 στεως,
284 873 368 925 καὶ
399 870 749 941 μαρτυρήσας
798 868 926 940 περὶ
953 867 1138 933 αὐτοῦ,
1169 868 1264 923 καὶ
1304 866 1618 937 ὑπομείνας,

99 961 224 1030 οὗτος
246 962 440 1035 ἀληθῶς
466 961 752 1031 ἄνθρωπος
779 960 935 1015 Θεοῦ.

579 1054 973 1108 ΚΕΦΑΛΑΙΟΝ
1008 1056 1059 1107 Δ¹

102 1153 201 1205 Ὀτι
219 1148 446 1221 φρικτόν
473 1147 572 1200 καὶ
599 1148 889 1216 ὀλέθρων,
912 1148 975 1201 τὸ
1004 1147 1311 1215 ἀρνεῖσθαι
1342 1149 1616 1215 Χριστόν.

157 1245 204 1296 'U
238 1242 287 1295 δὲ
338 1239 709 1312 ἀρνησάμενος
754 1240 944 1293 ἑαυτὸν
972 1240 1209 1311 Χριστοῦ
1255 1236 1414 1304 εἶναι,
1444 1239 1531 1293 διὰ
1558 1240 1619 1294 τὸ

96 1336 153 1406 μὴ
199 1332 449 1403 μισεῖσθαι
491 1332 596 1385 ὑπὸ
644 1331 965 1403 ἀνθρώπων,
999 1332 1228 1403 φιλήσας
1278 1332 1375 1403 τὴν
1422 1332 1616 1386 ἑαυτοῦ

90 1427 232 1496 ψυχήν
275 1424 464 1497 μᾶλλον
526 1424 561 1494 ἦ
614 1424 706 1478 τὸν
748 1424 972 1495 Κύριον,
1005 1416 1065 1477 οὗ
1112 1424 1145 1494 ὴ
1187 1422 1325 1494 πνοὴ
1364 1422 1528 1477 αὑτοῦ
1558 1424 1616 1477 ὲν

91 1519 204 1589 χειρὶ
241 1516 411 1573 αὐτοῦ’
454 1510 611 1580 οὗτος
664 1516 912 1581 ἐλεεινὸς,
943 1516 1123 1578 ἄθλιος
1154 1515 1287 1585 (76),
1315 1516 1389 1579 ὼς
1417 1516 1617 1587 ἐναγὴς

91 1612 161 1663 καὶ
193 1609 474 1680 βδελυκτός·
515 1608 669 1679 φίλος
714 1609 812 1680 μὲν
853 1608 1156 1681 ἀνθρώπων
1195 1608 1426 1680 θελήσας
1453 1605 1612 1673 εἶναι,

90 1700 242 1771 ἐχθρὸς
281 1700 333 1754 δὲ
368 1700 460 1754 τοῦ
500 1699 659 1753 Θεοῦο
708 1700 898 1772 μερίδα
925 1699 1104 1754 λαϐὼν
1130 1700 1312 1754 οὑκέτι
1344 1699 1481 1771 μετὰ
1504 1700 1612 1754 τῶν

88 1794 240 1860 ἁγίων,
266 1791 395 1846 ἀλλὰ
425 1792 567 1863 μετὰ
591 1792 699 1845 τῶν
729 1792 1145 1864 κατηραμένων*
1204 1792 1324 1847 ἀντὶ
1352 1791 1463 1863 (77)
1510 1791 1611 1863 βα-

90 1882 249 1946 σιλείας
273 1884 669 1955 εὑλογημένων,
700 1885 942 1957 ποθήσας
971 1885 1030 1938 τὸ
1062 1884 1174 1957 πῦρ
1200 1884 1260 1937 τὸ
1291 1883 1529 1949 αἰώνιον,
1550 1884 1613 1939 τὸ

84 1968 431 2046 ἡτοιμασμένον
471 1976 554 2047 τῷ
600 1977 830 2048 διαϐόλῳ
873 1977 965 2031 καὶ
1004 1980 1117 2041 τοῖς
1144 1978 1397 2047 ἀγγέλοις
1424 1978 1608 2034 αὑτοῦ·

84 2067 156 2136 οὐχ
192 2069 273 2120 ὑπ’
323 2066 626 2139 ἀνθρώπων
667 2068 747 2123 ἔτι
805 2070 1145 2141 μισούμενος,
1203 2071 1317 2125 ἀλλ’
1370 2071 1475 2125 ὑπὸ
1518 2071 1612 2125 τοῦ

80 2157 185 2211 θεοῦ
233 2160 572 2231 ἀπωσμένος,
602 2162 694 2214 καὶ
735 2161 842 2215 ἀπὸ
870 2161 963 2215 τοῦ
1007 2162 1298 2233 προσώπου
1328 2161 1490 2215 αὐτοῦ
1519 2164 1613 2216 ὲκ-

82 2248 387 2320 6ε6λημὲνος.
420 2252 562 2323 Περὶ
603 2252 711 2325 γὰρ
754 2253 942 2307 τούτου
990 2255 1303 2326 ἀπεφήνατο
1332 2257 1360 2309 ὁ
1389 2255 1611 2328 Κύριος,

78 2340 232 2407 λέγων·
257 2343 471 2407 (Ὅστις
502 2344 801 2417 ἀρνήσεται
835 2362 901 2417 με
932 2345 1236 2417 ἔμπροσθεν
1265 2346 1372 2400 τῶν
1402 2346 1613 2419 ἀνθρώ-

78 2448 189 2494 πων,
217 2435 302 2486 κα).
342 2436 687 2507 ἐπαισχυνθῇ
719 2436 830 2509 (78)
856 2437 917 2490 τὸ
943 2437 1115 2508 ὅνομά
1157 2456 1279 2509 μου,
1310 2440 1615 2511 ἀρνήσομαι

75 2524 208 2578 αὐτὸν
252 2526 398 2596 κάγὼ
455 2529 555 2582 καὶ
612 2529 1113 2601 ἐπαισχυνθήσομαι
1160 2530 1269 2600 (79)
1311 2529 1615 2603 ἔμπροσθεν

75 2616 149 2669 τοῦ
175 2619 371 2690 Πατρός
401 2638 504 2691 μου
556 2620 650 2673 τοῦ
696 2622 751 2674 ὲν
782 2622 1046 2692 οὐρανοῖς.
1091 2641 1107 2673 ι
1141 2622 1248 2675 Καὶ
1277 2621 1437 2675 πάλιν
1470 2622 1615 2691 λέγει

70 2708 158 2769 rei;
212 2710 467 2782 μαθηταῖς
523 2711 713 2776 αὑτοῦ,
743 2713 873 2783 ἡμῖν
918 2713 1117 2777 αὐτοῖς,
1147 2712 1336 2777 οὕτως’
1374 2733 1392 2765 ι
1417 2714 1474 2767 Ὀ
1531 2731 1617 2783 ιρι-

71 2798 155 2850 ).ῶν
180 2802 377 2875 πατέρα
404 2804 437 2876 ῆ
474 2805 692 2876 μητέρα
722 2804 863 2876 ὑπὲρ
907 2806 1028 2876 ἐμὲ,
1061 2806 1160 2859 οὑκ
1190 2804 1301 2858 ἔστι
1324 2822 1424 2876 μου
1445 2804 1610 2869 ἄξιος·

70 2894 143 2945 καὶ
184 2896 209 2947 ὀ
242 2896 407 2963 φιλῶν
471 2897 593 2950 υἱὸν
621 2898 654 2968 ἢ
686 2897 958 2969 θυγατέρα
1009 2898 1148 2970 ὑπὲρ
1202 2898 1321 2970 ἐμὲ,
1353 2898 1451 2952 οὑκ
1502 2898 1615 2951 ἔστι

73 3004 151 3055 μου
192 2989 346 3055 ἄξιος.
380 2992 493 3045 Καὶ
522 2990 585 3053 ὃς
611 2990 671 3043 οὑ
701 2990 967 3061 λαμϐάνει
989 2990 1099 3061 (80)
1125 2991 1216 3043 τὸν
1264 2990 1490 3062 σταυρὸν
1521 2990 1618 3044 αὑ-

1724 586 1857 640 mini
1885 594 2109 656 propter
2138 602 2244 649 me,
2276 587 2330 639 in
2368 587 2739 641 testimonium
2774 588 2906 643 illis.
2942 586 3007 641 Et
3035 589 3128 659 qui
3165 606 3291 661 per-

1724 680 2056 734 severaverit
2104 695 2279 750 usque
2336 679 2391 733 in
2437 678 2619 741 linem,
2658 678 2747 733 hic
2793 681 2979 735 salvus
3021 682 3127 736 erit
3149 683 3216 739 ’³.
3261 703 3282 735 ι

1720 768 1856 825 Nam
1887 772 1981 841 qui
2015 771 2140 826 ﬁdei
2175 787 2304 842 ergo
2324 786 2521 842 passus
2549 778 2632 826 est
2662 775 3117 842 persecutionem,
3144 789 3197 831 et
3221 778 3288 834 de

1720 862 1941 919 Christo
1998 865 2374 920 testimonium
2436 863 2732 935 perhibuit,
2785 873 2838 921 et
2889 872 3285 937 perseveravit,

1720 954 1811 1010 hic
1839 964 1924 1011 est
1951 972 2077 1013 vere
2108 957 2270 1017 homo
2297 956 2413 1013 Dei.

2320 1049 2548 1106 CAPUT
2596 1050 2686 1106 ιν.

1720 1142 1872 1211 Quod
1928 1142 2244 1197 horrendum
2295 1160 2358 1196 ac
2391 1144 2606 1197 exitiale
2643 1145 2714 1197 sit
2761 1161 2946 1215 negare
2995 1144 3283 1200 Christum.

1788 1238 1890 1305 Qui
1930 1253 2059 1293 vero
2091 1252 2150 1291 se
2194 1236 2399 1291 Christi
2428 1252 2550 1291 esse
2581 1238 2877 1307 negaverit,
2915 1246 2973 1290 ut
3015 1234 3083 1293 ab
3111 1238 3290 1291 homi~

1717 1332 1879 1387 nibus
1915 1330 2041 1386 odio
2070 1345 2179 1384 non
2220 1330 2507 1393 habeatur,
2538 1329 2899 1399 dilexeritque
2949 1330 3122 1400 magis
3169 1332 3288 1384 ani-

1715 1439 1859 1478 mam
1891 1438 2046 1479 suam
2080 1437 2243 1494 quam
2273 1422 2646 1484 Dominum“,
2681 1421 2735 1476 in
2770 1421 2928 1489 cujus
2959 1437 3122 1475 manu
3151 1424 3288 1476 resi-

1713 1516 1804 1571 det
1836 1516 1995 1572 ﬂatus
2010 1515 2216 1586 ejus";
2232 1516 2319 1569 hic
2340 1515 2663 1571 miserabilis
2685 1522 2737 1569 ct
2763 1514 2947 1569 infelix
2974 1522 3079 1578 est,
3099 1523 3288 1585 utpote

1712 1608 2066 1664 exsecrabilis
2110 1615 2165 1662 et
2199 1607 2630 1673 abominandus;
2677 1608 2769 1677 qui
2818 1607 3040 1676 quidem
3073 1609 3285 1662 amicus

1712 1699 2015 1769 hominum,
2058 1700 2233 1757 hostis
2288 1709 2469 1756 autem
2520 1700 2612 1755 Dei
2656 1716 2778 1755 esse
2805 1700 3009 1768 voluit;
3040 1705 3133 1771 qui
3176 1716 3285 1755 non

1713 1793 1947 1863 amplius
1993 1803 2203 1863 partem
2243 1808 2367 1847 cum
2401 1793 2609 1848 sanctis
2636 1792 2854 1862 accipit,
2889 1793 2983 1847 sed
3014 1808 3137 1846 cum
3169 1809 3285 1846 ma-

1714 1884 1995 1941 lcdictioni
2041 1886 2305 1951 subditis;
2354 1886 2449 1955 qui
2502 1899 2606 1954 pro
2636 1900 2804 1955 regno
2850 1884 3284 1949 benedictionem

1712 1978 2057 2048 adepturum,
2087 1978 2353 2049 eXpetivit
2401 1979 2581 2048 ignem
2621 1978 3037 2048 sempiternum,
3069 1976 3288 2031 diabolo

1713 2074 1767 2122 et
1792 2066 1998 2136 angelis
2036 2067 2155 2137 ejus
2186 2075 2434 2135 paratum
2455 2068 2535 2133 ‘5;
2567 2067 2660 2137 qui
2692 2083 2798 2121 non
2829 2067 2939 2137 jam
2963 2068 3030 2122 ab
3056 2069 3292 2123 homin?-

1714 2158 1816 2214 bus
1844 2159 2034 2213 odium
2059 2168 2323 2229 reportat,
2351 2159 2445 2214 sed
2472 2176 2499 2213 a
2528 2159 2638 2214 Deo
2661 2162 2864 2230 patitur
2891 2160 3289 2228 expulsiom-m,

1712 2261 1767 2307 et
1800 2267 1829 2307 a
1870 2251 2010 2307 faeie
2034 2252 2154 2321 ejus
2186 2252 2421 2322 ejieitur.
2452 2252 2527 2307 De
2557 2252 2662 2308 hoc
2689 2252 2886 2322 quippe
2915 2253 3288 2320 pronuntiavit

1714 2342 2000 2411 Dominus,
2034 2347 2223 2402 dicens
2260 2366 2272 2401 :
2314 2365 2331 2398 ι
2369 2345 2472 2413 Qui
2514 2346 2792 2417 negaverit
2836 2361 2923 2400 me
2957 2361 3141 2399 coram
3185 2346 3286 2399 ho-

1714 2439 1977 2503 minibus,
2013 2446 2067 2493 et
2101 2438 2384 2493 erubuerit
2413 2453 2612 2492 nomen
2643 2453 2821 2491 meum
2844 2454 2857 2502 ;
2880 2436 3085 2506 negabo
3108 2444 3161 2489 et
3190 2452 3290 2506 ego

1714 2545 1836 2585 eum
1869 2545 1933 2583 ac
1962 2529 2286 2585 erubescam
2339 2545 2524 2584 coram
2573 2528 2728 2583 Patre
2759 2544 2899 2590 meo,
2924 2529 3015 2598 qui
3054 2529 3108 2582 in
3137 2529 3291 2583 cmlis

1713 2630 1797 2678 est
1819 2623 1886 2677 ’7.
1927 2641 1946 2673 ›
1988 2621 2056 2675 Et
2090 2622 2286 2676 iterum
2331 2622 2625 2691 discipulis
2656 2622 2794 2683 suis,
2824 2621 2983 2675 nobis
3024 2621 3180 2691 ipsis,
3210 2621 3290 2675 sie

1715 2716 1789 2768 ait
1820 2732 1833 2769 :
1866 2732 1884 2765 ι
1923 2713 2025 2780 Qui
2057 2722 2201 2768 amat
2225 2720 2431 2785 patrem
2463 2721 2556 2767 aut
2586 2721 2810 2768 matrem
2837 2714 2958 2783 plus
2984 2730 3147 2784 quam
3181 2730 3287 2776 me,

1714 2823 1825 2861 non
1858 2814 1942 2862 est
1978 2822 2064 2862 me
2107 2807 2306 2876 dignus
2342 2824 2355 2861 :
2387 2814 2440 2861 et
2475 2807 2568 2876 qui
2602 2814 2750 2860 amat
2802 2807 2970 2861 lilium
2999 2814 3092 2860 aut
3125 2806 3290 2860 ﬁliam

1717 2914 1883 2969 super
1917 2914 2167 2962 me,.non
2212 2905 2298 2955 est
2344 2915 2429 2953 me
2478 2898 2698 2969 dignus.
2734 2898 2798 2951 Et
2828 2900 2919 2969 qui
2952 2915 3061 2955 non
3093 2899 3292 2969 accipit

1717 3007 1935 3046 crucem
1968 3008 2143 3053 suam,
2170 2999 2223 3046 et
2254 2992 2501 3061 sequitur
2529 3007 2642 3055 me,
2684 3007 2793 3045 non
2839 3000 2924 3047 est
2953 3007 3039 3047 me
3070 2992 3287 3062 dignus.

67 3078 157 3139 τοῦ,
190 3083 273 3136 καὶ
302 3083 599 3137 ἀκολουθεῖ
651 3082 825 3135 ὀπίσω
883 3100 1005 3153 μου,
1037 3084 1136 3135 οὑκ
1176 3082 1287 3135 ἔστι
1318 3100 1417 3153 μου
1447 3081 1613 3147 ἄξιος.

1723 3083 1821 3150 Qui
1849 3084 2055 3139 invenit
2079 3084 2315 3137 animam
2346 3099 2522 3149 suam,
2545 3082 2732 3153 perdet
2754 3084 2898 3136 illam
2922 3101 2937 3149 ;
2973 3092 3023 3138 et
3051 3086 3141 3153 qui
3170 3100 3293 3154 per-
3337 3091 3341 3095 '

88 3174 121 3223 Ο
148 3174 306 3245 εὑρὼν
348 3177 452 3248 τὴν
510 3175 691 3247 ψυχὴν
734 3174 921 3237 αὑτοῦ,
952 3174 1203 3228 ἀπολέσει
1231 3175 1418 3245 αὑτήν·
1454 3176 1546 3229 καὶ
1585 3176 1615 3229 ό

66 3264 299 3329 ἀπολέσας
326 3269 428 3337 τὴν
460 3268 645 3338 ψυχὴν
672 3267 835 3321 αὑτοῦ
863 3268 1047 3320 ἕνεκεν
1079 3266 1235 3337 ἐμοῦ,
1270 3267 1489 3337 εὑρήσει
1517 3266 1616 3321 αὑ·-

64 3357 157 3425 τήν.
188 3358 246 3410 Τί
296 3360 407 3432 γὰρ
468 3360 762 3428 ὠφελεῖται
806 3359 1109 3430 ἄνθρωπος,
1143 3357 1236 3411 ἐὰν
1290 3358 1381 3410 τὸν
1414 3357 1615 3428 κόσμον

60 3448 155 3499 ὅλον
205 3452 469 3526 κερδήσῃ,
502 3453 607 3524 τὴν
660 3452 717 3505 δὲ
761 3451 937 3524 ψυχὴν
982 3448 1149 3504 αὑτοῦ
1195 3448 1471 3521 ζημιωθῇ;
1500 3448 1533 3519 ἢ
1564 3449 1617 3502 τί

58 3538 191 3594 δώσει
242 3544 540 3616 ἄνθρωπος
595 3544 947 3614 ἀντάλλαγμα
990 3544 1088 3614 τῆς
1135 3541 1312 3613 ψυχῆς
1355 3537 1553 3604 αὖτοδὶ
1593 3560 1610 3591 ³

58 3633 143 3686 Καὶ
169 3635 305 3708 ἑξῆς*
348 3638 479 3709 (Μὴ
516 3636 789 3709 φοϐηθῆτε
830 3636 938 3689 ἀπὸ
965 3636 1071 3688 τῶν
1102 3633 1523 3688 ἀποκτεινόντων
1557 3633 1618 3686 τὸ

57 3725 209 3795 σῶμα,
236 3729 334 3800 τὴν
384 3731 447 3784 δὲ
493 3729 674 3801 ψυχὴν
708 3730 781 3801 μὴ
810 3729 1119 3799 δυναμένων
1161 3728 1494 3782 ἀποκτεῖναι·
1525 3744 1619 3797 φο-

52 3818 224 3893 ϐήθητε
278 3824 335 3878 δὲ
400 3824 613 3895 μᾶλλον
664 3822 956 3893 δυνάμενον
1003 3821 1096 3874 καὶ
1133 3819 1311 3891 ψυχὴν
1340 3818 1620 3889 καὶσῶμα

51 3914 284 3970 ἀπολέσαι
315 3919 375 3970 ὲν
408 3918 634 3987 γεέννῃ.
676 3936 693 3967 ι

593 4029 983 4083 ΚΕΦΑΛᾹῙΟΝ
1024 4028 1099 4080 E'.

142 4122 260 4174 Ὀτι
284 4121 598 4203 χειμῃτέᾳν
624 4119 882 4203 Χριστύγ
907 4120 977 4199 ἐς
1003 4118 1082 4203 σῷ
1110 4117 1386 4203 πάσχειν,
1418 4118 1517 4171 καὶ

298 4189 615 4260 ζήλωτέον
651 4190 765 4258 τὴν
793 4189 978 4243 αὐτοῦ
1006 4189 1337 4257 ὑπομονήν.

105 4284 209 4346 Πᾶς
253 4280 350 4338 οὖν
396 4282 699 4354 μανθάνων
727 4281 921 4352 τέχνην
946 4279 1088 4344 τινὰ,
1120 4279 1332 4349 βλέπων
1363 4280 1455 4333 τὸν
1481 4280 1624 4334 διδά-

46 4376 218 4429 τκαλον
246 4376 448 4441 αὑτοῦ,
487 4375 583 4430 διὰ
608 4375 704 4446 τῆς
760 4373 1042 4445 ἐνεργείας
1071 4373 1163 4426 καί
1189 4372 1478 4444 ἐμπειρίας
1511 4373 1621 4443 (81)

1716 3175 1916 3231 diderit
1944 3175 2183 3231 animam
2235 3191 2389 3231 suam
2420 3183 2646 3245 pr0pter
2676 3190 2782 3238 me,
2818 3175 3054 3230 inveniet
3082 3176 3283 3229 eam“.

1715 3266 1860 3335 Quid
1890 3269 2036 3323 enim
2070 3266 2294 3338 prodest
2326 3268 2553 3334 homini,
2587 3268 2634 3323 si
2670 3267 2933 3322 mundum
2973 3269 3287 3323 universum

1716 3359 1977 3423 lucretur,
2011 3361 2206 3414 animae
2245 3374 2376 3414 vero
2423 3375 2535 3415 suae
2572 3359 2959 3414 detrimentum
3009 3360 3291 3429 patiatur?

1716 3453 1824 3507 Aut
1865 3468 2028 3523 quam
2062 3452 2212 3508 dabit
2264 3453 2428 3507 homo
2465 3452 2949 3508 commutationem
2980 3466 3080 3521 pro
3108 3451 3290 3505 anima

1717 3564 1817 3603 sua
1833 3548 1920 3602 "?
1957 3567 1975 3599 ι
2012 3546 2077 3600 Ει
2099 3556 2359 3617 praeterea
2396 3565 2408 3600 :
2449 3564 2467 3597 ι
2502 3545 2678 3600 Nolite
2702 3545 2892 3599 timere
2919 3559 3015 3599 eos
3030 3543 3123 3613 qui
3151 3544 3294 3597 occi-

1717 3640 1852 3694 dunt
1881 3654 2103 3709 corpus,
2133 3638 2370 3693 animam
2402 3644 2585 3691 autem
2607 3652 2714 3691 non
2744 3643 2975 3707 possunt
2999 3635 3249 3690 occidere
3274 3654 3288 3689 :

1718 3734 1812 3789 sed
1848 3733 2029 3804 potius
2074 3733 2261 3787 timete
2324 3747 2449 3786 eum
2502 3729 2593 3801 qui
2648 3737 2828 3800 potest
2867 3736 2923 3784 et
2971 3729 3208 3783 animam
3237 3737 3292 3784 et

1719 3840 1918 3896 corpus
1952 3823 2179 3896 perdere
2211 3826 2265 3878 in
2294 3824 2598 3895 gehennam
2622 3824 2710 3877 m.
2753 3842 2771 3874 ι

2332 4024 2562 4081 CAPUT
2604 4025 2667 4080 ν.

1807 4120 1960 4187 Quod
1984 4120 2187 4174 imitari
2216 4128 2450 4187 oporteat
2485 4118 2753 4175 Christum
2782 4120 2835 4171 in
2859 4117 3128 4187 patiendo,
3161 4125 3210 4171 et

2106 4191 2349 4244 wmulari
2380 4190 2528 4243 illius
2553 4190 2911 4242 tolerantiam.

1795 4281 2057 4353 Quisquis
2086 4298 2220 4339 sane
2252 4291 2423 4338 artem
2454 4282 2693 4352 aliquam
2725 4282 2910 4345 discit,
2944 4282 3136 4337 videns
3176 4297 3294 4336 ma-

1726 4376 1954 4446 gistrum
1987 4391 2168 4438 suum,
2186 4376 2501 4446 operatione
2523 4382 2578 4429 et
2600 4374 2791 4445 peritia
2815 4374 3103 4429 artiﬁcium
3133 4390 3291 4429 suum

43 4469 401 4537 ἀπαρτίζοντα
432 4470 544 4540 τὴν
564 4468 758 4538 τέχνην
786 4464 972 4527 αὑτοῦ,
995 4465 1088 4518 κα)¹
1117 4464 1277 4528 αὐτὸς
1306 4465 1457 4536 ζηλοῖ
1487 4466 1617 4537 (82),

1725 4467 2005 4537 perlicere,
2041 4477 2094 4522 et
2122 4468 2238 4538 ipse
2268 4467 2507 4532 allectat,
2532 4474 2592 4521 ut
2614 4464 2758 4537 quod
2788 4466 2951 4520 habet
2977 4481 3089 4536 prae
3118 4468 3296 4520 mani-

40 4559 204 4628 ὅμοεον
251 4563 413 4634 αὑτῷ
470 4561 591 4632 (85)
650 4557 968 4631 ποιήσεσθαι
1018 4556 1080 4609 τὸ
1120 4556 1480 4627 ὲγχειρισθέν’
1527 4557 1622 4611 ἐὰν

1727 4560 1850 4623 bus,
1888 4560 1968 4614 illi
1995 4561 2173 4615 simile
2201 4559 2437 4627 efliciat;
2467 4559 2613 4630 quod
2646 4558 2693 4614 si
2729 4573 2841 4613 non
2884 4558 3153 4623 valuerit,
3182 4574 3292 4612 non

129 4717 171 4747 ”
196 4716 364 4773 Joan.
405 4734 532 4776 xw.
563 4718 665 4783 33;
708 4715 894 4770 Matth.
931 4733 985 4781 ι,
1020 4715 1108 4781 17,
1164 4715 1254 4771 22.
1330 4716 1376 4748 ’⁵
1400 4713 1559 4785 Joan.
1589 4732 1617 4769 ι

1723 4716 1807 4772 25.
1884 4719 1929 4749 ’⁸
1955 4718 2089 4773 Dan.
2116 4736 2167 4781 ν,
2190 4719 2281 4773 25.
2356 4716 2604 4772 “Matth.
2640 4734 2765 4772 xxv.
2832 4716 2875 4747 ³⁷
2900 4716 3032 4771 Luc.
3067 4732 3145 4780 ιχ,
3196 4715 3286 4772 26.

33 4785 71 4815 ιι
96 4788 283 4845 Mam).
330 4807 393 4853 ι,
445 4788 644 4843 57-59,
715 4786 959 4841 “Matth.
1008 4802 1121 4851 xv1,
1150 4785 1241 4841 26.
1312 4786 1378 4817 ¹⁰⁰
1409 4785 1783 4850 Mattli.x,28.

1377 4941 1736 4999 VARIORUM
1771 4944 1982 5000 NOTAE

88 5102 200 5177 (75)
236 5106 529 5177 Ἄλλην.
576 5102 727 5158 Alter
771 5104 987 5174 ἑτέραν,
1040 5115 1161 5171 quae
1190 5114 1350 5155 voces
1396 5100 1628 5156 confun-

32 5174 236 5229 duntur.
279 5176 475 5236 Cum.

90 5246 200 5315 (76)
241 5249 543 5310 Ἀθλιος.
567 5245 714 5301 Alter
746 5242 869 5301 cod.
898 5242 1047 5297 addit
1072 5240 1201 5361 huic]:
1234 5240 1354 5295 voci
1380 5243 1625 5310 φευκτάς.

1205 5328 1257 5364 ι).

89 5388 200 5455 (77)
246 5388 460 5443 Ἀντί.
504 5386 652 5441 Alter
680 5384 803 5455 cod.
859 5382 1091 5455 praeﬁgit
1120 5382 1234 5437 καί.
1266 5380 1346 5438 1ο.

89 5452 197 5525 (78)
234 5458 362 5513 Καὶ
396 5453 811 5525 ἑπαισχω·θή.
844 5455 968 5509 llzec
989 5452 1041 5509 et
1062 5452 1170 5506 duo
1193 5468 1343 5521 seqq.
1368 5455 1629 5509 voeabula

1731 5105 1877 5166 ὅπως
1916 5102 2165 5174 Ἰωάννης
2196 5102 2503 5174 ἐϐάπτισεν,
2536 5101 2622 5174 ἵνα
2645 5099 2743 5174 τῂν
2785 5098 2991 5174 ἐκεῖθεν
3024 5096 3294 5174 ἀἰσχύνην

1732 5178 1800 5245 τῇ
1833 5173 2061 5247 ενταῦθα
2082 5169 2298 5247 λῲύγῃς.
2334 5172 2466 5239 Qua:
2491 5171 2655 5226 verba
2682 5169 2735 5223 in
2786 5169 3291 5247 AnastasiiQuaest.

1734 5238 1800 5300 cf
1829 5243 1884 5308 6,
1933 5260 1985 5314 p.
2031 5238 2127 5306 62,
2164 5238 2422 5299 dicuntur
2448 5256 2658 5314 esseet:
2678 5241 2935 5314 oratione
2979 5239 3032 5293 in
3064 5238 3290 5314 lumina,

1732 5309 2051 5385 perperam;
2113 5330 2239 5369 cum
2290 5314 2401 5368 sint
2456 5312 2721 5367 orationis
2772 5312 2827 5365 in
2874 5317 3121 5366 sanctum
3160 5309 3294 5377 bap-

1732 5384 1915 5442 tisma.
1941 5384 2078 5441 Cor.

1805 5455 1915 5527 (80)
1946 5457 2049 5527 Ὃς
2097 5457 2168 5509 οὐ
2213 5454 2515 5527 λαμϐἀῖει.
2562 5451 2687 5506 Haec
2732 5458 2785 5507 et
2827 5466 2978 5520 seqq.
3023 5448 3089 5504 ad
3135 5445 3297 5514 ἄξιος

32 5523 216 5583 legum
267 5533 333 5585 in
392 5523 773 5590 altero—eod”
805 5536 865 5579 ut
917 5533 970 5580 et
1016 5539 1170 5593 seqq.
1204 5525 1617 5595 ἐπαισχυνθήσο-

1739 5523 1934 5581 desunt
1965 5526 2015 5578 in
2049 5527 2219 5580 altero
2248 5523 2368 5580 ced.
2401 5523 2571 5595 (Itan.

32 5616 142 5664 μαι.
176 5599 251 5655 In.

89 5672 103 5735 ί
114 5670 199 5737 79)
242 5667 894 5736 Ἐπαισχυνθήσομαι.
922 5665 1227 5737 Eleganter,
1258 5665 1571 5737 utqpmnia,
1601 5667 1631 5737 ό

32 5740 361 5841 ίίεορἒήμων
404 5738 721 5806 Gregorius
741 5734 899 5793 Νη..
930 5734 1133 5797 orfliO,
1181 5750 1235 5803 p.
1278 5734 1401 5798 657,
1426 5734 1469 5788 A
1498 5754 1510 5788 :
1536 5735 1627 5806 Μὴ

34 5812 131 5841 έμρ..
171 5828 361 5841 .-.κη
434 5807 799 5841 ἑεηνρ.ηρττρηι
852 5824 943 5841 ηπ..
995 5807 1093 5841 ...ιω
1152 5804 1419 5841 ἆσιηΜῖηυ
1476 5803 1627 5841 cm}...-

33 5787 361 5882 ὰπᾶᾗῶἓῃς
432 5787 800 5881 ὲξαςγορεῦσαί
852 5824 943 5860 σου
995 5807 1093 5877 τὴν
1152 5787 1419 5875 ἁμαρτίαν
1475 5787 1628 5869 εἰδὼς

1810 5596 1922 5666 (81)
1951 5597 2061 5653 Kal
2089 5596 2408 5664 ἐμπειρίας.
2434 5593 2660 5666 Desmit
2684 5592 2738 5666 in
2764 5592 2934 5666 altero
2955 5588 3077 5645 cod.
3108 5585 3186 5647 ID.

1808 5660 1920 5736 (82)
1944 5660 2143 5734 Ζηλοῗ.
2170 5660 2321 5720 Alter
2347 5665 2469 5719 cod.
2504 5662 2808 5736 σπουδαζει.
2835 5660 2908 5717 In.

1810 5731 1922 5810 (85)
1952 5731 2141 5803 Αὐτῷ.
2176 5736 2338 5793 Deest
2373 5735 2427 5790 in
2458 5735 2649 5790 altero.
2682 5731 2757 5789 In.
