3880 6332
651 285 757 342 835

1489 287 1546 341 S.
1586 283 1976 344 CLEMENTIS
2018 289 2037 343 Ι
2075 287 2219 344 ROM

2328 282 2483 344 om.
2526 283 2756 344 ()PERA
2790 285 3017 346 DUBIA.
3667 307 3732 362 επ

652 408 738 457 est
780 401 835 455 in
881 414 1043 470 opere
1082 399 1375 470 perfectus.
1416 400 1482 454 Et
1528 416 1628 457 nos
1683 402 1846 472 igitur
1888 401 2209 470 magistrum

2328 402 2389 474 ιὴ
2436 402 2714 476 ἐξισχύσῃ,
2744 403 2843 457 οὐκ
2894 403 3008 456 ἐστι
3060 401 3440 475 τετελειωμένος
3474 407 3524 460 ὲν
3545 411 3607 482 τῷ
3627 413 3737 487 ιργφ,

655 493 916 546 habentes
986 491 1272 546 Dominum
1337 501 1585 546 nostrum
1658 490 1843 547 Jesum
1906 487 2204 558 Christum,

652 598 820 654 quare
850 582 1152 636 doctrinam
1190 583 1310 652 ejus
1347 598 1458 636 non
1491 583 1801 638 imitamur?
1823 581 2089 648 Quoniam
2120 582 2208 637 ille

653 675 868 743 quidem
894 674 1224 729 renuntiavit
1245 675 1495 737 licentiae,
1515 674 1744 737 deliciis,
1763 675 1967 746 gloriae,
1981 673 2205 738 divitiis,

653 764 839 830 fastui,
872 766 1126 835 potentia:
1178 765 1385 830 ultrici,
1437 767 1600 820 matri
1657 781 1722 820 ac
1776 766 2058 828 fratribus,
2093 773 2206 819 tum

652 857 814 911 etiam
857 857 1088 926 propriae
1137 857 1294 923 vitae;
1329 856 1493 927 idque
1539 857 1610 912 ob
1645 857 1900 927 pietatem
1944 871 2074 927 erga
2106 855 2211 910 Pa-

653 957 812 1012 trem,
835 956 888 1004 et
919 949 989 1003 ob
1019 948 1407 1019 benignitatem
1443 948 1496 1002 in
1525 963 1659 1016 nos;
1692 963 1888 1018 passus
1916 963 2024 1002 non
2051 948 2210 1002 modo

655 1040 1088 1109 persecutionem
1138 1055 1202 1094 ac
1261 1040 1509 1103 verbera,
1557 1039 1910 1109 ignominiam
1959 1053 2023 1092 ac
2070 1039 2210 1092 ludi-

656 1131 856 1194 brium,
883 1132 976 1186 sed
1000 1139 1052 1185 et
1068 1132 1178 1200 jam
1207 1132 1634 1200 compactionem
1674 1131 1740 1184 ad
1775 1130 1981 1200 lignum
2007 1131 2207 1194 crucis,

661 1238 772 1292 quo
800 1222 1018 1278 Judzeos
1049 1224 1381 1293 gentilesque
1423 1238 1519 1291 per
1553 1223 1926 1292 ptenitentiam
1957 1223 2208 1279 salvaret.

660 1313 718 1368 Si
750 1330 880 1385 ergo
922 1316 1012 1369 ille
1042 1317 1216 1369 nostri
1255 1316 1427 1384 gratia
1463 1315 1792 1369 renuntiavit
1820 1316 1942 1369 vitae
1971 1315 2118 1368 molli
2149 1329 2213 1369 ac

656 1406 872 1475 quietae,
893 1422 992 1460 nec
1018 1407 1234 1462 erubuit
1260 1421 1500 1470 crucem,
1523 1421 1624 1460 nec
1654 1413 1881 1460 mortem
1909 1421 2029 1461 esse
2059 1406 2214 1476 igno-

657 1497 947 1552 miniosam
975 1498 1336 1565 existimavit;
1370 1513 1474 1566 qua
1504 1497 1573 1552 de
1601 1511 1764 1552 causa
1802 1512 1904 1550 nos
1931 1497 2214 1566 passiones

666 1588 787 1657 ejus
840 1604 947 1642 non
996 1588 1291 1652 imitamur,
1343 1597 1392 1642 et
1427 1596 1646 1658 propter
1686 1603 1831 1651 eum,
1866 1588 1967 1658 ipsi
2001 1603 2216 1658 quoque

660 1680 784 1733 vitae
846 1687 1048 1734 nostrae
1094 1680 1344 1733 nuntium
1397 1695 1506 1734 non
1554 1674 1901 1744 remiltimus,
1955 1679 2216 1749 largiente

657 1773 817 1827 nobis
856 1772 972 1842 ipso
997 1771 1371 1827 tolerantiam?
1390 1770 1483 1826 llle
1511 1771 1654 1826 enim
1676 1780 1862 1825 nostra
1891 1785 2084 1837 causa;
2116 1785 2218 1826 nos
2249 1751 2290 1804 Β

658 1882 785 1922 vero
814 1873 1034 1936 propter
1074 1880 1173 1919 nos
1216 1865 1386 1933 ipsos.
1414 1861 1598 1933 Neque
1621 1863 1764 1918 enim
1803 1863 1963 1918 nobis
1990 1862 2217 1934 indiget,

664 1959 758 2013 sed
809 1975 908 2013 nos
956 1959 1130 2028 ipsius
1170 1956 1545 2011 misericordia
1601 1955 1924 2026 indigemus.
1981 1955 2218 2011 Tantum

656 2066 784 2106 vero
803 2067 832 2104 a
857 2050 1012 2105 nobis
1035 2049 1274 2120 postulat
1303 2049 1459 2102 Iidem
1485 2047 1754 2102 sinceram
1771 2054 1823 2102 et
1837 2047 2216 2102 voluntariam.

656 2141 1118 2209 Quemadmodum
1140 2141 1214 2195 ait
1245 2139 1524 2209 Scriptura
1545 2139 1562 2169 ¹
1593 2157 1607 2194 :
1644 2157 1664 2190 ι
1698 2137 1754 2192 Si
1773 2139 1954 2208 justus
1983 2154 2063 2202 es,
2088 2139 2215 2210 quid

657 2233 814 2288 dabis
855 2233 945 2300 ei;
1007 2242 1100 2288 aut
1147 2231 1278 2303 quid
1308 2232 1376 2286 de
1435 2246 1600 2285 manu
1649 2239 1742 2285 tua
1781 2231 2054 2302 accipiet?
2088 2231 2219 2286 Viro

657 2324 823 2379 simili
866 2325 943 2379 tui
989 2325 1236 2395 impietas
1281 2333 1390 2386 tua,
1443 2332 1496 2377 et
1559 2320 1672 2377 ﬁlio
1724 2322 1961 2379 hominis
2006 2323 2220 2394 justitia

657 2427 771 2472 tua.
805 2437 823 2470 ι

1257 2508 1486 2564 CAPUT
1527 2509 1617 2565 Vl.

658 2601 810 2670 Quod
850 2611 1047 2671 oportet
1081 2601 1283 2670 ﬁdelem
1312 2620 1470 2673 neque
1510 2601 1843 2656 temerarium
1875 2616 1986 2673 esse
2011 2608 2220 2673 propter

728 2675 1089 2735 securitatem,
1115 2689 1271 2740 neque
1303 2671 1660 2727 meticulosum
1688 2680 1896 2741 propter
1920 2671 2179 2740 ignaviam
2197 2685 2215 2722 :

729 2743 817 2796 sed
847 2745 1023 2811 fugere
1048 2753 1257 2809 propter
1280 2744 1609 2804 cautionem;
1637 2752 1684 2795 et
1708 2758 1824 2793 cum
1854 2741 1906 2793 in
1929 2742 2214 2808 periculum

729 2813 988 2876 inciderit,
1022 2817 1284 2866 decertare
1307 2812 1368 2866 ob
1391 2814 1670 2881 repositam
1698 2827 1967 2864 coronam.

728 2903 1124 2959 Renuntiemus
1168 2919 1296 2974 ergo
1333 2904 1673 2973 parentibus,
1705 2903 1973 2973 cognatis,
2004 2901 2214 2967 amicis,

660 2996 839 3060 uxori,
864 2995 1070 3058 liberis,
1102 2996 1560 3064 possessionibus,
1609 3003 1664 3049 et
1690 2995 1944 3050 omnibus
1973 2994 2095 3047 vitae
2123 2993 2217 3048 bo-

2307 495 2416 547 Kat‘t
2443 495 2602 564 ἡμεῖς
2628 493 2740 557 οὖν,
2773 495 2984 566 ἔχοντες
3025 495 3326 548 διδάσκαλον
3350 497 3432 550 τὸν
3457 500 3620 571 Κύριον
3640 507 3741 576 ἡμῶν

2322 585 2525 657 Ἰησοῦν
2563 587 2652 639 τδν
2684 586 2936 658 Χριστὸν,
2965 585 3054 639 διὰ
3081 587 3132 640 τί
3159 587 3216 639 οὐ
3247 589 3524 659 μιμούμεθα
3539 595 3617 663 τὴν
3637 598 3744 653 αὑτοῦ

2307 677 2558 748 διδαχήνς
2590 679 2670 730 ὅτι
2699 679 2904 742 ἐκεῖνος
2953 678 3048 749 μὲν
3097 679 3386 744 ἀπετάξατο
3421 683 3589 748 ἀνέσει,
3611 697 3746 763 τρυφῇ,

2308 769 2454 842 δόξῃ,
2486 770 2720 840 πλούτῳ,
2767 770 2939 840 τύφῳ,
2987 770 3207 841 δυνάμει
3250 774 3513 845 ἀμυντικῇ,
3543 779 3670 848 μητρὶ
3691 786 3748 834 ml

2309 859 2575 930 ἀδελφοῖς,
2604 861 2703 932 ἥδη
2733 860 2790 913 δὲ
2817 862 2912 914 καὶ
2939 864 3005 932 τῇ
3033 861 3206 932 οἰκείᾳ
3231 861 3448 934 comta
3473 866 3556 936 τὴν
3578 868 3679 938 πρὸς
3695 873 3749 923 τὸν

2310 951 2526 1023 Πατέρα
2561 951 2837 1006 εὐσέϐειαν
2868 951 3000 1022 (84),
3031 953 3124 1005 καὶ
3167 954 3260 1024 τὴν
3287 957 3362 1017 είς
3385 956 3512 1025 ἡμᾶς
3537 959 3750 1031 φιλανθρω.

2311 1044 2461 1106 πίαν,
2493 1044 2788 1115 ὑπομείνας
2807 1045 2866 1098 οὐ
2891 1044 3046 1115 μόνον
3073 1045 3306 1114 διωγμὸν
3333 1049 3419 1099 καὶ
3434 1046 3530 1118 (85)
3547 1050 3750 1120 μάστιγας,

2312 1135 2609 1206 ὀνειδισμὸν
2637 1137 2730 1189 καὶ
2761 1136 3090 1208 ὲμπαιγμὸν,
3121 1137 3234 1190 ἀλλ’
3264 1137 3360 1207 ήδη
3381 1139 3467 1190 καὶ
3491 1141 3574 1210 τὴν
3605 1141 3753 1211 tat/isi

2311 1227 2465 1294 ξύλον
2507 1226 2807 1298 πρόσπηξιν
2839 1227 2972 1299 (86),
3001 1228 3148 1290 ὅπως
3187 1227 3451 1292 Ἰουδαίους
3474 1231 3554 1282 καὶ
3579 1231 3754 1303 ἝῺῃνις

2316 1319 2747 1390 μετανοήσαντας
2793 1317 2960 1391 σώσῃ.
2991 1319 3054 1372 Εἰ
3083 1314 3176 1372 οὖν
3212 1318 3366 1382 αὐτὸς
3390 1320 3448 1372 δι’
3477 1322 3598 1390 ἡμᾶς
3627 1324 3756 1376 ἀτιτά-

2303 1406 2430 1473 ξατο
2451 1406 2778 1474 ἀναπαύσει,
2811 1407 2886 1480 μὴ
2913 1409 3291 1480 ὲπαισχυνθεὶς
3311 1411 3537 1482 σταυρὸν,
3562 1410 3619 1480 μὴ
3642 1412 3757 1484 ὰὸοῇ.

2305 1517 2403 1564 σας
2421 1501 2512 1555 τὸν
2527 1501 2776 1565 Θάνατον,
2799 1501 2943 1565 τίνος
2963 1501 3148 1554 ἕνεκεν
3174 1503 3331 1572 ἡμεῖς
3353 1502 3456 1571 (87)
3470 1502 3524 1554 οὐ
3542 1504 3756 1575 μιμούμιίη

2315 1591 2478 1645 αὑτοῦ
2527 1591 2598 1646 τὰ
2639 1591 2808 1663 πάθη,
2839 1593 2935 1646 καὶ
2976 1593 3388 1664 ἀποτασσόμεθα
3422 1593 3545 1665 ὑπὲρ
3567 1595 3686 1647 αὺτοῦ
3706 1598 3758 1647 καὶ

2315 1685 2453 1755 αὐτῇ
2483 1685 2549 1754 τῇ
2582 1683 2694 1754 ζωῇ
2740 1682 2916 1753 ἡμῶν,
2944 1684 3176 1748 διδόντος
3231 1683 3390 1738 αὑτοῦ
3444 1687 3557 1755 ἡμῖν
3588 1686 3661 1755 τὴν
3681 1686 3758 1737 ὑπο

2323 1776 2525 1845 μονήν;
2595 1776 2827 1838 Ἐκεῖνος
2883 1776 2980 1846 μὲν
3036 1775 3145 1848 γὰρ
3194 1776 3258 1829 δι’
3287 1777 3426 1846 ἡμᾶς
3453 1777 3570 1846 (88),
3605 1777 3759 1846 ἠμείςεὲ

2315 1866 2381 1920 δι’
2439 1865 2678 1930 ἑαυτούς.
2709 1867 2784 1920 Οὐ
2832 1865 2937 1938 γὰρ
2989 1867 3180 1938 χρῄζει
3209 1867 3359 1938 ἡμῶν
3402 1867 3562 1930 αὐτὸς,
3596 1868 3706 1937 ipsi;

2315 1958 2410 2012 τοῦ
2465 1959 2647 2023 ἐλέους
2701 1959 2864 2014 αὐτοῦ
2898 1959 3028 2031 (89).
3073 1960 3250 2013 Μόνον
3291 1959 3347 2012 δὲ
3397 1959 3454 2012 τὸ
3501 1959 3582 2029 τῆς
3615 1959 3762 2017 πίστεως

2317 2050 2472 2123 ἡμῶν
2543 2053 2762 2124 γνήσιον
2817 2051 3064 2122 ἐπιζητεί
3104 2053 3200 2105 καὶ
3259 2050 3553 2122 αὐθαίρετον
3589 2049 3681 2118 (90).
3707 2049 3762 2108 Ὃς

2318 2160 2480 2214 φησιν
2525 2144 2558 2213 ἡ
2609 2144 2868 2214 Γραφήί
2905 2144 2967 2196 Εἰ
2994 2143 3202 2206 δίκαιος
3257 2139 3325 2206 εί,
3372 2142 3424 2194 τί
3469 2141 3624 2204 δώσεις
3663 2140 3761 2207 αὐτῷ.
3830 2137 3831 2144 “

2317 2235 2350 2303 ἢ
2382 2234 2434 2286 τί
2493 2236 2556 2288 ὲκ
2609 2235 2791 2306 χειρός
2845 2252 2937 2288 σου
2995 2235 3260 2306 λήψεταις
3289 2234 3437 2305 ἀνδρὶ
3472 2234 3540 2304 τῷ
3571 2233 3690 2302 ὁμοίῳ
3707 2247 3760 2281 σου

2317 2327 2351 2396 ἡ
2382 2325 2604 2380 ἀσέϐεια
2635 2326 2745 2398 (91)
2780 2344 2894 2391 σου,
2926 2327 3018 2380 καὶ
3047 2327 3149 2398 υίῷ
3178 2324 3458 2398 ἀνθρώπου
3499 2327 3528 2396 ἡ
3559 2319 3760 2391 δικειοὰύιιη

2320 2435 2434 2472 σου.
2477 2437 2496 2470 ι

2309 2505 2318 2515 '
2834 2511 3229 2566 ΚΕΦΑΛΑΙΟΝ
3267 2513 3358 2579 cr.

2317 2606 2436 2659 Ὅτι
2459 2602 2575 2673 χρὴ
2599 2601 2708 2656 τὸν
2732 2603 2954 2674 πιστὸν
2979 2603 3134 2674 μήτε
3153 2595 3764 2674 ῥιψοκίνδυνονλεῖναι

2387 2669 2744 2741 ἀοίᾷάλειαν,
2784 2672 2936 2742 μήτε
2971 2669 3330 2742 ineptae-ﬁer
3360 2671 3654 2738 ἀνανδρίαν·
3675 2669 3764 2742 alii;

2386 2740 2484 2796 καὶ
2536 2740 2905 2812 φεύγεινίδί
2957 2740 3276 2809 εὐλάϐειαν
3298 2782 3312 2804 ,
3369 2742 3458 2794 καὶ
3509 2740 3763 2812 ἐμπεσόντα,

2384 2809 2770 2882 ἀγωνίζεσθαι
2797 2811 2893 2864 διὰ
2921 2812 3026 2865 τὸν
3051 2813 3446 2880 ἀποκείμενον
3471 2809 3715 2878 στέφανον.

2397 2905 2591 2957 ’Δποτα
2598 2903 2810 2974 ξώμεθα
2819 2901 2909 2957 οὖν
2921 2905 3012 2956 καὶ
3021 2903 3260 2972 γονεῦσι,
3280 2904 3372 2956 καὶ
3387 2901 3646 2970 συγγενέσι,
3659 2895 3753 2963 καὶφὲ
3761 2927 3768 2933 -

2314 2996 2445 3062 λοις,
2460 2996 2553 3049 καὶ
2565 2996 2798 3064 γυναικὶ,
2814 2994 3040 3066 [τέκνοις
3055 2993 3119 3066 ι·]
3138 2995 3231 3048 καὶ
3247 2996 3500 3065 κτήμασι,
3514 2994 3592 3046 καὶ
3605 2991 3770 3059 sigma

659 3087 996 3157 nis,quando
1025 3101 1211 3140 eorum
1241 3086 1443 3156 aliquid
1469 3086 1853 3157 impedimento
1885 3085 1985 3139 erit
2008 3085 2213 3154 pietati.

2328 3086 2396 3157 τῷ
2413 3087 2531 3158 βίῳ,
2555 3087 2680 3141 ὅταν
2770 3105 2823 3139 τι
2851 3087 3052 3139 τούτων
3081 3086 3313 3157 κώλυμα
3334 3086 3464 3156 πρὸς
3490 3081 3772 3138 summurn?

662 3179 939 3249 Siquidem
968 3193 1124 3233 orare
1146 3179 1423 3242 debemus,
1452 3194 1520 3232 ne
1547 3177 1914 3248 ingrediamur
1951 3176 2006 3230 in
2047 3183 2221 3229 tenta-

661 3274 884 3328 tionem.
909 3271 1064 3337 Quod
1089 3271 1136 3326 si
1168 3271 1237 3325 ad
1260 3271 1581 3340 martyrium
1609 3284 1887 3336 vocemur,
1916 3277 2126 3338 oportet
2165 3279 2222 3322 ut

661 3381 784 3420 cum
825 3364 1143 3419 fortitudine
1189 3372 1242 3418 et
1277 3362 1585 3419 constantia
1614 3362 1992 3417 honorandum
2025 3376 2220 3416 nomen

661 3459 1019 3514 confiteamur
1059 3475 1075 3512 :
1117 3463 1171 3510 et
1212 3456 1258 3510 si
1289 3455 1411 3510 ideo
1442 3455 1510 3509 ad
1555 3453 1880 3524 supplicium
1921 3453 2220 3516 mittamur,

664 3551 992 3622 gaudeamus
1029 3560 1284 3619 tanquam
1313 3549 1404 3617 qui
1432 3546 1500 3602 ad
1539 3545 2000 3601 immortalitatem
2033 3558 2225 3614 prope-

664 3659 868 3699 ramus.
895 3643 1031 3698 Cum
1065 3644 1495 3711 persecutionem
1519 3639 1778 3708 patimur,
1805 3651 1874 3690 ne
1895 3634 2053 3705 quasi
2079 3633 2132 3688 in
2168 3650 2226 3689 re

667 3751 806 3791 nova
827 3750 890 3789 ac
909 3733 1148 3788 inaudita
1173 3741 1506 3800 stupeamus.
1531 3727 1649 3782 Non
1673 3727 1962 3797 diligamus
1990 3741 2226 3796 prtescns

669 3827 948 3890 saeculum,
979 3839 1154 3893 neque
1193 3821 1383 3876 laudes
1411 3821 1478 3875 ab
1505 3820 1837 3881 hominibus,
1869 3833 2045 3887 neque
2077 3816 2227 3886 prin-

668 3919 849 3990 cipum
877 3917 1118 3971 virorum
1151 3914 1378 3985 gloriam
1404 3919 1457 3966 et
1484 3912 1782 3977 honorem;
1809 3911 1950 3966 sicut
1982 3911 2228 3965 nonnulli

666 4009 872 4073 Judaei,
911 4022 1034 4062 cum
1064 4005 1277 4060 Domini
1316 4018 1482 4075 opera
1511 4002 1931 4067 admirarentur,
1963 4019 2073 4057 non
2112 4017 2231 4057 crev

668 4102 924 4157 diderunt
967 4100 1023 4153 in
1051 4114 1173 4152 eum
1196 4137 1211 4162 ,
1245 4107 1389 4151 metu
1431 4096 1746 4166 pontiﬁcum
1795 4097 2232 4166 reliquorumque

667 4195 1032 4263 optimatum:
1076 4209 1094 4240 ι
1127 4189 1441 4244 Dilexerunt
1489 4188 1632 4243 enim
1681 4188 1906 4258 gloriam
1953 4188 2230 4242 hominum

667 4284 861 4354 magis,
884 4297 1047 4353 quam
1076 4281 1305 4352 gloriam
1325 4279 1416 4335 Dei
1439 4282 1480 4335 ¹.
1515 4300 1532 4332 ι
1560 4281 1788 4345 Quando
1815 4290 1996 4335 autem
2036 4281 2231 4335 bonam

669 4377 1064 4432 confessionem
1096 4374 1438 4438 conﬁtemur,
1473 4389 1580 4428 non
1619 4373 1781 4428 modo
1810 4387 1913 4428 nos
1937 4373 2082 4443 ipsos
2118 4389 2236 4428 ser-

2321 3179 2428 3252 γάρ
2457 3179 2847 3251 προσεύχεσθαι
2878 3179 2974 3250 μὲν
3000 3181 3172 3250 ἡμᾶς,
3222 3179 3310 3231 ἵνα
3343 3179 3415 3250 μὴ
3459 3175 3713 3243 εἰσέλθωμεν
3733 3172 3771 3228 εἷς

2322 3271 2642 3342 πειρασμόν.
2689 3271 2812 3324 Ἑάν
2854 3272 2910 3324 δὲ
2959 3271 3250 3342 κληθῶμεν
3296 3274 3375 3334 είς
3405 3263 3776 3341 μαρτύριον,μετ1

2321 3365 2622 3428 ὲνστὰσεως
2665 3365 2942 3434 ὁμολογεῖν
2974 3363 3083 3435 (92)
3129 3364 3192 3416 τὸ
3219 3363 3402 3434 τίμιον
3445 3361 3592 3432 ὄνομα
3611 3376 3622 3388 '
3648 3353 3776 3409 alii":

2321 3457 2510 3510 τούτου
2545 3455 2704 3526 χάριν
2733 3455 3110 3525 κολασθῶμεν,
3158 3455 3439 3526 χαίρωμεν
3472 3454 3541 3516 ὡς
3575 3450 3648 3502 ἐπὶ
3666 3447 3778 3500 aere

2327 3549 2445 3602 σίαν
2493 3547 2808 3610 σπεύδοντες
2838 3547 2968 3618 (95).
3009 3548 3342 3618 Διωκόμενοι
3367 3588 3381 3613 ,
3425 3545 3495 3616 μὴ
3537 3536 3776 3609 ξενιξὼμεθι.

2325 3640 2416 3712 Μὴ
2470 3639 2579 3712 (94)
2639 3640 3010 3710 ἀγαπήσωμεν
3064 3638 3157 3692 τὸν
3205 3637 3304 3692 νῦν
3346 3636 3538 3701 αἰῶνα,
3578 3632 3681 3704 μηδὲ
3714 3629 3782 3678 tsi:
3830 3639 3831 3656 π

2327 3731 2478 3803 παρά
2504 3730 2802 3803 ἀνθρώπων
2843 3730 3128 3796 ἐπαίνους,
3181 3730 3318 3802 μηδὲ
3345 3729 3439 3800 τὴν
3476 3727 3572 3779 τῶν
3609 3721 3782 3794 amt,“
3830 3735 3831 3740 η

2327 3825 2480 3891 δόξαν
2509 3826 2601 3879 καὶ
2631 3824 2739 3896 (95)
2766 3823 2929 3895 τιμὴν
2948 3866 2963 3890 ,
3007 3822 3260 3892 καθάπερ
3301 3821 3394 3874 καί
3431 3835 3564 3880 τινες
3605 3814 3686 3867 τῶν
3713 3813 3783 3862 ’ἰοδέ-
3830 3873 3831 3890 χ

2327 3919 2488 3972 δαίων
2511 3961 2526 3984 ,
2557 3917 2924 3987 θαυμάζοντες
2962 3913 3055 3968 τοῦ
3083 3914 3295 3986 Κυρίου
3325 3913 3424 3976 τὰς
3459 3909 3711 3982 ἐνεργείας,
3731 3901 3784 3952 οὐκ
3830 3903 3831 3942 ‘

2329 4011 2608 4064 ἐπίστευον
2635 4011 2714 4072 εἰς
2743 4010 2904 4062 αὐτὸν
2922 4051 2938 4074 ,
2967 4008 3116 4078 φόϐῳ
3142 4007 3224 4077 τῷ
3258 4007 3396 4077 πρὸς
3435 4007 3551 4068 τοὺς
3584 3997 3784 4072 ἀρχιερεῖς.

2331 4104 2425 4157 καὶ
2468 4104 2593 4165 τοὺς
2619 4101 2836 4163 λοιποὺς
2878 4099 2985 4152 τῶν
3032 4099 3315 4170 ἀρχόντων
3336 4115 3350 4128 ο
3387 4118 3404 4148 t
3447 4095 3707 4163 Ἡγάπησαν
3729 4082 3787 4150 ’ἷέὲ

2330 4195 2429 4266 τὴν
2456 4194 2612 4258 δόξαν
2641 4192 2747 4246 τῶν
2777 4191 3074 4263 ἀνθρώπων
3107 4191 3310 4261 μᾶλλον
3339 4190 3479 4260 ἥπερ
3503 4188 3591 4257 τὴν
3613 4182 3723 4244 δόξαν
3739 4172 3787 4226 τεῧ

2333 4285 2486 4338 Θεοῦ.
2518 4304 2536 4336 ι
2583 4283 3040 4355 Ὁμολογήσαντες
3079 4282 3134 4334 δὲ
3162 4283 3264 4352 τὴν
3314 4280 3478 4351 καλὴν
3504 4265 3788 4348 ὁμολογίαν,θῦ

2340 4379 2497 4450 μόνον
2527 4378 2752 4440 ἑαυτοὺς
2782 4375 3045 4447 σώζομεν,
3074 4374 3210 4428 ἀλλά
3250 4375 3345 4428 καὶ
3372 4376 3494 4436 τοὺς
3519 4365 3791 4437 νεοψτίστοις

667 4485 860 4524 vamus
880 4507 895 4533 ,
924 4466 1017 4522 sed
1049 4473 1104 4522 et
1133 4481 1324 4521 recens
1350 4467 1654 4536 baptizatos
1686 4466 2102 4530 conﬁrmamus,
2145 4473 2219 4518 at-

2338 4468 2674 4540 βεϐαιοῦμεν,
2705 4468 2798 4522 καὶ
2823 4469 2950 4530 τοὺς
2970 4483 3206 4537 κατηχου
3215 4467 3408 4537 μένους
3429 4450 3789 4524 πιστοποιούμεθα.

669 4579 774 4633 que
809 4560 1227 4616 catechumenos
1259 4560 1313 4612 in
1344 4558 1447 4614 [ide
1481 4559 1790 4614 statuimus.
1836 4556 1936 4613 Sin
1962 4574 2093 4613 vero
2131 4558 2233 4612 ali-

668 4652 801 4723 quid
829 4653 897 4708 de
923 4650 1267 4706 confessione
1309 4651 1682 4706 remiserimus
1701 4691 1717 4716 ,
1749 4658 1942 4722 negata
1972 4651 2233 4720 religione

671 4743 765 4800 Dei
783 4745 854 4799 ob
881 4743 1045 4798 animi
1075 4743 1352 4798 mollitiem
1383 4751 1436 4798 et
1461 4743 1792 4800 brevissima:
1811 4759 1984 4815 poenae
2006 4751 2232 4811 metum,

2336 4562 2400 4614 Εἰ
2443 4560 2498 4613 δὲ
2544 4558 2874 4630 καθυφῶμέν
2910 4576 2963 4611 τι
2991 4558 3090 4628 τῆς
3134 4557 3444 4629 ὁμολογίας,
3481 4550 3795 4625 ἐξαρνησάμενει

2336 4653 2432 4724 τὴν
2486 4651 2764 4706 εὐσέϐειαν
2807 4649 2896 4704 διὰ
2939 4650 3162 4721 γνώμης
3218 4651 3553 4722 χαυνότητα⁷
3593 4645 3667 4698 καὶ
3700 4634 3795 4732 ᾧ,

2342 4743 2685 4816 βραχυτάτης
2713 4742 2978 4814 τιμωρίας
2997 4784 3011 4808 ,
3041 4743 3102 4795 οὐ
3137 4743 3299 4813 μόνον
3330 4743 3547 4803 ἑαυτοὺς
3570 4740 3800 4798 attemper-

734 4904 749 4934 ¹
780 4900 882 4956 Job
935 4917 1096 4960 xxxv.
1132 4899 1183 4953 7.
1255 4899 1294 4930 "
1329 4895 1438 4967 Hoc
1468 4895 1691 4950 verbum
1728 4897 2123 4967 supplevimus,
2155 4892 2324 4966 quod,
2357 4894 2441 4967 vel
2473 4894 2629 4967 aliud
2673 4893 2870 4967 simile,
2905 4892 3216 4947 inconsulte
3248 4891 3514 4948 omissum
3538 4887 3710 4944 videtur
3732 4875 3801 4935 :si-

672 4973 892 5044 quidem
911 4972 989 5066 Iab
1013 4972 1304 5040 interprete
1326 4966 1519 5020 Latine
1545 4982 1760 5022 versum
1785 4963 1887 5022 est.
1918 4966 2074 5021 Esrr.
2108 4963 2214 5020 [νῶι-

2331 5003 2348 5020 .
2418 4965 2438 4994 ³
2465 4963 2622 5019 Joan.
2653 4981 2752 5029 xu,
2791 4964 2883 5018 45.

1972 5104 2332 5162 VARIORUM
2368 5105 2598 5162 NOTAE.

771 5255 859 5325 84)
893 5252 1575 5325 ané6etar.t'1‘_iraxoﬁv,
1605 5248 1662 5302 in
1687 5248 1893 5325 _altero._
1914 5246 2078 5303 Casa.

771 5317 860 5395 85)
891 5323 1150 5395 Aturi-per
1177 5323 1294 5395 καί.
1330 5317 1533 5395 Desunt
1554 5321 1618 5395 _in
1650 5318 1845 5395 altero.
1876 5317 1952 5372 lo.

749 5387 860 5465 (86)
890 5387 1086 5465 Ξύλρν
1142 5391 1498 5462 πρόσπηξιν.
1554 5389 1612 5443 In
1661 5388 1831 5444 altero
1879 5394 1964 5444 est
2005 5387 2236 5460 σταυρὸν

680 5462 994 5535 ἀνάρτησιν.
1017 5462 1104 5535 In.

775 5483 784 5518 ι
854 5483 994 5535 ησιν.
1017 5483 1104 5522 ω.

775 5483 863 5604 ξς)
911 5534 1126 5604 Ἡμεῖς.
1158 5532 1318 5604 Deest
1348 5531 1402 5604 in
1443 5530 1633 5604 altero.
1667 5527 1742 5604 lo.

775 5596 864 5674 88)
901 5596 1100 5674 Ἡᾷιᾶςξ
1135 5602 1297 5674 Addit
1342 5603 1493 5674 alter
1519 5600 1691 5674 codex
1720 5596 2142 5674 agrardEa-ro.'ln.

775 5668 864 5740 89)
895 5668 1109 5727 Ᾱῦτοῦ.
1135 5672 1293 5727 Addit
1319 5673 1454 5725 alter
1475 5670 1718 5740 δεόμεθα.
1754 5668 1830 5740 In.

775 5677 864 5746 89)
895 5677 1109 5727 Ᾱύτοῡ.
1135 5677 1293 5727 Addit
1319 5677 1454 5725 alter
1475 5677 1718 5740 δεόμεθα.
1754 5677 1830 5724 In.

751 5677 866 5817 (90)
889 5744 1264 5812 Αὺθιιίρετον.
1294 5740 1352 5796 In
1371 5742 1541 5797 altero
1563 5739 1867 5811 εἱλικρινὲς,
1893 5747 2054 5797 recte.
2079 5735 2156 5794 lo.

2421 5246 2533 5318 (91)
2570 5243 2853 5318 Ἀσέϐειφ
2886 5242 3039 5318 Alter
3055 5242 3326 5318 ερσέδεια,
3368 5239 3571 5318 malitis,
3593 5235 3802 5318 si

2352 5307 3026 5387 leg‘atur_sententia;_sed
3082 5313 3371 5387 lectionem
3423 5307 3804 5387 viilgaretnwd"

2342 5378 2506 5442 lectio
2541 5385 2790 5440 Hebrairi
2827 5378 3035 5438 codicis
3062 5392 3116 5436 et
3141 5390 3275 5437 vett.
3311 5379 3436 5434 lntt.
3462 5378 3512 5431 lo

2411 5439 2520 5528 (ᾗ)
2571 5439 2929 5528 Ὄμολοτεῒη.
2976 5452 3124 5507 Alter
3171 5452 3299 5507 cod.
3355 5447 3742 5520 ὁμολογήσωμεν.
3767 5439 3802 5486 υ*

2339 5536 2544 5662 pagg).
3005 5591 3364 5662 Καλούμενοι,
3394 5592 3450 5662 in
3474 5589 3624 5642 altero
3642 5576 3732 5635 cod.
3753 5570 3800 5626 {D-

2759 5681 2794 5735 η

2435 5597 2544 5652 95).
2575 5596 2742 5650 Σπεύ

2428 5659 2516 5733 94)
2555 5665 2670 5733 Μή.
2703 5661 2852 5733 Μηδέ
2883 5665 2936 5717 in
2957 5663 3167 5724 eodem,
3192 5659 3365 5716 recte.
3397 5659 3448 5714 la

2435 5598 2503 5652 95
2532 5639 2544 5652 .
2585 5597 2972 5658 Σπεύδογτες.
3005 5597 3364 5662 Καλούμενοι,
3394 5597 3450 5643 in
3474 5597 3527 5642 ali

2428 5667 2496 5721 94
2555 5665 2670 5733 Μή.
2703 5661 2852 5735 Μηδέ
2883 5665 2936 5717 in
2957 5663 3167 5724 eodem,
3199 5669 3365 5716 recte.
3397 5659 3448 5714 la

2407 5597 2524 5810 (95)
2554 5737 2744 5806 Δόξαν
2771 5735 2888 5790 καί.
2923 5733 3126 5789 Desunt
3157 5734 3210 5787 in
3239 5734 3431 5789 altero.
3459 5729 3527 5797 la.
