3880 6332
179 302 260 358 857
992 291 1588 351 CONSTITUTIUNES
1628 295 2307 352 APOSTOLICzE.-—-LIB.
2350 295 2414 350 V.
2436 303 2441 309 '

3239 300 3344 355 838

171 434 250 487 μεν
272 412 359 480 τῆς
381 404 582 461 αἰωνίου
610 405 767 477 δόξης
790 450 804 474 ,
850 406 1088 482 ἀλλ’ἧδη
1134 411 1229 463 καὶ
1273 412 1477 478 ἑτέροις
1518 412 1668 464 αἴτιοι

1784 428 1892 466 non
1929 413 2104 465 solum
2144 427 2245 466 nos
2292 411 2395 482 ipsi
2423 420 2625 466 aeterna
2660 411 2831 481 gloria
2878 411 3341 480 defraudabimus,

166 502 395 563 ἀπωλείας
418 498 769 569 γενησόμεθα,
799 503 893 555 καὶ
917 502 1233 574 διπλοτέραν
1262 503 1554 573 ύποίσομεν
1580 504 1679 575 τὴν

162 596 278 650 τίσιν
302 592 431 663 (96),
461 590 534 653 ὡς
567 591 799 661 ὑποψίαν
826 592 1075 657 δόσαντες
1106 593 1216 665 (97)
1259 593 1346 647 διά
1388 595 1487 665 τῆς
1515 596 1680 667 ἀρνή-

164 702 308 749 σεως,
357 681 550 752 πλάνης
598 682 815 754 διδαχὴν
868 680 1005 737 εἶναι
1055 686 1153 757 τήν
1206 701 1336 736 ποτε
1381 685 1469 753 ὑφ’
1521 686 1679 756 ἡμῶν

158 775 473 845 δοξαζομένην
500 773 768 844 ἀλήθειαν.
806 773 897 826 Διὸ
926 777 1063 846 μήτε
1092 776 1369 847 πρόχειροι
1412 770 1559 846 ὦμεν
1587 778 1679 830 καὶ

160 866 510 942 ῥιψοκίνδυνον
552 864 697 933 λέγει
736 866 844 937 γὰρ
882 868 911 919 6
955 867 1155 938 Κύριος
1188 884 1201 897 ο
1239 887 1257 919 ι
1285 868 1675 939 Προσεύχεσθε,

157 962 220 1033 μὴ
245 960 478 1030 ἐμπεσεῖν
508 956 617 1027 (98)
640 961 720 1022 είς
747 960 1048 1030 πειρασμόν
1066 960 1156 1012 ⁸τὸ
1186 961 1282 1030 μὲν
1310 960 1526 1031 πνεῦμα
1554 961 1679 1031 πρό-

157 1055 327 1124 θυμον,
366 1054 396 1121 ἡ
426 1050 479 1102 δὲ
508 1050 644 1122 σάρξ
679 1051 905 1125 ἀσθενής
927 1070 940 1081 ·
970 1071 987 1102 ι
1024 1052 1156 1124 μηδέ
1187 1053 1290 1124 μὴν
1330 1054 1675 1124 ἐμπεσόντες,

154 1144 296 1213 δειλίᾳ
322 1142 755 1213 καταισχύνωμεν
782 1144 879 1213 τὴν
905 1144 1205 1215 ὁμολογίαν.
1226 1146 1288 1198 Εἰ
1307 1145 1414 1217 γὰρ
1440 1145 1678 1216 ἀρνησά-

155 1237 286 1306 μενός
311 1252 389 1297 τις
413 1235 508 1306 τὴν
554 1236 744 1288 ἐαυτοῦ
775 1237 963 1290 ἐλπίδα
980 1278 995 1303 ,
1024 1238 1082 1300 ὃς
1108 1238 1253 1289 ἐστιν
1296 1236 1498 1308 Ἰησοῦς
1524 1240 1552 1290 6
1578 1236 1673 1290 τοῦ

151 1328 261 1381 Θεοῦ
280 1325 391 1391 Υἱὸς
412 1370 426 1392 ,
454 1328 695 1402 ἀπολυθῇ
727 1328 820 1383 τοῦ
854 1329 1185 1402 προσκαίρου
1212 1329 1461 1396 Θανάτου,
1491 1329 1676 1401 αὔριον

148 1424 182 1475 δ’
206 1424 284 1475 ἐπὶ
308 1422 487 1493 κλίνης
525 1423 663 1495 νόσῳ
682 1424 949 1496 περιπέσῃ
975 1424 1226 1496 ὀξυτάτῃ,
1248 1423 1471 1490 κοιλίας,
1492 1424 1525 1495 ἦ
1556 1442 1677 1478 στο-

149 1516 315 1585 μάχου,
336 1514 365 1584 ἢ
386 1514 647 1585 κεφαλῆς,
668 1517 702 1587 ἡ
720 1533 827 1569 τινι
854 1515 1012 1570 πάθει
1029 1515 1137 1569 τῶν
1154 1514 1407 1582 ἀνιάτων,
1440 1516 1672 1587 σήψεως,

145 1606 539 1679 ἢγαγγραίνης,
577 1606 610 1678 ἢ
639 1608 1016 1673 ἀποστάσεως,
1046 1607 1078 1677 ἢ
1112 1607 1251 1660 ίλεοῦ
1270 1650 1285 1675 ,
1317 1608 1350 1679 ἢ
1381 1608 1568 1679 ὑδέρου
1593 1649 1608 1674 ,
1639 1608 1672 1679 ἢ

147 1702 310 1765 κώλου,
338 1705 554 1771 ταχεῖαν
578 1702 871 1773 ποιήσηται
896 1700 994 1771 τὴν
1022 1701 1396 1773 καταστροφὴν
1414 1740 1428 1763 ,
1460 1702 1554 1755 καὶ
1578 1699 1672 1753 τοῦ

144 1798 221 1866 ζῇν
246 1792 534 1858 ὑπεξέλθοι,
563 1795 683 1864 οὐχ).
711 1798 804 1848 καὶ
829 1794 937 1847 τῶν
966 1792 1197 1847 ἐνταῦθα
1245 1793 1509 1865 ἐστερήθη
1534 1834 1549 1860 ,
1581 1795 1675 1847 καὶ

142 1890 228 1941 τῶν
252 1887 471 1940 αἰωνίων
502 1888 854 1951 ἐκπέπτωκε,
888 1885 1083 1957 μᾶλλον
1111 1886 1167 1939 δὲ
1192 1886 1291 1955 τῆς
1317 1886 1489 1938 ἀῖδίου
1518 1885 1674 1939 κολά-

141 1996 254 2042 σεως
290 1980 430 2043 ἐντὸς
466 1980 706 2051 κατέστη
729 2023 743 2047 ,
776 1979 1058 2051 πορευθεὶς
1102 1980 1181 2041 είς
1214 1996 1233 2028 ι
1272 1978 1334 2030 τὸ
1381 1978 1569 2041 σκότος
1612 1980 1673 2032 τὸ

140 2071 394 2143 ἐξώτερον,
436 2064 501 2124 οὗ
549 2073 578 2123 6
624 2071 896 2142 κλαυθμὸς
938 2071 1033 2124 καὶ
1066 2072 1093 2123 6
1123 2069 1365 2141 βρυγμὸς
1391 2069 1498 2123 τῶν
1527 2070 1671 2123 ὀδόν-

132 2182 256 2229 των;
283 2183 300 2216 ι
328 2166 355 2217 6
379 2164 433 2217 δέ
462 2164 577 2235 (99)
608 2164 855 2230 ἀξιωθεὶς
885 2163 1201 2235 μαρτυρίου,
1230 2162 1464 2234 χαιρέτω
1490 2161 1587 2233 τὴν
1613 2163 1671 2215 ἐν

136 2259 297 2328 Κυρίῳ
321 2258 510 2330 χαρὰν,
528 2259 605 2322 ὼς
632 2257 947 2329 τηλικούτου
973 2255 1242 2326 ἐπιτυχὼν
1273 2256 1557 2324 στεφάνου,
1579 2256 1673 2308 καὶ

128 2348 188 2400 δι’
211 2350 475 2419 ὁμολογίας
525 2349 845 2420 ποιούμενος
886 2348 983 2420 τὴν
1023 2347 1199 2412 ἔξοδον
1233 2347 1328 2400 τοῦ
1376 2347 1512 2417 βίου.
1553 2345 1670 2400 Κᾶν

133 2441 504 2511 κατηχούμενος
546 2438 610 2513 ᾗ,
656 2441 858 2504 ἄλυπος
901 2439 1114 2493 ἀπίτω*
1146 2440 1207 2492 τὸ
1249 2438 1357 2511 γὰρ
1402 2438 1572 2502 πάθος
1609 2440 1670 2492 τὸ

126 2532 251 2603 ὑπὲρ
274 2533 502 2605 Χριστοῦ
528 2576 544 2601 ,
576 2533 728 2587 ἔσται
778 2532 927 2604 αὐτῷ
964 2532 1322 2604 γνησιώτερον
1354 2530 1629 2602 βάπτισμα
1651 2548 1665 2562 ·

129 2624 196 2677 ὅτι
221 2626 367 2689 αὐτὸς
397 2627 495 2697 μὲν
529 2626 691 2698 πείρᾳ
736 2624 1159 2697 συναποθνήσκει
1185 2622 1264 2693 τῷ
1290 2623 1507 2694 Κυρίῳ,
1535 2623 1586 2674 oi
1612 2622 1671 2677 δὲ

125 2714 308 2781 λοιποὶ,
338 2717 512 2788 τύπῳ.
547 2718 796 2789 Χαιρέτω
822 2712 914 2769 οὖν
948 2715 1275 2788 μιμούμενος
1299 2715 1389 2768 τὸν
1413 2715 1668 2769 διδάσκα-

124 2807 221 2860 λον·
244 2810 417 2881 ἐπειδὴ
442 2812 542 2863 καὶ
568 2810 965 2881 προστέτακται
983 2824 996 2839 ο
1022 2828 1040 2859 ι
1061 2807 1505 2879 Κατηρτισμένος
1532 2806 1669 2861 έστω

125 2904 240 2967 πᾶς,
270 2903 341 2965 ὼς
365 2904 393 2954 6
424 2902 745 2964 διδάσκαλος
774 2902 957 2954 αὐτοῦ.
996 2918 1014 2951 ι
1060 2900 1116 2953 '0
1144 2899 1200 2952 δέ
1232 2898 1547 2962 διδάσκαλος
1573 2899 1670 2951 αύ-

124 2993 202 3045 τοῦ
220 2995 305 3046 καὶ
324 2994 470 3065 (100)
492 2995 653 3066 ἡμῶν
683 2992 886 3065 Ἰησοῦς
906 2994 934 3045 6
952 2992 1151 3062 Κύριος
1168 2991 1217 3044 δι
1233 2991 1245 3007 ⁸
1267 2992 1415 3061 ἡμᾶς
1434 2990 1665 3061 ἐπλήγη,

1779 504 1873 558 sed
1912 503 2024 572 jam
2056 502 2178 559 aliis
2216 518 2433 573 quoque
2470 509 2724 557 auctores
2752 503 3072 573 perditionis
3098 505 3341 572 erimus;

1778 605 1831 651 et
1857 596 2080 664 duplum
2106 595 2432 665 supplicium
2466 594 2802 665 perferemus
2821 635 2836 660 ,
2886 596 3031 666 quod
3057 597 3345 666 negatione

1778 694 2003 752 nostra,
2038 688 2245 742 erroris
2296 694 2607 755 suspectam
2650 687 3048 743 reddiderimus
3086 704 3207 758 quae
3242 689 3344 741 ali—

1779 779 1997 849 quando
2042 794 2073 832 a
2115 779 2272 834 nobis
2316 779 2696 833 celebrabatur
2739 779 3038 833 veritatem.
3074 778 3342 845 Quocirca

1779 887 1955 941 neque
1993 871 2229 941 prompti
2272 872 2446 928 simus
2486 880 2727 935 temere,
2777 879 2939 940 atque
2996 870 3063 923 ad
3102 872 3342 941 pericula

1778 962 2118 1033 praecipites;
2149 962 2412 1017 Dominus
2442 963 2587 1017 enim
2630 962 2802 1017 dicit:
2837 982 2853 1012 ι
2881 960 3070 1027 Orate,
3109 978 3177 1017 ne
3207 963 3343 1017 inci-

1777 1053 1921 1108 datis
1970 1053 2026 1108 in
2075 1054 2474 1108 tentationem:
2519 1055 2747 1124 spiritus
2796 1054 3013 1123 quidem
3058 1064 3341 1125 promptus

1776 1152 1891 1210 est,
1934 1160 2065 1199 caro
2107 1154 2287 1201 autem
2332 1146 2584 1200 infirma'
2612 1164 2627 1211 ;
2660 1167 2680 1199 ›
2730 1160 2907 1215 neque
2958 1144 3005 1199 si
3058 1145 3340 1215 intercepti

1776 1236 2063 1302 fuerimus,
2091 1239 2490 1293 confessionem
2523 1238 2807 1293 timiditate
2832 1238 3184 1293 maculemus.
3208 1238 3341 1293 Nam

1775 1330 1871 1399 qui
1900 1330 2219 1401 abnegando
2242 1346 2393 1401 spem
2432 1346 2587 1386 suam
2608 1370 2623 1396 ,
2652 1330 2756 1385 hoc
2781 1338 2865 1385 est
2892 1328 3077 1385 Jcsum
3098 1370 3113 1394 ,
3145 1329 3341 1384 Filium

1775 1420 1908 1486 Dei,
1953 1436 1985 1475 a
2015 1429 2190 1477 morte
2229 1423 2561 1493 temporaria
2610 1422 2870 1477 liberatus
2898 1430 3015 1489 est,
3050 1423 3094 1476 si
3124 1438 3247 1477 cras
3286 1422 3343 1476 in

1776 1512 1917 1569 lecto
1946 1513 2149 1568 incidat
2180 1513 2236 1568 in
2263 1515 2510 1569 morbum
2536 1515 2909 1569 acutissimum
2936 1554 2951 1578 ,
2984 1515 3219 1578 ventris,
3252 1524 3346 1569 aut

1776 1607 2076 1671 stomachi,
2109 1616 2202 1662 aut
2238 1608 2466 1677 capitis,
2510 1608 2593 1662 vel
2628 1609 2684 1663 in
2714 1608 2933 1679 aliquod
2958 1608 3148 1662 vitium
3191 1607 3342 1661 insa-

1774 1698 1983 1762 nabile,
2025 1698 2167 1754 tabis
2197 1699 2279 1754 vel
2302 1714 2623 1768 gangraena,
2654 1700 2739 1755 vel
2768 1701 3079 1764 abscessus,
3110 1700 3192 1754 vel
3222 1701 3341 1755 vol-

1775 1790 1909 1855 vuli,
1941 1790 2025 1845 vel
2052 1806 2205 1860 aqua:
2234 1791 2540 1854 intercutis,
2572 1792 2657 1847 vel
2694 1792 2854 1845 colici
2882 1791 3141 1858 affectus;
3170 1801 3222 1847 et
3245 1806 3342 1847 ce-

1774 1882 1873 1937 leri
1924 1882 2074 1937 exitu
2120 1898 2151 1936 e
2192 1882 2301 1936 vita
2347 1882 2626 1949 discedat;
2678 1899 2860 1938 nonne
2896 1891 2950 1938 et
2980 1884 3341 1954 praesentibus

1774 1975 1932 2030 bonis
1968 1976 2212 2045 privatus
2244 1984 2363 2039 est,
2395 1984 2449 2031 et
2479 1977 2547 2030 ab
2574 1978 2794 2031 αξιοι-πίε
2824 1978 3061 2043 excidit;
3095 1978 3342 2047 quinimo

1773 2078 2031 2123 aeternum
2058 2068 2384 2138 supplicium
2417 2070 2605 2135 subiit,
2639 2070 2918 2140 profectus
2948 2070 3013 2123 ad
3042 2088 3061 2120 ι
3088 2070 3341 2124 tenebras

1768 2160 2071 2216 exteriores
2096 2201 2111 2227 ,
2149 2162 2242 2215 ubi
2288 2160 2445 2215 fletus
2483 2173 2536 2216 et
2575 2163 2777 2216 stridor
2807 2162 3051 2216 dentium
3073 2162 3141 2215 ⁸⁸3
3173 2180 3192 2214 ι
3236 2160 3340 2227 Qui

1772 2267 1901 2308 vero
1923 2252 2181 2324 martyrio
2207 2253 2403 2325 dignus
2430 2264 2512 2309 cst
2542 2254 2782 2317 habitus,
2809 2254 2993 2308 laetitia
3025 2254 3080 2307 in
3114 2252 3341 2308 Domino

1771 2345 2046 2413 efferatur,
2093 2347 2236 2416 quod
2270 2355 2475 2400 tantam
2505 2362 2766 2402 coronam
2826 2356 3021 2401 nactus
3048 2345 3248 2410 fuerit,
3287 2354 3341 2401 et

1770 2454 1868 2509 per
1914 2438 2316 2494 confessionem
2370 2455 2436 2494 ex
2482 2440 2586 2493 hac
2632 2441 2741 2494 vita
2803 2440 3017 2509 migret.
3077 2438 3339 2504 Quamvis

1770 2530 2198 2586 catechumenus
2246 2532 2353 2597 sit,
2396 2532 2516 2587 sine
2560 2532 2779 2586 tristitia
2832 2532 3058 2586 excedat
3097 2550 3109 2585 :
3156 2531 3339 2601 passio

1769 2624 1913 2679 enim
1958 2638 2059 2694 pro
2108 2624 2331 2680 Christo
2381 2624 2588 2694 perlata
2616 2663 2631 2689 ,
2681 2623 2786 2677 erit
2830 2623 2879 2678 ei
2928 2622 3195 2678 sincerior
3244 2622 3339 2675 ba-

1769 2716 2029 2786 ptismus;
2070 2716 2511 2786 quandoquidem
2551 2716 2668 2784 ipse
2719 2729 2908 2768 revera
2939 2724 2992 2769 et
3034 2714 3339 2784 periculum

1769 2806 2019 2862 faciendo
2042 2846 2059 2873 ,
2090 2807 2312 2862 Christo
2338 2807 2694 2861 commoritur
2713 2845 2729 2871 ,
2763 2807 2958 2876 reliqui
2988 2821 3146 2871 vero,
3186 2825 3203 2857 ι
3238 2807 3338 2860 hoc

1767 2907 1873 2965 est,
1898 2900 1989 2970 qui
2020 2900 2385 2970 baptizantur,
2415 2919 2434 2952 ι
2471 2901 2642 2971 ﬁgura
2673 2906 2906 2955 tantum.
2940 2899 3183 2954 Gaudeat
3209 2916 3339 2970 ergo

1769 2992 1837 3047 de
1866 2992 2108 3063 Magistri
2141 2993 2447 3047 imitatione
2468 3032 2482 3058 ,
2523 2992 2792 3063 siquidem
2843 3001 3173 3063 praeceptum
3202 3001 3285 3047 est
3322 3010 3335 3044 :

124 3084 302 3158 βλασφη
312 3086 801 3159 μίας(1)ύπέμεινε
820 3086 914 3139 κα).
927 3084 1255 3155 ὀνειδισμοὺς
1278 3083 1659 3154 μακροθύμως,

1777 3105 1795 3139 ι
1826 3085 2110 3143 Perfectus
2141 3087 2213 3141 sit
2241 3087 2441 3151 omnis,
2474 3087 2615 3141 sicut
2643 3085 2898 3156 Magister
2920 3086 3107 3155 ejus“;
3140 3105 3157 3138 ι
3189 3089 3339 3156 atqui

120 3180 409 3250 ἐνεπτύσθη,
441 3177 771 3250 ἐκολαφίσθη
791 3220 805 3244 ,
838 3176 1163 3249 ἐρῤαπίσθη,
1196 3174 1413 3246 σταυρῷ
1445 3173 1581 3246 μετά
1606 3175 1668 3227 τὸ

121 3272 455 3341 μαστιχθῆναι
486 3271 844 3343 προσηλώθη,
874 3270 993 3336 ὅξος
1031 3270 1124 3322 καὶ
1166 3266 1326 3338 χολὴν
1370 3266 1624 3337 ἐποτίσθη
1648 3283 1662 3296 ⁸

113 3361 379 3425 τελειώσας
413 3364 493 3434 (2)
526 3363 704 3418 πάντα
732 3361 1114 3436 γεγραμμένα,
1158 3356 1277 3413 εἶπε
1305 3360 1383 3431 τῷ
1411 3359 1529 3431 Θεῷ
1571 3361 1666 3415 καὶ

119 3453 263 3525 [largi
292 3472 304 3484 -
342 3474 360 3505 ‹
386 3457 488 3520 Εἰς
542 3456 729 3527 χεῖράς
783 3473 876 3509 σου
932 3452 1269 3526 παρατίθημι
1333 3452 1395 3506 τὸ
1449 3451 1668 3523 πνεῦμά

118 3561 220 3611 μου.
261 3566 276 3595 ι
309 3548 400 3600 Διὸ
448 3548 548 3600 κα)⁸
587 3550 615 3600 6
660 3548 946 3618 εὐχόμενος
990 3546 1197 3599 ἐκείνου
1231 3544 1476 3616 μαθητὴς
1502 3539 1663 3611 εἶναι,

114 3635 330 3705 ζηλούτω
358 3642 490 3703 τοὺς
518 3640 681 3693 αὐτοῦ
710 3640 944 3708 ἀγῶνας,
970 3638 1235 3710 μιμείσθω
1253 3637 1349 3709 τὴν
1370 3637 1663 3709 ὑπομονὴν,

112 3729 367 3793 γινώσκων
396 3732 484 3784 ὅτι
511 3730 613 3785 κᾶν
644 3732 700 3785 ἐν
733 3732 865 3803 πυρὶ
894 3732 997 3785 ὑπὸ
1026 3729 1326 3802 ἀνθρώπων
1358 3738 1488 3807 καῇ,
1517 3717 1665 3783 οὐδὲν

110 3820 333 3875 πείσεται
358 3866 372 3890 ,
403 3824 483 3887 ὡς
514 3824 565 3876 οἱ
592 3827 739 3895 τρεῖς
768 3824 954 3887 παῖδες
973 3866 987 3889 ,
1018 3822 1051 3892 ἢ
1086 3824 1134 3875 εί
1163 3823 1256 3875 κα)⁸
1285 3821 1433 3894 πάθῃ
1460 3840 1542 3887 τι,
1578 3839 1667 3893 μι-

112 3909 216 3962 σθὸν
254 3915 403 3985 παρά
449 3914 657 3985 Κυρίου
698 3914 962 3985 λήψεται·
1010 3912 1277 3965 πιστεύων
1330 3913 1409 3984 τῷ
1450 3914 1529 3966 ἐνὶ
1571 3916 1665 3967 καὶ

109 4003 236 4075 μόνῳ
277 4006 524 4077 ἀληθινῷ
565 4007 683 4077 Θεῷ
710 4008 802 4061 καὶ
828 4008 1027 4078 Πατρὶ,
1075 4006 1163 4060 διὰ
1203 4008 1375 4078 Ἰησοῦ
1404 4005 1662 4079 Χριστοῦ,

106 4094 187 4147 τοῦ
217 4099 452 4166 μεγάλου
484 4100 784 4171 ἀρχιερέως
806 4139 821 4162 ,
869 4100 960 4153 καὶ
1000 4100 1272 4172 λυτρωτθῦ
1313 4102 1419 4154 τῶν
1456 4102 1661 4172 ψυχῶν,

106 4188 185 4239 καὶ
228 4191 627 4260 μισθαποδότω
672 4193 777 4245 τῷν
820 4192 994 4247 ἄθλων
1027 4210 1040 4222 ·
1083 4188 1129 4261 ᾧ
1170 4196 1204 4264 ἡ
1251 4192 1377 4259 δόξα
1423 4197 1502 4258 είς
1537 4196 1664 4259 τοὺς

102 4281 304 4344 αἰῶνας.
350 4286 547 4356 Ἀμήν.

575 4582 964 4637 κΕψΑΑΑιοΝ
1001 4583 1051 4634 Ζι
1090 4580 1187 4652 (5).

96 4701 223 4768 Περὶ
296 4702 697 4769 ἀναστάσεως
764 4700 1099 4764 ἀποδείξεις
1122 4767 1127 4769 _
1150 4696 1423 4769 διάφοροι
1459 4712 1499 4769 °_
1530 4695 1665 4769 περὶ

155 4765 463 4841 Σιϐύλλης
483 4791 498 4806 ·
533 4774 628 4826 καὶ
660 4765 715 4825 τί
742 4776 797 4827 οἱ
839 4768 1079 4825 Στωϊκοὶ
1111 4767 1187 4838 (4)
1221 4766 1355 4835 περὶ
1398 4765 1503 4819 τοῦ
1533 4766 1664 4834 φοί-

154 4858 319 4909 νικος
345 4846 462 4899 τοῦ
492 4844 718 4911 ὀρνέου.

154 4936 323 5000 Αὐτὸς
350 4937 469 5008 γὰρ
495 4937 642 5007 ἡμᾶς
677 4936 855 5006 ἐγερεῖ
880 4934 909 4987 6
937 4929 1327 5001 παντοκράτωρ
1372 4928 1501 4992 Θεὸς
1522 4968 1537 4993 ,
1575 4928 1664 4981 διὰ

1770 3178 2026 3250 Magister
2073 3179 2195 3249 ejus
2243 3188 2298 3235 et
2336 3187 2544 3242 noster,
2576 3178 2841 3234 Dominus
2893 3177 3074 3242 Jesus,
3122 3189 3340 3249 propter

1766 3286 1869 3327 nos
1918 3272 2107 3343 plagas
2176 3273 2470 3335 sustinuit,
2531 3272 2776 3325 convicia
2825 3278 2879 3325 et
2937 3271 3134 3340 probra
3183 3286 3339 3341 :equo

1767 3362 1950 3417 animo
1979 3363 2259 3425 toleravit.
2302 3372 2603 3434 conSputus
2633 3371 2755 3427 est,
2798 3364 3045 3433 colaphis
3070 3374 3123 3419 et
3162 3366 3336 3435 alapis

1768 3468 2091 3523 percussus,
2120 3455 2269 3511 cruci
2296 3463 2417 3525 post
2446 3454 2613 3525 flagra
2655 3454 2845 3509 afﬁxus
2866 3494 2882 3518 ,
2937 3466 3097 3509 aceto
3125 3465 3181 3511 et
3212 3458 3338 3512 felle

1767 3553 2019 3615 potatus;
2081 3548 2585 3617 consummatisque
2646 3547 2901 3602 omnibus
2955 3563 3075 3618 qua:
3134 3549 3335 3618 scripta

1766 3646 1957 3705 erant,
2003 3638 2139 3693 dixit
2170 3638 2279 3694 Deo
2333 3646 2386 3695 et
2430 3638 2576 3693 Patri
2606 3659 2618 3693 :
2660 3657 2679 3690 ι
2708 3637 2765 3692 ln
2798 3654 2993 3694 manus
3022 3646 3145 3693 tuas
3178 3654 3333 3693 com-

1768 3731 1964 3786 mendo
2011 3732 2263 3801 spiritum
2312 3748 2492 3787 meum
2512 3734 2552 3788 ⁸.
2587 3751 2606 3784 ι
2657 3732 2998 3802 Quapropter
3047 3732 3141 3802 qui
3187 3741 3336 3803 Optat

1767 3823 1914 3878 illius
1955 3838 2077 3880 esse
2125 3824 2465 3894 discipulus,
2513 3826 2795 3880 aemuletur
2837 3826 2957 3895 ejus
2997 3826 3331 3887 certamina.

1768 3916 2011 3971 imitetur
2041 3917 2391 3987 patientiam;
2444 3920 2623 3975 sciens
2653 3920 2797 3990 quod
2823 3920 2926 3974 etsi
2958 3919 3013 3972 in
3043 3919 3222 3989 ignem
3264 3919 3333 3973 ab

1768 4007 2079 4063 hominibus
2108 4010 2467 4079 conjiciatur,
2501 4012 2635 4065 nihil
2666 4015 2918 4082 patietur.
2947 4011 3087 4066 sicut
3115 4010 3191 4063 illi
3220 4018 3333 4065 tres

1768 4100 1977 4168 pueri";
2006 4107 2098 4154 aut
2124 4102 2168 4156 si
2199 4102 2403 4171 aliquid
2430 4105 2688 4173 patiatur,
2714 4103 3017 4158 mercedem
3042 4117 3070 4154 a
3102 4101 3332 4154 Domino

1766 4192 2031 4262 accipiet;
2066 4192 2224 4247 fidem
2248 4194 2457 4250 habens
2495 4196 2591 4249 uni
2619 4203 2674 4249 et
2712 4196 2813 4250 soli
2843 4210 2971 4249 vero
3004 4193 3113 4247 Deo
3136 4209 3198 4247 ac
3227 4192 3330 4246 lia-

1766 4282 1873 4347 tri,
1907 4298 2004 4353 per
2030 4282 2217 4338 Jesum
2259 4284 2573 4350 Christum,
2604 4301 2859 4355 maguum
2892 4286 3201 4356 pontificem
3224 4324 3238 4348 ,
3278 4294 3333 4339 et

1788 4373 2181 4444 redemptorem
2213 4377 2547 4440 animarum,
2583 4378 3049 4448 certaminumque
3081 4390 3331 4431 remune-

1694 4446 1738 4501 Ῑ)
1770 4476 2042 4535 ratorem;
2072 4469 2162 4523 cui
2194 4468 2366 4538 gloria
2416 4469 2472 4523 in
2494 4470 2713 4524 saecula.
2748 4470 2920 4524 Amen

2357 4580 2583 4636 CAPUT
2622 4581 2735 4638 Vll.

1766 4695 1845 4749 De
1872 4695 2249 4749 resurrectione
2278 4695 2439 4747 variw
2469 4694 2978 4760 demonstrationes;
3004 4693 3067 4747 de
3097 4692 3327 4763 Sibylla;

2115 4775 2163 4818 et
2191 4765 2315 4833 quid
2342 4764 2506 4819 Stoici
2525 4765 2589 4819 de
2602 4766 2829 4834 phoenice
2856 4781 2967 4818 ave.

1840 4924 1960 4995 lpse
1987 4925 2133 4980 enim
2167 4939 2269 4978 nos
2292 4924 2641 4980 resuscitahit
2668 4923 3010 4994 omnipotens
3034 4922 3197 4988 Deus,
3232 4936 3331 4992 per

155 5070 171 5101 ’
197 5070 394 5126 Matth.
429 5087 579 5135 χχιιι,
604 5070 693 5124 Al.
758 5068 781 5101 ⁵
813 5066 1002 5122 Matth.
1046 5082 1168 5130 vm,
1192 5063 1280 5118 12.
1352 5064 1374 5095 ⁸
1395 5061 1529 5118 Luc.
1561 5076 1638 5124 vt,

1822 5058 1844 5090 ⁸
1869 5057 2003 5112 Luc.
2052 5071 2210 5125 χχιιι,
2237 5056 2330 5112 ιϐ.
2390 5055 2565 5113 'Dan.
2600 5072 2686 5121 ιιι,
2723 5058 2794 5112 24

1276 5236 1283 5243 .
1388 5193 1751 5252 VARIORUM
1784 5192 2015 5249 NOTJE.

149 5320 264 5393 (96)
306 5321 682 5388 Διπλοτέραν
708 5318 887 5371 τίσιν.
920 5316 979 5369 In
1011 5315 1182 5393 altero
1216 5311 1533 5393 διπλασίονα
1554 5310 1658 5393 τὴν

81 5381 258 5461 δίκηνξ
299 5381 1047 5460 ιιιίειιιιαέγηοιιγιιιοιδιιιιι,
1105 5387 1161 5440 in
1216 5385 1305 5439 his
1348 5383 1504 5437 libris
1552 5381 1661 5436 fre-

82 5464 482 5532 quentissima.
511 5462 681 5533 Cum.
788 5528 800 5533 _
956 5524 1006 5533 ﬂ
1242 5522 1277 5533 ,,

168 5533 258 5601 97)
300 5534 629 5597 Δόσαντες.
664 5531 720 5583 lu
754 5528 924 5589 alterp
951 5524 1129 5588 δόντες
1154 5522 1370 5577 melius.
1403 5519 1479 5575 lo.

147 5534 260 5673 (98)
319 5599 843 5673 'Ep.-zeveir._l_dem
868 5596 1146 5673 εἰσελθεῖν..
1174 5595 1248 5673 ln_.
1336 5670 1344 5673 Δ

151 5609 237 5673 (98
319 5609 663 5670 ‘Eyneveir.
699 5609 843 5653 Idem
868 5609 1140 5649 εισελυειν.
1174 5609 1248 5647 ID.
1581 5660 1593 5671 .

151 5609 262 5744 (99)
320 5674 389 5725 '0
422 5672 512 5733 δε,
542 5680 644 5744 etc.
680 5670 886 5744 Novum
931 5674 1112 5744 caput‘
1136 5665 1441 5744 inchoatur,
1476 5659 1660 5744 addito

92 5727 395 5822 606$}th
421 5727 590 5822 χΙΪερὶ
610 5739 950 5822 ἀναστάσεως
978 5727 1275 5822 ἀποδείξεις
1298 5732 1563 5822 διάιξοροι.
1583 5727 1639 5784 In

163 5812 316 5885 (100)
362 5804 564 5867 Αὑτοῦ
595 5811 706 5866 καί.
744 5812 948 5867 Desunt
979 5808 1033 5862 iu
1064 5808 1235 5861 altero
1257 5804 1379 5860 cod.
1410 5804 1487 5857 lo.

319 5595 663 5670 Ἐμπεσεῗν.
698 5599 843 5653 Idem
868 5596 1146 5670 eidemeiv.
1174 5595 1248 5670 ln_.

1831 5306 1907 5380 (l)
1960 5306 2223 5376 Ἐπλήγη
2247 5308 2661 5376 βλασφτυιίιις.
2706 5305 2832 5361 Haec
2858 5321 3074 5377 quoque
3103 5317 3323 5380 absunt.

1832 5450 1908 5522 (2)
1954 5448 2294 5513 Τελεαῦσας.
2334 5445 2635 5517 Praafigitur
2666 5448 2719 5501 in
2748 5446 2939 5502 eodem
2966 5447 3077 5510 καί,
3105 5377 3320 5571 genus.

3130 5534 3183 5571 ιι.

1833 5590 1911 5662 (5)
1948 5594 2118 5670 ΙςΕςξ,
2167 5588 2337 5670 Deest.
2362 5588 2467 5643 hoc
2493 5595 2548 5643 et
2600 5602 2722 5657 cap.
2758 5588 3041 5657 inscriptio
3087 5587 3141 5642 in
3174 5596 3326 5644 utro~

1762 5656 1868 5731 que
1892 5656 2023 5715 'cod.
2064 5659 2289 5713 Vindob.
2318 5656 2394 5713 lo.
2678 5656 2685 5657 7
2932 5656 2937 5657 ⁷

1797 5730 1916 5809 ’(ί)
1960 5730 2312 5809 Οζ-Σῑςωῖξιοί.
2366 5728 2564 5809 Bavius
2599 5729 3090 5809 invenerat-solum
3136 5729 3190 5784 in
3220 5729 3324 5809 hoc

1771 5798 1975 5856 titulo:
2010 5801 2143 5871 Περὶ
2188 5798 2552 5864 ἀναστάσεως.
2594 5799 2800 5856 Cretera
2835 5800 3015 5856 addita
3060 5808 3219 5867 sunt,
3265 5799 3323 5855 ui
