3880 6332
222 298 309 354 869

1082 282 1686 344 CONSTlTUTIONES
1716 283 2398 340 APOSTOLICE.—LIB.
2439 284 2505 339 ν.

3313 289 3419 348 850

214 403 503 479 τετράποδα,
534 399 759 474 ἑρπετὰ,
798 400 961 471 φυτά,
996 400 1242 472 βοτάνας·
1273 399 1365 453 τὸν
1409 399 1569 454 αὑτὸν
1618 399 1738 470 τρό-

1849 398 2133 454 universos
2159 414 2259 454 sua
2289 399 2567 454 voluntate
2596 398 2904 464 suscitabit,
2936 398 3058 469 opis
3109 413 3219 455 non
3273 402 3419 457 indi-

180 476 186 482 ς
213 476 319 561 πον,
344 497 432 551 καὶ
458 494 661 556 πάντας
688 494 979 564 ἀναστήσει
1008 492 1295 563 θελήματι,
1329 489 1644 561 συνεργείας
1675 489 1750 561 μὴ

209 594 450 665 δεόμενος
504 586 601 657 τῆς
628 585 735 657 γὰρ
764 586 934 656 αὐτῆς
980 584 1260 655 δυνάμεώς
1290 586 1435 636 ἐστιν
1462 582 1642 653 ἔργον,
1689 582 1751 636 τὸ

208 680 572 755 δημιουργῆσαι
602 677 824 747 κόσμον,
855 676 1030 729 καὶτὸ
1050 676 1275 746 νεκροὺς
1294 675 1609 744 ἀναστῆσαι.
1641 675 1751 727 Kal

206 777 311 830 τότε
342 773 433 843 μὲν
463 770 535 840 μὴ
582 768 710 821 ὄντα
757 768 869 839 (55)
897 768 988 821 τὸν
1042 767 1347 839 ἄνθρωπον,
1377 768 1440 820 ὲκ
1483 766 1750 837 διαφόρων

206 866 434 935 ἐποίησεν
462 860 745 931 ἄνθρωπον
776 859 908 930 (56),
936 859 1059 921 δοὺς
1078 857 1226 930 αὑτῷ
1242 858 1341 929 τὴν
1359 857 1535 928 ψυχὴν
1564 860 1629 910 ὲκ
1654 857 1748 910 τοῦ

206 961 272 1031 μὴ
302 958 461 1016 ὃντοςο
492 952 589 1005 νῦν
619 951 676 1004 δὲ
703 953 823 1013 ταῖς
866 949 1055 1013 οὔσαις
1095 950 1294 1019 ψυχαῖς
1320 947 1389 1001 τά
1437 948 1750 1002 διαλυθέντα

202 1050 408 1120 σώματα
448 1042 714 1098 ἀποτίσει.
748 1042 1033 1112 Κειμένων
1062 1041 1171 1112 γάρ
1199 1041 1345 1093 ἐστιν
1374 1042 1407 1111 ή
1436 1041 1745 1104 ἀνάστασις,

198 1143 304 1212 οὐχὶ
330 1141 381 1194 δὲ
411 1138 481 1209 μὴ
512 1136 882 1208 ὑπαρχόντων.
928 1135 986 1188 '0
1032 1131 1125 1188 οὖν
1160 1134 1229 1187 τά
1274 1133 1468 1203 πρῶτα
1522 1132 1749 1204 σώματα

198 1237 252 1287 ἐκ
281 1231 349 1303 μὴ
375 1231 540 1282 ὄντων
572 1228 824 1299 ποιήσας,
848 1226 941 1280 καὶ
968 1226 1028 1290 ὲξ
1049 1225 1227 1280 αὐτῶν
1246 1226 1476 1298 διάφορα
1501 1225 1749 1297 δημιουρ-

196 1328 353 1395 γήσας
411 1322 543 1392 (57),
573 1312 727 1383 οὗτος
779 1321 871 1373 καὶ
920 1321 1049 1383 τοὺς
1103 1319 1359 1383 θανόντας
1412 1320 1748 1391 ζωοποιήσας

192 1416 485 1483 ἀναστήσει.
533 1413 590 1465 '0
617 1412 725 1482 γὰρ
751 1413 809 1465 ὲν
836 1414 903 1482 τῇ
932 1411 1111 1482 κοιλία
1136 1412 1227 1465 τὸν
1254 1411 1535 1483 ἄνθρωπον
1561 1414 1625 1466 ὲκ
1658 1431 1746 1484 μι-

193 1505 311 1577 κροῦ
341 1504 652 1576 σπέρματος
685 1503 927 1574 μορφῶν,
958 1504 1052 1557 καὶ
1076 1502 1253 1574 ψυχὴν
1282 1503 1429 1575 αὐτῷ
1455 1504 1555 1557 οὐκ
1581 1500 1747 1558 οὖσαν

188 1595 807 1669 ἐνδημιουργῶνο(58)κα)
826 1596 900 1660 ὠς
929 1597 1091 1660 αὐτός
1120 1596 1221 1649 πού
1235 1614 1367 1668 φησι
1382 1592 1473 1668 τῷ
1492 1596 1742 1670 Ἱερεμίᾳ.⁹

192 1710 209 1740 ι
244 1690 346 1760 Πρὸ
373 1687 466 1740 τοῦ
503 1705 573 1758 με
602 1688 805 1742 πλάσαι
840 1705 897 1740 σε
927 1688 985 1741 ὲν
1032 1688 1230 1759 κοιλίᾳ,
1277 1688 1574 1759 ἐπίσταμαί
1628 1705 1741 1742 σε’)

1851 506 1982 562 gens
2007 509 2021 545 :
2057 506 2181 546 cum
2209 489 2456 559 ejusdem
2477 491 2759 560 potestatis
2787 504 2924 561 opus
2949 492 3042 554 sit,
3069 498 3125 547 et
3155 492 3421 551 mundum

1848 584 2103 649 condere,
2149 593 2204 639 et
2226 591 2473 638 mortuos
2502 584 2762 638 excitare.
2795 584 2873 638 Ac
2906 593 3037 643 tunc
3074 583 3293 654 quidem
3322 586 3418 641 ho-

1849 677 2053 732 minem
2103 678 2195 746 qui
2227 692 2338 731 uon
2363 685 2501 739 erat,
2524 692 2592 731 ex
2619 676 2851 733 diversis
2881 678 2938 732 in
2968 679 3241 733 hominem
3277 694 3419 735 con-

1847 770 2044 834 stituit,
2075 769 2201 825 data
2251 771 2302 823 ei
2342 784 2409 824 ex
2435 768 2605 823 nihilo
2633 769 2856 835 anima;
2905 786 3050 824 nunc
3081 785 3211 825 vero
3254 774 3421 839 resti:

1846 870 1961 917 tuet
1987 863 2349 918 existentibus
2376 860 2666 917 animabus
2693 877 2924 932 corpora
2954 863 3247 919 dissoluta.
3280 862 3416 921 Nam

1848 955 2181 1011 resurrectio
2206 969 2396 1009 eorum
2423 962 2528 1017 est,
2567 969 2688 1025 qua:
2723 954 2928 1024 jacent.
2978 970 3089 1010 non
3113 965 3295 1010 autem
3324 970 3425 1011 eo.

1845 1064 1968 1103 rum
2004 1062 2125 1117 qua:
2164 1062 2275 1102 non
2308 1058 2459 1103 sunt.
2516 1046 2705 1118 Itaque
2733 1049 2827 1119 qui
2858 1048 3034 1119 prima
3081 1063 3315 1119 corpora
3349 1064 3420 1104 cx

1844 1139 2016 1194 nihilo
2049 1138 2248 1201 elici-it,
2287 1146 2341 1195 et
2370 1154 2433 1193 ex
2464 1139 2599 1209 ipsis
2624 1139 2797 1203 varia
2828 1140 3110 1209 condidit;
3136 1141 3225 1199 hic
3252 1142 3416 1197 etiam

1844 1229 2149 1294 defunctos,
2179 1230 2290 1283 vita
2326 1228 2558 1298 reddita,
2597 1230 2909 1287 suscitabit.
2941 1231 3006 1287 Et
3035 1234 3130 1305 qui
3173 1234 3231 1288 in
3262 1243 3419 1290 utero

1844 1321 2118 1375 hominem
2145 1336 2211 1375 ex
2262 1321 2470 1376 semine
2510 1323 2708 1392 exiguo
2752 1322 2971 1389 format,
2996 1333 3051 1379 et
3080 1325 3319 1380 animam
3350 1341 3418 1381 es

1843 1429 1953 1467 non
1984 1422 2109 1468 ente
2134 1428 2331 1469 creans
2369 1413 2473 1484 ipsi
2500 1414 2641 1470 indit
2668 1432 2682 1482 ;
2716 1414 2861 1471 sicut
2885 1417 3002 1486 ipse
3028 1416 3275 1472 Jeremia:
3304 1418 3413 1472 ait:

1847 1504 2165 1576 Priusquam
2186 1514 2233 1559 te
2252 1504 2539 1574 formarem
2556 1508 2609 1560 in
2637 1516 2808 1573 utero,
2832 1509 2950 1561 novi
2981 1517 3028 1561 te
3045 1508 3089 1539 ³⁸
3121 1526 3136 1575 ;
3163 1515 3218 1563 et
3248 1508 3412 1565 alibi:

1844 1596 1957 1667 Ego
1994 1595 2253 1652 Dominus
2290 1598 2513 1667 ﬁrmans
2554 1599 2763 1661 ctelum.
2809 1609 2860 1654 et
2904 1599 3135 1669 fundans
3196 1610 3414 1667 terram,

1841 1703 1891 1748 et
1915 1694 2116 1763 ﬁngens
2138 1694 2387 1765 spiritum
2408 1693 2637 1747 hominis
2655 1694 2710 1746 in
2726 1709 2787 1747 eo
2808 1693 2852 1723 “
2871 1691 2949 1747 “z
2981 1692 3124 1747 idem
3143 1702 3198 1746 et
3220 1705 3412 1748 omnes

187 1781 268 1833 καὶ
294 1779 541 1849 ἀλλαχοῦ·
580 1799 600 1831 ‹
651 1779 788 1849 Ἐγὼ
818 1779 1041 1851 Κύριος,
1074 1779 1304 1851 στερεῶν
1350 1779 1597 1850 οὐρανὸν,
1642 1780 1736 1833 καὶ

1844 1782 2095 1838 homines
2123 1782 2191 1838 ad
2216 1783 2382 1838 vitam
2414 1780 2711 1844 revocabit,
2735 1789 2922 1850 utpote
2946 1793 3086 1849 quos
3112 1779 3278 1834 fecit:
3307 1778 3409 1835 sic-

186 1872 429 1943 θεμελιῶν
456 1873 587 1943 γῆν,
617 1874 709 1926 καὶ
766 1873 1019 1926 πλάσσων
1074 1872 1291 1943 πνεῦμα
1346 1871 1633 1943 ἀνθρώπου
1687 1874 1745 1927 ἐν

190 1964 373 2034 αὐτῷ’»
409 1965 574 2027 αὐτὸς
604 1965 697 2018 καὶ
726 1964 932 2026 πάντας
967 1962 1285 2036 ἀνθρώπους
1304 1964 1613 2034 ἀναστήσει,
1645 1964 1744 2017 αὑ-
1782 2006 1785 2009 .

186 2057 267 2110 τοῦ
295 2058 443 2120 ὄντας
471 2060 779 2129 ποιήματα⁵
812 2057 994 2121 καθὼς
1022 2058 1117 2112 καὶ
1141 2059 1174 2129 ἡ
1205 2057 1325 2111 θεία
1358 2057 1545 2129 Γραφὴ
1603 2074 1742 2129 μαρ-

183 2156 318 2222 τυρεῖ
342 2151 568 2220 λέγοντα
593 2151 685 2206 τὸν
712 2150 844 2204 Θεὸν
872 2150 949 2221 τῷ
974 2151 1248 2221 μονογενεῖ
1264 2148 1503 2220 Χριστῷ·
1533 2165 1553 2199 t
1581 2148 1744 2220 Ποιή-

187 2261 344 2315 σωμεν
369 2244 657 2315 ἄνθρωπον
688 2244 805 2296 κατ’
833 2243 1019 2296 εἰκόνα
1048 2242 1142 2295 καὶ
1170 2239 1291 2295 καθ’
1326 2239 1581 2311 ὁμοίωσιν
1608 2241 1744 2311 ἠμε-

182 2336 345 2407 τὲραν.
397 2336 511 2389 Kal
542 2336 793 2405 ἐποίησεν
820 2337 849 2389 6
876 2334 1007 2398 Θεὸς
1051 2334 1145 2388 τὸν
1174 2333 1478 2404 ἄνθρωπον·
1512 2333 1631 2386 κατ’
1662 2332 1739 2385 εί-

184 2426 300 2480 κόνα
326 2424 453 2479 Θεοῦ
481 2426 744 2498 ἐποίησεν
773 2425 957 2479 αὐτόν’
1012 2426 1177 2498 ἄρσεν
1205 2425 1300 2479 καὶ
1325 2425 1458 2497 θῆλυ
1488 2425 1740 2496 ἐποίησεν

184 2518 405 2581 αὐτούς.)
464 2519 584 2572 Kal
611 2521 639 2573 6
667 2518 939 2581 θειότατος
956 2518 1050 2571 καὶ
1077 2517 1400 2588 καρτερικὸς
1442 2515 1582 2583 Ἰὼὸ,
1614 2516 1741 2586 περὶ

181 2603 236 2662 οὗ
262 2612 411 2682 φησιν
443 2612 477 2681 ἡ
512 2611 731 2682 Γραφὴ,
785 2610 867 2663 ὃτι
901 2628 920 2661 t
951 2610 1257 2681 γέγραπται
1286 2607 1447 2663 αὐτὸν
1500 2608 1703 2679 ἀναστη
1724 2637 1737 2648 ο

182 2702 348 2754 σεσθαι
378 2696 590 2773 μεθ’ὦν
617 2705 646 2756 6
676 2702 879 2773 Κύριος
906 2702 1191 2773 ἀνίστησιν
1221 2700 1385 2772 (59)’›
1418 2695 1575 2762 οὗτός
1601 2715 1736 2768 φησι

179 2794 299 2864 πρὸς
322 2795 409 2846 τὸν
435 2794 597 2848 Θεόν·
634 2813 652 2846 ι
696 2795 766 2847 Ἦ
801 2795 899 2864 οὐχ
943 2793 1132 2865 ὥσπερ
1160 2793 1299 2862 γάλα
1357 2808 1423 2862 με
1477 2788 1734 2862 ῆμελξας,

176 2885 361 2956 ἔπηξας
389 2886 502 2959 (40)
539 2887 595 2941 δέ
644 2904 709 2958 με
755 2887 845 2941 lca
872 2886 1019 2958 τυρῷ
1054 2903 1069 2951 ;
1124 2885 1298 2957 δέρμα
1326 2884 1420 2938 καὶ
1455 2882 1621 2955 κρέας
1668 2900 1735 2953 με

177 2978 426 3042 ὲνέδυσαςσ
468 2980 681 3043 ὀστέοις
714 2978 772 3032 δὲ
815 2980 909 3032 καὶ
944 2978 1155 3049 νεύροις
1203 2994 1270 3048 με
1306 2978 1539 3047 ὲνεῖρας⁶
1589 2974 1737 3045 ζωὴν

171 3068 223 3121 δὲ
248 3072 334 3122 καὶ
360 3070 509 3123 ἔλεον
540 3070 661 3123 ἔθου
691 3071 818 3141 παρ’
848 3069 989 3140 ἐμοί’
1032 3071 1065 3139 ἡ
1093 3068 1149 3121 δὲ
1176 3068 1446 3139 ὲπισκοπή
1478 3083 1571 3119 σου
1600 3065 1734 3136 ἐφύ-

1842 1881 1903 1928 ut
1928 1873 2109 1928 divina
2142 1872 2422 1944 Scriptura
2451 1872 2621 1927 Deum
2670 1882 2897 1927 testatur
2930 1869 3218 1943 Unigenito
3244 1870 3405 1928 Chri-

1840 1972 1928 2019 sto
1957 1964 2198 2021 dixisse:
2232 1962 2522 2019 Faciamus
2547 1964 2809 2018 hominem
2834 1964 2903 2017 ad
2944 1964 3225 2033 imaginem
3256 1973 3307 2019 et
3340 1963 3411 2017 ad

1841 2053 2251 2109 similitudinem
2278 2064 2540 2110 nostram.
2575 2053 2640 2109 Et
2675 2054 2796 2124 fecit
2831 2053 2971 2109 Deus
3010 2054 3308 2110 hominem:
3339 2055 3409 2109 ad

1841 2148 2124 2217 imaginem
2151 2144 2249 2200 Dei
2271 2146 2395 2215 fecit
2418 2163 2534 2199 eum
2554 2162 2573 2199 :
2603 2144 2895 2199 masculum
2924 2155 2974 2199 et
3006 2145 3259 2215 feminam
3281 2144 3410 2214 fecit

1836 2254 1926 2293 eos
1955 2237 2021 2290 “.
2051 2238 2118 2292 Et
2143 2237 2380 2291 maxime
2406 2236 2626 2291 divinus
2655 2251 2721 2290 ac
2760 2236 2999 2293 tolerans
3031 2235 3155 2301 Job,
3188 2237 3256 2291 de
3297 2251 3409 2307 quo

1844 2326 2123 2397 Scriptura
2173 2326 2338 2383 dicit:
2396 2326 2663 2395 Scriptum
2706 2334 2935 2388 est,eum
2982 2343 3102 2380 cum
3128 2326 3258 2393 illis,
3288 2343 3409 2383 cum

1840 2417 2028 2489 quibus
2073 2418 2299 2488 resurgit
2348 2416 2629 2483 Dominus,
2684 2428 3101 2475 resurrecturum
3122 2418 3197 2484 ⁸³;
3240 2418 3288 2476 is
3339 2419 3409 2479 ad

1838 2506 2006 2575 Deum
2037 2509 2147 2563 ait:
2186 2508 2375 2563 Nonne
2408 2510 2545 2563 sicut
2574 2509 2657 2562 lac
2682 2509 2912 2563 mulsisti
2939 2526 3037 2577 me,
3060 2519 3111 2564 et
3134 2527 3410 2583 coagmen-

1836 2602 1965 2655 tasti
1999 2617 2081 2655 me
2109 2617 2254 2668 teque
2286 2616 2347 2654 ac
2374 2601 2627 2655 caseum?
2655 2599 2801 2654 Pelle
2826 2612 2875 2655 et
2900 2618 3055 2657 carne
3076 2604 3276 2657 vestisti
3303 2619 3407 2669 me;

1835 2691 2139 2763 ossibusque
2161 2704 2210 2748 et
2233 2694 2401 2747 nervis
2428 2694 2720 2749 innexuisti
2737 2712 2862 2759 me:
2878 2696 3037 2750 vitam
3057 2708 3231 2750 autem
3244 2705 3291 2751 et
3313 2698 3409 2755 nti-

1836 2785 2178 2839 sericordiam
2203 2787 2431 2854 posuisti
2456 2787 2597 2857 apud
2625 2804 2739 2851 me;
2766 2798 2816 2843 et
2843 2789 3078 2843 visitatio
3108 2798 3202 2843 tua
3229 2799 3407 2849 custav

1834 2872 1965 2926 divit
1988 2873 2233 2942 spiritum
2264 2892 2457 2932 meum.
2497 2876 2628 2931 Han:
2675 2894 2793 2935 cum
2833 2879 3050 2934 habeant
3090 2881 3143 2934 in
3183 2882 3403 2951 meipso.

1833 2963 1943 3017 scio
1970 2965 2108 3034 quod
2138 2967 2311 3019 omnia
2338 2977 2504 3034 potes,
2532 2979 2581 3022 et
2612 2968 2748 3023 nihil
2772 2970 2869 3025 tibi
2890 2980 2967 3025 est
2985 2972 3309 3041 impossibile
3334 2971 3401 3027 ".

1834 3054 2014 3122 Quare
2043 3058 2118 3113 ait
2148 3067 2202 3113 et
2232 3068 2418 3115 noster
2437 3058 2687 3117 Salvator
2708 3077 2774 3117 ac
2794 3062 3051 3134 MagiSter
3072 3063 3231 3120 Jesus
3253 3063 3407 3120 Chri-

173 3158 285 3225 λαξέ
316 3178 414 3231 μου
442 3163 507 3214 τὸ
541 3161 777 3232 πνεῦμα·
835 3159 1018 3214 Ταῦτα
1050 3160 1186 3230 ἔχων
1216 3160 1273 3212 ὲν
1316 3158 1559 3230 ἐμαυτῷ,
1614 3154 1734 3215 οῖδα

1839 3158 1981 3205 stus:
2007 3149 2160 3215 Quod
2173 3150 2493 3220 impossibile
2520 3164 2599 3207 est
2625 3154 2766 3223 apud
2788 3153 3042 3220 homines,
3062 3157 3311 3225 possibile
3325 3167 3408 3216 est

171 3252 241 3303 ὅτι
269 3254 442 3306 πάντα
468 3252 721 3318 δύνασαι,
752 3254 999 3307 ἀδυνατεῖ
1024 3253 1081 3306 δέ
1112 3270 1192 3305 σοι
1219 3252 1389 3305 οὐδέν.
1433 3269 1452 3303 ι
1513 3250 1604 3304 Διό
1632 3269 1737 3324 φη-

172 3358 219 3394 σι
257 3343 361 3416 (41)
412 3347 514 3398 καὶ
543 3348 571 3399 6
598 3346 863 3416 ἡμέτερος
891 3346 1082 3417 Σωτὴρ
1126 3345 1219 3398 καὶ
1271 3343 1590 3409 διδάσκαλος
1632 3345 1737 3416 Ἰη-

173 3432 285 3497 σοῦς
311 3437 338 3488 6
366 3437 627 3507 Χριστός·
666 3438 821 3489 «Ὅτι
846 3437 908 3490 τὸ
935 3436 1087 3510 παρὰ
1122 3436 1427 3508 ἀνθρώποις
1455 3437 1736 3503 ἀδύνατον,

171 3523 376 3579 δυνατὸν
404 3527 567 3599 παρά
592 3528 669 3599 τῷ
721 3528 858 3601 Θεῷ.
900 3547 919 3581 ι
980 3530 1142 3598 Λέγει
1195 3529 1251 3582 δὲ
1293 3530 1384 3583 καὶ
1418 3533 1447 3584 6
1491 3530 1739 3603 θεοφιλὴς

170 3617 319 3671 Δαϐίδ
348 3619 597 3693 (im-«Ai
627 3623 805 3694 χεῖρές
833 3638 926 3675 σου
956 3623 1217 3693 ἐποίησάν
1252 3641 1340 3694 με,
1373 3625 1467 3677 καὶ
1495 3623 1734 3679 ἔπλασάν

171 3724 279 3776 με»
333 3713 428 3765 καὶ
459 3712 645 3766 πάλιν·
675 3732 693 3763 t
729 3715 801 3767 Σὺ
830 3714 999 3783 ἔγνως
1025 3715 1085 3767 τὸ
1112 3715 1333 3786 πλάσμα
1377 3717 1551 3788 ἡμῶν
1586 3738 1605 3771 ι
1640 3719 1735 3773 καὶ

166 3795 297 3869 ἑξῆς
334 3821 353 3855 t
388 3805 464 3857 Σὺ
496 3804 740 3869 ἔπλασάς
798 3823 885 3877 με,
948 3807 1045 3859 καὶ
1096 3807 1296 3879 ἔθηκας
1348 3809 1437 3861 ἐπ’
1482 3810 1582 3881 ἐμὲ
1634 3810 1735 3881 τὴν

165 3894 312 3963 χεῖρα
340 3912 460 3948 σου·
529 3896 920 3969 ἐθαυμαστώθη
976 3898 1011 3969 ἡ
1068 3898 1268 3967 γνῶσίς
1314 3918 1408 3954 σου
1465 3901 1524 3967 ἐξ
1577 3900 1735 3973 ἐμοῦ,

162 3980 526 4059 ἐκραταιιωη,
558 3988 619 4041 οὐ
642 3990 721 4060 μὴ
740 3988 982 4060 δύνωμαι
1009 3990 1148 4061 πρὸς
1175 3993 1366 4065 αὐτήν.
1399 3993 1472 4047 Τὸ
1496 3992 1736 4063 ἀκατέρ-

228 4173 405 4231 "Jer.
478 4191 524 4239 ι,
577 4174 627 4227 5.
743 4174 787 4205 "
822 4174 867 4205 ³³
910 4173 1076 4229 Zach.
1134 4191 1233 4237 ιιι,
1274 4174 1325 4231 1.

1430 4174 1475 4206 ³⁵
1518 4172 1654 4229 Gen.
1713 4190 1753 4238 ι,
1802 4174 1895 4231 26.

1833 3242 1975 3313 apud
1996 3242 2160 3297 Deum
2178 3243 2242 3295 ⁸⁷.
2276 3242 2418 3301 Dicit
2438 3245 2602 3301 etiam
2623 3244 2733 3301 Deo
2750 3247 2949 3303 charos
2977 3246 3176 3304 David:
3210 3249 3403 3305 Manus

1834 3345 1940 3389 tua:
1973 3334 2203 3403 fecerunt
2237 3352 2339 3403 me,
2375 3346 2424 3389 et
2453 3336 2845 3405 plasmaverunt
2871 3354 2949 3393 me
2970 3340 3015 3371 ⁸⁸
3036 3356 3051 3406 ;
3072 3348 3128 3395 et
3163 3340 3398 3398 iterum:

1835 3424 1912 3480 Tu
1932 3427 2215 3495 cognovisti
2227 3426 2535 3497 ﬁgmentum
2551 3440 2811 3495 nostrum;
2826 3439 2879 3485 et
2891 3430 3147 3502 deinceps
3165 3451 3178 3487 :
3198 3432 3273 3486 Tu
3288 3432 3401 3502 for-

1831 3518 1991 3572 masti
2014 3534 2112 3584 me,
2140 3527 2189 3572 et
2208 3519 2430 3587 posuisti
2447 3536 2601 3589 super
2628 3536 2709 3575 me
2731 3537 2941 3579 manum
2975 3528 3120 3575 tuam
3138 3539 3158 3587 ,'
3179 3503 3402 3579 mirabi-

1829 3610 1897 3664 lis
1920 3610 2066 3679 facta
2093 3611 2403 3687 est’scienlia
2445 3622 2538 3665 tua
2559 3627 2623 3665 ea:
2644 3628 2745 3679 me,
2764 3615 3061 3682 confortata
3072 3623 3168 3680 est,
3185 3631 3288 3669 non
3301 3631 3401 3685 pa-

1832 3712 1944 3759 tera
1966 3701 2034 3754 ad
2056 3717 2172 3755 eam
2188 3701 2253 3756 ⁸⁸.
2279 3700 2646 3773 Imperfectum
2663 3720 2830 3757 meum
2858 3705 3095 3761 viderunt
3119 3705 3258 3760 oculi
3275 3707 3398 3773 mei,

1827 3793 1948 3848 etin
1971 3792 2106 3846 libro
2131 3802 2219 3846 tuo
2244 3808 2419 3848 omnes
2435 3792 2729 3847 scribentur
2746 3794 2811 3848 ⁸ο.
2840 3792 2944 3850 Sed
2962 3795 3198 3851 etlsaias
3224 3794 3396 3851 Deum

1826 3884 2154 3954 deprecans:
2190 3883 2326 3951 Nos,
2358 3886 2554 3957 inquit,
2570 3887 2777 3951 lutum;
2800 3895 2848 3940 et
2872 3897 2926 3940 tu
2952 3887 3108 3957 fictor
3125 3888 3380 3944 noster“.

1828 3976 1886 4035 Si
1913 3992 2042 4051 ergo
2067 3978 2232 4036 homo
2255 3991 2505 4036 creatura
2554 3979 2646 4037 Dei
2687 3989 2791 4045 est,
2837 3997 2933 4052 per
2973 3974 3249 4038 Christum
3300 3980 3386 4038 fa-

2003 4175 2131 4251 ’_'in
2188 4172 2296 4228 line
2339 4169 2442 4227 Job
2491 4170 2848 4251 apud_l_:XX.
2897 4172 2988 4251 ,³⁸
3024 4170 3128 4251 Job
3184 4147 3244 4238 ι..
3303 4175 3390 4237 ιο.

162 4243 203 4275 ³’
237 4243 365 4301 Luc.
399 4260 570 4310 xvm,
604 4242 695 4297 27.
772 4244 815 4278 ³³
844 4243 1290 4310 Psal.uxvut,73.
1366 4244 1411 4277 ”
1441 4243 1589 4300 Psal.
1636 4259 1733 4309 cn,
1764 4246 1851 4305 l3.
1924 4245 1969 4277 ⁸ο
2002 4245 2147 4300 Psal.
2181 4258 2449 4310 cxxxvm,
2489 4240 2548 4299 ΒΣ
2620 4244 2662 4276 ⁸⁸
2706 4240 2813 4299 lsa.
2868 4240 3017 4307 L'xw,
3057 4242 3113 4301 8.

1477 4437 1843 4495 VARIORUM
1873 4436 2104 4495 NOTAE.

152 4632 253 4686 tus,
270 4625 357 4692 qui
371 4622 570 4678 coelum
595 4639 693 4691 pro
723 4623 905 4679 throno
939 4622 1112 4685 habet,
1161 4638 1223 4677 ac
1247 4630 1441 4676 terram
1483 4636 1579 4690 pro
1612 4636 1730 4674 sca-
1760 4622 1806 4678 D
1835 4620 2058 4690 resurgit
2086 4619 2365 4692 Dominus,
2400 4618 2505 4686 vel,
2539 4635 2657 4692 cum
2687 4618 2797 4673 illis
2828 4635 2955 4692 quo_s
2978 4620 3259 4675 resuscitat
3288 4621 3399 4677 Do-

154 4693 321 4759 bello;
354 4695 695 4765 insuperque,
730 4704 789 4747 ut
819 4694 1112 4763 prophetice
1156 4693 1386 4757 dicatur,
1436 4693 1525 4765 qui
1552 4694 1730 4762 palmo

151 4766 330 4818 calum
389 4763 633 4827 metitur,
672 4773 722 4818 et
784 4774 975 4818 terram
1002 4779 1215 4835 pugno;
1247 4773 1367 4818 ante
1400 4763 1550 4832 cujus
1604 4779 1731 4815 con-

150 4844 373 4901 spectum
394 4838 770 4906 omnes‘gentes
803 4843 924 4888 sunt
962 4836 1114 4906 quasi
1147 4844 1467 4906 momentum
1490 4843 1727 4906 statera,

150 4852 373 4901 spectum
394 4852 581 4888 omnes
597 4852 770 4906 gentes
803 4852 924 4888 sunt
996 4852 1113 4889 uast
1147 4852 1461 4887 momentum
1490 4852 1515 4886 s

148 4914 195 4957 et
225 4905 381 4973 quasi
442 4906 599 4959 stilla
648 4904 712 4960 de
742 4906 927 4960 situla.
962 4852 1135 4975 ((1δαί.
1173 4903 1516 4975 ιι,12,15.)

214 5040 323 5111 (35)
355 5041 458 5110 Μὴ
493 5040 656 5105 ὄντα,
684 5048 789 5095 etc.
832 5039 891 5094 In
925 5041 1170 5111 margine
1199 5047 1447 5096 notatum
1475 5053 1504 5093 a
1528 5038 1733 5111 nescio

147 5124 254 5177 quo
290 5110 437 5183 Σημ.
473 5111 619 5166 κατά
642 5110 1091 5183 ΔὩριῖενιαστίῖξν,
1122 5111 1285 5183 quasi
1318 5111 1405 5166 his
1428 5110 1610 5167 verbis
1632 5124 1732 5180 op-

149 5180 507 5255 pugnaretur
523 5180 863 5255 προϋπαρξις
882 5181 1219 5255 τῷν-ψυχῶν.
1252 5180 1419 5255 CLER.

288 5251 322 5375 ἱ)
356 5249 732 5321 Ἄνθρωπον.
749 5249 970 5306 ”νο(;υ1ει
992 5249 1120 5306 hinc
1134 5252 1202 5307 ab
1224 5252 1393 5307 altero
1412 5249 1600 5307 codice
1634 5250 1731 5305 ab-

312 5338 370 5375 ι).

146 5328 247 5375 est.
289 5328 370 5378 ID.

212 5392 323 5463 ('57)
355 5392 814 5462 Δημιουργήσας
849 5392 998 5462 εἴδη.
1047 5390 1139 5447 Sic
1167 5392 1318 5463 legit.
1369 5393 1538 5447 altera
1585 5405 1719 5446 voce

144 5461 382 5526 auctiOr,
414 5461 564 5517 unus
591 5461 751 5520 Vind.
777 5464 925 5528 cod.,
960 5478 1060 5517 nec
1090 5461 1251 5518 male.
1283 5461 1361 5519 in.

210 5532 300 5600 (58
330 5534 451 5587 Καὶ
480 5533 579 5599 ὡς.
612 5534 810 5598 Καθὼς
837 5535 893 5589 in
917 5534 1146 5604 utroque
1163 5533 1285 5588 cod.
1314 5541 1373 5586 ut
1416 5530 1508 5586 hic
1555 5531 1715 5589 habet

144 5605 345 5668 versio,
382 5604 606 5660 melius.
639 5604 717 5659 lo.

210 5670 549 5745 (39)Αὺζὸγ
560 5675 1007 5742 ἀναστήσεσθαι
1031 5674 1158 5745 μεθ’
1184 5673 1271 5745 ὧν
1298 5677 1329 5727 d
1346 5674 1559 5741 Κύριος
1584 5670 1711 5745 ἀνί-

146 5754 369 5810 στησιν
391 5760 412 5798 :
437 5742 623 5813 Ipsum
651 5742 1060 5801 resurrecturum
1077 5762 1193 5801 cum
1226 5744 1354 5811 illis,
1381 5759 1498 5799 cum
1522 5744 1707 5815 quibus

1838 4689 2033 4745 minus.
2082 4690 2240 4744 Aliud
2270 4706 2373 4745 ms.
2400 4690 2698 4759 exemplar,
2746 4697 2883 4745 teste
2905 4689 3194 4750 Turriano,
3254 4692 3399 4747 inter

1786 4758 1791 4763 ’
1836 4760 1997 4832 αὑτὸν
2025 4768 2078 4832 et
2098 4759 2493 4832 ἀναστήσεσθαι
2524 4758 3065 4832 inscrtumhabebat
3105 4760 3285 4823 πάλιν,
3337 4770 3399 4817 ιιι

1839 4830 2001 4901 vulgo
2050 4831 2254 4901 legunt.
2291 4830 2437 4882 'Eam
2467 4838 2645 4885 tamen
2679 4831 2999 4900 particulam
3048 4846 3154 4885 non
3180 4833 3397 4888 videtur

1836 4900 2133 4972 agnOScere
2155 4900 2511 4972 Theophanes
2534 4901 2847 4972 Cerameus,
2862 4901 3048 4954 homil.
3075 4901 3163 4972 27,
3182 4919 3235 4972 p.
3266 4902 3392 4959 211.

1828 4970 1975 5095 ἕοτό
2025 4969 2115 5025 Sic
2152 4979 2205 5025 et
2252 4969 2321 5025 in
2348 4971 2518 5025 altero
2582 4970 2703 5026 cod.
2749 4970 2980 5027 Vinuob.
3024 4969 3205 5026 πάλινζα
3234 4972 3395 5030 αὐτὸν

1892 5081 1905 5094 .
1982 5057 2102 5095 LER.

1892 5081 2338 5181 .(i‘llluriianﬁac.
2369 5110 2521 5165 Alter
2550 5109 2709 5166 codd.
2729 5108 3253 5179 Vindobonensium,
3272 5112 3394 5165 ἐτύ-

1892 5198 2039 5235 acac.
2069 5182 2212 5235 torte
2248 5183 2474 5235 rectius.
2511 5181 2588 5235 In.

1834 5198 2039 5253 ρωσας,
2069 5191 2212 5238 torte
2248 5191 2474 5237 rectius.
2511 5191 2588 5235 In.

1899 5251 2011 5333 (il)
2041 5252 2140 5333 Διῤ
2166 5268 2390 5333 φησιν..
2424 5250 2549 5305 Haec
2571 5260 2624 5307 et
2649 5266 2805 5333 seqq.
2832 5252 2905 5333 _ad
2935 5251 3012 5317 τῷ
3036 5252 3157 5333 Θεῷ
3186 5256 3400 5333 omissa

1830 5329 1957 5375 sunt
1987 5322 2040 5375 in
2074 5323 2247 5377 altero
2290 5322 2414 5376 cod.
2447 5336 2548 5375 nec
2566 5338 2697 5376 sane
2716 5322 3012 5392 quidquam
3043 5323 3109 5376 ad
3159 5338 3270 5377 rem
3310 5324 3391 5377 fa-

1830 5392 2014 5447 ciunt:
2049 5408 2223 5447 neque
2243 5392 2386 5447 enim
2412 5406 2591 5446 sermo
2618 5400 2701 5446 est
2732 5395 2798 5447 de
2824 5396 3214 5447 omniootentia
3249 5393 3391 5447 divi-

1826 5400 2014 5458 ciunt;
2049 5408 2223 5463 neque
2243 5400 2386 5447 enim
2412 5406 2591 5446 sermo
2618 5400 2701 5446 est
2732 5400 2798 5447 de
2824 5400 3214 5462 omnipotentia
3249 5400 3389 5447 divi-

1825 5461 2039 5535 na,_sed
2069 5463 2149 5535 de
2165 5462 2461 5535 creatione.
2512 5457 2568 5514 In
2617 5462 2863 5535 margine
2885 5462 3126 5535 _alterius
3162 5460 3229 5517 ad
3274 5464 3389 5520 haec

1823 5532 2028 5612 verba:
2055 5531 2476 5612 que‘raﬁfafv
2505 5526 2825 5612 τοῑς’ἄλλόις
2856 5526 3033 5612 εὖρον.
3057 5534 3138 5612 [υ.

1891 5600 2249 5727 ’
2266 5602 2656 5727 vagare]???
2675 5603 2890 5727 remigi;
2915 5604 3387 5727 ὖᾝινίιῗῗρεύιὲυὲἓ

1817 5678 1873 5798 ft
1905 5674 2133 5799 halbetu;
2164 5674 2218 5727 in
2266 5674 2552 5741 versione;
2589 5682 2643 5729 et
2675 5690 2734 5729 re
2773 5674 2890 5745 ipsa
2915 5674 3082 5731 David
3107 5674 3277 5732 Deum
3305 5676 3416 5734 διε-ν

1838 5758 1964 5814 oqut
1994 5758 2076 5800 ur.
2134 5759 2185 5801 ν.
