3880 6332
514 241 614 323 aid

1360 260 1415 314 s.
1447 253 1890 314 CLEMENTlSl
1931 255 2102 312 non.
2139 258 2340 313 PONT.
2378 257 2602 313 orans
2637 256 2863 313 num.
3560 267 3639 323 353

510 385 678 443 ctus;
722 376 963 446 profecto
994 377 1157 430 etiam
1187 390 1282 445 per
1311 388 1434 429 eum
1463 381 1587 442 post
1623 380 1856 426 mortem
1887 388 2073 426 resur-

2179 374 2372 451 γαστόν
2401 373 2512 446 (45)
2546 391 2644 444 μου
2674 369 2810 428 εἶδον
2837 376 2886 427 οἰ
2939 374 3194 445 ὀφθαλμοί
3245 392 3346 440 σου,
3380 378 3459 431 καὶ
3493 381 3566 433 ἐπὶ
3595 383 3641 438 τδ

512 478 639 540 get;
690 478 749 524 ut
790 469 874 523 vel
910 476 1203 521 coronetur
1233 480 1331 535 pro
1354 463 1674 527 virtutibus,
1702 463 1785 518 vel
1814 463 2075 531 puniatur

511 578 611 633 pro
639 562 869 618 delictis.
919 559 1074 626 Quod
1102 560 1147 614 si
1166 558 1381 628 justitia
1418 556 1648 627 judicat,
1670 562 1731 609 ut
1759 555 2072 626 legislator;

509 650 963 722 quemadmodum
1025 651 1182 721 punit
1230 648 1451 718 impios.
1513 647 1595 702 sic
1648 646 1833 702 ﬁdeles
1901 646 2075 715 etqni

508 753 731 814 prapter
770 760 894 799 eum
923 743 990 798 ab
1041 743 1353 797 hominibus
1401 748 1529 794 sunt
1578 738 1797 793 mactati
1828 747 2073 803 sanctos,

508 835 783 889 beneﬁcus
813 836 1023 900 salvat;
1054 835 1250 904 partim
1275 833 1417 887 sicut
1441 839 1588 887 astra
1607 829 1923 900 splendidos
1950 828 2076 883 red-

507 925 662 989 dens,
696 926 897 996 partim
958 926 1107 980 velut
1167 925 1460 979 luminaria
1520 921 1880 991 refulgentes,
1929 919 2076 990 quod

508 1016 720 1073 Danieli
773 1019 1094 1088 prolocutus
1150 1024 1233 1071 est
1281 1014 1500 1070 Gabriel
1542 1013 1607 1067 δ’.
1673 1011 1840 1081 Igitur
1891 1010 2076 1066 ﬁdeles

506 1123 720 1174 omnes,
747 1110 841 1178 qui
876 1108 1081 1163 Christi
1105 1123 1297 1163 sumus
1320 1105 1597 1178 discipuli,
1628 1103 1916 1175 promissis
1954 1103 2076 1172 ejus

506 1200 779 1254 credimus
812 1218 825 1253 :
856 1215 982 1253 nam
1036 1199 1128 1269 qui
1164 1198 1439 1269 promisit,
1462 1196 1681 1252 mentiri
1719 1211 1830 1252 non
1860 1202 2073 1264 potest:

507 1291 642 1345 dicit
690 1299 870 1345 autem
908 1291 1097 1345 beatus
1127 1290 1389 1360 propheta
1426 1284 1592 1341 David
1619 1306 1631 1341 :
1661 1284 1865 1339 Fidelis
1892 1284 2077 1337 Domi-

506 1400 604 1438 nus
635 1384 690 1437 in
746 1383 983 1437 omnibus
1014 1382 1180 1437 verbis
1211 1383 1344 1447 suis,
1390 1390 1441 1435 et
1491 1387 1703 1434 sanctus
1732 1378 1787 1432 in
1830 1376 2078 1435 omnibus

508 1476 748 1546 operibus
775 1477 885 1531 suis
913 1474 982 1530 “.
1028 1474 1189 1529 Certe
1229 1474 1326 1544 qui
1373 1471 1477 1527 sibi
1519 1485 1719 1540 corpus
1764 1483 1832 1524 ex
1860 1466 2081 1538 Virgine

506 1566 836 1631 construxit,
869 1567 916 1622 is
938 1573 993 1620 et
1014 1572 1336 1620 caaterorum
1368 1562 1651 1617 hominum
1677 1568 1763 1617 est
1791 1561 2076 1627 conditor;

505 1668 563 1715 et
594 1660 689 1729 qui
720 1674 780 1715 se
829 1674 861 1713 a
894 1658 1128 1712 mortuis
1172 1656 1455 1721 excitavit,
1496 1654 1642 1709 idem
1670 1661 1726 1710 et
1781 1668 1973 1709 omnes
2022 1652 2079 1707 in

508 1752 953 1821 mortejacentes
983 1749 1049 1804 ad
1083 1750 1251 1804 vitam
1278 1747 1468 1818 eriget.
1511 1745 1617 1814 Qui
1654 1745 1987 1802 frumentum
2009 1761 2078 1800 ex

509 1860 622 1901 uno
644 1859 814 1913 grano
845 1857 1201 1898 numerosum
1224 1858 1253 1897 e
1288 1848 1436 1896 terra
1467 1840 1651 1896 educit
1676 1857 1691 1906 ;
1723 1840 1816 1909 qui
1837 1840 2079 1894 excisam

510 1939 761 1994 arborem
782 1937 1113 2007 repullulare
1141 1935 1271 1990 facit
1294 1935 1349 1989 in
1380 1934 1695 1996 surculum;
1722 1932 1816 2002 qui
1845 1931 2081 1988 Aaronis

508 2032 716 2102 virgam
744 2030 858 2101 jam
918 2030 1204 2093 siccatam,
1238 2028 1291 2081 in
1336 2040 1557 2097 germen
1613 2024 1778 2094 jussit
1827 2038 2083 2094 prorum-

509 2139 639 2196 pere
662 2124 709 2155 “
735 2142 748 2177 :
803 2122 920 2193 ipse
950 2137 1050 2177 nos
1081 2135 1297 2191 quoque
1325 2104 1622 2175 suscitabit‘
1641 2119 1697 2174 in
1737 2119 1933 2189 gloria.
1975 2116 2081 2184 Qui

510 2214 874 2289 paralyticum
907 2228 1102 2268 sanum
1134 2213 1188 2266 in
1222 2212 1388 2282 pedes
1438 2210 1630 2266 statuit
1663 2210 1751 2276 “;
1797 2218 1853 2264 et
1880 2223 2080 2263 manus

511 2307 768 2361 ariditate
799 2304 1140 2359 laborantem
1183 2302 1398 2357 curavit
1429 2300 1515 2367 δθς
1557 2309 1611 2357 et
1659 2315 1806 2356 caeco
1863 2315 1894 2354 a
1931 2299 2082 2355 nati-

510 2400 699 2463 vitate,
754 2398 899 2468 quod
930 2396 1234 2452 “deﬁciebat
1288 2395 1618 2457 membrum,
1650 2409 1748 2465 per
1782 2402 1980 2448 terram
2025 2400 2081 2449 et

511 2484 736 2549 salivam
790 2488 1025 2545 reddidit
1050 2488 1091 2519 ⁸⁷
1122 2507 1134 2542 :
1166 2488 1212 2542 is
1246 2487 1360 2558 ipse
1395 2502 1498 2541 nos
1541 2501 1759 2557 quoque
1800 2485 1872 2541 ad
1917 2485 2083 2541 vitam

509 2584 808 2641 revocabit.
869 2580 972 2649 Qui
1004 2597 1071 2636 ex
1097 2581 1339 2651 quinque
1364 2579 1601 2651 panibus
1640 2586 1693 2633 et
1732 2578 1947 2633 duobus
1997 2577 2085 2648 pi-

514 2677 702 2733 scibus
729 2675 971 2745 quinque
1016 2673 1188 2726 millia
1216 2673 1460 2725 virorum
1497 2670 1739 2735 satiavit,
1770 2670 1976 2725 faciens
2025 2678 2085 2723 ut

511 2768 800 2823 duodecim
831 2765 1054 2837 c0phini
1101 2771 1454 2836 superessent
1480 2761 1569 2829 ⁸⁸ς
1601 2769 1655 2817 et
1701 2777 1769 2817 ex
1813 2775 1953 2831 aqua
1995 2760 2082 2816 vi-

513 2875 648 2917 num
678 2858 916 2913 confecit
937 2856 1012 2924 ";
1045 2865 1098 2911 et
1136 2871 1205 2911 ex
1232 2870 1328 2909 ore
1376 2854 1543 2925 piscis
1572 2860 1876 2909 extractum
1910 2858 2081 2907 state—

514 2968 630 3007 rem
662 2966 758 3022 per
790 2964 875 3025 me
898 2947 1119 3003 Petrum
1169 2946 1319 3001 misit
1365 2942 2030 3000 census-exactoribns“
2065 2962 2078 2996 :

2177 465 2376 536 βιϐλίον
2409 481 2500 518 σου
2549 466 2754 541 ¹πάντες
2779 466 3163 538 γραφήσονται.
3200 484 3219 519 ι
3263 468 3401 521 ’Δλλὰ
3425 471 3546 524 καὶὸ
3576 473 3643 526 Ἡ.

2175 558 2332 621 σατας
2350 558 2498 625 λέγει
2516 558 2944 630 προσευχόμενος
2962 558 3129 629 αὐτῷ,
3149 560 3225 611 ὅτι
3253 577 3271 611 ι
3294 561 3453 630 Ἡμεῖς
3465 564 3489 614 ὁ
3503 563 3645 632 πηλὸς,

2176 657 2270 711 καὶ
2300 655 2365 708 σὺ
2389 656 2417 709 ό
2439 654 2681 726 πλάστης
2705 654 2861 725 ἡμῶν
2892 652 3024 723 (44).
3059 670 3078 703 ι
3114 653 3175 705 Εἰ
3218 652 3376 707 τοίνυν
3409 651 3544 705 αὐτοῦ
3574 653 3643 722 δη·

2178 742 2494 815 μιούργημα
2518 741 2547 794 ὁ
2577 742 2878 814 ἄνθρωπος,
2907 741 2995 794 διά
3028 739 3255 811 Χριστοῦ
3274 738 3649 810 γενόμενος,πάνο

2174 850 2281 897 τως
2306 833 2388 885 ὃτι
2415 832 2508 886 καὶ
2534 830 2723 896 θανὼν,
2752 830 2817 883 δι’
2848 828 3011 883 αὐτοῦ
3041 828 3389 901 ἀναστήσεται·
3432 832 3509 883 ἐπὶ
3550 832 3652 905 etM

2177 924 2469 997 πεφθῆναι
2497 922 2608 995 (45)
2639 922 2730 975 ἐπὶ
2755 923 2868 985 τοῖς
2895 920 3318 993 κατορθώμασιν,
3345 922 3374 992 ῆ
3399 923 3653 994 κολασθῆναι

2176 1020 2269 1071 ἐπὶ
2292 1020 2405 1079 τοῖς
2458 1014 2942 1087 πλημμελήμασιν.
2990 1014 3053 1068 Εἰ
3091 1014 3147 1067 δὲ
3190 1013 3470 1085 δικαιοσύνῃ
3507 1015 3655 1086 κρίνει,

2176 1112 2252 1174 ὡς
2297 1108 2617 1181 νομοθέτης·
2649 1106 2837 1178 ὥσπερ
2866 1106 3082 1170 κολάζει
3123 1106 3246 1168 τοὺς
3289 1105 3493 1171 ἀσεϐεῖς,
3529 1106 3658 1171 ciam;

2178 1194 2476 1274 εὐεργετῶν
2496 1197 2656 1263 σώζει
2680 1199 2803 1261 τοὺς
2830 1199 3073 1262 πιστοὺς,
3102 1198 3194 1251 καὶ
3220 1196 3335 1258 τοὺς
3359 1197 3417 1250 δι⁷
3442 1196 3573 1250 αὑτὸν
3594 1198 3660 1250 ὑπ’

2177 1293 2474 1367 ἀνθρώπων
2496 1290 2796 1361 σφαγέντας
2823 1289 3026 1359 ἁγίους·
3054 1290 3179 1351 τοὺς
3208 1289 3297 1358 μὲν
3322 1288 3391 1351 ὡς
3414 1288 3556 1359 ἄστρα
3578 1306 3661 1357 (pata

2177 1388 2405 1460 δρύνων,
2434 1387 2560 1449 τοὺς
2587 1383 2643 1439 δὲ
2670 1383 2747 1447 ὡς
2775 1383 3066 1454 φωστῆρας
3110 1380 3437 1453 λαμπρύνων*
3485 1378 3661 1442 καθὼςό

2178 1477 2419 1551 Γαϐριὴλ
2442 1476 2520 1547 τῷ
2547 1474 2743 1547 Δανιὴλ
2769 1473 2941 1542 ἔλεγε
2976 1473 3211 1546 μαθηταὶ
3240 1468 3327 1526 οῦν
3345 1470 3549 1543 Χριστοῦ
3571 1472 3661 1523 πᾶν·

2180 1586 2271 1633 τες
2308 1567 2644 1640 ὑπάρχοντες
2679 1567 2731 1619 οἰ
2776 1566 2978 1631 πιστοὶ,
3033 1563 3349 1636 πιστεύομεν
3399 1561 3540 1617 αὐτοῦ
3580 1564 3664 1625 ταῖς

2182 1659 2549 1731 ἐπαγγελίαις
2598 1657 2832 1730 ἀψευδὴς
2865 1656 2974 1729 γάρ
3001 1658 3029 1710 ὀ
3068 1654 3518 1725 ἐπαγγειλάμενος
3557 1652 3663 1719 λέγει

2178 1736 2235 1808 δὲ
2259 1755 2288 1806 ὁ
2330 1750 2596 1823 μακάριος
2622 1750 2909 1821 προφήτης
2934 1746 3122 1813 Δαὸὶδ,
3150 1747 3229 1800 ὅτι
3263 1764 3280 1797 ι
3310 1744 3485 1807 Πιστὸς
3515 1742 3665 1813 Κύριος

2180 1846 2238 1899 ὲν
2266 1846 2398 1899 πᾶσι
2423 1846 2534 1907 τοῖς
2559 1842 2737 1911 λόγοις
2764 1838 2951 1905 αὐτοῦ,
2979 1840 3072 1895 καὶ
3098 1840 3241 1901 ὅσιος
3264 1835 3366 1909 (46)
3384 1838 3436 1888 ὲν
3459 1836 3569 1888 πᾶσι

2180 1935 2362 2008 ἔργοις
2417 1933 2647 1988 αὐτοῦ.)
2708 1932 2768 1986 '0
2801 1930 2910 2004 γὰρ
2958 1932 3024 1985 ὲκ
3052 1929 3318 2002 παρθένου
3368 1926 3522 1996 ἑαυτῷ
3542 1941 3665 1979 κατα·

2182 2028 2450 2091 σκευάσας
2480 2026 2656 2097 σῶμα,
2684 2018 2839 2087 οὗτος
2865 2024 2960 2077 καὶ
2985 2022 3095 2075 τῶν
3123 2020 3289 2077 ἀλλων
3308 2018 3569 2090 ἀνθρώπων
3601 2016 3666 2087 δη-

2184 2119 2442 2192 μιουργός
2472 2119 2605 2171 ἐστι·
2637 2117 2730 2171 καὶ
2752 2115 2862 2187 (47)
2894 2114 3084 2169 ἑαυτὸν
3112 2113 3411 2183 ἀναστήσας
3430 2112 3486 2163 ἐκ
3508 2107 3592 2161 τῶν
3611 2124 3667 2160 νε-

2181 2211 2349 2283 κρῶν,
2403 2210 2565 2273 αὐτὸς
2599 2208 2694 2263 καὶ
2722 2207 2930 2271 πάντας
2955 2207 3081 2269 τοὺς
3123 2204 3402 2276 κειμένους
3426 2202 3663 2269 ἀναστήσει·

2180 2305 2209 2358 ό
2234 2304 2324 2357 τὸν
2353 2302 2524 2375 πυρὸν
2551 2300 2613 2367 ἐξ
2638 2301 2757 2364 ἐνὸς
2783 2300 2982 2354 κόκκου
3004 2298 3271 2369 πολύχουν
3294 2298 3356 2349 ὲκ
3372 2296 3464 2365 γῆς
3476 2290 3667 2355 ἀνιστῶν,

2180 2400 2210 2453 ὁ
2236 2395 2298 2451 τὸ
2324 2396 2555 2449 ὲκκοπὲν
2582 2394 2797 2466 δένδρον
2826 2396 2904 2456 εἰς
2927 2392 3198 2465 ράδαμνον
3229 2387 3535 2447 ἀναθάλλων,
3559 2384 3667 2452 ὁτήν

2195 2488 2401 2561 ’Δαρὼν
2432 2487 2624 2562 ῥάϐδον
2655 2484 2962 2559 ξηράνασαν
2991 2482 3104 2556 (48)
3126 2481 3364 2552 ὲκφύσας
3389 2480 3460 2542 εἰς
3484 2474 3665 2549 sum

2182 2580 2343 2646 αὐτὸς
2369 2582 2465 2635 καὶ
2491 2581 2638 2652 ἡμᾶς
2666 2580 2846 2651 ἐγερεῖ
2872 2579 2929 2633 ἐν
2957 2574 3107 2649 δόξῃ.
3178 2576 3235 2630 '0
3263 2574 3352 2629 τὸν
3381 2567 3667 2642 παραλυτικὸν

2174 2674 2321 2728 σῶον
2357 2673 2662 2744 ἀνεγείρας,
2703 2671 2799 2726 καὶ
2840 2671 2932 2724 τὸν
2986 2668 3371 2742 ἐξηραμμένην
3416 2666 3577 2736 ἔχοντα
3604 2661 3670 2731 τὴν

2183 2768 2340 2838 χεῖρα
2371 2765 2683 2837 ἰασάμενος,
2715 2764 2807 2819 καὶ
2832 2763 2894 2816 τὸ
2918 2762 3103 2816 λεῖπον
3137 2761 3300 2832 μέρος
3326 2760 3382 2813 ὲν
3405 2756 3477 2828 τῷ
3499 2756 3552 2809 ὲκ
3571 2769 3671 2821 γενε-

2182 2859 2280 2930 τῆς
2308 2856 2466 2929 πηρῷ
2494 2858 2558 2911 ὲκ
2599 2858 2703 2928 γῆς
2744 2856 2838 2909 καὶ
2867 2854 3042 2909 σιέλου
3085 2851 3336 2915 ἀποδούς·
3382 2852 3409 2904 ὁ
3451 2846 3583 2910 αὐτὸς
3609 2844 3673 2897 κεί

2183 2951 2331 3021 ἡμᾶς
2348 2950 2612 3019 ἀνεγερεῖ.
2667 2949 2725 3001 '0
2753 2949 2818 3001 ἐκ
2844 2946 3003 3001 πέντε
3031 2947 3211 3019 ἀρτων
3265 2943 3359 2998 καὶ
3405 2942 3488 2995 δύο
3533 2936 3673 3008 ἰχθύων

515 3044 661 3098 idem
688 3050 739 3097 et
799 3049 975 3096 morte
1026 3039 1272 3095 sublatos
1313 3038 1438 3092 vitae
1469 3036 1679 3094 reddet.
1731 3035 1855 3089 Haec
1884 3034 2079 3105 quippe

2185 3041 2653 3113 πεντακισχιλίους
2697 3040 2947 3112 κορέσας,
2978 3040 3071 3094 καὶ
3130 3036 3482 3110 περισσεύσας
3525 3029 3676 3084 δώδεκα

514 3135 699 3189 omnia
726 3133 793 3189 de
840 3148 906 3189 eo
933 3140 1295 3198 attestamur;
1327 3130 1432 3183 alia
1479 3143 1610 3183 vero
1639 3128 1933 3199 prephetae.
1966 3126 2077 3182 Nos

515 3228 609 3298 qui
641 3242 763 3281 cum
784 3240 849 3280 eo
880 3223 1217 3278 comedimus
1243 3236 1308 3275 ac
1334 3221 1606 3287 bibimus;
1632 3229 1687 3275 et
1716 3218 2083 3291 spectavimus

515 3316 949 3386 miracula'ejus,
1001 3316 1191 3380 vitam,
1242 3313 1737 3375 conversationem,
1770 3325 2076 3374 sermones,

516 3410 818 3483 passiones,
864 3414 1116 3471 mortem,
1149 3414 1313 3476 atque
1341 3420 1408 3459 ex
1440 3404 1673 3459 mortuis
1714 3404 2078 3458 resurrectio-

516 3509 763 3570 nem;ct
794 3516 918 3553 cum
963 3515 1028 3555 eo
1068 3513 1166 3569 per
1209 3496 1571 3568 quadraginta
1630 3495 1748 3552 dies
1796 3502 2083 3565 postquam

517 3595 681 3650 rediit
731 3592 798 3647 ad
848 3592 1015 3645 vitam
1038 3591 1105 3656 ⁸¹,
1137 3590 1336 3645 versati
1384 3603 1613 3655 sumus;
1660 3597 1714 3643 et
1763 3586 2081 3641 mandatum

518 3688 829 3758 accepimus
880 3686 949 3740 ab
977 3699 1064 3748 eo,
1103 3681 1436 3754 praedicandi
1485 3680 1836 3752 Evangelium
1867 3682 1923 3733 in
1954 3678 2081 3732 uni-

516 3795 676 3834 verso
695 3778 920 3841 mundo,
953 3775 1186 3832 docendi
1215 3790 1405 3830 omnes
1427 3781 1639 3844 gentes,
1675 3789 1738 3829 ac
1771 3770 2082 3843 baptizandi

516 3874 575 3928 in
613 3880 841 3927 mortem
880 3872 1001 3940 ejus
1032 3869 1098 3935 ⁵²,
1131 3870 1185 3923 in
1240 3868 1564 3923 auctoritate
1593 3864 1688 3920 Dei
1719 3872 2081 3930 cunctorum;

517 3967 611 4036 qui
642 3973 726 4021 est
754 3963 916 4018 Pater
946 3964 1086 4033 ejus,
1128 3977 1229 4017 nec
1259 3976 1371 4018 non
1398 3961 1456 4014 in
1482 3957 1796 4014 testimonio
1824 3956 2081 4027 bpiritus,

518 4059 611 4129 qui
642 4065 725 4113 est
765 4056 1082 4111 Paracletus
1117 4074 1130 4110 :
1158 4070 1280 4118 nos,
1315 4050 1694 4123 inquam,th
1716 4050 1897 4103 omnia
1921 4049 2085 4104 doce-

518 4168 642 4207 mus
670 4164 1107 4220 vos;qu:ecum
1156 4146 1421 4203 edixisset
1465 4144 1648 4207 nobis,
1684 4143 1739 4197 in
1787 4151 2083 4212 conspectu

518 4252 708 4299 nostro
729 4250 1041 4311 assumptus
1060 4250 1145 4296 est
1163 4240 1217 4293 in
1235 4236 1518 4304 malum”,
1551 4236 1617 4291 ad
1654 4252 1776 4290 eum
1795 4236 1887 4306 qui
1906 4237 2081 4305 ipsum

516 4337 763 4392 miserat.
800 4336 976 4406 Atque
1006 4335 1054 4389 si
1082 4332 1444 4393 credideritis,
1475 4331 1619 4385 beati
1651 4329 1805 4385 eritis
1833 4347 1848 4395 ;
1883 4330 1928 4383 si
1951 4344 2085 4382 con—

520 4438 605 4482 tra
650 4444 759 4483 non
805 4426 1165 4490 credideritis,
1210 4440 1312 4480 nos
1362 4424 1681 4479 innocentes
1730 4430 1785 4477 et
1824 4420 2013 4475 mundi
2050 4436 2083 4474 a

516 4528 701 4576 vestra
729 4520 1108 4575 incredulitate
1151 4518 1501 4587 reperiemur.

2184 3133 2451 3204 κοφίνους,
2481 3134 2575 3187 καί,
2618 3131 2678 3199 ὲξ
2712 3131 2904 3195 ὓδατος
2928 3127 3067 3185 οἶνον
3109 3131 3485 3203 μεταποιήσας,
3520 3126 3596 3181 καὶ
3634 3123 3677 3173 ὲκ

2186 3226 2453 3298 στόματος
2482 3224 2659 3296 ἰχθύος
2688 3225 2928 3295 στατῆρα
2953 3224 3019 3277 δι’
3050 3223 3186 3296 ἐμοῦ
3216 3222 3419 3294 Πέτρου
3452 3221 3548 3283 τοῖς
3570 3217 3681 3269 ἀπαι-

2185 3317 2336 3371 τοῦσι
2358 3318 2553 3389 κῆνσον
2578 3318 2775 3372 ἀποστε
2785 3316 2916 3380 ἰλαςο
2936 3310 3090 3379 οὗτος
3117 3317 3214 3370 καὶ
3240 3318 3365 3379 τοὺς
3390 3310 3680 3384 νεκροὺςὼθε·

2182 3413 2351 3482 γερεῖ.
2382 3409 2566 3464 Ταῦτα
2590 3408 2698 3482 γὰρ
2742 3408 2955 3464 ἅπαντα
2981 3409 3141 3480 ⁴ἡμεῖς
3168 3408 3299 3481 περὶ
3348 3404 3501 3461 αὑτοῦ
3528 3416 3681 3475 μαρτυ·

2188 3503 2407 3574 ροῦμενο
2434 3502 2505 3557 τά
2526 3502 2569 3556 δ’
2593 3502 2726 3559 άλλα
2750 3503 2800 3556 οἱ
2825 3500 3121 3575 προφῆται.
3149 3502 3340 3573 Ἡμεῖς
3365 3500 3413 3552 οἰ
3440 3493 3681 3567 συμφαγεῖν-

2183 3612 2275 3658 τες
2299 3594 2447 3667 αύτῷ
2474 3595 2567 3649 καὶ
2595 3595 2938 3666 συμπιόντες·
2996 3595 3091 3648 καὶ
3122 3593 3315 3647 θεαταὶ⁵
3338 3590 3587 3662 γενόμενοι
3608 3583 3683 3637 τῶν

2184 3686 2347 3741 αὐτοῦ
2374 3687 2692 3759 τεραστίων,
2737 3688 2830 3742 καὶ
2854 3689 2952 3760 τῆς
3002 3687 3167 3759 ζωῆς,
3224 3686 3316 3740 καί
3341 3685 3434 3756 τῆς
3453 3676 3683 3737 πολιτείαςο

2184 3779 2410 3833 καὶτῶν
2437 3779 2628 3848 λόγων,
2659 3780 2752 3833 καὶ
2791 3779 2898 3834 τῶν
2929 3779 3290 3850 παθημάτων,
3320 3778 3412 3831 καὶ
3438 3774 3524 3830 τοῦ
3564 3770 3685 3826 θανά-

2182 3862 2306 3937 τους
2330 3870 2543 3941 καὶτῆς
2568 3871 2634 3924 ὲκ
2662 3869 2868 3941 νεκρῶν
2890 3868 3050 3923 αὐτοῦ
3079 3870 3449 3932 ἀναστάσεως,
3475 3866 3558 3920 καὶ
3577 3876 3685 3916 σανα·

2185 3960 2588 4034 ναστραφέντες
2614 3960 2762 4033 αύτῷ
2789 3960 3000 4033 ἡμέρας
3027 3960 3437 4031 τεσσαράκοντα
3480 3953 3598 4029 μετὰ
3616 3953 3686 4022 τὴν

2185 4054 2400 4128 ἔγερσιν
2425 4052 2610 4108 αὐτοῦ’
2668 4054 2760 4108 καὶ
2814 4051 3065 4115 λαϐόντες
3119 4053 3345 4123 ἐντολήν
3398 4052 3519 4121 παρ’
3565 4041 3686 4101 αὐτοῦ

2186 4144 2417 4219 κηρύξαι
2442 4145 2503 4199 τὸ
2529 4144 2854 4215 Εὐαγγέλιον
2884 4146 2963 4208 εἰς
2990 4143 3108 4198 ὅλον
3136 4145 3231 4197 τὸν
3268 4144 3484 4215 κόσμον,
3512 4138 3592 4195 καί
3616 4153 3688 4207 μαι

2184 4238 2441 4311 θητεῦσαι
2469 4239 2644 4292 πάντα
2668 4236 2737 4291 τὰ
2764 4236 2909 4309 ἔθνη,
2942 4237 3034 4290 καὶ
3072 4235 3334 4305 βαπτίσαι
3360 4238 3437 4299 εἰς
3462 4234 3544 4287 τὸν
3567 4222 3688 4285 αὐτώ

2188 4330 2435 4399 θάνατον,
2463 4332 2554 4384 ἐπὶ
2581 4329 2831 4401 αύθεντίᾳ
2857 4328 2951 4382 τοῦ
2978 4328 3113 4382 Θεοῦ
3142 4328 3252 4382 τῶν
3299 4328 3452 4394 ὅλων,
3493 4326 3545 4388 ὃς
3583 4322 3688 4374 ἐστιν

2184 4420 2352 4478 αὑτοῦ
2405 4422 2611 4494 Πατὴρ,
2642 4422 2734 4475 καὶ
2766 4420 3035 4493 μαρτυρίᾳ
3055 4420 3394 4492 Πνεύματος,
3422 4420 3477 4483 ὃς
3500 4410 3691 4470 ἐστιΠαε

2112 4503 2157 4556 Ῑ)
2187 4513 2470 4587 ράκλητος’
2502 4513 2825 4585 διδάσκομεν
2852 4512 2995 4583 ὑμᾶς
3021 4512 3196 4567 ταῦτα
3216 4514 3411 4580 πάντα,
3438 4512 3473 4567 ἃ
3496 4505 3688 4571 διαταξᾶ

521 4631 679 4683 μενος
704 4616 832 4686 ἡμῖν
860 4610 1128 4683 ἀνελήφθη
1156 4604 1240 4662 ἐπ’
1272 4608 1393 4679 ὄψει
1419 4609 1575 4680 ἡμῶν
1613 4613 1691 4674 εἰς
1729 4612 1819 4664 τὸν
1846 4608 2071 4679 οὐρανὸν
2134 4606 2271 4678 πρὸς
2298 4607 2387 4660 τὸν
2430 4605 2823 4660 ἀποστείλαντα
2865 4605 3045 4660 αὐτόν.
3100 4607 3215 4661 Καὶ
3273 4607 3370 4660 ὲάν
3408 4608 3499 4677 μὲν
3522 4599 3684 4658 πιστεύ

518 4720 668 4773 σητε,
701 4702 954 4774 μακάριοι
983 4698 1297 4771 γενήσεσθε*
1331 4701 1379 4753 εί
1424 4700 1481 4752 δὲ
1511 4701 1585 4771 μὴ
1638 4700 1983 4772 πιστεύσητε,
2006 4698 2172 4753 ἀθῶοι
2231 4700 2391 4769 ἡμεῖς
2450 4697 2858 4770 εὑρεθησόμεθα
2918 4699 3009 4751 καὶ
3070 4699 3308 4770 καθαροὶ
3342 4700 3441 4771 τῆς
3478 4694 3693 4767 ὑμετέρας

517 4793 849 4854 δυσπιστίας.

582 4928 627 4957 λ’
667 4928 801 4983 Dan.
832 4944 931 4986 xu.
956 4931 1013 4983 5.
1085 4930 1129 4961 ⁸³
1158 4930 1303 4984 Psal.
1334 4943 1512 4984 cxuv.
1539 4928 1624 4982 15.
1701 4928 1749 4957 “
1768 4926 2079 4989 Num.xvn,
2107 4925 2163 4982 8.
2236 4923 2279 4955 “
2310 4920 2500 4978 Matth.
2533 4938 2608 4983 Ix,
2663 4926 2713 4980 5.

1140 4978 1185 5031 δῖ
1204 4978 1460 5061 ἷιὶιᾶιιῗῦζ
1494 4978 1563 5051 εξ
1585 4978 1666 5028 ’ὶο
1695 4978 2077 5062 Μειιιῑίῗένιὶζ

2179 5034 2183 5046 .
2258 4995 2298 5025 "
2334 4993 2455 5048 Act.
2513 5011 2552 5051 ι.
2585 4978 2640 5050 3.
2671 4978 2685 4980 ⁷
2716 4992 2761 5023 ⁵³
2785 4989 2975 5047 Matth.
3002 4978 3193 5061 xxvui,
3230 4992 3321 5047 I8.
3396 4992 3442 5023 ⁸³
3462 4990 3569 5044 Act.
3595 5000 3626 5049 ι,
3652 4978 3690 5032 9-

518 4999 564 5029 “
591 4997 786 5072 ~Matth.
825 5015 937 5063 xw,
974 5006 1062 5059 ‘20.

2813 4920 2858 4951 ⁸⁸
2887 4918 3055 4975 Marc.
3087 4937 3172 4985 ιιι.
3205 4922 3264 4977 5.
3336 4922 3380 4953 δ’
3404 4920 3552 4975 Joan.
3573 4930 3633 4973 Ir,

1828 5129 2135 5187 VARIORU
2145 5129 2189 5183 M
2223 5127 2453 5186 NOT/E.

584 5247 698 5372 $45)
732 5250 800 5303 Τὸ
829 5251 1295 5333 ρκατέργαστον.
1350 5248 1651 5319 Praeiigitnr
1687 5247 1739 5299 in
1772 5245 1939 5300 altero
1987 5246 2078 5298 καὶ

625 5336 693 5372 ις.
723 5328 782 5372 ut
828 5338 883 5372 In
913 5337 1186 5372 vei-smne.
1216 5333 1317 5372 nec
1352 5320 1512 5372 male.
1547 5318 1717 5371 Cum.

513 5315 693 5383 αὖθις,
723 5328 782 5373 ιιι
828 5321 883 5375 in
913 5315 1186 5383 veréione,
1216 5333 1317 5373 nec
1352 5315 1717 5373 malewan.

586 5389 697 5462 (44)
731 5392 839 5446 Καὶ
864 5393 944 5446 σὺ
974 5397 1005 5447 ό
1038 5389 1312 5462 πλάστης
1338 5389 1524 5458 ἡμῶν.
1556 5386 1688 5462 _Non
1735 5386 1993 5462 abhorret
2046 5401 2077 5437 a

515 5457 821 5523 ver‘ochse
846 5464 1009 5517 etiam
1036 5460 1141 5514 τῶν
1169 5462 1245 5521 0’,
1279 5457 1403 5514 licet
1431 5458 1571 5529 apud
1612 5474 1707 5513 eos
1747 5457 2075 5529 jampridem

516 5546 624 5601 Lion
647 5541 1018 5601 compareant,
1076 5540 1129 5586 et
1156 5535 1258 5585 sub
1281 5527 1544 5586 asterisco
1568 5529 1725 5601 quasi
1770 5527 1977 5601 Aquila:
2023 5534 2078 5580 et

516 5598 926 5675 Iheodotionis,
960 5609 1230 5675 ponantur
1255 5601 1311 5654 in
1340 5600 1578 5675 editione
1600 5599 1847 5675 Procopii
1871 5614 1935 5651 ex
1968 5612 2073 5675 ms.

516 5669 712 5724 Renati
744 5667 1022 5726 Marchaii.
1075 5673 1152 5724 Ac
1174 5673 1316 5725 forte
1343 5673 1759 5725 continebantur
1782 5667 1850 5723 in
1881 5667 2072 5721 codice

516 5757 623 5817 quo
654 5758 783 5799 usus
817 5742 918 5798 fuit
949 5742 1329 5797 Theodoritns.
1354 5739 1489 5795 Co'r.

2254 5242 2364 5313 (45)
2410 5239 2773 5313 Στεεεοθῆνιιι.Δ
2817 5240 2968 5313 Alter
3013 5241 3137 5297 cod.
3168 5239 3335 5313 Vind.
3364 5308 3381 5313 Δ

2184 5302 2291 5375 ναί,
2324 5302 2835 5376 eadem-sententia,
2867 5312 2963 5368 sed
2991 5327 3121 5367 voce
3150 5312 3340 5435 pauka
3357 5302 3686 5377 frequentiam

3345 5394 3461 5433 ιειι.

3345 5394 3461 5433 LER.

2256 5452 2365 5524 (46)
2412 5451 2523 5506 Καὶ
2550 5451 2740 5524 ὄσιοςᾼ
2773 5451 3281 5524 υείιιιεού-αὺτοῦ.
3331 5441 3587 5504 Desuntin
3615 5449 3686 5490 al-

2185 5519 2417 5594 tiquiore
2454 5524 2548 5577 sed
2574 5522 2843 5594 deteriore
2858 5519 2995 5579 'cod.
3047 5519 3123 5577 ID.

2255 5585 2363 5663 (47)
2409 5596 2557 5664 Καί.
2592 5592 2732 5664 Lege
2762 5610 2827 5648 ex
2879 5596 3049 5664 altero
3079 5592 3199 5647 cod.
3230 5593 3342 5644 Καὶ
3380 5591 3425 5664 ό.
3457 5585 3525 5639 In.

2252 5652 2362 5737 (-18)
2405 5652 2779 5732 Ξιςιράναὸαν.
2830 5664 2976 5718 Alter
3007 5662 3369 5735 ξηραίνουσαν
3407 5652 3683 5776 ἑκφῖσήσκι

3531 5740 3573 5776 ο,

3531 5740 3573 5777 ο,
