3880 6332
151 320 241 377 853
757 259 761 262 ί
1019 304 1614 364 CONSTITUTIONES
1646 303 2328 361 APOSTOLICE.-—-LIB.
2371 304 2415 356 γ

659 425 1049 479 ΚΕΦΑΔᾹῙΟΝ
1077 426 1157 478 H'.

146 523 266 592 Περὶ
302 517 560 592 Ἰακὼὅον
587 519 693 573 τοῦ
724 517 988 592 ἀβελφοεῦ
1015 516 1123 592 τοῦ
1149 500 1393 584 Κύριον,
1423 516 1521 571 καί
1544 518 1680 579 xte-

456 586 650 657 φὰνου
678 588 784 641 τοῦ
813 586 1326 655 πρωτομάρτυρος,

201 682 321 755 Περὶ
332 680 383 733 δὲ
410 679 519 732 τῶν
551 678 840 751 μαρτύρων
867 678 1095 749 λέγομεν
1130 678 1277 740 ὅπως
1296 679 1352 731 ὲν
1364 678 1513 752 πάσῃ
1541 682 1673 750 τιμῇ

140 773 228 830 ὦσι
256 775 372 844 παρ’
394 773 537 842 ὐμίν,
562 771 637 834 ὡς
668 771 761 823 καὶ
790 773 916 843 παρ’
945 772 1072 841 ἡμῖν
1102 770 1416 841 τετίμηνται
1440 772 1469 823 6
1500 771 1675 841 μακά-

142 886 238 941 ριος
252 863 527 926 Ἰάκωϐοςὸ
546 863 862 930 ἐπίσκοπος,
884 864 977 916 καὶ
997 866 1024 915 6
1044 862 1197 931 ἆγιος
1218 862 1375 934 ἡμῶν
1392 861 1671 916 συνδιάκο-

138 979 212 1024 νος
234 957 506 1027 Στέφανος.
540 949 699 1009 Οὗτοι
727 955 835 1026 γάρ
862 957 968 1009 εἱσι
998 956 1091 1007 καὶ
1127 955 1233 1008 ὑπὸ
1257 954 1391 1007 Θεοῦ
1424 972 1672 1025 μεμακα-

138 1051 372 1123 ρισμὲνοι,
402 1047 496 1101 καὶ
522 1048 626 1101 ὐπὸ
669 1047 829 1101 ὁσίων
866 1047 1074 1118 ἀνδρῶν
1102 1048 1475 1119 τετιμημένοι,
1506 1047 1671 1101 καθα-

136 1145 204 1214 pol
244 1140 410 1210 πάσης
448 1138 822 1212 πλημμελίας,
869 1140 1126 1210 ἄτρεπτοι
1166 1138 1274 1210 (49)
1318 1139 1453 1210 πρὸς
1492 1140 1671 1210 ἁμαρ-

128 1234 249 1297 τίαν,
308 1228 686 1301 ἀμετάπειστοι
714 1230 821 1283 τῶν
877 1229 1077 1298 καλῶν,
1133 1230 1491 1284 ἀνενδοίαστοι
1532 1228 1670 1301 πρὸς

126 1322 369 1393 ιγκὼμιαο
411 1324 541 1393 περὶ
589 1316 662 1375 ὧν
690 1324 782 1376 καὶ
807 1324 835 1376 6
859 1322 1022 1376 Δαὸὶδ
1056 1322 1223 1391 ἔλεγε
1262 1342 1279 1375 ι
1300 1323 1488 1394 Τίμιος
1516 1324 1668 1377 ἐναν-

125 1416 217 1469 τίον
242 1413 436 1484 Κυρίου
455 1416 486 1466 6
516 1414 738 1477 Θάνατος
765 1414 874 1469 τῶν
902 1415 1059 1469 ὁσίων
1086 1414 1271 1469 αὐτοῦ’
1295 1434 1313 1466 ι
1330 1417 1424 1469 καί⁵
1451 1418 1480 1470 6
1508 1415 1665 1469 Σολο-

3244 307 3345 363 854

3276 376 3279 379 “
3307 376 3317 395 ἔ

2371 418 2597 477 CAPUT
2634 418 2766 474 Vlll.

1778 514 1853 567 De
1898 513 2122 577 Iacobo,
2178 512 2343 581 fratre
2403 512 2636 595 Domini,
2696 524 2745 569 et
2785 512 3068 583 Stephano,
3105 527 3339 588 martyre

2457 598 2646 649 primo.

1846 673 1921 729 De
1979 673 2315 745 martyribus
2361 688 2490 729 vero
2548 675 2896 744 praecipimus
2945 677 3134 745 vobis,
3178 688 3236 735 ιιι
3284 684 3340 739 in

1775 767 1923 821 omni
1954 767 2160 822 honore
2190 767 2302 822 sint
2331 766 2483 836 apud
2505 782 2637 834 vos;
2675 768 2820 823 sicut
2845 767 3087 828 Iacobus
3124 775 3339 844 episco-

1776 874 1899 927 pus,
1941 865 1995 914 et
2037 865 2266 914 sanctus
2326 856 2638 928 Stephanus
2674 861 3068 932 .condiaconus
3124 874 3333 932 noster,

1773 950 1917 1020 apud
1949 966 2052 1005 nos
2089 951 2341 1006 honorati
2372 950 2615 1006 fuerunt.
2649 951 2691 1007 Ii
2737 954 2882 1008 enim
2919 963 3046 1011 sunt
3068 966 3122 1012 et
3163 972 3193 1012 a
3227 958 3338 1015 Deo

1772 1042 2109 1099 beatitudine
2137 1043 2348 1109 donati,
2370 1051 2470 1099 eta
2499 1045 2707 1100 sanctis
2731 1046 2865 1103 viris
2894 1047 3100 1105 honore
3121 1051 3333 1121 allecti;

1771 1137 1892 1204 puri
1923 1135 1991 1190 ab
2009 1136 2158 1190 omni
2181 1135 2402 1203 delicto,
2441 1135 2764 1195 inﬂexibiles
2795 1140 2862 1193 ad
2894 1149 3201 1210 peccatum.
3231 1144 3334 1199 im-

1774 1226 2066 1282 mutabiles
2114 1242 2145 1297 a
2194 1228 2419 1291 virtute,
2466 1230 2844 1286 indubitanter
2873 1232 3205 1302 laudabiles;
3264 1239 3333 1293 de

1770 1317 1972 1387 quibus
2004 1317 2175 1373 David
2214 1319 2353 1374 dixit
2380 1340 2391 1374 :
2421 1320 2667 1376 Pretiosa
2698 1324 2751 1377 in
2800 1335 3076 1395 conspectu
3119 1328 3331 1384 Domini

1768 1427 1911 1465 mors
1974 1419 2276 1464 sanctorum
2338 1412 2450 1481 ejus
2481 1412 2568 1478 “;
2633 1421 2688 1469 el.
2735 1414 2991 1475 Salomon
3029 1417 3331 1475 :Memoria

128 1506 239 1577 μών-
273 1524 290 1556 ι
324 1506 527 1577 Μνήμη
581 1506 789 1559 δικαίου
847 1509 962 1577 μετ’
1020 1506 1358 1577 ὲγκωμίου·›
1405 1509 1536 1579 περὶ
1590 1501 1656 1565 ὧν

1768 1502 1897 1570 iusti
1939 1519 2061 1556 cum
2112 1503 2336 1558 laude”
2374 1523 2387 1558 :
2423 1504 2490 1559 de
2540 1505 2742 1576 quibus
2791 1516 2845 1564 et
2891 1510 3153 1581 propheta
3201 1513 3326 1571 ait:

123 1599 200 1651 καὶ
223 1600 249 1651 6
277 1598 557 1668 προφήτης
586 1598 788 1665 ἔλεγεψ
823 1616 841 1650 ι
882 1598 1105 1669 Ἀνδρες
1132 1597 1326 1652 δίκαιοι
1355 1599 1616 1671 αἴρονται.
1639 1619 1659 1652 ι

639 1690 1031 1744 ΚΕΦΔΛᾹΙΟΝ
1060 1689 1136 1745 9'.

523 1778 662 1847 Περὶ
688 1778 1208 1850 ψευδομαρτύρων.

177 1871 348 1926 Ταῦτα
375 1870 430 1924 δὲ
461 1873 594 1943 περὶ
634 1872 742 1927 τῶν
790 1872 931 1927 κατὰ
972 1874 1225 1945 ἀλήθειαν
1247 1876 1389 1947 ὑπὲρ
1424 1877 1661 1955 Χριστοῦ

120 1963 554 2039 μαρτυρησάντῳν
583 1964 810 2034 εἴρηται,
833 1964 946 2019 ἀλλ’
968 1965 1030 2019 οὐ
1058 1967 1187 2037 περὶ
1215 1967 1325 2019 τῶν
1364 1968 1663 2041 ψευδομαρ-

117 2056 287 2125 τύρων,
319 2055 444 2127 περὶ
488 2051 569 2109 ὧν
615 2055 676 2108 τὸ
702 2055 882 2124 λόγιόν
911 2073 1093 2127 φησιν’
1132 2076 1150 2109 ι
1190 2058 1402 2129 Ὄνομα
1439 2058 1495 2111 δὲ
1531 2059 1660 2114 ἀσε-

118 2146 210 2198 ϐῶν
238 2146 533 2199 σϐέννυται.
567 2146 792 2218 Μάρτυς
813 2146 922 2219 (50)
944 2148 1053 2219 γὰρ
1081 2148 1271 2213 πιστὸς
1298 2150 1358 2203 οὐ
1386 2148 1656 2219 ψεύδεταν

120 2239 303 2291 ἐκκαίει
327 2238 380 2291 δὲ
410 2237 587 2308 ψευδῆ
622 2238 831 2309 μάρτυς
856 2238 1058 2302 ἄδικος.
1094 2257 1113 2290 ι
1162 2240 1219 2293 'U
1247 2239 1355 2311 γὰρ
1382 2242 1439 2293 ἐν
1463 2259 1662 2313 μαρτυ-

119 2332 203 2402 ρίῳ
226 2330 437 2395 ἐξελθὼν
468 2330 723 2400 ἀψευδῶς
752 2331 893 2402 ὑπὲρ
920 2332 1019 2403 τῆς
1046 2331 1320 2404 ἀληθείας,
1352 2324 1506 2397 οὗτος
1530 2334 1662 2407 ἁλη-

115 2422 239 2485 θινὸς
290 2422 521 2493 μάρτυς,
567 2420 878 2486 ἀξιόπιστος
937 2424 994 2475 ἐν
1023 2418 1104 2486 οἷς
1147 2424 1549 2494 συνηγωνίσατο
1582 2426 1660 2498 τῷ

116 2511 238 2583 λόγῳ
260 2513 348 2582 τῆς
375 2512 665 2576 εὐσεϐείας
691 2512 781 2566 διὰ
810 2512 904 2566 τοῦ
932 2514 1133 2568 οἰκείου
1161 2516 1413 2587 αἵματος.

624 2693 1018 2747 ΚΕΦΔΛΑΙΟΝ
1047 2694 1104 2757 ι’,

128 2780 305 2857 Ἠθικὴ
333 2785 707 2853 παραίνεσις¹
734 2784 869 2857 (51),
899 2784 989 2857 ὅτι
1016 2783 1111 2839 δεῖ
1147 2786 1392 2857 φεύγειν
1411 2770 1657 2857 ματαιο-

170 2856 375 2927 λογίας,
404 2851 861 2924 αἰσχρολογίας,
890 2851 1301 2923 εὐτραπελίας,
1314 2851 1527 2927 μέθην,
1550 2861 1659 2913 λαρ-

168 2924 370 2989 τνείαν,
402 2927 654 2993 θρύψιν.

171 3012 534 3086 Παραινοῦμεν
565 3016 622 3069 δὲ
653 3017 802 3087 ὑμῖν,
840 3016 1058 3087 ἀδελφοὶ
1086 3017 1180 3072 καὶ
1206 3016 1497 3086 σύνδουλοι,
1525 3019 1656 3088 φεύ-

1776 1593 1887 1647 Viri
1907 1594 2047 1665 justi
2079 1595 2337 1651 tolluntur
2364 1597 2431 1652 “.

2366 1687 2594 1744 CAPUT
2631 1690 2722 1746 IX.

2224 1780 2300 1835 De
2327 1781 2483 1850 falsis
2512 1783 2853 1853 martyribus.

1836 1867 2013 1939 Atque
2040 1870 2154 1926 hac
2185 1873 2330 1927 dicta
2364 1881 2493 1927 sunt
2513 1874 2579 1929 de
2608 1875 2697 1939 iis,
2721 1877 2811 1946 qui
2837 1892 2959 1933 vere
2986 1893 3081 1946 pro
3108 1880 3326 1951 Chrile

1765 1964 2085 2034 martyrium
2125 1964 2411 2021 subierunt
2442 1984 2456 2020 :
2488 1983 2595 2021 non
2629 1976 2809 2022 autem
2839 1968 2907 2025 de
2944 1970 3099 2027 falsis
3125 1981 3326 2045 marty-

1763 2054 2048 2120 ribus;de
2091 2056 2294 2126 quibus
2338 2059 2584 2113 divinum
2625 2061 2910 2115 oraculum
2958 2065 3323 2133 pronuntiat:

1765 2144 1971 2201 Nomen
2003 2156 2177 2203 autem
2194 2150 2941 2223 impiorumexstinguitur“.
2960 2155 3126 2211 Testis
3154 2159 3323 2223 enim,

1764 2254 1861 2294 seu
1907 2247 2119 2313 martyr
2168 2241 2344 2311 ﬁdelis
2398 2260 2502 2298 non
2548 2247 2837 2311 mentitur;
2878 2249 3115 2303 accendit
3149 2261 3327 2323 autent

1763 2330 2034 2385 mendacia
2063 2334 2207 2388 testis
2231 2335 2442 2403 iniquus
2478 2336 2545 2391 ⁸⁸.
2572 2335 2706 2391 Nam
2736 2338 2830 2407 qui
2854 2340 2909 2392 in
2932 2342 3192 2412 martyrio
3214 2358 3324 2398 non

1761 2421 2027 2498 fallaciter
2065 2441 2164 2495 pro
2198 2428 2429 2482 veritate
2458 2428 2716 2493 decessit,
2751 2428 2844 2486 hic
2864 2440 2950 2486 est
2991 2448 3153 2489 verus
3181 2448 3324 2487 mar-

1760 2520 1847 2584 tyr
1874 2529 1938 2569 ac
1964 2515 2142 2582 testis,
2195 2516 2299 2573 fide
2329 2518 2527 2589 dignus
2574 2521 2632 2574 in
2685 2522 2886 2590 quibus
2917 2538 3013 2592 per
3046 2526 3322 2596 proprium

1760 2606 2105 2685 sanguinem,
2129 2609 2356 2664 verbum
2380 2610 2600 2681 pietatis
2622 2651 2636 2673 ,
2662 2614 2925 2668 certando
2951 2616 3178 2687 adjuvit.

2376 2700 2604 2757 CAPUT
2628 2701 2696 2760 Χ.

1759 2787 1984 2844 Moralis
2014 2793 2305 2866 admonitio
2320 2808 2349 2866 ,ﬁ
2368 2793 2507 2866 quod
2549 2805 2785 2863 oporteat
2807 2798 2985 2866 fugere
3019 2818 3179 2857 vanos
3208 2821 3320 2859 ssr-

1833 2877 2030 2936 mones,
2068 2864 2387 2936 tarpiloquia
2407 2904 2421 2928 ,
2454 2864 2781 2932 dicacitates,
2808 2864 3137 2936 ebrietatem,
3163 2872 3322 2928 lassi-

1748 2957 1755 2966 ·
1818 2930 1976 2993 viam,
2008 2941 2058 2985 et
2087 2932 2327 2988 delicias.

1830 3020 2113 3080 Honemus
2142 3033 2323 3080 autem
2347 3040 2468 3090 vos,
2503 3025 2699 3084 fratres
2742 3036 2797 3084 et
2828 3036 3117 3098 conversi,
3144 3042 3205 3090 ut
3237 3037 3320 3091 fu~

112 3119 209 3171 γειν
234 3107 325 3170 τὰς
372 3109 789 3179 ματαιολογίας,
827 3110 923 3164 καὶ
966 3109 1068 3173 τὰς
1111 3110 1488 3182 αἰσχρολογίας
1516 3111 1652 3199 (52),

1768 3114 1919 3185 giatis
1934 3130 2216 3172 sermones
2236 3132 2427 3181 vanos,
2455 3126 2663 3190 turpes,
2690 3136 2753 3176 ac
2777 3127 3064 3192 scurriles;
3086 3131 3318 3185 ebrieta-

114 3196 189 3247 καὶ
210 3198 295 3261 τὰς
319 3200 705 3270 εὐτραπελίας,
741 3200 927 3271 μέθας,
961 3201 1244 3270 λαγνείας,
1283 3202 1529 3274 θρύψεις,
1559 3196 1654 3257 καὶ

110 3287 189 3350 τὰς
212 3290 468 3362 ἀμέτρους
500 3293 695 3363 ὀργὰς,
727 3295 821 3347 σὺν
847 3296 967 3356 ταῖς
1008 3278 1386 3366 μωρολογίαιςο
1422 3295 1504 3348 ὅτι
1534 3294 1655 3350 οὐδὲ

113 3382 157 3429 ὲν
179 3386 281 3445 ταῖς
295 3382 606 3455 Κυριακαῖς
634 3386 866 3458 ἡμέραις
916 3387 1024 3440 τῶν
1046 3386 1409 3458 εὐφροσυνῶν,
1438 3382 1655 3458 ὲπιτρέὲ

111 3487 255 3540 πομεν
300 3478 422 3545 ὑμῖν
465 3476 704 3547 ἄσεμνόν
734 3476 850 3548 τιῆ
899 3478 1254 3547 φθέγγεσθαι,
1296 3479 1329 3551 ἢ
1370 3480 1650 3552 πράττειν’

110 3558 229 3630 λέγει
254 3567 353 3637 γάρ
384 3586 486 3621 που
523 3568 557 3637 ἡ
602 3569 809 3641 Γραφή·
848 3587 866 3620 ι
901 3569 1231 3624 Δουλεύσατε
1268 3570 1346 3642 τῷ
1375 3570 1565 3644 Κυρίῳ
1596 3572 1654 3625 ἐν

110 3655 249 3726 φόϐῳ,
303 3659 395 3712 καὶ
448 3658 784 3727 ἀγαλλιᾶσθε
836 3660 983 3733 αὐτῷ
1024 3661 1086 3715 ἐν
1120 3662 1327 3733 τρόμῳ.
1366 3679 1386 3714 ι
1421 3662 1531 3716 Καὶ
1556 3662 1655 3727 τὰς

108 3745 416 3813 ἁγαλλιάσεις
468 3746 569 3804 οὖν
624 3751 799 3822 ὐμῶν,
822 3752 972 3823 ’μετὰ
1009 3752 1173 3822 φόϐου
1213 3752 1306 3807 καὶ
1334 3753 1536 3825 τρόμου
1564 3753 1652 3822 γί·

107 3838 262 3891 νεσθαι
316 3842 442 3912 χρή.
492 3843 557 3894 ’0
588 3842 697 3914 γάρ
732 3861 814 3897 τοι
851 3845 1173 3917 Χριστιανὸς
1206 3847 1235 3898 6
1288 3846 1477 3909 πιστὸς
1530 3846 1651 3899 οὐδὲ

108 3927 224 3998 ᾠδὴν
266 3932 482 4004 ὲθνικὴν
534 3933 733 4002 ὀφείλει
777 3935 975 4004 λέγειν,
1024 3935 1147 3990 οὐτε
1192 3932 1343 4008 ᾆσμα
1375 3938 1647 4010 πορνικόν·

106 4021 204 4073 ἐπεὶ
233 4024 570 4096 συμϐήσεται
603 4026 769 4097 αὐτῷ,
799 4027 886 4081 διὰ
920 4028 1021 4098 τῆς
1056 4027 1219 4099 ᾠδῆς,
1256 4026 1487 4083 εἰδώλων
1520 4046 1653 4102 μνη-

108 4114 319 4179 μονεύειν
372 4118 619 4189 ὀνόματα
671 4119 978 4189 δαιμονικὰ,
1034 4120 1129 4174 καὶ
1185 4121 1305 4174 ἀντὶ
1347 4121 1441 4177 τοῦ
1492 4122 1648 4193 ἁγίου

104 4204 407 4278 Πνεύματος,
439 4212 729 4283 είσφρήσει
758 4213 814 4264 ὲν
842 4211 989 4284 αὐτῷ
1016 4212 1078 4267 τὸ
1104 4214 1355 4285 πονηρόν.

606 4325 1000 4378 ΚΕΦΑΛΑΙΟΝ
1027 4326 1130 4380 IA'.
1148 4352 1149 4355 η

102 4412 435 4483 Παραίνεσις
483 4416 856 4470 παιδεύουσα
901 4418 1141 4486 φεύγειν
1182 4417 1292 4487 τῆς
1333 4419 1650 4476 εἰδωλολα-

606 4487 801 4555 τρείας
828 4488 891 4540 τὸ
915 4489 1129 4556 μύσος.

174 4574 477 4650 Ἀπείρηται
520 4580 581 4632 δὲ
610 4580 704 4633 καὶ
746 4580 808 4633 τὸ
852 4580 1071 4651 ὀμνύειν
1115 4582 1173 4634 ἐν
1207 4581 1408 4649 αὐτοῖς,
1451 4583 1545 4637 καὶ
1586 4585 1647 4638 τὸ

100 4662 172 4716 διὰ
194 4669 450 4739 στόματος
480 4670 662 4725 αὐτῶν
690 4672 983 4743 προφέρειν
1028 4671 1098 4726 τὰ
1127 4671 1390 4742 βδελυκτὰ
1417 4674 1485 4727 τὰ
1528 4676 1644 4729 ὀνό-

103 4770 243 4825 ματα,
271 4760 302 4832 ἥ
350 4766 679 4833 προσκυνεῖν
734 4764 933 4831 αὐτοῖς,
964 4765 997 4836 ἢ
1029 4764 1305 4834 φοϐεῖσθαι
1343 4768 1537 4831 αὐτοὺς
1571 4769 1646 4833 ὡς

101 4844 251 4911 θεούς.
287 4853 359 4904 Οὐ
387 4854 501 4925 γάρ
551 4856 657 4908 είσι
688 4854 819 4922 θεοὶ,
846 4855 957 4908 ἀλλ’
986 4856 1018 4927 ἢ
1051 4858 1274 4928 πονηροὶ
1310 4858 1580 4930 δαίμονες,
1609 4863 1642 4934 ἢ

102 4945 454 5015 μεμωκημένα
494 4946 654 5018 ἔργα.
700 4946 860 5016 Λέγει
892 4947 1000 5019 γάρ
1029 4966 1130 5001 που
1157 4950 1185 5002 6
1212 4948 1343 5015 Θεὸς
1382 4953 1511 5025 περὶ
1536 4954 1643 5007 τῶν

1758 3214 1861 3272 tes,
1912 3210 2197 3274 lascivias,
2275 3225 2459 3266 mores
2504 3214 2878 3282 effeminatos,
2934 3220 3320 3284 immoderatos

1756 3299 2013 3369 impetus,
2044 3316 2168 3355 eum
2199 3302 2553 3374 stultiloquiis
2579 3326 2591 3360 :
2622 3310 2876 3377 quoniam
2914 3328 3089 3384 neque
3128 3316 3181 3369 in
3213 3318 3318 3373 Do-

1754 3391 1973 3447 minicis
2004 3392 2216 3458 diebus,
2239 3395 2333 3465 qui
2357 3396 2474 3451 dies
2502 3398 2702 3454 laetitia:
2731 3400 2989 3457 dicuntur
3008 3443 3023 3468 ,
3052 3408 3317 3475 permitti.

1754 3496 1879 3538 mus
1918 3482 2074 3538 vobis
2110 3484 2410 3555 quidquam
2448 3488 2723 3546 inhonesti
2762 3501 2857 3547 aut
2895 3494 3041 3565 loqui
3078 3506 3171 3552 aut
3234 3500 3317 3555 l‘a-

1753 3588 1920 3630 cere:
1948 3575 2023 3629 ait
2066 3576 2211 3631 enim
2253 3579 2455 3634 alicubi
2492 3579 2773 3653 Scriptura
2818 3604 2831 3640 :
2866 3585 3064 3643 Servite
3092 3589 3333 3651 Domino.

1755 3666 1809 3719 in
1842 3665 2027 3720 timore
2048 3683 2065 3731 ;
2086 3676 2135 3721 et
2157 3670 2418 3725 exsultate
2459 3673 2508 3726 ei
2529 3674 2584 3727 in
2610 3684 2832 3731 tremore
2862 3677 2928 3733 δν.
2963 3677 3187 3749 Oportet
3227 3699 3314 3738 er-

1751 3772 1821 3829 go
1868 3760 2258 3817 exsultationes
2294 3772 2505 3820 vestras
2546 3781 2669 3821 cum
2727 3768 2924 3826 timore
2971 3788 3034 3827 ac
3082 3784 3316 3832 tremore

1753 3850 1958 3921 peragi.
1998 3849 2351 3909 Christianus
2393 3856 2597 3928 quippe
2639 3857 2833 3928 fidelis,
2864 3878 3042 3934 neque
3085 3868 3312 3923 cantile-

1752 3955 1878 3995 nam
1916 3943 2189 3999 ethnicam
2220 3945 2380 4002 debet
2411 3948 2585 4014 eﬂ‘ari,
2617 3966 2793 4022 neque
2837 3956 3110 4011 canticum
3138 3974 3312 4014 mere-

1749 4026 1970 4088 tricium
1991 4052 2006 4103 ;
2030 4037 2297 4105 siquidem
2322 4041 2600 4112 continget
2622 4042 2695 4107 ei,
2727 4051 2786 4098 ut
2815 4046 2959 4101 inter
2986 4050 3309 4106 cantilenam

1749 4134 2014 4181 memoret
2060 4128 2333 4184 diabolica
2367 4131 2636 4188 idolorum
2684 4139 2943 4206 nomina;
2981 4149 3033 4194 et
3070 4157 3168 4211 pro
3191 4141 3311 4213 Spi.

1748 4215 1858 4271 ritu
1889 4226 2112 4288 sancto,
2137 4222 2363 4291 spiritus
2395 4214 2881 4295 nequam‘invadet
2917 4246 3061 4287 eum.

2361 4336 2589 4393 CAPUT
2616 4338 2707 4395 XI.

1751 4423 2076 4491 Admonitio,
2106 4429 2293 4484 docens
2319 4429 2619 4501 fugiendum
2644 4450 2756 4489 esse
2786 4435 3110 4493 idololatria:
3139 4443 3308 4499 scelus

2360 4501 2729 4559 abominabile.

1820 4587 2171 4645 lnterdictum
2221 4608 2439 4663 quoque
2482 4602 2567 4650 est
2605 4596 2793 4666 jurare
2828 4613 2925 4668 per
2944 4600 3108 4664 idola.
3134 4612 3189 4659 et
3215 4621 3307 4660 co-

1752 4697 1871 4735 rum
1904 4683 2262 4738 exsecrabilia
2287 4687 2509 4741 nomina
2542 4703 2637 4743 ore
2661 4688 2941 4760 proferre;
2977 4701 3069 4747 aut
3091 4711 3153 4749 ea
3174 4697 3306 4751 ado-

1752 4789 1892 4838 rare,
1943 4784 2036 4829 aut
2076 4784 2135 4829 ut
2180 4776 2313 4833 deos
2341 4779 2537 4834 vereri.
2570 4779 2687 4835 Non
2717 4783 2859 4837 enim
2893 4786 2968 4839 dii
3015 4796 3178 4857 sunt;
3213 4791 3312 4853 sed

1749 4865 1831 4918 vel
1874 4866 2001 4920 mali
2034 4866 2338 4935 daemones,
2372 4871 2453 4925 vel
2481 4887 2642 4941 opera
2682 4890 2779 4943 per
2823 4875 3115 4933 ludibrium
3142 4880 3306 4938 facta.

1752 4954 2031 5027 Siquidem
2076 4959 2218 5017 Deus
2262 4962 2463 5017 alicubi
2503 4965 2571 5019 de
2606 4963 2866 5022 lsraelitis
2894 4969 3024 5024 dicit
3056 4990 3069 5025 :
3103 4971 3304 5029 Herc-li-

156 5115 501 5189 “Psal.cxv,
538 5123 623 5179 15.
698 5125 745 5159 ⁵⁸
767 5124 927 5183 Prov.
957 5144 1012 5193 ι,
1036 5128 1087 5184 7.
1162 5130 1209 5163 ”
1230 5129 1333 5188 lsa.
1363 5149 1496 5198 Lm,
1516 5134 1568 5196 ί,
1599 5135 1652 5189 in

1770 5136 1833 5189 Χ.
1908 5139 1953 5169 ⁵⁷
1982 5137 2142 5194 Prov.
2172 5157 2225 5205 ι,
2245 5142 2291 5194 7.
2367 5142 2412 5174 ⁸⁸
2442 5141 2599 5201 Prov.
2627 5161 2738 5209 xxv,
2771 5147 2822 5203 5.
2890 5148 2936 5179 "
2962 5147 3183 5217 Psal.u,
3220 5149 3301 5211 ll.

1378 5291 1742 5352 VARIORUM
1778 5296 2009 5357 NOTAE.

99 5452 258 5577 CL(Pii?)
284 5458 619 5525 Ἀτρεπτοι.
649 5460 707 5517 In
737 5465 907 5541 altero
926 5468 1210 5536 ἀνένδοτοι,
1230 5472 1419 5528 eodem
1452 5488 1638 5529 sensu.

102 5594 555 5722 στὲῗθὴῆιάρτυς.
583 5601 731 5658 Alter
761 5606 883 5665 cod.
918 5608 1028 5661 Kal.
1074 5610 1235 5663 πάλιν
1298 5612 1507 5684 μάρτυς
1552 5633 1641 5701 me

149 5735 249 5800 £5!)
289 5740 500 5810 Ἠθικὴ
531 5745 903 5815 παραίνεσις.
936 5746 1139 5805 Desunt
1192 5751 1247 5807 in
1298 5752 1467 5809 altero
1519 5754 1639 5812 cod.

1749 5476 1984 5567 V‘indpb.
2016 5498 2245 5550 quorum
2300 5494 2526 5576 uterque
2559 5497 2682 5576 post
2720 5488 2912 5576 θρύψιγ
2936 5487 3141 5576 habent
3164 5510 3181 5546 ς
3208 5493 3299 5576 (ξρ-

1746 5554 1857 5668 yiig'
1873 5554 2136 5691 ῗμετὲοὲ,
2167 5554 2520 5679 μὲδρολογίαν,
2551 5556 2690 5629 ᾠδὴν
2730 5554 2945 5629 ἐθνικὴν
2966 5597 2979 5621 ,
3011 5554 3302 5630 ὀνομασίαν

1747 5634 1771 5669 ε
1832 5636 1998 5691 Αυᾼων,
2104 5640 2202 5691 αιμ
2236 5641 2358 5678 νων.
2409 5642 2461 5680 D.

1747 5619 2461 5692 είδὼλων,ἣδαιμύνων.Ῐῡ.
2566 5619 2577 5625 ’
2647 5619 2658 5629 ’
2902 5619 2913 5629 ’
2969 5619 2975 5621 ν
3104 5619 3116 5630 ’

1747 5688 2096 5812 ωδθξᾌΚαὶ
2150 5696 2253 5760 τὰς
2302 5697 2741 5765 αἱσγρολογιάς.
2796 5697 3000 5756 Desunt
3031 5700 3085 5755 in
3130 5702 3318 5761 altera

1747 5772 1867 5812 C00.
1903 5772 1974 5815 ID.
