3880 6332
213 252 316 306 885

1124 250 1722 339 CONSTITUTIONES
1754 250 2431 311 APOSTOLICxEr—"Lln.
2472 258 2533 312 ν.
2605 290 2613 300 ι

3346 265 3451 321 886

209 366 501 427 πιστεύσας
540 362 685 435 αὐτῷ
715 380 728 394 ·
777 363 857 418 διὸ
901 363 1047 434 λέγει
1078 380 1093 395 ο
1131 362 1464 437 Παρώξυναν
1504 364 1565 418 τὸ
1612 364 1780 419 ΙΙνεῦ-

1883 382 1989 421 ιιοη
2019 369 2249 425 credens
2277 370 2327 425 ei
2362 390 2373 424 :
2406 379 2738 442 quapropter
2764 373 2841 427 ait
2874 393 2884 428 :
2919 391 2937 424 ι
2972 372 3453 433 Exacerbaverunt

209 475 282 527 μα
308 456 368 509 τὸ
413 457 586 525 ἅγιον,
616 457 710 510 καὶ
738 457 981 529 ἐστράφη
1024 459 1207 521 αὐτοῖς
1234 461 1315 522 είς
1342 458 1561 530 ἔχθραν.
1601 458 1781 511 Ἀὅλε-

201 548 298 616 ψία
326 548 435 618 γάρ
465 548 647 611 αὐτοῖς
675 548 941 621 κατεχύθη
979 548 1069 603 διά
1111 550 1210 620 τὴν
1248 551 1534 604 κακόνοιαν
1578 549 1777 616 αὐτῶν,

202 640 280 693 ὅτι
319 639 606 709 βλέποντες
638 640 729 693 τὸν
770 641 975 713 Ἰησοῦν
1002 642 1101 696 οὐκ
1128 643 1410 696 ἐπίστευον
1447 643 1608 696 αὑτὸν
1643 639 1780 696 εἶναι

202 731 289 785 τὸν
315 732 551 801 Χριστὸν
578 732 671 786 τοῦ
719 733 874 799 Θεοῦ,
913 728 1023 787 τὸν’
1042 735 1148 807 πρὸ
1193 736 1409 790 πάντων
1456 734 1665 788 αίὼνων
1719 734 1779 799 ἐξ

201 825 359 878 αὑτοῦ
388 826 715 897 γεννηθέντα
744 827 875 897 (15),
925 828 1051 881 Υἰὸν
1084 830 1365 901 μονογενῆ,
1404 829 1575 896 Λόγον
1623 828 1776 891 Θεὸν,

200 917 256 971 ὃν
288 917 387 970 οὐκ
425 918 747 986 ἐπέγνωσαν
796 920 906 992 (14)
944 922 1011 975 δι’
1041 922 1318 987 ἀπιστίαν,
1368 920 1491 975 οὔτε
1539 920 1626 975 διὰ
1668 921 1777 974 τῶν

201 1008 485 1079 ἐνεργειῶν
530 1010 717 1073 αὑτοῦ,
756 1010 878 1064 οὔτε
932 1014 1037 1083 μὴν
1082 1012 1169 1065 διὰ
1194 1015 1303 1067 τῶν
1342 1014 1659 1084 περὶαὺτοῦ
1683 1031 1777 1083 γε-

200 1100 529 1171 γραμμένων
566 1104 929 1174 προφητειῶν.
968 1106 1087 1158 Ὅτι
1124 1105 1232 1176 γὰρ
1278 1107 1343 1159 ἐκ
1388 1107 1655 1177 παρθένου
1687 1126 1779 1177 γε-

197 1197 435 1261 νήσεται,
457 1194 821 1263 ἀνεγίνωσκον
841 1196 919 1249 τό⁶
941 1216 959 1248 ι
996 1196 1124 1249 Ἰδοὺ
1154 1198 1186 1266 ἡ
1212 1197 1477 1268 παρθένος
1505 1200 1562 1251 ἐν
1581 1201 1779 1271 γαστρὶ

198 1283 436 1353 λήψεται,
467 1286 564 1338 καὶ
583 1285 790 1350 τέξεται
814 1287 947 1351 υίὸν,
977 1288 1070 1341 καὶ
1096 1288 1379 1341 καλέσουσι
1408 1290 1468 1343 τὸ
1494 1291 1663 1362 ὄνομα
1689 1293 1778 1345 αὑ-

196 1375 285 1427 τοῦ
321 1375 670 1448 Ἐμμανουήλ
717 1394 732 1409 ο
771 1378 852 1431 ὅτι
898 1379 1106 1433 παιδίον
1149 1381 1406 1453 ἐγεννήθη
1462 1384 1592 1453 ἡμῖν
1639 1383 1773 1454 (15),

198 1466 306 1529 υίὸς
332 1467 428 1521 καὶ
461 1468 621 1540 ἐδόθη
653 1471 803 1540 ἡμῖν,
835 1463 895 1522 οὗ
925 1472 957 1542 ἡ
984 1472 1127 1543 ἀρχὴ
1159 1472 1251 1525 ἐπὶ
1279 1473 1374 1527 τοῦ
1409 1472 1559 1544 ῶμου
1589 1476 1772 1542 αὑτοῦ,

197 1558 285 1611 καὶ
305 1559 557 1614 καλεῖται
587 1560 646 1614 τὸ
677 1562 846 1633 ὄνομα
871 1562 1054 1627 αὐτοῦ,
1086 1564 1328 1635 μεγάλης
1365 1564 1560 1637 βουλῆς
1606 1567 1795 1635 ἀγγε-

194 1652 297 1713 λος,
328 1650 664 1722 θαυμαστὸς,
696 1654 1012 1724 σύμϐουλος,
1044 1656 1193 1722 Θεὸς,
1228 1658 1445 1729 ἰσχυρὸς
1474 1659 1605 1730 (16),
1634 1659 1776 1724 ἐξου-

1884 455 2149 526 Spiritum
2182 468 2469 526 sanctum;
2505 468 2560 515 et
2585 476 2880 518 conversus
2908 474 2991 519 est
3017 464 3096 519 eis
3126 464 3180 518 in
3215 464 3451 520 inimici-

1882 554 2011 605 tiam
2028 551 2127 608 ⁸⁸.»
2163 553 2392 607 Caecitas
2426 556 2570 608 enim
2596 555 2678 610 eis
2706 554 2879 609 offusa
2904 562 3008 618 est,
3033 563 3253 626 propter
3282 557 3450 611 animi

1882 646 1965 700 sui
2003 645 2322 716 pravitatem
2347 685 2363 708 ,
2405 646 2551 715 quod
2589 655 2877 702 cernentes
2908 646 3114 713 Jesum,
3157 648 3451 703 noluerunt

1880 735 2102 791 credere
2129 753 2251 791 eum
2278 752 2402 793 esse
2426 737 2704 792 Christum
2737 736 2853 802 Dei,
2889 744 3014 793 ante
3033 738 3217 791 omnia
3247 739 3448 793 szecula

1880 826 1949 880 ab
1976 825 2097 896 ipso
2120 829 2380 897 genitum,
2401 826 2597 881 Filium
2622 826 2982 899 unigenitum,
2998 826 3235 883 Verbum
3259 828 3449 897 Deum;

1882 919 2029 973 hunc
2066 920 2136 974 ob
2172 920 2545 975 infidelitatem
2591 936 2704 975 non
2745 929 3118 991 agnoverunt,
3171 936 3347 991 neque
3384 936 3453 976 ex

1880 1011 2137 1080 Oper-ibus
2166 1012 2308 1081 ejus,
2345 1027 2523 1082 neque
2553 1027 2620 1067 ex
2657 1011 2959 1082 prophetiis
2996 1012 3063 1065 de
3102 1027 3167 1066 eo
3205 1012 3449 1082 scriptis.

1879 1102 2035 1167 Quod
2058 1102 2201 1157 enim
2223 1119 2289 1157 ex
2314 1103 2526 1173 virgine
2548 1103 2702 1157 nasci
2732 1102 2977 1164 deberet,
3005 1102 3257 1173 legebant
3282 1102 3445 1156 illud:

1884 1210 1901 1241 ι
1933 1196 2072 1246 hcce
2099 1193 2250 1262 virgo
2287 1193 2343 1247 in
2374 1201 2530 1248 utero
2562 1192 2859 1263 concipiet,
2891 1199 2943 1247 et
2974 1194 3146 1262 pariet
3180 1192 3371 1257 filium,
3396 1200 3452 1247 et

1878 1284 2153 1339 vocabunt
2180 1301 2377 1340 nomen
2408 1285 2528 1354 ejus
2552 1284 2871 1339 Emmanuel
2896 1285 2941 1315 "
2967 1327 2980 1338 .
3029 1283 3297 1350 Quoniam
3324 1300 3451 1353 par-

1876 1372 2038 1427 vulus
2066 1381 2225 1427 natus
2248 1380 2332 1427 est
2361 1373 2543 1438 nobis,
2573 1373 2717 1428 filius
2746 1382 2801 1429 et
2828 1374 2990 1429 datus
3017 1382 3102 1428 est
3129 1372 3309 1437 nobis,
3350 1390 3448 1428 cu-

1871 1464 1966 1535 jus
1993 1464 2332 1539 pri‘ncipatus
2361 1480 2526 1534 super
2577 1465 2865 1520 humerum
2912 1466 3073 1534 ejus;
3119 1473 3173 1520 et
3222 1474 3450 1522 vocatur

1878 1570 2076 1609 nomen
2122 1555 2243 1625 ejus
2300 1556 2480 1626 magni
2529 1556 2744 1611 consilii
2786 1557 3045 1626 Angelus,
3088 1556 3445 1624 admirabilis,

1876 1646 2247 1710 consiliarius,
2296 1645 2456 1710 Deus,
2506 1647 2687 1713 fortis,
2725 1658 2937 1718 potens,
2982 1649 3236 1719 princeps
3273 1652 3446 1720 pacis,

200 1744 433 1816 σιαστὴς,
480 1745 671 1817 ἄρχων
712 1747 951 1817 εἰρήνης,
998 1748 1177 1819 πατὴρ
1203 1748 1297 1802 τοῦ
1338 1749 1620 1820 μέλλοντος
1643 1736 1773 1804 αίῶ-

1877 1746 2029 1809 pater
2050 1737 2216 1793 futuri
2249 1739 2433 1794 saeculi
2457 1739 2521 1792 ".
2554 1759 2573 1792 ι
2591 1739 2746 1807 Quod
2773 1756 2899 1796 vero
2923 1757 3019 1811 per
3042 1758 3311 1797 summam
3330 1759 3446 1797 ma-

195 1852 297 1899 νος.
334 1855 352 1888 ι
395 1837 524 1890 Ὀτι
551 1838 607 1890 δὲ
627 1837 715 1891 διά
743 1840 938 1892 κακίαν
969 1840 1408 1911 ὑπερϐάλλουσαν
1446 1843 1771 1915 ἀπειθήσου-

198 1943 274 1980 σιν
301 1927 466 1998 αὐτῷ,
503 1929 672 1998 λέγει’
702 1949 720 1982 ι
754 1931 957 2002 Κύριος
979 1932 1112 2005 (17),
1135 1932 1217 1996 τίς
1235 1933 1521 1987 ἐπίστευσε
1548 1938 1613 2007 τῇ
1628 1935 1769 2006 ἀκοῇ

197 2020 368 2091 ήμῶνς
408 2022 513 2074 καὶ
546 2024 575 2075 ὁ
621 2022 860 2093 βραχίων
897 2024 1105 2094 Κυρίου
1150 2025 1257 2077 τίνι
1303 2025 1693 2097 ἀπεκαλύφθη;
1746 2045 1765 2077 ι

198 2112 296 2164 Καὶ
322 2111 444 2182 ἑξῆς
467 2129 481 2143 ·
531 2131 549 2164 ι
591 2114 749 2185 ’Δκοῇ
780 2113 1061 2180 ἀκούσετε,
1094 2116 1187 2168 καὶ
1214 2117 1274 2169 οὐ
1308 2116 1382 2187 μὴ
1413 2117 1607 2187 συνῆτε
1630 2133 1644 2147 °
1677 2117 1772 2170 καὶ

201 2201 469 2272 βλέποντες
508 2203 750 2274 βλέψετε,
784 2205 879 2259 καὶ
923 2206 983 2259 οὐ
1015 2207 1089 2277 μὴ
1131 2206 1275 2278 ἴδητε
1309 2224 1322 2237 ·
1355 2207 1630 2279 ἐπαχύνθη
1662 2208 1781 2279 γὰρ

201 2294 441 2365 ἡκαρδία
461 2295 565 2349 τοῦ
594 2296 722 2349 λαοῦ
752 2296 960 2351 τούτου.
1001 2317 1021 2349 ι
1070 2298 1161 2351 Διὸ
1199 2298 1337 2370 ῆρθη
1380 2300 1482 2352 ἀπ’
1512 2299 1689 2352 αὐτῶν
1735 2300 1768 2369 ή

200 2383 401 2452 γνῶσις,
453 2387 544 2439 ὅτι
594 2388 791 2452 ίδόντες
837 2390 1109 2461 παρεῖδον,
1161 2390 1254 2443 καὶ
1299 2391 1628 2454 ἀκούσαντες
1669 2391 1769 2443 οὐκ

203 2476 419 2545 ἥκουσαν
450 2496 464 2509 ο
507 2480 636 2549 ὑμῖν
664 2480 742 2545 δέ,
779 2483 891 2543 τοῖς
921 2480 978 2546 ἐξ
1008 2482 1196 2545 ἐθνῶν,
1230 2482 1382 2553 ἐδόθη
1430 2483 1463 2552 ἠ
1504 2482 1765 2552 βασιλεία,

200 2568 273 2621 ὅτι
298 2570 366 2640 μὴ
391 2570 756 2638 γινώσκοντες
782 2572 932 2637 Θεὸν,
954 2573 1039 2626 διὰ
1058 2572 1151 2626 τοῦ
1178 2573 1531 2645 κηρύγματος
1558 2573 1771 2626 πιστεύ-

204 2676 373 2727 σαντες
402 2664 610 2732 ἕγνωτε
648 2664 829 2728 αὐτὸν,
865 2665 1061 2734 μᾶλλον
1089 2665 1145 2719 δὲ
1176 2664 1483 2736 ἐγνώσθητε
1513 2666 1620 2718 ὑπ’
1670 2666 1769 2718 αὐ-

201 2751 302 2817 τοῦ,
332 2755 419 2808 διὰ
459 2756 641 2827 Ἰησοῦ
669 2756 762 2809 τοῦ
799 2758 1050 2829 Σωτῆρος
1081 2759 1174 2812 καὶ
1217 2757 1492 2830 λυτρωτοῦ
1521 2758 1631 2811 τῶν
1678 2758 1766 2810 ἐλ-

205 2844 447 2910 πιζόντων
477 2850 579 2902 ἐπ’
609 2850 788 2902 αὐτόν.
831 2851 1180 2915 Μεταὸάντες
1206 2851 1315 2923 γάρ
1342 2851 1449 2904 ἀπὸ
1494 2852 1593 2922 τῆς
1630 2869 1766 2923 προι-

200 2936 349 3010 τέρας
376 2942 743 3011 μπαιοπὸνου
774 2942 883 3013 (18)
916 2944 1225 3013 συνηθείας,
1278 2944 1374 2997 καὶ
1406 2943 1515 2996 τῶν
1544 2943 1766 3013 ἀψύχων

201 3029 413 3083 είδὼλων
440 3033 810 3104 ὑπεριδόντες,
842 3018 1065 3087 καὶτῶν
1098 3037 1157 3088 ἐν
1206 3035 1382 3088 σκότει
1427 3035 1537 3104 (19)
1576 3035 1765 3105 δαιμό-

201 3139 294 3174 νων
318 3127 845 3197 καταφρονήσαντες,
875 3126 1308 3199 προσδραμόντες
1336 3144 1394 3179 τε
1421 3127 1498 3198 τῷ
1526 3128 1663 3195 φωτὶ
1689 3126 1766 3198 τῷ

202 3212 437 3285 ἀληθινῷ,
476 3215 578 3268 καὶ
616 3217 926 3285 ἐπιγνόντες
953 3217 1020 3271 δι’
1048 3218 1213 3272 αὑτοῦ
1241 3220 1332 3272 τὸν
1359 3218 1455 3273 ἐνα
1484 3219 1577 3272 καὶ
1611 3221 1768 3291 μόνον

202 3305 431 3376 ἀληθινὸν
480 3308 615 3360 Θεὸν
656 3310 748 3362 καὶ
789 3310 1039 3381 Πατέρα,
1087 3310 1408 3382 κληρονόμοι
1451 3313 1552 3383 τῆς
1604 3313 1766 3367 αὐτοῦ

207 3396 458 3465 βασιλείας
489 3401 812 3473 ἀνεφάνητε.
857 3402 1252 3466 Βαπτισθέντες
1278 3403 1386 3474 γὰρ
1422 3404 1533 3477 (20)
1562 3407 1642 3469 εἰς
1676 3405 1768 3460 τὸν

205 3490 285 3543 τοῦ
320 3493 525 3564 Κυρίου
571 3493 816 3559 θάνατον,
858 3495 951 3548 καὶ
992 3498 1070 3559 είς
1107 3496 1205 3567 τὴν
1232 3496 1527 3550 ἀνάστασιν
1570 3497 1757 3562 αὐτοῦ,

205 3580 269 3645 ὡς
294 3583 548 3655 ἀρτιγενῆ
579 3584 750 3657 βρέφη
772 3587 1108 3659 ἀνενέργητα
1135 3588 1270 3659 πρὸς
1293 3590 1471 3641 πᾶσαν
1490 3589 1759 3659 ἁμαρτίαν

204 3674 419 3741 ὀφείλετε
448 3673 610 3742 εἶναι,
641 3678 701 3731 οὐ
731 3679 838 3751 γάρ
866 3680 987 3732 ἐστε
1019 3680 1245 3744 ἑαυτῶν,
1277 3680 1413 3733 ἀλλά
1437 3680 1531 3734 τοῦ
1560 3681 1761 3753 ἀγορά-

207 3782 377 3832 σαντος
402 3772 551 3842 ὑμᾶς
576 3771 654 3843 τῷ
684 3771 874 3824 ἐαυτοῦ
912 3772 1121 3842 αἵματι.
1168 3773 1301 3844 Περὶ
1342 3774 1453 3845 γάρ
1490 3773 1583 3826 τοῦ
1631 3790 1760 3826 ποτε

218 3858 429 3933 Ἰσραὴλ,
454 3859 623 3925 ,εἶπεν
659 3866 688 3917 ό
726 3864 944 3935 Κύριος,
991 3864 1079 3917 διά
1126 3865 1222 3935 τὴν
1267 3866 1521 3918 ἀπιστίαν
1559 3865 1757 3929 αὐτῶν,

207 3950 277 4005 ὅτι
300 3953 588 4025 ἀρθήσεται
617 3956 719 4009 ἀπ’
745 3956 921 4008 αὐτῶν
967 3958 1000 4026 ἠ
1040 3956 1283 4026 βασιλεία
1326 3957 1419 4010 τοῦ
1467 3957 1622 4021 Θεοῦ,
1666 3958 1761 4010 καὶ

207 4040 464 4114 δοθήσεται
487 4045 627 4101 ἔθνει
649 4047 885 4101 ποιοῦντι
898 4049 1023 4111 τοὺς
1050 4051 1294 4121 καρποὺς
1322 4050 1509 4121 αὐτῆςο
1537 4052 1757 4121 δηλαδὴ,

206 4131 587 4207 61t(21)6y£v,
615 4142 727 4203 τοῖς
768 4141 884 4193 ποτ’
927 4136 1077 4193 οὖσιν
1122 4141 1550 4213 ἀπεξενωμένοις
1594 4141 1758 4196 αὑτοῦ

210 4226 422 4298 μακράν,
450 4230 579 4293 δοὺς
602 4231 701 4302 τὴν
731 4230 1023 4302 βασιλείαν,
1050 4234 1340 4305 Δἐκδέχεται
1376 4236 1500 4300 τοὺς
1540 4237 1638 4307 τῆς
1667 4237 1757 4289 εὐ-

300 4385 458 4455 ῗ⁸Ιεει.
514 4402 668 4450 LXIII,
710 4386 793 4440 10.
869 4386 1046 4443 "lsa.
1101 4351 1198 4454 vri,
1246 4390 1342 4455 M;
1392 4389 1577 4445 Matth.
1637 4407 1676 4455 ι,
1723 4390 1780 4443 22

1901 4388 1947 4419 ¹⁶
1969 4389 2071 4443 lsa.
2129 4404 2204 4447 Ix.
2254 4386 2307 4441 6.

696 4457 740 4487 ³⁰
780 4455 937 4511 Joan.
996 4472 1035 4521 ι,
1067 4459 1132 4522 9;
1184 4454 1335 4525 xvu,
1370 4460 1425 4516 5.
1501 4462 1543 4493 ³¹
1570 4454 1728 4515 Rom.

1914 4459 1969 4514 ὅ.
2045 4459 2130 4511 ³¹1
2178 4458 2325 4513 Petr.
2389 4473 2450 4522 ιι,
2477 4465 2532 4511 2.
2612 4454 2656 4485 ³³
2687 4455 2706 4507 1
2736 4455 2861 4508 Cor.
2896 4471 2969 4517 vr,
3004 4455 3092 4511 l9.
3166 4455 3211 4485 “
3239 4454 3427 4508 Matth.

211 4450 381 4509 "Gal.
433 4473 510 4513 tv.
566 4456 619 4509 9.

212 4525 406 4587 τιμῶ.
482 4526 528 4558 ³³
559 4525 751 4581 Matth.
795 4542 912 4591 XXI,
942 4526 1034 4583 28.

1872 1828 2042 1883 litiam
2070 1838 2253 1884 essent
2275 1832 2322 1885 ei
2357 1830 2607 1895 dilIisuri,
2627 1832 2703 1885 ait
2730 1851 2742 1886 :
2777 1850 2793 1883 ι
2833 1831 3080 1897 Domine,
3111 1834 3238 1903 quis
3267 1836 3447 1891 credi-

1870 1921 1950 1975 dit
1996 1920 2204 1975 auditui
2244 1924 2467 1980 nostro?
2509 1931 2563 1979 et
2604 1923 2887 1978 brachium
2939 1926 3150 1979 Domini
3180 1926 3268 1980 cui
3294 1943 3447 1982 reve-

1870 2012 2039 2067 latum
2065 2020 2152 2069 est
2175 2014 2252 2067 '7?
2281 2035 2299 2066 ι
2327 2013 2393 2068 Ει
2415 2013 2593 2069 adhuc
2620 2034 2633 2071 :
2669 2034 2688 2068 ι
2728 2014 2931 2070 Auditu
2964 2016 3221 2080 audietis,
3254 2025 3308 2073 et
3330 2034 3441 2073 non

1870 2126 2222 2198 intelligetis;
2276 2137 2331 2185 et
2359 2129 2606 2185 videntes
2645 2129 2921 2193 videbitis,
2969 2141 3023 2186 et
3064 2147 3173 2186 non
3212 2133 3441 2189 scietis:

1874 2219 2243 2275 incrassatum
2268 2221 2413 2275 enim
2437 2228 2522 2275 est
2550 2236 2646 2275 cor
2669 2221 2850 2293 populi
2875 2221 3116 2291 hujus".
3134 2242 3152 2273 ι
3171 2222 3353 2288 Quare
3378 2225 3447 2278 ab

1873 2311 1944 2365 iis
1968 2312 2182 2367 sublata
2205 2320 2289 2367 est
2317 2314 2580 2383 cognitio,
2623 2314 2751 2383 quia
2786 2330 2911 2368 cum
2948 2314 3313 2385 aspexissent,
3350 2317 3446 2371 de-

1870 2411 2183 2471 spexerunt,
2223 2412 2276 2458 et
2307 2420 2432 2460 eum
2469 2404 2770 2469 audissent,
2805 2422 2913 2460 non
2943 2406 3313 2463 obedierunt':
3349 2425 3445 2463 vo-

1868 2492 1953 2548 bis
1988 2507 2136 2556 vero,
2182 2496 2273 2564 qui
2312 2495 2542 2566 gentiles
2593 2494 2798 2560 fuistis,
2834 2495 3022 2550 datum
3055 2505 3140 2551 est
3184 2513 3442 2568 regnum;

1868 2586 2147 2653 quoniam,
2197 2601 2321 2639 cum
2372 2601 2483 2641 non
2540 2589 2943 2658 cognosceretis
2984 2587 3175 2652 Deum,
3221 2599 3444 2659 accepta

1868 2677 2250 2746 prmdicatione
2283 2678 2615 2742 credidistis,
2658 2686 2713 2734 et
2765 2694 2889 2733 eum
2930 2681 3289 2751 cognovistis,
3334 2682 3444 2735 imo

1868 2783 2000 2823 vero
2030 2769 2232 2840 cogniti
2269 2769 2404 2825 estis
2429 2770 2497 2825 ab
2527 2785 2613 2835 eo,
2653 2778 2749 2842 per
2778 2769 2963 2825 Jesum
2997 2771 3337 2827 Salvatorem
3384 2782 3440 2829 et

1868 2862 2267 2931 redemptorem
2299 2863 2637 2933 sperantium
2662 2862 2717 2915 in
2749 2865 2929 2933 ipsum
2962 2864 3029 2919 ”.
3053 2861 3263 2920 Relicta
3295 2865 3441 2918 enim

1870 2953 2035 3022 priori
2061 2954 2474 3019 consuetudine,
2510 2954 2637 3009 vani
2676 2954 2883 3011 laboris
2926 2955 3107 3025 plena,
3147 2963 3202 3011 et
3244 2956 3439 3027 despe-

1869 3044 1974 3100 ctis
1996 3045 2156 3101 idolis
2177 3047 2356 3101 anima
2392 3047 2727 3113 carentibus,
2766 3056 2819 3102 et
2850 3048 3049 3118 spretis
3078 3047 3440 3113 daemonibus,

1869 3138 1962 3206 qui
1988 3136 2043 3190 in
2072 3138 2314 3192 tenebris
2342 3143 2662 3205 versantur;
2689 3145 3041 3194 occurrentes
3078 3156 3207 3194 vero
3243 3141 3308 3195 ad
3350 3158 3442 3195 ve-

1870 3244 1989 3282 rum
2020 3230 2224 3291 lumen,
2258 3244 2322 3283 ac
2351 3244 2448 3299 per
2485 3229 2618 3283 illud
2647 3239 3007 3300 agnoscentes
3039 3246 3206 3284 unum
3257 3247 3320 3285 ac
3351 3247 3440 3286 so-

1871 3323 1982 3377 lum
2008 3338 2192 3376 verum
2230 3320 2396 3375 Deum
2420 3329 2474 3376 et
2494 3320 2713 3376 Patrem
2744 3321 2821 3388 ³⁰;
2852 3321 3119 3392 designati
3150 3323 3285 3379 estis
3328 3324 3443 3377 lue--

1869 3413 2028 3470 redes
2060 3413 2212 3484 regni
2240 3413 2379 3481 ejus.
2406 3410 2543 3465 Nam
2569 3411 2829 3481 baptizati
2857 3412 2911 3465 in
2945 3420 3169 3466 mortem
3200 3412 3437 3477 Domini,

1864 3515 1918 3561 et
1942 3506 1995 3559 in
2016 3504 2469 3559 resurrectionem
2490 3502 2610 3572 ejus
2634 3502 2699 3567 ³¹,
2728 3510 2984 3572 tanquam
3008 3503 3245 3559 infantes
3274 3505 3438 3558 modo

1866 3595 2030 3667 geniti
2061 3594 2270 3649 debetis
2298 3606 2421 3648 esse
2450 3594 2517 3647 ad
2538 3607 2698 3647 omne
2722 3599 3005 3661 peccatum
3028 3591 3329 3648 inefficaces
3348 3594 3391 3624 "
3420 3614 3431 3644 τ

1866 3686 1991 3757 quia
2021 3701 2129 3739 non
2149 3684 2316 3740 vestri
2336 3684 2490 3746 estis,
2516 3683 2610 3737 sed
2642 3682 2762 3751 ejus
2782 3681 2876 3751 qui
2905 3698 3002 3736 vos
3031 3682 3295 3754 sanguine
3336 3698 3437 3736 suo

1867 3779 1997 3833 emit
2020 3777 2086 3831 ³³.
2115 3774 2394 3845 Siquidem
2422 3773 2491 3828 de
2522 3773 2746 3842 antiquo
2771 3770 2969 3826 lsraele
2990 3771 3126 3825 dixit
3149 3770 3434 3836 Dominus,

1868 3870 1940 3924 ob
1982 3868 2354 3923 infidelitatem
2389 3881 2603 3929 eorum,
2639 3863 2785 3935 quod
2828 3863 3107 3919 auferetur
3135 3864 3204 3919 ah
3232 3864 3312 3921 eis
3352 3880 3438 3919 re—

1866 3976 2030 4031 gnum
2066 3958 2183 4021 Dei,
2203 3966 2258 4014 et
2282 3956 2503 4012 dabitur
2528 3954 2673 4026 genti
2706 3953 2924 4009 facienti
2956 3952 3168 4008 fructus
3198 3954 3318 4024 ejus
3347 3954 3431 4008 ³⁶ε

1866 4053 2095 4114 scilicet,
2128 4066 2351 4119 regnum
2383 4046 2562 4103 dando
2612 4046 2786 4109 vobis,
2831 4048 2923 4115 qui
2956 4045 3249 4115 aliquando
3279 4046 3436 4116 longe

1864 4143 1933 4197 ab
1958 4159 2024 4197 eo
2052 4142 2221 4196 eratis
2268 4139 2427 4194 alieni
2476 4148 2530 4194 et
2566 4136 2821 4208 ablegati,
2854 4136 3047 4207 recipit
3092 4138 3229 4207 grati
3265 4137 3432 4191 animi

1864 4232 2094 4287 fructus.
2129 4233 2174 4265 ³⁸
2207 4229 2316 4286 Vos
2344 4230 2542 4301 quippe
2563 4229 2715 4296 estis,
2748 4227 2842 4299 qui
2872 4227 3166 4298 aliquando
3190 4228 3341 4284 missi
3364 4228 3432 4281 ad

2418 4384 2598 4442 "lsa.
2660 4398 2779 4447 LIII,
2839 4385 2890 4438 l.
3008 4385 3188 4441 "lsa.
3238 4399 3314 4444 \‘l,
3374 4384 3425 4436 9.

1485 4659 1848 4717 VARIORUM
1880 4659 2109 4716 NOTAE.

211 4839 368 4917 rillum
398 4839 821 4917 Alerandrinum
858 4838 923 4917 ad
946 4837 1117 4917 Δθῆαι).
1145 4855 1181 4899 ι,
1206 4842 1265 4898 Η
1284 4878 1299 4901 ,
1340 4835 1565 4917 legendo
1594 4835 1746 4907 εὐθηο
1778 4862 1822 4917 D
1850 4837 2075 4917 critieus
2100 4838 2373 4917 addidisse
2392 4838 2607 4917 videtur
2628 4837 2687 4917 ἐς
2716 4835 2899 4917 αὐτού,
2926 4849 3050 4889 cum
3080 4834 3267 4917 Ariani
3295 4850 3427 4889 con-

210 4908 400 4973 νοῦσαν,
443 4910 535 4964 ubi
579 4910 808 4963 habetur
838 4908 1197 4962 εὐσθενοῦσαν
1233 4927 1246 4961 :
1280 4908 1411 4961 mihi
1442 4908 1531 4959 illa
1562 4922 1747 4961 cmen-

210 4977 339 5049 datio
367 4996 470 5033 non
503 4981 781 5049 probatur,
816 4981 943 5048 quia
980 4979 1262 5049 subjunqit
1304 4977 1555 5049 Cyrillus
1592 4993 1606 5029 :
1652 4976 1749 5028 Εὑ-

212 5047 349 5127 σθενῆ
367 5067 445 5113 τε,
465 5046 543 5127 ὅτι
563 5049 812 5127 καὶᾼπίων
902 5046 1209 5127 χώρα,⁷καξιι
1227 5046 1746 5127 ληίοις-κατάκορος,

212 5066 291 5099 aus
367 5067 445 5113 τε,
465 5068 543 5103 οτι
563 5066 655 5102 και
676 5066 812 5103 πίων
841 5066 873 5119 η
902 5066 1074 5120 χωρα,
1107 5066 1200 5103 και
1229 5066 1397 5117 Αηιοις
1426 5066 1746 5117 κατάκορος,

211 5066 473 5190 πῷέἳέστιν
501 5119 854 5190 ἀμφιϐαλεῖνς
888 5128 941 5190 et
980 5119 1106 5190 quia
1149 5116 1667 5190 Theodoriti‘illud,
1702 5116 1749 5190 ﬁ

207 5185 301 5309 ἓν
324 5190 527 5309 χωρίων
542 5185 841 5258 ἀσφάλεια,
872 5189 939 5243 ad
970 5185 1325 5243 εὖσθενοῦσαν
1362 5187 1628 5257 pertinere
1665 5185 1749 5238 vi-

289 5274 363 5309 ur.
432 5275 521 5309 οτ-

289 5274 363 5311 lll'.
390 5274 521 5314 υοτ.

687 5330 757 5395 ἐξ
798 5329 985 5384 αὐτοῦ
1041 5326 1421 5399 γεννηθέντα.
1468 5326 1529 5399 _ln
1574 5326 1748 5380 altero

1852 4907 2138 4963 tenderent
2162 4909 2357 4963 Filium
2376 4923 2499 4964 esse
2528 4908 2593 4960 ἐκ
2619 4908 2727 4960 τῶν
2759 4907 2833 4977 μὴ
2861 4906 3031 4959 ὄντων
3058 4906 3300 4976 genitum
3329 4922 3425 4961 seu

1853 4987 2117 5034 creatum.
2151 4980 2319 5034 Cum.

1927 5046 2039 5113 (l4)
2090 5049 2223 5102 Ἑπέ

1929 5119 2040 5185 (15)
2089 5116 2266 5189 Ἡμῖν.
2301 5117 2458 5189 Deest
2494 5119 2547 5171 in
2576 5118 2749 5189 altero
2771 5116 2901 5189 cod.
2928 5116 3004 5171 In.

1927 5184 2040 5257 (16)
2085 5184 2362 5258 'Id'xvpdq.
2400 5188 2561 5243 Deest
2590 5188 2643 5258 in
2668 5189 2856 5242 altero.
2883 5184 2959 5240 In.

1929 5260 2039 5327 (l7)
2078 5257 2309 5327 Κύριος.
2344 5259 2490 5313 Alter
2517 5257 2707 5327 Κύριε,
2736 5258 2945 5311 melius.
2982 5257 3057 5312 In.

1928 5330 2039 5399 (18)
2074 5329 2502 5384 Ματαιοπόνου.
2550 5327 2699 5381 Alter
2746 5330 2869 5381 cod.
2912 5327 3417 5399 πατροπαραδότου.

2226 5063 2481 5119 γνῳσαν.
2515 5047 2663 5119 Alter
2690 5047 2811 5101 cod.
2848 5045 3112 5119 ἔγνωσαν.
3146 5043 3222 5101 ID.

208 5397 316 5453 cod.
356 5396 665 5456 'Vinilobon.
726 5402 878 5455 deest
930 5396 1141 5454 tantum
1188 5397 1417 5461 αἰώνων,
1465 5397 1520 5449 in
1575 5399 1745 5450 altero
1843 5398 1923 5453 In.

208 5466 350 5546 etiam
403 5476 680 5546 sequentia
728 5472 893 5546 verba
952 5489 966 5525 :
1036 5468 1124 5546 Ἰαξξ
1177 5468 1351 5546 αὑτοῦ.
1394 5464 1738 5546 γενχηθέντα.

209 5534 420 5610 A_rianus
441 5534 693 5610 scriptor,
727 5549 820 5593 aut
857 5534 1212 5610 interpolator
1262 5534 1424 5605 hujus
1463 5534 1616 5610 libri,
1659 5536 1743 5589 vi-

211 5604 347 5661 detur
371 5604 570 5679 tantum
601 5611 890 5679 scripsisse
922 5630 933 5664 :
982 5604 1094 5679 Πρὸ
1130 5604 1345 5679 πάντων
1387 5604 1613 5667 αἰώνων,
1646 5621 1744 5659 ne-

211 5690 300 5756 que
320 5678 454 5731 enim
480 5678 745 5756 negabant
768 5683 960 5756 Ariani
994 5678 1253 5756 Filiuut_a
1287 5678 1466 5756 Putre,
1500 5685 1620 5756 {ante
1647 5692 1741 5756 sar-

212 5745 659 5819 cula,gcneratnm.
695 5752 799 5809 Sed
832 5752 1033 5808 rectius
1068 5752 1308 5808 sentiens
1333 5747 1611 5813 librarius,
1646 5754 1736 5799 aut

1920 5468 2030 5539 (l9)
2088 5472 2181 5522 Ἐν
2207 5471 2425 5524 σκότει.
2462 5466 2622 5539 D_eest
2649 5466 2703 5519 in
2731 5467 2920 5539 altero.
2946 5464 3027 5539 ilo.

1872 5548 1875 5551 “
1917 5534 2030 5608 (20)
2070 5540 2217 5607 Γάρ.
2244 5540 2433 5594 Melius
2461 5534 2554 5591 οὖν
2578 5538 2629 5590 in
2661 5537 2782 5608 cod.
2819 5536 2976 5591 Vind.
3013 5536 3085 5591 In.

1915 5610 2026 5676 (2i)
2075 5610 2333 5677 Δηληδὴ,
2365 5610 2467 5663 ὅτι.
2500 5608 2666 5679 Δῆλον
2712 5607 2789 5661 ὃτι
2831 5609 3022 5662 melius
3077 5609 3130 5662 in
3184 5616 3417 5676 utroque

1842 5681 1964 5736 cod.
1992 5679 2149 5735 Vind.
2185 5680 2254 5734 Ιυ.
