3880 6332
228 340 320 399 895

1111 326 1709 386 CONSTITUTIONES
1741 324 2427 387 APOSTOLleE.—LIB.
2467 332 2511 388 V
2530 373 2545 387 .

3316 332 3423 391 894

223 444 694 517 συναθροιζόμεναι,
723 446 1065 517 γρηγορεῖτε,
1087 445 1528 517 προσευχόμενοι,
1545 446 1638 498 καὶ
1658 443 1760 497 δεό-

1865 444 2084 513 vigiliis,
2133 446 2475 502 orationibus
2516 456 2570 503 et
2605 452 2672 503 ad
2714 448 2881 506 Deum
2920 456 3173 526 precibus
3233 464 3424 511 vacate

221 561 351 615 μενοι
384 538 471 594 τοῦ
506 537 673 603 Θεοῦ,
704 538 762 591 ὲν
797 540 863 609 τῇ
893 537 1324 610 διανυκτερεύσει
1363 540 1535 610 ὑμῶν,
1574 540 1762 606 ἀναγι-

215 636 488 692 νώσκοντες
531 629 623 681 τὸν
662 630 857 701 νόμον,
904 632 1031 693 τοὺς
1086 631 1405 701 προφήτας,
1457 632 1581 694 τοὺς
1626 630 1763 701 ψαλ-

217 728 354 798 μοὺς,
387 722 575 794 μέχρις
619 721 990 793 ἀλεκτρυόνων
1020 722 1066 754 ³³
1087 723 1367 794 κραυγῆς,
1414 724 1508 777 καὶ
1567 722 1760 793 βαπτί-

215 832 384 879 σαντες
410 814 559 885 ὑμῶν
586 815 712 876 τοὺς
741 814 1177 885 κατηχουμένους
1199 853 1213 878 ,
1243 816 1337 868 καὶ
1354 815 1674 884 ἀναγνόντες
1700 816 1761 869 τὸ

214 908 516 977 Εὐαγγέλιον
573 908 631 957 ὲν
687 906 835 976 φόϐῳ
887 906 982 959 καὶ
1035 906 1222 977 τρόμῳ
1252 944 1268 968 ,
1324 908 1419 960 καὶ
1464 907 1761 978 προσλαλή-

213 1017 383 1064 σαντες
409 999 519 1071 (57)
538 998 617 1069 τῷ
644 996 758 1068 λαῷ
782 997 849 1050 τά
880 998 1014 1068 πρὸς
1044 998 1335 1069 σωτηρίαν,
1358 997 1638 1051 παύσασθε
1664 998 1759 1051 τοῦ

211 1094 419 1156 πένθους
447 1091 621 1162 ὑμῶν,
652 1090 745 1143 καὶ
775 1089 1001 1161 δεήθητε
1026 1087 1119 1141 τοῦ
1148 1089 1285 1141 Θεοῦ
1304 1129 1319 1152 ,
1358 1091 1758 1161 ἐπιστραφῆναι

209 1184 288 1238 τὸν
342 1182 572 1254 Ἰσραὴλ,
609 1182 704 1235 καὶ
752 1180 937 1233 λαϐεῖν
982 1180 1146 1233 αὑτὸν
1203 1180 1367 1233 τόπον
1398 1181 1445 1212 ⁸⁸
1471 1182 1758 1251 μετανοίας

208 1277 292 1329 καὶ
322 1274 416 1343 τῆς
440 1273 693 1336 ἀσεϐείας
729 1274 920 1343 ἀφεσιν
939 1289 952 1303 ·
996 1273 1077 1324 ότι
1105 1272 1134 1323 6
1166 1272 1262 1343 μὲν
1308 1271 1602 1341 ἀλλόφυλος
1636 1290 1758 1343 κρι-

207 1366 318 1437 τὴς,
348 1364 635 1436 νιψάμενος
653 1364 751 1427 τάς
778 1367 965 1435 χεῖρας
991 1359 1169 1416 εἶπεν·
1206 1380 1225 1415 ι
1279 1362 1477 1427 Ἀθῶός
1505 1365 1620 1434 είμι
1650 1364 1758 1417 ἀπὸ

206 1460 288 1512 τοῦ
311 1460 534 1528 αἵματος
566 1456 669 1509 τοῦ
686 1456 890 1509 δικαίου
910 1455 1119 1516 τούτου,
1141 1456 1297 1524 ὑμεῖς
1322 1454 1535 1524 ὄψεσθε.
1570 1475 1587 1507 ι
1624 1456 1681 1509 '0
1701 1454 1756 1509 δὲ

216 1551 412 1623 Ἰσραὴλ
436 1550 730 1621 ἐπεϐόησε·
760 1568 779 1599 ι
817 1548 889 1600 Τὸ
915 1542 1052 1618 αἷμα
1080 1545 1245 1600 αύτοῦ
1274 1547 1648 1617 ὲφ’ήμά’ς,καὶ
1666 1547 1757 1599 ἐπὶ

205 1640 627 1711 τὰτέκναήμῶν·
667 1659 686 1690 ι
708 1640 800 1692 καὶ
818 1638 1045 1692 Πιλάτου
1062 1637 1321 1701 εἰπόντος·
1359 1657 1377 1688 ι
1405 1638 1509 1691 Τὸν
1535 1637 1755 1707 βασιλέα

204 1733 343 1804 ὑμῶν
368 1731 666 1803 σταυρώσω
686 1748 699 1796 ;
724 1750 742 1782 ι
763 1731 917 1784 αὐτοὶ
941 1729 1198 1783 ἐπεϐόων·
1218 1748 1237 1781 ι
1262 1730 1372 1784 Οὐκ
1392 1728 1583 1800 ἔχομεν
1606 1729 1756 1799 βασι-

1862 533 1918 587 in
1948 538 2359 603 pernoctatione
2388 548 2590 602 vestra,
2618 541 2810 611 legem,
2843 548 3152 616 prophetas,
3186 562 3250 603 ac
3281 549 3426 616 psal-

1862 641 1982 680 mos
2020 627 2178 697 legite
2211 645 2385 699 usque
2429 631 2494 685 ad
2551 634 2815 702 gallorum
2862 649 3102 707 cantum,
3144 647 3198 695 et
3248 639 3423 710 bapti-

1874 732 2053 770 summ
2102 719 2345 775 conferte
2377 724 2573 778 vestris
2602 727 3041 795 catechumenis;
3093 737 3149 784 et
3201 730 3428 785 recitato

1863 806 2155 879 Evangelio
2208 810 2262 864 in
2323 814 2517 869 timore
2571 831 2634 869 ac
2682 825 2950 883 tremore,
3018 821 3309 891 habitaque
3355 819 3425 873 ad

1862 903 2117 970 populum
2172 905 2500 960 allocutione
2539 906 2605 962 de
2656 909 2818 964 rebus
2875 911 2942 965 ad
2989 912 3218 967 salutem
3261 913 3429 981 perti-

1862 993 2117 1048 nentibus
2143 1033 2159 1057 ,
2211 996 2377 1050 luctui
2417 1008 2596 1053 vestro
2641 998 2798 1054 ﬁnem
2835 1002 3132 1072 imponite;
3172 1011 3224 1057 et
3277 1012 3428 1059 orate

1863 1079 2027 1136 Deum
2061 1092 2118 1137 ut
2162 1094 2513 1139 convertatur
2554 1086 2739 1151 Israel,
2779 1091 3069 1161 locumque
3095 1092 3426 1161 paenitentiae

1861 1174 2092 1244 accipiat
2145 1191 2269 1229 cum
2337 1178 2493 1232 venia
2553 1180 2851 1248 impietatis
2911 1202 2924 1235 :
2985 1184 3428 1253 quandoquidem

1856 1264 2020 1334 judex
2054 1267 2355 1337 alienigena
2408 1270 2532 1326 lotis
2565 1272 2835 1336 manibus,
2864 1274 3041 1329 dixit:
3082 1294 3101 1327 ι
3160 1275 3429 1331 lnnocens
3471 1336 3485 1350 ,

1861 1371 1982 1410 sum
2006 1373 2035 1410 a
2068 1360 2333 1429 sanguine
2358 1361 2490 1429 justi
2526 1362 2709 1428 hujus,
2747 1379 2842 1418 vos
2866 1364 3193 1420 videritis“.
3219 1386 3237 1418 ι
3260 1365 3425 1421 lsrael

1862 1462 1993 1501 vero
2038 1449 2361 1503 exclamavit
2414 1469 2426 1503 :
2498 1469 2515 1501 ι
2577 1449 2811 1520 Sanguis
2857 1454 2977 1522 ejus
3011 1470 3177 1525 super
3210 1469 3334 1516 nos,
3373 1460 3427 1508 et

1860 1550 2026 1605 super
2058 1537 2199 1594 Iilios
2243 1548 2503 1606 nostros;
2546 1560 2564 1593 ι
2610 1550 2663 1596 et
2720 1541 2895 1597 Pilato
2961 1544 3221 1600 dicente:
3265 1564 3283 1597 ι
3325 1542 3427 1600 lle-

1861 1645 1980 1699 gem
2029 1640 2271 1686 vestrum
2333 1636 2693 1707 cruciﬁgam?
2755 1657 2774 1689 ι
2831 1639 2933 1708 ipsi
2991 1641 3421 1696 acclamarunt:

1867 1737 1884 1769 ι
1921 1719 2038 1775 Non
2084 1722 2348 1781 habemus
2391 1742 2572 1797 regem
2604 1768 2618 1790 ,
2654 1729 2759 1783 nisi
2791 1727 3085 1786 Caesarem.
3131 1731 3421 1802 Crueiﬁge,

202 1798 286 1877 λέα
308 1826 352 1876 εί
386 1823 458 1894 μὴ
481 1798 755 1894 Καίσαρα·
774 1821 1105 1893 σταύρωσον,
1122 1798 1430 1892 σταύρωσον
1574 1798 1753 1873 αὐτόν.

1865 1814 2122 1884 erucilige
2173 1832 2315 1871 eum.
2356 1817 2545 1873 Omnis
2595 1821 2736 1874 enim
2792 1824 2884 1890 qui
2932 1838 2990 1877 se
3040 1840 3218 1893 regem
3270 1824 3422 1890 facit,

205 1917 304 1980 Πᾶς
314 1916 414 1987 γάρ
428 1916 456 1968 6
478 1915 645 1968 ποιῶν
658 1916 846 1968 ἑαυτὸν
867 1914 1109 1985 βασιλέα,
1125 1913 1390 1982 ἀντιλέγει
1410 1913 1486 1983 τῷ
1498 1914 1753 1985 Καίσαρι.

203 2010 297 2063 Καὶ
310 2009 398 2061 ὲάν
415 2008 609 2061 τοῦτον
638 2006 930 2079 ἀπολύσῃς,
947 2008 1046 2060 οὐκ
1066 2004 1115 2059 εί
1134 2007 1285 2076 φίλος
1298 2006 1389 2060 τοῦ
1408 2007 1702 2077 Καίσαρος.
1734 2026 1752 2059 ι

203 2102 297 2153 Kal
339 2099 571 2164 Πιλάτος
625 2100 655 2151 6
700 2099 923 2170 ἡγεμὼν
978 2099 1073 2153 καὶ
1135 2098 1379 2171 Ἡρώδης
1427 2102 1455 2152 6
1512 2098 1760 2168 βασιλεὺς

204 2181 482 2246 ἐκέλευσεν’
499 2192 606 2263 (59)
635 2193 794 2245 αὑτὸν
826 2190 1223 2263 σταυρωθῆναι*
1258 2192 1350 2244 καὶ
1378 2190 1674 2262 πληροῦται
1702 2191 1761 2245 τὸ

204 2283 387 2353 φάσκον
436 2283 643 2352 λόγιον·
698 2303 716 2335 ι
765 2283 881 2337 Ἵνα
926 2282 978 2335 τί
1022 2282 1298 2355 ἐφρύαξαν
1340 2282 1493 2354 ἔθνη,
1525 2284 1617 2336 καὶ
1644 2282 1763 2336 λαοὶ

204 2375 522 2446 ἐμελέτησαν
562 2376 722 2441 κενά;
767 2376 1115 2447 παρέστησαν
1144 2376 1194 2428 oi
1222 2375 1454 2446 βασιλεῖς
1489 2375 1588 2445 τῆς
1626 2375 1759 2445 γῆς,

204 2468 245 2519 οἱ
293 2468 553 2537 ἄρχοντες
608 2466 950 2539 συνήχθησαν
1009 2468 1101 2520 ἐπὶ
1156 2467 1215 2520 τὸ
1271 2467 1433 2533 αὐτὸ,
1483 2467 1623 2520 κατά
1668 2466 1761 2519 τοῦ

204 2559 382 2629 Κυρίου
412 2560 514 2612 καὶ
534 2559 674 2613 κατά
704 2559 797 2612 τοῦ
827 2558 1063 2631 Χριστοῦ
1095 2556 1278 2612 αὑτοῦ.
1313 2559 1422 2611 Kal
1450 2558 1762 2630 ἀπέρριψαν

201 2650 280 2703 τὸν
337 2652 665 2722 ἀγαπητὸν,
733 2652 808 2714 ὡς
869 2652 1062 2721 νεκρὸν
1125 2651 1532 2722 ὲϐδελυγμένον.
1573 2671 1591 2703 ι
1654 2653 1763 2705 Kal

203 2742 348 2795 αὑτοῦ
379 2743 786 2814 σταυρωθέντος
830 2746 896 2814 τῇ
935 2746 1275 2815 παρασκευῇ,
1308 2745 1401 2797 καὶ
1438 2743 1764 2807 ἀναστάντος

202 2835 608 2905 ἒπιφωσκούσης
653 2834 971 2905 Κυριακῆς,
1041 2835 1329 2908 ἐπληρώθη
1396 2838 1429 2906 ἡ
1484 2835 1671 2905 Γραφὴ
1726 2836 1760 2906 ἦ

200 2925 432 2994 λέγουσα·
476 2946 499 2977 ε
535 2924 790 2989 Ἀνάστα,
824 2928 852 2979 6
881 2926 1033 2993 Θεὸς,
1066 2932 1249 2997 κρῖνον
1288 2928 1386 2999 τὴν
1417 2926 1540 2997 γῆν·
1588 2927 1668 2979 ὅτι
1699 2926 1763 2979 σὺ

198 3019 761 3092 κατακληρονομήσεις
791 3020 847 3071 ὲν
871 3020 1003 3071 πᾶσι
1031 3022 1143 3082 τοῖς
1170 3017 1363 3072 ἔθνεσι.
1398 3038 1415 3070 ι
1442 3018 1551 3071 Kal
1579 3017 1760 3071 πάλιν·

1860 1908 2190 1961 contradicit
2210 1909 2431 1963 Czesari.
2457 1910 2519 1964 Et
2538 1912 2582 1965 si
2608 1913 2749 1967 hunc
2771 1913 3067 1977 dimiseris,
3092 1930 3201 1968 non
3222 1930 3282 1969 es
3297 1918 3427 1969 ami-

1860 2015 1958 2053 cus
1991 1998 2223 2055 Cmsaris
2246 2002 2311 2056 ⁵⁸.
2342 2022 2360 2054 ι
2396 2002 2458 2056 Et
2488 2002 2693 2060 Pilatus
2716 2021 2937 2075 przeses,
2961 2022 3024 2060 ac
3042 2005 3284 2062 Herodes
3308 2024 3423 2073 rex,

1856 2091 2137 2159 jusserunt
2157 2109 2279 2146 eum
2309 2097 2549 2165 cruciligi
2572 2115 2585 2161 ;
2609 2106 2772 2167 atque
2786 2100 3240 2168 complementum
3266 2116 3427 2155 acre-

1862 2185 1941 2254 pit
1972 2184 2275 2256 Scriptura,
2316 2206 2437 2258 qua:
2469 2189 2599 2243 dicit
2630 2192 2673 2222 ⁸⁷
2704 2192 2748 2222 ³⁸
2775 2211 2787 2243 :
2826 2210 2844 2242 ι
2880 2192 3058 2258 Quare
3089 2193 3427 2249 fremuerunt

1862 2286 2073 2348 gentes,
2109 2286 2163 2333 et
2194 2282 2378 2349 populi
2406 2282 2647 2337 meditati
2680 2290 2810 2337 sunt
2849 2284 3073 2338 inania?
3115 2285 3424 2340 Astiterunt

1863 2385 2018 2439 reges
2049 2378 2244 2438 teme;
2285 2381 2339 2427 et
2389 2374 2668 2443 principes
2697 2384 3071 2431 convenerunt
3121 2378 3176 2430 in
3231 2393 3422 2442 unum,

1863 2462 2126 2516 adversus
2157 2462 2469 2527 Dominum,
2506 2475 2559 2520 et
2590 2468 2853 2521 adversus
2894 2466 3173 2523 Christum
3204 2469 3323 2537 ejus
3353 2468 3421 2522 "’.

1863 2552 1929 2606 Et
1960 2555 2307 2624 projecerunt
2334 2556 2592 2610 dilectum
2620 2597 2635 2620 ,
2684 2560 2842 2628 quasi
2888 2568 3162 2612 mortuum
3214 2559 3425 2612 abomi-

1862 2654 2048 2700 natum
2073 2648 2138 2703 δ’.
2174 2667 2192 2699 ι
2236 2649 2409 2719 Atque
2452 2650 2569 2720 ipso
2603 2660 2751 2705 sexta
2788 2651 2917 2705 feria
2947 2651 2998 2704 in
3031 2667 3246 2705 crucem
3290 2652 3423 2705 sub-

1865 2736 2008 2803 lato;
2065 2746 2117 2792 et
2179 2754 2208 2792 ιι
2254 2741 2482 2794 mortuis
2530 2742 2795 2805 excitato,
2857 2742 2958 2797 sub
3004 2742 3108 2796 dici
3156 2743 3424 2798 Dominici

1864 2830 2165 2885 diluculum
2184 2871 2198 2894 ,
2228 2832 2431 2886 exitum
2462 2833 2649 2888 habuit
2673 2834 2802 2887 illud
2831 2834 3128 2905 Scriptura:
3150 2854 3164 2891 :
3187 2855 3204 2886 ι
3229 2836 3423 2908 Surge,

1864 2921 2249 2993 Deus;judica
2296 2932 2497 2978 terram
2532 2944 2545 2980 :
2577 2926 2835 2995 quoniam
2892 2934 2951 2980 tu
2990 2926 3343 2981 limreditabis
3369 2929 3425 2981 in

1853 3017 2108 3073 omnibus
2134 3017 2382 3088 gentibus
2411 3017 2486 3082 “;
2514 3036 2531 3069 ι
2552 3028 2605 3071 et
2630 3018 2822 3071 iterum
2847 3036 2859 3071 :
2893 3036 2911 3069 ι
2940 3016 3261 3090 Exsurgam,
3282 3020 3412 3074 dicit

204 3129 221 3161 ι
242 3112 659 3183 ’Δναστήσομαι,
693 3111 839 3180 λέγει
869 3110 1100 3183 Κύριος,
1135 3110 1369 3181 θήσομαι
1397 3112 1452 3163 ὲν
1482 3110 1759 3182 σωτηρίῳ,

1865 3109 2138 3173 Dominus,
2181 3124 2376 3179 ponam
2416 3110 2467 3163 in
2504 3110 2761 3176 salutari;
2809 3111 3136 3165 liducialiter
3164 3128 3320 3181 agam
3358 3113 3413 3166 iu

202 3204 640 3275 παρρησιάσομαι
664 3205 720 3257 ὲν
749 3202 915 3274 αὐτῷ·
942 3222 960 3254 ι
996 3201 1104 3273 (40)
1135 3201 1247 3255 καί·
1276 3202 1304 3253 ι
1344 3202 1415 3255 Σὺ
1446 3202 1523 3268 δὲ,
1557 3202 1759 3274 Κύριε,

199 3293 404 3365 ἐλέησόν
474 3311 577 3365 με,
635 3295 729 3347 καὶ
776 3294 1080 3365 ἀνάστησόν
1130 3310 1227 3364 με,
1275 3294 1365 3346 καὶ
1404 3293 1765 3347 ἀνταποδώσω

198 3387 385 3450 αὐτοῖς.
436 3407 453 3441 ι
510 3384 608 3439 Διά
647 3385 804 3439 τοῦτο
849 3381 941 3439 οὖν
971 3385 1066 3439 καὶ
1093 3386 1278 3455 ὑμεῖς,
1312 3385 1641 3449 ἀναστάντος
1668 3385 1763 3439 τοῦ

198 3479 420 3550 Κυρίου,
456 3478 863 3550 προσενέγκατε
893 3478 992 3549 τὴν
1024 3477 1212 3530 θυσίαν
1264 3476 1373 3549 (41)
1406 3478 1559 3548 ὑμῶν
1582 3520 1597 3545 ,
1638 3478 1765 3548 περὶ

198 3563 259 3639 ἧς
295 3570 418 3641 ὑμῖν
452 3568 736 3634 διετάξατο
763 3570 829 3623 δι’
856 3569 1033 3641 ἡμῶν,
1078 3567 1269 3637 λέγων·
1310 3588 1327 3620 ι
1370 3570 1536 3623 Τοῦτο
1564 3574 1765 3624 ποιεῖτε

199 3662 270 3724 είς
292 3662 388 3732 τὴν
417 3662 562 3733 ἐμὴν
589 3661 911 3733 ἀνάμνησιν.
944 3680 962 3711 ι
998 3660 1108 3713 Καὶ
1136 3658 1317 3713 λοιπὸν
1347 3661 1762 3732 ἀπονηστεύετε,

200 3753 607 3824 εὐφραινόμενοι
666 3753 758 3806 καὶ
804 3752 1189 3824 ἑορτάζοντες,
1232 3751 1315 3805 ὃτι
1362 3752 1620 3823 ἀρραϐὼν
1664 3753 1765 3823 τῆς

198 3845 539 3909 ἀναστάσεως
567 3844 719 3916 ὑμῶν
765 3844 877 3917 (42)
923 3843 1127 3915 Ἰησοῦς
1157 3846 1185 3897 6
1211 3844 1443 3915 Χριστὸς
1470 3845 1763 3917 ἐγήγερται

200 3937 257 3989 ὲκ
296 3938 526 4009 νεκρῶν·
578 3938 671 3991 καὶ
698 3937 872 4003 ,τοῦτο
909 3937 1037 4007 ὑμῖν
1071 3935 1210 3989 ἔστω
1255 3935 1481 4006 νόμιμον
1526 3935 1760 4004 αἰώνιον,

198 4027 294 4093 ἓως
328 4030 428 4100 τῆς
469 4028 777 4091 συντελείας
822 4026 916 4079 τοῦ
961 4027 1182 4095 αἰῶνος,
1236 4028 1429 4099 μέχρις
1465 4028 1530 4081 ἂν
1562 4028 1688 4100 ἔλθῃ
1737 4030 1766 4082 6

202 4121 410 4192 Κύριος.
452 4120 733 4182 Ἰουδαίοις
769 4120 878 4192 γάρ
916 4121 944 4173 6
982 4119 1185 4191 Κύριος
1227 4120 1306 4174 ἔτι
1342 4120 1590 4192 τέθνηκε·
1627 4122 1763 4193 Χρι-

202 4218 421 4278 στιανοῖς
450 4215 512 4267 δὲ
542 4214 851 4285 ἐγήγερται·
882 4215 993 4276 τοῖς
1024 4212 1122 4285 μὲν
1148 4213 1214 4265 δι’
1244 4213 1528 4281 ἀπιστίαν,
1568 4217 1681 4277 τοῖς
1707 4214 1765 4267 δὲ

199 4303 281 4357 διά
314 4305 717 4378 πληροφορίαν,
765 4305 848 4357 ὅτι
891 4306 925 4374 ἡ
974 4306 1055 4367 είς
1101 4304 1263 4357 αὑτὸν
1308 4304 1463 4370 ἐλπὶς
1498 4304 1765 4370 ἀθάνατος

200 4395 305 4469 ζωὴ
346 4398 441 4452 καὶ
491 4397 602 4471 (45)
646 4395 877 4459 αἰώνιος·
931 4394 1066 4467 μετά
1106 4395 1163 4448 δὲ
1209 4395 1352 4449 ὀκτὼ
1395 4398 1607 4469 ἡμέρας
1653 4399 1763 4471 (44)

267 4536 312 4570 ⁸³
336 4536 531 4590 Anast.
561 4534 1037 4607 ἀλεκτρυοᾳωνῶν.
1113 4534 1158 4566 ³⁸
1188 4534 1258 4588 al.
1285 4533 1501 4606 τρόπον.
1577 4535 1622 4569 ⁸³
1654 4536 1759 4591 Mat

267 4606 380 4661 -ΞἹ,
456 4608 505 4638 ⁵⁸
539 4605 661 4659 Psal
712 4621 770 4663 ιι.
808 4605 855 4657 l.
956 4605 999 4635 ⁶⁰
1028 4602 1129 4658 lsa.
1164 4620 1273 4663 xiv.
1319 4603 1405 4658 19.
1527 4605 1569 4637 ⁶¹
1598 4605 1743 4663 Psal.

1865 4535 2131 4600 xxvu,25,

1865 4624 1963 4663 m.
1997 4607 2057 4661 8.

1730 4649 1743 4662 ο
1778 4645 1963 4674 μολοὶσὶΙ,
1997 4645 2057 4661 υ.

199 4604 380 4661 25-27.
456 4608 505 4638 δ’
539 4605 661 4659 Psul
712 4602 770 4665 ti,
808 4605 855 4657 l.
956 4605 999 4635 ⁶⁰
1028 4602 1129 4658 lsa.
1164 4620 1273 4667 xiv,
1319 4602 1405 4658 l9.

206 4682 333 4741 sxu,
365 4677 451 4733 l9.
523 4676 567 4708 "
597 4675 765 4730 Exod.
786 4690 884 4738 xu,
924 4673 1214 4739 24;lCor.
1254 4690 1329 4737 XI,
1354 4674 1441 4727 26.

1852 3220 1918 3260 eo
1947 3205 2021 3269 ";
2056 3220 2076 3255 ι
2110 3211 2199 3256 et:
2236 3222 2253 3255 ι
2284 3200 2363 3255 Tu
2396 3212 2597 3269 autem,
2633 3202 2880 3269 Domine,
2921 3204 3180 3258 miserere
3208 3205 3334 3271 mei,
3367 3212 3423 3259 et

1864 3292 2135 3348 resuscita
2159 3308 2273 3357 me;
2300 3299 2356 3345 et
2385 3293 2683 3345 retribuam
2715 3293 2794 3346 eis
2814 3292 2877 3346 “.
2904 3312 2921 3345 ι
2949 3291 3030 3347 0b
3051 3293 3154 3347 hoc
3186 3294 3350 3363 igitur
3370 3303 3426 3349 et

1862 3398 1998 3447 vos,
2049 3389 2368 3453 resurgente
2409 3382 2673 3446 Domino,
2710 3382 2899 3438 oﬂ'erte
2950 3383 3275 3438 sacriﬁcium
3325 3401 3424 3439 ve-

1864 3483 2060 3538 strum,
2101 3474 2168 3529 de
2211 3490 2319 3545 quo
2367 3475 2521 3530 vobis
2572 3474 2851 3530 constituit
2907 3490 3001 3543 per
3041 3490 3161 3537 nos,
3201 3477 3421 3531 dicens:

1870 3587 1887 3619 ι
1932 3567 2043 3623 lloc
2073 3568 2233 3623 facite
2257 3568 2311 3622 in
2345 3583 2518 3622 meam
2538 3568 3108 3622 commemorationem
3130 3567 3426 3627 “.tl’ostea

1860 3660 2131 3729 jejunium
2208 3658 2505 3724 dimittite,
2579 3662 2824 3715 laetantes
2885 3667 2939 3714 et
3007 3659 3150 3713 diem
3224 3659 3421 3715 festum

1865 3763 2119 3822 agentes;
2179 3752 2437 3822 quoniam
2490 3750 3175 3822 pignusfresurrectionis
3230 3761 3424 3805 vestra:

1864 3844 2024 3901 Jesus
2044 3844 2298 3899 Christus
2329 3861 2358 3899 a
2385 3845 2615 3899 mortuis
2658 3844 2924 3899 excitatus
2968 3852 3051 3899 est
3080 3861 3094 3899 :
3128 3852 3289 3915 atque
3318 3843 3422 3897 boc

1866 3938 2020 3993 vobis
2047 3937 2117 3992 sit
2146 3937 2442 4007 legitimum
2476 3936 2861 4005 sempiternum
2884 3951 3056 4005 usque
3077 3935 3143 3988 ad
3172 3950 3426 3990 consum-

1864 4032 2155 4086 mationem
2187 4029 2392 4092 sarculi,
2425 4027 2605 4099 quoad
2647 4029 2852 4082 venerit
2888 4027 3150 4082 Dominus
3172 4028 3239 4084 “.
3288 4026 3423 4083 Nam

1864 4123 2067 4179 Judaais
2096 4123 2274 4177 adhuc
2316 4120 2580 4175 Dominus
2623 4119 2866 4186 interiit;
2917 4118 3248 4174 Christianis
3290 4132 3423 4173 vero

1866 4215 2204 4281 resurrexit;
2236 4214 2345 4269 illis
2376 4212 2593 4282 quidem
2621 4219 2844 4280 propter
2884 4211 3256 4266 inﬁdelitatem
3283 4229 3299 4278 ;
3333 4211 3421 4267 his

1865 4319 2044 4364 autem
2094 4312 2311 4377 propter
2354 4303 2721 4359 certissimam
2780 4303 2919 4357 hanc
2967 4304 3417 4374 persuasionem,

1866 4400 2009 4472 quod
2038 4413 2260 4468 sperare
2298 4396 2353 4450 in
2383 4411 2506 4451 eum
2537 4395 2605 4450 sit
2629 4394 2736 4448 vita
2765 4396 3084 4450 immortalis
3111 4411 3173 4449 ac
3193 4402 3417 4449 aeterna.

2256 4531 2479 4586 l".loan.
2515 4545 2629 4595 xIx,
2656 4531 2742 4584 l5.
2777 4530 2830 4591 6,
2867 4530 2951 4585 l2.
3026 4530 3071 4561 ⁸⁷
3106 4532 3152 4562 ⁵⁸
3180 4530 3299 4585 Act.
3342 4546 3417 4596 ιν,

2153 4606 2198 4636 ⁸⁸
2236 4603 2381 4658 Psal.
2417 4618 2492 4667 χι,
2519 4601 2571 4656 6.
2667 4602 2712 4632 ⁸³
2741 4599 2887 4656 Psal.
2920 4616 3009 4663 XL,
3046 4602 3131 4655 ll.
3206 4601 3250 4632 “
3280 4600 3413 4657 Luc.

1502 4760 1859 4817 VARIORUM
1894 4759 2122 4817 NOTA'J.

200 4882 347 4949 juxta
391 4885 638 4953 ejusdem
680 4882 738 4939 S.
786 4882 1027 4937 doctoris
1054 4880 1615 4956 animadversionem,
1646 4895 1760 4956 non

1869 4878 2027 4956 linem
2042 4870 2303 4956 Pajtarii:
2334 4871 2628 4956 ’Ev'ﬂkor;
2654 4873 2722 4956 δὲ,
2756 4872 2940 4956 τόποις
2969 4873 3028 4925 ού
3068 4873 3270 4956 γίνεται
3324 4875 3419 4956 λα-

203 4942 677 5025 samper'poterat,
710 4960 926 5025 servato
949 4951 1328 5025 ecclesiastico
1364 4950 1577 5025 calculo
1600 4988 1616 5013 ,
1646 4950 1760 5018 ipsa

1865 4946 2019 5025 εερεία
2070 4946 2171 5025 iis
2210 4942 2535 5025 ρίκονρμίειςν
2578 4944 2609 5014 ἢ
2657 4943 2813 5025 sive:
2862 4943 3274 5025 “tamquam:
3298 4946 3421 5025 ,τῆς

204 5018 503 5081 observari.
561 5018 741 5079 [n.7-
770 5021 899 5077 Mss.
949 5020 1112 5076 Vind.
1146 5021 1254 5074 ἀπὸ
1298 5018 1551 5090 δευτέρας
1604 5036 1663 5090 μ.
1708 5036 1764 5072 α.

204 5094 983 5233 ηεξξθῆἔῖῗλαίέιιῆσαντες.
1014 5161 1207 5233 Latine
1234 5160 1433 5229 alloqui
1460 5159 1685 5233 dicitur,
1714 5166 1773 5233 et

1920 5012 2177 5098 υριακῆς,
2212 5014 2311 5098 ὅτε·
2345 5012 2567 5098 ἀπολύει
2600 5012 2726 5098 περὶ
2762 5012 2863 5098 τὴν
2906 5012 3010 5063 τῶν
3038 5012 3420 5098 ’ἀλεκτρυόνων

1866 5082 2131 5155 κλαγγὴν,
2162 5086 2220 5136 ἐν
2250 5086 2316 5153 τῇ
2360 5082 2731 5160 ’ᾼναστασίμω
2759 5082 2939 5163 ήμέρα
2969 5083 3060 5163 καὶ
3092 5082 3417 5163 πανηγύρει,

1872 5154 2079 5225 μεγάλῃ
2109 5152 2288 5225 ἡμέρᾳ
2312 5169 2405 5203 του
2440 5151 2645 5225 Πάσχα.
2681 5135 2817 5205 Aius
2840 5168 2957 5225 uero
2988 5169 3040 5225 in
3070 5152 3233 5225 locu,‘
3252 5154 3420 5225 diuini

204 5220 479 5289 allocutio:
528 5220 755 5289 Exstant
806 5220 1117 5302 huiusmodi
1163 5220 1444 5287 sermones
1495 5220 1680 5283 habiti
1715 5229 1771 5282 in
1870 5220 2111 5293 Myster'ii
2128 5220 2437 5302 initurum:
2462 5223 2775 5302 celebratur,
2806 5222 2909 5302 nisi
2938 5220 3265 5275 solummodo
3288 5224 3418 5302 illu-

204 5303 381 5372 vigilia
412 5304 657 5360 Pasehze.
683 5304 825 5359 Cor.

271 5366 386 5442 (58)
430 5376 806 5442 Σταύρωσον.
864 5371 1026 5425 Addit
1069 5371 1220 5442 alter
1262 5369 1386 5424 eod.
1436 5366 1592 5421 Vind.
1637 5376 1765 5423 ante

204 5440 343 5512 hanc
366 5460 554 5500 vocem
584 5440 603 5499 Ξ
638 5446 732 5498 καὶ
762 5444 920 5498 πάλιν
950 5441 1271 5512 ἐπεϐόησαν,
1316 5453 1593 5509 perperam
1617 5447 1671 5493 et
1693 5454 1763 5494 ex

199 5510 410 5585 Joanne
432 5515 615 5585 liquet.
639 5514 737 5569 CL.

269 5584 385 5647 (59)
419 5579 793 5639 Ἐκέλευσεν.
824 5583 888 5639 ι..
919 5584 1235 5637 ἐκέλευσαν.
1262 5579 1399 5633 Cor.

269 5585 385 5717 (59)
419 5585 793 5639 Ἐκέλευσεν.
824 5585 888 5639 ι..
919 5585 1235 5637 ἐκέλευσαν.
1262 5585 1399 5633 Cor.
1448 5648 1459 5659 ο

267 5653 895 5777 ὃφνὶἒιὲρῗῃισιὼομω
920 5655 989 5707 ἑν
1014 5651 1190 5717 αὐτῷ.
1223 5650 1426 5705 Desunt
1448 5664 1499 5701 In
1527 5654 1757 5717 utroque

200 5724 321 5777 eod.
355 5724 515 5779 Vind.
552 5724 651 5780 CL.

270 5794 383 5861 (ιι)
415 5794 850 5865 Προσενέγκατε
881 5795 990 5865 τὴν
1018 5792 1252 5848 θυσίαν.
1288 5789 1620 5861 Epiphanius
1651 5788 1752 5841 sub

1863 5290 2090 5346 ceicente
2118 5291 2412 5360 Dominica,
2438 5291 2645 5360 quando
2667 5290 2734 5343 ad
2755 5290 3016 5358 gallorum
3040 5302 3251 5344 cantum
3271 5291 3416 5360 jeju-

1863 5364 2008 5417 nium
2036 5362 2272 5422 solvitur,
2298 5361 2353 5432 in
2382 5359 2789 5414 Resurrectionis
2811 5360 2915 5424 die,
2948 5378 3009 5415 ac
3041 5362 3193 5430 festo,
3222 5359 3416 5432 magna

1859 5434 1945 5485 die
1982 5433 2272 5485 Paschalis.
2301 5430 2375 5483 In.

1877 5574 1888 5584 _
1928 5503 2036 5626 (42)..)
2085 5502 2195 5569 Τῆς
2239 5498 2623 5565 ἀναστάσεως
2649 5497 2828 5568 ὑμῶν.
2859 5500 2943 5557 Ai.
2986 5499 3168 5570 ἡμῶν,
3202 5507 3257 5554 et
3298 5514 3418 5555 rec-

1877 5589 1981 5626 tus.
2040 5590 2090 5626 ι),

1854 5584 1981 5628 tius.
2018 5584 2090 5626 ιι),

1949 5643 2038 5705 45)
2070 5640 2198 5707 Ζωὴ
2379 5638 2525 5709 Alter
2551 5638 2674 5709 cod,
2709 5640 2802 5692 καὶ
2835 5638 2963 5709 ζωή.
3000 5638 3098 5694 CL.

1949 5645 2038 5705 45)
2070 5645 2198 5707 Ζωὴ
2228 5645 2343 5691 καί.
2379 5645 2525 5691 Alter
2551 5645 2674 5698 cod,
2709 5645 2802 5692 καὶ
2835 5645 2963 5709 ζωή.
3000 5645 3098 5694 CL.

1926 5645 2037 5781 (44.)
2078 5710 2245 5781 Μετά
2264 5707 2331 5761 δὲ
2376 5708 2526 5761 ὀκτὼ
2554 5708 2791 5776 ἡμέρας,
2823 5717 2927 5781 etc.
2976 5709 3149 5765 Simili
3198 5713 3360 5767 modo
3385 5728 3417 5767 a

1853 5778 2057 5849 Cyrillo
2107 5782 2160 5837 in
2220 5778 2507 5846 Joannem,
2565 5788 2618 5834 et
2664 5781 2730 5835 ab
2774 5780 2895 5835 aliis
2943 5782 3209 5852 accipitur
3248 5784 3414 5845 illud.
