3880 6332
202 288 286 346 ωθ

1027 278 1628 337 CONSTITUTIONES
1658 282 2334 341 APOSTOLICAE.—LIB.
2371 285 2458 340 VI.

3268 290 3375 347 910

194 409 252 458 κ’.
282 397 363 461 Τίς
395 396 424 447 ὀ
465 393 716 461 φυσικὸς
762 396 943 464 νόμος
965 439 981 463 ,
1010 398 1110 452 καὶ
1153 401 1246 466 τίς
1273 403 1307 453 ό
1339 399 1710 466 ἐπείσακτος,

1834 403 1931 459 (Χ.
1959 404 2089 470 Quae
2107 406 2176 458 sit
2205 405 2287 458 lex
2309 403 2590 470 naturalis,
2619 413 2668 458 et
2696 420 2810 473 quae
2832 405 3112 471 invectitia,
3144 415 3192 460 et
3215 423 3371 477 quam

249 487 332 542 καὶ
357 484 423 539 δι’
439 483 512 551 ἣν
537 485 733 538 αἰτίαν
758 487 1108 557 ἐπεισήχθη.

189 588 290 638 xa'.
316 581 422 633 Ὅτι
461 577 575 632 ὑπὸ
615 578 789 647 χάριν
833 580 1038 650 ἐσμὲν,
1088 583 1225 636 ἀλλ’
1254 585 1366 652 οὐχ
1412 583 1528 638 ὑπὸ
1575 583 1714 637 δου-

243 672 395 726 λείαν
418 669 518 722 τοῦ
546 669 902 726 ἐπεισάκτου
930 674 1137 742 νόμου,
1156 677 1210 727 οἱ
1235 677 1322 742 είς
1349 674 1604 744 Χριστὸν
1630 692 1716 728 πι-

244 764 550 826 στεύοντες.

184 856 273 912 κδ’.
304 856 409 907 Ὅτι
435 854 789 923 ἐπείσακτος
817 861 849 910 ὁ
877 857 976 910 ἐπὶ
1015 858 1241 913 θυσιῶν
1276 860 1580 932 νόμοςηὸν
1608 876 1712 914 πε-

231 947 399 1016 ριεῖλε
425 948 680 1014 Χριστὸς
710 952 1204 1020 παραγενόμενος.

178 1046 268 1109 κγ’.
301 1037 424 1103 Πῶς
468 1039 786 1107 πληρωτὴς
830 1041 932 1094 τοῦ
979 1042 1166 1111 νόμου
1206 1043 1453 1111 γέγονεν
1499 1047 1531 1096 ὀ
1576 1046 1714 1111 Χρι-

236 1130 389 1195 στός’
418 1129 512 1182 καὶ
541 1131 675 1184 τίνα
716 1133 928 1187 τούτου
955 1134 1254 1202 ἔπαυσεν,
1285 1134 1322 1203 ἣ
1352 1133 1708 1201 ἐνήλλαξεν,

230 1221 264 1289 ἢ
287 1219 617 1290 μετέθηκεν.

173 1313 263 1367 κδ’.
294 1315 404 1365 Ὅτι
445 1313 543 1366 καὶ
583 1313 680 1368 διὰ
738 1317 1039 1388 Ῥωμαίων
1080 1319 1413 1386 εὐδόκησεν
1441 1322 1472 1372 ό
1500 1319 1712 1387 Κύριος

229 1406 322 1459 τὸν
346 1405 451 1472 τῆς
477 1405 867 1478 δικαιοσύνης
893 1412 1080 1479 νόμον
1106 1411 1566 1465 ἐπιδείκνυσθαι.

169 1501 255 1552 κε’.
293 1499 378 1562 Ὡς
407 1498 550 1563 Θεὸς
576 1499 908 1568 Ἰουδαίους,
930 1503 1026 1557 διὰ
1053 1503 1166 1571 τὴν
1191 1506 1276 1568 εις
1302 1502 1554 1571 Χριστὸν
1580 1502 1712 1556 ἀσέ-

226 1591 396 1656 ϐειαν,
427 1591 840 1659 αἰχμαλώτους
885 1593 1313 1664 ποιησάμενος,
1356 1594 1472 1650 ὑπὸ
1525 1596 1712 1665 φόρον

225 1680 603 1750 κατέστησεν.
1484 1671 1493 1676 ”

1885 497 1946 552 ob
1975 513 2191 551 causam
2217 497 2416 549 invecta
2437 496 2557 564 fuit.

1815 587 1956 641 XXI.
1991 586 2142 653 Quod
2173 588 2337 640 simus
2373 585 2466 640 sub
2505 587 2700 656 gratia,
2731 603 2834 640 non
2877 597 3050 641 autem
3080 588 3174 642 sub
3213 590 3373 644 servi-

1884 689 1992 734 tute
2020 679 2144 749 legis
2173 677 2419 743 inductae,
2451 679 2542 749 qui
2571 679 2625 732 in
2655 677 2921 734 Christum
2951 680 3231 736 credimus.

1813 853 1976 911 XXII.
2011 855 2163 921 Quod
2209 856 2444 918 ascititia
2487 864 2600 909 erat
2648 855 2731 909 lex
2774 854 2837 910 de
2879 859 3178 928 sacriﬁciis,
3215 875 3373 929 quam

1883 947 2126 1002 Christus
2156 949 2432 1001 adveniens
2463 948 2695 1002 sustulit.

1813 1039 2000 1093 XXIII.
2037 1040 2150 1106 Quo
2177 1039 2330 1092 modo
2367 1039 2609 1093 Christus
2641 1039 2802 1108 fuerit
2839 1040 3096 1108 perfector
3127 1043 3292 1112 legis;
3321 1056 3372 1098 et

1881 1149 2122 1202 quamam
2149 1148 2212 1186 ea:
2241 1149 2302 1185 ea
2341 1131 2642 1196 aboleverit,
2673 1142 2765 1185 aut
2797 1136 3035 1200 mutarit,
3061 1146 3153 1189 aut
3193 1148 3371 1194 trans-

1884 1226 2082 1282 tulerit.

1810 1317 2000 1373 XXIV.
2042 1318 2195 1384 Quod
2235 1318 2432 1387 placuit
2472 1318 2727 1384 Domino,
2768 1320 2925 1374 etiam
2964 1338 3054 1390 per
3082 1320 3367 1390 Romanos,

1883 1413 2042 1481 legem
2062 1413 2287 1481 justitia:
2307 1412 2674 1468 demonstrari.

1811 1501 1976 1557 XXV.
2017 1503 2169 1568 Quod
2210 1504 2349 1558 Deus
2393 1503 2649 1568 Judwos,
2698 1515 2907 1574 propter
2955 1506 3271 1575 impietatem
3317 1511 3372 1563 in

1883 1596 2171 1661 Christum,
2211 1597 2283 1650 ad
2311 1599 2661 1666 captivitatem
2695 1597 2954 1667 redactos,
2983 1600 3178 1655 tributo
3199 1603 3373 1672 subje-

1880 1692 2027 1745 cerit.

165 1780 268 1837 σις’.
298 1774 409 1826 Ὅτι
436 1773 558 1843 χρὴ
587 1777 828 1850 φεύγειν
851 1777 992 1844 τοὺς
1017 1779 1470 1848 αἱρεσιώτας,ὠς
1496 1779 1710 1850 ψυχῶν

1834 1782 1999 1838 IXVI.
2033 1785 2184 1851 Quod
2215 1794 2447 1854 oporteat
2467 1771 2963 1857 [ugerelliwreticog
2998 1800 3052 1842 ut
3074 1790 3370 1843 animarum

221 1865 480 1934 φθορέας.
1719 1921 1722 1924 .

162 1955 232 2017 κζ
245 1997 258 2010 .
285 1958 420 2025 Περὶ
449 1962 964 2030 παρατηρημάτων
1003 1963 1330 2018 Ἰουδαϊκῶν
1370 1963 1466 2016 καὶ
1505 1964 1714 2032 Ἑλλη-

220 2067 404 2103 νικων.

159 2149 253 2208 κη’.
281 2143 414 2210 Περὶ
473 2144 920 2214 παιδεραστίας,
971 2148 1239 2216 μοιχείας
1296 2165 1360 2202 τε
1418 2149 1516 2202 καὶ
1571 2163 1712 2218 πορ-

223 2237 382 2302 τείας.

157 2331 248 2381 κθ.
280 2331 466 2396 Ὅπως
491 2331 612 2400 χρὴ
641 2331 748 2398 τὰς
789 2333 1074 2402 γυναῖκας
1103 2333 1549 2389 ὑποτάσσεσθαι
1584 2332 1709 2402 τοῖς

218 2422 372 2488 ἰδίοις
397 2423 676 2491 ἀνδράσι,
708 2425 806 2478 καὶ
851 2425 990 2491 τοὺς
1031 2425 1251 2494 ἄνδρας
1293 2425 1562 2494 στέργειν
1603 2425 1708 2491 τὰς

213 2513 428 2568 ἑαυτῶν
455 2517 738 2584 γαμετάς.

153 2606 216 2657 2'.
245 2607 354 2658 Ὅτι
396 2608 538 2673 ἔθος
582 2608 878 2675 Ἰουδαίοις
920 2627 984 2664 τε
1029 2610 1126 2664 καὶ
1158 2612 1431 2678 Ἕλλησι,
1474 2624 1709 2679 συμπα-

203 2700 584 2767 ωτηρεῖσθαι
631 2701 736 2767 τὰς
783 2703 1044 2771 φυσικὰς
1083 2700 1418 2770 καθάρσεις,
1450 2701 1546 2755 καὶ
1588 2700 1707 2754 τῶν

1879 1877 2184 1946 perditores.

1811 1967 2021 2024 XXVII.
2055 1969 2131 2023 De
2162 1971 2600 2028 observationibus
2623 1972 2864 2029 Judaicis
2895 1993 2956 2028 ac
2991 1974 3228 2030 ethnicis.

1812 2123 2047 2182 XXVIII.
2077 2127 2152 2180 De
2192 2129 2419 2198 nefando
2463 2147 2640 2186 amore
2677 2148 2992 2201 puerorum,
3031 2133 3290 2189 adulterio
3322 2145 3370 2189 et

1883 2220 2248 2286 fornicatione.

1813 2311 2002 2367 XXIX.
2035 2314 2150 2380 Quo
2198 2313 2350 2367 modo
2389 2324 2622 2384 oporteat
2669 2318 2911 2372 mulieres
2958 2318 3218 2389 subjectus
3262 2337 3372 2375 esse

1885 2407 2006 2460 viris
2031 2407 2163 2470 suis,
2202 2415 2251 2460 et
2278 2405 2415 2461 viros
2438 2407 2656 2479 diligere
2681 2426 2868 2464 uxores
2894 2427 3037 2465 suas.

1815 2606 1979 2661 XXX.
2007 2606 2158 2673 Quod
2180 2606 2382 2661 Judwis
2418 2618 2464 2661 et
2487 2609 2765 2678 gentilibus
2798 2610 3115 2664 consuetudo
3144 2611 3235 2676 sit,
3265 2628 3371 2666 una

1880 2699 2150 2754 observare
2207 2700 2475 2753 naturales
2523 2703 2855 2771 purgationes
2883 2742 2897 2764 ,
2949 2711 2997 2755 et
3044 2685 3386 2758 mortuorum.

210 2792 536 2846 τεθνεώτων
597 2794 666 2847 rr‘l
717 2795 979 2862 λείψανα
1038 2795 1479 2850 ϐδελύσσεσθαι
1498 2811 1511 2825 °
1562 2797 1704 2863 Χρι-

1877 2793 2123 2862 reliquias
2180 2791 2512 2856 abominari;
2575 2810 2606 2845 a
2671 2790 2987 2848 Christianis
3056 2811 3172 2849 vero
3240 2797 3371 2850 alte-

203 2884 458 2939 στιανῶν
484 2885 561 2939 δὲ
589 2887 923 2955 ἀλλότριον.

467 3113 912 3202 ΒΙΒΛΙΟΝ
964 3118 1364 3202 ΕΚΤΟΝ.

533 3288 716 3341 ΠΕΡΙ
742 3289 1006 3342 ΣΧΙΣΜΑ
1018 3289 1157 3343 mN
1178 3287 1307 3360 (δι).

674 3503 1068 3556 ΚΕΦΑΛΑΙΟΝ
1103 3503 1174 3559 Α’.

139 3611 287 3679 Τίνες
311 3613 634 3682 σχίσματα
660 3614 849 3691 ποιεῖν
874 3616 1302 3691 τολμήσαντες,
1333 3619 1403 3672 οὐ
1430 3619 1711 3691 διέφυγον

696 3684 812 3752 τὴν
839 3684 1138 3754 τιμωρίαν.

193 3775 302 3846 Πρὸ
330 3776 563 3830 πάντων
610 3777 977 3846 φυλάσσεσθε,
1023 3773 1067 3832 ὧ
1108 3780 1392 3834 ἐπίσκοποι
1435 3782 1566 3856 (65),
1610 3785 1711 3850 τὰς

128 3867 294 3936 δεινὰς
321 3872 418 3924 καὶ
481 3871 732 3941 χαλεπὰς
760 3872 852 3924 καὶ
884 3873 1222 3938 ἀθεωτὰτους
1265 3877 1505 3947 αἱρέσεις
1527 3921 1542 3945 ,
1576 3880 1707 3949 φεύ-

1865 2902 2006 2944 ιιιιηι.

2134 3120 2486 3207 LIBER
2563 3119 3055 3208 SEXTUS.

2239 3290 2334 3344 DE
2383 3288 2954 3347 SCHISMATIBUS.

2561 3433 2624 3449 ρ

2310 3505 2531 3562 CAPUT
2575 3505 2864 3560 PRIMUM.

1818 3619 2046 3686 Quinam
2077 3619 2360 3675 schismata
2381 3620 2500 3673 ausi
2519 3620 2709 3702 facere,
2735 3634 2836 3672 non
2865 3617 3152 3686 effugerunt
3175 3615 3390 3684 suppli-'

2511 3707 2667 3745 ctum.

1882 3785 2021 3842 Ante
2050 3785 2232 3840 omnia
2263 3791 2470 3845 cavete,
2497 3783 2761 3853 episcOpi,
2801 3783 3171 3851 importunas,
3201 3796 3372 3837 saevas

1811 3886 1865 3933 et
1891 3878 2245 3949 impiissimas
2277 3879 2536 3940 haereses,
2569 3885 2622 3931 et
2669 3876 2838 3946 fugite
2875 3891 2968 3930 eas
2992 3874 3166 3929 instar
3193 3873 3335 3944 ignis
3356 3914 3370 3934 .

129 3979 302 4028 γοντες
341 3963 525 4028 αὐτὰς
569 3962 756 4035 ὥσπερ
798 3964 937 4036 πῦρ,
983 3966 1176 4035 φλέγον
1213 3969 1338 4032 τοὺς
1377 3971 1524 4042 αὐτῷ
1569 3973 1708 4046 πλη-ι

1834 3972 1905 4042 ιυί
1954 3972 2274 4027 accedentes
2304 3971 2433 4024 urit.
2469 3969 2649 4023 Vitate
2704 3969 2866 4022 etiam
2911 3967 3226 4020 schismata.
3266 3965 3373 4020 Nec

127 4058 424 4122 σιάζοντας.
472 4057 717 4125 Φεύγετε
757 4057 812 4108 δὲ
853 4060 945 4111 καὶ
982 4059 1050 4112 τὰ
1095 4061 1388 4132 σχίσματα’
1435 4041 1558 4119 οὔτε
1599 4041 1708 4140 γάρ

1834 4064 1955 4118 :nim
1982 4063 2066 4118 las
2089 4071 2172 4118 est
2197 4071 2428 4117 mentem
2452 4062 2517 4116 ad
2536 4060 2792 4131 profanas
2816 4059 3048 4114 haereses
3063 4058 3372 4118 declinare;

126 4152 252 4221 πρὸς
288 4153 557 4214 ἀνοσίους
601 4151 839 4221 αἱρέσεις
881 4151 1098 4221 θεμιτὸν
1147 4154 1386 4208 ἐκκλῖναι
1431 4156 1520 4210 τὸν
1561 4159 1704 4227 νοῦν,

1834 4172 1988 4226 teque
2018 4156 2143 4210 licet
2171 4170 2200 4208 a
2222 4155 2587 4210 concordibus
2610 4169 2705 4224 per
2729 4152 3076 4206 ambitionem
3104 4150 3390 4220 separari.-

119 4244 232 4298 οὔτε
261 4246 369 4298 τῶν
400 4245 810 4316 ὁμογνωμόνων
837 4246 1157 4316 χωρίζεσθαι
1191 4249 1406 4319 θεμιτὸν
1424 4251 1511 4305 διὰ
1527 4253 1710 4327 φιλαρ-

1834 4249 1940 4304 Ῑίιεο
1968 4263 2204 4318 namque
2223 4263 2345 4302 cum
2378 4247 2506 4301 olim
2537 4244 2785 4300 nonnulli
2830 4251 3043 4298 tentare
3071 4241 3190 4297 ausi
3238 4240 3374 4295 fuis-

119 4335 249 4404 χέαν.
281 4338 480 4391 Ταῦτα
522 4337 636 4408 γὰρ
675 4339 765 4390 καὶ
804 4339 864 4390 τὸ
903 4340 1124 4392 παλαιόν
1166 4359 1310 4407 τινες
1347 4345 1710 4418 τολμήσαντες

1834 4351 1954 4408 ient,
1990 4358 2098 4398 non
2119 4341 2422 4411 effugerunt
2452 4339 2803 4410 supplicium.
2845 4335 3057 4390 Dathan
3080 4334 3281 4405 quippe
3319 4345 3373 4387 et

117 4430 490 4501 ἐπιχειρῆσαι,
537 4431 600 4482 οὗ
639 4430 888 4498 διέφυγον
923 4432 1018 4502 τὴν
1058 4435 1343 4506 τιμωρίαν.
1387 4439 1561 4493 Δαθὰν
1601 4441 1710 4512 γὰρ

1834 4435 2042 4499 Ibiron,
2071 4434 2199 4504 quia
2231 4432 2366 4487 Mosi
2406 4433 2461 4486 in
2493 4448 2555 4487 os
2585 4430 2924 4492 restiterunt,
2973 4427 3214 4497 absorpti
3246 4438 3376 4481 sunt.

117 4526 203 4576 καὶ
244 4524 522 4597 Ἀϐειρὼν
555 4524 959 4596 ἀντιπρόσωποι
1001 4526 1278 4597 γενόμενοι
1306 4530 1514 4596 Μωσεῖ,
1549 4549 1708 4585 κατε-

1834 4544 1972 4584 ιειτω
2000 4528 2146 4581 hiatu
2177 4527 2220 4558 ¹³
2245 4543 2258 4577 :
2284 4527 2329 4558 “'
2348 4524 2487 4580 Core
2513 4532 2690 4578 autem
2716 4531 2769 4578 et
2790 4522 2881 4593 qui
2908 4536 3032 4574 cum
3061 4535 3126 4574 eo
3155 4520 3374 4574 ducenti

117 4619 353 4690 πᾶθησαν
385 4622 475 4682 εἰς
509 4619 618 4689 γῆν
638 4635 650 4648 ·
686 4617 830 4688 Κορὲ
851 4617 907 4670 δὲ
939 4619 1032 4670 καὶ
1050 4620 1099 4670 οἱ
1132 4621 1244 4689 μετ’
1265 4621 1428 4673 αὐτοῦ
1447 4622 1708 4675 διακόσιοι

1834 4622 2230 4692 luinquaginla,
2262 4619 2388 4690 quia
2413 4626 2606 4673 contra
2637 4617 2907 4670 Aaronem
2947 4612 3191 4668 seditiosi
3214 4613 3378 4666 exsti-

113 4717 476 4786 πεντήκοντα,
513 4712 596 4783 τῷ
639 4711 842 4781 ’Λαρὼν
865 4710 972 4780 (66)
1002 4711 1495 4780 διαστασιάσαντες,
1537 4715 1708 4786 πυρὸς

1837 4721 2017 4778 erunt,
2047 4713 2188 4784 ignis
2208 4713 2461 4783 pabulum
2494 4711 2619 4765 facti
2645 4717 2791 4766 sunt.
2819 4706 2885 4762 Et
2915 4706 3082 4760 Maria
3109 4721 3232 4763 cum
3261 4704 3376 4758 Mo-

109 4808 502 4878 παρανάλωμα
535 4805 811 4874 γεγόνασι.
832 4803 1016 4875 Μαρία
1031 4803 1088 4856 δὲ
1111 4804 1152 4834 ¹¹
1182 4804 1480 4858 ὀνειδίσασα
1509 4806 1703 4877 Μωσῆ,

1834 4823 1926 4863 ιειη
1980 4816 2239 4876 tanquam
2283 4806 2514 4861 ethnicos
2551 4804 2963 4859 concubitorem
2999 4801 3371 4870 increpasset,

108 4895 209 4962 ἔξω
238 4901 341 4973 τῆς
373 4898 745 4972 παρεμϐολῆς
772 4896 1047 4969 ἀπεϐλήθη
1086 4897 1226 4950 ἐπτά
1251 4898 1480 4969 ἡμέρας.
1516 4899 1707 4968 Ἔλεγε

1834 4899 2011 4955 :astris
2032 4899 2254 4954 exclusa
2285 4907 2369 4953 est
2390 4915 2486 4968 per
2515 4905 2721 4968 septem
2753 4895 2902 4956 dies;
2943 4894 3157 4948 dixerat
3186 4891 3328 4946 enim
3359 4909 3371 4942 :

103 4991 242 5062 γάρ·
282 5011 303 5044 s
346 4994 484 5046 Ὀτι
524 4993 760 5060 γυναῖκα
786 4990 1024 5060 Μωῦσῆς
1050 4989 1403 5044 Αἱθιόπισσαν
1432 4991 1642 5044 ἐλαϐεν.
1682 5012 1701 5044 ι

1834 4990 2020 5062 Ilogses
2047 5005 2261 5044 uxorem
2292 4989 2674 5059 zEthiopissam
2721 4987 2872 5040 duxit
2897 4986 2960 5040 ¹⁸.
2991 4984 3298 5051 Quinetiam
3333 4981 3375 5012 ¹⁶

173 5127 216 5158 ¹¹
242 5126 317 5180 aI.
340 5127 426 5192 ὡς
453 5125 838 5198 ὲλληνοκοίτην
859 5125 983 5180 add.
1061 5124 1104 5156 “
1124 5125 1284 5180 Num.
1319 5143 1430 5193 xw,
1457 5127 1544 5182 51.
1625 5126 1668 5158 ’³
1699 5125 1711 5179 I

1834 5134 1871 5180 t.
1904 5127 2156 5198 interpol.
2183 5126 2248 5180 ad
2278 5125 2454 5197 Magn.
2480 5126 2531 5180 5.
2609 5123 2653 5154 ¹⁸
2679 5122 2838 5176 Num.
2874 5136 2972 5185 xu,
3003 5119 3054 5172 I.
3132 5117 3173 5148 ί⁶
3201 5118 3396 5186 lgnat._

104 5194 367 5266 interpol.
396 5199 478 5252 ad
508 5194 693 5267 magn.
719 5197 773 5250 '5.

1475 5349 1840 5405 VARIORUM
1870 5348 2103 5405 NOTAE.

1887 5466 1998 5538 (65)
2051 5465 2451 5538 Ἀθεωτάτους.
2479 5463 2821 5538 Α’Λθεμίςους,
2868 5471 3097 5533 uterque
3119 5459 3287 5515 codex
3319 5465 3375 5514 ct

1816 5535 2032 5608 quidem
2063 5538 2277 5608 melius,
2300 5543 2369 5608 qut
2405 5535 2641 5608 v_idetur.
2680 5535 2753 5590 In.

1832 5603 1850 5608 ’
1888 5607 2004 5730 (66)l
2046 5605 2128 5672 Τῷ
2145 5605 2378 5676 Ἀαρών.
2413 5605 2574 5663 Deest
2601 5606 2656 5663 in
2705 5606 2893 5663 codice
2922 5603 3156 5660 Vindob.
3189 5615 3390 5676 ειιετιιε-¹

1813 5693 1951 5734 ram.
2009 5693 2059 5732 ι).

171 5471 290 5542 (64)
324 5470 492 5540 Περὶ
509 5470 893 5542 ίσχισμάτων.
907 5469 966 5524 In
979 5475 1209 5537 utroque
1220 5465 1506 5542 c_o_d.Vind.
1524 5468 1604 5542 sic
1615 5484 1715 5522 ex-
1799 5495 1806 5501 ι

100 5531 374 5609 primitur
409 5531 609 5610 Ilujus'
638 5531 760 5594 libri
797 5531 1174 5610 argumentum
1205 5555 1217 5588 :
1251 5539 1337 5591 ’Ev
1363 5531 1407 5610 ᾧ
1434 5538 1562 5610 περὶ
1596 5555 1714 5610 σχιο

103 5607 362 5682 σμάτων,
393 5611 506 5682 καὶ
539 5609 773 5682 ὅτιοῦτε
789 5607 1052 5682 βασιλείᾳ,
1075 5607 1478 5682 οὖτεᾲὶερωσύνῃ
1499 5607 1712 5676 θεμιτὸν

98 5666 531 5737 ἐξανίστασθαι
554 5721 569 5742 ,
627 5681 761 5752 βαρὺ
789 5666 902 5752 ’γὰρ
936 5666 1098 5751 τοῦξος
1122 5679 1213 5734 καὶ
1252 5666 1513 5749 εἰεγίστῆς
1540 5666 1709 5748 τιμω-

103 5754 220 5808 ρξας
249 5754 442 5808 ἄξιον.
471 5750 646 5805 Cum.

102 5765 220 5818 ριας
249 5765 442 5820 ἀξιον.
471 5765 646 5805 μιῑιι.
