3880 6332
544 282 662 365 ὀιις

1366 295 1440 353 ’8.
1476 294 1862 354 CLEMENTIS
1892 294 1913 348 1
1944 293 2110 350 ROM.
2146 293 2349 351 PONT.
2384 294 2613 351 OPEBA
2644 293 2871 352 DUBlAl
3581 303 3656 361 9l6

559 423 680 491 ejus
702 425 795 473 aut
814 413 1137 470 creationem
1163 410 1541 480 blaspliemant
1555 410 1578 461 ?
1591 407 1657 461 At
1677 424 1796 469 vos,
1817 407 2031 467 fratres.
2047 421 2104 459 ex

2218 404 2607 477 δημιουργίαν;
2665 408 2799 460 Ἀλλ’
2823 408 2999 477 ὑμεῖς,
3050 406 3272 477 ἀδελφοὶ,
3296 408 3352 463 ἐκ
3386 411 3467 483 τῆς
3495 413 3660 489 Γραφῆς

564 512 844 581 Scriptura
887 504 1104 567 eruditi,
1139 512 1323 557 cavete
1358 517 1426 556 ne
1472 501 1786 571 opinionum
1818 498 2112 554 schismata

564 602 796 668 faciatis,
853 612 1028 667 neque
1051 610 1181 650 vero
1210 594 1437 647 unitatis
1457 600 1650 647 vestra:
1680 611 1692 645 :
1726 591 1980 661 quoniam
2021 589 2112 659 qui

561 693 782 750 nefaria:
827 676 1068 759 opinioni
1094 686 1367 757 principes
1396 700 1454 740 se
1490 684 1855 753 praebuerunt,
1898 683 2113 751 populis

560 787 928 857 speculatores
959 782 1024 836 ad
1056 780 1411 851 perditionem
1454 782 1884 833 constituuntur.
1911 774 2114 829 Simili-

557 887 641 933 ter
660 885 712 931 et
731 892 848 940 vos,
870 875 1016 936 laici,
1037 875 1104 928 iis
1119 873 1208 943 qui
1226 874 1502 926 contraria
1516 871 1609 925 Dei
1631 871 1877 925 consiliis
1892 870 2114 923 tradunt

557 971 808 1040 dogmata
834 984 903 1022 ne
949 966 1239 1027 accedatis,
1277 980 1375 1019 nec
1424 964 1718 1034 impietatis
1756 978 1942 1017 eorum
1971 962 2112 1018 ﬁatis

557 1062 878 1131 participes;
918 1056 1305 1113 aitenimDens
1334 1072 1386 1110 :c
1411 1055 1791 1126 Disjungimini
1835 1056 1901 1110 de
1938 1056 2113 1110 medio

556 1154 749 1207 horum
776 1153 1119 1210 virorum.ne
1148 1165 1270 1204 cum
1298 1150 1378 1204 eis
1406 1150 1638 1219 pereatis
1655 1150 1730 1209 ⁵⁸ς
1760 1170 1777 1200 ›
1796 1156 1849 1203 et
1878 1150 2072 1203 iterum
2096 1170 2107 1203 :

562 1249 745 1300 «Exite
760 1246 825 1300 de
839 1245 1015 1299 medio
1028 1259 1235 1307 eorum,
1257 1240 1602 1311 separamini,
1617 1241 2041 1305 dicitDominus;
2061 1248 2113 1295 et

556 1338 892 1392 immundum
918 1352 985 1390 ne
1019 1335 1331 1404 tetigeritis;
1367 1342 1418 1388 et
1439 1349 1539 1402 ego
1579 1334 1834 1403 recipiam
1869 1348 1965 1387 vos
1989 1332 2055 1385 ιθ.
2088 1352 2106 1383 ι

1166 1424 1391 1479 CAPUT
1439 1423 1501 1479 V.

556 1523 673 1588 Qua
721 1521 783 1573 de
829 1536 990 1573 causa
1034 1518 1249 1586 refectus
1304 1517 1480 1585 fuerit,
1519 1518 1607 1588 qui
1629 1516 1765 1583 falso
1815 1520 2112 1573 nominatur

623 1590 828 1654 Israel,
868 1590 1241 1643 demonstratio
1298 1603 1362 1640 ea:
1417 1587 1725 1654 propheticis
1779 1589 2112 1655 prwdicatio-

622 1661 796 1715 nibus.
861 1656 868 1666 ’

2214 499 2604 569 παιδευόμενοι,
2626 499 2959 568 φυλάσσεσθε
2995 498 3067 571 μὴ
3087 503 3250 551 ποιεῖν
3274 500 3333 553 τὰ
3362 503 3663 580 σχίσματατῆς

2212 589 2435 662 γνώμης
2463 591 2593 662 (77),
2627 592 2759 663 μήτε
2792 592 2894 661 μὴν
2914 592 3010 662 τῆς
3040 590 3274 654 ένὼσεως
3302 593 3459 662 ὑμῶν·
3486 597 3551 648 ὅτι
3576 615 3666 653 σκο-

2198 685 2306 755 ποί
2334 684 2605 746 ἀπωλείας
2632 686 2680 736 οἱ
2696 684 3125 755 ὤξηςιάθεμίτου
3142 683 3381 755 ἄρξαντες
3395 687 3667 744 καθίστανται

2212 779 2323 838 τοῖς
2341 777 2505 840 λαοῖς.
2543 777 2771 847 Ὁμοίως
2793 778 2887 829 καὶ
2921 778 2969 829 οἱ
3007 777 3202 842 λαῖκοὶ,
3227 780 3327 840 τοῖς
3353 782 3411 849 τῇ
3427 779 3586 852 γνώμη
3603 782 3669 834 τοῦ

2213 868 2343 919 Θεοῦ
2372 869 2585 923 ἐναντία
2611 869 2965 939 δογματίσασι
2996 870 3069 940 μὴ
3108 870 3426 941 πλησιάζετε,
3457 874 3565 943 μηδὲ
3590 892 3672 926 κοι-

2212 962 2366 1012 νωνοὶ
2389 962 2486 1030 τῆς
2516 961 2763 1025 ἀσεϐείας
2793 962 2968 1014 αὐτῶν
3000 962 3235 1030 γίνεσθε’
3254 962 3386 1029 λέγει
3403 963 3494 1033 γὰρ
3514 964 3670 1029 ὀΘεός·

2197 1053 2608 1124 (Ἀποσχίσθητε
2655 1055 2719 1107 ὲκ
2752 1054 2914 1124 μέσου
2944 1055 3049 1106 τῶν
3079 1054 3281 1125 ἀνδρῶν
3305 1055 3499 1121 τούτων,
3526 1057 3593 1109 ἵνα
3624 1061 3675 1129 μὴ

2215 1146 2576 1215 συναπόλησθε
2608 1147 2806 1211 αὐτοῖς·
2824 1167 2841 1197 ι
2867 1148 2959 1200 καὶ
2978 1147 3184 1200 πάλινί
3212 1147 3455 1213 Ἐξέλθετε
3480 1150 3533 1201 ὲκ
3558 1151 3675 1220 μέσον

2212 1237 2407 1304 αὐτῶν,
2427 1238 2774 1310 ἀφορίσθητε,
2806 1240 2948 1309 λέγει
2977 1240 3197 1311 Κύριος,
3229 1241 3315 1294 καὶ
3354 1242 3611 1313 ἀκαθάρτου
3628 1243 3678 1313 μὴ

2213 1331 2445 1385 ἅπτεσθε
2464 1374 2478 1399 ,
2510 1332 2663 1401 κάγὼ
2691 1333 2992 1403 εἰσδέξομαι
3012 1335 3171 1403 ὑμᾶς.
3215 1353 3232 1384 ι

2729 1427 3117 1480 ΚΕΦΑΛΑΙΟΝ
3157 1425 3235 1478 E'.

2218 1514 2405 1605 Τίνος,
2424 1515 2618 1605 luget);
2648 1517 2949 1605 ἀπεϐλήθη
2997 1521 3029 1571 o'
3070 1518 3443 1605 1,5;sv6rbrtvpec
3480 1519 3680 1587 Ἰσραὴλ,

2374 1587 2674 1654 ἀπόδειξις
2700 1589 2767 1642 ἐκ
2794 1588 3169 1657 προφητικῶν
3196 1589 3558 1657 προρῤήσεωικ

626 1753 762 1807 Vere
795 1752 940 1805 enim
970 1749 1206 1820 fugiendi
1240 1756 1388 1814 sunt,
1429 1746 1519 1820 qui
1573 1749 1682 1805 Deo
1718 1750 2104 1820 blasphemiam

2275 1746 2553 1799 Φευκταῖοι
2583 1746 2689 1819 γάρ
2718 1750 2851 1800 εἰσιν
2878 1748 2952 1812 ὡς
2994 1750 3223 1820 ἀληθῶς
3247 1751 3295 1803 οἱ
3332 1746 3685 1819 βλασφημοῦντες

552 1842 811 1898 inferunt.
862 1840 1137 1910 Siquidem
1198 1841 1487 1910 impiorum
1552 1844 1957 1912 quamplurimi,
2014 1843 2107 1898 Dei

551 1934 853 2004 ignorantia
880 1941 1132 1987 tenentur
1164 1952 1175 1986 :
1215 1941 1268 1985 at
1296 1932 1349 1985 hi
1380 1934 1535 1987 mala:
1574 1935 1771 1988 mentis
1797 1935 1931 1989 vitio
1959 1936 2110 1990 labo-

548 2031 692 2087 rant,
722 2032 977 2093 tanquam
1003 2023 1095 2078 Dei
1126 2024 1332 2078 hostes.
1369 2022 1501 2077 Nam
1546 2040 1613 2078 ex
1657 2026 1860 2078 malitia
1896 2026 2109 2081 haereti-

552 2130 745 2169 corum
781 2133 795 2165 ι
830 2129 1045 2184 egressa
1077 2122 1157 2169 est
1180 2115 1406 2183 pollutio
1430 2115 1482 2167 in
1506 2131 1718 2169 omnem
1742 2124 1963 2183 terram,
2004 2139 2023 2171 ι
2051 2126 2109 2172 ut

548 2207 623 2260 ait
651 2206 911 2261 Jeremias
936 2206 1194 2275 prOpheta
1226 2206 1291 2248 "7-
1322 2204 1568 2275 Improba
1599 2208 1795 2277 quippe
1828 2207 2107 2279 Synagoga

547 2299 829 2370 repudiata
861 2314 890 2351 a
918 2298 1145 2351 Domino
1177 2297 1309 2362 Deo,
1342 2307 1395 2353 et
1427 2298 1637 2368 abjecta
1679 2300 1746 2353 ab
1791 2301 1983 2355 eodem
2011 2302 2109 2355 do—

547 2408 637 2445 mo
659 2392 736 2457 ‘3;
767 2390 1221 2461 quemadmodum
1252 2390 1487 2459 quodam
1516 2390 1571 2444 in
1603 2392 1723 2445 loco
1747 2391 1879 2446 dicit
1912 2413 1924 2447 :
1962 2413 1980 2445 ι
2010 2394 2112 2450 Re-

547 2484 681 2553 liqui
706 2484 925 2538 domum
956 2498 1153 2545 meam,
1179 2481 1358 2537 dimisi
1386 2483 1753 2539 hazreditatem
1783 2502 1958 2540 meam
1976 2488 2050 2553 ";
2084 2508 2103 2541 ι

524 2584 600 2647 νει
629 2577 825 2631 iterum
882 2575 1089 2631 Isaias:
1132 2592 1149 2623 ‹
1190 2574 1441 2630 Deseram
1480 2577 1689 2631 vineam
1719 2594 1892 2633 meam
1925 2588 2108 2635 etnon

545 2668 845 2739 putabitur,
872 2683 1049 2737 neque
1081 2666 1347 2734 fodietur;
1387 2676 1439 2721 et
1482 2670 1735 2724 ascendet
1764 2670 1819 2724 in
1846 2686 1964 2726 eam
1985 2678 2109 2726 tan-

544 2776 708 2830 quam
742 2761 797 2812 in
831 2767 1030 2814 terram
1063 2759 1322 2811 incultam
1364 2759 1553 2828 spina;
1582 2766 1636 2814 et
1680 2761 1914 2817 nubibus
1954 2778 2106 2818 man-

544 2851 710 2915 dabo,
740 2867 808 2905 nc
838 2852 1029 2920 pluant
1060 2850 1113 2904 in
1144 2865 1262 2904 eam
1297 2850 1524 2905 imbrem
1554 2852 1632 2918 5°;
1668 2872 1685 2903 ι
1721 2852 1994 2918 derelicto,
2024 2855 2108 2910 in-

542 2959 730 3012 quam,
775 2943 996 3014 populo,
1034 2942 1205 2997 instar
1250 2943 1585 2998 tabernaculi
1618 2945 1673 2998 in
1721 2946 1897 3013 vinea,
1927 2954 1980 3001 et
2024 2948 2108 3001 in-

544 3045 659 3089 star
682 3035 910 3103 pomarii
941 3034 995 3088 in
1025 3036 1418 3099 cucumerario,
1451 3044 1502 3091 et
1532 3037 1706 3090 instar
1737 3039 1974 3095 civitatis
2010 3040 2107 3095 ob—

544 3141 713 3180 sessae
738 3127 815 3186 “z
846 3127 1198 3197 detractoque
1228 3128 1309 3182 eis
1355 3126 1561 3197 Spiritu
1609 3137 1800 3185 sancto
1843 3146 1905 3185 ac
1934 3132 2107 3187 imbre

540 3217 882 3287 prophetico.
915 3218 1160 3287 implevit
1198 3218 1495 3273 Ecclesiam
1545 3235 1699 3275 suam
1739 3223 1913 3291 gratia
1946 3224 2105 3292 spiri-

518 3309 697 3383 ~tuali,
731 3309 877 3363 velut
904 3308 1125 3364 ﬂuvium
1172 3309 1389 3381 Egypti
1423 3312 1473 3365 in
1507 3311 1699 3368 diebus
1738 3328 2001 3367 novorum
2034 3315 2101 3377 δ’,

540 3408 595 3453 et
623 3400 776 3454 valde
804 3402 1060 3455 exaltavit
1102 3417 1242 3464 eam,
1276 3403 1420 3457 sicut
1450 3403 1669 3456 domum
1700 3404 1755 3457 in
1804 3416 1984 3460 monte
2028 3406 2104 3461 si—

543 3492 761 3555 tam,vel
785 3492 927 3547 sicut
950 3503 1187 3549 montem
1208 3489 1513 3560 'excclsum,
1548 3496 1691 3550 sicut
1717 3505 1954 3552 montem
1983 3513 2102 3552 eoa-

539 3583 783 3650 gulatum
816 3592 868 3637 et
899 3596 1135 3640 montem
1189 3587 1472 3657 pinguem;
1521 3606 1539 3638 ι
1577 3590 1631 3642 in
1676 3604 1786 3658 quo
1841 3590 2099 3661 benepla-

540 3676 708 3728 eitum
733 3686 815 3730 est
845 3675 957 3731 Deo
994 3678 1239 3733 habitare
1276 3681 1330 3734 in
1358 3696 1422 3735 eo
1456 3701 1469 3735 :
1501 3682 1699 3736 etenim
1732 3681 1992 3738 Dominus
2026 3685 2101 3740 in-

538 3765 804 3820 habitabit
835 3768 886 3821 in
913 3768 1071 3822 linem
1102 3770 1231 3837 53:»
1266 3778 1319 3825 et
1344 3772 1396 3825 in
1420 3770 1649 3827 Ieremia
1677 3772 1847 3831 dicit:
1882 3794 1901 3825 ‹
1934 3774 2101 3831 Thro-

539 3871 644 3913 ttus
672 3859 856 3928 gloria:
885 3861 1160 3924 elevatus,
1193 3864 1564 3916 sanctuarium
1597 3872 1845 3918 nostrum
1879 3867 1951 3932 l’5;
1992 3887 2010 3919 ι
2045 3876 2099 3921 et

546 3951 600 4001 in
649 3951 823 4004 Isaia:
864 3970 881 4003 ι
925 3951 993 4007 Ει
1039 3956 1171 4015 erit.
1219 3957 1414 4028 inquit,
1463 3961 1515 4015 in
1563 3964 1874 4021 novissimis
1916 3966 2109 4025 diebus

541 4041 866 4098 manifestus
910 4060 1068 4100 mons
1119 4045 1355 4112 Domini,
1406 4059 1457 4105 et
1499 4054 1695 4111 domus
1742 4056 1838 4111 Dei
1885 4058 1937 4112 in
1986 4075 2105 4114 ver-

543 4132 650 4186 tice
696 4136 964 4191 montium
998 4148 1048 4194 et
1080 4142 1378 4198 elevabitur
1414 4156 1580 4215 super
1608 4131 1775 4203 colles
1806 4151 1872 4205 ⁸⁸.
1914 4170 1930 4203 υ
1966 4151 2105 4218 Quia

542 4238 674 4293 ergo
693 4235 745 4279 et
778 4230 1039 4297 populum
1073 4232 1310 4302 reliquit,
1330 4251 1393 4290 ac
1421 4239 1681 4308 templum
1711 4242 1920 4298 dimisit
1948 4245 2107 4299 deso-

544 4316 739 4385 latum,
771 4320 891 4375 velo
926 4324 1109 4393 templi
1145 4326 1340 4393 scisso,
1376 4328 1667 4400 ablatoque
1700 4333 1769 4387 ab
1803 4334 1868 4389 iis
1901 4334 2102 4405 Spiritu

2207 1833 2354 1888 Θεόν.
2410 1838 2473 1889 Οἱ
2530 1839 2625 1908 μὲν
2682 1838 2789 1910 γὰρ
2841 1840 3074 1893 πλεῖστοι
3127 1841 3235 1894 τῶν
3284 1840 3479 1893 ἀσεϐῶν
3528 1841 3684 1906 ἄγνοιαν

2208 1926 2384 1997 έχουσι
2429 1929 2581 1982 Θεοῦ⁹
2626 1923 2767 1985 οὗτοι
2811 1932 2866 1985 δὲ
2895 1933 3179 1985 κακόνοιαν
3207 1934 3281 1995 ὡς
3308 1932 3536 2001 θεομάχοι
3558 1929 3686 1981 νοσοοὲ-

2209 2036 2310 2071 σιν.
2347 2022 2439 2073 Ἐκ
2465 2022 2571 2093 γὰρ
2597 2023 2696 2093 τῆς
2716 2025 2909 2087 κακίας
2928 2024 3033 2077 τῶν
3052 2025 3381 2096 αἰρεσιωτῶν
3399 2024 3498 2094 (78)
3520 2042 3534 2073 ι
3554 2023 3685 2092 ἐξῆλθε

2212 2112 2454 2183 μόλυσμα
2482 2116 2574 2168 ἐπὶ
2604 2117 2781 2168 πᾶσαν
2808 2117 2904 2187 τὴν
2933 2117 3057 2186 γῆν,
3098 2136 3116 2167 ι
3150 2117 3225 2180 ὥς
3254 2132 3409 2187 φησιν
3444 2115 3685 2186 Ἱερεμίαςὸ

2208 2207 2506 2277 προφήτης.
2561 2208 2979 2280 Ἀποϐληθείσης
3020 2210 3129 2281 γὰρ
3170 2211 3271 2280 τῆς
3307 2209 3594 2277 Συναγωγῆς
3622 2206 3686 2276 τῆς

2209 2300 2447 2369 πονηρᾶς
2476 2300 2579 2353 ὑπὸ
2607 2301 2809 2372 Κυρίου
2837 2302 2929 2354 τοῦ
2975 2301 3129 2365 Θεοῦ,
3164 2305 3257 2355 καὶ
3296 2301 3387 2355 τοῦ
3422 2303 3549 2354 οἴκου
3572 2301 3687 2370 amt

2212 2389 2461 2460 ῥιφέντος
2482 2392 2570 2444 ὑπ’
2615 2391 2798 2457 αὐτοῦ,
2829 2392 3009 2456 καθὼς
3049 2393 3150 2447 πού
3193 2411 3371 2467 φησιν·
3407 2414 3424 2445 ‹
3447 2394 3688 2461 Ἐγκαταλέ-

2207 2480 2367 2535 λοιπα
2416 2482 2506 2535 τὸν
2533 2479 2675 2536 οἶκόν
2721 2502 2840 2555 μου,
2884 2486 3069 2557 ἀφῆκα
3113 2486 3222 2557 (79)
3270 2488 3366 2560 τὴν
3408 2485 3688 2557 κληρονομίαν

2213 2590 2329 2644 μου·
2388 2593 2407 2624 ι
2451 2576 2544 2627 καὶ
2582 2575 2742 2629 πάλιν
2782 2577 3022 2640 Ἡσαΐας
3072 2597 3090 2629 ι
3117 2580 3325 2649 ’Λνήσω
3351 2580 3435 2631 τὸν
3470 2576 3689 2648 ἀμπελῶνα

2213 2681 2335 2734 μου,
2365 2665 2458 2717 καὶ
2486 2665 2546 2720 οὐ
2580 2667 2652 2736 μὴ
2680 2667 2859 2738 τμηθῇ
2892 2708 2906 2732 ,
2935 2669 3039 2721 οὐδ’
3068 2670 3129 2723 οὐ
3166 2671 3239 2742 μὴ
3286 2674 3476 2741 σκαφῇ
3505 2671 3581 2724 κα).
3604 2671 3690 2722 ἁνι-

2209 2756 2431 2827 6ήσεται
2456 2760 2534 2820 είς
2578 2758 2737 2812 αὐτὸν
2779 2760 2853 2823 ὡς
2893 2763 2972 2824 εἰς
3018 2762 3213 2833 χέρσον
3251 2764 3469 2817 ἄκανθα·
3513 2765 3588 2816 καὶ
3616 2764 3691 2823 cal;

2208 2847 2451 2917 νεφέλαις
2463 2848 2671 2902 ὲντελοῦ
2680 2869 2773 2921 μαι
2784 2851 2876 2904 τοῦ
2894 2853 2966 2924 μὴ
2986 2852 3169 2925 βρέξαι
3186 2857 3265 2917 εἰς
3280 2855 3436 2908 αὑτὸν
3453 2855 3594 2908 ὑετόν·
3608 2874 3620 2903 ›
3633 2853 3691 2919 ἑγ-

2209 2939 2516 2993 καταλιπὼν
2562 2938 2653 2994 οῦν
2680 2943 2770 2995 τὸν
2811 2943 2957 3009 λαὸν,
3003 2945 3078 3008 ὡς
3119 2948 3326 3018 σκηνὴν
3370 2949 3425 2999 ὲν
3466 2945 3691 3017 ἀμπελῶνι,

2209 3030 2301 3082 καὶ
2328 3030 2404 3094 ὡς
2429 3032 2864 3103 ὀπωροφυλάκιον
2894 3037 2949 3090 ὲν
2980 3037 3266 3110 συκηλάτῳ
3297 3038 3425 3109 (80),
3452 3042 3534 3092 καὶ
3557 3039 3614 3101 di;
3634 3037 3696 3089 7:6-

2206 3122 2289 3175 λιν
2317 3122 2788 3195 πολιορκουμένην,
2820 3127 3081 3199 περιελὼν
3109 3130 3167 3183 δὲ
3196 3133 3292 3184 ἀπ’
3322 3132 3428 3203 (81)
3470 3131 3616 3183 αὐτῶν
3636 3131 3697 3181 καὶ

2204 3216 2265 3268 τὸ
2294 3216 2513 3288 Πνεῦμα
2539 3218 2599 3271 τὸ
2627 3218 2777 3287 ἆγιον
2805 3222 2899 3273 καὶ
2924 3222 3012 3274 τὸν
3042 3225 3379 3296 προφητικὸν
3407 3226 3560 3287 ὑετὸν,
3584 3223 3699 3292 Iasii,-

2208 3327 2347 3381 ρωσε
2390 3311 2491 3383 τὴν
2530 3311 2695 3365 αὑτοῦ
2736 3312 3053 3384 Ἐκκλησίαν
3107 3319 3477 3390 πνευματικῆς
3520 3318 3697 3387 χάρετκ,

2204 3402 2278 3465 ὡς
2308 3404 2545 3473 ποταμὸν
2573 3403 2845 3472 Αἰγύπτου
2890 3406 2947 3459 ὲν
2986 3408 3225 3480 ἡμέραις
3266 3410 3421 3474 νέων,
3449 3412 3532 3463 καὶ
3558 3406 3702 3478 impi-

2202 3492 2378 3562 ψωσεν
2406 3496 2573 3567 αὐτὴν
2613 3496 2688 3559 ὡς
2727 3494 2871 3551 οἷκον
2917 3499 3001 3550 ἐπ’
3030 3498 3213 3570 ὅρους,
3256 3502 3288 3572 ἦ
3333 3503 3407 3564 ὡς
3444 3503 3554 3573 ὅρος
3586 3503 3703 3567 ὑπερ-

2202 3586 2362 3656 φερὲς
2394 3626 2408 3649 ,
2441 3587 2515 3649 ὡς
2542 3586 2664 3658 ὅρος
2688 3590 3077 3661 τετυρωμένον,
3106 3595 3205 3645 καὶ
3234 3594 3359 3664 ὅρος
3397 3598 3523 3647 πῖονο
3571 3612 3585 3643 ι
3615 3585 3703 3657 ὲνῷ

2200 3680 2485 3752 εὐδόκησεν
2509 3683 2537 3733 ὁ
2565 3683 2695 3746 Θεὸς
2731 3689 2997 3738 κατοικεῖν
3042 3688 3100 3739 ἐν
3147 3688 3320 3758 αὐτῷ’
3358 3691 3447 3742 καὶ
3473 3688 3566 3759 γὰρ
3588 3689 3610 3739 ὁ
3631 3686 3704 3738 Κύ-

2201 3790 2313 3844 ριος
2357 3776 2764 3848 κατασκηνώσει
2804 3780 2883 3842 είς
2913 3778 3063 3843 τέλος
3106 3780 3243 3851 (82)·
3288 3801 3306 3833 ι
3344 3783 3435 3835 καὶ
3476 3783 3527 3834 ὲν
3552 3779 3614 3850 τῷ
3641 3779 3706 3830 Ὶε-

2201 3866 2363 3937 ρεμίᾳ
2408 3866 2569 3936 λέγει’
2615 3887 2633 3919 ι
2689 3868 2885 3940 Θρόνος
2938 3870 3093 3942 δόξης
3151 3873 3462 3943 ὑψωμένος,
3520 3872 3703 3939 ἀγίατμα

2196 3957 2353 4027 ἡμῶν
2390 3957 2520 4029 (85)·
2554 3978 2571 4009 ι
2595 3961 2687 4013 καί⁸
2714 3963 2769 4013 ὲν
2798 3961 2991 4032 Ἡσαΐᾳ
3020 3962 3183 4030 λέγει·
3216 3983 3235 4015 ι
3261 3966 3373 4018 Καὶ
3392 3965 3532 4017 ἔσται
3558 3964 3602 4014 ὲν
3625 3962 3706 4021 ταῖς

2197 4049 2447 4119 ἐσχάταις
2460 4052 2693 4123 ἡμέραις
2718 4053 2953 4123 ἐμφανὲς
2980 4055 3040 4107 τὸ
3051 4055 3177 4126 ὄρος
3208 4058 3435 4126 Κυρίου,
3454 4058 3536 4108 καὶ
3561 4056 3584 4105 ὀ
3605 4049 3707 4111 οἶκος

2194 4140 2287 4193 τοῦ
2303 4142 2434 4194 Θεοῦ
2446 4144 2529 4195 ἐπ’
2542 4145 2722 4215 ἄκρων
2738 4145 2842 4197 τῶν
2858 4146 3043 4217 ὀρέων,
3059 4150 3152 4200 καὶ
3165 4148 3502 4221 ὑψωθήσεται
3514 4143 3707 4215 ὑπεράνω

2194 4233 2299 4286 τῶν
2329 4234 2544 4304 βουνῶν.
2573 4257 2590 4287 ι
2625 4238 2773 4291 Ἐπεὶ
2800 4235 2890 4291 οῦν
2919 4241 3011 4292 καὶ⁵
3038 4241 3127 4292 τὸν
3161 4241 3292 4294 λαὸν
3320 4241 3631 4311 ἐγκατέλιπε,
3646 4236 3707 4288 καὶ

2193 4326 2283 4380 τὸν
2309 4328 2434 4382 ναὺν
2464 4330 2670 4400 ἀφῆκεν
2703 4331 2922 4403 ἔρημον,
2948 4333 3136 4402 σχίσας
3164 4334 3229 4386 τὸ
3263 4334 3628 4400 καταπέτασμα
3643 4324 3707 4379 τῡῦ

540 4419 773 4465 sancto:
825 4431 843 4463 ι
898 4413 1038 4470 Ecce
1086 4417 1266 4482 enim,
1316 4419 1515 4490 inquit,
1566 4425 1902 4495 relinquetur
1949 4430 2104 4485 vobis

2205 4417 2319 4471 ναοῦ
2339 4418 2568 4493 (84),καὶ
2596 4421 2771 4475 λαϐὼν
2811 4425 2904 4477 ἀπ’
2932 4424 3109 4477 αὐτῶν
3147 4426 3209 4478 τὸ
3240 4426 3461 4497 Πνεῦμα
3487 4424 3541 4476 τὸ
3577 4422 3707 4488 ἅγιον*

531 4500 739 4557 domus
772 4513 953 4559 vestra
983 4506 1195 4562 deserta
1224 4509 1311 4577 5‘;
1350 4528 1368 4562 ι
1405 4520 1459 4567 et
1488 4513 1635 4570 dedit
1657 4518 1831 4585 vobis,
1858 4520 1950 4589 qui
1974 4522 2105 4577 estis

2204 4532 2221 4564 ι
2246 4514 2374 4568 Ἰδοὺ
2391 4515 2518 4587 γὰρ,
2534 4517 2716 4587 φησιν,
2735 4518 2947 4584 ἀφίεται
2964 4518 3090 4588 ὑμῖν
3105 4519 3133 4570 ὁ
3150 4516 3304 4583 οἶκος
3325 4519 3473 4591 ὑμῶν
3494 4517 3673 4588 ἕρημος
3692 4528 3704 4557 ’

606 4632 837 4728 ranlm‘;
852 4636 1098 4728 “Val:
1129 4722 1142 4728 _
1173 4636 1221 4728 ξ
1246 4638 1289 4691 Π
1313 4637 1549 4728 Et.
1743 4642 2120 4728 ’μῆνα-χρη,
2151 4655 2237 4709 15.
2314 4657 2358 4689 ⁸⁸
2400 4657 2566 4725 lgnat.
2614 4657 2866 4728 lnterpol.
2909 4660 2974 4713 ad
2998 4658 3212 4715 Philad.
3240 4661 3297 4715 2.
3375 4661 3420 4691 ⁸⁹
3437 4659 3538 4713 Jer.
3561 4668 3640 4728 _x_H.

535 4704 580 4734 ⁸ο
608 4703 781 4796 15³..)ὅ
807 4704 859 4758 6.
929 4706 971 4737 ⁸⁸
995 4704 1099 4761 lsa.
1128 4722 1168 4773 ι,
1190 4706 1244 4761 8.
1318 4709 1363 4739 ⁸⁸
1389 4708 1554 4764 Eccli.
1592 4727 1738 4777 xxw,
1766 4714 1853 4768 55.
1931 4716 1975 4747 ³³
1998 4703 2099 4777 Psa

2205 4703 2339 4793 itm,
2363 4703 2570 4782 ιόῗἾί
2598 4703 2872 4794 ἑέἕζέἄῖἰζ
2908 4703 3020 4785 ῖξῖ
3044 4703 3357 4796 ’ἶιῖῈξιΤιμ
3382 4703 3705 4784 enim.

538 4772 801 4839 xxm,58.

1860 4942 2217 5013 VARIORUM
2252 4946 2477 5005 ΝΟΤᾸΞ.

602 5070 713 5152 (:77)
757 5069 870 5151 Τῆς
898 5073 1158 5152 γνώμης,
1196 5074 1345 5152 Alter
1367 5076 1488 5130 cod.
1533 5076 1694 5132 Vind.
1725 5083 1821 5152 τῆς
1851 5083 2092 5149 ένώσεως

530 5141 704 5212 ὑμῶν,
727 5141 943 5196 omissis
966 5141 1206 5212 reliquis.
1239 5146 1403 5199 (itan.

602 5211 710 5287 (78_)
750 5211 1133 5287 A_lp_8thttbar.
1164 5214 1443 5287 Natalibus
1470 5218 1631 5287 hujus
1660 5222 1808 5277 vocis
1832 5222 2090 5280 interfue-

530 5281 639 5333 rin‘t
659 5281 913 5361 doctiviri
940 5292 1149 5352 oportet
1177 5304 1190 5339 :
1230 5286 1363 5341 adeo
1383 5281 1577 5361 negarit
1604 5290 1809 5360 lgnatio
1838 5308 1933 5361 per
1953 5303 2089 5349 tem-

530 5366 661 5431 pora
693 5351 913 5431 licuisse
941 5351 1058 5431 eam
1090 5362 1375 5431 usurpare.
1406 5351 1655 5431 Usurpaf
1671 5361 1814 5415 enim
1839 5351 1934 5431 qui
1970 5380 2077 5418 non

2199 5089 2344 5162 quod
2361 5105 2481 5162 non
2512 5091 2813 5162 debuerunt
2834 5092 3100 5162 ignorare.
3127 5093 3269 5150 Cor.

2290 5160 2376 5228 79)
2427 5161 2665 5228 Ἀερῆκα.
2698 5164 2844 5216 Alter
2862 5160 2991 5217 eod.
3023 5165 3113 5217 καὶ
3141 5165 3354 5228 ἀφῆκα.
3386 5166 3478 5220 CL.

2782 5208 3001 5306 Rectius
3031 5208 3359 5306 σικυῃξιάτῳί
3384 5208 3513 5290 δοῖ.

2289 5300 2376 5360 81)
2431 5301 2572 5353 Ἀπ’.
2611 5302 2765 5356 Deest
2793 5302 2846 5354 in
2878 5318 2987 5354 uno
3007 5304 3128 5357 eod.
3156 5300 3326 5360 Vind:
3359 5306 3430 5359 In.

2286 5369 2678 5455 82)Υ.Κειὶχὰρ,
2711 5387 2880 5441 usque
2914 5373 2981 5425 ad
3022 5372 3215 5437 τέλος.
3252 5374 3457 5430 Desunt
3488 5376 3534 5427 in
3568 5372 3697 5424 altero

2358 5158 2377 5433 ἓ

2265 5160 2285 5490 l

650 5428 771 5505 post
802 5418 1064 5505 lgnatjpm
1098 5417 1319 5505 scripsit
1349 5417 1598 5505 Justinus
1617 5417 1950 5505 lupina-iga
1974 5417 2093 5490 cum
2184 5417 2699 5494 (τοδί-ίῖίιι-(ἶνίάιῗέιῖ.

528 5484 903 5568 Tryphonefp.
919 5490 1083 5568 _306._
1107 5484 1313 5568 Sedﬂet
1335 5500 1534 5553 multas
1585 5484 1785 5556 similis
1802 5484 2094 5560 Ἱὲεῖ-ἱηῖιῖᾆί-

524 5562 956 5641 tionispgnoscit
975 5564 1201 5646 antiqua
1220 5565 1423 5650 Gracia
1446 5587 1457 5622 :
1483 5570 1786 5650 ἡλικιῶται,
1811 5574 2088 5640 θιασῶται,

516 5640 820 5697 πατριωται
846 5672 862 5697 ,
895 5640 1179 5705 νησιῶται,
1214 5640 1525 5707 στασιῶται,
1562 5644 1916 5713 στρατιῶται,
1962 5656 2088 5713 etc.,

2187 5576 2219 5630 ὁ
2258 5508 2376 5631 (83)l
2407 5511 2625 5577 Θρόνος
2653 5518 2706 5565 et
2735 5513 3012 5582 sequentia
3045 5511 3110 5565 ad
3152 5516 3277 5570 καί.
3327 5517 3521 5573 Desunt
3550 5517 3593 5568 in
3624 5522 3695 5564 eo-

2224 5594 2328 5631 em.
2382 5595 2432 5631 υ.

2224 5594 2328 5632 CIII.
2360 5594 2432 5633 ID.

2259 5649 2368 5719 (84)
2412 5650 2516 5703 Τοῦ
2545 5651 2711 5705 ναοῦ.
2744 5650 2903 5708 Deest
2934 5654 2986 5707 in
3020 5653 3178 5708 Vind.
3217 5653 3294 5711 lo.
