3946 6334
571 288 677 344 939

1469 295 1526 351 S.
1565 297 1956 353 CLEMENTlS
1989 301 2005 352 Ι
2039 300 2143 356 ΒΟΖ

2249 302 2439 356 ΡΟΝΤ.
2478 301 2704 355 ΟῐλνΕίὶΑ
2739 296 2979 358 ῡυΒιΛέ
3626 313 3700 368 M0

563 435 654 481 tur
688 430 1006 498 progenies,
1036 430 1127 499 qui
1164 438 1282 483 erat
1333 434 1672 502 exspectatio
1725 438 1993 506 gentium,
2038 438 2197 493 Jcsus
2244 438 2533 499 Christus,
2594 439 2686 508 qui
2734 455 2798 492 ex
2851 438 2987 493 Juda
3026 436 3283 509 originem
3324 436 3488 503 dum,
3525 441 3633 499 filius
3658 463 3702 501 ex

560 521 830 593 germine,
860 520 959 577 flos
980 537 1043 576 cx
1068 519 1223 577 Jesse
1252 524 1296 554 ⁹¹
1326 544 1338 579 :

1159 659 1389 717 CAPUT
1432 644 1555 717 xu.‘

562 747 767 803 Contra
790 766 876 825 eos
896 752 986 820 qui
999 751 1321 825 Christiana:
1357 755 1601 825 religioni
1625 773 1743 810 cum
1775 759 2164 820 assentiuntur,

785 822 965 876 volunt
992 833 1165 878 tamen
1187 822 1611 881 Iudaicos-ritus
1642 827 1939 883 observare.

634 932 834 989 Verum
871 937 1000 1005 quia
1026 945 1160 991 tunc
1187 954 1251 993 ea
1274 939 1498 996 haeresis
1528 943 1593 996 ad
1629 941 1877 999 fraudem
1909 946 2141 1001 validior

562 1026 681 1082 visa
709 1035 817 1089 est,
851 1036 907 1082 et
938 1029 1195 1085 universa
1238 1031 1482 1088 Ecclesia
1524 1036 1975 1104 periclitabatur;
2007 1054 2143 1092 con-

564 1118 774 1188 gregati
806 1117 1201 1193 Hierosolymis
1232 1139 1333 1179 nos
1360 1126 1650 1181 duodecim
1701 1128 1847 1198 (nam
1872 1129 1994 1184 loco
2016 1130 2143 1184 Ιίνι-

564 1210 765 1265 ditoris
817 1211 1075 1270 Blattliias
1123 1215 1336 1272 electus
1370 1217 1493 1282 fuit,
1549 1228 1609 1273 ut
1667 1221 1951 1276 nobiscum
1993 1233 2141 1278 esset

564 1305 871 1374 apostolus,
904 1315 1130 1378 accepta
1163 1318 1311 1364 sorte
1347 1308 1500 1365 Judae
1531 1312 1615 1379 ⁹⁸;
1644 1313 1789 1369 sicut
1818 1314 1959 1369 dixit
1990 1314 2143 1370 Seri-

567 1406 731 1463 ptura
764 1415 776 1450 :
816 1416 834 1447 ι
861 1397 1250 1471 Episcopatum
1283 1402 1404 1471 ejus
1428 1404 1661 1474 accipiat
1686 1404 1949 1471 alter").!
1970 1408 2143 1479 dispi-

565 1488 851 1545 ciebamus
879 1506 987 1546 una
1026 1507 1149 1547 cum
1174 1493 1380 1549 Jacobo
1412 1496 1581 1552 fratre
1608 1497 1842 1563 Domini,
1868 1501 1999 1570 quid
2025 1500 2141 1557 ﬁeri

564 1589 895 1651 oporteret:
932 1584 1252 1656 placuitque
1309 1588 1388 1641 illi
1434 1603 1500 1644 ac
1553 1591 1909 1662 presbyteris,
1965 1602 2025 1647 ut
2076 1594 2144 1650 de

566 1674 915 1730 sermonibus
943 1677 1215 1733 doctrina:
1238 1679 1506 1735 allocutio
1543 1681 1843 1738 haberetur
1863 1684 1930 1738 ad
1969 1701 2143 1756 popu-

566 1764 702 1821 lum.
724 1764 936 1821 Etenim
960 1769 1181 1839 quidam
1205 1787 1269 1826 ex
1292 1772 1478 1827 Judaea
1495 1774 1844 1830 Antiochiam
1868 1777 2139 1848 degressi,

565 1856 837 1912 docebant
863 1859 1064 1917 fratres
1086 1863 1158 1918 ibi
1191 1866 1587 1929 consistentes,
1621 1867 1709 1922 his
1744 1869 1958 1925 verbis:
1985 1888 2003 1921 ι
2025 1869 2141 1926 Nisi

564 1951 1036 2008 circumcidamini
1066 1957 1174 2011 ritu
1194 1957 1456 2021 Mosaico,
1477 1972 1532 2015 et
1550 1963 1605 2015 iu
1629 1962 1754 2018 aliis
1780 1964 1980 2020 ritibus
2002 1980 2141 2034 quos

566 2043 709 2098 idem
763 2048 1054 2104 constituit
1108 2050 1415 2120 incedatis,
1446 2070 1553 2108 non
1593 2057 1825 2125 potestis
1871 2057 2009 2111 salvi
2047 2058 2143 2114 fie-

566 2136 617 2190 ri
645 2135 714 2191 ’5.
748 2156 766 2189 ι
804 2137 936 2194 Orta
982 2141 1153 2213 igitur
1182 2147 1542 2202 contentione
1582 2157 1638 2203 et
1691 2151 1999 2219 quaestione
2031 2166 2149 2205 non.

567 2243 765 2300 parva,
823 2231 1231 2295 Antiocltcnses
1264 2237 1467 2295 fratres
1506 2241 1773 2296 certiores
1825 2241 1955 2297 facti
1993 2244 2141 2313 quod

566 2341 756 2383 omnes
784 2345 848 2383 ea
886 2331 952 2385 de
984 2347 1041 2387 re
1071 2334 1425 2405 disquisituri
1456 2350 1900 2392 conveneramus
1920 2377 1934 2400 ,
1972 2338 2141 2393 mise-

566 2430 696 2474 runt
739 2423 899 2478 nobis
934 2427 1083 2481 viros
1122 2427 1310 2484 ﬁdeles
1341 2446 1404 2485 ac
1442 2429 1857 2500 Scripturarum
1893 2432 2139 2500 peritos,

568 2521 626 2567 ut
653 2513 720 2569 de
760 2515 860 2570 hac
900 2521 1203 2587 quazstione
1242 2522 1605 2577 edocerentur
1637 2540 1651 2578 :
1687 2530 1742 2575 at
1771 2523 1848 2575 illi
1881 2522 2142 2578 Hieroso-

568 2605 767 2675 lymam
800 2608 1150 2667 advenientes
1173 2653 1187 2676 ,
1221 2614 1611 2670 nuntiaverunt
1653 2616 1813 2671 nobis
1838 2631 1903 2670 ea
1936 2632 2057 2687 qua:
2086 2619 2142 2672 in

566 2694 809 2755 Ecclesia
841 2717 1058 2772 quoque
1089 2704 1429 2761 Antiocliena
1446 2706 1889 2778 disputabanmr,
1910 2710 2135 2776 scilicet,

566 2790 712 2858 quod
753 2793 975 2862 quidam
1007 2795 1286 2863 dicerent,
1312 2807 1565 2869 oportere
1595 2802 1938 2866 circumcidi,
1974 2811 2030 2857 et
2056 2819 2168 2879 reo.

568 2882 747 2953 liquas
773 2889 1129 2945 caeremonias
1158 2906 1222 2943 ac
1245 2893 1639 2949 sanctimonias
1663 2895 1797 2965 legis
1826 2897 2140 2955 observare.

568 2977 816 3049 Cumque
862 2981 1011 3036 aliud
1055 2983 1147 3036 alii
1185 2982 1509 3053 proferrent,
1538 3001 1640 3056 ego
1676 2986 1874 3042 Petrus
1911 3003 2144 3059 surgens

571 3070 682 3125 dixi
710 3073 775 3126 ad
812 3089 906 3128 eos
937 3092 949 3128 :
996 3093 1014 3126 ι
1054 3072 1169 3130 Viri
1201 3075 1433 3139 fratres,
1462 3093 1560 3134 vos
1590 3080 1766 3147 scitis,
1793 3081 2051 3150 quoniam
2076 3083 2145 3137 ab

573 3163 813 3235 antiquis
847 3167 1062 3232 diebus,
1086 3166 1226 3224 Deus
1254 3170 1307 3223 in
1330 3171 1487 3225 vobis
1519 3172 1702 3242 elegit,
1740 3188 1835 3243 per
1866 3188 1930 3228 os
1963 3189 2144 3228 meum

576 3256 763 3312 audire
792 3267 983 3329 gentes
1030 3261 1253 3316 verbum
1305 3262 1603 3333 Evangelii,
1643 3274 1697 3320 et
1741 3265 1965 3321 credere
1990 3266 2146 3333 “;ct

573 3349 665 3417 qui
694 3351 844 3404 novit
866 3353 1032 3407 corda
1065 3352 1231 3420 Deus,
1268 3356 1640 3410 testimonium
1667 3356 2143 3427 perhibuitipsis.)

2249 3384 2343 3437 γον
2374 3366 2469 3420 τοῦ
2494 3366 2848 3436 Εὐαγγελίου,
2875 3366 2970 3419 καὶ
2998 3364 3313 3418 πιστεῦσαν
3339 3364 3430 3418 καὶ
3457 3364 3484 3415 ό
3503 3352 3747 3428 καρδιογκῦ
3850 3349 3851 3401 l

571 3441 825 3499 Cornelio
851 3448 997 3501 enim
1018 3447 1086 3511 ³⁷,
1112 3449 1204 3518 qui
1233 3457 1350 3503 erat
1379 3447 1605 3504 Romani
1629 3451 1841 3521 imperii
1860 3451 2142 3516 Centurio,

572 3535 810 3607 Angelus
837 3536 1048 3594 Domini
1082 3543 1363 3611 apparuit;
1388 3552 1443 3597 et
1463 3544 1532 3598 de
1566 3560 1652 3599 me
1681 3544 1819 3600 dixit
1848 3545 1898 3600 ei
1921 3583 1938 3609 ,
1965 3553 2026 3600 ut
2057 3560 2147 3599 ar-

571 3638 814 3686 cesseret
842 3646 951 3695 me,
973 3640 1028 3688 et
1054 3649 1121 3687 ex
1151 3650 1246 3689 ore
1290 3650 1412 3690 meo
1463 3636 1678 3692 audiret
1725 3637 1952 3692 verbum
1997 3637 2142 3694 vitae.

577 3721 666 3777 lllc
687 3739 817 3778 vero
847 3727 1136 3781 accersivit
1167 3744 1252 3783 me
1282 3744 1312 3783 a
1341 3728 1512 3801 Joppe
1542 3732 1597 3785 in
1639 3730 1950 3787 Carsaream
1991 3731 2147 3786 Stra-

578 3817 745 3871 tonis.
769 3819 908 3874 Cum
934 3828 1121 3876 autem
1153 3823 1221 3878 ad
1244 3838 1369 3878 eum
1420 3840 1598 3879 essem
1629 3832 1992 3895 perventurus
2014 3865 2028 3890 ,
2051 3841 2149 3878 vo-

576 3907 652 3964 iui
705 3910 885 3965 cibum
940 3928 1169 3981 capere;
1226 3930 1389 3985 quem
1423 3916 1552 3970 dum
1584 3925 1841 3987 pararent
1864 3958 1879 3980 ,
1909 3933 2062 3973 eram
2092 3919 2148 3972 in

576 4005 861 4059 cmnaculo
902 4020 1103 4072 orans;
1136 4014 1191 4061 et
1234 4009 1390 4063 video
1425 4010 1626 4064 cmlum
1666 4018 1952 4080 apertum;
1987 4019 2151 4081 atque

575 4105 816 4164 quatuor
850 4097 1024 4152 initiis
1056 4099 1325 4169 illigatum
1376 4118 1470 4156 vas
1514 4102 1811 4173 quoddam,
1856 4103 2003 4158 velut
2045 4104 2150 4157 lin-

579 4197 722 4243 teum
747 4190 1094 4259 splendidum
1118 4232 1131 4252 ,
1164 4193 1218 4246 in
1245 4201 1445 4249 terram
1493 4195 1729 4259 demitti,
1769 4195 1824 4249 in
1854 4211 1963 4265 quo
1992 4205 2151 4251 erant

577 4282 761 4335 onmia
809 4284 1206 4355 quadrupedia,
1263 4296 1317 4341 et
1347 4295 1507 4365 terra}
1538 4289 1774 4359 reptilia,
1808 4298 1861 4343 et
1910 4290 2149 4343 volatilia

576 4374 1074 4449 carli.Exstititque
1108 4396 1209 4435 vox
1238 4396 1268 4435 e
1314 4382 1453 4437 caelo
1485 4382 1552 4437 ad
1586 4400 1669 4438 me
1693 4384 1880 4438 dicens
1909 4403 1921 4438 :
1955 4403 1973 4434 ι
2011 4383 2148 4438 Sur-

577 4484 665 4538 ge,
701 4467 880 4535 Petre,
914 4471 1126 4536 occide,
1157 4483 1211 4529 et
1231 4475 1503 4529 manduca
1520 4477 1592 4532 ".
1651 4494 1670 4527 ι
1698 4475 1810 4546 Ego
1841 4486 2023 4531 autem
2064 4492 2151 4530 re-

578 4563 775 4633 spondi
811 4583 825 4618 :
863 4582 880 4615 ι
921 4564 1272 4637 Nequaquam
1300 4608 1315 4633 ,
1380 4567 1637 4636 Domine;
1704 4569 1830 4639 quia
1872 4585 2149 4640 nunquam

1374 543 1393 576 ι
1423 524 1595 596 Cujus
1626 529 1963 601 principatus
1996 547 2160 601 super
2192 531 2475 585 humerum
2496 530 2562 585 θ’.
2609 551 2627 581 ι

2746 666 3141 719 ΚΕΦΛΛΛΙΟΝ
3176 666 3269 719 lB'.

2240 754 2398 822 Πρὸς
2434 755 2575 821 τοὺς
2604 756 3052 881 ὀμολογοῦΞτας
3083 756 3215 826 (55),
3273 754 3545 814 ἰουδαΐζειν
3572 756 3625 809 δὲ
3646 758 3710 811 θό-

2949 843 3148 881 ortae.

2949 843 3148 893 οντας.

2326 960 2461 1013 Ἀλλ’
2510 961 2633 1014 ἐπεὶ
2675 962 2796 1014 τότε
2839 960 2978 1031 αὕτη
3020 963 3053 1030 ἠ
3082 961 3289 1031 αἵρεσις
3318 959 3593 1031 ἰσχυροτέρα
3618 961 3715 1032 «pl;

2243 1051 2454 1123 πλάνην
2485 1052 2660 1118 ἔδοξεν
2689 1050 2848 1119 εἶναι,
2878 1054 3092 1124 καὶτῆς
3144 1051 3444 1121 Ἐκκλησίας
3462 1051 3569 1122 ὅλης
3588 1054 3718 1107 κινδυ-

2241 1161 2530 1218 νευούσης,
2564 1147 2725 1217 ἡμεῖς
2751 1148 2801 1199 oi
2837 1144 3064 1210 δώδεκα,
3112 1144 3440 1207 συνελθόντες
3473 1146 3540 1207 είς
3572 1145 3717 1217 Ἰερου-

2244 1237 2427 1311 σαλὴμ
2470 1237 2624 1309 (ἀντὶ
2658 1238 2767 1311 γὰρ
2807 1238 2901 1292 τοῦ
2951 1237 3211 1309 προδότου
3257 1237 3485 1300 Ματθίας
3528 1238 3607 1290 σὺν
3629 1239 3720 1308 ἡμῖν

2242 1329 2619 1403 κατεψηφίσθη
2651 1330 2946 1393 ἀπόστολος
2975 1326 3132 1395 εἶναι,
3166 1328 3341 1382 λαὸὼν
3363 1330 3419 1381 τὸ
3434 1328 3602 1400 κλῆρον
3633 1328 3722 1381 Ἰού-

2240 1423 2329 1491 δα,
2373 1423 2449 1487 ὼς
2490 1424 2725 1495 εἴρηται·
2768 1443 2787 1475 ι
2817 1423 2927 1495 Τὴν
2968 1423 3273 1494 ἐπισκοπὴν
3305 1421 3457 1476 αὐτοῦ
3488 1422 3615 1476 λάθοι
3643 1424 3723 1475 ἐτε-

2247 1515 2857 1592 ρος»),ὲπεσκεπτόμεθα
2905 1515 3029 1587 ἅμα
3084 1514 3319 1585 Ἰακώϐῳ
3357 1514 3429 1585 τῷ
3472 1514 3550 1567 τοῦ
3576 1513 3722 1584 Κυρίω

2244 1608 2478 1681 ἀδελφῷ,
2535 1608 2589 1661 τί
2652 1608 2897 1679 γένηταιο
2958 1607 3052 1661 καὶ
3085 1606 3261 1672 ἔδοξεν
3306 1606 3443 1676 αὐτῷ
3479 1623 3530 1657 τε
3557 1606 3725 1666 καὶτοῖς

2245 1700 2662 1772 πρεσϐυτέροις,
2696 1699 2887 1768 λόγους
2944 1697 3293 1761 διδασκαλίας
3332 1696 3649 1768 προσλαλῆσαι
3674 1696 3725 1765 τῷ

2243 1793 2376 1865 λαῷ.
2422 1794 2533 1847 Kal
2560 1792 2667 1864 γὰρ
2700 1793 2792 1845 καί
2823 1809 2971 1855 τινες
3010 1790 3358 1854 κατελθόντες
3408 1790 3505 1842 ἀπὸ
3526 1791 3609 1859 τῆς
3641 1790 3728 1841 ἰου-

2242 1884 2399 1948 δαίας
2442 1891 2523 1948 εἰς
2562 1885 2889 1954 Ἀντιόχειαν
2921 1884 3201 1937 ἐδίδασκον
3228 1882 3353 1945 τοὺς
3390 1883 3497 1935 ἐκεῖ
3521 1879 3727 1949 enim,

2244 1978 2509 2047 λέγοντες·
2537 1978 2618 2031 ὅτι
2655 1998 2673 2029 ι
2715 1977 2838 2031 Ἐὰν
2863 1978 2935 2049 μὴ
2986 1975 3357 2048 περιτμηθῆτε
3391 1975 3463 2045 τῷ
3501 1973 3592 2026 ἔθει
3619 1974 3730 2025 Mui-

2248 2070 2405 2135 σέως,
2444 2071 2537 2123 καὶ
2573 2072 2686 2134 τοῖς
2734 2069 2913 2132 ἄλλοις
2950 2068 3127 2122 ἔθεσιν
3160 2067 3274 2139 (54)
3312 2062 3390 2129 οἷς
3417 2064 3650 2127 διετάξατο
3666 2079 3729 2113 τε-

2247 2161 2540 2233 ριπατῆτε,
2587 2162 2648 2214 οὐ
2680 2160 2907 2214 δύνασθε
2955 2158 3539 2230 σωθῆναι.›Γενομ.ένης
3556 2152 3629 2208 οὖν
3650 2153 3730 2206 στὰ-

2248 2270 2386 2317 σεως
2413 2254 2507 2306 καὶ
2541 2254 2822 2324 ζητήσεως
2849 2253 2947 2305 ούκ
2969 2251 3175 2322 ὀλίγης,
3198 2252 3251 2303 oi
3270 2252 3327 2302 ὲν
3360 2247 3618 2317 Ἀντιοχείᾳ
3637 2244 3730 2297 ἀδελ·

2247 2348 2356 2417 φοι,
2388 2346 2607 2416 γνόντες
2636 2347 2716 2399 ὅτι
2768 2343 3204 2415 συνεληλύθαμεν
3250 2343 3445 2405 πάντες
3476 2342 3586 2411 περὶ
3605 2339 3732 2392 τούτου

2245 2439 2578 2512 ζητήσαντες
2631 2438 2763 2509 (55),
2817 2435 3205 2503 ἐξαπέστειλαν
3256 2436 3390 2507 πρὸς
3437 2435 3567 2504 ἡμᾶς
3599 2430 3733 2500 ἂνδρας

2245 2532 2471 2595 πιστοὺς
2505 2531 2597 2584 καὶ
2622 2529 2731 2582 τῶν
2759 2528 2991 2600 Γραφῶν
3012 2526 3327 2601 είδήμονας,
3352 2527 3529 2599 μαθεῖν
3557 2523 3656 2594 περὶ
3675 2519 3735 2574 τοῦ

2246 2621 2559 2699 ζητήματος
2594 2622 2807 2678 τούτου*
2844 2622 2893 2674 οί
2924 2620 3004 2688 δὲ,
3034 2621 3469 2693 παραγενόμενοι
3502 2619 3571 2680 είς
3601 2614 3735 2684 Ἰερου-

2248 2717 2452 2789 σαλὴμ,
2484 2715 2810 2787 ἁνήγγειλαν
2839 2716 2969 2786 ἡμῖν
2995 2713 3065 2768 τὰ
3090 2713 3394 2786 ζητηθέντα
3414 2712 3501 2765 καὶ
3518 2712 3567 2763 ὲν
3590 2711 3642 2779 τῇ
3661 2700 3739 2759 ’Δν-

2246 2812 2474 2882 τιοχέων
2490 2807 2807 2880 Ἐκκλησία,
2829 2808 2905 2870 ὡς
2921 2809 3005 2860 ὅτι
3038 2807 3183 2870 τινὲς
3216 2806 3423 2874 ἔλεγον,
3449 2805 3524 2857 ὃτι
3549 2804 3616 2855 δεῖ
3632 2815 3738 2869 περι-

2248 2904 2561 2976 τέμνεσθαι,
2620 2902 2714 2955 καὶ
2756 2899 2856 2964 τὰς
2890 2899 3055 2963 ἄλλας
3097 2898 3326 2968 ἁγνείας
3362 2894 3739 2969 παραφυλάττειν.

2252 2997 2462 3051 ’Δλλων
2488 2996 2546 3051 δὲ
2578 2994 2705 3050 ἄλλο
2719 3011 2772 3047 τι
2803 2993 3086 3062 λεγόντων,
3120 2992 3236 3062 ἐγὼ
3262 2992 3465 3064 Πέτρος
3480 2984 3673 3046 ἀναστὰς
3691 2979 3741 3034 εἶ·
3850 3012 3851 3075 γ

2248 3107 2348 3143 πον
2382 3090 2517 3163 πρὸς
2543 3089 2754 3151 αὐτούς’
2792 3107 2810 3138 ι
2827 3087 3055 3159 ’Ἄνδρες
3073 3085 3484 3155 ἀδελφοὶ,ύμείς
3510 3075 3743 3139 ἐπίστασθε,

2247 3184 2331 3236 ὅτι
2378 3183 2471 3253 ἀφ’
2504 3180 2727 3253 ἡμερῶν
2773 3179 3037 3251 ἀρχαίων,
3070 3179 3129 3231 ὲν
3161 3180 3295 3249 ὑμῖν
3343 3176 3452 3248 (56)
3490 3167 3745 3240 ὲξελέξατοί

2248 3274 2401 3341 θεὸς,
2431 3274 2521 3328 διὰ
2550 3273 2644 3327 τοῦ
2678 3272 2943 3345 στόματός
2977 3290 3078 3344 μου
3108 3271 3344 3325 ἀκοῦσαι
3372 3270 3439 3324 τὰ
3468 3268 3580 3337 ἔθνη
3599 3264 3669 3318 τὸν
3689 3260 3748 3313 λό’

2251 3477 2383 3531 στης
2455 3460 2588 3524 Θεὸς
2643 3458 3021 3532 ἐμαρτύρησεν
3084 3459 3293 3522 αὐτοῖς.
3327 3476 3347 3510 ι
3375 3451 3633 3524 Κορνηλίῳ
3678 3445 3749 3515 γάρ
3850 3524 3851 3531 γ

2249 3570 2379 3606 ποτε
2421 3553 2791 3625 ἑκατοντάρχῃ
2845 3552 3155 3624 Ῥωμαῖκῆς
3194 3550 3375 3621 ἀρχῆς
3410 3546 3556 3615 ὤφθη
3587 3538 3749 3609 ἄγγελος
3850 3546 3851 3615 ᾖ

2249 3645 2478 3717 Κυρίου,
2521 3646 2615 3699 καὶ
2661 3645 2790 3718 περὶ
2816 3643 2950 3716 ἐμοῦ
2983 3640 3135 3697 εἶπεν
3163 3642 3338 3713 αὐτῷ,
3366 3641 3509 3702 ὅπως
3540 3629 3751 3708 μεταιτεῖ.

2248 3737 2408 3808 ληταί
2444 3755 2534 3809 με,
2592 3738 2686 3792 καὶ
2732 3737 2941 3808 ἀκούσῃ
2973 3738 3123 3808 ῥῆμα
3165 3735 3317 3806 ζωῆς
3345 3736 3409 3785 ἐκ
3436 3729 3524 3784 τοῦ
3558 3721 3751 3797 στόματός

2254 3849 2377 3902 μου.
2423 3832 2480 3885 '0
2510 3831 2589 3897 δὲ,
2627 3830 3015 3903 μετεπέμψατό
3066 3845 3130 3899 με
3171 3827 3286 3879 ἀπὸ
3330 3826 3543 3918 Ἰόππης
3568 3822 3637 3918 εἰς
3661 3817 3752 3918 Και-

2254 3912 2481 3996 σάρειαν
2510 3923 2609 3995 τὴν
2634 3923 2967 3995 Στράτωνος.
3005 3920 3198 3974 Ὁπότε
3231 3920 3291 3972 δὲ
3320 3916 3535 3988 ἔμελλον
3559 3910 3669 3981 πρὸς
3689 3910 3752 3958 σὺν

2253 4018 2345 4070 τὸν
2401 4016 2818 4088 ἐκπορεύεσθαι,
2875 4014 3175 4085 ὲὸουλήθην
3234 4012 3445 4084 τροφῆς
3490 4000 3752 4079 ι.ι.ετειλ46εἷν⁸

2254 4110 2346 4162 καὶ
2376 4106 2929 4181 παρασκευαζόντων,
2957 4107 3104 4178 ’ήμην
3131 4107 3188 4157 ὲν
3220 4105 3301 4175 τῷ
3329 4101 3552 4174 ὑπερώῳ
3586 4108 3754 4167 προσευ·

2252 4202 2503 4273 χόμενος·
2538 4202 2632 4256 καὶ
2678 4200 2869 4273 θεωρῶ
2895 4200 2985 4252 τὸν
3018 4196 3249 4269 οὐρανὸν
3272 4194 3561 4266 ἀνεῳγότα,
3583 4187 3659 4243 καὶ
3676 4182 3756 4236 τέσ-

2254 4310 2449 4365 σαρσιν
2496 4294 2692 4365 ἀρχαῖς
2725 4291 3005 4364 δεδεμένον
3048 4289 3245 4351 σκεῦός
3270 4306 3347 4355 τι,
3379 4287 3453 4349 ὡς
3480 4283 3643 4349 ὀθόνην
3661 4276 3754 4342 λαμ-

2254 4386 2419 4458 πρὰν,
2436 4387 2529 4440 καί⁵
2552 4387 2877 4457 καθιέμενον
2893 4385 2984 4437 ἐπὶ
3001 4384 3099 4454 τῆς
3125 4383 3252 4454 γῆς,
3279 4383 3338 4434 ὲν
3356 4374 3401 4449 ᾧ
3425 4378 3617 4448 ὑπῆρχε
3634 4371 3757 4424 πάντα

2251 4478 2319 4531 τὰ
2356 4479 2690 4551 τετράποδα,
2724 4480 2818 4532 καὶ
2852 4477 3058 4551 ἑρπετὰ
3093 4478 3191 4547 τῆς
3222 4477 3328 4547 γῆς
3348 4517 3362 4541 ,
3394 4473 3486 4527 καὶ
3512 4470 3574 4522 τὰ
3598 4460 3756 4517 πετεινά

2250 4572 2345 4625 τοῦ
2369 4572 2616 4643 ούρανοῦ.
2654 4572 2763 4625 Kal
2792 4572 3008 4640 ἐγένετο
3042 4569 3193 4639 φωνὴ
3225 4570 3295 4623 ὲκ
3320 4567 3417 4622 τοῦ
3448 4559 3650 4636 ούρανοῦ
3667 4551 3759 4623 πράί

578 4655 905 4712 manducavi
954 4659 1252 4730 quidquam
1302 4676 1592 4716 commune
1631 4670 1685 4717 et
1726 4662 2088 4716 immundum.
2122 4682 2142 4715 ι

2257 4680 2323 4734 με
2371 4664 2621 4732 λέγουσαο
2669 4684 2687 4715 ι
2713 4663 2993 4729 Ἀναστὰς,
3028 4664 3224 4735 Πέτρε,
3268 4662 3450 4725 θῦσον,
3484 4657 3570 4711 καὶ
3596 4651 3755 4722 φάγεοι

580 4750 717 4804 Tum
748 4767 851 4806 vox
905 4726 1148 4809 secundo
1183 4754 1329 4809 edita
1374 4762 1479 4822 est,
1525 4754 1751 4809 dicens:
1783 4773 1801 4807 ι
1840 4755 1971 4820 Quae
2005 4752 2143 4808 Deus

2257 4726 2426 4827 Kcith
2445 4726 2620 4811 ἐῖποψ
2633 4758 2966 4830 «Μηδαμῶς,
2983 4726 3163 4828 -Κύριε
3181 4799 3196 4821 ,
3212 4726 3317 4809 *δτι
3345 4754 3584 4807 οὐδέποτε
3616 4746 3759 4813 εφατθν

578 4843 907 4912 purificavit,
934 4854 991 4900 tu
1030 4847 1341 4901 communia
1379 4862 1448 4901 ne
1484 4854 1673 4917 putato
1696 4847 1796 4901 ".n
1831 4846 1945 4901 Hoc
1967 4854 2149 4901 autem

580 4935 784 4990 factum
835 4947 913 4993 est
949 4947 1031 4995 ter
1064 4960 1077 4994 :
1108 4950 1163 4994 et
1214 4949 1491 5010 receptum
1555 4948 1640 4994 est
1689 4955 1784 4993 vas
1829 4940 1885 4994 in
1927 4940 2148 4994 coelum.

652 5083 691 5119 ⁹¹
725 5078 862 5136 Gen.
892 5097 1041 5145 xux,
1080 5084 1180 5149 10;
1211 5082 1266 5146 9,
1300 5083 1353 5134 in
1388 5080 1562 5148 LXX;
1594 5082 1698 5135 lsa.
1732 5098 1805 5143 xl,
1839 5083 1888 5135 l.
1919 5082 1963 5113 θ’
1994 5083 2099 5137 lsa.
2134 5097 2143 5135 ι

2249 5083 2299 5138 6.
2379 5083 2423 5114 ’³
2457 5084 2578 5139 Act.
2616 5100 2652 5137 ι.

535 5152 625 5181 ονε
657 5150 790 5207 ibid.
826 5152 875 5207 7.
953 5154 994 5184 οτ
1025 5153 1144 5208 Act.
1180 5170 1236 5212 κ.
1310 5152 1640 5207 "lbidJS.
1717 5150 2029 5209 "lbid.l5.

2258 4852 2365 4903 πᾶν
2394 4851 2567 4904 κοινὸν
2600 4853 2692 4904 καὶ
2728 4851 3054 4923 ἀκάθαρτον.
3098 4871 3115 4902 ι
3148 4851 3260 4903 Kal
3292 4848 3503 4917 ἐγένετο
3531 4831 3758 4942 φωνῆιίδῖέ

2258 4943 2325 4995 ὲκ
2351 4942 2626 5014 δευτέρου,
2659 4943 2910 5013 λέγουσα·
2952 4962 2970 4994 ι
3003 4945 3069 4995 ’Ἀ
3099 4944 3128 4995 ὁ
3160 4942 3299 5005 Θεὸς
3318 4939 3613 5009 ἐκαθάρισε,
3642 4939 3759 4993 σῡμη

2748 5084 2792 5115 ’⁸
2822 5083 2968 5139 Psal.
3017 5099 3170 5149 cvm,
3206 5085 3261 5138 1.
3342 5085 3390 5115 ’⁸
3421 5080 3537 5136 Act.
3564 5091 3640 5135 ιν.
3671 5069 3710 5125 ὅ.

1882 5284 2249 5341 VARIORUM
2284 5284 2517 5343 NOTIE.

656 5410 947 5497 (ὅδχηιζὸς
978 5410 1139 5475 τούς,
1196 5416 1302 5462 etc.
1362 5406 1523 5462 Deest
1586 5404 1875 5474 inscriptio
1923 5404 1977 5457 in
2025 5403 2151 5457 cod.

591 5484 825 5540 Viudob.
857 5484 1029 5536 Cten.
1644 5546 1654 5557 .

656 5554 769 5625 (54)
804 5555 1068 5625 Ἔϐερ-ιγ.
1102 5550 1309 5625 Ἅπασι
1340 5549 1395 5625 in
1428 5546 1552 5601 cod.
1596 5543 1757 5625 Ymd.
1784 5544 1952 5625 Cutina.

661 5614 771 5696 (55')
806 5624 1206 5709 Ζοιτήρςαντες.
1243 5619 1337 5674 Vir
1365 5620 1560 5672 doctus
1597 5614 1836 5670 Joannes
1878 5614 2110 5669 Dallaeus
2134 5658 2151 5682 ,

590 5694 932 5767 ζητήσοντες.
966 5694 1101 5748 Cor.
1546 5758 1558 5769 .
2038 5756 2050 5767 .

666 5766 776 5835 (56)
820 5765 921 5819 Ἑν
950 5764 1108 5833 ὑμῖν.
1156 5762 1231 5821 Ita
1276 5759 1671 5815 Alexandrinus
1705 5755 1875 5811 codex
1905 5771 2149 5812 omnium

2257 5405 2609 5460 veterrimus.
2634 5403 2717 5459 ita
2744 5404 2981 5460 lrcnmus
3018 5405 3115 5459 lib.
3142 5418 3227 5464 Ill.
3259 5399 3500 5472 caprlﬁ.
3526 5395 3604 5449 Sic
3624 5391 3755 5472 fliam

2258 5458 2717 5547 Chrysostojnus;
2752 5458 2817 5531 ex
2832 5458 2950 5547 quo
2968 5458 3600 5547 icorrigendae'editiones
3619 5458 3758 5518 05w-

2258 5544 2423 5599 tneuii
2452 5554 2505 5600 et
2541 5544 2958 5617 Theophylacti.
2985 5544 3057 5599 In.

2866 5594 3144 5671 illitam
3173 5613 3303 5669 cozl.
3328 5621 3433 5676 est,
3483 5607 3624 5663 πάλιν
3648 5594 3756 5671 will

2255 5687 2319 5740 ἐκ
2348 5687 2441 5740 τοῦ
2474 5687 2722 5759 ούρανοῦ.
2767 5687 2914 5743 Cum
