3946 6334
185 296 278 353 οιι

1124 296 1728 354 CONSTITUTIONES
1764 296 2245 356 AI’OSTOLICIE.
2275 332 2323 341 -—
2370 300 2496 356 LIB.
2533 300 2622 358 VI.

3330 304 3436 360 ste
3521 268 3525 272 ’

180 406 383 463 κοίνου.
418 424 438 457 ι
474 405 644 460 Τοῦτο
663 406 720 461 δὲ
741 408 959 477 ἐγένετο
978 408 1072 462 ἐπί
1099 409 1238 481 τρίς·
1274 410 1368 463 καὶ
1399 410 1673 482 ἀνελήφθη
1698 412 1759 464 τὸ
1790 461 1793 471 4

1876 412 2109 489 Dumque
2140 415 2472 481 hzesitarem,
2508 414 2640 485 quid
2674 415 2779 470 sibi
2821 416 2985 470 vellet
3031 413 3166 471 illud
3218 418 3432 482 visum,

183 498 376 561 σκεῦος
397 499 479 561 είς
496 499 585 552 τὸν
617 500 863 572 οὐρανόν.
901 500 987 563 Ὠς
1005 501 1061 554 δέ
1081 502 1395 574 διηπόρουν,
1418 503 1472 555 τί
1499 502 1566 555 ἂν
1592 503 1675 574 εἴη
1702 503 1763 555 τὸ

179 591 383 664 ὅραμα,
414 588 536 645 εἶπέ
571 610 660 662 μοι
691 592 753 645 τὸ
789 593 1034 664 Πνεῦμα·
1072 612 1089 645 ι
1149 595 1276 647 Ἰδοὺ
1320 594 1513 666 ἄνδρες
1542 592 1761 665 ζητοῦσί

184 700 265 737 σε·
296 684 431 739 ἀλλὰ
452 684 689 749 ἀναστὰς
736 686 1031 757 πορεύθητι
1065 688 1161 741 σὺν
1198 687 1415 753 αὐτοῖς,
1454 686 1619 757 μηδὲν
1648 686 1764 739 δια-

180 776 529 847 κρινόμενος,
562 777 696 830 διότι
728 777 837 846 ἐγὼ
866 778 1161 831 ἀπέστειλα
1205 777 1421 841 αὐτούς.
1464 798 1482 829 ι
1520 771 1678 831 Οὗτοι
1704 778 1762 831 δὲ

178 862 322 936 ἦσαν
352 869 402 921 οἱ
451 869 596 939 παρά
627 868 722 922 τοῦ
757 871 1175 943 ἑκατοντάρχου.
1224 871 1335 924 Καί
1367 870 1538 933 οὕτως
1575 868 1766 924 ἀναλοι

177 960 493 1029 τισάμενος,
528 961 697 1025 ἔγνων
729 962 788 1015 τὺ
815 965 965 1034 ῥῆμα
988 965 1192 1036 Κυρίου
1218 964 1329 1036 (58)
1363 965 1423 1017 τὸ
1448 965 1764 1036 γεγραμμέ-

179 1071 273 1106 νον
296 1096 310 1119 ,
339 1056 421 1107 ὅτι
459 1074 478 1105 ι
516 1056 700 1119 Πᾶς-ὂς
726 1056 791 1109 ἂν
821 1056 1213 1129 ἐπικαλέσηται
1240 1059 1301 1111 τὸ
1328 1057 1499 1129 ὄνομα
1528 1056 1762 1129 Κυρίου,

181 1147 508 1217 σωθήσεται·
545 1168 562 1199 ι
589 1151 681 1202 καί
704 1149 885 1203 πάλιν·
917 1170 933 1201 ι
964 1151 1370 1222 Μνησθήσεται,
1396 1151 1491 1203 κα)⁸
1512 1152 1767 1221 ἐπιστρα-

180 1244 413 1312 φήσεται
453 1242 593 1313 πρὸς
624 1242 825 1314 Κύριον
859 1243 1035 1296 πάντα
1065 1244 1134 1296 τά
1164 1244 1375 1314 πέρατα
1400 1244 1498 1315 τῆς
1520 1244 1642 1313 γῆς,
1670 1244 1766 1297 καὶ

183 1334 650 1405 προσκυνήσουσιν
682 1333 911 1388 ἐνώπιον
941 1335 1104 1388 αὑτοῦ
1138 1337 1307 1389 πᾶσαι
1328 1337 1384 1388 αί
1404 1336 1631 1406 πατριαὶ
1656 1335 1765 1388 τῶν

179 1427 375 1479 ἐθνῶν·
410 1428 490 1480 ὅτι
521 1426 616 1479 τοῦ
649 1428 855 1498 Κυρίου
881 1429 913 1498 ἠ
953 1427 1224 1498 βασιλεία,
1256 1428 1352 1480 καὶ
1379 1428 1542 1490 αὐτὸς
1572 1427 1767 1480 δεσπό-

180 1519 266 1582 ζει
314 1520 421 1571 τῶν
480 1518 671 1572 ἐθνῶν.
715 1539 734 1571 ι
771 1519 882 1572 Καὶ
914 1518 991 1582 ὡς
1023 1518 1297 1589 πανταχοῦ
1343 1523 1469 1590 περ).
1498 1520 1598 1590 τῆς
1632 1519 1766 1590 κλή-

182 1628 325 1674 σεως
350 1611 458 1664 τῶν
487 1611 655 1665 ἐθνῶν
693 1612 928 1683 εἴρηται,
965 1613 1243 1684 ἐννοήσας,
1275 1610 1512 1674 ἀναστὰς
1539 1612 1768 1683 ἐπορεύ-

180 1704 287 1774 θην
331 1705 426 1757 σὺν
471 1704 675 1770 αὐτοῖς,
710 1705 805 1757 καὶ
852 1704 1097 1775 εἰσῆλθον
1143 1706 1223 1768 είς
1252 1703 1342 1757 τὸν
1375 1700 1522 1757 οἷκον
1544 1704 1639 1757 τοῦ
1672 1706 1765 1758 ἀν-

177 1763 461 1879 δρός·’καὶ
490 1794 570 1848 ἔτι
614 1763 714 1867 μου
748 1763 1157 1865 διαγγέλλοντος
1184 1763 1276 1848 τὸν
1308 1796 1485 1864 λόγον,
1519 1795 1681 1848 ἔπεσε
1705 1797 1765 1850 τὸ
1798 1763 1838 1816 Β

181 1888 413 1958 Πνεῦμα
459 1887 520 1940 τὸ
556 1888 712 1957 ἆγιον
757 1890 843 1940 ἐπ’
876 1888 1038 1941 αὑτὸν
1075 1888 1169 1941 καὶ
1204 1888 1296 1940 ἐπὶ
1333 1888 1462 1951 τοὺς
1495 1887 1767 1957 παρόντας

182 1980 285 2032 σὺν
328 1979 477 2050 αὐτῷ
500 2022 514 2046 ,
543 1978 724 2043 καθὼς
752 1980 848 2033 καὶ
888 1981 973 2049 ἐφ’
1004 1980 1152 2051 ήμᾶς
1182 1981 1241 2031 ἐν
1267 1980 1411 2051 ἀρχῇ
1438 2020 1453 2045 ,
1489 1979 1584 2032 καὶ
1614 1979 1766 2032 οὐδὲν

178 2073 423 2145 διέκρινε
455 2073 657 2144 μεταξὺ
701 2073 857 2145 ήμῶν
883 2090 943 2126 τε
973 2074 1067 2127 κα)⁸
1100 2073 1281 2127 αὐτῶν
1303 2115 1319 2138 ,
1349 2076 1416 2145 τῇ
1450 2073 1632 2126 πίστει
1662 2090 1766 2126 κα-

180 2166 419 2238 θαρίσας
448 2166 559 2237 (59)
589 2166 687 2230 τὰς
717 2166 945 2239 καρδίας
968 2165 1168 2219 αὐτῶν.
1214 2167 1324 2220 Καὶ
1351 2166 1522 2236 ἔγνων
1552 2165 1664 2235 ἐγὼ
1687 2166 1768 2220 ὅτι

178 2260 287 2313 οὐκ
317 2258 431 2313 ἔστι
467 2260 939 2333 προσωπολήπτης
969 2262 997 2313 6
1021 2259 1171 2325 Θεὸς,
1199 2258 1317 2312 am
1343 2259 1402 2311 ἐν
1434 2259 1599 2312 παντὶ
1626 2259 1767 2313 ἐθνει

180 2356 213 2407 ὁ
242 2352 573 2424 φοῧούμενος
625 2353 784 2406 αὐτὸν
833 2354 927 2407 καὶ
976 2353 1342 2425 ἐργαζόμενος
1389 2350 1765 2423 δικαιοσύνην,

178 2446 376 2509 δεκτὸς
406 2447 555 2518 αὐτῷ
586 2446 738 2501 ἔσται
770 2447 900 2519 (60)·
934 2446 1229 2518 ἐξέστησαν
1256 2446 1313 2498 δέ
1352 2445 1445 2498 ἐπὶ
1477 2444 1653 2515 τούτῳ
1675 2445 1769 2497 καὶ

179 2543 238 2594 οἱ
276 2542 344 2593 ἐκ
382 2542 681 2613 περιτομῆς
731 2539 926 2593 πιστοί.
985 2539 1100 2592 Νῦν
1140 2534 1232 2593 οὖν
1270 2538 1322 2591 τί
1363 2537 1651 2609 πειράζετε
1679 2536 1769 2591 τὸν

182 2632 356 2699 Θεὸν,
404 2632 668 2686 ἐπιθεῖναι
700 2630 863 2701 ζυγὸν
900 2631 1070 2704 βαρὺν
1101 2631 1193 2685 ἐπὶ
1223 2630 1315 2684 τὸν
1350 2629 1621 2703 τράχηλον
1657 2630 1770 2683 τῶν

188 2724 471 2796 μαθητῶν,
492 2725 551 2778 ὃν
570 2723 694 2778 οὕτε
707 2727 739 2795 ή
747 2728 886 2796 μείς,
901 2723 1024 2777 οὕτε
1037 2726 1086 2778 οί
1114 2723 1349 2795 πατέρες
1369 2723 1525 2794 ήμῶν
1548 2722 1772 2793 ἰσχύσα-

1864 503 1999 558 dixit
2030 506 2161 560 mihi
2187 504 2423 576 Spiritus
2458 529 2469 562 ς
2510 528 2530 559 ‹
2569 508 2707 563 Ecce
2736 508 2840 561 viri
2875 517 3127 578 qtuerunt
3157 519 3229 564 te.
3262 508 3438 581 Surge

1866 596 2050 667 itaque
2101 608 2156 653 et
2198 598 2335 654 vade
2367 615 2492 653 eum
2523 602 2624 664 eis,
2676 600 2817 658 nihil
2854 601 3144 667 dubitans;
3177 602 3305 671 quia
3334 619 3437 673 ego

1867 690 1990 744 misi
2024 690 2146 746 illos
2177 691 2267 745 ‘°°.
2310 709 2328 743 ι
2358 691 2399 744 Ii
2433 699 2615 746 autem
2641 700 2801 747 erant
2830 693 2907 746 illi
2938 694 3030 762 qui
3056 709 3085 746 a
3115 695 3437 751 centurione

1862 782 2172 837 veniebant.
2194 784 2368 853 Atque
2398 783 2469 837 ita
2504 800 2715 839 meeum
2734 795 3015 854 reputans,
3038 787 3280 841 intellexi
3310 803 3438 841 ver-
3494 812 3495 815 η

1867 877 1993 929 bum
2053 874 2264 929 Domini
2318 876 2463 945 quod
2495 877 2763 946 scriptum
2792 885 2875 932 est
2902 898 2914 932 :
2947 898 2966 929 ι
3003 877 3193 932 Omnis
3229 880 3321 949 qui
3348 879 3436 932 in-

1864 966 2139 1021 vocaverit
2191 983 2390 1022 nomen
2440 968 2677 1032 Domini,
2734 971 2919 1025 salvus
2968 970 3144 1037 erit‘;
3188 990 3206 1021 ι
3240 980 3293 1025 et
3336 971 3438 1024 ite-

1866 1073 1988 1111 rum
2022 1077 2034 1112 :
2074 1077 2093 1110 ι
2122 1058 2602 1123 Reminiscentur,
2633 1068 2688 1115 et
2732 1069 3123 1116 convertentur
3152 1062 3217 1115 ad
3250 1062 3438 1115 Domi-

1867 1166 1996 1204 num
2028 1165 2220 1206 omnes
2245 1150 2379 1205 ﬁnes
2411 1160 2602 1213 terrae,
2624 1163 2679 1206 et
2718 1152 3027 1206 adorabunt
3059 1154 3112 1206 in
3137 1163 3437 1224 conspectu

1866 1242 1986 1310 ejus
2018 1244 2285 1298 universae
2327 1243 2546 1298 familia:
2598 1245 2875 1311 gentium;
2920 1248 3178 1315 quoniam
3223 1246 3435 1299 Domini

1866 1344 1950 1388 cst
1996 1350 2225 1404 regnum
2270 1343 2323 1390 et
2379 1336 2494 1405 ipse
2544 1336 2920 1392 dominabitur
2959 1340 3213 1407 gentibus
3233 1341 3277 1393 ³.
3316 1358 3336 1391 ι
3373 1337 3440 1391 Ει

1866 1428 2133 1497 cogitans,
2163 1428 2366 1498 ubique
2395 1429 2462 1483 de
2492 1430 2779 1485 vocatione
2820 1431 3062 1500 gentium
3107 1431 3440 1485 mentionem

1868 1520 2007 1579 fieri.
2033 1521 2270 1583 surrexi,
2304 1536 2366 1574 ac
2391 1521 2460 1575 ivi
2486 1537 2609 1575 cum
2639 1523 2754 1589 eis;
2790 1531 2844 1577 et
2887 1523 3084 1577 intravi
3128 1524 3181 1576 in
3217 1522 3441 1577 domum

1866 1611 2040 1677 viri’;
2078 1628 2313 1682 cumque
2334 1613 2513 1667 adhuc
2544 1615 2771 1669 verbum
2794 1617 3172 1669 annuntiarem
3193 1655 3209 1677 ,
3242 1614 3443 1669 cecidit

1870 1703 2107 1775 Spiritus
2136 1714 2362 1761 sanctus
2402 1706 2454 1760 in
2488 1722 2613 1760 eum
2644 1717 2809 1775 atque
2841 1708 2894 1760 in
2938 1706 3062 1761 illos
3091 1708 3182 1776 qui
3212 1721 3336 1760 eum
3373 1720 3441 1759 eo

1867 1797 2114 1863 aderant,
2154 1798 2613 1867 quemadmodum
2669 1799 2722 1852 in
2772 1814 2872 1853 nos
2909 1799 3067 1853 initio
3094 1798 3151 1863 ‘;
3195 1798 3441 1867 mbilque

1864 1892 2125 1947 discrevit
2175 1893 2320 1946 inter
2371 1907 2476 1946 nos
2514 1908 2579 1946 ac
2612 1891 2766 1953 illos,
2802 1890 2905 1945 fide
2940 1890 3241 1960 puriﬁeans
3273 1888 3440 1944 corda

1869 1987 2088 2041 illorum
2118 1987 2161 2041 ⁸.
2216 1984 2281 2038 Ει
2304 2001 2404 2056 ego
2433 1984 2628 2055 agnovi
2670 1983 2814 2054 quod
2847 1982 2989 2038 Deus
3020 1996 3129 2035 non
3163 1990 3249 2036 est
3277 1994 3440 2033 acce-

1867 2089 1990 2150 ptor
2036 2078 2460 2150 personarum“;
2499 2078 2596 2132 sed
2639 2078 2696 2130 in
2750 2077 2898 2130 onmi
2946 2083 3128 2146 gente,
3165 2074 3257 2143 qui
3288 2074 3445 2126 timet

1865 2188 2013 2237 eum,
2044 2185 2110 2225 ac
2149 2178 2408 2241 operatur
2448 2169 2724 2238 justitiam
2747 2209 2762 2232 ,
2801 2180 3063 2238 acceptus
3088 2166 3194 2221 erit
3231 2165 3351 2219 illi:
3390 2174 3447 2218 et

1866 2264 1934 2319 de
1962 2265 2067 2318 hoc
2103 2266 2513 2333 obstupuerunt
2550 2262 2716 2317 etiam
2762 2260 2856 2331 qui
2910 2276 2977 2315 ex
3025 2258 3447 2314 circumcisione

1869 2355 2055 2413 ﬁdeles
2090 2358 2134 2411 τ.
2179 2355 2335 2411 Nunc
2377 2371 2508 2427 ergo
2567 2354 2699 2426 quid
2744 2354 2967 2409 tentatis
3010 2350 3217 2414 Deum,
3269 2350 3447 2419 impo-

1868 2449 2373 2520 nerejugumgrave
2390 2463 2557 2517 super
2590 2446 2833 2501 cervices
2862 2445 3280 2514 discipulorum,
3300 2441 3447 2511 quod

1870 2557 2045 2612 neque
2057 2556 2159 2597 nos
2186 2557 2363 2611 neque
2380 2548 2565 2611 patres
2583 2539 2755 2594 nostri
2781 2546 3001 2608 portare
3023 2533 3445 2607 potuimus?sed

1870 2634 2207 2704 pergratiam
2225 2630 2738 2687 Dominicredimus
2763 2629 2986 2692 salvari,
3015 2628 3159 2684 sicut
3188 2634 3243 2681 et
3279 2626 3359 2679 illi
3379 2624 3400 2655 ⁸
3426 2644 3439 2677 :

1873 2726 2035 2780 solvit
2069 2725 2214 2780 enim
2254 2741 2358 2781 nos
2380 2724 2649 2778 Dominus
2680 2738 2748 2776 ex
2777 2720 3048 2783 vinculis,
3082 2728 3137 2775 et
3171 2733 3313 2773 onus
3345 2731 3446 2770 no-

187 2836 296 2888 μεν
310 2817 575 2889 βαστάσαι
592 2834 606 2883 ;
621 2817 855 2871 ἀλλὰδιά
866 2818 964 2889 τῆς
975 2817 1196 2890 χάριτος
1206 2815 1299 2870 τοῦ
1312 2817 1517 2887 Κυρίου
1532 2815 1776 2869 πιστεύο-

1876 2827 2045 2874 strum
2070 2820 2186 2875 leve
2209 2818 2408 2883 effecit,
2435 2827 2488 2874 et
2512 2819 2702 2889 jugum
2740 2814 3025 2887 gravitatis
3071 2827 3135 2867 ac
3184 2808 3449 2866 molestia:

188 2930 296 2981 μεν
310 2911 567 2981 σωθῆναι,
583 2910 775 2964 καθ’ὃν
806 2910 1007 2982 τρόπον
1034 2910 1298 2964 κάκεῖνοι·
1321 2908 1478 2963 ἔλυσε
1498 2908 1607 2980 γὰρ
1627 2909 1775 2979 ἡμᾶς

1876 2912 2125 2967 dissolvit
2171 2928 2201 2965 a
2256 2912 2415 2967 nobis
2446 2911 2668 2966 lenitate
2702 2925 2822 2965 sua.
2857 2929 2873 2960 ι
2917 2907 3041 2962 Ilaec
3072 2922 3158 2960 me
3211 2906 3445 2966 dicente,

182 3008 218 3059 ὁ
247 3006 456 3076 Κύριος
477 3007 539 3058 ἐκ
564 3004 672 3057 τῶν
692 3004 929 3075 δεσμῶν,
956 3005 1050 3056 καὶ
1085 3002 1360 3074 ἠλάφρυνε
1386 3001 1449 3053 τὸ
1468 3000 1684 3071 φορτίον
1711 3003 1776 3073 ή-

1876 3005 2131 3059 universa
2165 3003 2456 3057 multitudo
2483 3001 2760 3058 silentium
2814 3000 3009 3053 tenuit.
3062 2997 3239 3067 Atque
3288 2995 3451 3050 Jaco-

188 3099 336 3169 μῶν,
374 3099 468 3151 καὶ
496 3097 587 3150 τὸν
610 3095 771 3165 ζυγὸν
802 3096 895 3150 τοῦ
930 3096 1128 3167 βάρους
1162 3094 1431 3166 πραότητι
1463 3093 1649 3146 ἔλυσεν
1680 3094 1771 3162 ἀφ’

1876 3098 1978 3153 bus
2010 3096 2175 3151 frater
2199 3093 2414 3149 Domini
2447 3092 2754 3163 respondit,
2780 3090 3000 3145 dicens:
3034 3109 3052 3139 ι
3085 3088 3198 3142 Viri
3229 3088 3450 3151 fratres,

182 3191 410 3262 ἡμῶν.»
442 3190 623 3243 Ταῦτα
649 3190 705 3244 δέ
763 3207 862 3262 μου
913 3188 1178 3252 εἰπόντος,
1238 3187 1493 3256 ἐσίγησεν
1544 3186 1688 3240 ἆπαν
1714 3186 1776 3239 τὸ

1878 3188 2063 3242 audite
2097 3202 2204 3240 me.
2262 3184 2454 3239 Simon
2510 3182 2780 3245 narravit,
2836 3178 3300 3250 quemadmodum
3339 3178 3455 3248 pri-

186 3282 405 3353 πλῆθος
424 3300 437 3314 ·
490 3281 762 3354 ἀπεκρίθη
800 3282 858 3335 δὲ
924 3280 1177 3344 Ἰάκωϐος
1206 3281 1235 3332 6
1261 3279 1355 3332 τοῦ
1395 3277 1599 3350 Κυρίου
1625 3279 1779 3332 ἀδελ-

187 3378 320 3446 φὸς,
359 3375 531 3444 λέγων
555 3393 569 3406 ·
615 3394 633 3427 ι
663 3375 890 3446 Ἀνδρες
920 3373 1158 3443 ἀδελφοὶ,
1218 3372 1509 3426 ἀκούσατε.
1556 3371 1778 3442 Συμεὼν

185 3468 528 3539 ἐξηγήσατο,
561 3465 741 3530 καθὼς
771 3466 985 3537 πρῶτον
1009 3467 1038 3519 6
1063 3464 1195 3529 Θεὸς
1224 3463 1564 3533 ἐπεσκέψατο
1596 3462 1780 3516 λαϐεῖν

187 3561 262 3625 ἐξ
291 3560 463 3614 ἐθνῶν
504 3559 632 3612 λαὸν
685 3558 760 3631 τῷ
789 3558 1015 3629 ὀνόματι
1070 3555 1236 3611 αὐτοῦ
1271 3554 1411 3627 (61)·
1474 3556 1569 3609 καὶ
1604 3554 1779 3626 τούτῳ

193 3653 586 3726 συμφωνοῦσιν
616 3653 665 3706 οί
693 3652 839 3721 λόγοι
866 3652 975 3705 τῶν
1004 3649 1319 3721 προφητῶν,
1354 3647 1537 3711 καθὼς
1573 3647 1778 3719 γέγρα-

188 3746 605 3802 mar—Mevi
652 3746 823 3799 ταῦτα
854 3743 1197 3817 ἀναστρέψω,
1229 3741 1324 3795 καὶ
1378 3741 1782 3812 ἀνοικοδομήσω

187 3842 303 3914 τὴν
330 3841 539 3912 σκηνὴν
561 3839 726 3893 Δαϐὶδ
752 3839 850 3909 τὴν
870 3840 1245 3898 πεπτωκυῖαν,
1267 3834 1361 3889 καὶ
1380 3833 1449 3887 τὰ
1468 3850 1783 3904 κατεσκαμ-

195 3936 348 4007 μένα
398 3934 570 4003 αὐτῆς
615 3931 1042 4001 ἀνοικοδομήσω,
1092 3928 1189 3982 καὶ
1241 3924 1535 3998 ἀνορθώσω
1590 3922 1781 3995 αὐτὴν.

190 4030 355 4092 ὅπως
391 4027 456 4080 ἂν
488 4025 860 4097 ἐκζητήσωσιν
907 4022 959 4074 oi
1008 4018 1327 4075 κατάλοιποι
1346 4016 1453 4070 τῶν
1482 4014 1784 4088 ἀνθρώπων

189 4122 297 4174 τὸν
323 4119 545 4191 Κύριον,
577 4117 673 4171 καὶ
703 4116 880 4169 πάντα
908 4113 977 4167 τὰ
1005 4111 1155 4183 ἔθνη,
1189 4111 1274 4180 ἐφ’
1303 4108 1399 4172 οὒς
1428 4107 1785 4177 ἐπικέκληται

190 4215 269 4268 τὸ
306 4212 480 4284 ὄνομά
529 4228 629 4283 μου
680 4210 766 4263 ἐπ’
816 4208 1034 4269 αὐτοὺς,
1090 4204 1237 4273 λέγει
1282 4202 1487 4274 Κύριος
1539 4200 1569 4253 6
1616 4199 1785 4253 ποιῶν

189 4302 691 4361 ταῦταρ-Γνωστά
736 4302 829 4355 ἀπ’
866 4299 1060 4362 αἰῶνός
1086 4295 1310 4366 ἐστιτῷ
1354 4294 1475 4363 Θεῷ
1515 4291 1788 4347 πάντατά

193 4400 346 4471 ἔργα
380 4398 563 4451 αὑτοῦ.
613 4395 706 4449 Διὸ
764 4392 873 4462 ἐγὼ
924 4391 1112 4462 ἔκρινα
1144 4388 1254 4460 (62)
1314 4386 1388 4458 μὴ
1435 4384 1785 4457 παρενοχλεῖν

1879 3295 2027 3333 mum
2060 3276 2205 3332 Deus
2239 3275 2483 3330 visitavit
2524 3288 2741 3329 sumere
2786 3287 2854 3326 ex
2907 3268 3161 3341 gentibus
3192 3270 3452 3340 populum

1880 3369 2087 3424 nomini
2138 3382 2241 3423 suo
2272 3385 2288 3422 :
2321 3377 2375 3421 et
2433 3366 2563 3420 huic
2592 3364 2935 3419 concordant
2964 3362 3134 3418 verba
3161 3362 3457 3433 propheta-

1885 3474 2040 3524 rum;
2070 3458 2212 3513 sicut
2239 3457 2501 3525 scriptum
2535 3456 2657 3509 est'
2686 3470 2699 3506 :
2724 3482 2791 3490 —
2822 3453 2955 3506 Post
2979 3451 3096 3505 hate
3118 3459 3375 3511 revertar,
3402 3461 3461 3503 et

1886 3547 2227 3607 reaedificabo
2248 3546 2657 3601 tabernaculum
2692 3542 2930 3608 Davidis,
2958 3541 3105 3613 quod
3138 3541 3372 3607 decidit,
3405 3550 3462 3595 et

1885 3645 2066 3700 diruta
2097 3643 2217 3712 ejus
2256 3635 2620 3703 resedificabo,
2673 3648 2728 3693 et
2752 3640 2957 3708 erigant
2988 3636 3150 3703 illud;
3185 3644 3245 3689 ut
3273 3636 3461 3704 requi-

1886 3747 2011 3794 rant
2040 3735 2219 3791 cmteri
2248 3734 2531 3788 hominum
2571 3731 2893 3795 Dominum;
2921 3739 2975 3784 et
3019 3743 3210 3784 omnes
3250 3735 3460 3797 gentes,

1888 3846 2052 3901 super
2080 3844 2219 3899 quas
2245 3828 2553 3883 invocatum
2577 3835 2660 3879 est
2695 3840 2891 3879 nomen
2926 3838 3105 3878 meum
3126 3864 3141 3887 ,
3182 3821 3317 3877 dicit
3356 3819 3464 3871 D0-

1889 3926 2091 3989 minus,
2126 3923 2331 3978 faciens
2359 3916 2730 3975 Inec.—Nota
2757 3933 2788 3971 a
2827 3915 3025 3972 saequ
3066 3923 3196 3971 sunt
3227 3913 3463 3967 Domino

1884 4013 2066 4069 omnia
2096 4026 2259 4082 opera
2281 4024 2399 4065 sua.
2432 4006 2658 4077 Propter
2704 4003 2851 4075 quod
2896 4018 2996 4074 ego
3041 4001 3312 4072 iudicavi,
3349 4017 3460 4055 non

1886 4104 2275 4178 inquietandos
2316 4117 2414 4157 eos
2439 4100 2533 4171 qui
2582 4115 2648 4154 ex
2688 4097 2943 4168 gentibus
2967 4103 3363 4151 convertuntur
3392 4094 3463 4149 ad

1888 4198 2087 4263 Deum;
2121 4194 2217 4251 sed
2245 4192 2598 4250 scribendum
2644 4189 2712 4243 ad
2761 4204 2879 4250 eos.
2914 4194 2973 4241 ut
3005 4188 3318 4241 abstineant
3345 4202 3403 4241 se
3432 4202 3464 4238 a

1888 4285 2448 4344 contaminationibus
2473 4282 2693 4353 gentilis
2729 4279 3041 4351 idolothyti,
3076 4286 3131 4332 et
3176 4278 3463 4347 sanguine,

1888 4391 1942 4437 et
1965 4379 2265 4443 suffocatis,
2297 4386 2352 4433 et
2408 4374 2773 4431 fornicatione
2809 4373 2920 4439 ⁸ος»
2955 4386 3079 4442 qua:
3127 4370 3290 4426 etiam
3321 4369 3468 4423 anti-

192 4462 323 4556 τές
350 4492 458 4544 ἀπὺ
507 4489 618 4543 τῶν
665 4488 832 4541 ἐθνῶν
876 4483 1289 4555 ἐπιστρέφουσιν
1338 4479 1430 4532 ἐπὶ
1476 4478 1567 4531 τὸν
1624 4478 1775 4531 Θεόν·

1885 4477 2009 4547 quis
2035 4476 2165 4539 illis,
2192 4472 2285 4543 qui
2312 4479 2440 4525 ante
2468 4470 2641 4539 legem
2700 4464 3005 4522 secundum
3036 4472 3287 4518 naturam
3317 4462 3469 4517 vive-

196 4587 326 4641 ἀλλ⁹
365 4584 473 4655 (65)
513 4580 813 4637 ἐπιστεῖλαι
856 4578 1040 4639 αὐτοῖς
1088 4574 1183 4627 τοῦ
1226 4564 1525 4641 ἀπέχεσθαι
1548 4568 1656 4622 ἀπὸ
1673 4569 1781 4623 τῶν

195 4678 599 4749 ἀλισγημάτων
631 4674 739 4728 τῶν
767 4672 932 4727 ἐθνῶν
983 4666 1353 4729 είδωλοθύτου,
1398 4665 1493 4718 καὶ
1530 4664 1780 4734 αἵματος,

192 4774 310 4828 καὶ
338 4769 583 4834 πνικτοῦ,
630 4767 725 4823 καὶ
773 4761 1049 4835 πορνείας·
1072 4759 1250 4830 ιᾶπερ
1304 4757 1396 4811 καὶ
1446 4760 1559 4819 τοῖς
1618 4754 1785 4808 πάλαι

1886 4575 2039 4634 bant,
2069 4568 2278 4625 sancita
2304 4566 2538 4628 fuerant,
2576 4562 2782 4621 Enoso,
2832 4557 3115 4624 Henocho,
3148 4554 3298 4618 Noae,
3331 4554 3467 4610 Mel-

1890 4663 2208 4722 chisedeco,
2272 4657 2433 4720 Jobo,
2468 4664 2521 4711 et
2548 4654 2595 4711 si
2622 4655 2745 4724 quis
2767 4648 3088 4719 hujusmodi
3136 4646 3256 4701 fuit.
3314 4644 3469 4699 Tunc

1893 4756 2096 4826 placuit
2144 4752 2300 4807 nobis
2327 4748 2612 4821 apostolis,
2646 4754 2701 4799 et
2756 4744 3016 4813 episcopo
3047 4739 3276 4804 Jacobo,
3304 4748 3359 4793 et
3388 4754 3471 4795 se-

290 4957 357 4987 ¹⁸⁶
384 4952 518 5009 Ibid.
545 4952 631 5007 Π.
709 4950 724 4981 ¹
755 4948 889 5003 Joel.
918 4962 977 4999 ιι.
1007 4945 1100 4999 59..
1175 4942 1357 4996 ’Psal.
1393 4959 1506 5005 xm,
1532 4942 1621 4996 εδ.
1698 4941 1719 4972 ⁸
1753 4941 1793 4992 A

1892 4956 1968 5001 xu,
2004 4938 2090 4993 12.
2168 4938 2185 4967 ⁸
2215 4936 2334 4989 Act.
2361 4950 2435 4996 Kl,
2476 4932 2561 4985 15.
2641 4930 2660 4960 ⁵
2694 4929 2814 4982 Act.
2848 4943 2936 4990 xv,
2967 4924 3021 4978 9.
3097 4922 3118 4952 ‘
3150 4919 3271 4975 Act.
3306 4922 3470 4987 3,56.

199 5030 229 5061 ⁹
269 5025 408 5081 Ibid.
435 5025 526 5079 65.
601 5022 623 5054 ⁸
655 5021 774 5074 Act.
807 5034 897 5081 xv,
934 5018 1015 5071 Il).
1093 5014 1321 5068 ’Amos.
1361 5030 1433 5076 Ix,
1465 5016 1549 5068 ll.
1628 5013 1670 5043 ¹⁰
1695 5011 1816 5065 Act.
1859 5028 1946 5074 xv,
1979 5010 2057 5063 I5.

1528 5187 1892 5246 VARIORUM
1927 5186 2157 5243 NOTAE.

295 5361 412 5431 (58)
442 5361 684 5428 Κυρίου.
715 5360 822 5413 Τοῦ
845 5360 1073 5431 Κυρίου.
1106 5359 1276 5431 (Itan.

296 5425 413 5502 (59)
450 5425 811 5502 Κάθαρίσας.
844 5425 995 5483 Alter
1020 5429 1169 5494 cod.,
1193 5425 1516 5497 καθαρίσαν,
1556 5433 1614 5477 ιιι
1651 5425 1793 5480 refe-

208 5500 384 5563 ratur
398 5499 473 5556 ad
502 5500 746 5571 πνεῦμα.
774 5499 848 5555 In.

298 5574 415 5643 (60)
459 5566 696 5643 Ἐ’ςγτιιὶἑ
725 5570 783 5643 l_n
809 5570 982 5643 altero
1012 5567 1300 5643 (Ῥώμῄ.
1321 5566 1397 5643 In.

438 5624 703 5702 Mam;
727 5637 968 5712 ὀνόματι
990 5630 1199 5687 αὑτοῦ.
1228 5629 1411 5683 Lectio
1441 5624 1803 5712 quorumdam

213 5696 616 5783 interpretum,
627 5696 1007 5783 quorumdam
1028 5719 1187 5783 mss”
1204 5696 1573 5783 ,ηιιιιειιιρςιιιηι
1606 5696 1803 5783 editiu-

219 5768 394 5852 itum;
411 5768 803 5839 nonnullorum
846 5776 1089 5842 Patrum,
1117 5774 1172 5828 in
1203 5768 1288 5827 his
1319 5771 1378 5827 Β.
1402 5768 1803 5841 Chrysostomi,

1895 5364 2068 5419 eoque
2104 5343 2654 5419 forsaancumenio
2704 5339 3017 5419 reddenda;
3065 5334 3475 5419 Theophvlaeto

1900 5408 2080 5475 autem
2133 5433 2242 5471 non
2293 5415 2500 5487 forsan,
2536 5412 2629 5467 sed
2655 5412 2961 5487 ‘om_ni_no,_
2986 5408 3131 5487 quod
3191 5408 3475 5487 exhipsius

1901 5488 2239 5560 expositione
2265 5484 2613 5560 manifestum
2752 5482 2901 5536 Alias
2929 5478 3114 5560 hujus
3153 5478 3351 5546 capitis
3382 5480 3476 5560 vae

1907 5553 2113 5615 viantes
2171 5556 2487 5626 Scripturas
2541 5553 2790 5608 similiter
2847 5559 3017 5605 nota:
3102 5561 3277 5618 neque
3332 5559 3476 5597 enim

1910 5628 2173 5696 exemplis
2201 5626 2561 5681 carentllor.

1985 5686 2097 5768 (62')
2137 5700 2404 5768 Ἕκρινᾳ.
2440 5696 2497 5749 In
2528 5691 2853 5768 altero‘cod:
2886 5691 3073 5768 κρίνοι.
3105 5686 3202 5743 CL.

1988 5700 2075 5768 (62
2137 5700 2404 5766 Ἕκρινα.
2440 5698 2497 5749 In
2528 5698 2700 5748 altero
2730 5698 2853 5746 cod.
2886 5698 3073 5762 κρίνω.
3105 5698 3122 5740 t

1988 5698 2099 5841 (65)
2152 5768 2335 5825 Ἀλλ’.
2360 5767 2420 5823 In
2448 5765 2639 5823 eodem
2668 5762 2783 5818 ἀλλ’
2812 5762 2870 5832 η,
2905 5760 3025 5815 nisi.
3044 5755 3122 5814 In.
