3946 6334
210 320 298 377 965

1050 311 1653 369 CONSTITUTIONES
1692 311 2249 370 ΑΡΟΒΤΟΙᾸΟᾹΞπ-
2287 312 2416 371 LlB.
2455 313 2542 371 Vl.

3306 322 3418 382 906

204 430 268 485 οὐ
290 425 387 497 γάρ
405 422 599 477 θυσιῶν
620 422 796 476 δέεται
816 421 967 489 Θεὸς,
988 423 1242 497 ἀνενδεὴς
1260 424 1521 497 ὑπάρχων
1553 427 1619 496 τῇ
1644 425 1740 495 φύ-

1845 425 2031 480 liberaa
2064 428 2131 481 ’⁸.
2164 425 2283 481 Νοη
2318 428 2463 483 enim
2504 427 2789 486 sacriliciis
2835 438 2957 500 eget
2987 429 3151 495 Deus,
3189 433 3282 503 qui
3315 450 3417 489 na-

206 536 291 574 σει·
321 514 447 571 ἀλλὰ
488 513 792 582 γινώσκων,
829 514 1079 586 καθάπερ
1108 515 1203 569 καὶ
1221 516 1321 588 ⁸ἤδη
1343 516 1455 587 (2θ)
1480 517 1742 591 πρότερον

199 615 277 666 τόν
301 607 527 680 φιλόθεον
560 607 745 667 Ἀσελ,
780 609 874 660 καὶ
904 608 1026 661 Νῶε
1056 608 1190 678 (21),
1220 609 1312 661 καὶ
1344 608 1615 681 Ἀϐραάμ,
1649 612 1742 664 καὶ

199 706 309 765 τοὺς
334 697 579 769 καθεξῆς,
615 699 714 751 οὐκ
758 699 1099 771 αἰτηθέντας,
1139 699 1351 770 φυσικῷ
1386 701 1443 753 δὲ
1476 701 1626 773 νόμῳ
1655 719 1739 755 κι-

198 794 426 865 νηθέντας
456 791 554 860 ἀφ’
589 791 817 854 ἑαυτῶν,
861 791 1223 863 προσενέγκαι
1257 792 1445 845 θυσίαν
1482 793 1603 863 Θεῷ
1634 793 1741 846 ἀπὸ

195 884 391 956 γνώμης
418 882 756 955 εὐχαρίστου,
789 884 1070 955 ἐπιτρέπει
1093 884 1187 936 καὶ
1214 882 1307 937 νῦν
1353 884 1641 957 Ἑϐραίοις,
1678 887 1738 939 ού

195 977 549 1047 προστάσσων,
595 975 708 1028 ἀλλ’
743 978 790 1028 εἰ
824 975 1159 1045 βουληθῶσι,
1202 977 1498 1048 συγχωρῶν
1521 1016 1537 1040 ,
1572 978 1667 1030 xal.
1692 979 1739 1031 εί

190 1070 283 1123 ἀπὸ
325 1067 484 1139 ὀρθῆς
530 1068 858 1139 προσοίσωσι
896 1068 1005 1139 (22)
1047 1067 1300 1139 γνώμης,
1367 1068 1602 1123 εύδοκῶν
1649 1071 1740 1123 ἐπὶ

188 1165 292 1224 ταῖς
320 1160 525 1223 θυσίαις
555 1160 755 1213 αὐτῶν.
786 1160 884 1213 Διὰ
916 1160 1074 1213 τοῦτό
1114 1177 1299 1230 φησιν’
1339 1162 1400 1213 Εἰ
1440 1160 1589 1213 θύειν
1624 1162 1736 1231 (25)

186 1253 464 1324 ἐπιθυμεῖς,
500 1251 562 1304 ού
591 1251 828 1322 δεομένῳ
858 1269 945 1323 μοι
976 1251 1069 1305 θύε
1093 1268 1106 1282 ·
1138 1251 1349 1314 οὐδενὸς
1367 1252 1475 1323 γὰρ
1495 1254 1551 1304 ἐν
1580 1253 1739 1324 χρείᾳ

186 1345 470 1415 καθέστηκα
495 1361 510 1374 ’
568 1363 586 1395 ι
616 1346 753 1415 Ἐμὴ
792 1346 901 1415 γάρ
948 1347 1093 1397 ἐστιν
1136 1347 1170 1415 ἡ
1206 1344 1498 1415 οἰκουμένη
1542 1345 1636 1397 καὶ
1678 1345 1739 1399 τὸ

184 1439 430 1509 πλήρωμα
490 1437 680 1507 αὐτῆς.
725 1457 743 1487 ι
816 1437 1005 1491 Ὁπότε
1043 1437 1101 1490 δὲ
1140 1437 1189 1489 οἱ
1236 1436 1331 1488 τοῦ
1372 1436 1501 1489 λαοῦ
1548 1436 1736 1490 τούτου

184 1531 279 1599 (24)
304 1530 609 1601 ἀμνήμονες
641 1528 909 1601 ὑπῆρξαν,
943 1529 1038 1583 καὶ
1072 1528 1268 1599 μόσχον
1298 1528 1418 1581 ἀντὶ
1450 1528 1584 1581 Θεοῦ
1618 1528 1739 1582 θεὸν

180 1622 571 1686 ἐπεκαλέσαντο,
595 1623 689 1676 καὶ
716 1622 891 1693 τούτῳ
911 1623 1009 1693 τὴν
1040 1621 1217 1674 αἰτίαν
1245 1620 1345 1691 τῆς
1377 1619 1437 1686 ἐξ
1463 1619 1736 1688 Αἰγύπτου

182 1714 379 1787 πορείας
423 1713 761 1785 ἐπέγραψαν,
810 1714 1058 1783 λέγοντες
1083 1731 1096 1744 ·
1131 1705 1327 1769 «Οὗτοι
1360 1714 1411 1766 οἰ
1456 1712 1567 1767 θεοί
1620 1729 1735 1777 σου,

1844 524 1966 570 tura
1995 532 2095 572 sua
2140 519 2348 574 nullius
2390 519 2465 574 rei
2515 527 2601 576 est
2631 519 2923 592 indiguus;
2956 523 3053 577 sed
3081 538 3207 578 cum
3251 527 3418 582 sciret

1842 608 1989 678 quod
2013 610 2125 679 jam
2157 618 2317 665 antea
2344 610 2438 665 Dei
2468 628 2659 668 amans
2683 612 2817 668 Abel
2842 653 2857 677 ,
2893 622 2949 668 et
2975 612 3089 669 Noe
3111 654 3126 679 ,
3158 623 3213 670 et
3242 616 3411 671 Abrac

1842 702 1988 763 ham,
2025 709 2077 756 et
2108 702 2200 755 alii
2242 702 2523 773 deinceps,
2549 720 2658 757 non
2695 704 2858 773 jussi,
2894 706 2988 760 sed
3032 708 3271 761 naturali
3302 708 3419 777 lege

1842 794 2010 857 moti,
2042 802 2239 864 sponte
2276 794 2387 851 Deo
2424 795 2738 851 obtulerant
2778 798 3109 852 sacriﬁcium
3146 814 3211 853 ex
3260 808 3417 869 grato

1842 886 2061 953 animo;
2093 885 2285 942 eodem
2316 890 2476 942 modo
2505 897 2559 943 et
2586 905 2734 943 nunc
2762 890 2813 944 id
2838 893 3101 960 permittit
3136 891 3413 955 llebrteis;

1841 994 1949 1032 non
1981 980 2304 1050 praecipiens
2330 1022 2345 1045 ,
2394 982 2489 1035 sed
2534 982 2580 1036 si
2613 983 2914 1048 voluerint,
2947 985 3294 1051 concedens;
3327 993 3414 1039 at-

1839 1089 1946 1142 que
1979 1075 2024 1127 si
2053 1081 2202 1128 recto
2224 1074 2409 1129 animo
2437 1075 2756 1140 obtulerint,
2790 1086 3084 1146 acceptans
3112 1093 3300 1139 eorum
3324 1094 3418 1132 sa-

1840 1164 2066 1220 criﬁcia.
2093 1163 2218 1220 Ideo
2249 1168 2325 1220 ait
2354 1187 2365 1222 :
2402 1166 2459 1221 Si
2483 1167 2798 1223 sacrificare
2828 1169 3009 1239 cupis,
3036 1170 3168 1223 mihi
3190 1186 3298 1225 non
3332 1172 3417 1227 in-

1839 1255 2041 1325 digenti
2072 1255 2322 1309 sacriﬁca
2351 1271 2366 1320 ;
2410 1256 2465 1310 in
2506 1257 2712 1312 nullius
2750 1257 2950 1327 quippe
2980 1257 3056 1311 rei
3082 1257 3263 1329 inepia
3293 1275 3415 1314 sum

1839 1348 2180 1401 constitutus
2212 1362 2225 1397 :
2260 1366 2277 1397 ι
2309 1345 2464 1402 Meus
2492 1349 2637 1403 enim
2663 1356 2748 1403 est
2771 1349 2923 1403 orbis
2947 1356 3127 1411 terrae,
3165 1357 3219 1404 et
3242 1350 3418 1419 pleni~

1840 1439 1970 1492 tudo
2002 1439 2211 1508 ejus”.
2253 1459 2271 1491 ι
2308 1439 2603 1510 Postquam
2647 1457 2774 1494 vero
2813 1440 2977 1510 hujus
3004 1442 3080 1496 rei
3128 1443 3416 1497 immemor
3458 1424 3478 1505 ηί

1842 1530 1940 1584 fuit
1965 1532 2231 1601 populus;
2263 1540 2317 1587 et
2341 1548 2438 1601 pro
2469 1531 2576 1587 Deo
2593 1534 2820 1587 vitulum
2851 1542 3189 1588 vocaverunt
3220 1533 3411 1599 Deum,

1837 1624 1996 1693 eique
2044 1639 2266 1677 causam
2324 1625 2660 1694 egressionis
2719 1641 2785 1680 ex
2836 1623 3073 1696 Egypto
3142 1626 3415 1696 ascripse-
3460 1648 3469 1674 ν

1839 1717 1988 1773 runt,
2020 1710 2267 1766 dicentes
2299 1728 2312 1762 ε
2353 1730 2372 1763 ι
2401 1711 2465 1765 Hi
2505 1713 2579 1767 dii
2616 1715 2717 1776 tui,
2762 1712 2962 1778 Israel,
2988 1717 3082 1785 qui
3114 1728 3165 1771 te
3206 1717 3415 1772 eduxe-

178 1807 390 1879 Ἰσραὴλ,
424 1808 475 1859 οἰ
506 1806 865 1876 ἐξαγαγόντες
896 1823 953 1858 σε
985 1808 1049 1859 ἐκ
1078 1806 1198 1877 ,γῆς
1232 1806 1541 1875 Αίγύπτουο
1578 1824 1596 1857 ι
1636 1806 1731 1858 καὶ

1835 1811 1962 1857 runt
1998 1801 2065 1857 de
2093 1812 2237 1858 terra
2272 1803 2590 1877 Egypti”;
2627 1826 2645 1857 ι
2695 1815 2748 1860 et
2777 1807 2942 1878 impie
2966 1808 3193 1861 adorato
3232 1810 3411 1864 simu-

176 1900 581 1969 δυσσεϐήσαντες
600 1901 678 1963 είς
706 1900 956 1969 ὁμοίωμα
988 1899 1187 1969 μόσχου
1218 1898 1489 1961 ἐσθίοντος
1518 1898 1729 1969 χόρτον,

175 1990 533 2059 ἐπηρνήσαντο
580 1988 694 2058 (25)
720 1988 871 2051 Θεὸν,
904 1988 995 2041 τὸν
1027 1989 1113 2042 διὰ
1154 1991 1396 2055 Μωσέως
1432 1992 1726 2062 ἐπισκεψά-

178 2097 314 2151 μενον
349 2079 550 2143 αὐτοὺς
578 2081 637 2132 ἐν
654 2082 719 2151 τῇ
748 2078 924 2150 θλίψει
946 2079 1125 2133 αὐτῶν
1145 2097 1159 2111 ο
1194 2081 1285 2135 τὸν
1310 2082 1382 2136 τὰ
1413 2087 1610 2154 σημεῖα
1634 2084 1729 2137 ἐπὶ

174 2172 333 2243 χειρὸς
355 2171 446 2224 καὶ
474 2171 674 2242 ῥάϐδου
705 2172 1092 2243 ποιησάμενον,
1130 2175 1369 2238 καὶτοὺς
1400 2176 1730 2243 Αἰγυπτίους

173 2264 469 2335 δεκαπληγῳ
497 2263 813 2327 πατάξαντα
832 2281 846 2295 ·
867 2265 959 2319 τὸν
980 2265 1077 2336 τὴν
1102 2265 1368 2337 Ἐρυθρὰν
1381 2266 1621 2321 διελόντα
1640 2267 1730 2323 θά-

170 2352 350 2409 λασσαν
369 2358 448 2420 εἰς
480 2357 783 2429 διαιρέσεις
804 2357 1034 2411 ὑδάτωνο
1063 2356 1155 2409 τὸν
1186 2357 1515 2425 διαγαγόντα
1534 2357 1730 2419 αὐτοὺς

170 2447 218 2498 ἐν
241 2449 377 2520 μέσῳ
406 2449 628 2514 ὓδατος,
663 2451 739 2514 ὡς
756 2451 922 2503 ἵππον
944 2451 1002 2503 ἐν
1024 2450 1195 2520 πεδίῳ
1215 2466 1229 2479 ⁸
1254 2449 1344 2502 τὸν
1359 2451 1488 2513 τοὺς
1499 2450 1593 2519 ἐχθ
1604 2450 1728 2521 ροὺς

168 2540 323 2593 αὐτῶν
342 2543 434 2594 καὶ
455 2543 782 2607 ἐπιϐούλους
806 2544 1099 2614 βυθίσαντα
1122 2561 1135 2573 ·
1158 2544 1250 2596 τὸν
1271 2545 1348 2606 εἰς
1369 2543 1592 2615 Μερράν
1615 2542 1724 2613 (26)

166 2633 250 2702 τὴν
275 2635 470 2707 πικράν
510 2638 694 2710 πηγὴν
722 2637 1068 2706 γλυκάναντα
1090 2653 1103 2665 ·
1136 2635 1226 2689 τὸν
1245 2637 1308 2688 ἐκ
1338 2634 1543 2705 πέτρας
1570 2636 1727 2705 ἀκρο-

163 2727 307 2797 τόμου
339 2731 723 2799 καταγαγόντα
746 2729 891 2801 ὕδωρ
924 2732 1002 2793 εἰς
1035 2727 1352 2799 πλησμονήν
1376 2744 1389 2757 ’
1421 2728 1511 2780 τὸν
1549 2725 1724 2798 στύλῳ

163 2821 364 2892 νεφέλης
390 2824 484 2876 καὶ
526 2822 701 2894 στύλῳ
737 2823 908 2895 πυρὸς
941 2820 1229 2886 σκιάζοντα
1253 2822 1436 2884 αὐτοῖς
1468 2820 1556 2873 διὰ
1598 2820 1724 2874 θάλ-

161 2927 246 2976 πος
269 2914 529 2986 ἄμετρον,
562 2917 655 2969 καὶ
689 2915 987 2986 φωτίζοντα
1019 2915 1112 2967 καὶ
1144 2912 1438 2983 όδηγοῦντα
1469 2914 1595 2976 τοὺς
1625 2913 1723 2966 οὐκ

162 3005 346 3072 εἰδότας
372 3010 510 3062 ὅπου
552 3009 856 3081 πορευθῶσι
878 3026 891 3038 ·
924 3008 1015 3060 τὸν
1047 3007 1106 3071 ἐξ
1126 3006 1355 3078 ούρανοῦ
1390 3006 1720 3078 μαννοδοτή-

160 3113 306 3152 σαντα
329 3102 543 3166 αὐτοῖς,
579 3102 671 3155 καὶ
697 3103 760 3154 ἐκ
791 3099 1065 3171 θαλάσσης
1100 3098 1543 3170 κρεωδοτήσαντα
1571 3099 1723 3171 ὀρτυ-

157 3192 439 3263 γομήτραν·
476 3193 575 3246 τὸν
607 3194 665 3245 ἐν
696 3192 775 3263 τῷ
811 3193 925 3264 δρει
959 3191 1392 3262 νομοθετήσαντα
1430 3185 1718 3256 αὑτοῖςόὗ

154 3279 238 3349 τῆς
271 3284 454 3354 φωνῆς
497 3282 812 3355 ἠξιώθησαν
869 3283 1168 3336 ἐπακοῦσαι
1194 3300 1207 3312 '
1244 3284 1431 3337 τοῦτον
1472 3286 1722 3359 ἀπηρνή-

157 3387 315 3437 σαντο,
347 3377 598 3440 εἰπόντες
637 3377 716 3448 τῷ
753 3375 962 3447 Ἀαρών
988 3393 1000 3406 ·
1045 3396 1063 3427 ι
1091 3376 1324 3446 Ποίησον
1369 3378 1500 3448 ἡμῖν
1542 3377 1717 3443 θεοὺς,

151 3464 192 3516 οἳ
233 3471 701 3541 προπορεύσονται
740 3471 925 3543 ἡμῶν
962 3490 981 3522 ›
1029 3471 1121 3523 καὶ
1148 3472 1581 3542 ἐμοσχοποίησαν
1609 3490 1719 3542 χω-

151 3560 334 3623 νευτὸν,
368 3564 463 3615 καὶ
487 3562 690 3616 ἔθυσαν
721 3563 799 3633 τῷ
829 3561 1032 3633 εἰδώλῳ
1055 3578 1068 3591 ·
1102 3561 1223 3614 τότε
1254 3561 1366 3633 (27)
1389 3562 1659 3635 ὀργισθεὶς
1691 3564 1719 3614 ὁ

150 3651 284 3716 Θεὸς,
332 3655 430 3709 ac:
474 3655 866 3727 άχαριστηθεὶς
907 3655 1014 3708 ὑπ’
1049 3652 1247 3716 αὐτῶν,
1287 3654 1472 3726 ἔδησεν
1520 3655 1718 3718 αὐτοὺς

152 3742 353 3815 δεσμοῖς
390 3747 618 3810 ἀλύτοις
665 3747 731 3811 θ’,
766 3746 1020 3800 στιὸώσει
1074 3745 1184 3817 (28)
1240 3746 1562 3818 φορτισμοῦ,
1623 3748 1717 3800 καὶ

148 3835 458 3911 σκληρότητι
490 3839 678 3894 κλοιοῦ
703 3857 717 3869 ο
740 3841 833 3893 καὶ
851 3840 1033 3893 οὐκέτι
1065 3836 1215 3892 εἶπεν
1238 3856 1251 3868 ’
1289 3839 1415 3892 Ἐὰν
1447 3840 1504 3892 δὲ
1534 3842 1715 3910 ποιῇς,

145 3928 283 3995 ἀλλὰ,
323 3952 340 3983 ι
370 3935 617 4005 Ποίησον
652 3932 1054 4004 θυσιαστήριον,
1096 3933 1188 3985 καὶ
1238 3930 1330 3985 θύε
1380 3932 1663 4003 διηνεκῶς
1694 3952 1712 3983 ι

143 4021 450 4096 ἐπιλήσμων
478 4025 596 4097 γάρ
624 4025 911 4095 τυγχάνεις
932 4025 1025 4077 καὶ
1051 4025 1363 4096 ἀχάριστος.
1408 4025 1718 4079 Ὀλοκαύτει

143 4111 227 4168 οὖν
258 4120 520 4190 συνεχῶς,
555 4120 619 4172 ἵν’
650 4118 1074 4193 ὑπομιμνήσκῃς
1098 4136 1221 4190 μου.
1261 4119 1478 4191 Ἐπειδὴ
1510 4119 1620 4190 γάρ
1650 4121 1718 4190 τῇ

1836 1896 1985 1949 lacro
2007 1896 2163 1951 vituli
2205 1896 2395 1951 fenum
2442 1899 2803 1963 eomedentis,
2833 1908 3170 1970 negaverunt
3214 1900 3407 1964 Deum,

1834 1989 1926 2059 qui
1944 2004 2040 2058 per
2068 1987 2267 2043 Mosem
2282 1990 2543 2054 eos,dum
2573 1990 2970 2061 afﬂigerentur,
3002 1991 3322 2047 visitaverat
3339 1994 3409 2057 ";

1832 2081 1923 2152 qui
1954 2082 2108 2152 signa
2135 2082 2189 2136 in
2230 2098 2394 2137 manu
2430 2092 2483 2137 et
2528 2083 2680 2154 virga
2717 2082 2996 2146 ediderat,
3027 2099 3091 2137 ac
3119 2082 3411 2155 Egyptios

1832 2173 2005 2243 plagis
2025 2172 2212 2227 decem
2239 2180 2611 2243 percusserat;
2641 2174 2734 2244 qui
2755 2190 2905 2230 mare
2930 2174 3178 2229 Rubrum
3203 2174 3409 2232 divise-

1831 2271 1917 2317 rat
1948 2264 2001 2318 in
2033 2280 2301 2334 aquarum
2345 2265 2646 2321 divisiones
2672 2283 2687 2332 ;
2715 2268 2806 2336 qui
2839 2284 2934 2322 eos
2966 2268 3284 2322 traduxerat
3311 2284 3412 2338 per

1831 2358 2068 2413 medium
2100 2358 2278 2423 undze,
2308 2366 2368 2412 ut
2394 2374 2597 2429 equum
2633 2360 2687 2413 in
2720 2377 2947 2431 campo;
2974 2362 3066 2432 qui
3093 2362 3277 2416 hostes
3314 2378 3412 2417 eo-

1828 2466 1951 2504 rum
1986 2466 2049 2505 ac
2090 2452 2445 2507 insidiatores
2481 2452 2859 2520 demerserat;
2898 2456 2991 2524 qui
3020 2455 3073 2509 in
3104 2454 3251 2508 Mara
3286 2453 3409 2509 fon-

1829 2548 1935 2595 tem
1966 2556 2215 2596 amarum
2257 2544 2509 2598 ell‘ecerat
2543 2543 2798 2610 dulcem;
2846 2545 2939 2614 qui
2973 2560 3038 2599 ex
3072 2554 3222 2616 petra
3266 2547 3406 2601 dura

1827 2647 2023 2702 aquam
2054 2634 2120 2688 ad
2153 2635 2461 2690 satietatem
2504 2637 2795 2701 elicuerat;
2837 2636 2930 2707 qui
2964 2653 3060 2707 per
3090 2639 3403 2692 columnam

1826 2724 1987 2780 nubis
2002 2740 2095 2779 eos
2128 2740 2157 2778 a
2183 2726 2352 2781 nimio
2370 2735 2506 2782 aestu
2534 2735 2865 2797 Protercrat.
2893 2738 2946 2783 et
2969 2744 3066 2799 per
3093 2729 3403 2783 columnam

1826 2817 1967 2888 ignis
2002 2818 2441 2884 illuminaverat,
2479 2820 2900 2890 nescientcsque
2942 2836 3055 2890 quo
3086 2820 3406 2890 proﬁcisce-

1824 2917 2036 2974 rentur,
2068 2911 2405 2978 deduxerat;
2443 2913 2535 2982 qui
2567 2928 2824 2967 mannam
2853 2929 2918 2967 ex
2962 2914 3102 2967 caelo
3132 2914 3265 2984 ipsis
3302 2912 3403 2967 de-

1823 3004 1999 3068 derat,
2030 3011 2083 3059 et
2120 3020 2186 3059 ex
2232 3009 2370 3062 mari
2400 3021 2623 3060 carnem
2669 3022 2765 3061 seu
2796 3015 3219 3079 ortygometram
3265 3024 3403 3079 pra:-

1825 3096 2018 3151 buerat
2040 3097 2118 3164 ’⁸;
2149 3097 2242 3167 qui
2278 3097 2333 3151 in
2355 3105 2541 3153 monte
2565 3098 2736 3168 legem
2776 3099 2884 3153 illis
2922 3100 3122 3153 tulerat
3139 3099 3212 3165 “;
3242 3098 3406 3168 cujus

1826 3204 2013 3243 vocem
2048 3190 2239 3245 audire
2268 3189 2419 3261 digni
2463 3191 2591 3245 facti
2625 3190 2844 3245 fuerant
2878 3208 2890 3243 :
2929 3192 3075 3246 hunc
3112 3199 3402 3262 postquam

1826 3283 2201 3352 abnegarunt,
2244 3284 2490 3339 dicentes
2528 3283 2774 3337 Aaroni:
2812 3302 2829 3335 ι
2882 3283 2989 3339 Fac
3039 3286 3200 3339 nobis
3245 3284 3399 3348 deos,

1825 3374 1918 3445 qui
1954 3375 2265 3444 praecedent
2293 3392 2394 3431 nos
2414 3377 2491 3443 ’7;
2520 3394 2539 3427 ι
2566 3384 2618 3430 et
2644 3376 2894 3430 fecerunt
2921 3375 3156 3430 vitulum
3195 3374 3402 3429 conﬂa-

1827 3469 1997 3533 tilem,
2026 3477 2080 3526 et
2108 3470 2255 3525 idolo
2297 3469 2749 3525 sacriﬁcaverunt
2786 3486 2798 3521 :
2845 3478 2976 3523 tunc
3008 3470 3184 3523 iratus
3218 3467 3402 3534 Deus,

1825 3562 1994 3633 quod,
2026 3579 2243 3632 nempe,
2271 3563 2341 3616 ab
2370 3563 2438 3618 iis
2465 3564 2697 3633 gratiam
2730 3579 2839 3618 non
2868 3563 3060 3625 ferret,
3094 3560 3281 3631 ligavit
3303 3574 3405 3614 eos

1830 3655 2066 3710 vinculis
2098 3655 2507 3718 insolubilibus,
2537 3656 2894 3725 Oppressione
2924 3653 3132 3715 oneris,
3165 3661 3219 3707 et
3247 3651 3403 3705 duri-

1826 3747 1900 3801 tia
1930 3756 2172 3812 catenae;
2205 3764 2381 3817 neque
2396 3748 2630 3817 amplius
2644 3747 2813 3802 dixit:
2843 3746 2930 3801 «Si
2947 3754 3124 3801 autem
3141 3745 3395 3810 l'ccerisp

1824 3837 1919 3893 sed
1945 3856 1958 3892 :
1998 3856 2015 3887 ι
2048 3835 2154 3891 Fac
2183 3838 2376 3899 altare,
2399 3846 2453 3892 et
2479 3837 2729 3891 sacrifica
2753 3836 3090 3898 continue“,
3131 3857 3149 3887 ι
3174 3834 3401 3888 oblivio-

1825 3945 1920 3985 sus
1954 3929 2099 3983 enim
2131 3944 2190 3984 es
2224 3944 2288 3983 ac
2318 3929 2598 3999 ingratus;
2626 3929 2761 3983 oll’er
2796 3928 2964 3999 igitur
2990 3926 3214 3983 assidue
3245 3927 3400 3980 hon

1825 4031 2099 4089 caustum,
2132 4030 2190 4076 ut
2220 4022 2539 4077 memineris
2576 4023 2679 4078 mei
2713 4042 2725 4077 :
2768 4023 2895 4092 quia
2925 4022 3069 4076 enim
3103 4022 3273 4075 libera
3299 4034 3401 4089 po-

1825 4122 2023 4171 testate
2059 4114 2197 4167 male
2222 4114 2430 4169 abusus
2458 4130 2541 4179 es,
2574 4114 2795 4184 impono
2826 4114 2921 4168 tibi
2949 4113 3175 4183 posthac
3206 4127 3400 4166 neces-

203 4254 243 4285 "
272 4254 417 4312 Citat
441 4256 756 4312 Cedrenns.
780 4256 917 4311 Vide
950 4258 1263 4310 testimonia
1300 4266 1564 4311 veterum.
1644 4257 1689 4287 ”
1721 4255 1869 4311 Psal.
1908 4270 2057 4317 χιιι,
2097 4254 2183 4307 12.
2261 4253 2307 4285 ’³
2332 4252 2505 4309 Exod.
2544 4269 2716 4315 “vn,
2748 4253 2801 4308 4.
2877 4255 2923 4285 θ’
2954 4252 3127 4307 ΕτοιΙ.
3168 4267 3243 4313 Iv,
3277 4260 3393 4311 etc.

139 4325 179 4357 "
202 4322 356 4382 Num.
394 4346 477 4395 ιι,
525 4329 616 4383 Si.
692 4328 737 4359 "
767 4326 933 4383 Exod.
966 4344 1056 4391 xx,
1091 4331 1134 4381 ι.
1214 4328 1256 4359 ⁹⁷
1292 4326 1463 4383 Exod.
1500 4342 1673 4392 χχιιι,
1712 4329 1763 4381 1.
1839 4327 1885 4358 ⁸⁸
1916 4325 2087 4379 Exod.
2125 4340 2215 4392 xx,
2247 4323 2337 4378 24.
2374 4325 2418 4355 ⁹⁹
2443 4322 2578 4395 Vide
2617 4325 2672 4378 in
2703 4324 2952 4379 Cedreno
2984 4332 3039 4378 ct
3069 4323 3399 4381 Anastasio.

1480 4498 1843 4555 VARIOllUM
1875 4498 2111 4555 NOTAE.

200 4661 311 4737 (ιο)
342 4664 530 4737 illan.
561 4664 735 4737 ἰιδειν
779 4661 1098 4737 Μεννα-
1132 4661 1305 4737 cm-

198 4734 307 4802 (21)
342 4735 538 4789 Ἀὄελ
578 4733 675 4790 καί
714 4734 858 4788 Νῶε.
912 4733 1057 4786 Nihil
1096 4734 1321 4788 certius.
1368 4733 1433 4787 Et
1462 4741 1643 4786 tamen
1681 4748 1711 4786 a

133 4801 425 4859 Philastriu
449 4814 611 4876 parte
640 4822 723 4869 ιιι,
756 4808 948 4859 Incres.
978 4804 1047 4857 62
1079 4805 1343 4858 scribitur
1368 4820 1381 4857 :
1418 4804 1536 4856 Vita
1552 4803 1713 4876 etiam

134 4890 229 4928 non
260 4877 373 4927 alia
398 4875 609 4946 priores
643 4877 725 4931 illi
755 4880 926 4929 sancti
958 4876 1060 4928 nisi
1092 4878 1212 4937 hac,
1250 4876 1303 4928 in
1337 4892 1443 4946 qua
1468 4891 1562 4928 nos
1585 4875 1714 4928 vivi-

132 4962 239 4999 mus
269 4948 568 5000 utebantur
596 4963 615 5001 :
646 4963 808 5011 usque
852 4949 921 4999 ad
969 4946 1243 5012 Abraham
1288 4945 1423 4999 enim
1472 4962 1574 4999 non
1606 4945 1715 4998 cir-

130 5018 507 5071 cumitionem
539 5017 807 5083 habentes,
832 5034 935 5071 non
961 5018 1244 5087 sacriﬁciis
1266 5016 1573 5087 gaudentes,
1606 5015 1715 5070 Deo

128 5087 427 5156 placebant.
462 5090 606 5144 C01.

193 5159 304 5297 (22)
336 5161 751 5226 Προσοίσωσι.
782 5159 917 5214 Cod.
952 5156 1115 5213 Vind.
1147 5158 1513 5230 προσοίσουσι.
1544 5157 1642 5213 CL.

215 5229 307 5297 23)
343 5231 553 5283 Θύειν.
584 5229 824 5294 Θυσίαν,
863 5229 989 5285 cod.
1032 5227 1194 5283 Vind.
1242 5230 1424 5283 minus
1472 5245 1642 5283 comm

123 5295 154 5352 ά
195 5227 307 5351 (2'3)
343 5231 553 5283 Θύειν.
584 5229 824 5294 Θυσίαν,
863 5229 989 5285 cod.
1032 5227 1201 5283 Vind.
1242 5230 1424 5283 minus
1472 5245 1717 5283 connno-

155 5313 203 5352 e.
255 5314 308 5352 υ.

155 5313 203 5353 8.
232 5313 308 5353 ID.

189 5370 303 5441 (24)
341 5371 596 5424 Τούτου.
618 5369 855 5432 Τούτων,
885 5370 1008 5425 cod.
1036 5368 1200 5423 Vind.
1235 5370 1451 5433 melius,
1477 5377 1536 5422 ut
1567 5370 1716 5424 vide-

124 5446 229 5512 tur,
248 5511 251 5512 ν
272 5441 529 5512 plurium
554 5441 695 5496 enim
722 5458 842 5512 qua:
868 5448 1307 5505 antecesserunt,
1333 5441 1473 5494 ratio
1503 5450 1588 5497 est
1617 5441 1716 5494 ha-

123 5510 317 5566 benda.
345 5510 452 5566 CL.

188 5581 301 5651 (25)
332 5580 817 5653 Ἐπηρνήσαιζτο.
848 5582 1281 5653 Ἀπαρνήσαντο,
1315 5580 1459 5651 quod
1484 5580 1705 5636 verbum

122 5651 474 5723 frequentius
502 5662 590 5705 est
618 5654 672 5706 in
700 5651 1008 5723 Scriptura.
1042 5651 1115 5708 In.

186 5720 299 5793 (26)
330 5724 447 5787 Εἰς
463 5723 724 5793 Μερῤάν.
739 5720 869 5793 mi:
882 5722 1072 5777 Latine
1093 5721 1263 5779 Mara.
1279 5720 1484 5793 Qrzecis
1502 5727 1584 5793 est
1608 5728 1702 5793 aut

125 5791 285 5861 Μερά
303 5809 407 5847 seu
433 5792 691 5861 alapa-iu
727 5792 961 5849 Macario
980 5794 1167 5849 hornil.
1198 5793 1264 5847 ιι
1291 5791 1581 5863 Grcgenlio
1604 5792 1696 5845 fol.

1742 4664 1787 4717 D
1816 4660 1920 4715 185
1940 4667 1994 4715 et
2024 4658 2328 4731 Epiphanio
2357 4657 2721 4732 liagiopolita,
2749 4659 2817 4732 de
2850 4657 3007 4732 Syria
3036 4668 3089 4716 ct
3112 4660 3285 4715 sacris
3312 4659 3393 4714 lo—

1815 4734 1931 4796 cis;
1968 4730 2288 4802 ςιιιιΜερρά
2326 4730 2459 4802 sive
2487 4731 2683 4801 Μερρᾶ
2718 4730 2903 4800 vulgo.
2936 4730 3048 4785 Hoc
3085 4732 3393 4787 nescientes

1815 4802 2065 4872 plerique
2104 4800 2367 4856 librorum
2405 4800 2720 4854 Latinorum
2756 4802 3125 4872 exscriptores
3148 4840 3163 4865 ,
3201 4814 3389 4856 notum

1816 4879 1996 4925 autem
2026 4872 2289 4926 habentes
2321 4873 2554 4943 myrrha:
2582 4886 2919 4943 amarorem.
2932 4873 3153 4943 quando
3182 4888 3387 4925 memo-

1818 4943 1927 4997 rari
1977 4943 2330 4997 inveniebant
2377 4941 2608 4996 inerrhze
2653 4941 3111 5006 amaritudinem,
3157 4944 3390 5011 myrrhae

1817 5029 2016 5067 nomen
2035 5012 2478 5068 substituendum
2494 5012 2922 5066 arbitrabantur:
2948 5015 3022 5067 uti
3056 5028 3280 5067 cernere
3304 5022 3391 5067 est

1818 5083 1959 5167 apud
1992 5083 2346 5167 CEpriauum,
2380 5082 2483 5167 sub
2513 5082 2670 5138 linem
2710 5082 2831 5167 libri
2857 5082 2933 5137 De
2971 5085 3083 5138 zelo
3124 5092 3173 5167 et
3209 5083 3388 5148 livore,

1817 5152 2019 5208 Juliuin
2042 5152 2345 5208 Firmicum
2381 5152 2706 5223 Maternum,
2734 5153 2810 5206 De
2844 5171 3021 5209 errore
3042 5155 3387 5223 profanarum

1817 5225 2135 5295 religionum
2168 5234 2304 5295 ante
2333 5222 2551 5295 ﬁnem,
2595 5222 3012 5295 Hieronymum,
3046 5222 3207 5295 epist.
3226 5224 3279 5295 ,4
3303 5226 3387 5295 ad

1812 5287 2121 5355 Rusticum,
2158 5291 2251 5343 151
2281 5289 2345 5341 ad
2371 5288 2668 5358 Algasiam,
2693 5299 2747 5343 et
2779 5287 2831 5343 iii
2858 5287 3186 5358 Nahum'iu,
3221 5289 3273 5343 8.
3302 5287 3387 5344 Di-

1814 5376 1935 5416 sces
1958 5362 2163 5426 reliqua
2196 5375 2261 5413 ex
2287 5356 2529 5413 notis‘ad
2556 5357 2766 5412 Paulini
2795 5373 3013 5412 carmen
3045 5356 3137 5411 30.
3179 5358 3317 5413 Cor.

1887 5430 1997 5499 (27)
2032 5431 2186 5483 Τότε.
2220 5428 2311 5480 Διό
2340 5429 2393 5499 in
2423 5426 2759 5499 cod.rVind..
2793 5427 2933 5499 forte
2963 5429 3180 5483 rectius.
3219 5428 3316 5483 CL.

1884 5497 1995 5569 (28)
2030 5499 2326 5554 Στιϐὠσει.
2353 5497 2430 5553 lta
2461 5498 2684 5569 codices
2718 5498 2869 5568 Regii
2898 5499 3390 5569 Anastasianarum

1816 5567 2200 5636 Quiesiionum.
2250 5568 2635 5624 Emendandus
2674 5567 2836 5639 igitur
2883 5567 3146 5638 Georgius
3182 5568 3384 5639 Cedre-

1813 5657 1939 5695 nus.
1962 5640 2156 5695 Postea
2182 5639 2396 5694 notabis
2426 5638 2604 5710 varias
2643 5638 2905 5710 lectiones
2925 5679 2940 5703 ,
2986 5638 3227 5710 καθαροῦ
3268 5640 3390 5694 loco

1813 5710 1980 5765 καλοῦ
2006 5709 2418 5782 ἰηίΑηιιειειεὶρ,
2441 5719 2497 5766 et
2528 5708 2889 5781 δεκατισμούς
2915 5724 3016 5781 pro
3060 5708 3386 5782 ῥαντισμούς

1812 5783 1953 5853 apud
1978 5781 2302 5838 Cedrcuum.
2337 5778 2474 5836 Cor.
