3946 6334
191 306 294 366 969

1057 320 1650 386 CONSTITUTIONES
1682 333 2157 398 APOSTOLICIE.
2195 371 2263 382 -—-
2298 343 2423 399 LIB.
2462 344 2569 401 Vl.‘

3316 360 3419 414 970

183 422 345 531 νόμον
376 424 631 535 κυρώσας
660 428 973 503 ἐπλήρωσε·
1020 438 1089 490 τὰ
1128 440 1426 497 ἐπείσακτα
1462 449 1747 519 περιεῖλεν,

1856 452 1992 519 huit,
2023 464 2076 510 et
2106 458 2380 529 implevit;
2406 461 2577 515 ascita
2596 464 2915 535 amputavit,
2943 465 3046 522 etsi
3073 481 3179 521 non
3211 476 3416 533 omnia,

180 517 229 568 εἰ
257 517 351 569 καὶ
387 518 460 589 μὴ
494 519 704 584 πάντα,
737 523 875 578 ἀλλά
911 543 972 595 γε
1003 529 1070 582 τὰ
1105 530 1396 606 βαρύτερα,
1430 537 1497 590 τὰ
1532 517 1629 609 μὲν
1659 541 1747 611 βε-

180 605 442 672 ϐαιώσας,
470 610 539 664 τὰ
565 613 622 665 δὲ
656 616 870 680 παύσας
896 636 907 647 ·
942 622 1118 675 καὶτὸ
1156 626 1495 691 αὐτεξούσιον
1523 632 1629 686 τῶν
1659 634 1750 687 ἀν-

180 698 414 769 θρώπων
456 703 616 757 πάλιν
643 707 854 777 ἀφῆκεν
878 711 1178 786 ἐλεύθερον,
1206 719 1267 770 οὐ
1300 724 1619 795 προσκαίρῳ
1650 725 1749 778 θα-

177 792 325 884 νάτῳ
356 793 611 860 δικάζων,
648 799 762 852 ἀλλ’
795 804 852 856 ἐν
894 806 1057 878 ἑτέρᾳ
1090 813 1419 866 καταστάσει
1456 792 1749 884 λογοθετῶν

177 882 311 980 αύτό
335 902 349 914 ·
383 885 462 938 διὸ
480 887 654 956 λέγει·
701 893 799 946 «Εἴ
823 912 905 959 τις
938 896 1063 971 θέλῃ
1097 901 1271 956 ὀπίσω
1303 922 1401 975 μου
1440 882 1629 971 ἐλθεῖν,
1662 910 1750 980 ἑρ-

418 996 436 1028 ›
471 980 564 1033 καὶ
595 982 755 1036 πάλιν
780 1002 792 1015 ·
820 987 939 1059 (Μὴ
969 991 1060 1043 καὶ
1082 992 1237 1061 ὑμεῖς
1256 973 1433 1050 θέλετε
1454 973 1742 1069 ύπάγεινξ»

180 1066 322 1168 ἰἰδη
356 1069 412 1168 δὲ
445 1072 559 1168 mi.“
579 1076 684 1168 πρὸ
723 1076 835 1149 (57)
882 1081 982 1150 τῆς
1024 1088 1321 1157 παρουσίας
1360 1091 1524 1145 αὐτοῦ
1567 1066 1747 1168 παρῃ-

173 1162 321 1212 τεῖτο
350 1162 447 1225 τὰς
467 1164 561 1216 τοῦ
581 1165 709 1220 λαοῦ
737 1169 945 1237 Θυσίας,
966 1176 1222 1242 πολλάκις
1241 1182 1320 1244 είς
1338 1184 1497 1236 αὑτὸν
1518 1185 1609 1250 ἐξα
1618 1162 1750 1259 μαρ-

172 1252 396 1316 τόντος,
431 1256 522 1309 καὶ
552 1260 795 1329 οἰομένου
836 1264 922 1317 διὰ
965 1267 1163 1322 θυσιῶν
1206 1272 1319 1325 ἀλλ’
1353 1274 1414 1326 ού
1452 1276 1538 1329 διὰ
1582 1252 1748 1348 μετα-

174 1344 328 1438 νοίας
357 1347 519 1401 αὑτὸν
551 1350 987 1423 ἐξευμενίζεσθαι
1013 1377 1026 1391 ·
1062 1360 1207 1431 λέγει
1227 1365 1335 1438 γὰρ
1362 1366 1563 1432 οὕτως·
1585 1344 1615 1420 1(
1630 1372 1746 1424 Ἵνα

170 1436 237 1534 τί
259 1456 351 1508 μοι
382 1440 595 1496 λίϐανον
623 1447 685 1500 ἐκ
732 1449 880 1503 Σαϐᾶ
917 1454 1131 1525 φέρεις,
1178 1459 1271 1510 καὶ
1304 1436 1651 1534 κιννάμωμον
1684 1467 1747 1519 ἐκ

168 1529 282 1598 γῆς
301 1534 595 1604 μακρόθεν;
618 1538 687 1591 τὰ
704 1537 1126 1616 ὁλοκαυτώματα
1139 1550 1168 1601 ὑ
1176 1549 1291 1619 μῶν
1311 1552 1409 1606 οὐκ
1429 1529 1539 1608 ἔστι
1552 1529 1744 1623 ἰδεκτὰ,

170 1622 269 1717 καὶ
298 1624 355 1675 ai
375 1624 552 1717 θυσίαι
583 1629 736 1699 ὑμῶν
765 1634 861 1703 οὐχ
893 1636 1087 1705 ἥδυνάν
1119 1657 1245 1710 μοι·
1276 1661 1293 1693 ›
1329 1644 1423 1697 καὶ
1444 1643 1570 1717 ἐξῆς
1593 1666 1607 1679 ·
1632 1650 1746 1704 τΤὰ

167 1712 596 1786 ὁλοκαυτώματα
647 1722 799 1793 ὑμῶν
834 1729 1163 1798 συναγάγετε
1220 1734 1357 1803 μετὰ
1391 1736 1499 1789 τῶν
1545 1738 1744 1794 θυσιῶν

168 1804 371 1903 υμῶν,
402 1811 495 1903 καὶ
542 1812 741 1903 φάγετε
790 1818 925 1888 κρέα
956 1795 1097 1892 (58)·
1132 1795 1233 1876 ὅτι,
1259 1826 1357 1879 οὐκ
1395 1828 1744 1903 ἐνετειλάμην
1776 1795 1818 1849 Β

168 1895 322 1965 ὑμῖν,
349 1900 509 1969 ἡνίκα
520 1902 785 1976 ἐξήγαγον
797 1910 940 1979 ὑμᾶς
956 1912 1023 1964 ἐκ
1038 1913 1142 1983 γῆς
1162 1916 1456 1984 Αἰγύπτου,
1480 1924 1605 1993 περὶ

164 1992 546 2063 καυτωμάτων
580 1999 674 2051 καὶ
700 1999 918 2057 θυσιῶν.
958 2022 977 2056 ι
1027 2007 1136 2060 Καὶ
1176 2007 1264 2061 διὰ
1307 2009 1525 2066 Ἡσαΐου
1556 1992 1705 2084 λέγει
1726 2035 1740 2048 ·

171 2089 386 2156 «Tum:
408 2088 612 2159 πλῆθος
635 2091 742 2145 τῶν
762 2092 960 2148 θυσιῶν
981 2097 1154 2168 ὑμῶν,
1178 2098 1323 2168 λέγει
1344 2103 1575 2175 Κύριος;
1607 2107 1746 2179 πλή-

166 2197 275 2252 ρης
294 2181 407 2250 είμ¹ι
426 2179 891 2254 ὁλοκαυτωμάτων
912 2189 1101 2260 κριῶν·
1126 2193 1220 2245 καὶ
1244 2194 1410 2267 στέαρ
1428 2197 1626 2268 ἀρνῶν,
1649 2202 1744 2254 καὶ

162 2269 314 2342 αἷμα
340 2274 553 2345 ταύρων
598 2277 689 2329 καὶ
736 2278 955 2349 τράγων
998 2282 1061 2334 οὐ
1095 2281 1375 2355 βούλομαι,
1410 2288 1527 2340 οὐδ’
1556 2288 1623 2343 ἂν
1649 2290 1742 2364 ἔρ-

162 2364 340 2438 χησθε
352 2364 581 2437 ὀφθῆναί
604 2385 711 2439 μοι.
736 2371 832 2434 Τίς
841 2371 948 2444 γὰρ
961 2372 1252 2448 ἐξεζήτησε
1262 2377 1436 2433 ταῦτα
1447 2381 1511 2434 ἐκ
1523 2381 1631 2436 τῶν
1640 2401 1743 2454 χει-

168 2456 283 2528 ρῶν
306 2457 476 2526 ὑμῶν;
498 2461 693 2513 Πατεῖν
711 2463 811 2534 τὴν
832 2465 1001 2537 αὐλήν
1036 2484 1135 2537 μου
1158 2469 1219 2521 ού
1249 2472 1620 2544 προσθήσεσθε
1639 2475 1739 2531 ἔτι.

164 2546 302 2601 Ἐὰν
314 2550 510 2621 φέρητέ
524 2568 612 2623 μοι
631 2554 924 2624 σεμίδαλιν,
943 2558 1258 2628 μάταιον·ου
1264 2564 1361 2633 μία
1368 2566 1745 2639 μα,βδέλυγμά

168 2658 265 2712 μοι
296 2641 431 2696 ἐστί.
464 2644 574 2707 Τὰς
593 2646 881 2717 νεομηνίας
911 2650 940 2702 ὑ
949 2649 1082 2719 μῶν,
1103 2652 1197 2705 καὶ
1213 2654 1280 2706 τὰ
1300 2655 1549 2711 Σάϐϐατα
1565 2660 1739 2730 ὑμῶν,

163 2735 266 2787 καὶ
298 2735 510 2806 ἡμέραν
528 2737 773 2810 μεγάλην
803 2742 904 2794 οὐκ
931 2742 1211 2814 ἀνέχομαι·
1234 2749 1506 2819 νηστείαν,
1531 2753 1623 2805 καὶ
1643 2754 1742 2825 ἀρ-

162 2826 320 2893 γίαν,
343 2829 435 2879 καὶ
445 2828 545 2891 τὰς
564 2830 756 2899 ἐορτὰς
770 2833 799 2884 ὑ
807 2832 921 2903 μῶν
945 2837 1093 2905 μισεῖ
1109 2839 1139 2908 ή
1154 2838 1297 2910 ψυχή
1316 2858 1437 2911 μου.
1458 2844 1742 2918 Έγενήθη-

160 2918 229 2971 τὲ
253 2935 346 2989 μοι
366 2921 445 2982 είς
466 2919 803 2993 πλησμονήν.
818 2944 835 2974 ι
854 2927 959 2979 Καὶ
979 2928 1046 2980 δι’
1061 2931 1247 3001 ἐτέρου
1263 2933 1461 3002 λέγει’(
1487 2936 1744 3010 Ἀπόστη-

162 3028 262 3064 σον
283 3012 363 3064 ἀπ
380 3012 544 3083 ’ἐμοῦ
564 3010 695 3084 ἦχον
714 3015 865 3086 ᾠδῶν
890 3036 1004 3086 σου,
1020 3023 1114 3075 καὶ
1142 3024 1352 3096 ψαλμὸν
1377 3028 1622 3099 ὀργάνων
1646 3048 1739 3085 σου

1855 546 1947 599 sed
1984 550 2273 616 graviora;
2310 550 2398 604 illa
2431 553 2649 623 quidem
2679 557 3021 622 conﬁrmata,
3052 558 3136 612 his
3170 575 3298 613 vero
3329 563 3419 615 alia

1851 637 2070 695 dicatis.
2106 639 2428 712 Rursusque
2457 654 2781 715 potestatem
2814 648 3092 703 hominum
3118 651 3323 705 dimisit
3358 654 3421 705 lia

1851 726 2067 793 heram,
2102 748 2209 785 non
2245 736 2584 803 temporaria:
2612 737 2775 790 morti
2819 738 3207 801 condemnans,
3245 742 3338 795 St‘d
3364 745 3419 796 in

1851 822 2020 877 altero
2053 832 2197 878 statu
2227 828 2490 881 rationem
2524 829 2591 883 ah
2622 845 2688 883 eo
2720 845 3013 900 reposcens
3044 847 3056 882 :
3089 842 3419 902 quapropter

1851 916 1963 968 ait:
2020 933 2038 965 ι
2071 914 2127 969 Si
2172 917 2295 987 quis
2329 920 2445 972 vult
2487 929 2612 990 post
2654 936 2741 975 me
2770 922 2978 984 venire,
3014 923 3274 986 veniat";
3315 944 3331 973 ι
3366 939 3418 977 et

1850 1004 2046 1059 iterum
2090 1022 2102 1056 :
2144 1026 2161 1057 ‹
2188 1006 2443 1078 Nunquid
2492 1019 2545 1064 ct
2591 1026 2689 1064 vos
2735 1012 2902 1066 vultis
2945 1012 3181 1066 abire“?
3213 1014 3411 1067 NJam

1848 1111 1979 1149 VCI‘O
2030 1097 2194 1151 ctiam
2240 1108 2367 1154 ante
2413 1100 2704 1155 adventum
2747 1118 2902 1156 suum
2934 1104 3290 1157 aversabatur
3333 1122 3417 1160 Sil-

1850 1185 2058 1240 criﬁeia
2098 1190 2303 1257 populi,
2345 1190 2438 1259 qui
2473 1207 2614 1259 saepe
2638 1192 2690 1245 in
2719 1207 2841 1247 eum
2875 1194 3156 1262 peccabat,
3191 1202 3242 1248 ct
3278 1196 3420 1248 arbi-

1848 1280 2100 1331 trabatur
2127 1286 2224 1349 per
2250 1282 2553 1346 sacriﬁcia,
2588 1293 2642 1338 ct
2673 1299 2781 1337 non
2823 1286 3003 1355 potius
3040 1301 3135 1354 per
3159 1288 3419 1355 pmniteu-

1848 1370 1977 1423 tiam
2008 1387 2131 1425 eum
2159 1374 2383 1442 placari.
2415 1374 2489 1428 Ita
2510 1376 2654 1430 enim
2679 1377 2919 1447 loquitur
2950 1396 2964 1433 :
2999 1376 3234 1449 «thuid
3278 1382 3416 1434 mihi

1847 1462 1975 1516 thus
2004 1462 2072 1517 de
2102 1461 2247 1517 Saba
2280 1464 2464 1530 affers,
2494 1477 2548 1522 et
2578 1467 2982 1522 cinnamomum
3015 1470 3082 1525 de
3122 1480 3265 1525 terra
3295 1471 3416 1525 lou-

1846 1551 2084 1621 ginqua?
2136 1551 2585 1610 Holocautomata
2628 1568 2807 1612 vestra
2850 1574 2960 1613 non
2999 1568 3128 1613 sunt
3169 1570 3413 1631 accepta,

1847 1653 1900 1696 et
1925 1644 2194 1699 sacriﬁcia
2228 1654 2406 1700 vestra
2434 1663 2543 1701 non
2566 1648 2699 1702 mihi
2728 1649 3245 1719 l‘ueruntjucunda’3
3270 1671 3283 1716 ;
3318 1672 3335 1702 ι
3362 1660 3416 1707 et

1846 1735 2105 1805 deinceps
2154 1751 2169 1787 :
2234 1754 2252 1787 ι
2298 1737 2749 1795 Holoca‘utomata
2817 1752 2999 1797 vestra
3086 1753 3416 1815 congregata

1846 1840 1970 1879 cum
2014 1826 2298 1883 sacriﬁciis
2338 1831 2559 1890 vestris.
2604 1839 2657 1885 et
2699 1834 2967 1889 comedite
3013 1849 3210 1889 carnes
3242 1851 3256 1887 :
3287 1836 3415 1904 quia

1844 1931 1953 1968 non
2002 1916 2233 1985 pracepi
2276 1917 2472 1980 vobis,
2511 1919 2731 1987 quando
2805 1921 2971 1974 eduxi
3035 1937 3130 1975 vos
3186 1935 3253 1975 ex
3304 1930 3418 1974 ter-

1844 2028 1906 2067 ra
1978 2013 2234 2085 Egypti,
2309 2016 2377 2071 de
2439 2017 2975 2072 holocautomatihus
3056 2026 3112 2072 et
3201 2018 3416 2072 sacriﬁ-

1842 2106 1944 2161 ciis
1960 2107 2001 2161 ⁹.
2037 2127 2055 2159 ι
2095 2106 2158 2159 Et
2185 2121 2283 2176 per
2324 2106 2520 2163 Isaiam
2569 2110 2704 2163 dicit
2736 2129 2749 2164 :
2798 2128 2818 2162 ε
2853 2110 2970 2176 Quo
2998 2110 3127 2163 mihi
3167 2110 3415 2163 multitu-

1843 2197 2024 2253 dinem
2075 2200 2470 2254 sacriﬁciorum
2518 2207 2872 2267 vestrorum,
2923 2200 3056 2255 dicit
3104 2190 3414 2255 Dominus?

1843 2290 2039 2358 plenus
2067 2304 2188 2344 sum
2220 2290 2561 2345 holocaustis
2605 2292 2873 2355 arietum;
2905 2298 2960 2345 et
2997 2288 3209 2359 adipem
3240 2303 3412 2359 agno-

1842 2396 1988 2441 nun,
2021 2395 2086 2436 ac
2114 2384 2436 2452 sanguinem
2469 2388 2753 2437 taurorum
2773 2390 2935 2452 atque
2966 2381 3239 2435 hircorum
3261 2382 3410 2445 nolo;

1842 2489 2021 2543 neque
2060 2474 2104 2529 si
2138 2475 2401 2538 veniatis,
2440 2482 2499 2527 ut
2529 2476 2837 2545 appareatis
2888 2475 3042 2529 mihi.
3092 2471 3227 2538 Quis
3263 2474 3411 2527 enim

1841 2566 2093 2636 quaasivit
2131 2566 2245 2620 haec
2273 2566 2341 2619 de
2383 2567 2637 2619 manibus
2667 2564 2912 2625 vestris?
2941 2563 3167 2618 Calcare
3210 2562 3411 2616 atrium

1841 2674 2023 2711 meum
2051 2673 2160 2711 non
2189 2658 2475 2728 apponetis
2504 2658 2760 2726 amplius.
2792 2656 2850 2709 Si
2881 2655 3121 2710 afferatis
3160 2653 3295 2708 mihi
3333 2654 3413 2709 si-

1842 2752 2047 2813 milam,
2112 2767 2346 2817 vanum;
2406 2752 2691 2806 incensum
2736 2748 3073 2805 abominatio
3136 2747 3270 2801 mihi
3303 2755 3412 2802 est.

1839 2841 2167 2898 Neomenias
2195 2852 2427 2907 vestras,
2452 2850 2506 2898 et
2532 2842 2769 2898 Sabbata
2790 2850 2994 2903 vestra,
3020 2848 3075 2895 et
3102 2839 3251 2894 diem
3285 2853 3410 2891 man

1840 2952 2006 3007 mum
2035 2952 2145 2992 non
2179 2936 2332 2992 fero:
2362 2936 2659 3006 jejunium,
2695 2943 2749 2990 et
2780 2935 2978 2998 otium,
3010 2942 3065 2988 et
3094 2931 3414 2987 solemnita-

1843 3037 1925 3083 tes
1955 3037 2171 3084 vestras
2199 3028 2313 3082 odit
2338 3030 2519 3082 anima
2547 3043 2687 3082 mea.
2722 3026 2873 3080 Facti
2903 3026 3039 3081 estis
3069 3024 3199 3079 mihi
3242 3025 3296 3078 in
3323 3038 3416 3078 sa-

157 3105 268 3157 οὐκ
281 3104 604 3176 ἀκούσομαι.
620 3110 755 3161 ιΚαὶ
773 3110 849 3180 τῷ
868 3112 1039 3167 Σαοὺλ
1069 3117 1097 3167 ὁ
1131 3118 1382 3191 Σαμουὴλ
1402 3120 1547 3191 λέγει
1575 3123 1736 3179 θῦσαι

1844 3121 2080 3177 tietatem
2112 3123 2174 3177 ιθ.
2207 3140 2226 3173 ι
2260 3120 2323 3174 Ει
2376 3136 2472 3190 per
2511 3121 2677 3174 alium
2715 3118 2849 3173 dicit
2886 3137 2899 3171 :
2931 3136 2949 3168 ι
2989 3118 3194 3171 Amove
3238 3130 3269 3168 a
3324 3131 3417 3170 me

154 3196 496 3266 νενομικότι·
524 3216 541 3249 ι
589 3199 787 3271 ’Δγαθὴ
806 3203 941 3275 ἀκοὴ
962 3206 1101 3277 ὑπὲρ
1122 3208 1333 3263 θυσίαν·
1348 3213 1441 3265 καὶ
1460 3215 1735 3288 ἀκρόαμα,

158 3287 314 3359 ὑπὲρ
336 3289 501 3361 στέαρ
513 3292 699 3363 κριῶν.
719 3293 848 3348 Ἰδοὺ
861 3295 1038 3368 γὰρού
1053 3297 1196 3353 θέλει
1218 3302 1419 3373 Κύριος
1440 3287 1647 3375 Θυσίαν,
1663 3308 1739 3372 ὡς

151 3380 226 3433 τὸ
256 3382 563 3436 εἰσακούειν
592 3385 777 3441 αὐτοῦ.
818 3408 835 3439 ι
863 3390 972 3443 Καὶ
998 3391 1088 3445 διὰ
1106 3393 1201 3446 τοῦ
1224 3395 1386 3450 Δαϐιδ
1411 3397 1579 3467 λέγει·
1614 3420 1633 3452 ε
1662 3404 1737 3457 Οὐ

156 3471 396 3543 δέξομαι
424 3476 488 3528 ἐκ
510 3476 602 3529 τοῦ
618 3479 767 3531 οίκου
803 3498 895 3533 σου
939 3483 1189 3555 μόσχους·
1225 3489 1347 3541 οὐδὲ
1392 3491 1457 3543 ἐκ
1484 3492 1592 3545 τῶν
1620 3511 1740 3547 ποι-

153 3566 340 3634 μνίων
375 3584 466 3620 σου
498 3569 783 3642 χιμάρους.
840 3574 963 3627 Ἐὰν
1015 3576 1125 3647 (59)
1156 3581 1418 3645 πεινάσω,
1450 3585 1511 3636 ού
1544 3587 1616 3657 μή
1656 3603 1739 3640 σοι

146 3658 326 3710 εἴπω·
351 3658 459 3731 ἐμὴ
486 3661 593 3733 γάρ
619 3663 824 3736 ἐστινὴ
866 3669 1155 3741 οἰκουμένη
1200 3674 1297 3725 καὶ¹
1348 3674 1409 3727 τὸ
1468 3676 1741 3749 πλήρωμα

143 3750 358 3819 αὐτῆς.
392 3753 483 3823 Μὴ
509 3754 750 3826 φάγομαι
776 3758 911 3827 κρέα
960 3761 1205 3831 ταύρων,
1254 3767 1287 3839 ἢ
1329 3762 1466 3839 αἷμα
1523 3772 1739 3842 τράγων

144 3841 396 3911 crispat;
428 3843 588 3897 θῦσον
611 3845 690 3917 τῷ
713 3847 832 3920 Θεῷ
865 3850 1055 3906 θυσίαν
1078 3854 1336 3921 αἰνέσεως
1360 3898 1373 3920 ,
1404 3860 1500 3913 καί¹
1546 3841 1739 3930 ἀπόδος

144 3934 236 4005 τῷ
286 3934 526 4007 ’Υψίστῳ
554 3937 653 4002 τὰς
680 3940 845 4010 εὐχάς
886 3959 999 3997 σου.
1038 3964 1056 3995 ι
1088 3945 1200 3999 Καὶ
1230 3950 1286 4001 ὲν
1310 3950 1511 4017 πάσαις
1539 3954 1593 4007 δὲ
1620 3961 1741 4022 ταῖς

146 4027 414 4098 Γμφαῖς
442 4030 643 4099 ὁμοίως
672 4033 850 4086 αὐτῶν
876 4036 975 4099 τὰς
1001 4037 1189 4104 θυσίας
1236 4042 1624 4111 ἀπαναίνεται,
1653 4050 1742 4104 διὰ

144 4120 217 4172 τὸ
249 4120 586 4192 ἐξαμαρτεῖν
624 4125 818 4190 αὐτοὺς
849 4130 928 4191 εἰς
974 4132 1154 4186 αὐτόν.
1198 4152 1216 4184 ι
1252 4134 1445 4191 Θυσίαι
1475 4139 1582 4211 γὰρ
1610 4142 1739 4196 ἀσε-

146 4210 309 4278 ϐῶν,
347 4212 623 4286 βδέλυγμα
674 4217 825 4289 παρὰ
871 4222 1078 4294 Κυρίῳ·
1127 4225 1220 4279 καὶ
1265 4227 1373 4300 γὰρ
1411 4210 1740 4305 παρανόμως

142 4307 568 4377 προσφέρουσιν
604 4309 789 4374 αὐτάς·
825 4331 843 4362 ι
880 4315 971 4367 καὶ
993 4316 1173 4370 πάλιν·
1208 4338 1226 4370 ι
1264 4322 1330 4372 Ai
1361 4322 1537 4377 θυσίαι
1565 4328 1739 4380 αὐτῶν

142 4401 234 4464 ὡς
269 4400 437 4471 ἄρτος
490 4402 716 4467 πένθους
748 4405 950 4469 αὐτοῖς·
984 4408 1184 4474 πάντες
1221 4413 1271 4463 οί
1323 4413 1591 4481 ἐσθίοντες
1638 4420 1738 4472 αὐ-

1843 3217 2081 3271 sonitum
2127 3215 2432 3270 carminum
2494 3223 2711 3267 tuorum
2742 3229 2756 3266 :
2783 3218 2838 3265 et
2864 3209 3135 3281 psalmum
3178 3221 3413 3277 organo-

1839 3325 1959 3363 rum
1975 3319 2197 3364 tuorum
2223 3323 2331 3361 non
2364 3306 2579 3361 audiam
2611 3305 2671 3354 “.
2712 3322 2732 3355 ι
2764 3301 2835 3356 Et
2864 3301 3082 3356 Samuel
3113 3299 3283 3361 Sauli,
3315 3299 3412 3371 qui

1840 3402 2172 3457 sacriﬁcium
2214 3415 2276 3454 se
2312 3398 2578 3452 obtulisse
2620 3395 2871 3466 putabat.
2924 3394 3001 3446 ait
3036 3412 3049 3446 :
3089 3410 3107 3443 ι
3142 3391 3292 3446 Bona
3327 3400 3413 3447 est

1840 3493 2148 3550 obedientia
2175 3507 2341 3562 super
2370 3487 2726 3553 sacriﬁcium;
2748 3494 2802 3539 et
2833 3485 3065 3546 auditio,
3099 3501 3265 3553 super
3292 3485 3411 3537 adi-

1838 3602 1962 3658 pem
1993 3586 2249 3641 arietum.
2276 3582 2414 3638 Ecce
2442 3581 2587 3636 enim
2613 3595 2721 3634 non
2740 3579 2855 3632 vult
2889 3576 3156 3631 Dominus
3196 3577 3412 3630 sacriﬁ-

1840 3681 2007 3743 cium,
2065 3680 2209 3734 sicut
2234 3685 2293 3731 ut
2333 3675 2655 3731 obediamus
2676 3673 2726 3727 ei
2761 3671 2825 3727 “.
2861 3690 2879 3721 ι
2908 3669 2975 3723 Et
3004 3684 3101 3739 per
3151 3667 3410 3721 Davidem

1840 3772 1916 3826 ait
1945 3790 1960 3827 :
1992 3790 2011 3823 ι
2042 3771 2161 3825 Non
2194 3769 2459 3840 accipiam
2493 3765 2560 3821 de
2591 3765 2755 3819 domo
2806 3772 2899 3817 tua
2939 3762 3176 3827 vitulos;
3234 3776 3411 3829 neque

1840 3863 1906 3920 de
1932 3864 2188 3934 gregibus
2219 3861 2332 3916 tuis
2358 3860 2565 3914 hircos.
2598 3856 2654 3911 Si
2682 3857 2953 3919 esuriero,
2984 3870 3093 3908 non
3121 3853 3300 3907 dicam
3343 3853 3413 3904 ti-

1838 3956 1893 4010 bi
1928 3974 1943 4012 :
1978 3971 2133 4010 meus
2161 3963 2245 4010 est
2273 3953 2418 4008 enim
2464 3950 2617 4006 orbis
2657 3956 2838 4013 terrm,
2870 3955 2924 4002 et
2952 3946 3232 4016 plenitudo
3263 3944 3406 4013 ejus.

1842 4048 2096 4119 Nunquid
2126 4045 2466 4101 manducabo
2496 4058 2689 4098 carnes
2719 4053 3026 4102 taurorum,
3052 4045 3146 4093 aut
3188 4037 3412 4107 sangui—

1840 4157 1966 4197 nem
1996 4140 2277 4195 hircorum
2310 4137 2534 4208 potabo?
2559 4134 2783 4190 lmmola
2806 4132 2919 4187 Deo
2942 4130 3271 4187 sacriﬁcium
3294 4130 3414 4182 lau-

1841 4234 1949 4296 dis,
1982 4240 2035 4287 et
2059 4232 2225 4287 redde
2274 4229 2561 4284 Altissimo
2616 4237 2743 4281 vota
2795 4233 2889 4279 tua
2924 4224 2985 4278 ¹³.
3030 4243 3047 4275 ι
3084 4221 3149 4278 Ει
3197 4237 3327 4276 vero
3356 4223 3412 4275 in

1840 4326 2099 4381 omnibus
2131 4323 2432 4393 Scripturis
2479 4321 2732 4376 similiter
2768 4333 2960 4373 eorum
3006 4315 3277 4373 sacriﬁcia
3326 4330 3418 4369 re-

1841 4417 1982 4483 nuit;
2008 4416 2133 4486 quia
2158 4415 2212 4469 in
2237 4430 2362 4470 eum
2404 4414 2509 4484 ipsi
2558 4419 2867 4482 peccaraut.
2901 4431 2919 4461 ι
2957 4409 3236 4464 Sacriﬁcia
3266 4409 3416 4463 enim

140 4493 258 4555 τὰς
290 4492 730 4567 μολυνθήσονται.
765 4515 783 4547 ι
819 4498 881 4550 Ei
909 4496 1005 4552 οὖν
1037 4501 1133 4554 καὶ
1153 4504 1259 4574 πρὸ
1287 4504 1386 4576 τῆς
1437 4512 1738 4580 παρουσίας

1844 4484 2157 4578 impiorum,
2187 4505 2528 4561 abominatio
2555 4504 2699 4574 apud
2732 4503 3024 4558 Dominum
3045 4505 3273 4559 :etenim
3307 4504 3415 4557 ini-

141 4584 335 4639 αὑτοῦ
358 4627 373 4651 ,
404 4587 543 4657 ὑπὲρ
571 4587 757 4652 θυσίας
783 4592 1010 4662 καρδίαν
1039 4594 1285 4667 καθαρὰν
1317 4599 1590 4670 ἐπεζήτει,
1644 4605 1740 4656 καὶ

138 4675 392 4747 πνεῦμα
419 4682 890 4752 συντετριμμένον,
914 4683 1092 4755 πολλῴ
1112 4688 1321 4757 μᾶλλον
1341 4690 1510 4745 ἐλθὼν
1533 4693 1735 4747 ἔπαυσε

137 4769 395 4832 ταύτας,
434 4772 610 4842 φαμὲν
672 4772 781 4845 (40)
840 4775 938 4840 τὰς
1003 4778 1070 4832 δι’
1105 4781 1370 4851 αἱμάτων·
1428 4784 1628 4840 ἔπαυσε
1681 4788 1741 4841 δὲ.

136 4861 372 4928 αὑτὰς,
427 4861 511 4915 διὰ
563 4862 658 4917 τοῦ
719 4867 979 4940 πρότερον
1012 4870 1313 4943 πληρῶσαι·
1350 4876 1583 4950 καὶγὰρ
1637 4896 1736 4932 πεο

138 4953 460 5026 ριετμήθη,
487 4957 580 5009 καὶ
636 4958 989 5035 ἐρραντίσθη,
1052 4964 1243 5029 θυσίας
1290 4984 1349 5020 τε
1393 4972 1736 5041 προσήνεγκε

136 5048 258 5100 καὶ
287 5047 704 5117 ὁλοκαυτώσεις,
729 5055 953 5119 καὶτοῖς
974 5056 1153 5122 ἄλλοις
1177 5058 1422 5132 ἐθισμοῖς
1443 5065 1735 5137 ἐχρήσατο·

1846 4616 1950 4670 que
1980 4598 2215 4654 offerunt
2243 4599 2394 4664 ea“;
2425 4617 2443 4647 ι
2476 4604 2530 4652 et
2558 4597 2756 4650 iterum
2786 4615 2801 4651 :
2840 4615 2858 4647 ε
2894 4595 3175 4650 Sacriﬁcia
3199 4611 3414 4659 eorum,

1843 4694 2002 4763 quasi
2026 4692 2182 4763 panis
2207 4691 2386 4745 luctus
2415 4689 2497 4745 eis
2530 4709 2543 4743 :
2570 4704 2762 4744 omnes
2788 4690 2884 4759 qui
2920 4688 3302 4751 comedentea,
3328 4688 3415 4740 in-

1844 4784 2216 4856 quinabuntur
2262 4783 2327 4837 ¹⁸.
2382 4802 2400 4833 ι
2436 4780 2494 4835 Si
2545 4796 2676 4851 ergo
2723 4782 2888 4835 etiam
2941 4790 3066 4835 ante
3119 4780 3410 4833 adventum

1846 4893 2029 4941 suum,
2060 4891 2225 4947 super
2251 4874 2524 4931 sacriﬁcia
2548 4873 2827 4945 quaerebat
2865 4884 2962 4927 cor
3010 4872 3274 4927 mundum
3298 4912 3313 4933 ,
3357 4878 3407 4924 et

1846 4971 2099 5042 spiritum
2126 4969 2421 5023 contritum
2451 4968 2519 5035 ";
2549 4968 2720 5022 multo
2748 4968 2943 5037 magis,
2986 4975 3275 5037 postquam
3321 4981 3415 5019 ve-

1848 5067 1948 5131 nit,
1979 5064 2073 5119 illa
2116 5064 2433 5135 abrogavit;
2481 5060 2772 5125 sacriﬁcia,
2828 5060 3086 5125 dicimus,
3139 5067 3408 5115 cruenta:

230 5235 254 5310 ξ
290 5232 624 5310 Mattli._3_tv1,
649 5237 750 5310 24.
826 5243 847 5273 ⁸
877 5242 1038 5299 Joan.
1071 5262 1146 5309 vt,
1207 5245 1299 5303 67.
1373 5250 1394 5281 ⁷
1425 5250 1568 5304 Citat
1586 5250 1759 5308 Cedre

1846 5270 1892 5309 s.
1928 5252 2065 5308 Vide
2100 5254 2301 5308 testim.
2348 5257 2454 5305 vet.
2530 5251 2552 5282 ⁸
2579 5250 2691 5305 Jer.
2726 5266 2802 5310 γι,
2828 5249 2916 5303 ‘20.
2996 5248 3015 5278 ⁹
3038 5246 3152 5300 Jer.
3186 5261 3284 5309 vn,
3319 5246 3409 5301 2|.

136 5309 193 5390 ξς
232 5305 368 5390 ξδο.
398 5320 437 5365 Ιν
484 5305 579 5390 ίξλ
634 5307 691 5390 ,ίλ
717 5309 883 5367 Amos
936 5331 986 5377 v,
1016 5315 1105 5371 25.
1135 5305 1143 5309 ’
1184 5317 1228 5349 ¹²
1256 5316 1434 5390 lReg.
1471 5337 1561 5384 xv,
1585 5305 1718 5376 2i.”
1740 5305 1797 5355 "7"
1820 5305 2226 5385 Ρέιιίζὶίιέζς),
2267 5320 2353 5375 12.
2433 5318 2475 5348 ¹⁷⁵
2502 5319 2662 5375 Prov.
2695 5305 2812 5385 xxi,
2844 5319 2933 5372 27.
3014 5318 3054 5349 ¹⁸
3082 5316 3210 5371 Ose.
3249 5305 3326 5379 tr,
3362 5324 3418 5379 ι,

136 5378 193 5411 ³⁸
234 5373 394 5429 Psal.
432 5390 481 5441 ι,
516 5375 716 5441 12,19.

1510 5534 1814 5591 VARIORU
1824 5537 1871 5590 Μ
1905 5536 2136 5596 ΝΟΤΙΕ.

264 5660 359 5737 Ξῖ)
392 5663 533 5727 Πρό.
564 5662 834 5733 Corrupte
861 5663 914 5719 in
947 5663 1198 5721 Cedreno
1228 5668 1374 5788 περί.
1407 5666 1548 5721 (Ζοτ.

222 5660 350 5871 ΞΞΘ)
382 5732 554 5819 Ιςρέα.
582 5734 661 5786 Τὰ
683 5734 817 5805 κρέα
845 5737 1048 5819 rectius
1071 5737 1124 5791 iu
1148 5738 1271 5793 cod.
1333 5737 1464 5791 'ind.
1490 5740 1548 5793 CI

259 5800 354 5871 39)
421 5806 563 5857 Eur.
600 5802 725 5858 Haec
746 5820 850 5859 vox
871 5814 926 5861 et
949 5824 1192 5871 quinque
1247 5824 1399 5871 seqq.
1451 5807 1546 5863 des

334 5733 350 5805 )
382 5732 554 5805 Κρέα.
582 5734 661 5805 Td:
683 5732 817 5805 κρέα
845 5737 1048 5792 rectius
1071 5737 1124 5791 iu
1148 5738 1271 5793 cod.
1305 5732 1464 5791 Vind.
1490 5740 1656 5793 CLER.

259 5800 354 5871 39)
407 5803 563 5857 Ἐάν.
600 5800 850 5859 ιίῖεόνοχ
871 5814 926 5861 et
949 5809 1192 5878 quinque
1247 5824 1399 5878 seqq.
1451 5807 1648 5863 desunt
1678 5810 1735 5861 in

406 5898 680 5958 Parnm.
714 5899 828 5958 Gn.
887 5901 935 5960 ι.

1841 5673 1968 5725 cod.
1991 5670 2154 5724 Vind.
2184 5668 2260 5726 In.

1911 5742 2021 5811 (i0)
2062 5741 2277 5810 Φαμὲν.
2307 5739 2469 5795 Addit
2490 5739 2666 5796 codex
2693 5737 2857 5796 Vind.
2887 5741 2975 5814 δή.
3008 5738 3088 5796 In.

3080 5900 3151 5962 31
