3946 6334
206 302 311 361 993

1073 297 1660 355 CONSTITIITIONES
1697 276 2161 358 Ammonem.
2198 334 2265 343 —
2300 274 2429 358 Lm.
2471 296 2577 357 vn.

3323 280 3428 357 εει
3478 348 3486 357 .

202 417 269 475 ζ’.
324 398 747 483 Ἀπαγόρευσις
774 420 1145 486 γογγυσμοῦ,
1177 420 1273 473 καὶ
1300 421 1642 487 αὐθαδείας,
1667 418 1762 474 καὶ
1793 428 1808 478 1

1889 406 1977 473 r'II.
2022 417 2327 473 lnterdictio
2368 416 2826 481 murmurationis,
2874 410 3200 485 pervicaCiw,
3245 416 3394 481 super

273 508 681 576 ὑπερηφανίας
697 552 709 573 ,
742 510 839 562 καὶ
862 513 1248 580 θρασύτητος.

200 602 274 663 η’.
331 598 474 667 Περὶ
531 603 965 671 μακροθυμίας,
1044 604 1322 672 ἀκακίας,
1399 607 1764 675 πραότητος,

272 690 599 761 ὑπομονῆς.

1934 514 2051 579 ὺίιε,
2083 514 2329 582 feritatis.

1864 603 1999 660 VIII.
2040 605 2115 660 De
2171 604 2587 675 longanimitate,
2645 601 2965 660 innocentia.
3003 594 3420 663 mansuetudine,

1932 697 2208 765 patientia.

202 785 273 839 θ’.
316 750 443 839 Ὀτι
488 750 603 855 χρὴ
649 787 789 853 τούς
842 752 989 842 κατὰ
1029 750 1283 857 Χριστὸν
1326 789 1766 857 διδασκάλους,

2001 788 2152 855 Quod
2176 750 2408 857 oporteat
2440 785 2697 840 doctrinae
2728 770 2926 841 Christi
2952 788 3227 856 magistros
3258 752 3447 855 pluris-

274 878 500 948 γονέων
535 880 745 934 πλεῖον
789 880 1079 949 ἡγεῖσθαιο
1124 884 1178 935 οἱ
1207 882 1324 951 μὲν
1360 883 1473 952 γὰρ
1498 883 1561 937 τὸ
1594 885 1661 939 εὖ
1685 884 1768 937 εῖ-

274 987 371 1023 ναι
395 1012 409 1035 ,
441 973 493 1023 ol
518 970 585 1024 δὲ
617 972 681 1025 τὸ
712 972 863 1026 εἶναι
886 974 1076 1042 μόνον
1105 975 1491 1044 παρέχουσιν.

205 1066 261 1116 ι’.
302 1062 431 1114 Ὀτι
470 1061 585 1131 χρὴ
611 1062 698 1132 μὴ
733 1062 1076 1133 ἀποσχίζειν
1117 1064 1235 1119 τῶν
1269 1067 1483 1136 ἁγίων,
1517 1068 1657 1123 ἀλλ’
1685 1069 1769 1126 εί-

270 1156 550 1222 ρηνεύειν
571 1157 972 1225 μαχομένους,
1004 1159 1230 1226 κρίνειν
1273 1176 1337 1213 τε
1375 1158 1641 1228 δικαίως,
1671 1158 1771 1217 καὶ

271 1250 357 1320 μὴ
386 1249 939 1318 προσωποληπτεῖν.

201 1350 299 1396 ια’.
342 1341 478 1409 Περὶ
508 1341 795 1410 διψύχου,
827 1344 1211 1413 όλιγοοτίστου
1248 1329 1287 1398 δ.

199 1440 293 1491 ιϐ’.
334 1434 474 1503 Περὶ
503 1436 787 1500 εὐποιίας.

202 1510 295 1593 ιγ’.
338 1527 535 1594 Ὅπως
556 1527 652 1581 δεῖ
689 1528 1130 1598 προσφέρεσθαι
1180 1530 1301 1597 τοῖς
1341 1530 1585 1598 οἰκέταις
1630 1532 1772 1598 τοὺς

278 1620 544 1689 κυρίους·
576 1621 673 1674 καὶ
702 1620 861 1687 ὅπως
886 1622 1003 1691 χρὴ
1034 1622 1488 1699 ὑποτάσσεσθαι
1522 1624 1663 1691 τοὺς
1691 1628 1772 1679 οὶ-

278 1711 472 1778 κέτας.

1933 879 2119 935 ducere
2138 896 2291 950 quam
2312 892 2549 947 parentes
2572 894 2590 931 :
2612 878 2693 931 illi
2724 878 2999 948 siquidem,
3034 878 3159 933 bene
3189 894 3299 932 esse
3329 891 3347 929 :
3373 876 3428 928 Ιν

1900 1043 1905 1049 ξ
1936 989 2051 1026 vero
2074 989 2181 1026 esse
2205 982 2408 1025 tantum
2439 978 2713 1039 priestant.

1866 1062 1934 1118 X.
1969 1063 2121 1129 Quod
2150 1080 2250 1117 non
2289 1072 2523 1132 oporteat
2574 1062 2868 1131 disjungere
2912 1079 2968 1116 se
3011 1079 3043 1116 a
3085 1063 3303 1127 sanctis,
3335 1061 3429 1117 sed

1935 1155 2216 1225 paci/icare
2259 1154 2641 1216 contendentes,
2673 1163 2721 1208 et
2746 1154 2991 1223 judicare
3011 1154 3178 1224 juste,
3221 1164 3269 1209 et
3306 1172 3427 1226 per-

1936 1265 2092 1301 sonas
2124 1265 2224 1301 non
2255 1248 2504 1316 accipere.

1868 1336 1959 1392 XI.
2005 1338 2076 1391 De
2108 1338 2312 1393 homine
2344 1339 2566 1406 duplicis
2596 1337 2779 1402 animi,
2809 1355 2897 1391 seu
2931 1338 3148 1392 modica.-
3174 1338 3317 1408 ﬁdei.

1868 1429 1983 1486 XII.
2028 1432 2102 1484 De
2132 1432 2488 1501 beneﬁcentia.

1874 1521 2005 1577 XIII.
2054 1522 2246 1589 Quales
2279 1540 2332 1577 se
2356 1521 2596 1577 exhibere
2614 1522 2833 1576 debeant
2860 1522 3077 1591 famulis
3107 1520 3341 1585 domini,
3374 1529 3426 1575 et

1938 1633 2037 1686 quo
2064 1615 2214 1669 modo
2237 1625 2482 1683 oporteat.
2499 1614 2731 1685 famulos
2753 1631 2864 1669 esse
2882 1615 3160 1683 subjectos.

201 1804 298 1860 ιδ’.
338 1805 477 1875 Περὶ
498 1807 893 1875 ὑποκρίσεως,
925 1805 1023 1860 καὶ
1044 1792 1358 1875 ’προσοχῆς
1387 1807 1619 1877 νόμων,
1670 1807 1771 1863 καὶ
1800 1788 1808 1842 Ῑ

1889 1797 2009 1853 KIV.
2049 1798 2124 1852 De
2152 1797 2434 1869 hypocrisi,
2462 1806 2509 1852 et
2553 1797 2722 1867 legum
2753 1795 3105 1859 observantia,
3138 1802 3187 1848 et
3226 1794 3429 1863 confes-

277 1897 793 1967 ὲξομολογήσεων.

204 1981 291 2042 ἀει.
332 1988 471 2057 Περὶ
500 1989 610 2057 τῆς
637 1990 784 2057 πρὸς
812 1990 1024 2059 γονέας
1051 1992 1381 2059 θεραπείας.

203 2086 305 2145 ις’.
340 2080 481 2149 Περὶ
516 2080 626 2149 τῆς
669 2082 815 2150 πρὸς
845 2081 1109 2147 ,ϐασιλέα
1151 2083 1248 2137 καὶ
1296 2083 1589 2152 ἄρχοντας
1624 2086 1770 2141 ὐπο-

278 2171 479 2241 ταγῆς.
1070 2174 1073 2175 ⁷

206 2264 297 2328 ιζ’.
338 2264 479 2331 Περὶ
528 2264 785 2332 καθαροῦ
834 2265 1181 2333 συνειδότος
1222 2266 1341 2323 τῶν
1371 2268 1771 2338 προσευχομέ-

280 2375 417 2410 νων.

204 2456 305 2517 ιη’.
350 2450 475 2502 Ὀτι
500 2449 539 2515 ἡ
568 2450 636 2515 ἐξ
662 2450 987 2520 ἐπιϐουλῆς
1014 2452 1121 2506 τοῦ
1147 2451 1468 2520 ἀλλοτρίου
1494 2452 1774 2522 ἐπεισαχ-

283 2540 453 2595 θεῖσα
479 2541 646 2609 ὁδὸς,
680 2543 958 2610 ἀσεϐείας
986 2543 1084 2597 καὶ
1124 2545 1494 2617 παρανομίας
1540 2545 1772 2612 πεπλή-

272 2648 473 2700 ρωται.

206 2716 298 2776 ὶθ.
316 2723 441 2776 Ὀτι
464 2724 550 2794 μὴ
570 2724 689 2794 χρὴ
718 2724 828 2795 τῆς
855 2728 1167 2795 εὐσεϐείας
1200 2729 1501 2784 ἐκκλίνειν
1540 2730 1706 2797 δεξιὰ
1732 2729 1770 2801 ἢ

281 2813 582 2886 εὐώνυμα,
612 2819 883 2886 παραινεῖ
907 2822 939 2874 ό
967 2821 1306 2890 νομοθέτης.

202 2911 285 2960 ι’.
333 2906 459 2961 ’Ὅτι
492 2908 577 2978 μὴ
626 2909 743 2979 χρὴ
794 2911 1100 2980 φαυλίζθιν
1145 2930 1200 2967 τι
1247 2912 1365 2967 τῶν
1419 2916 1775 2984 προσφόρων
1820 2984 1823 2987 ν

276 3000 631 3070 βρωμάτων,
688 3003 826 3057 ἀλλ’
883 3005 1252 3073 εὐχαρίστως
1299 3007 1775 3077 μεταλαμϐάνειν

282 3092 382 3147 καὶ
407 3095 786 3164 τεταγμένως.

203 3191 322 3239 xa'.
392 3187 521 3238 Ὅτι
577 3186 691 3256 χρὴ
747 3188 994 3257 φεύγειν
1037 3188 1153 3258 τὴν
1204 3188 1321 3244 τῶν
1372 3190 1777 3247 εἰδωλοθύτων

278 3273 532 3343 βρῶσιν.

202 3369 320 3422 ιϐ’.
361 3365 628 3434 Διάταξις
654 3369 945 3438 Κυριακὴ,
977 3371 1134 3437 ὅπως
1176 3372 1291 3441 χρὴ
1312 3373 1658 3443 βαπτίζειν,
1681 3377 1778 3431 καὶ

283 3462 371 3526 εις
391 3460 498 3514 τὸν
523 3462 687 3527 τίνος
715 3461 988 3517 θάνατον.

203 3560 321 3621 κγ.
362 3554 543 3619 Ποίας
569 3554 932 3621 νηστευτέον
960 3555 1069 3622 τῆς
1098 3556 1421 3626 ἑϐδομάδος
1456 3558 1706 3628 ἡμέρας,
1738 3559 1777 3629 ἣ

284 3644 453 3710 τίνας
478 3647 547 3699 οὐ
578 3646 960 3711 νηστωτέον·
990 3648 1088 3701 καὶ
1120 3648 1191 3703 οὗ
1224 3649 1416 3718 χάριν.

204 3738 322 3793 κδ’.
365 3740 539 3805 Οἴους
582 3738 733 3813 εἶναι
760 3738 875 3808 χρὴ
914 3739 1054 3807 τοὺς
1100 3743 1619 3812 προσευχομένους
1664 3744 1778 3814 τὴν

282 3829 399 3885 ὑπὸ
428 3830 535 3884 τοῦ
562 3831 785 3899 Κυρίου
807 3831 1087 3887 δοθεῖσαν
1112 3836 1479 3905 προσευχήν.

205 3929 316 3976 κε’.
358 3925 444 3977 Εὐ
450 3924 724 3991 χαριστία
742 3925 1025 3993 μυστική.

206 4022 328 4079 τις-⁸.
370 4018 732 4084 Εὐχαριστία
759 4018 857 4071 ἐπὶ
876 4017 961 4097 τῇ
989 4020 1117 4088 θείᾳ
1139 4022 1493 4091 μεταλήψει.

206 4106 319 4168 κζ’.
363 4109 728 4177 Εὐχαριστιά
758 4110 891 4179 περὶ
920 4112 1022 4166 τοῦ
1044 4114 1340 4181 μυστικοῦ
1362 4118 1577 4185 μύρου.

205 4294 327 4356 κη’.
373 4289 498 4342 Ὅτι
526 4292 597 4344 οὐ
628 4291 742 4360 χρὴ
772 4292 1113 4363 άδιαφορεῖν
1139 4295 1273 4364 περὶ
1300 4282 1413 4366 τὴν
1439 4299 1774 4353 κοινωνίαν.

206 4472 322 4545 κθν.
366 4470 505 4537 Περὶ
533 4475 943 4543 καρποφοριῶν
968 4477 1250 4545 διάταξις.

203 4566 285 4617 λ’.
332 4562 530 4629 Ὅπως
558 4564 672 4632 χρὴ
730 4566 842 4635 τὴν
893 4568 1305 4638 ἀναστάσιμον
1361 4571 1469 4627 τοῦ
1508 4574 1779 4644 Σωτῆρος

284 4653 459 4724 ἡμῶν
484 4656 712 4725 ἡμέραν
734 4700 749 4726 ,
779 4661 1344 4733 συναθροιζομένους
1365 4707 1380 4733 ,
1411 4666 1719 4733 ἑορτάζειν.

205 4834 329 4885 λα’.
372 4832 545 4898 Οἵους
566 4833 717 4887 εἶναι
745 4835 859 4903 χρὴ
890 4835 1029 4903 τοὺς
1052 4842 1629 4910 χειροτονουμένους.

201 4928 324 4981 λε’.
366 4927 697 4996 Πρόῤῥησις
726 4928 859 4997 περὶ
885 4929 1002 4981 τῶν
1015 4933 1381 4999 μελλόντων.

203 5021 328 5088 λγθ.
368 5020 681 5088 Προσευχὴ
710 5020 1094 5090 ἐξαγγελτικὴ
1124 5026 1406 5092 προνοίας
1440 5025 1743 5096 διαφόρου.

203 5112 325 5164 Jb".
368 5110 682 5180 Προσευχὴ
755 5112 1142 5184 ἐξαγγελτικὴ
1211 5116 1591 5189 δημιωφγιάς
1653 5120 1777 5173 δια-

283 5202 490 5271 φόρου.

203 5298 320 5349 λε’.
360 5296 676 5365 Προσευχὴ
712 5297 860 5367 μετὰ
901 5301 1283 5369 εὐχαριστίας
1329 5302 1781 5373 ἐξαγγέλλουσα

287 5386 393 5440 τοῦ
425 5388 572 5441 Θεοῦ
601 5388 715 5457 τὴν
739 5392 870 5458 περὶ
898 5391 968 5446 τὰ
997 5393 1142 5447 ὄντα
1170 5394 1543 5464 κηδεμονίαν.

202 5480 337 5544 εἰς’.
372 5481 685 5549 Προσευχὴ
732 5484 1272 5553 ὑπομιμνήσκουσα
1297 5488 1409 5556 τὴν
1452 5490 1778 5559 γενομένην
1818 5540 1829 5553 ,

284 5569 540 5637 Χριστοῦ
612 5572 1087 5643 ὲνανθρὼπησιν,
1160 5578 1257 5633 καὶ
1309 5579 1423 5649 τὴν
1495 5583 1582 5647 εὶς
1641 5585 1778 5649 τούς

289 5661 492 5730 ἁγίους
518 5663 800 5733 διάφορον
827 5668 1124 5736 πρόνοιαν.

290 5776 307 5808 ⁸
331 5777 402 5832 al.
447 5778 786 5852 ολιγοψύχου.

1940 1890 2195 1947 sionibus.

1872 1980 1988 2038 XV.
2034 1983 2107 2037 De
2130 1978 2274 2036 cultu
2298 1980 2423 2053 erga
2458 1991 2726 2051 parentes.

1871 2075 2011 2130 XVI.
2053 2076 2129 2130 De
2158 2075 2473 2145 subjectione
2500 2091 2622 2145 erga
2653 2091 2821 2145 regem
2844 2083 2892 2129 et
2927 2074 3287 2144 magistratus.

1873 2256 2037 2313 XVII.
2073 2257 2150 2312 De
2181 2256 2374 2311 munda
2403 2256 2722 2311 conscientia
2750 2264 3097 2325 precantium.

1875 2456 2059 2513 XViII.
2102 2456 2252 2524 Quod
2282 2459 2365 2512 via
2393 2475 2509 2529 qua:
2550 2473 2615 2512 ea:
2650 2457 2859 2512 insidiis
2884 2454 3178 2511 adversarii
3222 2454 3431 2509 adscita

1945 2552 2066 2620 fuit,
2103 2551 2367 2619 impietate
2396 2568 2457 2604 ac
2484 2552 2760 2622 iniquitate
2786 2551 2855 2604 sit
2879 2549 3055 2619 plena.

1876 2727 2017 2783 XiX.
2060 2728 2210 2795 Quod
2240 2745 2339 2781 non
2371 2728 2606 2797 oporteat
2630 2745 2661 2781 a
2682 2728 2872 2798 pietate
2900 2726 3162 2782 declinare
3191 2725 3436 2780 dextror‘

1947 2839 2061 2875 sum
2083 2822 2159 2875 vel
2180 2819 2565 2884 sinistrorsum,
2589 2819 2833 2874 admonet
2865 2820 3157 2891 legislator.

1875 2914 1992 2969 XX.
2036 2914 2187 2981 Quod
2218 2931 2321 2967 non
2351 2923 2587 2982 oporteat
2622 2913 2917 2980 improbare
2955 2911 3124 2965 cibum
3155 2910 3431 2982 quemlibet

1947 3006 2065 3059 usui
2099 2987 2567 3067 accommodatum,
2590 3005 2679 3060 sed
2702 3022 2818 3059 cum
2848 3005 3138 3075 gratiarum
3167 3005 3369 3057 actione
3383 3009 3434 3054 et

1802 3123 1844 3181 ο
1890 3174 1895 3179 η
1948 3098 2189 3151 ordinate
2211 3114 2430 3151 sumere.

1877 3189 2018 3245 XXI.
2059 3189 2212 3257 Quod
2240 3190 2475 3260 oporteat
2500 3191 2758 3245 abstinere
2789 3191 2852 3245 ab
2886 3207 2975 3245 esu
3002 3188 3431 3258 idolothytorum.

1876 3368 2041 3425 XXII.
2085 3368 2406 3424 Constitutio
2429 3369 2728 3432 Dominica,
2748 3386 2849 3439 quo
2872 3367 3023 3422 modo
3042 3377 3275 3436 oporteat
3310 3366 3437 3435 bap-

1948 3463 2136 3527 tizare,
2162 3471 2210 3515 et
2234 3463 2289 3514 in
2313 3479 2462 3530 cujus
2495 3471 2733 3515 mortem.

1878 3552 2067 3609 XXIII.
2109 3553 2308 3619 Quibus
2338 3553 2516 3607 diebus
2546 3553 2883 3608 hebdomadis
2899 3552 3249 3622 jejunandum
3272 3555 3362 3616 sit,
3385 3564 3437 3607 et

1946 3647 2130 3719 quibus
2161 3664 2260 3701 non
2274 3646 2653 3717 jejuuandum;
2682 3656 2731 3700 et
2762 3647 2912 3715 cujus
2936 3648 3011 3699 rei
3031 3647 3225 3715 gratia.

1878 3740 2069 3797 XXIV.
2112 3741 2306 3807 Quales
2330 3757 2439 3794 esse
2469 3748 2704 3808 oporteat
2724 3756 2811 3793 eos
2840 3742 2928 3809 qui
2959 3748 3111 3792 orant
3143 3755 3176 3791 a
3208 3737 3436 3792 Domino

1951 3833 2204 3901 traditam
2234 3833 2544 3887 orationem.

1882 3923 2047 3978 XXV.
2090 3923 2396 3977 Gratiarum
2438 3924 2573 3976 actio
2597 3922 3020 3977 sacramentulis.

1880 4015 2069 4071 XXVI.
2113 4016 2419 4069 Gratiarum
2442 4016 2578 4068 actio
2600 4031 2753 4083 super
2779 4014 2957 4069 divina
2986 4029 3365 4067 communione.

1880 4109 2097 4169 XXVII.
2136 4108 2440 4164 Gratiarum
2463 4109 2601 4162 actio
2626 4124 2720 4178 pro
2746 4107 2962 4177 mystico
2986 4115 3032 4160 et
3064 4104 3440 4160 sacramentcli

1953 4213 2233 4271 unguento.

1882 4293 2118 4350 XXVIII.
2158 4294 2310 4361 Quod
2332 4311 2433 4348 non
2459 4302 2692 4363 oporteat
2726 4292 3080 4361 indi/ferenter
3109 4291 3177 4343 ad
3207 4305 3461 4343 commit»

1952 4389 2157 4441 nionem
2180 4388 2474 4442 admittere.

1808 4463 1852 4517 Ῑ)
1884 4476 2072 4533 XXIX.
2110 4478 2188 4532 De
2214 4477 2562 4532 oblationibus
2592 4477 2915 4532 constitutio.

1884 4570 2049 4627 XXX.
2093 4572 2208 4638 Quo
2240 4571 2392 4625 modo
2420 4580 2655 4640 oporteat
2705 4571 2841 4624 diem
2894 4569 3227 4623 Dominicum
3272 4570 3464 4623 nostri!

1954 4663 2246 4718 Salvatoris
2278 4665 2645 4718 resurrectioni
2671 4664 2924 4727 dicatum,
2948 4672 3285 4731 congregatos
3312 4660 3440 4716 cele-

1953 4756 2123 4810 brare.

1884 4845 2074 4903 XXXI.
2117 4848 2311 4915 Quales
2340 4865 2450 4903 esse
2475 4857 2707 4917 oporteat
2736 4865 2843 4911 eos,
2875 4848 2962 4918 qui
2993 4846 3327 4902 ordinantur.

1883 4938 2093 4994 XXXII.
2135 4941 2475 4994 Denuntiatio
2505 4940 2567 4994 de
2595 4940 2810 5010 futuris.

1882 5031 2120 5087 XXXIII.
2165 5031 2350 5087 Oratio
2372 5033 2574 5086 variam
2605 5028 2984 5100 providentiam
3009 5030 3322 5099 pra'dieans.

1883 5122 2121 5179 XXXIV.
2167 5122 2352 5179 Oratio
2384 5126 2584 5177 variam
2609 5125 2924 5178 creationem
2944 5139 3039 5192 pra
3056 5122 3260 5181 dicans.

1882 5302 2097 5358 XXXV.
2141 5301 2327 5358 Oratio
2373 5318 2490 5356 cum
2544 5303 2839 5373 gratiarum
2894 5302 3108 5356 actione
3147 5299 3440 5368 pra'dicans

1953 5396 2051 5450 Dei
2079 5413 2201 5466 erga
2225 5394 2493 5450 creaturas
2524 5395 2954 5449 sollicitudinem.

1882 5487 2121 5545 XXXVI.
2166 5487 2351 5543 Oratio
2364 5505 2776 5543 commemorans
2793 5487 3207 5542 incarnationem
3220 5484 3370 5543 Chris
3382 5486 3441 5552 εἰ,

1953 5591 2003 5636 et
2029 5582 2227 5637 variam
2250 5597 2375 5653 erga
2398 5590 2607 5636 sanctos
2629 5577 3035 5650 providentiam.
