3946 6334
176 252 276 309 997

956 252 959 255 ’
1044 250 1641 311 CONSTITUTIONES
1669 254 2144 313 APOSTOLICE.
2176 283 2246 296 —
2277 252 2405 308 LIB.
2442 252 2557 311 VII.

3295 250 3401 306 998

172 368 230 422 δὲ
280 364 566 436 σύγκρισιν
617 362 829 433 ἔχουσιν
888 361 1023 434 πρὸς
1066 363 1282 427 ἑαυτάς·
1333 366 1466 420 πολὺ
1518 366 1628 438 γὰρ
1672 366 1732 419 τὸ

1850 381 2088 436 nagnum
2131 364 2464 429 discrimen,
2511 364 2622 419 imo
2660 377 2789 419 vero
2835 376 3060 435 prorsus
3111 360 3399 431 disiunctae

172 457 443 528 διάφορον,
476 455 670 527 μᾶλλον
692 456 747 509 δὲ
770 454 944 526 πάντη
973 457 1369 527 κεχωρισμέναι
1395 458 1735 529 τυγχάνουσι·

171 552 263 605 xui
291 551 493 622 φυσικὴ
526 550 622 621 μέν
667 550 812 602 ἐστιν
845 551 878 620 ἡ
919 550 1020 619 τῆς
1048 549 1193 619 ζωῆς
1234 550 1378 617 ὁδὸς,
1424 552 1742 614 ἐπείσακτος

170 645 225 699 δὲ
251 646 283 714 ἡ
312 642 409 697 τοῦ
438 643 666 697 θανάτου
685 682 699 705 ,
742 643 803 697 οὑ
846 641 941 694 τοῦ
984 642 1124 695 κατὰ
1152 641 1373 713 γνώμην
1401 642 1533 695 Θεοῦ
1564 642 1739 714 ὑπάρ-

172 735 376 803 ξαντος,
407 735 540 789 ἀλλά
566 735 659 787 τοῦ
689 733 748 799 ἐξ
775 733 1068 804 ἐπιϐουλῆς
1088 732 1181 787 τοῦ
1208 733 1485 805 ἀλλοτρίου
1517 734 1613 805 (8).

707 848 932 901 ΚΕΦΑΛ
940 847 1098 900 ᾹΙΟΝ
1128 848 1201 899 B'.

170 938 817 1017 Ἠθικοὶ-παραινέσεις
862 938 1170 1017 Ιξυριακῶν
1200 937 1552 1017 διατάξεων,
1582 953 1737 1017 gyp-

235 1009 539 1079 ερωνοῦσαι
586 1008 659 1076 τῇ
688 1008 912 1075 παλαιᾷ
952 1010 1383 1075 παρακελεύσει
1426 1008 1541 1061 τῶν
1568 1010 1740 1063 θείων

235 1082 453 1135 νόμων.
490 1079 898 1135 Ἀπαγόρευσις
941 1078 1149 1135 θυμοῦ.
1194 1079 1471 1135 φθόνου’,
1497 1079 1736 1135 διαφθο-

234 1096 453 1148 raptor.
494 1096 898 1147 Απαγορευσις
941 1096 1149 1145 σινμου,
1193 1096 1415 1146 φαονου
1430 1096 1471 1137 υ,
1497 1096 1734 1147 ονιαρυο-

232 1147 364 1217 ρᾶς.
405 1151 701 1217 μοιχείας,
753 1148 851 1201 καὶ
899 1147 1101 1215 πάσης
1144 1147 1631 1218 ἀπηγορευμένης
1660 1148 1734 1219 (9)

236 1219 527 1287 πράξεως.

237 1334 436 1406 Πρώτη
464 1329 556 1387 οὖν
582 1332 839 1403 τυγχάνει
883 1334 916 1403 ἠ
962 1332 1078 1395 ὁδὸς
1118 1332 1217 1403 τῆς
1252 1333 1416 1403 ζωῆς·
1446 1332 1553 1386 'xui
1592 1333 1737 1386 ἐστιν

167 1428 302 1498 αὕτη
334 1428 400 1497 ἢν
429 1428 521 1480 xui
565 1426 593 1478 ό
634 1426 797 1498 νόμος
825 1425 1149 1497 διαγορεύεισ
1180 1446 1197 1477 ι
1249 1427 1490 1497 Ἀγαπᾷν
1535 1425 1738 1497 Κύριον

166 1520 252 1572 τὸν
280 1519 415 1571 Θεὸν
452 1517 512 1582 ἐξ
537 1518 661 1589 ὅλης
689 1519 789 1587 τῆς
823 1518 1059 1581 διανοίας
1088 1517 1218 1589 (10),
1250 1519 1343 1572 xui
1386 1517 1445 1582 ἐξ
1473 1518 1598 1589 ὅλης
1637 1518 1739 1587 τῆς

166 1610 367 1680 ψυχῆς,
416 1611 505 1663 τὸν
533 1610 629 1662 ἕνα
658 1611 751 1663 xui
781 1611 957 1680 μόνον,
1005 1613 1133 1681 παρ’
1162 1611 1220 1663 ὃν
1265 1609 1419 1673 ἀλλος
1462 1609 1561 1662 οὐκ
1600 1608 1736 1675 ἐστὶ,

1840 458 2182 524 consistunt;
2252 472 2316 512 ac
2369 458 2618 512 naturale
2673 457 2890 526 quidem
2942 462 3026 510 est
3071 455 3196 511 vita:
3257 454 3396 510 iter.

1842 549 2109 604 adscitum
2165 534 2348 604 autem
2411 549 2516 603 iter
2565 550 2797 611 mortis,
2849 563 2955 602 non
2998 548 3144 602 illius
3182 562 3299 619 quae
3330 560 3398 599 ex

1840 643 2117 697 voluntate
2150 641 2243 697 Dei
2276 642 2507 707 exstitit,
2534 658 2721 697 verum
2754 640 2900 697 illius
2932 656 3052 712 quae
3084 656 3150 695 ex
3185 637 3399 694 insidiis

1840 736 2140 790 adversarii
2163 735 2203 790 ⁸.

2451 846 2678 901 CAPUT
2720 846 2785 901 11.

1840 936 2071 994 Morales
2149 939 2529 993 admonitiones
2602 938 2993 994 Dominicarum
3064 946 3399 993 constitutio-

1911 1026 2067 1071 num,
2144 1009 2519 1064 concordanles
2581 1026 2696 1061 tum
2758 1010 2974 1077 antiqua
3038 1010 3402 1062 exhortatione

1910 1080 2208 1133 divinarum
2273 1080 2460 1147 legum.
2525 1077 2829 1132 Interdictio
2899 1080 3029 1135 ἔναυ.
3092 1077 3397 1139 homicidii,

1910 1148 2276 1231 abominanda:
2329 1149 2569 1214 Veneris,
2610 1148 2887 1213 adulterii,
2924 1150 3190 1217 omnisque
3232 1149 3403 1202 vetita:

1909 1231 2149 1273 actionis.

1907 1335 2087 1389 Prima
2125 1335 2289 1405 igitur
2323 1342 2407 1391 est
2429 1333 2515 1388 via
2543 1333 2668 1387 vitae
2701 1334 2743 1365 ¹⁰
2769 1351 2785 1398 ;
2816 1347 2988 1401 eaque
3016 1337 3119 1395 cst,
3154 1347 3315 1401 quam
3346 1342 3400 1386 et

1837 1427 1922 1482 lex
1954 1428 2198 1498 praecipit
2236 1446 2248 1481 :
2288 1444 2306 1477 ι
2341 1426 2577 1497 Diligere
2626 1424 2917 1480 Dominum
2961 1422 3129 1478 Deum
3180 1439 3245 1477 ex
3286 1431 3401 1477 tota

1840 1525 2020 1571 mente
2047 1525 2101 1571 et
2124 1532 2188 1571 ex
2222 1526 2330 1573 tota
2364 1520 2545 1573 anima
2568 1520 2634 1584 ”,
2665 1534 2835 1574 unum
2864 1533 2927 1571 ac
2961 1516 3139 1572 solum
3169 1556 3183 1579 ,
3211 1528 3408 1585 prazter

1840 1623 2000 1677 quem
2058 1608 2197 1663 alius
2264 1625 2368 1664 non
2410 1624 2495 1666 est
2523 1614 2587 1674 ",
2646 1621 2699 1667 et
2763 1612 3068 1682 proximum
3118 1613 3259 1665 sicut
3314 1627 3404 1665 se-

167 1704 255 1754 xui
284 1702 380 1754 τὸν
409 1701 631 1773 πλησίον
661 1703 736 1766 ὡς
765 1702 971 1755 ἑαυτόν·
1005 1721 1022 1752 ι
1059 1703 1171 1756 καί’
1208 1722 1226 1753 ι
1256 1704 1369 1756 Πᾶν
1397 1702 1425 1755 ὃ
1455 1701 1528 1773 μὴ
1566 1701 1739 1764 θέλεις

1850 1698 2016 1766 ipsum
2044 1698 2119 1763 ¹³;
2159 1717 2177 1750 ι
2208 1709 2295 1752 et:
2340 1718 2357 1749 ι
2387 1698 2559 1755 Omne
2588 1702 2730 1771 quod
2770 1716 2875 1754 non
2908 1700 2989 1754 vis
3030 1701 3123 1754 tibi
3161 1701 3298 1759 ﬁeri,
3352 1709 3405 1752 et

166 1793 419 1861 γενέσθαι
448 1811 528 1847 σοι
552 1837 566 1859 ,
598 1794 691 1848 xui
730 1796 793 1848 σὺ
842 1795 953 1864 (ll)
990 1794 1147 1848 τοῦτο
1182 1794 1323 1867 ἄλλῳ
1366 1795 1427 1847 οὐ
1470 1794 1733 1865 ποιήσεις.

167 1886 451 1954 Εύλογεῖτε
502 1888 629 1950 τοὺς
682 1888 1101 1959 καταρωμένους
1154 1887 1316 1957 ὑμᾶς·
1373 1887 1736 1959 προσεύχεσθε

166 1978 308 2049 ὑπὲρ
338 1978 443 2032 τῶν
472 1977 877 2051 ἐπηρεαζόντων
905 1980 1067 2051 ὑμᾶς’
1100 1981 1343 2049 ἀγαπᾶτε
1371 1981 1496 2043 τοὺς
1514 1979 1737 2051 ἐχθροὺς

167 2068 322 2139 ὑμῶν
348 2088 361 2100 ·
429 2070 557 2123 ποία
602 2070 710 2142 γὰρ
738 2071 780 2102 ’⁸
811 2072 937 2141 ὑμῖν
982 2071 1160 2143 χάρις,
1225 2070 1319 2124 ἐὰν
1365 2071 1551 2141 φιλῆτε
1612 2070 1737 2133 τοὺς

167 2162 455 2231 φιλοῦντας
500 2164 670 2233 ύμᾶς;
726 2163 817 2216 xui
860 2162 968 2235 γάρ
1014 2163 1108 2216 xui
1154 2163 1204 2215 οί
1238 2162 1443 2237 ἐθνικοὶ
1498 2163 1541 2194 ¹⁹
1581 2161 1739 2215 τοῦτο

167 2253 433 2307 ποιοῦσιν*
474 2255 630 2325 ὑμεῖς
665 2254 722 2308 δὲ
767 2255 964 2323 φιλεῖτε
1002 2256 1127 2319 τοὺς
1177 2253 1466 2325 μισοῦντας
1511 2254 1672 2324 ὑμᾶς.
1712 2273 1731 2306 ι

169 2346 274 2398 Καὶ
322 2346 517 2417 ἐχθρὸν
563 2346 660 2417 οὑχ
706 2346 875 2411 ἕξετεο
933 2366 951 2397 ι
997 2347 1072 2399 Οὐ
1122 2350 1367 2418 μισήσεις
1409 2345 1538 2418 γάρ,
1581 2344 1737 2417 φησὶ,

169 2439 347 2491 πάντα
383 2439 684 2510 ἄνθρωπον,
733 2439 831 2493 οὐκ
867 2440 1179 2509 Αίγύπτιον,
1230 2440 1328 2494 οὐκ
1360 2439 1672 2510 ’ῐδουμαϊονο
1711 2457 1731 2491 ι

170 2529 411 2592 ἅπαντες
431 2530 539 2600 γάρ
571 2531 677 2583 είσι
703 2530 798 2583 τοῦ
830 2530 964 2584 Θεοῦ
994 2531 1149 2603 ἔργα.
1191 2530 1421 2601 Φεύγετε
1465 2531 1523 2585 δὲ
1550 2531 1611 2585 οὐ
1639 2531 1738 2596 τάς

170 2622 381 2690 φύσεις,
412 2622 545 2675 ἀλλά
590 2622 689 2685 τὰς
730 2622 954 2693 γνώμας
984 2623 1098 2677 τῶν
1143 2624 1410 2697 πονηρῶν.
1448 2643 1466 2676 ι
1510 2624 1735 2695 ’Δπέχου

168 2712 269 2767 τῶν
304 2712 583 2783 σαρκικῶν
610 2714 703 2767 xui
725 2715 1001 2784 κοσμικῶν
1027 2715 1346 2785 ἐπιθυμιῶν.
1393 2716 1517 2770 Ἐάν
1543 2717 1627 2781 τίς
1655 2735 1736 2771 σοι

169 2804 239 2873 δῷ
277 2804 532 2875 ῥάπισμα
574 2806 653 2867 εἰς
695 2806 793 2878 τὴν
835 2804 1013 2870 δεξιὰν
1057 2806 1165 2878 (12)
1216 2808 1457 2877 σιαγόνα,
1511 2809 1736 2881 στρέψον

170 2895 316 2965 αὐτῷ
349 2897 442 2949 xui
468 2896 565 2967 τὴν
593 2896 774 2968 ἀλλην·
805 2917 823 2948 ι
856 2898 917 2950 οὐ
946 2898 1152 2970 φαύλης
1182 2899 1347 2973 οὔσης
1376 2900 1476 2971 τῆς
1504 2901 1734 2972 ἀμύνης,

169 2987 300 3040 ἀλλά
332 2987 663 3059 τιμιωτέρας
681 2989 781 3058 τῆς
802 2989 1169 3053 ἀνεξικακίαςο
1190 2991 1337 3060 λέγει
1358 2992 1467 3064 γὰρ
1493 2994 1522 3044 ὁ
1542 2993 1702 3046 Δαὸίδ
1721 3010 1734 3026 ν

1838 1804 1895 1849 ιιι
1924 1794 2028 1848 hoc
2057 1793 2215 1849 alteri
2250 1808 2318 1847 ne
2354 1792 2528 1845 facias
2558 1791 2621 1842 νδ.
2672 1788 2982 1843 Benedicite
3022 1789 3090 1841 iis
3119 1787 3210 1857 qui
3245 1787 3404 1839 vobis

1837 1883 2169 1939 maledicunt
2193 1902 2208 1948 ;
2242 1891 2395 1937 orate
2424 1896 2523 1951 pro
2552 1879 3013 1935 calumniantibus
3037 1892 3165 1941 vos;
3196 1874 3403 1945 diligte

1838 1978 2092 2033 inimicos
2142 1983 2360 2031 vestros
2409 1974 2474 2029 ¹⁸.
2535 1972 2665 2040 Quae
2695 1970 2841 2026 enim
2896 1968 3049 2024 vobis
3096 1967 3299 2038 gratia,
3353 1966 3399 2019 si

1838 2069 2032 2124 amatis
2066 2084 2161 2123 eos
2190 2068 2282 2137 qui
2318 2083 2415 2122 vos
2448 2074 2631 2120 amant
2666 2066 2745 2118 ’τί
2796 2064 2995 2119 etenim
3031 2060 3233 2116 ethnici
3264 2075 3403 2129 quo-

1837 2177 1942 2231 que
1987 2163 2093 2214 hoc
2126 2161 2334 2213 faciunt
2365 2160 2445 2223 ¹⁸;
2480 2174 2580 2212 vos
2609 2164 2789 2211 autem
2833 2164 3010 2208 amate
3053 2168 3147 2207 eos
3177 2152 3268 2221 qui
3305 2168 3402 2205 vos

1837 2255 2092 2309 oderunt.
2132 2273 2151 2304 ι
2203 2252 2267 2306 Et
2325 2252 2605 2306 inimicum
2636 2266 2744 2304 non
2774 2247 3073 2313 habebitis;
3108 2247 3181 2299 ait
3206 2246 3348 2301 enim
3385 2264 3398 2299 :

1842 2365 1862 2399 ι
1902 2345 1979 2401 Ne
2010 2344 2193 2400 oderis
2227 2345 2395 2397 ullum
2433 2343 2738 2409 hominem,
2781 2357 2887 2395 non
2927 2339 3265 2413 Egyptium,
3290 2351 3402 2389 non

1836 2436 2130 2492 Idumaeum
2150 2438 2226 2503 ὀς
2251 2457 2270 2488 ο
2291 2450 2415 2501 nam
2450 2450 2640 2489 omnes
2667 2441 2794 2489 sunt
2821 2432 2911 2487 Dei
2944 2447 3103 2502 opus.
3133 2429 3401 2483 Caeterum

1838 2528 2007 2599 fugite
2043 2543 2150 2582 non
2206 2536 2462 2593 naturas,
2516 2526 2610 2582 sed
2652 2526 2958 2578 voluntates
3008 2521 3399 2592 improborum.

1842 2640 1861 2674 ι
1889 2622 2119 2676 Abstine
2139 2635 2169 2673 a
2189 2620 2504 2674 carnalibus
2530 2627 2584 2674 et
2607 2618 2902 2673 mundanis
2922 2613 3312 2685 cupiditatibus
3332 2612 3398 2665 “.

1839 2714 2036 2786 Siquis
2065 2714 2355 2769 incusserit
2380 2712 2475 2767 tibi
2506 2712 2791 2782 colaphum
2825 2714 2879 2764 in
2909 2710 3183 2764 dexteram
3209 2704 3402 2759 maxil-

1838 2807 2201 2869 lam,obverte
2229 2806 2305 2860 illi
2339 2812 2393 2860 et
2429 2805 2653 2859 alteram
2681 2805 2759 2869 “;
2802 2820 2821 2854 ι
2858 2818 2964 2855 non
2995 2796 3139 2871 quod
3170 2797 3307 2851 mala
3332 2795 3404 2863 sit

1840 2900 2006 2963 ultio,
2037 2900 2129 2954 sed
2161 2898 2305 2969 quod
2337 2897 2509 2967 pluris
2544 2896 2659 2951 fieri
2699 2894 2891 2949 debeat
2914 2890 3204 2962 patientia;
3236 2886 3403 2940 David

1838 2992 1984 3047 enim
2008 2990 2141 3045 dicit
2166 3010 2179 3045 :
2212 3010 2230 3042 ι
2260 2990 2316 3044 Si
2337 2988 2548 3044 reddidi
2572 2985 3001 3043 retribuentibus
3032 2981 3161 3036 mihi
3181 2978 3319 3032 tnala
3334 2978 3401 3033 ”.

175 3098 192 3130 ι
223 3080 285 3132 Ei
319 3080 675 3135 ἀνταπέδωκα
705 3084 816 3144 τοῖς
847 3082 1253 3137 ἀνταποδιδοῦσί
1282 3102 1370 3155 μοι
1410 3085 1575 3139 κακά.
1610 3085 1737 3139 Ἐὰν

1850 3083 1901 3139 Si
1934 3084 2297 3155 angariaverit
2335 3090 2386 3137 te
2418 3081 2616 3152 aliquis
2645 3094 2812 3134 unum
2840 3078 3093 3138 milliare,
3120 3071 3255 3127 vade
3282 3086 3406 3125 cum

172 3171 491 3243 ἀγγαρεύσῃ
526 3170 583 3224 σέ
621 3190 704 3236 τις
740 3172 913 3243 μίλιον
950 3172 1027 3239 ἓν,
1059 3172 1235 3244 ὕπαγε
1282 3179 1397 3246 μετ’
1431 3178 1593 3231 αὐτοῦ
1624 3180 1736 3245 δύο,

170 3265 259 3317 xui
288 3263 378 3334 τῷ
430 3264 633 3318 θέλοντί
675 3282 755 3318 σοι
799 3265 1075 3338 κριθῆναι,
1125 3268 1219 3320 xui
1262 3269 1354 3321 τὸν
1394 3269 1596 3339 χιτῶνά
1646 3289 1739 3325 σου

169 3354 379 3423 λαϐεῖν,
413 3357 547 3424 ἄφες
579 3357 727 3428 αὐτῷ
771 3358 867 3411 xui
895 3359 954 3412 τὸ
998 3358 1230 3430 ίμάτιον·
1280 3361 1371 3414 xui
1395 3362 1502 3414 ἀπὸ
1529 3361 1623 3415 τοῦ
1656 3364 1740 3416 αἷ-

174 3464 363 3518 ροντος
410 3447 481 3502 τά
532 3448 636 3513 σά,
687 3450 760 3522 μὴ
809 3450 1048 3504 ἀπαίτει.
1093 3452 1183 3522 Τῷ
1217 3452 1330 3523 (15)
1374 3452 1610 3507 αἰτοῦντί
1660 3470 1739 3519 σε,

172 3538 341 3593 δίδου·
377 3540 471 3594 xui
503 3541 610 3595 ἀπὸ
642 3540 737 3595 τοῦ
763 3541 1005 3606 θέλοντος
1047 3543 1390 3597 δανείσασθαι
1432 3544 1581 3615 παρά
1626 3545 1739 3610 σοῦ,

175 3631 246 3702 μὴ
278 3633 656 3704 ἀποστραφεὶς
675 3632 783 3705 (14)
814 3634 1143 3706 ἀποκλείσῃς
1174 3636 1271 3707 τὴν
1302 3640 1513 3708 χεῖρα·›
1537 3638 1743 3703 δίκαιος

170 3722 276 3794 γὰρ
306 3723 454 3794 ἀνὴρ
474 3724 731 3795 οίκτείρει
760 3724 853 3778 xui
882 3728 1067 3797 κιχρᾷ·
1102 3728 1237 3780 πᾶσι
1282 3728 1389 3800 γάρ
1420 3728 1562 3783 θέλει
1606 3730 1743 3783 δίδο-

175 3814 293 3868 σθαι
318 3816 354 3867 ὁ
383 3815 591 3887 Πατὴρ,
611 3818 639 3870 ὁ
656 3817 745 3870 τὸν
775 3817 924 3889 ἥλιον
950 3819 1114 3872 αὐτοῦ
1143 3820 1442 3874 ἀνατέλλων
1472 3822 1563 3875 ἐπὶ
1584 3840 1745 3895 πονη-

178 3908 326 3975 ρους,
367 3906 460 3960 xui
506 3907 763 3975 ἀγαθοὺς,
798 3911 891 3963 xui
919 3910 1011 3964 τὸν
1051 3912 1203 3965 ὑετὸν
1222 3914 1384 3967 αὑτοῦ
1416 3914 1622 3985 βρέχων
1655 3916 1746 3969 ἐπὶ

174 3997 425 4062 δικαίους
456 4000 549 4052 xui
580 4001 816 4065 ἀδίκους.
863 4003 1035 4057 Πᾶσιν
1081 4000 1174 4057 οὖν
1222 4003 1431 4058 δίκαιον
1461 4006 1660 4059 διδόναι
1688 4007 1747 4072 ἐξ

1839 3178 1931 3232 illo
1960 3178 2097 3245 duo;
2153 3184 2206 3231 et
2238 3176 2286 3231 ei
2321 3176 2412 3246 qui
2444 3175 2559 3228 vult
2607 3184 2782 3229 tecum
2818 3170 3027 3240 judicio
3056 3163 3406 3227 contendere,

1838 3277 1893 3326 et
1918 3269 2165 3324 tunicam
2206 3276 2357 3323 tuam
2393 3267 2608 3331 tollere,
2662 3264 2878 3321 dimitte
2919 3264 2968 3319 ei
3003 3271 3056 3317 et
3084 3260 3306 3331 pallium
3332 3259 3407 3315 ":

1838 3370 1894 3418 et
1939 3363 2031 3433 qui
2066 3361 2245 3417 aufert
2296 3377 2417 3432 quae
2470 3368 2562 3415 tua
2596 3370 2750 3420 sunt,
2795 3372 2864 3411 ne
2910 3366 3143 3425 repetas.
3198 3351 3408 3406 Petenti

1841 3468 1871 3507 a
1900 3461 1986 3516 te,
2034 3453 2141 3515 da;
2200 3460 2254 3507 et
2310 3453 2511 3507 volenti
2562 3450 2799 3505 mutuari
2843 3463 2873 3502 a
2932 3456 3023 3511 te,
3070 3460 3139 3500 ne
3185 3459 3411 3498 aversus

1841 3544 2063 3600 claudas
2096 3560 2318 3599 manum
2347 3545 2424 3599 "i
2466 3556 2485 3588 ι
2528 3543 2611 3598 vir
2644 3542 2785 3598 enim
2813 3540 2997 3609 justus
3019 3538 3313 3593 miseretur
3349 3544 3406 3589 et

1841 3637 2153 3694 commodat
2182 3638 2266 3704 “;
2302 3637 2571 3708 siquidem
2602 3636 2856 3690 omnibus
2884 3634 2999 3687 vult
3026 3631 3191 3686 tribui
3224 3629 3408 3689 Pater,

1842 3730 1935 3802 qui
1969 3730 2140 3785 solem
2174 3745 2333 3786 suum
2368 3728 2502 3789 oriri
2536 3728 2679 3783 facit
2710 3742 2877 3798 super
2910 3726 3083 3780 malos
3124 3733 3178 3779 et
3208 3724 3406 3780 bonos.

1842 3830 1897 3879 et
1927 3823 2166 3895 pluviam
2191 3839 2344 3879 suam
2368 3822 2605 3879 demittit
2626 3837 2791 3892 super
2807 3820 2989 3890 justos
3017 3827 3070 3871 et
3092 3818 3325 3887 iniustos
3344 3815 3409 3871 ".

1845 3915 2087 3988 Equum
2139 3916 2303 3986 igitur
2347 3923 2466 3978 est,
2520 3924 2582 3969 ut
2620 3914 2875 3970 omnibus
2933 3911 3148 3972 demus,
3182 3924 3247 3963 ex
3288 3923 3414 3978 pro-

1844 4010 1982 4080 priis
2008 4008 2289 4063 laboribus
2325 4025 2338 4061 :
2380 4026 2396 4059 ι
2437 4007 2655 4062 Honora
2679 4008 2848 4070 enim,
2883 4005 3080 4075 inquit,
3122 4001 3410 4056 Dominum

174 4092 397 4144 οἰκείων
442 4092 636 4146 πόνων.
674 4113 691 4144 ι
731 4095 877 4165 Τίμα
909 4095 1039 4166 γὰρ,
1080 4098 1232 4167 φησὶ,
1262 4098 1351 4150 τὸν
1391 4098 1593 4170 Κύριον
1641 4100 1749 4153 ἀπὸ

1850 4103 1914 4157 de
1963 4102 2072 4156 tuis
2100 4102 2268 4171 justis
2313 4102 2592 4156 laboribus
2642 4102 2721 4165 '3;
2762 4120 2778 4152 ι
2826 4106 3039 4169 oportet
3070 4104 3246 4150 autem
3275 4111 3414 4163 pra:-

177 4184 284 4236 σῶν
327 4184 554 4239 δικαίων
588 4185 762 4239 πόνων
788 4204 801 4217 ·
847 4206 866 4239 ι
903 4188 1269 4259 προτιμητέον
1297 4189 1352 4241 δὲ
1385 4192 1511 4254 τοὺς
1540 4191 1744 4259 ἁγίους.

1849 4194 1990 4252 ferre
2038 4202 2258 4251 sanctos
2296 4196 2361 4250 ".
2404 4214 2421 4245 ι
2464 4194 2581 4249 Non
2630 4193 2849 4248 occides
2888 4192 2963 4257 ³⁰;
3009 4211 3026 4243 ι
3079 4190 3130 4243 id
3170 4196 3273 4252 est,
3305 4203 3413 4240 non

180 4292 201 4326 ι
233 4277 310 4330 Οὐ
353 4278 648 4346 φονεύσειςο
694 4298 712 4330 ι
746 4279 1051 4345 τουτέστιν,
1093 4279 1153 4331 οὐ
1183 4280 1401 4351 φθερεῖς
1446 4282 1535 4335 τὸν
1568 4284 1750 4354 ὅμοιόν

1850 4287 2101 4342 deStrues
2124 4287 2355 4343 similem
2389 4289 2486 4343 tibi
2508 4288 2812 4353 hominem;
2847 4282 3100 4339 dissolvis
3128 4281 3269 4336 enim
3295 4293 3417 4348 qua:

178 4384 259 4423 σοι
281 4368 591 4441 ἄνθρωπον·
623 4371 858 4434 διαλύεις
885 4370 993 4443 γὰρ
1025 4370 1093 4424 τὰ
1120 4370 1299 4435 καλῶς
1340 4374 1620 4445 γινόμενα*
1652 4376 1748 4447 οὐκ

1850 4389 2000 4436 recte
2029 4380 2175 4434 facta
2210 4390 2366 4447 sunt;
2396 4396 2502 4434 non
2531 4378 2675 4449 quod
2697 4379 2876 4432 omnis
2897 4375 3071 4431 caedes
3095 4374 3166 4428 sit
3186 4372 3413 4433 vitiosa;

176 4460 252 4524 ὼς
286 4462 494 4527 παντὸς
537 4464 695 4533 φόνου
739 4464 939 4533 φαύλου
989 4466 1365 4534 τυγχάνοντος,
1400 4467 1534 4520 ἀλλά
1588 4469 1747 4539 μόνου

178 4552 273 4606 τοῦ
326 4554 528 4623 ἀθὼου,
556 4556 695 4610 τοῦδ’
724 4556 933 4610 ἐνδίκου
967 4557 1190 4628 ἄρχουσι
1220 4558 1400 4628 μόνοις
1432 4560 1747 4633 ἀφωρισμέ-

252 4733 384 4787 “Sa

391 4750 443 4804 p.
482 4750 520 4797 ι,
555 4735 654 4808 ίζζις
685 4737 853 4808 ιμὲδ.
926 4739 947 4771 ⁸
981 4739 996 4793 1
1034 4738 1214 4808 φόνου.
1320 4740 1361 4771 ¹⁰
1394 4739 1582 4795 Anast.
1614 4741 1745 4796 ibid.

1854 4471 1947 4526 sed
1999 4472 2311 4527 innocentis
2355 4472 2558 4536 solius;
2612 4485 2734 4523 cum
2781 4470 2929 4538 justa
2987 4466 3162 4521 caedes
3208 4461 3413 4532 magis-

1854 4564 2089 4620 tratibus
2123 4566 2255 4621 solis
2285 4572 2612 4621 reservetur.
2655 4582 2673 4615 ι
2702 4562 2818 4617 Non
2848 4558 3238 4623 maechaberis;
3282 4574 3301 4607 ι
3332 4555 3416 4609 di—

1845 4741 1885 4772 ¹¹
1911 4740 2068 4798 Deut.
2105 4758 2182 4799 vt.
2214 4743 2266 4797 5.
2346 4744 2388 4805 ‘3
2425 4742 2589 4796 Marc.
2627 4758 2723 4801 xv.
2752 4740 2839 4795 3?...
2923 4740 2963 4772 ¹³
3001 4738 3130 4793 Lev.
3173 4752 3285 4798 xIx,
3328 4735 3416 4790 18.

182 4803 400 4881 “Iob.
434 4805 637 4881 mulli.
718 4808 761 4838 "
793 4807 982 4863 Matth.
1015 4803 1183 4881 v.44.
1265 4810 1304 4841 ⁸⁸
1336 4808 1525 4866 Anast.
1552 4812 1740 4864 inserit

1850 4831 2024 4881 φυκεν.
2110 4814 2150 4843 ¹⁷
2180 4811 2311 4866 Luc.
2350 4803 2424 4871 vl.
2452 4813 2539 4867 52.
2618 4813 2658 4842 "‘
2693 4811 2880 4867 Matth.
2912 4828 2961 4870 v.
2993 4810 3107 4881 47.
3161 4806 3414 4881 ’θςᾲῃιιεῐη

180 4875 434 4927 τελῶναι.
509 4876 552 4905 ὀ
581 4875 732 4930 Deut.
767 4894 927 4933 xxlu.
1000 4880 1043 4909 ¹¹
1072 4878 1090 4931 1
1122 4880 1264 4935 Petr.
1293 4896 1352 4941 ιι.
1388 4881 1471 4933 Η.

1551 4884 1592 4912 ’³
1618 4881 1801 4937 Matth.
1832 4901 1883 4942 v.
1909 4885 1997 4938 59.

185 4961 263 5011 v1,
296 4946 398 5012 30;
445 4943 631 5001 Matth.
655 4962 710 5011 v,
742 4948 829 5003 42.
908 4947 1117 5005 "Psal.
1148 4966 1259 5015 cxl,
1285 4950 1338 5006 5.
1415 4953 1457 4983 ³⁷
1489 4950 1679 5005 Matth.
1721 4970 1772 5018 ν,
1815 4954 1903 5008 45.
1980 4954 2024 4984 ’⁸
2042 4952 2291 5019 Prov.m,
2317 4954 2369 5009 9.

2075 4883 2118 4913 ’³
2142 4882 2389 4945 Psal.vn,
2422 4884 2474 4938 5.
2550 4884 2594 4914 ’⁸
2620 4882 2804 4937 Matth.
2863 4900 2909 4946 v,
2932 4882 3022 4939 4|.
3052 4880 3141 4934 40.
3219 4878 3261 4907 ’⁸
3283 4875 3417 4930 Lue.

2446 4954 2489 4984 ”
2512 4952 2629 5009 Gal.
2662 4969 2736 5017 γι,
2766 4954 2850 5009 10.
2924 4954 2967 4984 ³⁸
3002 4949 3171 5005 Exod.
3200 4964 3295 5015 xx,
3331 4947 3417 5002 13.

1557 5131 1917 5188 VARIORUM
1954 5132 2185 5190 NOTAE.

262 5287 739 5369 (8i_‘A.1.10ggloy.
772 5290 829 5369 In
856 5291 1103 5369 margine
1126 5290 1247 5369 cod.
1276 5290 1508 5369 Vindob.
1534 5294 1759 5369 eslAhoc

1862 5289 2471 5369 .Vindobﬁjrout-éc‘rtyd
2503 5290 2565 5369 σὺ
2596 5295 2771 5369 μισεῖς
2791 5290 2931 5361 ἄλλῳ
2959 5288 3019 5369 ού
3047 5288 3307 5369 ποιήσεις.
3344 5284 3419 5343 In.

187 5359 464 5434 scholiqu
496 5379 509 5415 :
642 5360 748 5432 γάρ
782 5361 911 5424 Θεὸς
933 5362 1157 5434 θάνατον
1185 5362 1281 5414 οὐκ
1312 5363 1554 5434 ἐποίησε,
1583 5364 1760 5434 φθόνῳ

186 5430 246 5482 δὲ
272 5429 521 5502 διαβόλου
552 5429 777 5494 θάνατος
798 5434 875 5493 εἰς
914 5433 1002 5484 τὸν
1032 5435 1250 5502 κόσμον
1289 5429 1549 5502 εἰσῆλθεν.
1592 5429 1758 5487 litati.

286 5499 345 5583 _9)
378 5501 905 5583 Ἀπῃγορευμέρςηᾳ
931 5501 1065 5556 Cod.
1090 5499 1250 5583 Vind.
1274 5499 1490 5583 ἀνοσίας
1512 5502 1761 5574 πράξεως

189 5569 569 5641 Σοδομιτικῆς,
604 5569 724 5641 quae
754 5571 1030 5641 Glossema
1063 5570 1424 5641 redolentulo.

263 5640 383 5780 (i0;
408 5639 690 5719 Atai'oidc.
718 5641 854 5699 Cod.
878 5639 1038 5697 Vind.
1062 5642 1303 5716 καρδίας.
1328 5640 1401 5697 In.

263 5708 358 5777 (Η
410 5710 520 5766 Καὶ
554 5713 655 5779 σύ,
686 5720 790 5767 etc.
845 5712 1121 5768 Scholium
1170 5712 1275 5768 hoc
1313 5710 1509 5780 le'gitur
1546 5709 1559 5765 i

263 5708 317 5777 (Ι
333 5708 383 5780 1)
410 5710 529 5766 Καὶ
554 5713 655 5779 σύ,
686 5720 790 5767 etc.
845 5708 1149 5768 Scholium'
1170 5712 1275 5768 hoc
1313 5710 1509 5781 le'gitur
1546 5709 1601 5766 in
1626 5710 1746 5768 cod.

1939 5364 2047 5435 (12)
2081 5366 2185 5435 Είς
2224 5362 2339 5435 τὴν⁴
2366 5360 2714 5435 deﬁciatis
2739 5376 2922 5435 _voees
2972 5368 3025 5414 et
3062 5360 3305 5430 proxime
3337 5372 3420 5412 se-

1864 5429 2041 5506 quens
2071 5434 2270 5506 absunt
2300 5432 2353 5486 in
2369 5429 2521 5506 _cod.
2554 5430 2713 5506 i’ind.
2739 5432 2815 5485 Io.

1858 5495 2185 5630 ἑοέιίὸζῃζιὲ,
2212 5511 2319 5625 (ἧς.
2368 5500 2528 5556 Deest
2564 5502 2834 5572 integrum
2870 5499 2975 5555 hoc
3012 5505 3336 5570 praeceptum
3366 5495 3419 5555 in

1930 5643 2040 5716 (Η)
2069 5641 2524 5713 Ἀποστραφείς.
2557 5639 2718 5698 Deest
2742 5640 2799 5699 in
2829 5638 3019 5698 eodem
3049 5636 3172 5695 cod.
3200 5637 3279 5694 1ο.
