3946 6334
216 310 349 369 1000

1076 312 1676 376 CONSTITUTIONES
1715 319 2192 378 Αῐιοετοιιοιες.
2226 350 2298 363 -
2328 318 2459 374 LIB.
2498 318 2606 374 Vll.

3330 322 3469 378 iCiO

211 448 296 484 σου
328 426 425 480 καὶ
451 426 579 490 τοὺς
601 428 883 496 συγγενεῖς
911 443 1007 480 σου
1037 427 1112 499 μὴ
1133 428 1415 500 ὑπερίδῃς·
1457 450 1475 481 ι
1511 433 1651 498 Τοὺς
1678 433 1786 508 γὰρ

1900 441 2085 502 gnatos
2114 441 2239 490 tuos
2265 447 2333 488 ne
2355 432 2666 504 despicias:
2696 450 2717 482 ι
2756 431 3101 489 Domesticos
3127 434 3271 489 enim
3302 437 3472 491 semi-

203 519 433 583 υίκείους
460 518 554 573 τοῦ
583 520 897 592 σπέρματός
928 536 1023 574 σου
1054 520 1152 590 οὐχ
1183 522 1466 593 ὑπερόψει.
1510 542 1527 574 ι

723 634 1119 687 κεοΑΑΑιοΝ
1153 635 1267 701 ις’.

203 727 340 797 Περὶ
374 726 486 796 τῆς
515 727 664 795 πρὸς
684 726 951 792 βασιλέα
996 725 1095 780 καί
1130 726 1429 796 ἄρχοντας
1457 729 1783 800 ὑποταγῆς.

268 821 371 876 Τὸν
406 819 629 891 βασιλέα
656 819 961 892 φοϐηθήσῃ,
993 819 1149 884 εἰδὼς
1177 820 1262 873 ὅτι
1290 820 1386 873 τοῦ
1412 822 1615 894 Κυρίου
1640 824 1789 878 ἐστὶν

201 918 231 985 ἡ
264 914 588 986 χειροτονία·
619 914 748 976 τοὺς
775 913 1043 985 ἄρχοντας
1072 912 1239 966 αὐτοῦ
1268 915 1542 986 τιμήσεις,
1574 915 1651 979 ὡς
1678 915 1787 969 λει-

200 1010 465 1081 τουργοὺς
494 1005 652 1060 Θεοῦ⁸
688 1007 893 1061 ἔκδικοι
937 1008 1047 1078 γάρ
1089 1008 1195 1061 είσι
1229 1007 1410 1079 πάσης
1441 1007 1672 1072 ἀδικίας·
1706 1002 1789 1072 οἷς

200 1103 494 1156 ἁποτίσατε
523 1102 695 1169 τέλος,
728 1101 913 1173 φόρον,
940 1102 1033 1155 καὶ
1063 1103 1246 1155 πᾶσαν
1276 1101 1557 1174 εἰσφοράν,
1583 1102 1787 1171 εὐγνω-

201 1195 402 1267 μόνως.

731 1311 1125 1367 ΚΕΦΑΛᾹῘΟΝ
1155 1312 1253 1365 ΙΖ’.

246 1425 391 1495 Περὶ
420 1426 681 1494 καθαροῦ
708 1425 1060 1492 συνειδότος
1080 1423 1199 1479 τῶν
1224 1425 1747 1495 προσευχομένων.

265 1522 346 1575 Οὐ
374 1519 715 1593 προσελεύσῃ
747 1520 842 1574 ἐπὶ
870 1521 1182 1593 προσευχήν
1210 1537 1327 1583 σου,
1380 1520 1439 1571 ἑν
1478 1517 1663 1590 ἡμέρᾳ
1689 1534 1786 1571 πο-

196 1615 397 1686 νηρίας
429 1631 553 1682 σου,
584 1615 717 1685 πρὶν
757 1613 823 1668 ἂν
872 1614 1042 1685 λύσῃς
1083 1614 1184 1686 τὴν
1210 1612 1437 1685 πικρίαν
1474 1628 1589 1665 σου.
1636 1610 1783 1682 Αὕτη

195 1708 355 1761 ὲσ-ιὶνν
374 1708 409 1778 ἡ
440 1707 559 1771 ὁδὸς
582 1707 682 1778 τῆς
715 1706 881 1778 ζωῆς.
905 1700 1016 1771 'H;
1041 1707 1250 1776 γένοιτο
1276 1706 1426 1770 ἐντὸς
1456 1706 1601 1776 ὑμᾶς
1631 1706 1785 1776 εὕρε-

195 1797 383 1870 θῆναι,
412 1800 502 1854 διὰ
527 1800 705 1872 Ἰησοῦ
732 1799 972 1873 Χριστοῦ
1002 1800 1097 1854 τοῦ
1123 1799 1330 1871 Κυρίου
1357 1801 1390 1871 ἡ
1401 1799 1534 1870 μῶν.

726 1981 1120 2035 ΚΕΦΑΛΑΙΟΝ
1150 1981 1255 2035 1Η’.

196 2094 337 2168 Ὅτε
424 2092 493 2168 ἐξ
518 2092 974 2168 ἐπιϐρυλῆςᾼτοῦ
1000 2095 1326 2163 ἀλλοτρίου
1354 2098 1786 2168 ἐπεισαχθεῖσα

263 2162 430 2229 ὁδὸς,
461 2164 740 2230 ἀσεϐείας
771 2164 870 2218 καὶ
900 2162 1271 2236 παρανομίας
1302 2162 1698 2238 πεπλήρώξαι.

274 2276 345 2330 Ἥ
364 2276 422 2331 δὲ
441 2277 559 2341 ὁδὸς
585 2275 680 2330 τοῦ
710 2276 942 2331 θανάτου
967 2278 1114 2332 ἐστιν
1144 2280 1201 2333 ἐν
1229 2280 1494 2353 πράξεσιν
1522 2288 1787 2357 πονηραῖς

194 2366 570 2439 θεωρουμένη’
590 2369 647 2421 ὲν
666 2367 803 2441 αὐτῇ
823 2368 932 2441 γάρ
952 2370 1141 2439 ἄγνοια
1160 2371 1318 2436 Θεοῦ,
1332 2374 1424 2426 καὶ
1443 2374 1651 2428 πολλῶν
1672 2378 1784 2450 (58)

194 2461 384 2515 κακῶν
404 2461 500 2515 καὶ
520 2460 689 2515 θολῶν
716 2462 811 2515 καὶ
838 2462 1093 2535 ταραχῶν
1120 2463 1491 2538 ἐπεισαγωγὴ⁹
1522 2461 1679 2521 δι’ὦν
1701 2470 1787 2539 φό-

188 2572 295 2617 νοι,
307 2555 1434 2630 μοιχείαι,πορνεῖαι,ὲπιορκίαι,ὲπιθυμίαι
1455 2560 1784 2632 παράνομοι,

193 2645 418 2710 κλοπαὶ,
447 2644 903 2718 είδωλολατρεῖαι,
938 2650 1182 2718 μαγεῖαι,
1212 2654 1572 2721 φαρμακεῖαι,
1604 2654 1784 2725 άρπα-

192 2738 308 2806 γαὶ,
331 2737 821 2811 ψευδομαρτυρίαι,
836 2738 1176 2811 ὑποκρίσεις,
1198 2739 1597 2815 διπλοκαρδίαι,
1612 2744 1782 2810 δόλος,

193 2830 570 2903 ὑπερηφανία,
614 2830 803 2899 κακία,
841 2831 1120 2895 αὐθάδεια,
1161 2832 1460 2901 πλεονεξία,
1501 2838 1785 2909 αἰσχρολο-

192 2924 309 2992 γία,
339 2923 657 2995 ζηλοτυπία,
691 2923 986 2996 θρασύτης,
1010 2924 1447 2998 ὑψηλοφροσύνη,
1476 2928 1783 2997 ἀλαζονεία,

191 3016 431 3085 ἀφοόία,
464 3015 704 3088 διωγμὸς
744 3014 996 3085 ἀγαθῶν,
1038 3016 1298 3088 ἀληθείας
1328 3018 1527 3092 ἔχθρα,
1558 3020 1787 3091 ψευδους

188 3107 411 3179 ἀγάπη,
435 3108 625 3177 ἄγνοια
652 3107 1017 3180 δικαιοσύνης.
1052 3110 1117 3164 Οἱ
1136 3109 1245 3183 γάρ
1264 3111 1468 3166 τούτων
1486 3115 1705 3184 ποιηταὶ
1716 3115 1782 3179 ⁸⁸,

188 3201 249 3252 εὐ
279 3200 587 3255 κολλῶνται
614 3200 827 3272 ἀγαθῷ,
858 3201 982 3254 οὐδὲ
1010 3202 1191 3273 κρίσει
1226 3203 1441 3277 δικαίῳ·
1476 3207 1786 3278 ἀγρυπνοῦ-

191 3308 300 3355 σιν,
365 3293 469 3347 06x
507 3295 589 3357 είς
635 3292 970 3363 τὸιάγαθὸν,
1013 3294 1128 3348 ἀλλ’
1176 3296 1256 3359 εἰς
1301 3295 1362 3350 τδ
1404 3299 1662 3371 πονηρόν·
1708 3293 1794 3355 ὧν

194 3384 424 3457 μακράν
468 3385 715 3458 πραότης
751 3386 845 3440 καὶ
884 3386 1153 3458 ὑπομονή·
1193 3389 1399 3460 μάταια
1430 3391 1783 3460 ἀγαπῶντες,

186 3477 883 3550 διώκοντεςμίάνταπόδομα,
907 3481 1010 3534 οὐκ
1037 3481 1313 3546 ἐλεοῦντες
1343 3484 1579 3555 πτωχὸν,
1602 3486 1663 3539 οὐ
1691 3503 1787 3539 πο-

189 3568 417 3634 νοῦντες
474 3570 567 3625 ἐπὶ
624 3573 1083 3646 καταπονουμένῳ
1103 3615 1119 3639 ,
1171 3576 1234 3629 οὐ
1280 3574 1641 3645 γινώσκοντες
1695 3579 1786 3634 τὸν

186 3664 502 3735 ποιήσαντα
526 3664 741 3732 αὐτοὺς,
765 3670 944 3736 φονεῖς
963 3666 1189 3733 τέκνων,
1224 3668 1443 3742 φθορείς
1470 3670 1787 3743 πλάσματος

187 3754 361 3820 Θεοῦ,
377 3755 843 3829 ἀποστρεφόμενοι
866 3759 1193 3831 ἐνδεόμενον,
1217 3762 1649 3828 καταπονοῦντες
1672 3764 1784 3835 (39)

187 3844 549 3918 θλιϐόμενον,
601 3849 873 3905 πλουσίων
906 3852 1276 3935 παράκλητοι,
1327 3856 1574 3927 πενήτων
1621 3855 1787 3927 ὑπερ-

186 3939 386 4005 όπται,
415 3940 884 4015 πανθαμάρτητοι.
950 3943 1283 4018 Ῥυσθείητε,
1314 3946 1499 4011 τέκνα,
1528 3946 1636 4002 ἀπὸ
1664 3946 1787 4002 τού-

188 4049 301 4086 των
339 4032 617 4088 ἁπάντων.

730 4236 1124 4291 ΚΕΦΑΛΑΙΟΝ
1160 4237 1238 4292 ΙΘ’
1247 4280 1258 4290 .

247 4347 391 4399 ὀτι
416 4346 503 4417 μὴ
530 4347 656 4423 χρὴ
690 4347 799 4415 τῆς
828 4349 1139 4423 εὐσεϐείας
1168 4350 1477 4423 ἐκκλίνειν
1507 4353 1678 4418 δεξιὰ
1710 4354 1748 4423 ἣ

483 4418 760 4488 εὐώνυμα
778 4457 793 4483 ,
827 4420 1107 4487 παραινεῖ
1132 4423 1164 4475 ὀ
1193 4422 1540 4492 νομοθέτης.

266 4530 421 4600 Ὅρα
451 4530 523 4600 μή
548 4530 631 4594 τίς
660 4548 720 4583 σε
749 4530 999 4604 πλανήσῃ
1030 4531 1137 4585 άπὸ
1162 4532 1264 4603 τῆς
1293 4534 1591 4601 εὐσεϐείας
1630 4556 1648 4589 ι
1670 4538 1784 4592 Οὐκ

184 4619 458 4691 ἐκκλίνῃς
500 4620 647 4694 γάρ,
698 4624 898 4695 φησὶν,
938 4622 1033 4677 ἀπ’
1083 4623 1255 4694 αὐτῆς
1297 4623 1452 4692 δεξιὰ
1497 4627 1530 4699 ἢ
1579 4628 1782 4682 εὐώνυ-

189 4727 275 4780 μα
494 4731 514 4765 ι
558 4714 647 4768 ἵνα
674 4716 840 4785 συνῇς
868 4715 928 4767 ὲν
962 4716 1128 4769 πᾶσιν
1156 4711 1238 4781 οἷς
1272 4717 1368 4771 ἐὰν
1405 4719 1684 4792 πράσσῃς,
1720 4721 1783 4773 οὐ

183 4805 307 4875 γὰρ
358 4805 453 4858 ἐὰν
498 4805 608 4878 (il)
660 4806 734 4880 μὴ
789 4809 1073 4878 ἐκτραπῇς
1117 4807 1221 4875 ἔξω
1248 4809 1349 4881 τῆς
1376 4811 1591 4874 εὐθείας
1617 4812 1738 4866 ὀδοῦ
1765 4855 1779 4880 ,

180 4896 575 4971 δυσσεὸἠσεις.

1893 524 1977 579 nis
2001 524 2078 579 tui
2105 539 2172 579 ne
2198 524 2515 595 despexeris
2536 525 2605 580 "'.
2640 538 2662 573 ο

2476 635 2719 693 CAPUTr
2746 636 2885 692 XVI.

2047 728 2124 785 De
2156 730 2478 801 subjectione
2505 748 2631 801 erga
2658 747 2828 801 regem
2859 738 2908 786 et
2941 731 3305 802 magistratus.

1964 822 2165 895 Regem
2204 824 2503 887 vereberis,
2537 824 2722 879 sciens
2757 840 2787 876 a
2828 822 3060 877 Domino
3090 839 3211 879 esse
3246 825 3469 879 electio-

1891 931 2046 983 nem;
2074 916 2426 987 magistratus
2457 916 2577 985 ejus
2600 914 2916 979 bonorabis,
2946 928 3003 968 ut
3026 916 3312 970 ministros
3344 914 3464 970 Dei:

1891 1008 2132 1062 vindices
2160 1007 2307 1062 enim
2342 1015 2471 1063 sunt
2518 1012 2699 1062 onmis
2742 1008 3014 1077 injuriae"
3041 1027 3054 1062 :
3083 1008 3285 1078 quibus
3316 1019 3472 1079 grato

1891 1101 2071 1153 animo
2098 1099 2365 1155 exsolvite
2396 1099 2648 1171 vectigal,
2682 1100 2973 1163 tributum,
3006 1116 3332 1171 omnemque
3358 1101 3473 1155 col-

1890 1190 2168 1247 lationem.

2452 1305 2684 1362 CAPUT
2732 1305 2898 1361 XVII.

2156 1397 2233 1453 De
2262 1399 2462 1454 munda
2492 1400 2812 1454 conscientia
2841 1399 3185 1469 precantium.

1958 1512 2005 1546 δ’
2029 1511 2149 1568 Νυη
2175 1512 2406 1570 accedas
2445 1513 2514 1569 ad
2558 1514 2930 1584 precationem
2961 1521 3133 1577 tuam,
3165 1514 3220 1567 ln
3252 1514 3340 1570 die
3367 1515 3469 1569 im-

1887 1607 2181 1677 probitatis
2210 1614 2335 1668 tua‘,
2370 1607 2691 1678 priusquam
2727 1606 3149 1662 amaritudinem
3185 1614 3334 1661 tuam
3374 1607 3469 1661 de-

1888 1714 2083 1769 ponas.
2129 1697 2255 1753 litec
2302 1707 2388 1755 est
2427 1699 2514 1753 via
2560 1699 2715 1765 vitae;
2748 1700 2890 1754 intra
2922 1714 3086 1770 quam
3118 1715 3216 1754 vos
3257 1698 3466 1753 utinam

1816 1802 1859 1858 Β
1888 1790 2279 1855 inveniamini,
2332 1807 2429 1861 per
2475 1788 2663 1847 Jesum
2709 1791 2989 1848 Christum
3031 1791 3319 1847 Dominum
3370 1807 3468 1848 no-

1889 1890 2087 1939 strutn.

2444 1976 2676 2032 CAPUT
2716 1976 2902 2033 XVlll.

1950 2090 2104 2159 Quod
2135 2093 2219 2146 via
2249 2109 2365 2162 qna'
2384 2107 2449 2146 ex
2480 2092 2685 2145 insidiis
2713 2092 3006 2146 adversarii
3038 2094 3247 2147 adscna
3278 2095 3402 2163 fuit,

2190 2164 2458 2232 impietate
2491 2179 2553 2217 ac
2583 2164 2860 2227 iniquitate
2887 2164 2955 2217 sit
2983 2164 3157 2232 plena.

1959 2274 2002 2306 “
2030 2275 2099 2329 At
2124 2275 2209 2329 via
2242 2278 2436 2332 mortis
2463 2277 2515 2332 in
2545 2277 2730 2348 pravis
2758 2276 3071 2333 actionibus
3093 2278 3341 2332 cernitur
3369 2299 3383 2333 :
3412 2280 3465 2334 in

1887 2382 1949 2423 ea
1976 2368 2119 2423 enim
2147 2376 2233 2424 est
2263 2369 2535 2440 ignoratio
2570 2368 2698 2437 Dei;
2726 2378 2780 2425 et
2813 2370 3146 2425 introductio
3170 2372 3464 2427 multorum

1887 2460 2190 2525 malorum,
2224 2462 2510 2517 turbinum
2542 2477 2609 2517 ac
2649 2463 2984 2518 tumultuum
3024 2480 3039 2516 :
3083 2463 3227 2518 unde
3265 2465 3464 2529 credes,

1888 2552 2176 2621 aduiteria,
2201 2554 2587 2621 scortationes,
2612 2555 2875 2626 perjuria,
2894 2556 3220 2626 cupiditates
3244 2557 3463 2629 iniquae,

1891 2642 2059 2709 furta,
2093 2645 2447 2711 idololatriae,
2482 2649 2695 2718 magiae,
2729 2648 3038 2719 prmstigite,
3065 2648 3291 2718 rapinae,
3328 2649 3466 2705 falsa

1888 2738 2227 2805 testimonia,
2258 2740 2662 2804 simulationes,
2688 2741 2854 2795 corda
2886 2739 3145 2811 duplicia,
3171 2741 3351 2808 dolus,
3370 2758 3467 2798 su-

1888 2831 2078 2901 perbia
2099 2872 2115 2897 ,
2148 2833 2380 2895 malitia.
2425 2833 2758 2904 pervicacia,
2808 2833 2973 2888 alieni
3008 2834 3266 2901 aviditas,
3298 2832 3467 2903 turpi-

1888 2925 2157 2996 loquium,
2191 2925 2483 2998 zelotypia,
2507 2925 2720 2991 feritas,
2744 2926 2908 2981 elatio
2938 2927 3158 2990 mentis,
3184 2926 3463 2996 superbia,

1886 3019 2101 3073 timoris
2124 3018 2395 3083 vacuitas,
2419 3020 2690 3074 bonorum
2720 3020 2958 3084 vexatio,
2984 3020 3230 3075 veritatis
3255 3020 3463 3086 odium,

1888 3110 2163 3166 mendacii
2195 3127 2372 3177 amor,
2403 3112 2715 3184 ignorantia
2740 3111 2991 3181 justitiae.
3027 3111 3232 3167 llorum
3261 3113 3467 3183 quippe

1890 3201 2130 3259 factores
2155 3210 2209 3258 et
2234 3204 2601 3269 ail'ectatores,
2636 3220 2745 3259 non
2773 3206 3053 3261 adhaerent
3086 3206 3251 3266 bono.
3291 3224 3467 3278 neque

1884 3294 2036 3365 justo
2073 3295 2319 3365 judicio;
2360 3297 2618 3368 vigilant,
2648 3313 2758 3353 non
2782 3299 2849 3353 ad
2881 3299 3207 3363 bonum,sed
3240 3300 3306 3354 ad
3352 3317 3468 3355 Ina-

1889 3388 2000 3442 lum
2028 3407 2041 3445 :
2071 3404 2101 3442 a
2130 3389 2335 3459 quibus
2365 3390 2524 3462 longe
2563 3398 2649 3446 est
2685 3390 3051 3446 mansuetudo
3078 3402 3134 3448 et
3165 3394 3463 3463 patientia:

1885 3496 2026 3534 vana
2057 3479 2368 3551 diligentes,
2401 3489 2787 3539 consectantes
2812 3486 3330 3552 remunerationem,
3356 3502 3466 3540 nou

1887 3572 2216 3629 miserantes
2247 3589 2563 3645 pauperem.
2592 3591 2704 3630 non
2736 3575 2985 3632 dolentes
3005 3576 3073 3631 de
3107 3578 3327 3638 aﬂlicto,
3353 3594 3465 3633 non

1888 3672 2249 3734 agnoscentes
2279 3673 2581 3722 creatorem
2612 3684 2798 3734 suum,
2831 3668 3215 3726 interfectores
3259 3670 3462 3725 libero-

1888 3771 2033 3821 rum,
2080 3772 2178 3827 per
2214 3758 2530 3831 embryonis
2559 3760 2759 3816 eadem
2801 3771 3153 3832 corruptores
3183 3762 3466 3833 plasmatis

1888 3846 2016 3914 Dei,
2063 3859 2385 3908 aversantes
2426 3867 2693 3923 egenum,
2750 3854 3124 3925 opprimentes
3179 3856 3463 3911 calamito-

1888 3957 2043 4007 sum,
2076 3944 2309 4000 divitum
2359 3944 2641 4011 advocati,
2688 3961 2989 4019 pauperum
3035 3957 3456 4020 contemptores,

1887 4033 2038 4088 omni
2070 4051 2137 4091 ex
2171 4046 2325 4107 parte
2358 4048 2698 4109 peccatores.
2723 4038 3050 4097 Liberemiui
3076 4081 3094 4107 ,
3129 4041 3245 4107 ﬁlii,
3280 4042 3348 4097 ab
3378 4043 3463 4097 Ius

1887 4129 2167 4185 omnibus.

2464 4248 2695 4306 CAPUT
2735 4248 2875 4305 XIX.

1890 4358 2045 4427 Quod
2083 4379 2189 4416 non
2226 4374 2464 4432 oporteat
2505 4384 2537 4418 a
2576 4367 2769 4435 pietate
2812 4367 3076 4422 declinare
3121 4373 3462 4423 dextrorsum

2116 4437 2193 4487 vel
2221 4437 2593 4490 sinistrorsum
2616 4477 2630 4501 ,
2663 4437 2905 4492 admonet
2938 4440 3214 4509 legislator

1965 4544 2101 4602 Vide
2137 4562 2207 4602 ne
2244 4548 2372 4618 quis
2406 4554 2461 4602 te
2501 4548 2666 4603 faciat
2701 4564 2731 4602 a
2769 4550 2970 4620 pietate
3000 4549 3258 4605 aberrare
3286 4568 3299 4604 :
3331 4567 3349 4601 ι
3381 4548 3461 4604 Νε

1891 4638 2136 4695 declines
2163 4640 2309 4694 enim
2330 4680 2345 4703 ,
2380 4640 2593 4711 inquit,
2626 4642 2697 4695 ab
2724 4656 2787 4696 ea
2821 4640 2889 4695 ad
2920 4640 3238 4706 dexteram,
3270 4642 3357 4698 vel
3393 4641 3460 4695 ad

1892 4730 2174 4786 sinistram
2190 4731 2263 4786 ³³ι
2292 4749 2311 4783 ι
2332 4732 2462 4785 utin
2487 4733 2741 4787 omnibus
2764 4750 2884 4803 qum
2910 4733 3128 4799 feceris,
3153 4732 3459 4803 intelligas:

1893 4822 2000 4877 nisi
2026 4822 2173 4878 enim
2205 4838 2237 4877 a
2261 4823 2349 4877 via
2379 4833 2528 4880 recta
2558 4823 2852 4888 deﬂectas,
2886 4842 2997 4880 non
3028 4827 3139 4881 eris
3173 4826 3395 4897 impius.

306 5017 669 5097 "lsa.t._vul.
707 5018 759 5073 7.
832 5017 1067 5097 "_l_iom.
1122 5021 1317 5084 sunt.
1387 5022 1431 5053 ⁸ο
1451 5021 1722 5088 Barn.,et
1750 5022 1803 5078 A:

1904 5033 1970 5093 t.,
2008 5025 2139 5081 ibid.
2215 5029 2259 5059 “
2290 5026 2453 5084 Barn.
2506 5046 2605 5097 xx;
2639 5031 2856 5097 Anast,
2911 5031 3040 5088 Ibid.
3118 5033 3162 5065 δ’
3202 5035 3274 5088 al.
3325 5036 3465 5088 ἀντι-

181 5088 447 5158 ποιηταί.
524 5088 568 5119 ⁸³
591 5086 747 5167 Deut.
775 5106 829 5154 v,
868 5091 957 5145 δὲ.

1559 5242 1924 5302 VARIORUM
1964 5246 2193 5304 ΝΟΤᾹΞ.

262 5379 392 5452 (38)
422 5380 691 5463 nouam
739 5380 847 5437 Pro
886 5383 989 5439 hac
1019 5401 1152 5441 voce
1182 5392 1236 5440 et
1265 5386 1441 5440 tribus
1478 5402 1658 5490 seqq.,
1697 5396 1783 5443 est

282 5452 467 5490 allnrn
508 5450 647 5490 Vind
703 5452 802 5490 nnrl
861 5452 1000 5490 Αειτιυ
1050 5471 1112 5490 ειη
1151 5470 1336 5490 rnunrn
1386 5453 1524 5490 Αεοτιυ
1565 5475 1744 5490 νοθιρη

175 5453 242 5506 in
282 5450 467 5505 altero
508 5450 670 5507 Vind.
703 5452 825 5507 cod.
861 5452 1021 5519 θεῶν,
1050 5471 1114 5511 ac
1151 5470 1338 5511 revera
1386 5453 1524 5509 θεῶν
1554 5450 1778 5511 ἐπεισα-

175 5522 360 5598 γῳγή
389 5530 472 5577 εει
496 5523 586 5598 via
603 5524 819 5591 mortis,
849 5540 956 5596 qua
980 5526 1159 5583 omnis
1183 5525 1399 5598 generis
1430 5527 1573 5581 mala
1605 5528 1779 5583 intro-

173 5593 517 5648 mittuntur.
546 5594 645 5650 CL.

260 5662 925 5739 (39)_Ka_t_ax_oro~3rtec.
960 5665 1086 5723 Haec
1112 5683 1214 5723 vox
1239 5674 1292 5722 et
1315 5682 1553 5739 sequens
1575 5667 1776 5725 desunt

175 5732 481 5808 inge-adice
495 5732 819 5808 Vind..qua3
848 5732 1111 5807 pﬁrveteriit
1134 5732 1412 5799 librarius;
1448 5750 1666 5808 propter
1700 5741 1774 5797 si-

176 5804 393 5859 milem
426 5804 860 5863 terminationem
889 5810 1038 5867 vocis
1068 5804 1461 5867 antecedentis:
1493 5804 1566 5865 In:

1962 5390 2076 5460 (40)
2115 5391 2427 5474 Εὺὼνιυμοιἶ
2476 5395 2763 5516 Ἀριστερά
2787 5438 2801 5461 ,
2843 5410 3206 5467 synonymum
3239 5409 3340 5464 pro
3368 5408 3460 5464 sy-

1966 5477 2161 5516 nvmo.
2196 5470 2253 5515 ut
2285 5480 2509 5516 nassum.
2566 5481 2616 5516 ιι.

1890 5477 2161 5533 nonymo.
2196 5470 2253 5533 ut
2283 5470 2509 5533 passim.
2542 5470 2616 5520 Ιιι.

1960 5532 2073 5607 (il)
2125 5531 2263 5607 'Edr
2284 5531 2394 5602 μή.
2432 5532 2718 5607 Qmittitur
2750 5539 2822 5607 μή
2854 5543 2909 5590 ει
2947 5534 3143 5607 ἔξωίὶξτ
3170 5533 3297 5591 cod.
3332 5532 3464 5587 Vin-

1885 5602 2228 5675 dobonensi,
2260 5612 2316 5658 et
2356 5604 2577 5675 quidem
2630 5602 2774 5661 recte
2803 5602 2822 5660 ε’
2850 5608 2896 5660 si
2950 5606 3012 5659 οὐ
3041 5605 3227 5661 deleas
3254 5614 3307 5659 et
3338 5620 3463 5659 ver-

1886 5683 2007 5736 tas,
2041 5674 2088 5727 si
2116 5673 2428 5741 deﬂectas'a
2458 5674 2541 5729 via
2588 5688 2763 5738 recta,
2818 5677 3009 5746 impius
3060 5676 3187 5731 etis.
3242 5675 3462 5746 Alioqui

1884 5750 2137 5801 contorta
2169 5753 2253 5800 est
2283 5747 2422 5802 ratio
2453 5746 2732 5818 loquendi.
2771 5746 2846 5803 lo.
