3946 6334
139 315 273 375 ΙΜΊ
989 314 1591 390 CONSTlTUTION
1634 316 1711 373 AF

1826 315 2113 376 IOLICE.
2151 351 2223 361 —
2261 319 2390 378 LIB.
2435 321 2548 378 Vll.
3261 316 3402 374 (018

135 431 282 503 ζωῆς
306 424 377 503 ἦς
393 430 697 504 ιγνώρισας
723 433 857 504 ἡμῖν
885 431 978 487 διὰ
1022 433 1197 506 Ἰησοῦ
1227 433 1322 488 τοῦ
1354 433 1551 498 Παιδὸς
1580 451 1678 489 σου
1698 448 1711 465 ·

1843 452 1945 507 pro
1971 437 2077 493 vita
2106 456 2270 510 quam
2305 443 2665 500 manifestasti
2701 446 2857 502 nobis
2877 462 2972 517 per
2999 445 3183 503 Iesum
3211 449 3404 507 Filium

132 526 200 579 δι’
224 518 287 592 οῦ
318 526 414 581 καὶ
453 526 524 580 τά
564 527 745 581 πάντα
791 523 1081 598 ἐποίησας,
1117 528 1214 582 καὶ
1258 527 1368 581 τῶν
1398 527 1537 581 ὅλων
1578 545 1711 602 προ-

1842 536 2036 595 tuum;
2089 545 2186 601 per
2223 548 2383 602 quem
2432 543 2545 589 tum
2597 538 2781 591 omnia
2828 538 3063 604 creasti,
3101 548 3216 594 tum
3277 541 3403 594 uni-

134 622 308 682 νοείςο
353 619 413 673 ὃν
461 621 555 673 καὶ
608 620 937 684 ἀπέστειλας
979 621 1111 691 περὶ
1154 620 1300 694 (58)
1354 621 1599 694 σωτηρίᾳ
1650 624 1711 694 τῇ

1833 619 2011 676 versis
2071 623 2357 689 provides;
2412 641 2574 695 quem
2622 635 2678 682 et
2728 628 2946 693 misisti,
3007 637 3067 684 ut
3126 630 3193 685 ad
3253 635 3405 686 salu—

131 712 380 784 ἡμετέρᾳ
425 712 680 782 γενέσθαι
724 712 1039 785 ἄνθρωπον·
1093 712 1153 768 ὃν
1198 715 1294 768 καὶ
1335 712 1711 787 συνεχώρησας

1834 718 1942 765 tem
2004 718 2259 766 nostram
2318 715 2487 770 homo
2542 715 2730 783 ﬁeret;
2786 733 2949 787 quem
2986 718 3151 773 etiam
3205 719 3408 789 permi-

132 805 327 858 παθείν
366 807 461 859 καὶ
511 805 824 860 ἀποθανεῖν’
854 806 914 859 ὃν
957 806 1054 860 καὶ
1082 806 1395 879 ἀναστήσας
1423 807 1711 879 εὐδόκησας

1826 806 1945 862 sisti
1985 807 2097 878 pati
2137 815 2192 860 et
2226 808 2402 876 mori;
2428 824 2589 879 quem
2626 817 2683 864 et
2722 809 3064 864 resuscitans
3096 808 3407 881 gloriﬁcare

128 898 394 963 δοξάσαι,
454 899 550 953 καὶ
588 899 849 963 ὲκάθισας
896 901 963 953 ὲκ
1011 898 1202 964 δεξιῶν
1252 915 1366 953 σου·
1400 900 1467 953 δι’
1516 896 1579 954 οῦ
1627 901 1711 956 κα)

1826 900 2066 968 voluisti,
2099 906 2154 956 et
2200 900 2394 956 sedere
2435 900 2615 956 fecisti
2645 900 2713 955 ad
2749 901 3033 956 dexteram
3065 908 3215 956 tuam
3251 918 3265 955 :
3309 917 3407 971 per

128 993 449 1063 ὶπηγγείλω
471 996 603 1065 ἡμῖν
631 992 727 1064 τὴν
759 992 1053 1046 ἀνάστασιν
1092 991 1204 1045 τῶν
1235 992 1462 1064 νεκρῶν.
1497 993 1594 1058 Σὺ,
1627 993 1711 1048 Δέ-

1826 1010 1983 1064 quem
2014 1000 2070 1049 et
2103 995 2404 1065 promisisti
2442 994 2603 1049 nobis
2645 996 3114 1050 resurrectionem
3158 1002 3408 1050 mortuo.

130 1104 315 1143 σποτα
360 1088 764 1160 παντόκρατορ,
786 1086 890 1140 Θεὲ
951 1085 1158 1140 αίὼνιε·
1197 1084 1388 1159 ὥσπερ
1438 1082 1509 1159 ἦν
1564 1088 1711 1143 τοῦτ(

1826 1101 1967 1142 rum.
1990 1085 2096 1153 Tu,
2122 1086 2349 1143 Domine
2377 1086 2748 1158 omnipotens,
2767 1088 2913 1142 Deus
2942 1095 3183 1143 aeterne:
3213 1102 3409 1158 quein-

127 1179 621 1252 διεσκορπισμένον
644 1221 660 1244 ,
708 1180 805 1234 καὶ
851 1178 1114 1250 συναχθὲν
1152 1178 1369 1249 ἐγένετο
1409 1174 1491 1244 εἷς
1518 1181 1711 1254 ἄρτος,

1826 1177 2118 1233 admodum
2151 1179 2256 1234 hoc
2292 1186 2413 1235 erat
2455 1178 2802 1251 dispersum,
2851 1188 2906 1236 et
2951 1196 3075 1236 cum
3125 1179 3229 1235 fuit
3272 1197 3408 1236 con-

128 1273 278 1327 οῦτω
304 1273 581 1343 συνάγαγέ
608 1290 701 1327 σου
721 1273 821 1346 τὴν
852 1274 1177 1345 Ἐκκλησίαν
1203 1273 1312 1327 ἀπὸ
1333 1273 1442 1328 τῶν
1470 1292 1537 1327 πε
1547 1274 1711 1347 ράτωι

1826 1278 2128 1341 gregatum,
2160 1271 2344 1328 factus
2366 1278 2452 1327 est
2482 1288 2627 1328 unus
2650 1275 2812 1344 panis
2832 1312 2848 1338 ,
2888 1272 2962 1327 ita
3002 1288 3271 1344 congrega
3304 1273 3410 1329 Ec-

127 1366 236 1437 τῆς
267 1367 372 1438 γῆς
402 1370 484 1431 είς
510 1368 610 1440 τὴν
642 1367 754 1441 (59)
791 1367 1090 1439 βασιλείαν.
1108 1369 1229 1423 Ἔτι
1266 1367 1711 1441 εὐχαριστοῦμεν,

1826 1364 2047 1419 clesiam
2091 1372 2244 1420 tuam
2293 1381 2325 1420 a
2374 1364 2575 1421 ﬁnibus
2625 1375 2784 1421 terra:
2823 1366 2878 1421 in
2910 1352 3172 1438 regnum:
3211 1366 3410 1424 Adhuc

129 1460 323 1532 Πάτερ
341 1460 521 1532 ἡμῶν,
540 1460 681 1533 ὑπὲρ
706 1461 801 1515 τοῦ
823 1461 1004 1534 τιμίου
1025 1462 1257 1534 αἵματος
1290 1462 1463 1534 Ἰησοῦ
1486 1462 1711 1535 Χριστοῐ

1826 1457 2029 1528 gratias
2060 1458 2310 1530 agimus,
2344 1458 2509 1514 Pater
2557 1466 2777 1526 noster,
2808 1476 2911 1532 pro
2960 1461 3207 1532 pretioso
3271 1478 3406 1519 san-

127 1553 231 1607 τοῦ
278 1553 602 1625 ἐκχυθέντος
648 1554 790 1626 ὑπὲρ
830 1555 1009 1626 ἠμῶνσ
1050 1556 1146 1610 καί
1190 1554 1286 1609 τοῦ
1316 1555 1499 1627 τιμίου
1541 1555 1711 1627 σώμα-

1826 1551 1988 1619 guine
2016 1549 2145 1607 Jesu
2176 1552 2387 1607 Christi
2411 1551 2586 1608 eﬁ‘uso
2613 1564 2803 1609 nostra
2834 1569 3037 1616 causa;
3068 1562 3123 1610 et
3152 1570 3253 1626 pro
3283 1572 3411 1627 pre-

124 1666 247 1713 τος’
280 1642 342 1701 οῦ
368 1649 464 1701 καὶ
491 1647 759 1702 ἀντίτυπα
786 1649 971 1704 ταῦτα
988 1649 1342 1721 ἐπιτελοῦμεν
1366 1693 1378 1715 ,
1414 1649 1580 1704 αὑτοῦ
1610 1650 1711 1704 δια·

1826 1645 1968 1700 tioso
2013 1660 2278 1715 corpore,
2311 1647 2472 1715 cujus
2503 1655 2557 1702 et
2604 1647 2720 1703 hac
2749 1649 2996 1720 antitypa
3041 1650 3407 1717 celebramus.

122 1743 440 1814 ταξαμένου
500 1746 633 1815 ἡμῖν
679 1743 1071 1812 καταγγέλλειν
1112 1743 1206 1796 τὸν
1250 1743 1415 1797 αὑτοῦ
1473 1743 1711 1796 θάνατονε

1826 1753 1952 1791 cum
1984 1738 2103 1807 ipse
2128 1738 2290 1794 nobis
2322 1740 2673 1795 constituerit
2730 1748 2963 1795 mortem
2998 1740 3149 1799 illius
3187 1759 3409 1800 annun-

122 1839 195 1891 δι’
231 1837 398 1892 αὐτοῦ
421 1802 638 1910 γάρισοι
666 1840 780 1892 καὶ⁸
803 1837 995 1909 ήδόξα,
1020 1840 1101 1902 είς
1129 1839 1257 1901 τοὺς
1279 1838 1500 1901 αἰῶνας.
1529 1838 1711 1909 Ἀμήν.

1828 1832 1968 1886 tiare
2000 1831 2088 1886 ”:
2142 1847 2239 1902 per
2282 1832 2461 1903 ipsum
2507 1833 2656 1888 enim
2699 1834 2797 1888 tibi
2846 1835 3019 1905 gloria
3062 1836 3119 1890 in
3178 1840 3407 1895 saecula.

121 1933 345 2003 Μηδεὶς
375 1933 431 1985 δὲ
461 1933 690 1986 ἐσθιέτω
731 1931 791 1997 ἐξ,
835 1932 1016 1987 αὐτῶν
1038 1975 1052 1999 ,
1086 1932 1194 1985 τῶν
1247 1932 1509 2003 ἀμυήτων
1532 1947 1545 1963 ο
1589 1929 1711 1984 ἀλλὰ

1826 1924 2021 1980 Amen.
2053 1923 2251 1980 Nullus
2276 1940 2448 1995 porro
2474 1941 2539 1980 ex
2568 1926 2637 1981 iis
2660 1927 2753 1997 qui
2793 1926 2994 1981 initiati
3021 1944 3117 1983 seu
3148 1928 3411 1999 baptizati

126 2026 292 2095 μόνοι
325 2026 373 2079 οί
404 2024 825 2096 βεϐαπτισμένοι
850 2027 930 2089 είς
960 2025 1053 2077 τὸν
1098 2023 1193 2077 τοῦ
1225 2025 1430 2097 Κυρίου
1474 2023 1711 2079 θάνατον.

1827 2033 1938 2071 non
1970 2027 2122 2081 sunt,
2155 2033 2221 2072 ex
2249 2020 2331 2073 eis
2354 2018 2644 2087 comedat;
2678 2018 2775 2075 sed
2811 2021 2915 2075 soli
2953 2020 2989 2075 ii
3024 2022 3117 2092 qui
3152 2024 3411 2093 baptizati

122 2119 194 2172 El
234 2119 291 2171 δέ
328 2135 413 2182 τις
443 2119 689 2191 ἀμύητος
726 2118 940 2190 κρύψας
984 2118 1177 2171 ἑαυτὸν
1222 2116 1521 2191 μεταλάϐῃ,
1550 2120 1711 2191 κρῖμα

1827 2111 2052 2166 fuerunt
2078 2112 2134 2166 in
2165 2111 2382 2167 Domini
2430 2121 2685 2169 mortem.
2712 2112 2770 2168 Si
2815 2113 2941 2184 quis
2988 2130 3121 2170 vero
3160 2132 3270 2170 non
3299 2116 3411 2171 ini-

120 2210 354 2263 αἰώνιον
378 2210 628 2280 φάγεταν
652 2212 735 2264 ὅτι
778 2210 853 2283 μὴ
875 2210 950 2265 ὢν
976 2210 1078 2281 τῆς
1104 2213 1183 2274 είς
1206 2210 1442 2282 Χριστὸν
1466 2210 1711 2273 πίστεως.

1827 2204 2019 2270 tiatus,
2052 2205 2313 2260 celaverit
2358 2221 2420 2261 se
2451 2206 2653 2276 ipsum,
2684 2216 2739 2262 et
2769 2207 2851 2263 sic
2880 2208 3411 2279 communicaverit;

124 2304 436 2377 μετέλαϐεν
469 2299 544 2359 ὧν
572 2305 633 2358 ού
664 2304 853 2375 Θέμις,
883 2306 965 2367 εἰς
1004 2303 1274 2376 τιμωρίαν
1322 2303 1539 2357 ἑαυτοῦ.
1574 2303 1636 2356 Et
1668 2303 1711 2356 δε

1826 2296 2095 2367 judicium
2126 2306 2391 2353 aeternum
2436 2299 2892 2369 manducabit";
2922 2302 3070 2374 quod
3114 2318 3223 2357 non
3257 2304 3415 2358 addi-

119 2414 221 2461 τις
278 2396 422 2451 κατὰ
463 2399 686 2468 ἄγνοιαν
736 2396 1030 2469 μεταλάϐοι
1071 2397 1199 2468 (60)
1225 2440 1240 2463 ,
1287 2395 1477 2450 τοῦτον
1537 2396 1711 2468 τάχιοη

1828 2398 1953 2447 ctus
1982 2390 2111 2447 ﬁdei
2144 2392 2200 2447 in
2231 2391 2513 2449 Christum
2536 2433 2552 2455 ,
2582 2409 2703 2464 qua:
2734 2393 2818 2450 fas
2845 2410 2955 2450 non
2992 2403 3113 2450 erat
3152 2397 3412 2467 sumpsit,

122 2489 587 2561 στοιχειώσαντες
638 2491 883 2563 μυήσατε
906 2533 922 2560 ,
974 2491 1124 2554 ὅπως
1179 2488 1255 2563 μὴ
1311 2489 1711 2564 καταφρονητὴς

1830 2486 1886 2537 in
1913 2484 2247 2555 supplicium
2284 2501 2467 2541 suum.
2515 2483 2575 2540 Si
2613 2487 2740 2557 quis
2780 2496 2962 2542 autem
3018 2504 3117 2559 per
3155 2489 3414 2560 ignorano

118 2581 365 2647 ἐξέλθοι,
1829 2574 1963 2630 tiam
1992 2576 2448 2649 participaverit,
2480 2579 2629 2634 hunc
2661 2580 2775 2635 cito
2807 2581 3091 2648 instruite,
3123 2598 3189 2637 ac
3235 2582 3414 2653 bapti-

1829 2683 1951 2725 smo
1980 2669 2216 2736 initiate,
2240 2687 2309 2727 ne
2328 2680 2676 2744 contemptor
2708 2682 2884 2730 exeat.

2386 2784 2618 2843 CAPUT
2658 2786 2851 2844 XXVI.

1965 2900 2278 2957 Gratiarum
2320 2904 2461 2957 actio
2501 2919 2658 2973 super
2684 2904 2867 2958 divina
2893 2907 3279 2965 communione.

642 2784 1040 2838 ΚΕΦΑΛΑΙΟΝ
1077 2784 1222 2852 Kq'.

351 2900 721 2969 Εὐχαριστία
750 2899 849 2953 ἐπὶ
876 2899 951 2968 τῇ
989 2900 1117 2967 θείᾳ
1152 2898 1509 2969 μεταλήψει.

196 3016 365 3072 Μετά
411 3016 467 3069 δὲ
519 3015 615 3087 τὴν
671 3014 1010 3087 μετάληψιν,
1056 3014 1230 3077 οὕτως
1274 3014 1711 3085 εὐχαριστήσατε

1900 3014 2035 3073 Post
2064 3017 2507 3073 communionem
2536 3034 2688 3081 vero,
2720 3019 2802 3073 sic
2834 3020 3040 3090 gratias
3067 3021 3245 3091 agile:
3279 3020 3410 3078 Gra-

110 3109 581 3182 Εὖχαριοτοῦμέν
632 3126 755 3175 σοι,
786 3110 814 3160 6
859 3108 991 3171 Θεὸς
1023 3108 1118 3160 καὶ
1167 3107 1357 3179 Πατὴρ
1410 3106 1584 3178 Ἰησοῦ
1630 3106 1711 3160 τοῐ

1830 3110 1937 3166 tias
1989 3110 2201 3181 agimus
2250 3110 2348 3164 tibi
2377 3109 2566 3177 ,Dens
2609 3119 2664 3165 et
2720 3110 2885 3167 Pater
2932 3111 3061 3167 Jesn
3113 3113 3412 3172 Salvatoris

108 3205 391 3275 Σωτῆρος
434 3206 466 3275 ἡ
478 3203 591 3273 μῶν
610 3246 624 3270 ,
654 3203 795 3274 ὑπὲρ
823 3201 919 3254 τοῦ
958 3202 1115 3270 ἁγίου
1146 3200 1408 3273 ὀνόματός
1427 3201 1474 3231 ⁷³
1505 3217 1629 3265 σου,
1662 3192 1711 3252 οἶ

1830 3205 2030 3268 nostri,
2060 3219 2161 3275 pro
2198 3213 2391 3259 sancto
2430 3206 2652 3260 nomine
2694 3214 2813 3269 tuo,
2855 3207 3000 3276 quod
3037 3206 3288 3264 habitare
3337 3209 3400 3266 fe

103 3298 564 3369 κατεσκήνωσας
592 3298 649 3348 ὲν
681 3299 834 3368 ἡμῖν·
879 3297 974 3349 καὶ
1000 3296 1141 3367 ὑπὲρ
1172 3294 1272 3367 τῆς
1317 3293 1594 3364 γνώσεως,
1634 3294 1711 3346 κα¹

1830 3298 1959 3353 eisti
1994 3298 2049 3353 in
2080 3300 2277 3365 nobis;
2308 3308 2363 3353 et
2409 3315 2509 3370 pro
2534 3300 2868 3370 cognitione,
2904 3300 3029 3365 ﬁde,
3068 3301 3338 3359 charitate
3362 3311 3411 3360 et

101 3394 411 3457 πίστεως,
442 3393 535 3445 καὶ
576 3391 837 3461 ἀγάπης,
886 3391 981 3444 καὶ
1030 3388 1356 3451 ἀθανασίας·
1411 3382 1478 3460 ἧς
1522 3387 1711 3452 ἔδωκας

1830 3390 2245 3447 immortalitate
2286 3408 2408 3462 quae
2432 3392 2632 3447 dedisti
2684 3394 2843 3449 nobis
2876 3410 2971 3464 per
2988 3392 3176 3451 Jesum
3213 3396 3411 3453 Filium

94 3489 268 3557 ἡμῖν
299 3485 388 3538 διὰ
418 3484 591 3555 Ἰησοῦ
622 3484 714 3537 τοῦ
750 3483 945 3545 Παιδὸς
974 3502 1086 3537 σου.
1120 3483 1216 3549 Σὺ,
1248 3484 1495 3538 Δέσποτα
1532 3482 1711 3537 παντὰ

1828 3491 2008 3540 tuum.
2040 3483 2145 3550 Tu,
2172 3483 2401 3540 Domine
2432 3484 2802 3556 omnipotens,
2834 3485 2977 3542 Deus
3004 3488 3411 3559 universorum,

95 3597 382 3652 κρατορ,
411 3580 440 3632 6
470 3579 601 3643 Θεὸς
631 3578 739 3632 τῶν
786 3579 944 3645 ὅλων,
974 3577 1197 3643 ἔκτισας
1234 3579 1343 3651 (61)
1374 3578 1465 3632 τὸν
1498 3577 1711 3650 κόσμον.

1829 3579 2025 3634 creasti
2050 3578 2312 3633 mundum
2337 3585 2389 3633 et
2418 3594 2539 3648 qua:
2562 3586 2691 3633 sunt
2714 3580 2767 3633 in
2792 3596 2877 3643 eo,
2899 3596 2996 3651 per
3018 3580 3196 3650 ipsum
3223 3600 3238 3649 ;
3263 3590 3317 3638 et
3340 3583 3413 3637 le-

92 3677 222 3731 καὶ
249 3675 321 3729 τά
351 3676 409 3728 ὲν
430 3674 599 3746 αὐτῷ,
631 3674 698 3727 δι’
718 3673 903 3727 αὐτοῦ·
928 3674 1023 3728 καὶ
1050 3674 1212 3745 νόμον
1242 3673 1649 3743 κατεφύτευσας
1669 3674 1711 3726 ἐκ

1830 3690 1948 3744 gem
1976 3672 2225 3729 insevisti
2258 3674 2313 3727 in
2338 3672 2629 3727 animabus
2650 3675 2887 3737 nostris;
2912 3682 2965 3730 et
2995 3676 3162 3730 victui
3191 3691 3407 3731 accom-

89 3772 256 3832 ταῖς
275 3768 475 3839 ψυχαῖς
511 3767 690 3841 ήμῶνο
724 3770 819 3823 καὶ
843 3768 911 3822 τὰ
939 3769 1074 3840 πρὸς
1106 3767 1405 3839 μετάληψιν
1431 3768 1729 3841 προευτρέ-

84 3878 301 3924 ττισας
340 3860 450 3933 (62)
487 3860 815 3933 ἀνθρώποις.
844 3863 901 3914 '0
934 3861 1067 3923 Θεὸς
1086 3859 1194 3913 τῶν
1218 3861 1387 3930 ἀγίων
1424 3862 1519 3916 καὶ
1547 3862 1729 3935 ἀμέμ-

84 3972 289 4008 mem;
311 3954 562 4024 πατέρων
580 3954 760 4026 ἡμῶν,
779 3954 870 4007 Ἀϐ
879 3953 1045 4025 ραάμ,
1068 3955 1162 4008 καὶ
1184 3953 1487 4020 Ίσαάκ,καὶ
1513 3954 1725 4020 Ἰακὼϐ,

75 4049 237 4102 τῶν
278 4046 489 4100 πιστῶν
533 4048 735 4101 δούλων
763 4066 877 4101 σου.
911 4049 969 4101 '0
999 4048 1227 4112 δυνατὸς
1258 4048 1419 4115 Θεὸς,
1464 4049 1492 4101 6
1538 4049 1728 4114 πιστὸς

77 4143 216 4195 καὶ
269 4141 564 4212 ἀληθινὸς,
615 4143 709 4195 καὶ
746 4142 983 4214 ἀψευδὴς
1025 4144 1083 4195 ὲν
1128 4145 1249 4206 ταῖς
1292 4142 1665 4211 ἐπαγγελίαις·
1699 4144 1727 4196 ὁ

66 4232 467 4297 ἀποστείλας
490 4235 581 4287 ἐπὶ
606 4235 710 4305 γῆς
746 4233 954 4307 Ἰησοῦν
982 4234 1076 4287 τὸν
1102 4234 1337 4307 Χριστόν
1369 4253 1486 4303 σου,
1517 4235 1727 4308 ἀνθρώ-

67 4346 256 4392 ποις
281 4328 799 4401 συναναστραφῆναι
825 4328 901 4392 ὼς
926 4328 1022 4383 ἀνθ
1032 4345 1232 4400 ρωπον,
1252 4329 1383 4383 Θεὸν
1406 4328 1533 4383 ὅντα
1555 4330 1728 4399 Λόγον

63 4423 214 4477 καὶ
272 4420 597 4492 ἄνθρωπον,
636 4422 733 4475 καὶ
759 4421 858 4494 τὴν
908 4421 1118 4493 πλάνην
1166 4422 1464 4495 πρόρριζον
1492 4424 1722 4478 ἀνελεῖν.

1831 3767 1994 3821 moda
2045 3766 2368 3837 praeparasti
2418 3765 2757 3822 hominibus.
2812 3766 2957 3822 Deus
3005 3776 3322 3823 sanctorum
3362 3780 3418 3826 et

1830 3859 2235 3930 incnlpatornm
2260 3866 2479 3928 patrum
2514 3868 2855 3924 nostrorum,
2891 3860 3210 3926 Abrahami,
3244 3860 3413 3918 lsaaci

1829 3961 1884 4007 et
1913 3951 2126 4015 Jacobi,
2149 3953 2391 4009 ﬁdelium
2431 3968 2714 4008 servorum
2749 3962 2989 4009 tuorum.
3021 3953 3165 4011 Dens
3195 3966 3411 4027 potens,

1831 4047 2010 4103 ﬁdelis
2038 4056 2094 4102 et
2140 4062 2329 4111 verax,
2361 4054 2416 4102 et
2447 4046 2501 4101 in
2533 4047 2825 4117 promissis
2876 4064 2986 4102 non
3022 4050 3295 4115 mendax;
3321 4049 3412 4121 qui

1831 4142 2029 4197 misisti
2070 4142 2125 4196 in
2157 4150 2356 4197 terram
2394 4140 2581 4197 Jesum
2612 4142 2894 4196 Christum
2933 4150 3126 4209 tuum,
3179 4153 3238 4198 ut
3286 4159 3412 4199 cum

1830 4232 2147 4290 hominibus
2199 4244 2622 4291 conversaretnr
2654 4244 2914 4306 tanquam
2952 4235 3135 4301 homo,
3170 4251 3293 4291 cum
3344 4236 3411 4293 sit

1829 4335 1883 4383 et
1915 4327 2057 4385 Deus
2078 4327 2341 4393 Verbum,
2367 4335 2422 4383 et
2451 4329 2638 4394 homo,
2674 4338 2842 4400 utque
2865 4343 3110 4385 errorem
3145 4329 3415 4385 radicitus

1828 4422 2106 4478 evelleret.
2132 4421 2254 4494 lpse
2282 4429 2337 4477 et
2375 4438 2524 4477 nunc
2575 4438 2673 4493 per
2720 4438 2845 4478 eum
2876 4430 3150 4479 memento
3182 4422 3415 4494 hujusce

60 4514 306 4577 Αὐτὸς
351 4515 447 4568 καὶ
491 4515 585 4569 νῦν
632 4516 699 4570 δι’
744 4514 908 4569 αὐτοῦ
959 4515 1226 4588 μνήσθητι
1273 4516 1376 4586 τῆς
1422 4516 1585 4585 ἀγίας
1629 4535 1711 4570 σοι

1831 4525 2038 4572 sanctae
2082 4516 2345 4572 Ecclesiae
2401 4524 2548 4581 tuae,
2591 4532 2756 4588 quam
2806 4516 3116 4588 acquisiisti
3171 4516 3414 4588 pretioso

78 4607 474 4679 Ἐκκλησίας
491 4608 713 4681 ταύτης,
734 4608 802 4681 ἢν
828 4609 1199 4680 περιεποιήσω
1230 4608 1306 4678 τῷ
1335 4609 1501 4681 τιμίῳ
1531 4610 1711 4681 αἵματι

1829 4610 2097 4682 sanguine
2138 4609 2344 4666 Christi
2391 4608 2510 4677 tui;
2563 4617 2728 4681 atque
2780 4624 2905 4665 eam
2937 4609 3008 4665 ab
3062 4608 3213 4665 omni
3264 4609 3412 4665 malo

165 4749 242 4781 τι
279 4748 295 4801 1
326 4748 457 4801 Cor.
493 4763 570 4806 xl.
601 4747 693 4803 26.
766 4747 815 4778 "
848 4746 1010 4813 Ibid.,
1044 4746 1135 4801 29.
1211 4746 1260 4778 "
1288 4743 1450 4800 Deest
1481 4746 1535 4801 in
1572 4747 1684 4803 alio
1705 4745 1920 4802 codice.

1460 4883 1825 4942 VARIOBUM
1861 4884 2094 4939 NOTAE.

152 5066 314 5141 (58)
354 5065 516 5133 Περί.
569 5063 689 5120 Ἐπί
736 5065 938 5141 rectius
987 5065 1042 5119 in
1086 5080 1209 5120 eoo.
1258 5062 1711 5141 Vindobonensi,

26 5136 213 5205 boi:
266 5136 382 5199 est.
426 5145 637 5205 propter
674 5136 903 5208 salutem
936 5146 1212 5199 nostram;
1246 5152 1351 5192 nec
1383 5136 1511 5208 περί
1547 5136 1712 5192 ﬁnem

30 5209 449 5289 ιεετξὶῡοξξς
477 5206 833 5289 solet-PLER-

1824 5067 2005 5137 fuerit,
2029 5066 2245 5137 ejusque
2271 5066 2477 5120 nescius
2524 5068 2699 5136 factus
2730 5066 2801 5120 sit
2841 5065 3105 5139 particeps
3127 5106 3143 5131 ,
3176 5082 3409 5139 respon-

1822 5140 1983 5193 detur
2002 5136 2568 5208 baptizandnm'emn
2597 5152 2746 5201 esse,
2785 5144 2974 5206 utpote
3003 5153 3035 5191 a
3082 5136 3193 5193 Deo
3238 5136 3404 5196 voca-

1802 5218 1963 5267 tum.
1990 5207 2097 5271 Sed
2134 5224 2259 5262 cum
2296 5208 2508 5279 ratione
2539 5208 3035 5281 Qpnstitutorjsne
3078 5219 3411 5281 contemptor

140 5274 315 5357 (59)
346 5277 501 5357 Ῑήν.
555 5277 750 5357 Melius
790 5279 892 5350 σήν
924 5278 979 5357 i_n
1035 5293 1141 5334 ms.
1185 5276 1351 5335 Vind.
1383 5279 1455 5357 _in
1496 5293 1715 5357 regnum
1819 5289 1995 5357 exeat,
2027 5281 2285 5357 congruit
2306 5278 2503 5357 canon
2537 5278 2606 5357 _57
2636 5278 2829 5357 synodi
2866 5274 3408 5357 :l‘oletanmjv,'quo

18 5348 302 5419 (nitu.
336 5348 573 5418 Regnum
604 5348 702 5402 Dei
733 5348 1105 5419 autcaelorum
1149 5365 1261 5404 non
1315 5352 1454 5405 solet
1502 5351 1715 5419 simpli—
1823 5348 2235 5405 decernitur’ut
2256 5348 2430 5405 Judaei
2458 5351 2551 5418 qui
2588 5365 2683 5419 per
2704 5350 2821 5419 vim
2867 5348 3128 5419 baptizati
3167 5348 3404 5416 fuerant,

14 5418 263 5490 ¢icer
298 5420 548 5492 βασιλεία
577 5420 706 5474 dici.
743 5418 1053 5492 Videginfra
1083 5436 1135 5476 c.
1164 5420 1258 5483 26,
1290 5422 1394 5492 sub
1422 5418 1711 5492 tine_m.]n.
1822 5422 2054 5491 aliisque
2072 5422 2435 5477 sacramentis
2457 5418 2666 5482 donati,
2685 5418 3054 5492 Christianam
3089 5422 3405 5492 religionem

355 5493 431 5545 El
456 5491 524 5544 δέ
548 5491 816 5572 τιρκᾳ-ξὰ
857 5490 1107 5572 (ig-retur
1130 5490 1491 5572 μετᾳνζὰᾷοικ
1518 5488 1575 5572 Ιιι
1608 5489 1711 5546 lie-

1826 5488 2067 5572 τρίψει-ε
2096 5502 2384 5563 cogantur.
2415 5508 2480 5546 ne
2511 5490 2965 5572 nomenﬂivinum
2993 5488 3403 5572 blasphemiam,

11 5560 354 5647 SP4}xasis
400 5562 684 5643 canonicis
713 5560 986 5644 Timothei
1031 5560 1389 5647 Alexandrini
1426 5561 1493 5615 ad
1544 5562 1710 5647 intcr-
1822 5574 1871 5647 et
1897 5563 2027 5647 ﬁdes
2058 5560 2217 5647 quam
2247 5571 2587 5634 susceperunt
2621 5560 2741 5617 vilis
2771 5577 2834 5614 ac
2866 5562 3279 5623 contemptibilis
3309 5565 3405 5621 Ιωο

12 5632 241 5714 κτα
256 5636 451 5714 tiones
485 5632 588 5714 ipsi
613 5649 708 5714 per
731 5634 1021 5703 episcopos
1051 5640 1106 5714 ct_
1122 5633 1369 5714 Ac‘lericos
1402 5632 1714 5714 propositas
1776 5704 1788 5714 _
1821 5636 2027 5714 bentur.
2046 5633 2195 5714 _C_or.

11 5700 228 5785 ξεῖ)-
280 5707 336 5766 Ι,
366 5700 976 5787 apttdilBalsainoneni‘,
1007 5703 1246 5785 p.1059.
1290 5704 1371 5787 ad
1403 5700 1711 5787 interroga-

1858 5704 2654 5787 _(6i)_'Extlo'eec.'Unxricac
2691 5703 2748 5758 in
2791 5703 2965 5759 altero
3004 5703 3129 5759 cod.
3167 5702 3399 5764 V'indob.

11 5773 341 5846 ιὶιῖιιειη
396 5774 538 5842 Quid
592 5773 850 5844 agendum
886 5776 986 5846 sit.
1022 5775 1068 5828 si
1121 5791 1248 5843 puer
1288 5775 1711 5834 calce/iumentis.
1820 5773 2124 5846 etquidem
2158 5777 2389 5831 rectius.
2420 5776 2592 5831 CLEIl.

12 5793 341 5846 ιὶυιιειη
396 5793 537 5842 quia
592 5793 850 5844 agenaum
886 5793 986 5835 ut.
1022 5793 1068 5828 δι
1121 5793 1248 5843 puer
1288 5793 1711 5834 carecnumenus.

12 5868 169 5919 καί
235 5850 417 5903 homo
450 5846 688 5913 adultus,
715 5846 838 5899 dum
872 5845 1068 5900 oblatio
1089 5848 1262 5919 fieret,
1299 5856 1585 5916 opportune
1617 5846 1711 5897 ad-

1826 5793 1874 5830 et
1943 5793 2124 5830 niuem
2158 5793 2389 5831 rectius.
2420 5793 2592 5831 υιειι.

1893 5793 2004 5918 ὣὶ)
2044 5847 2543 5916 Πρςει·τ[ςέ.τισας.
2587 5847 2733 5903 ldem
2765 5847 3111 5921 εύτρέπισας.
3144 5845 3219 5904 In.
