  <div class='ocr_page' id='page_1' title='image "/cluster/home/n/w/nwhite01/storage/ocr_20150623/1/hvd.32044073501405/520.png"; bbox 0 0 3946 6334; ppageno 0'>
   <div class='ocr_carea' id='block_1_1' title="bbox 136 327 269 384">
    <p class='ocr_par' dir='ltr' id='par_1_1' title="bbox 136 327 269 384">
     <span class='ocr_line' id='line_1_1' title="bbox 136 327 269 384; baseline 0.015 -3"><span class='ocrx_word' id='word_1_1' title='bbox 136 327 269 384; x_wconf 72' lang='lat' dir='ltr'><strong>I02!</strong></span> 
     </span>
    </p>
   </div>
   <div class='ocr_carea' id='block_1_2' title="bbox 966 324 2484 391">
    <p class='ocr_par' dir='ltr' id='par_1_2' title="bbox 966 324 2484 391">
     <span class='ocr_line' id='line_1_2' title="bbox 966 324 2484 391; baseline 0.005 -8"><span class='ocrx_word' id='word_1_2' title='bbox 966 324 1563 385; x_wconf 79' lang='lat' dir='ltr'><strong>CONS&#39;I‘I&#39;I‘UTIONES</strong></span> <span class='ocrx_word' id='word_1_3' title='bbox 1593 326 2068 388; x_wconf 66' lang='lat' dir='ltr'><strong>APOS&#39;I‘OLICE.</strong></span> <span class='ocrx_word' id='word_1_4' title='bbox 2105 362 2174 373; x_wconf 89' lang='lat'><strong>——</strong></span> <span class='ocrx_word' id='word_1_5' title='bbox 2208 330 2335 389; x_wconf 85' lang='lat' dir='ltr'><strong>LIB.</strong></span> <span class='ocrx_word' id='word_1_6' title='bbox 2374 330 2484 391; x_wconf 85' lang='lat' dir='ltr'><strong>VII.</strong></span> 
     </span>
    </p>
   </div>
   <div class='ocr_carea' id='block_1_3' title="bbox 3258 337 3398 394">
    <p class='ocr_par' dir='ltr' id='par_1_3' title="bbox 3258 337 3398 394">
     <span class='ocr_line' id='line_1_3' title="bbox 3258 337 3398 394; baseline 0 -1"><span class='ocrx_word' id='word_1_7' title='bbox 3258 337 3398 394; x_wconf 70' lang='lat' dir='ltr'><strong>I023</strong></span> 
     </span>
    </p>
   </div>
   <div class='ocr_carea' id='block_1_4' title="bbox 125 445 1726 523">
    <p class='ocr_par' dir='ltr' id='par_1_4' title="bbox 125 445 1704 523">
     <span class='ocr_line' id='line_1_4' title="bbox 125 445 1704 523; baseline 0.001 -20"><span class='ocrx_word' id='word_1_8' title='bbox 125 449 307 503; x_wconf 64' lang='grc' dir='ltr'>πᾶσαν</span> <span class='ocrx_word' id='word_1_9' title='bbox 337 445 593 519; x_wconf 74' lang='grc' dir='ltr'>ἀπαρχὴν</span> <span class='ocrx_word' id='word_1_10' title='bbox 622 446 803 519; x_wconf 76' lang='grc' dir='ltr'>ἀρτων</span> <span class='ocrx_word' id='word_1_11' title='bbox 834 446 1073 519; x_wconf 82' lang='grc' dir='ltr'>θερμῶν,</span> <span class='ocrx_word' id='word_1_12' title='bbox 1108 449 1372 521; x_wconf 79' lang='grc' dir='ltr'><strong>κεραμίου</strong></span> <span class='ocrx_word' id='word_1_13' title='bbox 1404 449 1514 523; x_wconf 83' lang='grc'>(68)</span> <span class='ocrx_word' id='word_1_14' title='bbox 1540 452 1704 518; x_wconf 85' lang='grc' dir='ltr'>οῐνου,</span> 
     </span>
    </p>
   </div>
   <div class='ocr_carea' id='block_1_5' title="bbox 1824 445 3391 523">
    <p class='ocr_par' dir='ltr' id='par_1_5' title="bbox 1824 450 3391 517">
     <span class='ocr_line' id='line_1_5' title="bbox 1824 450 3391 517; baseline 0.002 -12"><span class='ocrx_word' id='word_1_15' title='bbox 1824 466 1940 505; x_wconf 74' lang='lat' dir='ltr'><strong>ium</strong></span> <span class='ocrx_word' id='word_1_16' title='bbox 1972 450 2295 517; x_wconf 90' lang='lat' dir='ltr'><strong>calidorum,</strong></span> <span class='ocrx_word' id='word_1_17' title='bbox 2336 453 2449 508; x_wconf 83' lang='lat' dir='ltr'><strong>vini</strong></span> <span class='ocrx_word' id='word_1_18' title='bbox 2495 467 2526 510; x_wconf 92' lang='lat' dir='ltr'><strong>e</strong></span> <span class='ocrx_word' id='word_1_19' title='bbox 2555 451 2724 517; x_wconf 86' lang='lat' dir='ltr'><strong>dolio,</strong></span> <span class='ocrx_word' id='word_1_20' title='bbox 2760 459 2856 507; x_wconf 87' lang='lat' dir='ltr'><strong>aut</strong></span> <span class='ocrx_word' id='word_1_21' title='bbox 2885 451 3012 517; x_wconf 89' lang='lat' dir='ltr'><strong>olei,</strong></span> <span class='ocrx_word' id='word_1_22' title='bbox 3051 458 3147 507; x_wconf 83' lang='lat' dir='ltr'><strong>aut</strong></span> <span class='ocrx_word' id='word_1_23' title='bbox 3188 453 3391 516; x_wconf 79' lang='lat' dir='ltr'><strong>mellis,</strong></span> 
     </span>
    </p>
   </div>
   <div class='ocr_carea' id='block_1_6' title="bbox 123 540 1711 615">
    <p class='ocr_par' dir='ltr' id='par_1_6' title="bbox 123 540 1711 615">
     <span class='ocr_line' id='line_1_6' title="bbox 123 540 1711 615; baseline 0.002 -21"><span class='ocrx_word' id='word_1_24' title='bbox 123 541 159 613; x_wconf 67' lang='grc' dir='ltr'><strong>ἢ</strong></span> <span class='ocrx_word' id='word_1_25' title='bbox 192 542 395 604; x_wconf 66' lang='grc' dir='ltr'>ελαίου,</span> <span class='ocrx_word' id='word_1_26' title='bbox 426 540 462 613; x_wconf 75' lang='grc' dir='ltr'>ἢ</span> <span class='ocrx_word' id='word_1_27' title='bbox 496 540 728 613; x_wconf 84' lang='grc' dir='ltr'>μέλιτος,</span> <span class='ocrx_word' id='word_1_28' title='bbox 764 540 797 613; x_wconf 81' lang='grc' dir='ltr'>ἢ</span> <span class='ocrx_word' id='word_1_29' title='bbox 828 541 1145 614; x_wconf 82' lang='grc' dir='ltr'><strong>ἀκροδρύων</strong></span> <span class='ocrx_word' id='word_1_30' title='bbox 1164 582 1179 606; x_wconf 93' lang='grc'><strong>,</strong></span> <span class='ocrx_word' id='word_1_31' title='bbox 1206 543 1503 614; x_wconf 81' lang='grc' dir='ltr'><strong>σταφυλῆς,</strong></span> <span class='ocrx_word' id='word_1_32' title='bbox 1536 543 1571 615; x_wconf 82' lang='grc' dir='ltr'>ἦ</span> <span class='ocrx_word' id='word_1_33' title='bbox 1602 544 1711 598; x_wconf 88' lang='grc' dir='ltr'><strong>τῶν</strong></span> 
     </span>
    </p>
   </div>
   <div class='ocr_carea' id='block_1_7' title="bbox 122 634 1711 708">
    <p class='ocr_par' dir='ltr' id='par_1_7' title="bbox 122 634 1711 708">
     <span class='ocr_line' id='line_1_7' title="bbox 122 634 1711 708; baseline -0.002 -16"><span class='ocrx_word' id='word_1_34' title='bbox 122 638 300 693; x_wconf 65' lang='grc' dir='ltr'>ἄλλων</span> <span class='ocrx_word' id='word_1_35' title='bbox 322 637 423 708; x_wconf 67' lang='grc' dir='ltr'>τὴν</span> <span class='ocrx_word' id='word_1_36' title='bbox 459 635 715 708; x_wconf 80' lang='grc' dir='ltr'>ἀπαρχὴν</span> <span class='ocrx_word' id='word_1_37' title='bbox 750 634 942 698; x_wconf 83' lang='grc' dir='ltr'><strong>δώσεις</strong></span> <span class='ocrx_word' id='word_1_38' title='bbox 988 638 1102 699; x_wconf 83' lang='grc' dir='ltr'>τοῖς</span> <span class='ocrx_word' id='word_1_39' title='bbox 1147 635 1415 707; x_wconf 84' lang='grc' dir='ltr'>ἱερεῦσιν·</span> <span class='ocrx_word' id='word_1_40' title='bbox 1445 636 1711 707; x_wconf 75' lang='grc' dir='ltr'><strong>ἀργυρίου</strong></span> 
     </span>
    </p>
   </div>
   <div class='ocr_carea' id='block_1_8' title="bbox 122 726 1713 801">
    <p class='ocr_par' dir='ltr' id='par_1_8' title="bbox 122 726 1713 801">
     <span class='ocr_line' id='line_1_8' title="bbox 122 726 1713 801; baseline -0.001 -17"><span class='ocrx_word' id='word_1_41' title='bbox 122 730 180 784; x_wconf 77' lang='grc' dir='ltr'>δὲ</span> <span class='ocrx_word' id='word_1_42' title='bbox 210 731 306 783; x_wconf 68' lang='grc' dir='ltr'>καὶ</span> <span class='ocrx_word' id='word_1_43' title='bbox 330 727 656 801; x_wconf 77' lang='grc' dir='ltr'><strong>ἱματισμοῦ,</strong></span> <span class='ocrx_word' id='word_1_44' title='bbox 684 728 781 782; x_wconf 81' lang='grc' dir='ltr'>καὶ</span> <span class='ocrx_word' id='word_1_45' title='bbox 811 727 1015 791; x_wconf 81' lang='grc' dir='ltr'>παντὸς</span> <span class='ocrx_word' id='word_1_46' title='bbox 1052 729 1355 799; x_wconf 82' lang='grc' dir='ltr'><strong>κτήματος,</strong></span> <span class='ocrx_word' id='word_1_47' title='bbox 1382 726 1461 799; x_wconf 81' lang='grc' dir='ltr'>τῷ</span> <span class='ocrx_word' id='word_1_48' title='bbox 1490 727 1713 800; x_wconf 79' lang='grc' dir='ltr'>ὀρφανῷ</span> 
     </span>
    </p>
   </div>
   <div class='ocr_carea' id='block_1_9' title="bbox 123 825 1675 897">
    <p class='ocr_par' dir='ltr' id='par_1_9' title="bbox 123 825 1675 897">
     <span class='ocr_line' id='line_1_9' title="bbox 123 825 1675 897; baseline -0.003 0"><span class='ocrx_word' id='word_1_49' title='bbox 123 826 222 879; x_wconf 74' lang='grc' dir='ltr'><strong>καὶ</strong></span> <span class='ocrx_word' id='word_1_50' title='bbox 250 827 318 897; x_wconf 73' lang='grc' dir='ltr'>τῇ</span> <span class='ocrx_word' id='word_1_51' title='bbox 347 825 513 895; x_wconf 71' lang='grc' dir='ltr'><strong>χήρᾳο</strong></span> <span class='ocrx_word' id='word_1_52' title='bbox 1674 830 1675 833; x_wconf 74' lang='lat'>‘</span> 
     </span>
    </p>
   </div>
   <div class='ocr_carea' id='block_1_10' title="bbox 654 914 1169 970">
    <p class='ocr_par' dir='ltr' id='par_1_10' title="bbox 654 914 1169 970">
     <span class='ocr_line' id='line_1_10' title="bbox 654 914 1169 970; baseline -0.006 -1"><span class='ocrx_word' id='word_1_53' title='bbox 654 914 1052 970; x_wconf 76' lang='grc' dir='ltr'><strong>ΚΕΦᾹΛΑῙΟΝ</strong></span> <span class='ocrx_word' id='word_1_54' title='bbox 1090 915 1169 967; x_wconf 82' lang='lat' dir='ltr'><strong>A&#39;.</strong></span> 
     </span>
    </p>
   </div>
   <div class='ocr_carea' id='block_1_11' title="bbox 124 1003 1711 1153">
    <p class='ocr_par' dir='ltr' id='par_1_11' title="bbox 124 1003 1711 1153">
     <span class='ocr_line' id='line_1_11' title="bbox 124 1003 1711 1153; baseline -0.007 -15"><span class='ocrx_word' id='word_1_55' title='bbox 124 1003 1511 1153; x_wconf 45' lang='grc' dir='ltr'><strong>’θπωττυκῖἐῖἔιπέἴάᾝὲῗῗέβοῖἓῦέοξΐέἕῗὲς</strong></span> <span class='ocrx_word' id='word_1_56' title='bbox 1543 1003 1711 1075; x_wconf 60' lang='grc' dir='ltr'><em>ἡμῶν</em></span> 
     </span>
    </p>
   </div>
   <div class='ocr_carea' id='block_1_12' title="bbox 193 1231 1712 1314">
    <p class='ocr_par' dir='ltr' id='par_1_12' title="bbox 193 1231 1712 1314">
     <span class='ocr_line' id='line_1_12' title="bbox 193 1231 1712 1314; baseline -0.008 -18"><span class='ocrx_word' id='word_1_57' title='bbox 193 1242 307 1314; x_wconf 80' lang='grc' dir='ltr'><strong>Τὴν</strong></span> <span class='ocrx_word' id='word_1_58' title='bbox 340 1238 708 1309; x_wconf 85' lang='grc' dir='ltr'>ἀναστάσιμον</span> <span class='ocrx_word' id='word_1_59' title='bbox 735 1235 831 1290; x_wconf 86' lang='grc' dir='ltr'><strong>τοῦ</strong></span> <span class='ocrx_word' id='word_1_60' title='bbox 863 1234 1069 1308; x_wconf 90' lang='grc' dir='ltr'>Κυρίου</span> <span class='ocrx_word' id='word_1_61' title='bbox 1108 1234 1343 1305; x_wconf 81' lang='grc' dir='ltr'>ἡμέραν,</span> <span class='ocrx_word' id='word_1_62' title='bbox 1376 1231 1474 1303; x_wconf 79' lang='grc' dir='ltr'>τὴν</span> <span class='ocrx_word' id='word_1_63' title='bbox 1502 1232 1712 1304; x_wconf 87' lang='grc' dir='ltr'>Κυρια-</span> 
     </span>
    </p>
   </div>
   <div class='ocr_carea' id='block_1_13' title="bbox 120 1323 1711 1405">
    <p class='ocr_par' dir='ltr' id='par_1_13' title="bbox 120 1323 1711 1405">
     <span class='ocr_line' id='line_1_13' title="bbox 120 1323 1711 1405; baseline -0.008 -17"><span class='ocrx_word' id='word_1_64' title='bbox 120 1336 228 1405; x_wconf 82' lang='grc' dir='ltr'>κήν</span> <span class='ocrx_word' id='word_1_65' title='bbox 260 1350 463 1405; x_wconf 81' lang='grc' dir='ltr'>φαμεν,</span> <span class='ocrx_word' id='word_1_66' title='bbox 498 1328 822 1402; x_wconf 82' lang='grc' dir='ltr'><strong>συνέρχεσθε</strong></span> <span class='ocrx_word' id='word_1_67' title='bbox 851 1326 1231 1391; x_wconf 89' lang='grc' dir='ltr'>ἀδιαλείπτως,</span> <span class='ocrx_word' id='word_1_68' title='bbox 1263 1323 1711 1397; x_wconf 73' lang='grc' dir='ltr'>εὐχαριστοῦντες</span> 
     </span>
    </p>
   </div>
   <div class='ocr_carea' id='block_1_14' title="bbox 120 1412 1709 1501">
    <p class='ocr_par' dir='ltr' id='par_1_14' title="bbox 120 1412 1709 1501">
     <span class='ocr_line' id='line_1_14' title="bbox 120 1412 1709 1501; baseline -0.008 -18"><span class='ocrx_word' id='word_1_69' title='bbox 120 1431 200 1501; x_wconf 85' lang='grc' dir='ltr'>τῷ</span> <span class='ocrx_word' id='word_1_70' title='bbox 231 1428 372 1500; x_wconf 83' lang='grc' dir='ltr'>Θεῷ,</span> <span class='ocrx_word' id='word_1_71' title='bbox 414 1427 509 1481; x_wconf 70' lang='grc' dir='ltr'>καὶ</span> <span class='ocrx_word' id='word_1_72' title='bbox 558 1422 1036 1495; x_wconf 78' lang='grc' dir='ltr'>ἐξομολογούμενοι</span> <span class='ocrx_word' id='word_1_73' title='bbox 1086 1420 1171 1489; x_wconf 75' lang='grc' dir='ltr'><strong>ἐφ’</strong></span> <span class='ocrx_word' id='word_1_74' title='bbox 1215 1412 1296 1481; x_wconf 71' lang='grc' dir='ltr'>οἷς</span> <span class='ocrx_word' id='word_1_75' title='bbox 1342 1416 1709 1487; x_wconf 76' lang='grc' dir='ltr'>εὐηργέτησεν</span> 
     </span>
    </p>
   </div>
   <div class='ocr_carea' id='block_1_15' title="bbox 121 1508 1708 1593">
    <p class='ocr_par' dir='ltr' id='par_1_15' title="bbox 121 1508 1708 1593">
     <span class='ocr_line' id='line_1_15' title="bbox 121 1508 1708 1593; baseline -0.011 -17"><span class='ocrx_word' id='word_1_76' title='bbox 121 1524 271 1593; x_wconf 78' lang='grc' dir='ltr'>ὑμᾶς</span> <span class='ocrx_word' id='word_1_77' title='bbox 310 1520 417 1593; x_wconf 88' lang='grc'><strong>(69)</strong></span> <span class='ocrx_word' id='word_1_78' title='bbox 447 1519 475 1571; x_wconf 87' lang='grc' dir='ltr'>ὁ</span> <span class='ocrx_word' id='word_1_79' title='bbox 506 1517 638 1579; x_wconf 83' lang='grc' dir='ltr'>Θεὸς</span> <span class='ocrx_word' id='word_1_80' title='bbox 677 1515 765 1569; x_wconf 89' lang='grc' dir='ltr'><strong>διά</strong></span> <span class='ocrx_word' id='word_1_81' title='bbox 804 1512 1072 1586; x_wconf 80' lang='grc' dir='ltr'>Χριστοῦ,</span> <span class='ocrx_word' id='word_1_82' title='bbox 1121 1510 1421 1582; x_wconf 79' lang='grc' dir='ltr'>ῥυσάμενος</span> <span class='ocrx_word' id='word_1_83' title='bbox 1464 1508 1708 1577; x_wconf 87' lang='grc' dir='ltr'>ἀγνοίας,</span> 
     </span>
    </p>
   </div>
   <div class='ocr_carea' id='block_1_16' title="bbox 120 1601 1708 1683">
    <p class='ocr_par' dir='ltr' id='par_1_16' title="bbox 120 1601 1708 1683">
     <span class='ocr_line' id='line_1_16' title="bbox 120 1601 1708 1683; baseline -0.007 -17"><span class='ocrx_word' id='word_1_84' title='bbox 120 1614 355 1683; x_wconf 73' lang='grc' dir='ltr'>πλάνης,</span> <span class='ocrx_word' id='word_1_85' title='bbox 403 1609 643 1681; x_wconf 86' lang='grc' dir='ltr'>δεσμῶν·</span> <span class='ocrx_word' id='word_1_86' title='bbox 691 1608 841 1670; x_wconf 83' lang='grc' dir='ltr'>ὅπως</span> <span class='ocrx_word' id='word_1_87' title='bbox 890 1601 1241 1679; x_wconf 81' lang='grc' dir='ltr'>ἀμεμπτοςῇ</span> <span class='ocrx_word' id='word_1_88' title='bbox 1278 1607 1312 1676; x_wconf 84' lang='grc' dir='ltr'>ἡ</span> <span class='ocrx_word' id='word_1_89' title='bbox 1342 1602 1501 1656; x_wconf 84' lang='grc' dir='ltr'>θυσία</span> <span class='ocrx_word' id='word_1_90' title='bbox 1534 1604 1708 1674; x_wconf 88' lang='grc' dir='ltr'>ὐμῶν,</span> 
     </span>
    </p>
   </div>
   <div class='ocr_carea' id='block_1_17' title="bbox 123 1696 1713 1773">
    <p class='ocr_par' dir='ltr' id='par_1_17' title="bbox 123 1696 1713 1773">
     <span class='ocr_line' id='line_1_17' title="bbox 123 1696 1713 1773; baseline -0.009 -12"><span class='ocrx_word' id='word_1_91' title='bbox 123 1708 220 1760; x_wconf 79' lang='grc' dir='ltr'>καὶ</span> <span class='ocrx_word' id='word_1_92' title='bbox 248 1704 585 1773; x_wconf 79' lang='grc' dir='ltr'>εὐανάφορος</span> <span class='ocrx_word' id='word_1_93' title='bbox 606 1700 746 1771; x_wconf 85' lang='grc' dir='ltr'>Θεῷ,</span> <span class='ocrx_word' id='word_1_94' title='bbox 776 1698 857 1771; x_wconf 83' lang='grc' dir='ltr'>τῷ</span> <span class='ocrx_word' id='word_1_95' title='bbox 896 1698 1100 1751; x_wconf 76' lang='grc' dir='ltr'>εἰπόντι</span> <span class='ocrx_word' id='word_1_96' title='bbox 1130 1698 1257 1769; x_wconf 72' lang='grc' dir='ltr'>περὶ</span> <span class='ocrx_word' id='word_1_97' title='bbox 1284 1696 1384 1767; x_wconf 79' lang='grc' dir='ltr'>τῆς</span> <span class='ocrx_word' id='word_1_98' title='bbox 1409 1698 1713 1767; x_wconf 81' lang='grc' dir='ltr'>οἱκουμενι-</span> 
     </span>
    </p>
   </div>
   <div class='ocr_carea' id='block_1_18' title="bbox 122 1786 1711 1869">
    <p class='ocr_par' dir='ltr' id='par_1_18' title="bbox 122 1786 1711 1869">
     <span class='ocr_line' id='line_1_18' title="bbox 122 1786 1711 1869; baseline -0.008 -17"><span class='ocrx_word' id='word_1_99' title='bbox 122 1800 230 1869; x_wconf 78' lang='grc' dir='ltr'>κῆς</span> <span class='ocrx_word' id='word_1_100' title='bbox 282 1794 451 1851; x_wconf 90' lang='grc' dir='ltr'>αὐτοῦ</span> <span class='ocrx_word' id='word_1_101' title='bbox 510 1786 858 1863; x_wconf 85' lang='grc' dir='ltr'>Ἐκκλησίας,</span> <span class='ocrx_word' id='word_1_102' title='bbox 904 1791 985 1844; x_wconf 80' lang='grc' dir='ltr'><strong>δτι</strong></span> <span class='ocrx_word' id='word_1_103' title='bbox 1034 1809 1052 1841; x_wconf 84' lang='grc' dir='ltr'><strong>ι</strong></span> <span class='ocrx_word' id='word_1_104' title='bbox 1092 1791 1150 1842; x_wconf 80' lang='grc' dir='ltr'>ἐν</span> <span class='ocrx_word' id='word_1_105' title='bbox 1198 1790 1363 1842; x_wconf 73' lang='grc' dir='ltr'>παντὶ</span> <span class='ocrx_word' id='word_1_106' title='bbox 1414 1788 1563 1859; x_wconf 87' lang='grc' dir='ltr'><strong>τόπῳ</strong></span> <span class='ocrx_word' id='word_1_107' title='bbox 1622 1806 1711 1859; x_wconf 90' lang='grc' dir='ltr'><strong>μοι</strong></span> 
     </span>
    </p>
   </div>
   <div class='ocr_carea' id='block_1_19' title="bbox 1814 542 3396 615">
    <p class='ocr_par' dir='ltr' id='par_1_19' title="bbox 1814 542 3396 615">
     <span class='ocr_line' id='line_1_19' title="bbox 1814 542 3396 615; baseline 0.004 -19"><span class='ocrx_word' id='word_1_108' title='bbox 1814 552 1908 597; x_wconf 93' lang='lat' dir='ltr'><strong>aut</strong></span> <span class='ocrx_word' id='word_1_109' title='bbox 1952 542 2268 612; x_wconf 89' lang='lat' dir='ltr'><strong>fructuum,</strong></span> <span class='ocrx_word' id='word_1_110' title='bbox 2314 560 2465 611; x_wconf 63' lang='lat' dir='ltr'><strong>uvae,</strong></span> <span class='ocrx_word' id='word_1_111' title='bbox 2499 554 2594 600; x_wconf 85' lang='lat' dir='ltr'><strong>aut</strong></span> <span class='ocrx_word' id='word_1_112' title='bbox 2642 544 2875 599; x_wconf 88' lang='lat' dir='ltr'><strong>aliorum</strong></span> <span class='ocrx_word' id='word_1_113' title='bbox 2920 543 3199 615; x_wconf 74' lang='lat' dir='ltr'><strong>primitias</strong></span> <span class='ocrx_word' id='word_1_114' title='bbox 3236 545 3396 602; x_wconf 80' lang='lat' dir='ltr'><strong>dabis</strong></span> 
     </span>
    </p>
   </div>
   <div class='ocr_carea' id='block_1_20' title="bbox 1813 636 3398 708">
    <p class='ocr_par' dir='ltr' id='par_1_20' title="bbox 1813 636 3398 708">
     <span class='ocr_line' id='line_1_20' title="bbox 1813 636 3398 708; baseline 0.004 -19"><span class='ocrx_word' id='word_1_115' title='bbox 1813 636 2224 705; x_wconf 80' lang='lat' dir='ltr'><strong>sacerdotibus;</strong></span> <span class='ocrx_word' id='word_1_116' title='bbox 2272 637 2484 708; x_wconf 90' lang='lat' dir='ltr'><strong>argenti</strong></span> <span class='ocrx_word' id='word_1_117' title='bbox 2528 651 2660 692; x_wconf 87' lang='lat' dir='ltr'><strong>vero</strong></span> <span class='ocrx_word' id='word_1_118' title='bbox 2701 644 2756 692; x_wconf 90' lang='lat' dir='ltr'><strong>et</strong></span> <span class='ocrx_word' id='word_1_119' title='bbox 2802 637 3153 703; x_wconf 86' lang='lat' dir='ltr'><strong>vestimenti,</strong></span> <span class='ocrx_word' id='word_1_120' title='bbox 3184 636 3398 695; x_wconf 76' lang='lat' dir='ltr'><strong>omnis-</strong></span> 
     </span>
    </p>
   </div>
   <div class='ocr_carea' id='block_1_21' title="bbox 1812 727 2935 800">
    <p class='ocr_par' dir='ltr' id='par_1_21' title="bbox 1812 727 2935 800">
     <span class='ocr_line' id='line_1_21' title="bbox 1812 727 2935 800; baseline 0.001 -19"><span class='ocrx_word' id='word_1_121' title='bbox 1812 742 1920 797; x_wconf 85' lang='lat' dir='ltr'><strong>que</strong></span> <span class='ocrx_word' id='word_1_122' title='bbox 1947 729 2336 799; x_wconf 79' lang='lat' dir='ltr'><strong>possessionis,</strong></span> <span class='ocrx_word' id='word_1_123' title='bbox 2374 729 2621 800; x_wconf 89' lang='lat' dir='ltr'><strong>orphano</strong></span> <span class='ocrx_word' id='word_1_124' title='bbox 2639 743 2706 783; x_wconf 85' lang='lat' dir='ltr'><strong>ac</strong></span> <span class='ocrx_word' id='word_1_125' title='bbox 2733 727 2935 784; x_wconf 69' lang='lat' dir='ltr'><strong>viduae.</strong></span> 
     </span>
    </p>
   </div>
   <div class='ocr_carea' id='block_1_22' title="bbox 2383 906 2827 964">
    <p class='ocr_par' dir='ltr' id='par_1_22' title="bbox 2383 906 2827 964">
     <span class='ocr_line' id='line_1_22' title="bbox 2383 906 2827 964; baseline -0.007 0"><span class='ocrx_word' id='word_1_126' title='bbox 2383 907 2614 964; x_wconf 82' lang='lat' dir='ltr'><strong>CAPUT</strong></span> <span class='ocrx_word' id='word_1_127' title='bbox 2652 906 2827 963; x_wconf 85' lang='lat' dir='ltr'><strong>XXX.</strong></span> 
     </span>
    </p>
   </div>
   <div class='ocr_carea' id='block_1_23' title="bbox 1814 999 3394 1075">
    <p class='ocr_par' dir='ltr' id='par_1_23' title="bbox 1814 999 3394 1075">
     <span class='ocr_line' id='line_1_23' title="bbox 1814 999 3394 1075; baseline 0.003 -21"><span class='ocrx_word' id='word_1_128' title='bbox 1814 999 2090 1075; x_wconf 72' lang='lat' dir='ltr'><strong>Quomodo</strong></span> <span class='ocrx_word' id='word_1_129' title='bbox 2119 1010 2357 1075; x_wconf 76' lang='lat' dir='ltr'><strong>oporteat</strong></span> <span class='ocrx_word' id='word_1_130' title='bbox 2396 1002 2538 1075; x_wconf 67' lang='lat' dir='ltr'><strong>diem</strong></span> <span class='ocrx_word' id='word_1_131' title='bbox 2585 999 2961 1067; x_wconf 70' lang='lat' dir='ltr'><strong>ﬂaminicam,</strong></span> <span class='ocrx_word' id='word_1_132' title='bbox 2994 1003 3165 1057; x_wconf 73' lang='lat' dir='ltr'><strong>nostri</strong></span> <span class='ocrx_word' id='word_1_133' title='bbox 3199 1000 3394 1059; x_wconf 67' lang='lat' dir='ltr'><strong>Salva-</strong></span> 
     </span>
    </p>
   </div>
   <div class='ocr_carea' id='block_1_24' title="bbox 1880 1072 3391 1197">
    <p class='ocr_par' dir='ltr' id='par_1_24' title="bbox 1880 1072 3391 1197">
     <span class='ocr_line' id='line_1_24' title="bbox 1880 1072 3391 1195; baseline 0.005 -71"><span class='ocrx_word' id='word_1_134' title='bbox 1880 1072 2017 1195; x_wconf 54' lang='lat' dir='ltr'><strong>;oris</strong></span> <span class='ocrx_word' id='word_1_135' title='bbox 2067 1073 2441 1128; x_wconf 81' lang='lat' dir='ltr'><strong>resurrectioni</strong></span> <span class='ocrx_word' id='word_1_136' title='bbox 2481 1072 2752 1138; x_wconf 87' lang='lat' dir='ltr'><strong>dicatum,</strong></span> <span class='ocrx_word' id='word_1_137' title='bbox 2802 1086 3181 1145; x_wconf 75' lang='lat' dir='ltr'><strong>congregatos,</strong></span> <span class='ocrx_word' id='word_1_138' title='bbox 3252 1076 3391 1130; x_wconf 80' lang='lat' dir='ltr'><strong>cele-</strong></span> 
     </span>
     <span class='ocr_line' id='line_1_25' title="bbox 1916 1160 2055 1197; baseline 0.014 -2"><span class='ocrx_word' id='word_1_139' title='bbox 1916 1160 2055 1197; x_wconf 83' lang='lat' dir='ltr'><strong>rare.</strong></span> 
     </span>
    </p>
   </div>
   <div class='ocr_carea' id='block_1_25' title="bbox 1884 1234 3391 1305">
    <p class='ocr_par' dir='ltr' id='par_1_25' title="bbox 1884 1234 3391 1305">
     <span class='ocr_line' id='line_1_26' title="bbox 1884 1234 3391 1305; baseline 0.004 -17"><span class='ocrx_word' id='word_1_140' title='bbox 1884 1234 1983 1291; x_wconf 90' lang='lat' dir='ltr'><strong>Die</strong></span> <span class='ocrx_word' id='word_1_141' title='bbox 2032 1235 2459 1292; x_wconf 85' lang='lat' dir='ltr'><strong>resurrectionis</strong></span> <span class='ocrx_word' id='word_1_142' title='bbox 2505 1234 2757 1303; x_wconf 88' lang='lat' dir='ltr'><strong>Domini,</strong></span> <span class='ocrx_word' id='word_1_143' title='bbox 2791 1235 2896 1293; x_wconf 87' lang='lat' dir='ltr'><strong>hoc</strong></span> <span class='ocrx_word' id='word_1_144' title='bbox 2939 1246 3024 1293; x_wconf 90' lang='lat' dir='ltr'><strong>est</strong></span> <span class='ocrx_word' id='word_1_145' title='bbox 3069 1236 3391 1305; x_wconf 85' lang='lat' dir='ltr'><strong>Dominica,</strong></span> 
     </span>
    </p>
   </div>
   <div class='ocr_carea' id='block_1_26' title="bbox 1813 1330 3392 1403">
    <p class='ocr_par' dir='ltr' id='par_1_26' title="bbox 1813 1330 3392 1403">
     <span class='ocr_line' id='line_1_27' title="bbox 1813 1330 3392 1403; baseline 0.004 -20"><span class='ocrx_word' id='word_1_146' title='bbox 1813 1330 2104 1385; x_wconf 85' lang='lat' dir='ltr'><strong>convenite</strong></span> <span class='ocrx_word' id='word_1_147' title='bbox 2156 1330 2413 1395; x_wconf 83' lang='lat' dir='ltr'><strong>assidue,</strong></span> <span class='ocrx_word' id='word_1_148' title='bbox 2452 1331 2654 1401; x_wconf 78' lang='lat' dir='ltr'><strong>gratias</strong></span> <span class='ocrx_word' id='word_1_149' title='bbox 2690 1339 2913 1403; x_wconf 79' lang='lat' dir='ltr'><strong>agentes</strong></span> <span class='ocrx_word' id='word_1_150' title='bbox 2956 1330 3102 1397; x_wconf 91' lang='lat' dir='ltr'><strong>Deo,</strong></span> <span class='ocrx_word' id='word_1_151' title='bbox 3136 1340 3190 1387; x_wconf 93' lang='lat' dir='ltr'><strong>et</strong></span> <span class='ocrx_word' id='word_1_152' title='bbox 3220 1334 3392 1389; x_wconf 89' lang='lat' dir='ltr'><strong>conﬁ-</strong></span> 
     </span>
    </p>
   </div>
   <div class='ocr_carea' id='block_1_27' title="bbox 1814 1423 3394 1497">
    <p class='ocr_par' dir='ltr' id='par_1_27' title="bbox 1814 1423 3394 1497">
     <span class='ocr_line' id='line_1_28' title="bbox 1814 1423 3394 1497; baseline 0.004 -22"><span class='ocrx_word' id='word_1_153' title='bbox 1814 1430 1993 1479; x_wconf 88' lang='lat' dir='ltr'><strong>tentes</strong></span> <span class='ocrx_word' id='word_1_154' title='bbox 2036 1423 2104 1479; x_wconf 90' lang='lat' dir='ltr'><strong>de</strong></span> <span class='ocrx_word' id='word_1_155' title='bbox 2141 1423 2424 1479; x_wconf 87' lang='lat' dir='ltr'><strong>beneﬁciis</strong></span> <span class='ocrx_word' id='word_1_156' title='bbox 2464 1435 2586 1494; x_wconf 67' lang='lat' dir='ltr'><strong>quae</strong></span> <span class='ocrx_word' id='word_1_157' title='bbox 2616 1424 2669 1478; x_wconf 90' lang='lat' dir='ltr'><strong>in</strong></span> <span class='ocrx_word' id='word_1_158' title='bbox 2696 1439 2796 1480; x_wconf 88' lang='lat' dir='ltr'><strong>vos</strong></span> <span class='ocrx_word' id='word_1_159' title='bbox 2839 1424 3074 1479; x_wconf 85' lang='lat' dir='ltr'><strong>contulit</strong></span> <span class='ocrx_word' id='word_1_160' title='bbox 3119 1423 3266 1482; x_wconf 91' lang='lat' dir='ltr'><strong>Deus</strong></span> <span class='ocrx_word' id='word_1_161' title='bbox 3295 1442 3394 1497; x_wconf 89' lang='lat' dir='ltr'><strong>per</strong></span> 
     </span>
    </p>
   </div>
   <div class='ocr_carea' id='block_1_28' title="bbox 1812 1516 3389 1588">
    <p class='ocr_par' dir='ltr' id='par_1_28' title="bbox 1812 1516 3389 1588">
     <span class='ocr_line' id='line_1_29' title="bbox 1812 1516 3389 1588; baseline 0.003 -17"><span class='ocrx_word' id='word_1_162' title='bbox 1812 1516 2117 1581; x_wconf 85' lang='lat' dir='ltr'><strong>Christum,</strong></span> <span class='ocrx_word' id='word_1_163' title='bbox 2168 1517 2454 1571; x_wconf 90' lang='lat' dir='ltr'><strong>liberando</strong></span> <span class='ocrx_word' id='word_1_164' title='bbox 2500 1518 2826 1588; x_wconf 77' lang='lat' dir='ltr'><strong>ignorantia,</strong></span> <span class='ocrx_word' id='word_1_165' title='bbox 2856 1533 3074 1583; x_wconf 89' lang='lat' dir='ltr'><strong>errore,</strong></span> <span class='ocrx_word' id='word_1_166' title='bbox 3116 1519 3389 1587; x_wconf 76' lang='lat' dir='ltr'><strong>vinculis;</strong></span> 
     </span>
    </p>
   </div>
   <div class='ocr_carea' id='block_1_29' title="bbox 1814 1609 3431 1681">
    <p class='ocr_par' dir='ltr' id='par_1_29' title="bbox 1814 1609 3431 1681">
     <span class='ocr_line' id='line_1_30' title="bbox 1814 1609 3431 1681; baseline 0.004 -19"><span class='ocrx_word' id='word_1_167' title='bbox 1814 1619 1873 1662; x_wconf 89' lang='lat' dir='ltr'><strong>ut</strong></span> <span class='ocrx_word' id='word_1_168' title='bbox 1905 1609 2236 1665; x_wconf 89' lang='lat' dir='ltr'><strong>sacriﬁcium</strong></span> <span class='ocrx_word' id='word_1_169' title='bbox 2270 1617 2517 1664; x_wconf 83' lang='lat' dir='ltr'><strong>vestrum</strong></span> <span class='ocrx_word' id='word_1_170' title='bbox 2562 1611 2635 1665; x_wconf 89' lang='lat' dir='ltr'><strong>sit</strong></span> <span class='ocrx_word' id='word_1_171' title='bbox 2678 1610 3117 1681; x_wconf 88' lang='lat' dir='ltr'><strong>irreprehensum</strong></span> <span class='ocrx_word' id='word_1_172' title='bbox 3139 1650 3155 1676; x_wconf 93' lang='lat'><strong>,</strong></span> <span class='ocrx_word' id='word_1_173' title='bbox 3186 1620 3240 1667; x_wconf 93' lang='lat' dir='ltr'><strong>et</strong></span> <span class='ocrx_word' id='word_1_174' title='bbox 3280 1611 3394 1669; x_wconf 80' lang='lat' dir='ltr'><strong>Deo</strong></span> <span class='ocrx_word' id='word_1_175' title='bbox 3428 1614 3431 1623; x_wconf 80' lang='grc'><strong><em>“</em></strong></span> 
     </span>
    </p>
   </div>
   <div class='ocr_carea' id='block_1_30' title="bbox 1814 1700 3395 1776">
    <p class='ocr_par' dir='ltr' id='par_1_30' title="bbox 1814 1700 3395 1776">
     <span class='ocr_line' id='line_1_31' title="bbox 1814 1700 3395 1776; baseline 0.004 -24"><span class='ocrx_word' id='word_1_176' title='bbox 1814 1710 2119 1771; x_wconf 88' lang='lat' dir='ltr'><strong>acceptum,</strong></span> <span class='ocrx_word' id='word_1_177' title='bbox 2148 1701 2243 1771; x_wconf 91' lang='lat' dir='ltr'><strong>qui</strong></span> <span class='ocrx_word' id='word_1_178' title='bbox 2277 1700 2343 1755; x_wconf 92' lang='lat' dir='ltr'><strong>de</strong></span> <span class='ocrx_word' id='word_1_179' title='bbox 2372 1700 2615 1755; x_wconf 85' lang='lat' dir='ltr'><strong>Ecclesia</strong></span> <span class='ocrx_word' id='word_1_180' title='bbox 2648 1716 2747 1755; x_wconf 88' lang='lat' dir='ltr'><strong>sua</strong></span> <span class='ocrx_word' id='word_1_181' title='bbox 2777 1702 3138 1765; x_wconf 69' lang='lat' dir='ltr'><strong>meumenica,</strong></span> <span class='ocrx_word' id='word_1_182' title='bbox 3171 1719 3266 1758; x_wconf 87' lang='lat' dir='ltr'><strong>seu</strong></span> <span class='ocrx_word' id='word_1_183' title='bbox 3295 1721 3395 1776; x_wconf 91' lang='lat' dir='ltr'><strong>per</strong></span> 
     </span>
    </p>
   </div>
   <div class='ocr_carea' id='block_1_31' title="bbox 1812 1792 3393 1851">
    <p class='ocr_par' dir='ltr' id='par_1_31' title="bbox 1812 1792 3393 1851">
     <span class='ocr_line' id='line_1_32' title="bbox 1812 1792 3393 1851; baseline 0.003 -5"><span class='ocrx_word' id='word_1_184' title='bbox 1812 1800 1989 1847; x_wconf 88' lang='lat' dir='ltr'><strong>totum</strong></span> <span class='ocrx_word' id='word_1_185' title='bbox 2041 1794 2231 1849; x_wconf 89' lang='lat' dir='ltr'><strong>orbem</strong></span> <span class='ocrx_word' id='word_1_186' title='bbox 2278 1792 2475 1848; x_wconf 85' lang='lat' dir='ltr'><strong>diffusa</strong></span> <span class='ocrx_word' id='word_1_187' title='bbox 2526 1792 2663 1847; x_wconf 84' lang='lat' dir='ltr'><strong>dixit</strong></span> <span class='ocrx_word' id='word_1_188' title='bbox 2697 1809 2709 1845; x_wconf 90' lang='lat'><strong>:</strong></span> <span class='ocrx_word' id='word_1_189' title='bbox 2749 1812 2767 1845; x_wconf 84' lang='grc' dir='ltr'><strong>ι</strong></span> <span class='ocrx_word' id='word_1_190' title='bbox 2816 1792 2874 1847; x_wconf 96' lang='lat' dir='ltr'><strong>In</strong></span> <span class='ocrx_word' id='word_1_191' title='bbox 2906 1795 3055 1848; x_wconf 93' lang='lat' dir='ltr'><strong>omni</strong></span> <span class='ocrx_word' id='word_1_192' title='bbox 3097 1796 3221 1850; x_wconf 91' lang='lat' dir='ltr'><strong>loco</strong></span> <span class='ocrx_word' id='word_1_193' title='bbox 3258 1797 3393 1851; x_wconf 85' lang='lat' dir='ltr'><strong>mihi</strong></span> 
     </span>
    </p>
   </div>
   <div class='ocr_carea' id='block_1_32' title="bbox 120 1876 1726 1961">
    <p class='ocr_par' dir='ltr' id='par_1_32' title="bbox 120 1879 1712 1961">
     <span class='ocr_line' id='line_1_33' title="bbox 120 1879 1712 1961; baseline -0.005 -20"><span class='ocrx_word' id='word_1_194' title='bbox 120 1886 625 1961; x_wconf 83' lang='grc' dir='ltr'>προσενεχθήσεται</span> <span class='ocrx_word' id='word_1_195' title='bbox 669 1882 943 1956; x_wconf 89' lang='grc' dir='ltr'>θυμίαμα,</span> <span class='ocrx_word' id='word_1_196' title='bbox 988 1883 1083 1935; x_wconf 78' lang='grc' dir='ltr'>καὶ</span> <span class='ocrx_word' id='word_1_197' title='bbox 1129 1879 1290 1934; x_wconf 86' lang='grc' dir='ltr'>θυσία</span> <span class='ocrx_word' id='word_1_198' title='bbox 1331 1880 1579 1953; x_wconf 81' lang='grc' dir='ltr'>καθαρά·</span> <span class='ocrx_word' id='word_1_199' title='bbox 1629 1881 1712 1933; x_wconf 81' lang='grc' dir='ltr'>ὅτι</span> 
     </span>
    </p>
   </div>
   <div class='ocr_carea' id='block_1_33' title="bbox 1824 1876 3393 1961">
    <p class='ocr_par' dir='ltr' id='par_1_33' title="bbox 1824 1884 3393 1960">
     <span class='ocr_line' id='line_1_34' title="bbox 1824 1884 3393 1960; baseline 0.004 -22"><span class='ocrx_word' id='word_1_200' title='bbox 1824 1884 2074 1941; x_wconf 71' lang='lat' dir='ltr'><strong>afferetur</strong></span> <span class='ocrx_word' id='word_1_201' title='bbox 2110 1886 2416 1949; x_wconf 91' lang='lat' dir='ltr'><strong>incensum,</strong></span> <span class='ocrx_word' id='word_1_202' title='bbox 2446 1894 2498 1941; x_wconf 88' lang='lat' dir='ltr'><strong>et</strong></span> <span class='ocrx_word' id='word_1_203' title='bbox 2544 1885 2873 1940; x_wconf 88' lang='lat' dir='ltr'><strong>sacriﬁcium</strong></span> <span class='ocrx_word' id='word_1_204' title='bbox 2920 1888 3182 1942; x_wconf 90' lang='lat' dir='ltr'><strong>mundum</strong></span> <span class='ocrx_word' id='word_1_205' title='bbox 3216 1908 3229 1944; x_wconf 88' lang='lat'>:</span> <span class='ocrx_word' id='word_1_206' title='bbox 3264 1891 3393 1960; x_wconf 81' lang='lat' dir='ltr'><strong>quia</strong></span> 
     </span>
    </p>
   </div>
   <div class='ocr_carea' id='block_1_34' title="bbox 122 1972 1713 2051">
    <p class='ocr_par' dir='ltr' id='par_1_34' title="bbox 122 1972 1713 2051">
     <span class='ocr_line' id='line_1_35' title="bbox 122 1972 1713 2051; baseline -0.006 -17"><span class='ocrx_word' id='word_1_207' title='bbox 122 1981 384 2051; x_wconf 80' lang='grc' dir='ltr'>βασιλεὺς</span> <span class='ocrx_word' id='word_1_208' title='bbox 424 1979 598 2051; x_wconf 86' lang='grc' dir='ltr'>μέγας</span> <span class='ocrx_word' id='word_1_209' title='bbox 634 1975 747 2046; x_wconf 77' lang='grc' dir='ltr'><strong>ἐγώ</strong></span> <span class='ocrx_word' id='word_1_210' title='bbox 802 1978 951 2047; x_wconf 88' lang='grc' dir='ltr'>είμι,</span> <span class='ocrx_word' id='word_1_211' title='bbox 980 1974 1129 2043; x_wconf 89' lang='grc' dir='ltr'>λέγει</span> <span class='ocrx_word' id='word_1_212' title='bbox 1162 1972 1367 2045; x_wconf 85' lang='grc' dir='ltr'>Κύριος</span> <span class='ocrx_word' id='word_1_213' title='bbox 1407 1973 1713 2044; x_wconf 85' lang='grc' dir='ltr'>παντοκρά-</span> 
     </span>
    </p>
   </div>
   <div class='ocr_carea' id='block_1_35' title="bbox 118 2064 1673 2145">
    <p class='ocr_par' dir='ltr' id='par_1_35' title="bbox 118 2064 1673 2145">
     <span class='ocr_line' id='line_1_36' title="bbox 118 2064 1673 2145; baseline -0.007 -18"><span class='ocrx_word' id='word_1_214' title='bbox 118 2091 258 2145; x_wconf 86' lang='grc' dir='ltr'>τωρ,</span> <span class='ocrx_word' id='word_1_215' title='bbox 287 2072 382 2127; x_wconf 75' lang='grc' dir='ltr'>καὶ</span> <span class='ocrx_word' id='word_1_216' title='bbox 408 2071 470 2124; x_wconf 81' lang='grc' dir='ltr'>τὸ</span> <span class='ocrx_word' id='word_1_217' title='bbox 505 2068 679 2141; x_wconf 74' lang='grc' dir='ltr'>ὄνομά</span> <span class='ocrx_word' id='word_1_218' title='bbox 712 2086 811 2139; x_wconf 91' lang='grc' dir='ltr'><strong>μου</strong></span> <span class='ocrx_word' id='word_1_219' title='bbox 842 2066 1152 2137; x_wconf 83' lang='grc' dir='ltr'>θαυμαστὸν</span> <span class='ocrx_word' id='word_1_220' title='bbox 1183 2067 1241 2119; x_wconf 84' lang='grc' dir='ltr'>ὲν</span> <span class='ocrx_word' id='word_1_221' title='bbox 1271 2068 1385 2128; x_wconf 88' lang='grc' dir='ltr'>τοῖς</span> <span class='ocrx_word' id='word_1_222' title='bbox 1417 2064 1611 2117; x_wconf 78' lang='grc' dir='ltr'>ἔθνεσι.</span> <span class='ocrx_word' id='word_1_223' title='bbox 1655 2083 1673 2114; x_wconf 76' lang='grc' dir='ltr'><strong>ι</strong></span> 
     </span>
    </p>
   </div>
   <div class='ocr_carea' id='block_1_36' title="bbox 645 2159 1201 2214">
    <p class='ocr_par' dir='ltr' id='par_1_36' title="bbox 645 2159 1201 2214">
     <span class='ocr_line' id='line_1_37' title="bbox 645 2159 1201 2214; baseline -0.004 0"><span class='ocrx_word' id='word_1_224' title='bbox 645 2159 1039 2214; x_wconf 78' lang='grc' dir='ltr'><strong>ΚΕΦΑΛΑΙΟΝ</strong></span> <span class='ocrx_word' id='word_1_225' title='bbox 1076 2159 1201 2213; x_wconf 81' lang='lat' dir='ltr'><strong>AA&#39;.</strong></span> 
     </span>
    </p>
   </div>
   <div class='ocr_carea' id='block_1_37' title="bbox 270 2248 1569 2322">
    <p class='ocr_par' dir='ltr' id='par_1_37' title="bbox 270 2248 1569 2322">
     <span class='ocr_line' id='line_1_38' title="bbox 270 2248 1569 2322; baseline -0.006 -13"><span class='ocrx_word' id='word_1_226' title='bbox 270 2256 447 2322; x_wconf 81' lang='grc' dir='ltr'>οἵους</span> <span class='ocrx_word' id='word_1_227' title='bbox 474 2254 627 2308; x_wconf 80' lang='grc' dir='ltr'>εἶναι</span> <span class='ocrx_word' id='word_1_228' title='bbox 656 2252 773 2322; x_wconf 82' lang='grc' dir='ltr'>χρὴ</span> <span class='ocrx_word' id='word_1_229' title='bbox 804 2250 948 2317; x_wconf 84' lang='grc' dir='ltr'>τοὺς</span> <span class='ocrx_word' id='word_1_230' title='bbox 977 2248 1569 2320; x_wconf 78' lang='grc' dir='ltr'>χειροτονουμένους.</span> 
     </span>
    </p>
   </div>
   <div class='ocr_carea' id='block_1_38' title="bbox 194 2340 1711 2419">
    <p class='ocr_par' dir='ltr' id='par_1_38' title="bbox 194 2340 1711 2419">
     <span class='ocr_line' id='line_1_39' title="bbox 194 2340 1711 2419; baseline -0.006 -18"><span class='ocrx_word' id='word_1_231' title='bbox 194 2346 629 2419; x_wconf 83' lang='grc' dir='ltr'>Προχειρίσασθε</span> <span class='ocrx_word' id='word_1_232' title='bbox 672 2345 729 2398; x_wconf 88' lang='grc' dir='ltr'>δὲ</span> <span class='ocrx_word' id='word_1_233' title='bbox 772 2345 1105 2407; x_wconf 77' lang='grc' dir='ltr'>ἐπισκόπους</span> <span class='ocrx_word' id='word_1_234' title='bbox 1150 2342 1333 2407; x_wconf 81' lang='grc' dir='ltr'>ἀξίους</span> <span class='ocrx_word' id='word_1_235' title='bbox 1362 2340 1456 2394; x_wconf 91' lang='grc' dir='ltr'><strong>τοῦ</strong></span> <span class='ocrx_word' id='word_1_236' title='bbox 1485 2341 1711 2412; x_wconf 81' lang='grc' dir='ltr'>Κυρίου,</span> 
     </span>
    </p>
   </div>
   <div class='ocr_carea' id='block_1_39' title="bbox 122 2432 1713 2512">
    <p class='ocr_par' dir='ltr' id='par_1_39' title="bbox 122 2432 1713 2512">
     <span class='ocr_line' id='line_1_40' title="bbox 122 2432 1713 2512; baseline -0.005 -18"><span class='ocrx_word' id='word_1_237' title='bbox 122 2442 223 2494; x_wconf 78' lang='grc' dir='ltr'>καὶ</span> <span class='ocrx_word' id='word_1_238' title='bbox 252 2439 678 2512; x_wconf 81' lang='grc' dir='ltr'>πρεσϐυτέρους,</span> <span class='ocrx_word' id='word_1_239' title='bbox 713 2438 809 2491; x_wconf 75' lang='grc' dir='ltr'>καὶ</span> <span class='ocrx_word' id='word_1_240' title='bbox 834 2436 1131 2501; x_wconf 86' lang='grc' dir='ltr'>διακόνους,</span> <span class='ocrx_word' id='word_1_241' title='bbox 1162 2434 1362 2507; x_wconf 81' lang='grc' dir='ltr'>ἄνδρας</span> <span class='ocrx_word' id='word_1_242' title='bbox 1384 2432 1625 2497; x_wconf 81' lang='grc' dir='ltr'>εὐσεὸεῖς</span> <span class='ocrx_word' id='word_1_243' title='bbox 1644 2433 1713 2497; x_wconf 86' lang='grc'><strong>⁷⁹,</strong></span> 
     </span>
    </p>
   </div>
   <div class='ocr_carea' id='block_1_40' title="bbox 118 2525 1716 2605">
    <p class='ocr_par' dir='ltr' id='par_1_40' title="bbox 118 2525 1716 2605">
     <span class='ocr_line' id='line_1_41' title="bbox 118 2525 1716 2605; baseline -0.006 -19"><span class='ocrx_word' id='word_1_244' title='bbox 118 2533 390 2596; x_wconf 85' lang='grc' dir='ltr'>δικαίους,</span> <span class='ocrx_word' id='word_1_245' title='bbox 421 2535 640 2605; x_wconf 82' lang='grc' dir='ltr'>πραεῖς,</span> <span class='ocrx_word' id='word_1_246' title='bbox 670 2528 1111 2602; x_wconf 82' lang='grc' dir='ltr'>ἀφιλαργύρους,</span> <span class='ocrx_word' id='word_1_247' title='bbox 1147 2526 1482 2599; x_wconf 76' lang='grc' dir='ltr'>φιλαλήθεις,</span> <span class='ocrx_word' id='word_1_248' title='bbox 1510 2525 1716 2580; x_wconf 80' lang='grc' dir='ltr'>δεδοκι-</span> 
     </span>
    </p>
   </div>
   <div class='ocr_carea' id='block_1_41' title="bbox 122 2618 1715 2697">
    <p class='ocr_par' dir='ltr' id='par_1_41' title="bbox 122 2618 1715 2697">
     <span class='ocr_line' id='line_1_42' title="bbox 122 2618 1715 2697; baseline -0.006 -18"><span class='ocrx_word' id='word_1_249' title='bbox 122 2626 461 2697; x_wconf 82' lang='grc' dir='ltr'>μασμένους,</span> <span class='ocrx_word' id='word_1_250' title='bbox 515 2624 732 2690; x_wconf 86' lang='grc' dir='ltr'>ὁσίους,</span> <span class='ocrx_word' id='word_1_251' title='bbox 776 2622 1337 2695; x_wconf 86' lang='grc' dir='ltr'>ἀπροσωπολήπτους,</span> <span class='ocrx_word' id='word_1_252' title='bbox 1387 2618 1715 2689; x_wconf 87' lang='grc' dir='ltr'>δυναμένους</span> 
     </span>
    </p>
   </div>
   <div class='ocr_carea' id='block_1_42' title="bbox 117 2710 1714 2789">
    <p class='ocr_par' dir='ltr' id='par_1_42' title="bbox 117 2710 1714 2789">
     <span class='ocr_line' id='line_1_43' title="bbox 117 2710 1714 2789; baseline -0.007 -13"><span class='ocrx_word' id='word_1_253' title='bbox 117 2722 396 2776; x_wconf 73' lang='grc' dir='ltr'>διδάσκειν</span> <span class='ocrx_word' id='word_1_254' title='bbox 420 2720 514 2774; x_wconf 81' lang='grc' dir='ltr'>τὸν</span> <span class='ocrx_word' id='word_1_255' title='bbox 540 2719 699 2788; x_wconf 89' lang='grc' dir='ltr'>λόγον</span> <span class='ocrx_word' id='word_1_256' title='bbox 728 2718 830 2789; x_wconf 84' lang='grc' dir='ltr'>τῆς</span> <span class='ocrx_word' id='word_1_257' title='bbox 860 2714 1160 2779; x_wconf 75' lang='grc' dir='ltr'>εὐσεϐείας,</span> <span class='ocrx_word' id='word_1_258' title='bbox 1188 2710 1618 2785; x_wconf 84' lang='grc' dir='ltr'>όρθοτομοῦντας</span> <span class='ocrx_word' id='word_1_259' title='bbox 1656 2711 1714 2765; x_wconf 83' lang='grc' dir='ltr'><strong>έν</strong></span> 
     </span>
    </p>
   </div>
   <div class='ocr_carea' id='block_1_43' title="bbox 118 2802 1716 2885">
    <p class='ocr_par' dir='ltr' id='par_1_43' title="bbox 118 2802 1716 2885">
     <span class='ocr_line' id='line_1_44' title="bbox 118 2802 1716 2885; baseline -0.008 -18"><span class='ocrx_word' id='word_1_260' title='bbox 118 2817 241 2875; x_wconf 83' lang='grc' dir='ltr'>τοῖς</span> <span class='ocrx_word' id='word_1_261' title='bbox 265 2812 360 2866; x_wconf 86' lang='grc' dir='ltr'><strong>τοῦ</strong></span> <span class='ocrx_word' id='word_1_262' title='bbox 391 2812 596 2885; x_wconf 80' lang='grc' dir='ltr'>Κυρίου</span> <span class='ocrx_word' id='word_1_263' title='bbox 628 2810 911 2882; x_wconf 87' lang='grc' dir='ltr'>δόγμασιν.</span> <span class='ocrx_word' id='word_1_264' title='bbox 950 2808 1138 2879; x_wconf 85' lang='grc' dir='ltr'>Ὑμεῖς</span> <span class='ocrx_word' id='word_1_265' title='bbox 1181 2805 1237 2859; x_wconf 80' lang='grc' dir='ltr'>δὲ</span> <span class='ocrx_word' id='word_1_266' title='bbox 1273 2806 1471 2876; x_wconf 83' lang='grc' dir='ltr'>τιμᾶτε</span> <span class='ocrx_word' id='word_1_267' title='bbox 1494 2802 1716 2866; x_wconf 81' lang='grc' dir='ltr'>τούτους</span> 
     </span>
    </p>
   </div>
   <div class='ocr_carea' id='block_1_44' title="bbox 118 2891 1714 2978">
    <p class='ocr_par' dir='ltr' id='par_1_44' title="bbox 118 2891 1714 2978">
     <span class='ocr_line' id='line_1_45' title="bbox 118 2891 1714 2978; baseline -0.006 -17"><span class='ocrx_word' id='word_1_268' title='bbox 118 2908 199 2971; x_wconf 82' lang='grc' dir='ltr'>ὡς</span> <span class='ocrx_word' id='word_1_269' title='bbox 246 2906 513 2978; x_wconf 82' lang='grc' dir='ltr'>πατέρας,</span> <span class='ocrx_word' id='word_1_270' title='bbox 545 2904 622 2969; x_wconf 84' lang='grc' dir='ltr'><strong>ὡς</strong></span> <span class='ocrx_word' id='word_1_271' title='bbox 666 2904 912 2975; x_wconf 88' lang='grc' dir='ltr'>κυρίους,</span> <span class='ocrx_word' id='word_1_272' title='bbox 956 2901 1034 2965; x_wconf 86' lang='grc' dir='ltr'><strong>ὡς</strong></span> <span class='ocrx_word' id='word_1_273' title='bbox 1070 2899 1393 2971; x_wconf 87' lang='grc' dir='ltr'>εὐεργέτας,</span> <span class='ocrx_word' id='word_1_274' title='bbox 1423 2897 1499 2961; x_wconf 83' lang='grc' dir='ltr'>ὡς</span> <span class='ocrx_word' id='word_1_275' title='bbox 1528 2896 1623 2950; x_wconf 91' lang='grc' dir='ltr'><strong>τοῦ</strong></span> <span class='ocrx_word' id='word_1_276' title='bbox 1652 2891 1714 2951; x_wconf 76' lang='grc' dir='ltr'>εὖ</span> 
     </span>
    </p>
   </div>
   <div class='ocr_carea' id='block_1_45' title="bbox 120 2988 1712 3065">
    <p class='ocr_par' dir='ltr' id='par_1_45' title="bbox 120 2988 1712 3065">
     <span class='ocr_line' id='line_1_46' title="bbox 120 2988 1712 3065; baseline -0.008 -12"><span class='ocrx_word' id='word_1_277' title='bbox 120 2997 266 3053; x_wconf 75' lang='grc' dir='ltr'>εἶναι</span> <span class='ocrx_word' id='word_1_278' title='bbox 316 2999 545 3061; x_wconf 75' lang='grc' dir='ltr'>αἰτίους.</span> <span class='ocrx_word' id='word_1_279' title='bbox 607 2995 887 3065; x_wconf 84' lang='grc' dir='ltr'>Ἐλέγχετε</span> <span class='ocrx_word' id='word_1_280' title='bbox 925 2993 981 3046; x_wconf 87' lang='grc' dir='ltr'>δὲ</span> <span class='ocrx_word' id='word_1_281' title='bbox 1026 2991 1307 3063; x_wconf 77' lang='grc' dir='ltr'>ἀλλήλους,</span> <span class='ocrx_word' id='word_1_282' title='bbox 1356 2988 1431 3061; x_wconf 76' lang='grc' dir='ltr'>μὴ</span> <span class='ocrx_word' id='word_1_283' title='bbox 1467 2990 1525 3042; x_wconf 75' lang='grc' dir='ltr'>ἐν</span> <span class='ocrx_word' id='word_1_284' title='bbox 1552 2988 1712 3061; x_wconf 77' lang='grc' dir='ltr'>ὀργῇ,</span> 
     </span>
    </p>
   </div>
   <div class='ocr_carea' id='block_1_46' title="bbox 117 3082 1710 3162">
    <p class='ocr_par' dir='ltr' id='par_1_46' title="bbox 117 3082 1710 3162">
     <span class='ocr_line' id='line_1_47' title="bbox 117 3082 1710 3162; baseline -0.009 -16"><span class='ocrx_word' id='word_1_285' title='bbox 117 3093 239 3146; x_wconf 80' lang='grc' dir='ltr'>ἀλλ’</span> <span class='ocrx_word' id='word_1_286' title='bbox 270 3093 330 3145; x_wconf 78' lang='grc' dir='ltr'>ὲν</span> <span class='ocrx_word' id='word_1_287' title='bbox 360 3088 735 3162; x_wconf 81' lang='grc' dir='ltr'>μακροθυμίᾳ,</span> <span class='ocrx_word' id='word_1_288' title='bbox 772 3086 909 3159; x_wconf 86' lang='grc' dir='ltr'>μετὰ</span> <span class='ocrx_word' id='word_1_289' title='bbox 942 3084 1310 3157; x_wconf 86' lang='grc' dir='ltr'>χρηστότητος</span> <span class='ocrx_word' id='word_1_290' title='bbox 1340 3082 1436 3135; x_wconf 76' lang='grc' dir='ltr'>καὶ</span> <span class='ocrx_word' id='word_1_291' title='bbox 1468 3082 1710 3152; x_wconf 78' lang='grc' dir='ltr'>εἰρήνης.</span> 
     </span>
    </p>
   </div>
   <div class='ocr_carea' id='block_1_47' title="bbox 119 3173 1715 3253">
    <p class='ocr_par' dir='ltr' id='par_1_47' title="bbox 119 3173 1715 3253">
     <span class='ocr_line' id='line_1_48' title="bbox 119 3173 1715 3253; baseline -0.009 -15"><span class='ocrx_word' id='word_1_292' title='bbox 119 3186 312 3239; x_wconf 86' lang='grc' dir='ltr'>Πάντα</span> <span class='ocrx_word' id='word_1_293' title='bbox 342 3182 412 3235; x_wconf 88' lang='grc' dir='ltr'><strong>τά</strong></span> <span class='ocrx_word' id='word_1_294' title='bbox 440 3179 895 3253; x_wconf 89' lang='grc' dir='ltr'>προστεταγμένα</span> <span class='ocrx_word' id='word_1_295' title='bbox 940 3179 1069 3248; x_wconf 86' lang='grc' dir='ltr'>ύμῖν</span> <span class='ocrx_word' id='word_1_296' title='bbox 1101 3175 1206 3229; x_wconf 81' lang='grc' dir='ltr'><strong>ὐπδ</strong></span> <span class='ocrx_word' id='word_1_297' title='bbox 1234 3173 1327 3228; x_wconf 82' lang='grc' dir='ltr'><strong>τοῦ</strong></span> <span class='ocrx_word' id='word_1_298' title='bbox 1366 3173 1568 3244; x_wconf 84' lang='grc' dir='ltr'>Κυρίου</span> <span class='ocrx_word' id='word_1_299' title='bbox 1613 3190 1715 3242; x_wconf 86' lang='grc' dir='ltr'>φυ-</span> 
     </span>
    </p>
   </div>
   <div class='ocr_carea' id='block_1_48' title="bbox 1816 1974 3391 2049">
    <p class='ocr_par' dir='ltr' id='par_1_48' title="bbox 1816 1974 3391 2049">
     <span class='ocr_line' id='line_1_49' title="bbox 1816 1974 3391 2049; baseline 0.004 -21"><span class='ocrx_word' id='word_1_300' title='bbox 1816 1991 1909 2031; x_wconf 81' lang='lat' dir='ltr'><strong>rex</strong></span> <span class='ocrx_word' id='word_1_301' title='bbox 1948 1992 2179 2047; x_wconf 87' lang='lat' dir='ltr'><strong>magnus</strong></span> <span class='ocrx_word' id='word_1_302' title='bbox 2205 1992 2305 2047; x_wconf 88' lang='lat' dir='ltr'><strong>ego</strong></span> <span class='ocrx_word' id='word_1_303' title='bbox 2336 1992 2457 2031; x_wconf 92' lang='lat' dir='ltr'><strong>sum</strong></span> <span class='ocrx_word' id='word_1_304' title='bbox 2479 2018 2493 2043; x_wconf 94' lang='lat'><strong>,</strong></span> <span class='ocrx_word' id='word_1_305' title='bbox 2542 1976 2675 2030; x_wconf 88' lang='lat' dir='ltr'><strong>dicit</strong></span> <span class='ocrx_word' id='word_1_306' title='bbox 2708 1974 2971 2032; x_wconf 90' lang='lat' dir='ltr'><strong>Dominus</strong></span> <span class='ocrx_word' id='word_1_307' title='bbox 3012 1981 3391 2049; x_wconf 88' lang='lat' dir='ltr'><strong>omnipotens;</strong></span> 
     </span>
    </p>
   </div>
   <div class='ocr_carea' id='block_1_49' title="bbox 1812 2067 3193 2139">
    <p class='ocr_par' dir='ltr' id='par_1_49' title="bbox 1812 2067 3193 2139">
     <span class='ocr_line' id='line_1_50' title="bbox 1812 2067 3193 2139; baseline 0.001 -16"><span class='ocrx_word' id='word_1_308' title='bbox 1812 2076 1867 2123; x_wconf 91' lang='lat' dir='ltr'><strong>et</strong></span> <span class='ocrx_word' id='word_1_309' title='bbox 1902 2083 2101 2124; x_wconf 86' lang='lat' dir='ltr'><strong>nomen</strong></span> <span class='ocrx_word' id='word_1_310' title='bbox 2133 2084 2312 2124; x_wconf 88' lang='lat' dir='ltr'><strong>meum</strong></span> <span class='ocrx_word' id='word_1_311' title='bbox 2342 2067 2663 2123; x_wconf 87' lang='lat' dir='ltr'><strong>admirabile</strong></span> <span class='ocrx_word' id='word_1_312' title='bbox 2699 2068 2753 2122; x_wconf 91' lang='lat' dir='ltr'><strong>in</strong></span> <span class='ocrx_word' id='word_1_313' title='bbox 2787 2069 3042 2139; x_wconf 81' lang='lat' dir='ltr'><strong>gentibus</strong></span> <span class='ocrx_word' id='word_1_314' title='bbox 3073 2070 3142 2127; x_wconf 85' lang='grc'><strong>⁷⁸.</strong></span> <span class='ocrx_word' id='word_1_315' title='bbox 3174 2089 3193 2124; x_wconf 72' lang='grc' dir='ltr'><strong>ι</strong></span> 
     </span>
    </p>
   </div>
   <div class='ocr_carea' id='block_1_50' title="bbox 2373 2158 2831 2215">
    <p class='ocr_par' dir='ltr' id='par_1_50' title="bbox 2373 2158 2831 2215">
     <span class='ocr_line' id='line_1_51' title="bbox 2373 2158 2831 2215; baseline 0 0"><span class='ocrx_word' id='word_1_316' title='bbox 2373 2158 2604 2215; x_wconf 86' lang='lat' dir='ltr'><strong>CAPUT</strong></span> <span class='ocrx_word' id='word_1_317' title='bbox 2638 2158 2831 2215; x_wconf 87' lang='lat' dir='ltr'><strong>XXXI.</strong></span> 
     </span>
    </p>
   </div>
   <div class='ocr_carea' id='block_1_51' title="bbox 1993 2252 3215 2324">
    <p class='ocr_par' dir='ltr' id='par_1_51' title="bbox 1993 2252 3215 2324">
     <span class='ocr_line' id='line_1_52' title="bbox 1993 2252 3215 2324; baseline 0.006 -18"><span class='ocrx_word' id='word_1_318' title='bbox 1993 2252 2191 2320; x_wconf 79' lang='lat' dir='ltr'><strong>Quales</strong></span> <span class='ocrx_word' id='word_1_319' title='bbox 2222 2270 2334 2308; x_wconf 78' lang='lat' dir='ltr'><strong>esse</strong></span> <span class='ocrx_word' id='word_1_320' title='bbox 2361 2263 2600 2323; x_wconf 86' lang='lat' dir='ltr'><strong>oporteat</strong></span> <span class='ocrx_word' id='word_1_321' title='bbox 2632 2271 2718 2307; x_wconf 86' lang='lat' dir='ltr'><strong>eos</strong></span> <span class='ocrx_word' id='word_1_322' title='bbox 2752 2255 2843 2324; x_wconf 85' lang='lat' dir='ltr'><strong>qui</strong></span> <span class='ocrx_word' id='word_1_323' title='bbox 2875 2254 3215 2313; x_wconf 78' lang='lat' dir='ltr'><strong>ordinantur.</strong></span> 
     </span>
    </p>
   </div>
   <div class='ocr_carea' id='block_1_52' title="bbox 1884 2342 3399 2421">
    <p class='ocr_par' dir='ltr' id='par_1_52' title="bbox 1884 2342 3399 2421">
     <span class='ocr_line' id='line_1_53' title="bbox 1884 2342 3399 2421; baseline 0.005 -23"><span class='ocrx_word' id='word_1_324' title='bbox 1884 2342 2080 2416; x_wconf 88' lang='lat' dir='ltr'><strong>Eligite</strong></span> <span class='ocrx_word' id='word_1_325' title='bbox 2109 2356 2289 2401; x_wconf 88' lang='lat' dir='ltr'><strong>autem</strong></span> <span class='ocrx_word' id='word_1_326' title='bbox 2319 2345 2606 2416; x_wconf 86' lang='lat' dir='ltr'><strong>episcopos</strong></span> <span class='ocrx_word' id='word_1_327' title='bbox 2643 2346 2839 2417; x_wconf 88' lang='lat' dir='ltr'><strong>dignos</strong></span> <span class='ocrx_word' id='word_1_328' title='bbox 2882 2344 3145 2411; x_wconf 90' lang='lat' dir='ltr'><strong>Domino,</strong></span> <span class='ocrx_word' id='word_1_329' title='bbox 3179 2357 3234 2404; x_wconf 90' lang='lat' dir='ltr'><strong>et</strong></span> <span class='ocrx_word' id='word_1_330' title='bbox 3271 2365 3399 2421; x_wconf 90' lang='lat' dir='ltr'><strong>pre-</strong></span> 
     </span>
    </p>
   </div>
   <div class='ocr_carea' id='block_1_53' title="bbox 1813 2438 3394 2510">
    <p class='ocr_par' dir='ltr' id='par_1_53' title="bbox 1813 2438 3394 2510">
     <span class='ocr_line' id='line_1_54' title="bbox 1813 2438 3394 2510; baseline 0.003 -16"><span class='ocrx_word' id='word_1_331' title='bbox 1813 2439 2085 2510; x_wconf 82' lang='lat' dir='ltr'><strong>sbyteros,</strong></span> <span class='ocrx_word' id='word_1_332' title='bbox 2118 2454 2182 2492; x_wconf 89' lang='lat' dir='ltr'><strong>ac</strong></span> <span class='ocrx_word' id='word_1_333' title='bbox 2210 2438 2494 2500; x_wconf 90' lang='lat' dir='ltr'><strong>diaconos,</strong></span> <span class='ocrx_word' id='word_1_334' title='bbox 2520 2438 2667 2494; x_wconf 92' lang='lat' dir='ltr'><strong>viros</strong></span> <span class='ocrx_word' id='word_1_335' title='bbox 2695 2439 2837 2509; x_wconf 91' lang='lat' dir='ltr'><strong>pios,</strong></span> <span class='ocrx_word' id='word_1_336' title='bbox 2855 2438 3057 2509; x_wconf 86' lang='lat' dir='ltr'><strong>justos,</strong></span> <span class='ocrx_word' id='word_1_337' title='bbox 3081 2442 3259 2505; x_wconf 90' lang='lat' dir='ltr'><strong>mites,</strong></span> <span class='ocrx_word' id='word_1_338' title='bbox 3284 2459 3394 2499; x_wconf 93' lang='lat' dir='ltr'><strong>non</strong></span> 
     </span>
    </p>
   </div>
   <div class='ocr_carea' id='block_1_54' title="bbox 1813 2520 3393 2602">
    <p class='ocr_par' dir='ltr' id='par_1_54' title="bbox 1813 2520 3393 2602">
     <span class='ocr_line' id='line_1_55' title="bbox 1813 2520 3393 2602; baseline 0.003 -15"><span class='ocrx_word' id='word_1_339' title='bbox 1813 2547 2030 2592; x_wconf 88' lang='lat' dir='ltr'><strong>avaros.</strong></span> <span class='ocrx_word' id='word_1_340' title='bbox 2064 2540 2311 2586; x_wconf 85' lang='lat' dir='ltr'><strong>amantes</strong></span> <span class='ocrx_word' id='word_1_341' title='bbox 2355 2532 2600 2587; x_wconf 80' lang='lat' dir='ltr'><strong>veritatis</strong></span> <span class='ocrx_word' id='word_1_342' title='bbox 2620 2572 2641 2597; x_wconf 89' lang='lat'><strong>,</strong></span> <span class='ocrx_word' id='word_1_343' title='bbox 2673 2532 2969 2602; x_wconf 85' lang='lat' dir='ltr'><strong>probatos,</strong></span> <span class='ocrx_word' id='word_1_344' title='bbox 3001 2520 3246 2601; x_wconf 71' lang='lat' dir='ltr'><strong>sanctos,</strong></span> <span class='ocrx_word' id='word_1_345' title='bbox 3281 2553 3393 2592; x_wconf 90' lang='lat' dir='ltr'><strong>non</strong></span> 
     </span>
    </p>
   </div>
   <div class='ocr_carea' id='block_1_55' title="bbox 1814 2624 3397 2694">
    <p class='ocr_par' dir='ltr' id='par_1_55' title="bbox 1814 2624 3397 2694">
     <span class='ocr_line' id='line_1_56' title="bbox 1814 2624 3397 2694; baseline 0.004 -16"><span class='ocrx_word' id='word_1_346' title='bbox 1814 2634 2130 2693; x_wconf 87' lang='lat' dir='ltr'><strong>acceptores</strong></span> <span class='ocrx_word' id='word_1_347' title='bbox 2163 2638 2554 2693; x_wconf 81' lang='lat' dir='ltr'><strong>personarum,</strong></span> <span class='ocrx_word' id='word_1_348' title='bbox 2582 2624 2679 2694; x_wconf 90' lang='lat' dir='ltr'><strong>qui</strong></span> <span class='ocrx_word' id='word_1_349' title='bbox 2714 2625 2931 2679; x_wconf 88' lang='lat' dir='ltr'><strong>valeant</strong></span> <span class='ocrx_word' id='word_1_350' title='bbox 2959 2626 3156 2683; x_wconf 90' lang='lat' dir='ltr'><strong>docere</strong></span> <span class='ocrx_word' id='word_1_351' title='bbox 3189 2644 3397 2684; x_wconf 89' lang='lat' dir='ltr'><strong>sermo-</strong></span> 
     </span>
    </p>
   </div>
   <div class='ocr_carea' id='block_1_56' title="bbox 1814 2716 3395 2792">
    <p class='ocr_par' dir='ltr' id='par_1_56' title="bbox 1814 2716 3395 2792">
     <span class='ocr_line' id='line_1_57' title="bbox 1814 2716 3395 2792; baseline 0.003 -20"><span class='ocrx_word' id='word_1_352' title='bbox 1814 2734 1937 2772; x_wconf 88' lang='lat' dir='ltr'><strong>nem</strong></span> <span class='ocrx_word' id='word_1_353' title='bbox 1968 2716 2208 2788; x_wconf 81' lang='lat' dir='ltr'><strong>pietatis,</strong></span> <span class='ocrx_word' id='word_1_354' title='bbox 2240 2716 2337 2787; x_wconf 91' lang='lat' dir='ltr'><strong>qui</strong></span> <span class='ocrx_word' id='word_1_355' title='bbox 2377 2725 2526 2772; x_wconf 87' lang='lat' dir='ltr'><strong>recte</strong></span> <span class='ocrx_word' id='word_1_356' title='bbox 2561 2725 2749 2772; x_wconf 82' lang='lat' dir='ltr'><strong>secent</strong></span> <span class='ocrx_word' id='word_1_357' title='bbox 2786 2732 2850 2771; x_wconf 91' lang='lat' dir='ltr'><strong>ac</strong></span> <span class='ocrx_word' id='word_1_358' title='bbox 2879 2725 3117 2774; x_wconf 87' lang='lat' dir='ltr'><strong>tractent</strong></span> <span class='ocrx_word' id='word_1_359' title='bbox 3141 2718 3395 2792; x_wconf 85' lang='lat' dir='ltr'><strong>dogmata</strong></span> 
     </span>
    </p>
   </div>
   <div class='ocr_carea' id='block_1_57' title="bbox 1814 2808 3397 2881">
    <p class='ocr_par' dir='ltr' id='par_1_57' title="bbox 1814 2808 3397 2881">
     <span class='ocr_line' id='line_1_58' title="bbox 1814 2808 3397 2881; baseline 0.005 -19"><span class='ocrx_word' id='word_1_360' title='bbox 1814 2809 2048 2864; x_wconf 88' lang='lat' dir='ltr'><strong>Domini.</strong></span> <span class='ocrx_word' id='word_1_361' title='bbox 2081 2808 2191 2865; x_wconf 91' lang='lat' dir='ltr'><strong>Vos</strong></span> <span class='ocrx_word' id='word_1_362' title='bbox 2231 2824 2363 2864; x_wconf 88' lang='lat' dir='ltr'><strong>vero</strong></span> <span class='ocrx_word' id='word_1_363' title='bbox 2407 2808 2506 2866; x_wconf 89' lang='lat' dir='ltr'><strong>bos</strong></span> <span class='ocrx_word' id='word_1_364' title='bbox 2546 2809 2814 2865; x_wconf 87' lang='lat' dir='ltr'><strong>honorate</strong></span> <span class='ocrx_word' id='word_1_365' title='bbox 2873 2817 2932 2864; x_wconf 89' lang='lat' dir='ltr'><strong>ut</strong></span> <span class='ocrx_word' id='word_1_366' title='bbox 2968 2821 3175 2881; x_wconf 88' lang='lat' dir='ltr'><strong>patres,</strong></span> <span class='ocrx_word' id='word_1_367' title='bbox 3210 2823 3266 2868; x_wconf 90' lang='lat' dir='ltr'><strong>ut</strong></span> <span class='ocrx_word' id='word_1_368' title='bbox 3296 2814 3397 2870; x_wconf 84' lang='lat' dir='ltr'><strong>do-</strong></span> 
     </span>
    </p>
   </div>
   <div class='ocr_carea' id='block_1_58' title="bbox 1813 2901 3393 2973">
    <p class='ocr_par' dir='ltr' id='par_1_58' title="bbox 1813 2901 3393 2973">
     <span class='ocr_line' id='line_1_59' title="bbox 1813 2901 3393 2973; baseline 0.004 -17"><span class='ocrx_word' id='word_1_369' title='bbox 1813 2902 2015 2965; x_wconf 91' lang='lat' dir='ltr'><strong>minos,</strong></span> <span class='ocrx_word' id='word_1_370' title='bbox 2048 2910 2108 2956; x_wconf 93' lang='lat' dir='ltr'><strong>ut</strong></span> <span class='ocrx_word' id='word_1_371' title='bbox 2142 2901 2437 2967; x_wconf 89' lang='lat' dir='ltr'><strong>beneﬁcos,</strong></span> <span class='ocrx_word' id='word_1_372' title='bbox 2469 2908 2528 2955; x_wconf 90' lang='lat' dir='ltr'><strong>ut</strong></span> <span class='ocrx_word' id='word_1_373' title='bbox 2576 2910 2831 2957; x_wconf 88' lang='lat' dir='ltr'><strong>auctores</strong></span> <span class='ocrx_word' id='word_1_374' title='bbox 2874 2902 3023 2973; x_wconf 87' lang='lat' dir='ltr'><strong>quod</strong></span> <span class='ocrx_word' id='word_1_375' title='bbox 3064 2903 3203 2959; x_wconf 88' lang='lat' dir='ltr'><strong>bene</strong></span> <span class='ocrx_word' id='word_1_376' title='bbox 3235 2907 3393 2964; x_wconf 86' lang='lat' dir='ltr'><strong>estis.</strong></span> 
     </span>
    </p>
   </div>
   <div class='ocr_carea' id='block_1_59' title="bbox 1813 2996 3399 3069">
    <p class='ocr_par' dir='ltr' id='par_1_59' title="bbox 1813 2996 3399 3069">
     <span class='ocr_line' id='line_1_60' title="bbox 1813 2996 3399 3069; baseline 0.003 -20"><span class='ocrx_word' id='word_1_377' title='bbox 1813 2996 2038 3067; x_wconf 84' lang='lat' dir='ltr'><strong>Arguite</strong></span> <span class='ocrx_word' id='word_1_378' title='bbox 2065 2996 2230 3050; x_wconf 82' lang='lat' dir='ltr'><strong>etiam</strong></span> <span class='ocrx_word' id='word_1_379' title='bbox 2262 3012 2360 3051; x_wconf 89' lang='lat' dir='ltr'><strong>vos</strong></span> <span class='ocrx_word' id='word_1_380' title='bbox 2387 3004 2599 3061; x_wconf 91' lang='lat' dir='ltr'><strong>mutuo,</strong></span> <span class='ocrx_word' id='word_1_381' title='bbox 2638 3011 2748 3051; x_wconf 91' lang='lat' dir='ltr'><strong>non</strong></span> <span class='ocrx_word' id='word_1_382' title='bbox 2778 2998 2833 3051; x_wconf 91' lang='lat' dir='ltr'><strong>in</strong></span> <span class='ocrx_word' id='word_1_383' title='bbox 2865 2997 2968 3061; x_wconf 90' lang='lat' dir='ltr'><strong>ira,</strong></span> <span class='ocrx_word' id='word_1_384' title='bbox 3002 2996 3097 3052; x_wconf 85' lang='lat' dir='ltr'><strong>sed</strong></span> <span class='ocrx_word' id='word_1_385' title='bbox 3128 2998 3184 3052; x_wconf 91' lang='lat' dir='ltr'><strong>in</strong></span> <span class='ocrx_word' id='word_1_386' title='bbox 3211 3014 3399 3069; x_wconf 80' lang='lat' dir='ltr'><strong>:equa-</strong></span> 
     </span>
    </p>
   </div>
   <div class='ocr_carea' id='block_1_60' title="bbox 1813 3088 3397 3159">
    <p class='ocr_par' dir='ltr' id='par_1_60' title="bbox 1813 3088 3397 3159">
     <span class='ocr_line' id='line_1_61' title="bbox 1813 3088 3397 3159; baseline 0.002 -17"><span class='ocrx_word' id='word_1_387' title='bbox 1813 3089 2083 3153; x_wconf 87' lang='lat' dir='ltr'><strong>nimitate,</strong></span> <span class='ocrx_word' id='word_1_388' title='bbox 2117 3104 2241 3142; x_wconf 92' lang='lat' dir='ltr'><strong>eum</strong></span> <span class='ocrx_word' id='word_1_389' title='bbox 2273 3088 2610 3158; x_wconf 88' lang='lat' dir='ltr'><strong>benignitate</strong></span> <span class='ocrx_word' id='word_1_390' title='bbox 2643 3104 2706 3143; x_wconf 88' lang='lat' dir='ltr'><strong>ac</strong></span> <span class='ocrx_word' id='word_1_391' title='bbox 2748 3104 2901 3159; x_wconf 91' lang='lat' dir='ltr'><strong>pace.</strong></span> <span class='ocrx_word' id='word_1_392' title='bbox 2944 3088 3140 3143; x_wconf 86' lang='lat' dir='ltr'><strong>Omnia</strong></span> <span class='ocrx_word' id='word_1_393' title='bbox 3178 3090 3334 3145; x_wconf 87' lang='lat' dir='ltr'><strong>vobis</strong></span> <span class='ocrx_word' id='word_1_394' title='bbox 3363 3108 3397 3145; x_wconf 68' lang='grc' dir='ltr'><strong>ει</strong></span> 
     </span>
    </p>
   </div>
   <div class='ocr_carea' id='block_1_61' title="bbox 1815 3179 3392 3253">
    <p class='ocr_par' dir='ltr' id='par_1_61' title="bbox 1815 3179 3392 3253">
     <span class='ocr_line' id='line_1_62' title="bbox 1815 3179 3392 3253; baseline 0.004 -20"><span class='ocrx_word' id='word_1_395' title='bbox 1815 3180 2045 3236; x_wconf 89' lang='lat' dir='ltr'><strong>Domino</strong></span> <span class='ocrx_word' id='word_1_396' title='bbox 2071 3189 2341 3251; x_wconf 69' lang='lat' dir='ltr'><strong>praecepta</strong></span> <span class='ocrx_word' id='word_1_397' title='bbox 2386 3188 2620 3235; x_wconf 88' lang='lat' dir='ltr'><strong>servate.</strong></span> <span class='ocrx_word' id='word_1_398' title='bbox 2652 3179 2885 3253; x_wconf 86' lang='lat' dir='ltr'><strong>Vigilate</strong></span> <span class='ocrx_word' id='word_1_399' title='bbox 2919 3196 3019 3250; x_wconf 94' lang='lat' dir='ltr'><strong>pro</strong></span> <span class='ocrx_word' id='word_1_400' title='bbox 3051 3183 3161 3236; x_wconf 86' lang='lat' dir='ltr'><strong>vita</strong></span> <span class='ocrx_word' id='word_1_401' title='bbox 3189 3190 3392 3239; x_wconf 76' lang='lat' dir='ltr'><strong>vestra.</strong></span> 
     </span>
    </p>
   </div>
   <div class='ocr_carea' id='block_1_62' title="bbox 118 3235 1726 3346">
    <p class='ocr_par' dir='ltr' id='par_1_62' title="bbox 118 3235 1711 3346">
     <span class='ocr_line' id='line_1_63' title="bbox 118 3235 1711 3346; baseline -0.009 -15"><span class='ocrx_word' id='word_1_402' title='bbox 392 3235 892 3346; x_wconf 57' lang='grc' dir='ltr'>Γρηγορεῖτεύπὲρ</span> <span class='ocrx_word' id='word_1_403' title='bbox 919 3235 1022 3340; x_wconf 63' lang='grc' dir='ltr'><strong>της</strong></span> <span class='ocrx_word' id='word_1_404' title='bbox 1061 3268 1207 3338; x_wconf 79' lang='grc' dir='ltr'>ζωῆς</span> <span class='ocrx_word' id='word_1_405' title='bbox 1234 3266 1407 3338; x_wconf 90' lang='grc' dir='ltr'>ὐμῶν.</span> <span class='ocrx_word' id='word_1_406' title='bbox 1502 3235 1711 3318; x_wconf 76' lang='grc' dir='ltr'>Ἔστω-</span> 
     </span>
    </p>
   </div>
   <div class='ocr_carea' id='block_1_63' title="bbox 1824 3235 3393 3346">
    <p class='ocr_par' dir='ltr' id='par_1_63' title="bbox 1824 3272 3393 3343">
     <span class='ocr_line' id='line_1_64' title="bbox 1824 3272 3393 3343; baseline 0.004 -19"><span class='ocrx_word' id='word_1_407' title='bbox 1824 3296 1839 3324; x_wconf 87' lang='grc' dir='ltr'><strong>ι</strong></span> <span class='ocrx_word' id='word_1_408' title='bbox 1881 3273 2004 3327; x_wconf 88' lang='lat' dir='ltr'><strong>Sint</strong></span> <span class='ocrx_word' id='word_1_409' title='bbox 2029 3274 2196 3328; x_wconf 86' lang='lat' dir='ltr'><strong>lumbi</strong></span> <span class='ocrx_word' id='word_1_410' title='bbox 2230 3272 2399 3328; x_wconf 82' lang='lat' dir='ltr'><strong>vestri</strong></span> <span class='ocrx_word' id='word_1_411' title='bbox 2430 3272 2734 3343; x_wconf 70' lang='lat' dir='ltr'><strong>prtecincti,</strong></span> <span class='ocrx_word' id='word_1_412' title='bbox 2765 3281 2819 3327; x_wconf 90' lang='lat' dir='ltr'><strong>et</strong></span> <span class='ocrx_word' id='word_1_413' title='bbox 2847 3273 3083 3328; x_wconf 78' lang='lat' dir='ltr'><strong>lucerna:</strong></span> <span class='ocrx_word' id='word_1_414' title='bbox 3108 3273 3393 3341; x_wconf 85' lang='lat' dir='ltr'><strong>ardentes;</strong></span> 
     </span>
    </p>
   </div>
   <div class='ocr_carea' id='block_1_64' title="bbox 118 3358 1711 3438">
    <p class='ocr_par' dir='ltr' id='par_1_64' title="bbox 118 3358 1711 3438">
     <span class='ocr_line' id='line_1_65' title="bbox 118 3358 1711 3438; baseline -0.009 -14"><span class='ocrx_word' id='word_1_415' title='bbox 118 3390 224 3424; x_wconf 85' lang='grc' dir='ltr'><strong>σαν</strong></span> <span class='ocrx_word' id='word_1_416' title='bbox 260 3372 322 3423; x_wconf 79' lang='grc' dir='ltr'>αἱ</span> <span class='ocrx_word' id='word_1_417' title='bbox 367 3368 569 3438; x_wconf 77' lang='grc' dir='ltr'>ὀσφύες</span> <span class='ocrx_word' id='word_1_418' title='bbox 611 3365 764 3438; x_wconf 88' lang='grc' dir='ltr'>ὐμῶν</span> <span class='ocrx_word' id='word_1_419' title='bbox 814 3362 1282 3435; x_wconf 79' lang='grc' dir='ltr'>περιεζωσμέναι,</span> <span class='ocrx_word' id='word_1_420' title='bbox 1315 3360 1409 3413; x_wconf 71' lang='grc' dir='ltr'>καὶ</span> <span class='ocrx_word' id='word_1_421' title='bbox 1453 3359 1502 3411; x_wconf 82' lang='grc' dir='ltr'>οἱ</span> <span class='ocrx_word' id='word_1_422' title='bbox 1532 3358 1711 3428; x_wconf 89' lang='grc' dir='ltr'>λύχνοι</span> 
     </span>
    </p>
   </div>
   <div class='ocr_carea' id='block_1_65' title="bbox 116 3450 1711 3534">
    <p class='ocr_par' dir='ltr' id='par_1_65' title="bbox 116 3450 1711 3534">
     <span class='ocr_line' id='line_1_66' title="bbox 116 3450 1711 3534; baseline -0.009 -17"><span class='ocrx_word' id='word_1_423' title='bbox 116 3464 433 3534; x_wconf 79' lang='grc' dir='ltr'>καιόμενοι·</span> <span class='ocrx_word' id='word_1_424' title='bbox 466 3462 561 3514; x_wconf 73' lang='grc' dir='ltr'>καὶ</span> <span class='ocrx_word' id='word_1_425' title='bbox 590 3462 746 3531; x_wconf 82' lang='grc' dir='ltr'>ὐμεῖς</span> <span class='ocrx_word' id='word_1_426' title='bbox 790 3459 965 3529; x_wconf 85' lang='grc' dir='ltr'>ὅμοιοι</span> <span class='ocrx_word' id='word_1_427' title='bbox 1006 3454 1314 3527; x_wconf 86' lang='grc' dir='ltr'>ἀνθρώποις</span> <span class='ocrx_word' id='word_1_428' title='bbox 1346 3450 1711 3523; x_wconf 79' lang='grc' dir='ltr'>προσδεχομέ-</span> 
     </span>
    </p>
   </div>
   <div class='ocr_carea' id='block_1_66' title="bbox 113 3542 1712 3625">
    <p class='ocr_par' dir='ltr' id='par_1_66' title="bbox 113 3542 1712 3625">
     <span class='ocr_line' id='line_1_67' title="bbox 113 3542 1712 3625; baseline -0.009 -16"><span class='ocrx_word' id='word_1_429' title='bbox 113 3574 234 3620; x_wconf 87' lang='grc' dir='ltr'>νοις</span> <span class='ocrx_word' id='word_1_430' title='bbox 276 3555 370 3607; x_wconf 74' lang='grc' dir='ltr'><strong>τὸν</strong></span> <span class='ocrx_word' id='word_1_431' title='bbox 414 3553 603 3625; x_wconf 85' lang='grc' dir='ltr'>κύριον</span> <span class='ocrx_word' id='word_1_432' title='bbox 633 3551 861 3615; x_wconf 78' lang='grc' dir='ltr'>ἑαυτῶν,</span> <span class='ocrx_word' id='word_1_433' title='bbox 902 3549 1031 3602; x_wconf 85' lang='grc' dir='ltr'>πότε</span> <span class='ocrx_word' id='word_1_434' title='bbox 1060 3548 1199 3620; x_wconf 76' lang='grc' dir='ltr'>ἥξει,</span> <span class='ocrx_word' id='word_1_435' title='bbox 1239 3547 1479 3618; x_wconf 87' lang='grc' dir='ltr'>έσπέρας</span> <span class='ocrx_word' id='word_1_436' title='bbox 1509 3545 1541 3615; x_wconf 83' lang='grc' dir='ltr'>ἢ</span> <span class='ocrx_word' id='word_1_437' title='bbox 1568 3542 1712 3615; x_wconf 74' lang='grc' dir='ltr'>πρωῒ</span> 
     </span>
    </p>
   </div>
   <div class='ocr_carea' id='block_1_67' title="bbox 116 3634 1711 3718">
    <p class='ocr_par' dir='ltr' id='par_1_67' title="bbox 116 3634 1711 3718">
     <span class='ocr_line' id='line_1_68' title="bbox 116 3634 1711 3718; baseline -0.008 -17"><span class='ocrx_word' id='word_1_438' title='bbox 116 3648 261 3718; x_wconf 77' lang='grc'>(70),</span> <span class='ocrx_word' id='word_1_439' title='bbox 296 3645 771 3717; x_wconf 76' lang='grc' dir='ltr'>ἀλεκτοροφωνίας</span> <span class='ocrx_word' id='word_1_440' title='bbox 801 3644 834 3713; x_wconf 83' lang='grc' dir='ltr'>ἢ</span> <span class='ocrx_word' id='word_1_441' title='bbox 868 3642 1216 3714; x_wconf 84' lang='grc' dir='ltr'>μεσονυκτίου</span> <span class='ocrx_word' id='word_1_442' title='bbox 1238 3658 1250 3670; x_wconf 93' lang='grc'><strong>·</strong></span> <span class='ocrx_word' id='word_1_443' title='bbox 1284 3634 1453 3713; x_wconf 82' lang='grc' dir='ltr'>ᾖγάρ</span> <span class='ocrx_word' id='word_1_444' title='bbox 1499 3637 1618 3708; x_wconf 78' lang='grc' dir='ltr'>ὥρᾳ</span> <span class='ocrx_word' id='word_1_445' title='bbox 1649 3637 1711 3689; x_wconf 91' lang='grc' dir='ltr'><strong>οὐ</strong></span> 
     </span>
    </p>
   </div>
   <div class='ocr_carea' id='block_1_68' title="bbox 114 3726 1712 3811">
    <p class='ocr_par' dir='ltr' id='par_1_68' title="bbox 114 3726 1712 3811">
     <span class='ocr_line' id='line_1_69' title="bbox 114 3726 1712 3811; baseline -0.009 -17"><span class='ocrx_word' id='word_1_446' title='bbox 114 3740 521 3811; x_wconf 74' lang='grc' dir='ltr'>προσδοκῶσιν,</span> <span class='ocrx_word' id='word_1_447' title='bbox 580 3737 857 3790; x_wconf 80' lang='grc' dir='ltr'>ἐλεύσεται</span> <span class='ocrx_word' id='word_1_448' title='bbox 913 3736 942 3787; x_wconf 88' lang='grc' dir='ltr'><strong>ό</strong></span> <span class='ocrx_word' id='word_1_449' title='bbox 989 3734 1224 3804; x_wconf 79' lang='grc' dir='ltr'>Κύριος’</span> <span class='ocrx_word' id='word_1_450' title='bbox 1277 3731 1372 3785; x_wconf 77' lang='grc' dir='ltr'>καὶ</span> <span class='ocrx_word' id='word_1_451' title='bbox 1420 3729 1514 3782; x_wconf 86' lang='grc' dir='ltr'><strong>ὲάν</strong></span> <span class='ocrx_word' id='word_1_452' title='bbox 1562 3726 1712 3798; x_wconf 89' lang='grc' dir='ltr'><strong>αὐτῷ</strong></span> 
     </span>
    </p>
   </div>
   <div class='ocr_carea' id='block_1_69' title="bbox 112 3820 1712 3904">
    <p class='ocr_par' dir='ltr' id='par_1_69' title="bbox 112 3820 1712 3904">
     <span class='ocr_line' id='line_1_70' title="bbox 112 3820 1712 3904; baseline -0.011 -14"><span class='ocrx_word' id='word_1_453' title='bbox 112 3836 378 3900; x_wconf 82' lang='grc' dir='ltr'>ἀνοίξωσι</span> <span class='ocrx_word' id='word_1_454' title='bbox 403 3874 418 3898; x_wconf 95' lang='grc'><strong>,</strong></span> <span class='ocrx_word' id='word_1_455' title='bbox 457 3832 715 3904; x_wconf 74' lang='grc' dir='ltr'>μακάριοι</span> <span class='ocrx_word' id='word_1_456' title='bbox 745 3831 793 3883; x_wconf 90' lang='grc' dir='ltr'>οἱ</span> <span class='ocrx_word' id='word_1_457' title='bbox 829 3826 1007 3883; x_wconf 81' lang='grc' dir='ltr'>δοῦλοι</span> <span class='ocrx_word' id='word_1_458' title='bbox 1037 3828 1233 3879; x_wconf 76' lang='grc' dir='ltr'>ἐκεῖνοι</span> <span class='ocrx_word' id='word_1_459' title='bbox 1256 3863 1271 3887; x_wconf 92' lang='grc'><strong>,</strong></span> <span class='ocrx_word' id='word_1_460' title='bbox 1301 3823 1382 3876; x_wconf 85' lang='grc' dir='ltr'>ὄτι</span> <span class='ocrx_word' id='word_1_461' title='bbox 1411 3820 1712 3893; x_wconf 80' lang='grc' dir='ltr'>εὑρέθησαν</span> 
     </span>
    </p>
   </div>
   <div class='ocr_carea' id='block_1_70' title="bbox 112 3916 1713 3999">
    <p class='ocr_par' dir='ltr' id='par_1_70' title="bbox 112 3916 1713 3999">
     <span class='ocr_line' id='line_1_71' title="bbox 112 3916 1713 3999; baseline -0.007 -19"><span class='ocrx_word' id='word_1_462' title='bbox 112 3927 550 3999; x_wconf 79' lang='grc' dir='ltr'>γρηγοροῦντες·</span> <span class='ocrx_word' id='word_1_463' title='bbox 599 3925 681 3976; x_wconf 82' lang='grc' dir='ltr'>ὅτι</span> <span class='ocrx_word' id='word_1_464' title='bbox 727 3922 1111 3995; x_wconf 77' lang='grc' dir='ltr'>περιζώσεται,</span> <span class='ocrx_word' id='word_1_465' title='bbox 1161 3919 1255 3973; x_wconf 74' lang='grc' dir='ltr'>καὶ</span> <span class='ocrx_word' id='word_1_466' title='bbox 1304 3917 1578 3970; x_wconf 83' lang='grc' dir='ltr'>ἀνακλινεῖ</span> <span class='ocrx_word' id='word_1_467' title='bbox 1616 3916 1713 3969; x_wconf 84' lang='grc' dir='ltr'>αὐ-</span> 
     </span>
    </p>
   </div>
   <div class='ocr_carea' id='block_1_71' title="bbox 110 4012 1711 4088">
    <p class='ocr_par' dir='ltr' id='par_1_71' title="bbox 110 4012 1711 4088">
     <span class='ocr_line' id='line_1_72' title="bbox 110 4012 1711 4088; baseline -0.005 -18"><span class='ocrx_word' id='word_1_468' title='bbox 110 4022 266 4082; x_wconf 69' lang='grc' dir='ltr'>τοὺς,</span> <span class='ocrx_word' id='word_1_469' title='bbox 288 4019 386 4072; x_wconf 70' lang='grc' dir='ltr'>καὶ</span> <span class='ocrx_word' id='word_1_470' title='bbox 424 4015 709 4088; x_wconf 82' lang='grc' dir='ltr'>παρελθὼν</span> <span class='ocrx_word' id='word_1_471' title='bbox 734 4014 845 4085; x_wconf 78' lang='grc'><strong>(71)</strong></span> <span class='ocrx_word' id='word_1_472' title='bbox 877 4014 1185 4084; x_wconf 85' lang='grc' dir='ltr'>διακονήσει</span> <span class='ocrx_word' id='word_1_473' title='bbox 1206 4012 1409 4074; x_wconf 87' lang='grc' dir='ltr'>αὐτοῖς.</span> <span class='ocrx_word' id='word_1_474' title='bbox 1452 4030 1471 4063; x_wconf 79' lang='grc' dir='ltr'><strong>ι</strong></span> <span class='ocrx_word' id='word_1_475' title='bbox 1494 4012 1711 4082; x_wconf 81' lang='grc' dir='ltr'>Νήφετε</span> 
     </span>
    </p>
   </div>
   <div class='ocr_carea' id='block_1_72' title="bbox 106 4090 1711 4180">
    <p class='ocr_par' dir='ltr' id='par_1_72' title="bbox 107 4102 1711 4180">
     <span class='ocr_line' id='line_1_73' title="bbox 107 4102 1711 4180; baseline -0.006 -16"><span class='ocrx_word' id='word_1_476' title='bbox 107 4108 237 4173; x_wconf 64' lang='grc' dir='ltr'>οὖν,</span> <span class='ocrx_word' id='word_1_477' title='bbox 284 4111 382 4163; x_wconf 75' lang='grc' dir='ltr'><strong>καὶ</strong></span> <span class='ocrx_word' id='word_1_478' title='bbox 410 4107 779 4180; x_wconf 87' lang='grc' dir='ltr'>προσεύχεσθε</span> <span class='ocrx_word' id='word_1_479' title='bbox 815 4106 888 4177; x_wconf 86' lang='grc' dir='ltr'>μὴ</span> <span class='ocrx_word' id='word_1_480' title='bbox 937 4106 1182 4159; x_wconf 89' lang='grc' dir='ltr'>ὐπνῶσαι</span> <span class='ocrx_word' id='word_1_481' title='bbox 1228 4105 1307 4167; x_wconf 87' lang='grc' dir='ltr'><strong>είς</strong></span> <span class='ocrx_word' id='word_1_482' title='bbox 1351 4102 1615 4157; x_wconf 78' lang='grc' dir='ltr'>θάνατον’</span> <span class='ocrx_word' id='word_1_483' title='bbox 1649 4103 1711 4155; x_wconf 90' lang='grc' dir='ltr'><strong>οὐ</strong></span> 
     </span>
    </p>
   </div>
   <div class='ocr_carea' id='block_1_73' title="bbox 108 4195 1712 4275">
    <p class='ocr_par' dir='ltr' id='par_1_73' title="bbox 108 4195 1712 4275">
     <span class='ocr_line' id='line_1_74' title="bbox 108 4195 1712 4275; baseline -0.006 -19"><span class='ocrx_word' id='word_1_484' title='bbox 108 4206 229 4275; x_wconf 75' lang='grc' dir='ltr'>γὰρ</span> <span class='ocrx_word' id='word_1_485' title='bbox 257 4203 445 4272; x_wconf 82' lang='grc' dir='ltr'>ὀνήσει</span> <span class='ocrx_word' id='word_1_486' title='bbox 475 4202 619 4271; x_wconf 81' lang='grc' dir='ltr'>ὑμᾶς</span> <span class='ocrx_word' id='word_1_487' title='bbox 644 4200 715 4253; x_wconf 88' lang='grc' dir='ltr'><strong>τά</strong></span> <span class='ocrx_word' id='word_1_488' title='bbox 757 4199 1000 4271; x_wconf 89' lang='grc' dir='ltr'>πρότερα</span> <span class='ocrx_word' id='word_1_489' title='bbox 1047 4195 1447 4268; x_wconf 85' lang='grc' dir='ltr'>κατορθώματα</span> <span class='ocrx_word' id='word_1_490' title='bbox 1471 4235 1485 4258; x_wconf 94' lang='grc'><strong>,</strong></span> <span class='ocrx_word' id='word_1_491' title='bbox 1510 4195 1604 4247; x_wconf 79' lang='grc' dir='ltr'><strong>ἐὰν</strong></span> <span class='ocrx_word' id='word_1_492' title='bbox 1632 4195 1712 4258; x_wconf 85' lang='grc' dir='ltr'><strong>είς</strong></span> 
     </span>
    </p>
   </div>
   <div class='ocr_carea' id='block_1_74' title="bbox 106 4286 1712 4364">
    <p class='ocr_par' dir='ltr' id='par_1_74' title="bbox 106 4286 1712 4364">
     <span class='ocr_line' id='line_1_75' title="bbox 106 4286 1712 4364; baseline -0.006 -17"><span class='ocrx_word' id='word_1_493' title='bbox 106 4298 177 4347; x_wconf 71' lang='grc' dir='ltr'><strong>τὰ</strong></span> <span class='ocrx_word' id='word_1_494' title='bbox 230 4294 441 4364; x_wconf 72' lang='grc' dir='ltr'>ἔσχατα</span> <span class='ocrx_word' id='word_1_495' title='bbox 486 4293 638 4364; x_wconf 87' lang='grc' dir='ltr'>ὐμῶν</span> <span class='ocrx_word' id='word_1_496' title='bbox 683 4290 1107 4362; x_wconf 64' lang='grc' dir='ltr'>ἀποπλανηθῖῃε</span> <span class='ocrx_word' id='word_1_497' title='bbox 1166 4289 1268 4359; x_wconf 82' lang='grc' dir='ltr'>τῆς</span> <span class='ocrx_word' id='word_1_498' title='bbox 1330 4288 1566 4350; x_wconf 87' lang='grc' dir='ltr'>πίστεως</span> <span class='ocrx_word' id='word_1_499' title='bbox 1611 4286 1712 4357; x_wconf 79' lang='grc' dir='ltr'>τῆς</span> 
     </span>
    </p>
   </div>
   <div class='ocr_carea' id='block_1_75' title="bbox 104 4386 379 4459">
    <p class='ocr_par' dir='ltr' id='par_1_75' title="bbox 104 4386 379 4459">
     <span class='ocr_line' id='line_1_76' title="bbox 104 4386 379 4459; baseline -0.004 -18"><span class='ocrx_word' id='word_1_500' title='bbox 104 4386 379 4459; x_wconf 81' lang='grc' dir='ltr'>ἀληθοῦς.</span> 
     </span>
    </p>
   </div>
   <div class='ocr_carea' id='block_1_76' title="bbox 640 4473 1192 4531">
    <p class='ocr_par' dir='ltr' id='par_1_76' title="bbox 640 4473 1192 4531">
     <span class='ocr_line' id='line_1_77' title="bbox 640 4473 1192 4531; baseline -0.004 0"><span class='ocrx_word' id='word_1_501' title='bbox 640 4475 1036 4531; x_wconf 78' lang='grc' dir='ltr'><strong>ΚΕΦΑΛΛΙΟΝ</strong></span> <span class='ocrx_word' id='word_1_502' title='bbox 1072 4473 1192 4529; x_wconf 82' lang='lat' dir='ltr'><strong>AB’.</strong></span> 
     </span>
    </p>
   </div>
   <div class='ocr_carea' id='block_1_77' title="bbox 398 4566 1431 4639">
    <p class='ocr_par' dir='ltr' id='par_1_77' title="bbox 398 4566 1431 4639">
     <span class='ocr_line' id='line_1_78' title="bbox 398 4566 1431 4639; baseline -0.006 -14"><span class='ocrx_word' id='word_1_503' title='bbox 398 4571 733 4639; x_wconf 70' lang='grc' dir='ltr'>Πρόρῤησις</span> <span class='ocrx_word' id='word_1_504' title='bbox 760 4568 893 4637; x_wconf 74' lang='grc' dir='ltr'>περὶ</span> <span class='ocrx_word' id='word_1_505' title='bbox 922 4567 1039 4621; x_wconf 77' lang='grc' dir='ltr'>τῶν</span> <span class='ocrx_word' id='word_1_506' title='bbox 1059 4566 1431 4636; x_wconf 74' lang='grc' dir='ltr'>μελλόντων.</span> 
     </span>
    </p>
   </div>
   <div class='ocr_carea' id='block_1_78' title="bbox 195 4656 1707 4735">
    <p class='ocr_par' dir='ltr' id='par_1_78' title="bbox 195 4656 1707 4735">
     <span class='ocr_line' id='line_1_79' title="bbox 195 4656 1707 4735; baseline -0.007 -16"><span class='ocrx_word' id='word_1_507' title='bbox 195 4667 295 4719; x_wconf 81' lang='grc' dir='ltr'>Ἑν</span> <span class='ocrx_word' id='word_1_508' title='bbox 324 4664 435 4735; x_wconf 84' lang='grc' dir='ltr'><strong>γὰρ</strong></span> <span class='ocrx_word' id='word_1_509' title='bbox 468 4667 591 4727; x_wconf 86' lang='grc' dir='ltr'>ταῖς</span> <span class='ocrx_word' id='word_1_510' title='bbox 619 4662 877 4733; x_wconf 81' lang='grc' dir='ltr'>έσχάταις</span> <span class='ocrx_word' id='word_1_511' title='bbox 905 4661 1143 4733; x_wconf 81' lang='grc' dir='ltr'>ἡμέραις</span> <span class='ocrx_word' id='word_1_512' title='bbox 1169 4657 1635 4729; x_wconf 87' lang='grc' dir='ltr'>πληθυνθήσονται</span> <span class='ocrx_word' id='word_1_513' title='bbox 1656 4656 1707 4710; x_wconf 84' lang='grc' dir='ltr'><strong>οί</strong></span> 
     </span>
    </p>
   </div>
   <div class='ocr_carea' id='block_1_79' title="bbox 1736 4589 1783 4644">
    <p class='ocr_par' dir='ltr' id='par_1_79' title="bbox 1736 4589 1783 4644">
     <span class='ocr_line' id='line_1_80' title="bbox 1736 4589 1783 4644; baseline 0 0"><span class='ocrx_word' id='word_1_514' title='bbox 1736 4589 1783 4644; x_wconf 89' lang='lat' dir='ltr'><strong>D</strong></span> 
     </span>
    </p>
   </div>
   <div class='ocr_carea' id='block_1_80' title="bbox 1814 3366 3391 3436">
    <p class='ocr_par' dir='ltr' id='par_1_80' title="bbox 1814 3366 3391 3436">
     <span class='ocr_line' id='line_1_81' title="bbox 1814 3366 3391 3436; baseline -0.001 -15"><span class='ocrx_word' id='word_1_515' title='bbox 1814 3374 1868 3421; x_wconf 91' lang='lat' dir='ltr'><strong>et</strong></span> <span class='ocrx_word' id='word_1_516' title='bbox 1910 3381 2008 3421; x_wconf 90' lang='lat' dir='ltr'><strong>vos</strong></span> <span class='ocrx_word' id='word_1_517' title='bbox 2034 3366 2241 3421; x_wconf 88' lang='lat' dir='ltr'><strong>similes</strong></span> <span class='ocrx_word' id='word_1_518' title='bbox 2282 3366 2599 3421; x_wconf 90' lang='lat' dir='ltr'><strong>hominibus</strong></span> <span class='ocrx_word' id='word_1_519' title='bbox 2632 3366 3080 3436; x_wconf 80' lang='lat' dir='ltr'><strong>exspectantibus</strong></span> <span class='ocrx_word' id='word_1_520' title='bbox 3108 3366 3391 3420; x_wconf 77' lang='lat' dir='ltr'><strong>dominum</strong></span> 
     </span>
    </p>
   </div>
   <div class='ocr_carea' id='block_1_81' title="bbox 1814 3457 3389 3531">
    <p class='ocr_par' dir='ltr' id='par_1_81' title="bbox 1814 3457 3389 3531">
     <span class='ocr_line' id='line_1_82' title="bbox 1814 3457 3389 3531; baseline -0.001 -18"><span class='ocrx_word' id='word_1_521' title='bbox 1814 3474 1997 3525; x_wconf 88' lang='lat' dir='ltr'><strong>suum,</strong></span> <span class='ocrx_word' id='word_1_522' title='bbox 2032 3458 2250 3528; x_wconf 87' lang='lat' dir='ltr'><strong>quando</strong></span> <span class='ocrx_word' id='word_1_523' title='bbox 2277 3458 2478 3525; x_wconf 89' lang='lat' dir='ltr'><strong>veniet,</strong></span> <span class='ocrx_word' id='word_1_524' title='bbox 2509 3472 2736 3527; x_wconf 90' lang='lat' dir='ltr'><strong>vespere</strong></span> <span class='ocrx_word' id='word_1_525' title='bbox 2761 3473 2830 3511; x_wconf 90' lang='lat' dir='ltr'><strong>an</strong></span> <span class='ocrx_word' id='word_1_526' title='bbox 2859 3472 3040 3522; x_wconf 88' lang='lat' dir='ltr'><strong>mane,</strong></span> <span class='ocrx_word' id='word_1_527' title='bbox 3071 3457 3197 3531; x_wconf 84' lang='lat' dir='ltr'><strong>galli</strong></span> <span class='ocrx_word' id='word_1_528' title='bbox 3220 3465 3389 3511; x_wconf 78' lang='lat' dir='ltr'><strong>cantu</strong></span> 
     </span>
    </p>
   </div>
   <div class='ocr_carea' id='block_1_82' title="bbox 1814 3550 3395 3620">
    <p class='ocr_par' dir='ltr' id='par_1_82' title="bbox 1814 3550 3395 3620">
     <span class='ocr_line' id='line_1_83' title="bbox 1814 3550 3395 3620; baseline -0.003 -15"><span class='ocrx_word' id='word_1_529' title='bbox 1814 3568 1883 3605; x_wconf 86' lang='lat' dir='ltr'><strong>an</strong></span> <span class='ocrx_word' id='word_1_530' title='bbox 1918 3552 2095 3607; x_wconf 88' lang='lat' dir='ltr'><strong>media</strong></span> <span class='ocrx_word' id='word_1_531' title='bbox 2136 3558 2297 3605; x_wconf 90' lang='lat' dir='ltr'><strong>nocte</strong></span> <span class='ocrx_word' id='word_1_532' title='bbox 2332 3570 2345 3605; x_wconf 88' lang='lat'>:</span> <span class='ocrx_word' id='word_1_533' title='bbox 2376 3566 2484 3620; x_wconf 90' lang='lat' dir='ltr'><strong>qua</strong></span> <span class='ocrx_word' id='word_1_534' title='bbox 2523 3550 2669 3605; x_wconf 92' lang='lat' dir='ltr'><strong>enim</strong></span> <span class='ocrx_word' id='word_1_535' title='bbox 2718 3550 2851 3603; x_wconf 88' lang='lat' dir='ltr'><strong>hora</strong></span> <span class='ocrx_word' id='word_1_536' title='bbox 2894 3564 3004 3604; x_wconf 93' lang='lat' dir='ltr'><strong>non</strong></span> <span class='ocrx_word' id='word_1_537' title='bbox 3050 3556 3395 3619; x_wconf 79' lang='lat' dir='ltr'><strong>exspectant,</strong></span> 
     </span>
    </p>
   </div>
   <div class='ocr_carea' id='block_1_83' title="bbox 1813 3641 3391 3712">
    <p class='ocr_par' dir='ltr' id='par_1_83' title="bbox 1813 3641 3391 3712">
     <span class='ocr_line' id='line_1_84' title="bbox 1813 3641 3391 3712; baseline -0.002 -15"><span class='ocrx_word' id='word_1_538' title='bbox 1813 3646 1993 3699; x_wconf 72' lang='lat' dir='ltr'><strong>veniet</strong></span> <span class='ocrx_word' id='word_1_539' title='bbox 2043 3644 2349 3699; x_wconf 90' lang='lat' dir='ltr'><strong>Dominus:</strong></span> <span class='ocrx_word' id='word_1_540' title='bbox 2384 3652 2438 3699; x_wconf 89' lang='lat' dir='ltr'><strong>et</strong></span> <span class='ocrx_word' id='word_1_541' title='bbox 2480 3642 2531 3698; x_wconf 88' lang='lat' dir='ltr'><strong>ei</strong></span> <span class='ocrx_word' id='word_1_542' title='bbox 2579 3643 2624 3698; x_wconf 92' lang='lat' dir='ltr'><strong>si</strong></span> <span class='ocrx_word' id='word_1_543' title='bbox 2665 3641 3017 3712; x_wconf 86' lang='lat' dir='ltr'><strong>aperuerint,</strong></span> <span class='ocrx_word' id='word_1_544' title='bbox 3066 3641 3209 3696; x_wconf 87' lang='lat' dir='ltr'><strong>beati</strong></span> <span class='ocrx_word' id='word_1_545' title='bbox 3249 3642 3391 3696; x_wconf 80' lang='lat' dir='ltr'><strong>servi</strong></span> 
     </span>
    </p>
   </div>
   <div class='ocr_carea' id='block_1_84' title="bbox 1815 3735 3391 3808">
    <p class='ocr_par' dir='ltr' id='par_1_84' title="bbox 1815 3735 3391 3808">
     <span class='ocr_line' id='line_1_85' title="bbox 1815 3735 3391 3808; baseline -0.001 -18"><span class='ocrx_word' id='word_1_546' title='bbox 1815 3738 1926 3802; x_wconf 89' lang='lat' dir='ltr'><strong>illi,</strong></span> <span class='ocrx_word' id='word_1_547' title='bbox 1965 3738 2094 3808; x_wconf 89' lang='lat' dir='ltr'><strong>quia</strong></span> <span class='ocrx_word' id='word_1_548' title='bbox 2147 3737 2351 3790; x_wconf 85' lang='lat' dir='ltr'><strong>inventi</strong></span> <span class='ocrx_word' id='word_1_549' title='bbox 2400 3744 2529 3792; x_wconf 90' lang='lat' dir='ltr'><strong>sunt</strong></span> <span class='ocrx_word' id='word_1_550' title='bbox 2580 3735 2870 3805; x_wconf 82' lang='lat' dir='ltr'><strong>vigilantes</strong></span> <span class='ocrx_word' id='word_1_551' title='bbox 2903 3749 2918 3787; x_wconf 87' lang='lat'><strong>:</strong></span> <span class='ocrx_word' id='word_1_552' title='bbox 2951 3737 3209 3806; x_wconf 88' lang='lat' dir='ltr'><strong>quoniam</strong></span> <span class='ocrx_word' id='word_1_553' title='bbox 3248 3750 3391 3805; x_wconf 70' lang='lat' dir='ltr'><strong>pra!-</strong></span> 
     </span>
    </p>
   </div>
   <div class='ocr_carea' id='block_1_85' title="bbox 1814 3828 3393 3899">
    <p class='ocr_par' dir='ltr' id='par_1_85' title="bbox 1814 3828 3393 3899">
     <span class='ocr_line' id='line_1_86' title="bbox 1814 3828 3393 3899; baseline -0.001 -15"><span class='ocrx_word' id='word_1_554' title='bbox 1814 3829 1996 3899; x_wconf 81' lang='lat' dir='ltr'><strong>cinget</strong></span> <span class='ocrx_word' id='word_1_555' title='bbox 2046 3845 2124 3896; x_wconf 89' lang='lat' dir='ltr'><strong>se,</strong></span> <span class='ocrx_word' id='word_1_556' title='bbox 2166 3839 2221 3883; x_wconf 90' lang='lat' dir='ltr'><strong>et</strong></span> <span class='ocrx_word' id='word_1_557' title='bbox 2253 3829 2416 3883; x_wconf 79' lang='lat' dir='ltr'><strong>faciet</strong></span> <span class='ocrx_word' id='word_1_558' title='bbox 2468 3829 2592 3883; x_wconf 89' lang='lat' dir='ltr'><strong>illns</strong></span> <span class='ocrx_word' id='word_1_559' title='bbox 2632 3828 3001 3893; x_wconf 88' lang='lat' dir='ltr'><strong>discumbere,</strong></span> <span class='ocrx_word' id='word_1_560' title='bbox 3032 3834 3087 3881; x_wconf 89' lang='lat' dir='ltr'><strong>et</strong></span> <span class='ocrx_word' id='word_1_561' title='bbox 3115 3828 3393 3883; x_wconf 87' lang='lat' dir='ltr'><strong>transiens</strong></span> 
     </span>
    </p>
   </div>
   <div class='ocr_carea' id='block_1_86' title="bbox 1813 3919 3392 3991">
    <p class='ocr_par' dir='ltr' id='par_1_86' title="bbox 1813 3919 3392 3991">
     <span class='ocr_line' id='line_1_87' title="bbox 1813 3919 3392 3991; baseline -0.001 -15"><span class='ocrx_word' id='word_1_562' title='bbox 1813 3921 2150 3976; x_wconf 84' lang='lat' dir='ltr'><strong>ministrabit</strong></span> <span class='ocrx_word' id='word_1_563' title='bbox 2202 3921 2312 3976; x_wconf 91' lang='lat' dir='ltr'><strong>illis</strong></span> <span class='ocrx_word' id='word_1_564' title='bbox 2346 3921 2414 3976; x_wconf 75' lang='grc' dir='ltr'><strong>⁸ο.</strong></span> <span class='ocrx_word' id='word_1_565' title='bbox 2462 3941 2480 3974; x_wconf 79' lang='grc' dir='ltr'><strong>ι</strong></span> <span class='ocrx_word' id='word_1_566' title='bbox 2517 3919 2748 3991; x_wconf 82' lang='lat' dir='ltr'><strong>Vigilate</strong></span> <span class='ocrx_word' id='word_1_567' title='bbox 2799 3920 2987 3991; x_wconf 83' lang='lat' dir='ltr'><strong>igitur,</strong></span> <span class='ocrx_word' id='word_1_568' title='bbox 3033 3926 3087 3974; x_wconf 88' lang='lat' dir='ltr'><strong>et</strong></span> <span class='ocrx_word' id='word_1_569' title='bbox 3135 3927 3286 3974; x_wconf 84' lang='lat' dir='ltr'><strong>orate</strong></span> <span class='ocrx_word' id='word_1_570' title='bbox 3321 3936 3392 3975; x_wconf 88' lang='lat' dir='ltr'><strong>ne</strong></span> 
     </span>
    </p>
   </div>
   <div class='ocr_carea' id='block_1_87' title="bbox 1827 4015 3394 4086">
    <p class='ocr_par' dir='ltr' id='par_1_87' title="bbox 1827 4015 3394 4086">
     <span class='ocr_line' id='line_1_88' title="bbox 1827 4015 3394 4086; baseline -0.004 -13"><span class='ocrx_word' id='word_1_571' title='bbox 1827 4018 2117 4075; x_wconf 88' lang='lat' dir='ltr'><strong>dormiatis</strong></span> <span class='ocrx_word' id='word_1_572' title='bbox 2158 4034 2213 4075; x_wconf 80' lang='grc' dir='ltr'><strong>ιιι</strong></span> <span class='ocrx_word' id='word_1_573' title='bbox 2248 4029 2478 4074; x_wconf 90' lang='lat' dir='ltr'><strong>mortem</strong></span> <span class='ocrx_word' id='word_1_574' title='bbox 2514 4020 2583 4051; x_wconf 81' lang='grc'><strong>⁸⁸·</strong></span> <span class='ocrx_word' id='word_1_575' title='bbox 2615 4038 2629 4074; x_wconf 90' lang='lat'><strong>:</strong></span> <span class='ocrx_word' id='word_1_576' title='bbox 2670 4034 2777 4073; x_wconf 91' lang='lat' dir='ltr'><strong>non</strong></span> <span class='ocrx_word' id='word_1_577' title='bbox 2816 4018 2959 4072; x_wconf 91' lang='lat' dir='ltr'><strong>enim</strong></span> <span class='ocrx_word' id='word_1_578' title='bbox 2994 4015 3264 4086; x_wconf 74' lang='lat' dir='ltr'><strong>iuvabunt</strong></span> <span class='ocrx_word' id='word_1_579' title='bbox 3295 4029 3394 4066; x_wconf 85' lang='lat' dir='ltr'><strong>vos</strong></span> 
     </span>
    </p>
   </div>
   <div class='ocr_carea' id='block_1_88' title="bbox 1827 4108 3393 4183">
    <p class='ocr_par' dir='ltr' id='par_1_88' title="bbox 1827 4108 3393 4183">
     <span class='ocr_line' id='line_1_89' title="bbox 1827 4108 3393 4183; baseline -0.004 -18"><span class='ocrx_word' id='word_1_580' title='bbox 1827 4112 2013 4183; x_wconf 87' lang='lat' dir='ltr'><strong>priora</strong></span> <span class='ocrx_word' id='word_1_581' title='bbox 2048 4121 2191 4166; x_wconf 89' lang='lat' dir='ltr'><strong>recte</strong></span> <span class='ocrx_word' id='word_1_582' title='bbox 2219 4111 2381 4181; x_wconf 87' lang='lat' dir='ltr'><strong>facta,</strong></span> <span class='ocrx_word' id='word_1_583' title='bbox 2408 4112 2453 4167; x_wconf 92' lang='lat' dir='ltr'><strong>si</strong></span> <span class='ocrx_word' id='word_1_584' title='bbox 2477 4112 2531 4166; x_wconf 91' lang='lat' dir='ltr'><strong>in</strong></span> <span class='ocrx_word' id='word_1_585' title='bbox 2563 4110 2824 4166; x_wconf 76' lang='lat' dir='ltr'><strong>extremis</strong></span> <span class='ocrx_word' id='word_1_586' title='bbox 2851 4110 3047 4165; x_wconf 85' lang='lat' dir='ltr'><strong>vestris</strong></span> <span class='ocrx_word' id='word_1_587' title='bbox 3077 4125 3107 4163; x_wconf 91' lang='lat' dir='ltr'><strong>a</strong></span> <span class='ocrx_word' id='word_1_588' title='bbox 3132 4108 3234 4162; x_wconf 88' lang='lat' dir='ltr'><strong>ﬁde</strong></span> <span class='ocrx_word' id='word_1_589' title='bbox 3266 4120 3393 4160; x_wconf 84' lang='lat' dir='ltr'><strong>vera</strong></span> 
     </span>
    </p>
   </div>
   <div class='ocr_carea' id='block_1_89' title="bbox 1826 4201 2230 4258">
    <p class='ocr_par' dir='ltr' id='par_1_89' title="bbox 1826 4201 2230 4258">
     <span class='ocr_line' id='line_1_90' title="bbox 1826 4201 2230 4258; baseline 0.007 -3"><span class='ocrx_word' id='word_1_590' title='bbox 1826 4201 2230 4258; x_wconf 83' lang='lat' dir='ltr'><strong>aberraveritis.</strong></span> 
     </span>
    </p>
   </div>
   <div class='ocr_carea' id='block_1_90' title="bbox 2356 4464 2838 4521">
    <p class='ocr_par' dir='ltr' id='par_1_90' title="bbox 2356 4464 2838 4521">
     <span class='ocr_line' id='line_1_91' title="bbox 2356 4464 2838 4521; baseline 0 0"><span class='ocrx_word' id='word_1_591' title='bbox 2356 4464 2587 4521; x_wconf 83' lang='lat' dir='ltr'><strong>CAPUT</strong></span> <span class='ocrx_word' id='word_1_592' title='bbox 2626 4464 2838 4521; x_wconf 85' lang='lat' dir='ltr'><strong>XXXII.</strong></span> 
     </span>
    </p>
   </div>
   <div class='ocr_carea' id='block_1_91' title="bbox 2250 4558 2933 4629">
    <p class='ocr_par' dir='ltr' id='par_1_91' title="bbox 2250 4558 2933 4629">
     <span class='ocr_line' id='line_1_92' title="bbox 2250 4558 2933 4629; baseline -0.004 -15"><span class='ocrx_word' id='word_1_593' title='bbox 2250 4560 2597 4614; x_wconf 81' lang='lat' dir='ltr'><strong>Denuntiatio</strong></span> <span class='ocrx_word' id='word_1_594' title='bbox 2626 4558 2689 4613; x_wconf 87' lang='lat' dir='ltr'><strong>de</strong></span> <span class='ocrx_word' id='word_1_595' title='bbox 2718 4559 2933 4629; x_wconf 72' lang='lat' dir='ltr'><strong>futuris.</strong></span> 
     </span>
    </p>
   </div>
   <div class='ocr_carea' id='block_1_92' title="bbox 1886 4649 3387 4722">
    <p class='ocr_par' dir='ltr' id='par_1_92' title="bbox 1886 4649 3387 4722">
     <span class='ocr_line' id='line_1_93' title="bbox 1886 4649 3387 4722; baseline -0.001 -14"><span class='ocrx_word' id='word_1_596' title='bbox 1886 4654 1944 4709; x_wconf 91' lang='lat' dir='ltr'><strong>In</strong></span> <span class='ocrx_word' id='word_1_597' title='bbox 1999 4653 2205 4710; x_wconf 88' lang='lat' dir='ltr'><strong>ultimis</strong></span> <span class='ocrx_word' id='word_1_598' title='bbox 2250 4654 2397 4709; x_wconf 84' lang='lat' dir='ltr'><strong>enim</strong></span> <span class='ocrx_word' id='word_1_599' title='bbox 2446 4652 2641 4710; x_wconf 89' lang='lat' dir='ltr'><strong>diebus</strong></span> <span class='ocrx_word' id='word_1_600' title='bbox 2698 4650 3209 4722; x_wconf 89' lang='lat' dir='ltr'><strong>multiplicabuntur</strong></span> <span class='ocrx_word' id='word_1_601' title='bbox 3262 4649 3387 4707; x_wconf 80' lang='lat' dir='ltr'><strong>falsi</strong></span> 
     </span>
    </p>
   </div>
   <div class='ocr_carea' id='block_1_93' title="bbox 100 4743 1726 4829">
    <p class='ocr_par' dir='ltr' id='par_1_93' title="bbox 100 4751 1709 4829">
     <span class='ocr_line' id='line_1_94' title="bbox 100 4751 1709 4829; baseline -0.007 -17"><span class='ocrx_word' id='word_1_602' title='bbox 100 4757 562 4829; x_wconf 57' lang='grc' dir='ltr'>ᾁευδοπροφῆται</span> <span class='ocrx_word' id='word_1_603' title='bbox 592 4757 685 4809; x_wconf 79' lang='grc' dir='ltr'>καὶ</span> <span class='ocrx_word' id='word_1_604' title='bbox 713 4756 761 4809; x_wconf 84' lang='grc' dir='ltr'>οἱ</span> <span class='ocrx_word' id='word_1_605' title='bbox 794 4754 1013 4825; x_wconf 80' lang='grc' dir='ltr'>φθορεῖς</span> <span class='ocrx_word' id='word_1_606' title='bbox 1050 4752 1144 4806; x_wconf 90' lang='grc' dir='ltr'><strong>τοῦ</strong></span> <span class='ocrx_word' id='word_1_607' title='bbox 1174 4752 1332 4820; x_wconf 90' lang='grc' dir='ltr'>λόγου</span> <span class='ocrx_word' id='word_1_608' title='bbox 1355 4769 1367 4781; x_wconf 81' lang='grc'><em>’</em></span> <span class='ocrx_word' id='word_1_609' title='bbox 1402 4751 1496 4803; x_wconf 73' lang='grc' dir='ltr'>καὶ</span> <span class='ocrx_word' id='word_1_610' title='bbox 1542 4765 1709 4821; x_wconf 88' lang='grc' dir='ltr'>στρα-</span> 
     </span>
    </p>
   </div>
   <div class='ocr_carea' id='block_1_94' title="bbox 1824 4743 3387 4829">
    <p class='ocr_par' dir='ltr' id='par_1_94' title="bbox 1824 4743 3387 4817">
     <span class='ocr_line' id='line_1_95' title="bbox 1824 4743 3387 4817; baseline -0.003 -17"><span class='ocrx_word' id='word_1_611' title='bbox 1824 4747 2089 4817; x_wconf 69' lang='lat' dir='ltr'><strong>propheta:</strong></span> <span class='ocrx_word' id='word_1_612' title='bbox 2111 4754 2165 4801; x_wconf 87' lang='lat' dir='ltr'><strong>et</strong></span> <span class='ocrx_word' id='word_1_613' title='bbox 2193 4754 2544 4817; x_wconf 89' lang='lat' dir='ltr'><strong>corruptores</strong></span> <span class='ocrx_word' id='word_1_614' title='bbox 2575 4743 2885 4811; x_wconf 88' lang='lat' dir='ltr'><strong>sermonis;</strong></span> <span class='ocrx_word' id='word_1_615' title='bbox 2916 4750 2971 4797; x_wconf 91' lang='lat' dir='ltr'><strong>et</strong></span> <span class='ocrx_word' id='word_1_616' title='bbox 2998 4748 3387 4797; x_wconf 88' lang='lat' dir='ltr'><strong>convertentur</strong></span> 
     </span>
    </p>
   </div>
   <div class='ocr_carea' id='block_1_95' title="bbox 104 4843 1707 4923">
    <p class='ocr_par' dir='ltr' id='par_1_95' title="bbox 104 4843 1707 4923">
     <span class='ocr_line' id='line_1_96' title="bbox 104 4843 1707 4923; baseline -0.007 -17"><span class='ocrx_word' id='word_1_617' title='bbox 104 4858 389 4923; x_wconf 69' lang='grc' dir='ltr'>φήσονται</span> <span class='ocrx_word' id='word_1_618' title='bbox 437 4850 686 4922; x_wconf 79' lang='grc' dir='ltr'>πρόϐατα</span> <span class='ocrx_word' id='word_1_619' title='bbox 736 4851 817 4912; x_wconf 85' lang='grc' dir='ltr'><strong>είς</strong></span> <span class='ocrx_word' id='word_1_620' title='bbox 847 4847 1054 4917; x_wconf 45' lang='grc' dir='ltr'>,λύκους</span> <span class='ocrx_word' id='word_1_621' title='bbox 1084 4848 1179 4900; x_wconf 76' lang='grc' dir='ltr'>καὶ</span> <span class='ocrx_word' id='word_1_622' title='bbox 1204 4849 1237 4917; x_wconf 80' lang='grc' dir='ltr'><strong>ἡ</strong></span> <span class='ocrx_word' id='word_1_623' title='bbox 1285 4844 1473 4913; x_wconf 80' lang='grc' dir='ltr'>ἀγάπη</span> <span class='ocrx_word' id='word_1_624' title='bbox 1509 4843 1587 4906; x_wconf 83' lang='grc' dir='ltr'>εἰς</span> <span class='ocrx_word' id='word_1_625' title='bbox 1618 4844 1707 4913; x_wconf 83' lang='grc' dir='ltr'><strong>μῖ-</strong></span> 
     </span>
    </p>
   </div>
   <div class='ocr_carea' id='block_1_96' title="bbox 104 4936 1703 5012">
    <p class='ocr_par' dir='ltr' id='par_1_96' title="bbox 104 4936 1703 5012">
     <span class='ocr_line' id='line_1_97' title="bbox 104 4936 1703 5012; baseline -0.006 -16"><span class='ocrx_word' id='word_1_626' title='bbox 104 4962 241 5008; x_wconf 80' lang='grc' dir='ltr'>σος’</span> <span class='ocrx_word' id='word_1_627' title='bbox 294 4942 691 5012; x_wconf 82' lang='grc' dir='ltr'>πληθυνθείσης</span> <span class='ocrx_word' id='word_1_628' title='bbox 737 4942 845 5011; x_wconf 85' lang='grc' dir='ltr'>γὰρ</span> <span class='ocrx_word' id='word_1_629' title='bbox 876 4940 977 5009; x_wconf 78' lang='grc' dir='ltr'>τῆς</span> <span class='ocrx_word' id='word_1_630' title='bbox 1021 4938 1272 5009; x_wconf 88' lang='grc' dir='ltr'>ἀνομίας,</span> <span class='ocrx_word' id='word_1_631' title='bbox 1321 4937 1625 5007; x_wconf 73' lang='grc' dir='ltr'>ψυγήσεται</span> <span class='ocrx_word' id='word_1_632' title='bbox 1670 4936 1703 5005; x_wconf 76' lang='grc' dir='ltr'>ἡ</span> 
     </span>
    </p>
   </div>
   <div class='ocr_carea' id='block_1_97' title="bbox 100 5029 1706 5106">
    <p class='ocr_par' dir='ltr' id='par_1_97' title="bbox 100 5029 1706 5106">
     <span class='ocr_line' id='line_1_98' title="bbox 100 5029 1706 5106; baseline -0.007 -15"><span class='ocrx_word' id='word_1_633' title='bbox 100 5038 312 5106; x_wconf 71' lang='grc' dir='ltr'>ἀγάπη</span> <span class='ocrx_word' id='word_1_634' title='bbox 342 5036 449 5087; x_wconf 87' lang='grc' dir='ltr'><strong>τῶν</strong></span> <span class='ocrx_word' id='word_1_635' title='bbox 484 5034 690 5087; x_wconf 84' lang='grc' dir='ltr'>πολλῶν</span> <span class='ocrx_word' id='word_1_636' title='bbox 710 5050 722 5062; x_wconf 89' lang='grc'>·</span> <span class='ocrx_word' id='word_1_637' title='bbox 760 5034 1046 5103; x_wconf 73' lang='grc' dir='ltr'>μισήσουσι</span> <span class='ocrx_word' id='word_1_638' title='bbox 1089 5032 1197 5102; x_wconf 75' lang='grc' dir='ltr'><strong>γὰρ</strong></span> <span class='ocrx_word' id='word_1_639' title='bbox 1243 5029 1503 5100; x_wconf 82' lang='grc' dir='ltr'>ἀλλήλους</span> <span class='ocrx_word' id='word_1_640' title='bbox 1532 5030 1581 5081; x_wconf 83' lang='grc' dir='ltr'>οἱ</span> <span class='ocrx_word' id='word_1_641' title='bbox 1612 5029 1706 5083; x_wconf 82' lang='grc' dir='ltr'><strong>ἇν-</strong></span> 
     </span>
    </p>
   </div>
   <div class='ocr_carea' id='block_1_98' title="bbox 101 5119 1706 5201">
    <p class='ocr_par' dir='ltr' id='par_1_98' title="bbox 101 5119 1706 5201">
     <span class='ocr_line' id='line_1_99' title="bbox 101 5119 1706 5201; baseline -0.007 -19"><span class='ocrx_word' id='word_1_642' title='bbox 101 5131 355 5201; x_wconf 77' lang='grc' dir='ltr'>θρωποι,</span> <span class='ocrx_word' id='word_1_643' title='bbox 405 5128 497 5179; x_wconf 78' lang='grc' dir='ltr'>καὶ</span> <span class='ocrx_word' id='word_1_644' title='bbox 542 5124 822 5189; x_wconf 79' lang='grc' dir='ltr'>διώξουσι,</span> <span class='ocrx_word' id='word_1_645' title='bbox 874 5124 967 5175; x_wconf 75' lang='grc' dir='ltr'>καὶ</span> <span class='ocrx_word' id='word_1_646' title='bbox 1019 5121 1375 5193; x_wconf 81' lang='grc' dir='ltr'>προδώσουσι.</span> <span class='ocrx_word' id='word_1_647' title='bbox 1430 5122 1539 5173; x_wconf 76' lang='grc' dir='ltr'>Καὶ</span> <span class='ocrx_word' id='word_1_648' title='bbox 1586 5119 1706 5171; x_wconf 84' lang='grc' dir='ltr'>τότε</span> 
     </span>
    </p>
   </div>
   <div class='ocr_carea' id='block_1_99' title="bbox 180 5258 767 5324">
    <p class='ocr_par' dir='ltr' id='par_1_99' title="bbox 180 5258 767 5324">
     <span class='ocr_line' id='line_1_100' title="bbox 180 5258 767 5324; baseline 0.002 -13"><span class='ocrx_word' id='word_1_649' title='bbox 180 5259 235 5289; x_wconf 74' lang='grc'><strong>⁷⁸</strong></span> <span class='ocrx_word' id='word_1_650' title='bbox 269 5258 399 5311; x_wconf 74' lang='lat' dir='ltr'><strong>Mal.</strong></span> <span class='ocrx_word' id='word_1_651' title='bbox 452 5275 488 5320; x_wconf 85' lang='grc' dir='ltr'><strong>ι,</strong></span> <span class='ocrx_word' id='word_1_652' title='bbox 538 5258 626 5324; x_wconf 78' lang='grc' dir='ltr'>Η,</span> <span class='ocrx_word' id='word_1_653' title='bbox 682 5260 767 5315; x_wconf 65' lang='grc'><strong>14.</strong></span> 
     </span>
    </p>
   </div>
   <div class='ocr_carea' id='block_1_100' title="bbox 98 5329 567 5384">
    <p class='ocr_par' dir='ltr' id='par_1_100' title="bbox 98 5329 567 5384">
     <span class='ocr_line' id='line_1_101' title="bbox 98 5329 567 5384; baseline -0.002 0"><span class='ocrx_word' id='word_1_654' title='bbox 98 5334 143 5360; x_wconf 69' lang='grc' dir='ltr'>εί</span> <span class='ocrx_word' id='word_1_655' title='bbox 178 5329 389 5384; x_wconf 74' lang='lat' dir='ltr'><strong>Matth.</strong></span> <span class='ocrx_word' id='word_1_656' title='bbox 420 5344 567 5383; x_wconf 68' lang='grc' dir='ltr'>ιιιγ.</span> 
     </span>
    </p>
   </div>
   <div class='ocr_carea' id='block_1_101' title="bbox 876 5255 2003 5325">
    <p class='ocr_par' dir='ltr' id='par_1_101' title="bbox 876 5255 2003 5325">
     <span class='ocr_line' id='line_1_102' title="bbox 876 5255 2003 5325; baseline -0.004 -10"><span class='ocrx_word' id='word_1_657' title='bbox 876 5260 919 5293; x_wconf 76' lang='grc' dir='ltr'><strong>τ’</strong></span> <span class='ocrx_word' id='word_1_658' title='bbox 960 5260 1034 5322; x_wconf 87' lang='lat' dir='ltr'><strong>aI,</strong></span> <span class='ocrx_word' id='word_1_659' title='bbox 1088 5257 1358 5325; x_wconf 70' lang='grc' dir='ltr'>εὐλαϐεῖς.</span> <span class='ocrx_word' id='word_1_660' title='bbox 1417 5258 1509 5315; x_wconf 88' lang='lat' dir='ltr'><strong>Sic</strong></span> <span class='ocrx_word' id='word_1_661' title='bbox 1557 5268 1611 5315; x_wconf 90' lang='lat' dir='ltr'><strong>et</strong></span> <span class='ocrx_word' id='word_1_662' title='bbox 1657 5257 1781 5314; x_wconf 90' lang='lat' dir='ltr'><strong>cod.</strong></span> <span class='ocrx_word' id='word_1_663' title='bbox 1841 5255 2003 5311; x_wconf 89' lang='lat' dir='ltr'><strong>Vind.</strong></span> 
     </span>
    </p>
   </div>
   <div class='ocr_carea' id='block_1_102' title="bbox 1807 4834 3386 4909">
    <p class='ocr_par' dir='ltr' id='par_1_102' title="bbox 1807 4834 3386 4909">
     <span class='ocr_line' id='line_1_103' title="bbox 1807 4834 3386 4909; baseline -0.004 -15"><span class='ocrx_word' id='word_1_664' title='bbox 1807 4856 1937 4895; x_wconf 90' lang='lat' dir='ltr'><strong>oves</strong></span> <span class='ocrx_word' id='word_1_665' title='bbox 1969 4840 2023 4893; x_wconf 90' lang='lat' dir='ltr'><strong>in</strong></span> <span class='ocrx_word' id='word_1_666' title='bbox 2055 4840 2234 4909; x_wconf 90' lang='lat' dir='ltr'><strong>lupos,</strong></span> <span class='ocrx_word' id='word_1_667' title='bbox 2266 4846 2320 4893; x_wconf 90' lang='lat' dir='ltr'><strong>et</strong></span> <span class='ocrx_word' id='word_1_668' title='bbox 2369 4838 2611 4892; x_wconf 78' lang='lat' dir='ltr'><strong>Charitas</strong></span> <span class='ocrx_word' id='word_1_669' title='bbox 2658 4837 2714 4891; x_wconf 91' lang='lat' dir='ltr'><strong>in</strong></span> <span class='ocrx_word' id='word_1_670' title='bbox 2756 4836 2941 4891; x_wconf 89' lang='lat' dir='ltr'><strong>odium</strong></span> <span class='ocrx_word' id='word_1_671' title='bbox 2982 4854 2996 4890; x_wconf 89' lang='lat'>:</span> <span class='ocrx_word' id='word_1_672' title='bbox 3039 4849 3165 4889; x_wconf 83' lang='lat' dir='ltr'><strong>nam</strong></span> <span class='ocrx_word' id='word_1_673' title='bbox 3198 4834 3386 4888; x_wconf 87' lang='lat' dir='ltr'><strong>multi-</strong></span> 
     </span>
    </p>
   </div>
   <div class='ocr_carea' id='block_1_103' title="bbox 1809 4928 3379 5003">
    <p class='ocr_par' dir='ltr' id='par_1_103' title="bbox 1809 4928 3379 5003">
     <span class='ocr_line' id='line_1_104' title="bbox 1809 4928 3379 5003; baseline -0.003 -18"><span class='ocrx_word' id='word_1_674' title='bbox 1809 4934 2006 5003; x_wconf 85' lang='lat' dir='ltr'><strong>plicata</strong></span> <span class='ocrx_word' id='word_1_675' title='bbox 2037 4931 2344 5002; x_wconf 79' lang='lat' dir='ltr'><strong>iniquitate,</strong></span> <span class='ocrx_word' id='word_1_676' title='bbox 2377 4932 2693 5002; x_wconf 80' lang='lat' dir='ltr'><strong>refrigescet</strong></span> <span class='ocrx_word' id='word_1_677' title='bbox 2714 4928 2956 4984; x_wconf 81' lang='lat' dir='ltr'><strong>Charitas</strong></span> <span class='ocrx_word' id='word_1_678' title='bbox 2985 4928 3281 4981; x_wconf 90' lang='lat' dir='ltr'><strong>multorum</strong></span> <span class='ocrx_word' id='word_1_679' title='bbox 3298 4928 3341 4958; x_wconf 82' lang='grc'><strong>⁸³</strong></span> <span class='ocrx_word' id='word_1_680' title='bbox 3366 4946 3379 4981; x_wconf 91' lang='lat'><strong>:</strong></span> 
     </span>
    </p>
   </div>
   <div class='ocr_carea' id='block_1_104' title="bbox 1809 5018 3383 5083">
    <p class='ocr_par' dir='ltr' id='par_1_104' title="bbox 1809 5018 3383 5083">
     <span class='ocr_line' id='line_1_105' title="bbox 1809 5018 3383 5083; baseline -0.004 -4"><span class='ocrx_word' id='word_1_681' title='bbox 1809 5018 2020 5079; x_wconf 83' lang='lat' dir='ltr'><strong>scilicet</strong></span> <span class='ocrx_word' id='word_1_682' title='bbox 2079 5024 2331 5080; x_wconf 88' lang='lat' dir='ltr'><strong>homines</strong></span> <span class='ocrx_word' id='word_1_683' title='bbox 2383 5024 2511 5079; x_wconf 85' lang='lat' dir='ltr'><strong>odio</strong></span> <span class='ocrx_word' id='word_1_684' title='bbox 2583 5039 2643 5079; x_wconf 92' lang='lat' dir='ltr'><strong>se</strong></span> <span class='ocrx_word' id='word_1_685' title='bbox 2695 5022 2928 5077; x_wconf 88' lang='lat' dir='ltr'><strong>invicem</strong></span> <span class='ocrx_word' id='word_1_686' title='bbox 2978 5020 3285 5083; x_wconf 88' lang='lat' dir='ltr'><strong>habebunt,</strong></span> <span class='ocrx_word' id='word_1_687' title='bbox 3328 5026 3383 5074; x_wconf 86' lang='lat' dir='ltr'><strong>et</strong></span> 
     </span>
    </p>
   </div>
   <div class='ocr_carea' id='block_1_105' title="bbox 1809 5106 3377 5187">
    <p class='ocr_par' dir='ltr' id='par_1_105' title="bbox 1809 5106 3377 5187">
     <span class='ocr_line' id='line_1_106' title="bbox 1809 5106 3377 5187; baseline -0.001 -18"><span class='ocrx_word' id='word_1_688' title='bbox 1809 5124 2226 5187; x_wconf 86' lang='lat' dir='ltr'><strong>persequentur,</strong></span> <span class='ocrx_word' id='word_1_689' title='bbox 2260 5123 2315 5171; x_wconf 89' lang='lat' dir='ltr'><strong>et</strong></span> <span class='ocrx_word' id='word_1_690' title='bbox 2358 5106 2617 5186; x_wconf 80' lang='lat' dir='ltr'><strong>prodent.</strong></span> <span class='ocrx_word' id='word_1_691' title='bbox 2645 5114 2723 5170; x_wconf 83' lang='lat' dir='ltr'><strong>Ac</strong></span> <span class='ocrx_word' id='word_1_692' title='bbox 2764 5124 2896 5169; x_wconf 85' lang='lat' dir='ltr'><strong>tunc</strong></span> <span class='ocrx_word' id='word_1_693' title='bbox 2924 5113 3207 5185; x_wconf 84' lang='lat' dir='ltr'><strong>apparebit</strong></span> <span class='ocrx_word' id='word_1_694' title='bbox 3231 5111 3377 5168; x_wconf 77' lang='lat' dir='ltr'><strong>orbis</strong></span> 
     </span>
    </p>
   </div>
   <div class='ocr_carea' id='block_1_106' title="bbox 2122 5249 3378 5319">
    <p class='ocr_par' dir='ltr' id='par_1_106' title="bbox 2122 5249 3378 5319">
     <span class='ocr_line' id='line_1_107' title="bbox 2122 5249 3378 5319; baseline -0.005 -10"><span class='ocrx_word' id='word_1_695' title='bbox 2122 5255 2168 5287; x_wconf 81' lang='grc'>⁸⁸</span> <span class='ocrx_word' id='word_1_696' title='bbox 2220 5253 2354 5310; x_wconf 89' lang='lat' dir='ltr'><strong>Luc.</strong></span> <span class='ocrx_word' id='word_1_697' title='bbox 2409 5269 2525 5319; x_wconf 79' lang='lat' dir='ltr'><strong>xu,</strong></span> <span class='ocrx_word' id='word_1_698' title='bbox 2572 5256 2661 5309; x_wconf 77' lang='lat'><strong>53.</strong></span> <span class='ocrx_word' id='word_1_699' title='bbox 2755 5255 2823 5287; x_wconf 78' lang='lat'><strong>&#39;°&#39;</strong></span> <span class='ocrx_word' id='word_1_700' title='bbox 2890 5251 3058 5307; x_wconf 79' lang='lat' dir='ltr'><strong>Marc.</strong></span> <span class='ocrx_word' id='word_1_701' title='bbox 3104 5266 3202 5306; x_wconf 76' lang='lat' dir='ltr'><strong>xm</strong></span> <span class='ocrx_word' id='word_1_702' title='bbox 3231 5290 3249 5316; x_wconf 94' lang='lat'><strong>,</strong></span> <span class='ocrx_word' id='word_1_703' title='bbox 3291 5249 3378 5304; x_wconf 77' lang='grc'><strong>55.</strong></span> 
     </span>
    </p>
   </div>
   <div class='ocr_carea' id='block_1_107' title="bbox 1471 5447 2096 5512">
    <p class='ocr_par' dir='ltr' id='par_1_107' title="bbox 1471 5447 2096 5512">
     <span class='ocr_line' id='line_1_108' title="bbox 1471 5447 2096 5512; baseline 0.011 -7"><span class='ocrx_word' id='word_1_704' title='bbox 1471 5447 1833 5510; x_wconf 73' lang='lat' dir='ltr'><strong>VAIiIORUM</strong></span> <span class='ocrx_word' id='word_1_705' title='bbox 1870 5454 2096 5512; x_wconf 63' lang='lat' dir='ltr'><strong>NOTAE.</strong></span> 
     </span>
    </p>
   </div>
   <div class='ocr_carea' id='block_1_108' title="bbox 166 5568 1693 5665">
    <p class='ocr_par' dir='ltr' id='par_1_108' title="bbox 166 5568 1693 5665">
     <span class='ocr_line' id='line_1_109' title="bbox 166 5568 1693 5665; baseline -0.003 -16"><span class='ocrx_word' id='word_1_706' title='bbox 166 5595 297 5661; x_wconf 82' lang='lat'><strong>(68)</strong></span> <span class='ocrx_word' id='word_1_707' title='bbox 328 5568 637 5665; x_wconf 67' lang='grc' dir='ltr'>Κεριιμίρῦ.</span> <span class='ocrx_word' id='word_1_708' title='bbox 677 5596 730 5649; x_wconf 89' lang='grc' dir='ltr'>1.ι</span> <span class='ocrx_word' id='word_1_709' title='bbox 765 5597 934 5651; x_wconf 72' lang='lat' dir='ltr'><strong>altero</strong></span> <span class='ocrx_word' id='word_1_710' title='bbox 956 5596 1081 5653; x_wconf 89' lang='lat' dir='ltr'><strong>cod.</strong></span> <span class='ocrx_word' id='word_1_711' title='bbox 1117 5594 1279 5651; x_wconf 88' lang='lat' dir='ltr'><strong>Vind.</strong></span> <span class='ocrx_word' id='word_1_712' title='bbox 1306 5603 1389 5651; x_wconf 79' lang='lat' dir='ltr'><strong>est</strong></span> <span class='ocrx_word' id='word_1_713' title='bbox 1412 5593 1693 5665; x_wconf 78' lang='grc' dir='ltr'>κεράμιον,</span> 
     </span>
    </p>
   </div>
   <div class='ocr_carea' id='block_1_109' title="bbox 90 5670 702 5723">
    <p class='ocr_par' dir='ltr' id='par_1_109' title="bbox 90 5670 702 5723">
     <span class='ocr_line' id='line_1_110' title="bbox 90 5670 702 5723; baseline 0.007 -4"><span class='ocrx_word' id='word_1_714' title='bbox 90 5670 300 5719; x_wconf 69' lang='lat' dir='ltr'><strong>minus</strong></span> <span class='ocrx_word' id='word_1_715' title='bbox 328 5680 473 5720; x_wconf 65' lang='lat' dir='ltr'><strong>recte</strong></span> <span class='ocrx_word' id='word_1_716' title='bbox 533 5671 702 5723; x_wconf 69' lang='lat' dir='ltr'><strong>(itm.</strong></span> 
     </span>
    </p>
   </div>
   <div class='ocr_carea' id='block_1_110' title="bbox 168 5736 1686 5808">
    <p class='ocr_par' dir='ltr' id='par_1_110' title="bbox 168 5736 1686 5808">
     <span class='ocr_line' id='line_1_111' title="bbox 168 5736 1686 5808; baseline 0.007 -17"><span class='ocrx_word' id='word_1_717' title='bbox 168 5737 297 5797; x_wconf 71' lang='grc'>(69)</span> <span class='ocrx_word' id='word_1_718' title='bbox 343 5736 532 5805; x_wconf 69' lang='grc' dir='ltr'>ἠιᾶς.</span> <span class='ocrx_word' id='word_1_719' title='bbox 569 5741 715 5795; x_wconf 71' lang='lat' dir='ltr'><strong>Alter</strong></span> <span class='ocrx_word' id='word_1_720' title='bbox 760 5740 925 5797; x_wconf 75' lang='lat' dir='ltr'><strong>codex</strong></span> <span class='ocrx_word' id='word_1_721' title='bbox 964 5739 1274 5797; x_wconf 85' lang='lat' dir='ltr'><strong>Vindobon.</strong></span> <span class='ocrx_word' id='word_1_722' title='bbox 1316 5737 1477 5793; x_wconf 85' lang='lat' dir='ltr'><strong>habet</strong></span> <span class='ocrx_word' id='word_1_723' title='bbox 1520 5737 1686 5808; x_wconf 76' lang='grc' dir='ltr'>ἡμᾶς.</span> 
     </span>
    </p>
   </div>
   <div class='ocr_carea' id='block_1_111' title="bbox 86 5808 553 5878">
    <p class='ocr_par' dir='ltr' id='par_1_111' title="bbox 86 5808 553 5878">
     <span class='ocr_line' id='line_1_112' title="bbox 86 5808 553 5878; baseline 0.002 -16"><span class='ocrx_word' id='word_1_724' title='bbox 86 5824 263 5878; x_wconf 69' lang='lat' dir='ltr'><strong>atque</strong></span> <span class='ocrx_word' id='word_1_725' title='bbox 295 5808 452 5863; x_wconf 69' lang='lat' dir='ltr'><strong>bene.</strong></span> <span class='ocrx_word' id='word_1_726' title='bbox 485 5809 553 5863; x_wconf 85' lang='lat' dir='ltr'><strong>In.</strong></span> 
     </span>
    </p>
   </div>
   <div class='ocr_carea' id='block_1_112' title="bbox 1876 5594 3377 5676">
    <p class='ocr_par' dir='ltr' id='par_1_112' title="bbox 1876 5594 3377 5676">
     <span class='ocr_line' id='line_1_113' title="bbox 1876 5594 3377 5676; baseline 0.008 -29"><span class='ocrx_word' id='word_1_727' title='bbox 1876 5594 1988 5676; x_wconf 69' lang='grc'>(70)</span> <span class='ocrx_word' id='word_1_728' title='bbox 2011 5595 2379 5676; x_wconf 37' lang='grc' dir='ltr'>ΠρωΐηΑάᾀίι</span> <span class='ocrx_word' id='word_1_729' title='bbox 2408 5595 2577 5651; x_wconf 81' lang='lat' dir='ltr'><strong>codex</strong></span> <span class='ocrx_word' id='word_1_730' title='bbox 2610 5596 2770 5652; x_wconf 89' lang='lat' dir='ltr'><strong>Vind.</strong></span> <span class='ocrx_word' id='word_1_731' title='bbox 2812 5600 2869 5671; x_wconf 70' lang='grc' dir='ltr'>ἦ,</span> <span class='ocrx_word' id='word_1_732' title='bbox 2911 5618 3081 5670; x_wconf 84' lang='lat' dir='ltr'><strong>mane,</strong></span> <span class='ocrx_word' id='word_1_733' title='bbox 3119 5614 3213 5658; x_wconf 80' lang='lat' dir='ltr'><strong>aut</strong></span> <span class='ocrx_word' id='word_1_734' title='bbox 3241 5605 3377 5676; x_wconf 61' lang='lat' dir='ltr'><strong>galli</strong></span> 
     </span>
    </p>
   </div>
   <div class='ocr_carea' id='block_1_113' title="bbox 1800 5668 2376 5726">
    <p class='ocr_par' dir='ltr' id='par_1_113' title="bbox 1800 5668 2376 5726">
     <span class='ocr_line' id='line_1_114' title="bbox 1800 5668 2376 5726; baseline 0.007 -9"><span class='ocrx_word' id='word_1_735' title='bbox 1800 5674 1983 5726; x_wconf 80' lang='lat' dir='ltr'><strong>cantu,</strong></span> <span class='ocrx_word' id='word_1_736' title='bbox 2010 5674 2123 5726; x_wconf 85' lang='lat' dir='ltr'><strong>aut,</strong></span> <span class='ocrx_word' id='word_1_737' title='bbox 2158 5674 2264 5722; x_wconf 82' lang='lat' dir='ltr'><strong>etc.</strong></span> <span class='ocrx_word' id='word_1_738' title='bbox 2302 5668 2376 5721; x_wconf 80' lang='lat' dir='ltr'><strong>In.</strong></span> 
     </span>
    </p>
   </div>
   <div class='ocr_carea' id='block_1_114' title="bbox 1872 5732 3373 5820">
    <p class='ocr_par' dir='ltr' id='par_1_114' title="bbox 1872 5732 3373 5820">
     <span class='ocr_line' id='line_1_115' title="bbox 1872 5732 3373 5820; baseline 0.011 -32"><span class='ocrx_word' id='word_1_739' title='bbox 1872 5736 2117 5820; x_wconf 74' lang='lat' dir='ltr'><strong>(7I)_Kai</strong></span> <span class='ocrx_word' id='word_1_740' title='bbox 2163 5737 2759 5820; x_wconf 50' lang='lat' dir='ltr'><strong>grape.10§ir:,_ete._H@</strong></span> <span class='ocrx_word' id='word_1_741' title='bbox 2809 5750 2859 5797; x_wconf 89' lang='lat' dir='ltr'><strong>et</strong></span> <span class='ocrx_word' id='word_1_742' title='bbox 2902 5732 3028 5801; x_wconf 59' lang='lat' dir='ltr'><strong>dua</strong></span> <span class='ocrx_word' id='word_1_743' title='bbox 3080 5757 3373 5819; x_wconf 72' lang='lat' dir='ltr'><strong>sequcntes</strong></span> 
     </span>
    </p>
   </div>
   <div class='ocr_carea' id='block_1_115' title="bbox 1801 5807 2802 5867">
    <p class='ocr_par' dir='ltr' id='par_1_115' title="bbox 1801 5807 2802 5867">
     <span class='ocr_line' id='line_1_116' title="bbox 1801 5807 2802 5867; baseline 0.006 -8"><span class='ocrx_word' id='word_1_744' title='bbox 1801 5822 1961 5864; x_wconf 87' lang='lat' dir='ltr'><strong>voces</strong></span> <span class='ocrx_word' id='word_1_745' title='bbox 1990 5807 2188 5865; x_wconf 88' lang='lat' dir='ltr'><strong>desunt</strong></span> <span class='ocrx_word' id='word_1_746' title='bbox 2219 5810 2274 5865; x_wconf 91' lang='lat' dir='ltr'><strong>in</strong></span> <span class='ocrx_word' id='word_1_747' title='bbox 2305 5809 2426 5865; x_wconf 88' lang='lat' dir='ltr'><strong>cod.</strong></span> <span class='ocrx_word' id='word_1_748' title='bbox 2461 5808 2691 5867; x_wconf 82' lang='lat' dir='ltr'><strong>Vindob.</strong></span> <span class='ocrx_word' id='word_1_749' title='bbox 2724 5810 2802 5866; x_wconf 77' lang='lat' dir='ltr'><strong>In.</strong></span> 
     </span>
    </p>
   </div>
  </div>
