3946 6334
186 306 332 363 1025

1054 310 1660 373 CONSTITUTIONES
1693 316 2171 376 APOSTOLICE.
2207 353 2273 361 -—
2308 322 2436 382 LIB.
2474 323 2570 379 γη.

3320 325 3453 385 1026

177 426 336 488 θείας
370 423 708 497 ἀνερχομένη
731 464 746 489 ,
787 426 889 497 τῆς
929 428 1229 500 μελλούσης
1263 430 1473 502 τροφῆς
1509 431 1556 462 ’δ
1590 430 1769 495 δεξιὰν

1875 432 2193 489 deliciarum
2222 435 2505 492 dexteram
2532 436 2854 509 prehendit;
2883 437 3045 493 simul
3074 445 3129 494 et
3154 448 3447 512 antequam

176 513 594 586 ἀπολαμϐάνει·
648 514 765 587 ἅμα
806 520 900 571 καὶ
945 520 1053 591 πρὸ
1099 522 1194 574 τοῦ
1246 523 1594 593 παραστῆναι
1640 524 1771 578 ὑπό-

179 616 367 679 σχεσιν
397 605 509 678 (78)
537 607 637 679 τῆς
658 609 1096 679 παλιγγενεσίας,
1124 614 1262 687 αὐτὴ
1294 616 1328 687 ή
1359 614 1506 686 ψυχὴ
1530 618 1595 687 τῇ
1623 616 1772 669 ἐλπί-

174 698 231 752 δι
263 700 615 772 γαυρουμένη
641 701 1011 773 εὐφραίνεται,
1048 704 1139 770 Ἐξ
1160 707 1413 778 ὑπαρχῆς
1443 708 1491 739 ’⁸
1520 707 1649 780 γὰρ,
1675 708 1769 763 τοῦ

178 792 531 864 προπάτορος
561 793 718 863 ήμῶν
758 794 1008 868 Ἀὖραὰμ
1032 798 1498 869 μεταπονουμένου
1528 800 1628 871 τὴν
1655 800 1772 854 ὁδὸν

173 885 276 957 τῆς
310 883 585 954 ἀληθείας,
626 887 991 960 ὀραματισμῷ
1041 890 1346 963 ὡδήγησας,
1392 891 1629 961 διδάξας,
1667 894 1770 949 ὅτι

172 976 315 1029 ποτέ
343 979 491 1030 ἔστιν
512 978 541 1031 ὁ
568 976 703 1032 αίὼν
730 975 886 1044 οὗτος
908 997 921 1010 ο
958 982 1052 1035 καὶ
1080 984 1180 1054 τῆς
1212 982 1311 1054 μὲν
1342 984 1581 1049 πίστεως
1605 987 1769 1040 αὐτοῦ

172 1067 521 1140 προώδευσεν
551 1071 585 1141 ή
606 1070 807 1139 γνῶσις
842 1072 978 1143 (79),
1003 1073 1103 1145 τῆς
1133 1075 1190 1128 δὲ
1208 1074 1462 1144 γνώσεως
1481 1077 1770 1143 ἀκόλουθος

170 1161 403 1231 γέγονεν
438 1164 473 1233 ή
521 1162 723 1231 πίστις,
780 1166 880 1237 τῆς
920 1166 978 1219 δὲ
1021 1167 1257 1232 πίστεως
1297 1164 1367 1240 ῆν
1401 1170 1771 1244 ἐπακολούθη-

176 1274 261 1328 μα
288 1256 401 1329 (80)
429 1259 462 1329 ή
498 1257 740 1329 συνθήκη
762 1274 775 1288 ·
809 1253 970 1322 εἴπας
1004 1258 1113 1331 γάρ
1142 1276 1156 1288 -
1196 1279 1214 1311 ι
1264 1261 1481 1331 Ποιήσω
1509 1262 1570 1315 τὸ
1604 1262 1770 1335 σπέρ-

176 1368 259 1421 μα
306 1366 401 1403 σου
442 1350 520 1415 ὡς
561 1352 689 1415 τοὺς
733 1351 971 1424 ἀστέρας
1014 1352 1111 1405 τοῦ
1139 1353 1393 1425 ούρανοῦ,
1440 1354 1534 1407 καὶ
1566 1355 1641 1418 ὡς
1668 1357 1768 1426 τὴν

170 1443 363 1515 ἄμμον
406 1444 507 1515 τὴν
537 1443 688 1515 παρὰ
726 1444 789 1498 τὸ
820 1446 997 1516 χεῖλος
1039 1447 1140 1517 τῆς
1172 1446 1467 1518 θαλάσσης.
1528 1466 1546 1500 ι
1611 1448 1769 1503 Ἀλλὰ

175 1536 287 1608 μὴν
317 1537 411 1589 καὶ
446 1536 538 1589 τὸν
597 1537 782 1591 Ἰσαὰκ
819 1537 966 1609 αύτῷ
1002 1538 1410 1610 δωρησάμενος,
1446 1541 1540 1593 καὶ
1585 1542 1768 1611 ὅμοιον

171 1627 343 1680 αὑτὸν
373 1627 531 1692 είδὼς
555 1629 765 1682 ἐκείνου
789 1630 867 1701 τῷ
896 1630 1104 1701 τρόπῳ,
1146 1632 1241 1684 καὶ
1269 1632 1434 1684 αὐτοῦ
1461 1632 1769 1705 ἐπεκλήθης

169 1719 331 1788 Θεὸς,
357 1720 527 1775 εἰπών
556 1738 572 1753 ο
611 1741 630 1775 ι
646 1722 880 1793 Ἔσομαί
906 1740 1000 1777 σου
1027 1724 1177 1792 Θεὸς,
1204 1726 1300 1779 καὶ
1326 1726 1421 1779 τοῦ
1457 1726 1769 1798 σπέρματός

1873 527 2215 596 promissum
2248 528 2458 582 iterata:
2504 544 2606 599 per
2653 529 3113 585 resurrectionem
3150 530 3451 587 nativitatis

1871 626 2184 689 praestetur,
2234 620 2349 689 ipsa
2388 620 2570 674 anima
2618 635 2715 690 spe
2756 621 3039 676 exsultans
3087 621 3317 677 laatatur.
3366 622 3451 677 Ab

1870 712 2028 766 initio
2060 711 2228 775 enim,
2268 711 2615 782 progenitore
2656 718 2848 767 nostro
2888 711 3200 767 Abrahamo
3229 713 3275 744 "
3304 713 3449 767 viam

1869 804 2117 859 veritatis
2140 792 2480 874 capessente,
2509 818 2631 858 eum
2656 804 2972 873 apparendo
2994 804 3222 867 duxisti,
3245 804 3452 861 docens

1869 898 2130 967 quidnam
2165 905 2313 952 esset
2346 898 2447 951 hoc
2478 896 2739 952 smculum
2766 915 2778 950 :
2812 904 2865 951 et
2896 897 3042 951 illius
3074 898 3295 968 quidem
3326 897 3448 952 fidei

1869 991 2083 1060 prmivit
2112 990 2375 1061 cognitio,
2414 989 2714 1060 cognitioni
2746 996 2926 1044 autem
2960 1004 3305 1060 consequens
3350 990 3452 1046 fuit

1870 1083 2043 1144 fides,
2100 1081 2225 1135 fidei
2288 1096 2422 1135 vero
2477 1081 2871 1152 consequentia
2922 1082 3134 1136 exstitit
3198 1092 3446 1151 pactum;

1868 1172 2055 1227 dixisti
2086 1172 2228 1227 enim
2272 1191 2286 1227 :
2336 1194 2354 1222 ι
2407 1171 2625 1226 Faciam
2658 1187 2847 1226 semen
2878 1180 3032 1225 tuum
3066 1171 3211 1226 sicut
3259 1172 3450 1226 stellas

1868 1264 2015 1331 εαξη,
2047 1270 2099 1317 et
2128 1263 2273 1319 sicut
2301 1277 2523 1316 arenam
2555 1278 2677 1333 quae
2705 1269 2790 1317 est
2819 1262 2873 1315 in
2904 1261 3085 1315 littore
3125 1260 3295 1314 maris
3317 1260 3383 1314 ".
3423 1277 3444 1312 υ

1868 1354 1977 1413 Sed
2005 1366 2059 1411 et
2087 1355 2331 1412 lsaacum
2365 1357 2441 1410 illi
2470 1357 2705 1419 donans,
2740 1358 3034 1425 sciensque
3064 1371 3189 1410 eum
3216 1354 3294 1408 illi
3325 1368 3448 1407 mo-

1868 1448 2023 1501 ribus
2046 1447 2301 1508 similem,
2341 1447 2464 1516 ejus
2495 1464 2712 1519 quoque
2744 1447 2888 1502 Deus
2918 1448 3221 1519 appellatus
3251 1461 3334 1508 es,
3360 1446 3449 1499 di-

1869 1556 2001 1595 cens
2036 1559 2049 1594 :
2088 1558 2105 1591 ι
2143 1539 2250 1594 Ero
2281 1540 2422 1596 Deus
2446 1548 2597 1605 tuus,
2625 1547 2679 1595 et
2709 1542 2938 1597 seminis
2974 1540 3053 1593 tui
3086 1546 3209 1609 post
3240 1548 3293 1593 te
3322 1538 3388 1592 ".
3424 1556 3445 1591 ι

1867 1631 2032 1701 Atqui
2063 1647 2189 1686 cum
2233 1640 2387 1702 pater
2423 1646 2611 1688 noster
2652 1630 2890 1687 Jacobus
2919 1633 2973 1685 in
3006 1630 3450 1700 Mesopotamiam

1871 1725 1994 1787 iret,
2042 1742 2137 1796 per
2177 1725 2455 1780 Christum
2488 1741 2648 1796 quem
2693 1726 2740 1781 ei
2774 1724 3084 1787 ostendisti,
3116 1724 3331 1778 loeutus
3366 1738 3447 1785 es,

170 1829 270 1865 σου
300 1813 443 1884 μετὰ
482 1814 563 1867 σέ.
620 1833 639 1866 ι
684 1815 797 1869 Kal.
836 1814 932 1869 τοῦ
983 1818 1189 1888 πατρὸς
1228 1818 1385 1890 ήμῶν
1446 1818 1638 1873 Ἰακὼὸ
1678 1821 1769 1873 ἐπὶ

1875 1818 2063 1874 dicens
2102 1838 2115 1873 :
2155 1836 2173 1869 ι
2209 1818 2348 1874 Ecce
2394 1833 2496 1889 ego
2536 1834 2657 1874 sum
2702 1826 2912 1883 tecum;
2942 1826 2998 1872 et
3040 1816 3248 1886 augebo
3288 1823 3359 1879 te,
3396 1822 3451 1868 et

168 1906 603 1978 Μεσοποταμίαν
630 1908 1005 1980 στελλομένου,
1034 1910 1214 1976 δείξας
1257 1911 1351 1965 τὸν
1396 1912 1651 1985 Χριστὸν,
1691 1913 1767 1967 δι’

168 1999 343 2054 αὐτοῦ
387 2000 674 2073 ὲλάλησας,
714 2002 883 2057 είπών
905 2020 920 2035 ο
958 2023 977 2055 ι
1028 2004 1158 2057 Ἰδοὺ
1190 2005 1301 2073 ἐγώ
1333 2008 1446 2078 είμι
1481 2006 1620 2077 μετὰ
1648 2006 1765 2075 σοῦ,

164 2092 272 2147 καὶ
299 2092 515 2159 αύξανῶ
534 2112 613 2164 σε,
641 2098 735 2151 καὶ
760 2096 1016 2169 πληθυνῶ
1044 2115 1103 2151 σε
1136 2098 1361 2172 σφόδρα.
1400 2119 1419 2151 ι
1453 2100 1564 2152 Καὶ
1595 2099 1769 2165 οὕτως

166 2182 339 2252 εἶπας
367 2187 769 2263 πρὸςςΜωῦσῆν
800 2190 893 2244 τὸν
927 2189 1116 2244 πιστὸν
1145 2191 1240 2244 καὶ
1272 2190 1427 2261 ἅγιόν
1473 2209 1566 2245 σου
1607 2191 1769 2264 θερά-

165 2296 371 2346 ποντα,
397 2281 486 2334 ὲπὶ
515 2282 615 2353 τῆς
643 2282 909 2347 ὀπτασίας
940 2284 1041 2353 τῆς
1070 2282 1262 2352 βάτου⁸
1310 2302 1330 2335 ι
1400 2281 1540 2353 Ἐγώ
1581 2286 1698 2354 εἰμι
1740 2285 1770 2337 ὁ

1867 1911 2241 1981 multiplicabo
2259 1918 2313 1965 te
2360 1910 2517 1966 valde
2537 1911 2603 1966 θ’.
2648 1929 2667 1963 ι
2702 1909 2766 1963 Et
2796 1908 2969 1981 Moysi
2998 1908 3140 1963 fideli
3166 1922 3230 1961 ac
3257 1913 3451 1962 saneto

1869 2004 2072 2059 famulo
2096 2014 2189 2059 tuo
2218 2006 2297 2059 sic
2327 2004 2534 2069 dixisti,
2563 2005 2619 2059 in
2650 2004 2770 2057 rubi
2800 2004 2917 2057 viso
2944 2021 2958 2058 :
2998 2019 3016 2053 ι
3048 2000 3160 2070 Ego
3190 2014 3311 2055 sum
3354 1998 3450 2067 qui

1866 2112 2008 2151 sum.
2045 2096 2160 2151 Hoc
2190 2096 2322 2151 mihi
2355 2112 2552 2151 nomen
2578 2106 2660 2151 est
2694 2102 2983 2161 aeternum,
3034 2101 3089 2148 et
3135 2090 3452 2146 memoriale

1866 2189 2311 2259 generationibus
2365 2188 2783 2258 generatiouum
2850 2186 2941 2240 η’.
3001 2203 3021 2238 ι
3071 2182 3452 2253 Propugnator

1867 2281 2085 2350 generis
2108 2278 2422 2342 Abrahami,
2451 2279 2773 2334 benedictus
2802 2293 2865 2333 es
2895 2277 2951 2331 in
2979 2275 3200 2331 saecula.

166 2371 252 2425 ὢν
278 2387 295 2403 ο
326 2371 482 2426 τοῦτό
516 2391 606 2445 μοι
630 2372 801 2445 ὄνομά
825 2375 972 2429 ἐστιν
1010 2376 1246 2443 αἰώνιον,
1278 2378 1371 2431 καὶ
1410 2378 1753 2448 μνημόσυνον
1785 2378 1999 2446 γενεαῖς
2051 2375 2275 2444 γενεῶν.
2321 2393 2341 2425 ι
2398 2374 2714 2445 ’Υπέρμαχε
2755 2373 2946 2443 γένους
2991 2370 3260 2443 Ἁϐραάμ,
3300 2366 3451 2421 εὐλο-

164 2462 342 2536 γητὸς
368 2462 421 2518 εἴ
447 2467 529 2531 είς
553 2466 683 2531 τοὺς
716 2467 937 2531 αίῶνας.

686 2558 1087 2614 ΚΕΦΑΛΑΙΟΝ
1126 2563 1248 2615 AA'.

220 2648 545 2719 Προσευχὴ
573 2648 964 2721 ἐξαττελτικὴ
994 2652 1382 2724 δημιουργίας
1400 2653 1708 2724 διαφόρου.

243 2741 552 2813 Εὐλογητὸς
587 2739 657 2811 εἷ,
697 2744 869 2815 Κύριε
902 2744 1123 2816 βασιλεῦ
1154 2747 1263 2800 τῶν
1311 2745 1522 2801 αίώνων
1550 2764 1566 2779 ·
1609 2748 1639 2800 ὁ
1677 2748 1768 2803 διὰ

106 2866 119 2877 -
167 2833 411 2906 Χριστοῦ
435 2839 669 2908 ποιήσας
703 2836 772 2889 τὰ
802 2837 921 2904 ὅλα,
953 2837 1049 2891 καὶ
1076 2838 1153 2891 δι’
1187 2839 1351 2892 αὑτοῦ
1388 2841 1446 2893 ὲν
1480 2840 1623 2914 ἀρχῇ
1672 2859 1768 2897 κο-

165 2928 392 2999 σμήσας
419 2929 491 2982 τά
513 2929 970 2985 ἀκατασκεύαστα
993 2948 1007 2962 ’
1038 2933 1067 2985 ὁ
1085 2932 1415 3003 διαχωρίσας
1447 2932 1616 2987 ὕδατα
1648 2935 1772 2989 ὑδά-

164 3036 281 3073 των
315 3020 676 3093 περεώματι,
724 3023 820 3076 καὶ
854 3024 1072 3095 πνεῦμα
1101 3024 1331 3089 ζωτικὸν
1361 3025 1572 3090 τούτοις
1599 3027 1769 3097 ἐμϐα-

164 3108 312 3165 λιῖἱν·
363 3112 393 3168 ὁ
439 3115 541 3186 γῆν
574 3114 828 3186 ἑδράσας,
860 3116 956 3170 καὶ
984 3116 1211 3189 οὐρανὸν
1250 3116 1516 3184 ἐκτείνας,
1547 3118 1641 3172 καὶ
1666 3119 1766 3189 τὴν

2402 2556 2633 2614 CAPUT
2669 2554 2889 2611 XXXIV

2107 2651 2295 2708 Oratio
2326 2651 2622 2721 prmdicans
2654 2651 2858 2705 variam
2888 2648 3220 2702 creationem.

1942 2743 2270 2802 Benedictus
2308 2760 2389 2809 es,
2430 2743 2678 2807 Domine,
2710 2758 2805 2799 rex
2838 2741 3198 2805 saeculorum;
3224 2736 3318 2807 qui
3355 2750 3453 2806 per

1867 2842 2149 2898 Christum
2184 2840 2363 2897 fecisti
2396 2839 2672 2902 universa,
2694 2844 2751 2891 et
2782 2852 2879 2907 per
2919 2850 3044 2889 eum
3088 2832 3143 2887 in
3182 2830 3451 2901 principio

1869 2934 2081 2989 ornasti
2112 2932 2405 2999 informia;
2435 2948 2527 3001 qui
2559 2945 2732 3000 aquas
2776 2930 2847 2984 ab
2898 2928 3057 2998 aquis
3105 2925 3453 2979 firmamento

1868 3026 2165 3096 separasti.
2195 3032 2247 3079 et
2272 3026 2357 3080 his
2379 3024 2630 3094 spiritum
2663 3023 2878 3076 vitalem
2910 3019 3193 3084 indidisti;
3226 3017 3319 3087 qui
3348 3024 3454 3069 ter-

1869 3128 1986 3167 ram
2008 3113 2288 3178 stabilisti,
2312 3123 2366 3168 et
2387 3114 2584 3168 caelum
2616 3112 2932 3176 extendisti,
2956 3118 3010 3165 et
3035 3110 3281 3181 singulas
3303 3121 3453 3161 crea-

164 3202 407 3258 δκάστου
436 3206 546 3260 τῶν
583 3208 900 3279 κτισμάτων
928 3209 1131 3282 ἀκριϐῆ
1178 3208 1420 3275 διάταξιν
1457 3188 1759 3282 κοσμήσας.

1875 3211 2022 3259 turas
2058 3213 2249 3259 exacta
2292 3204 2655 3275 dispositione
2689 3203 2966 3257 ornasti‘.
3005 3199 3122 3254 Tua
3169 3200 3314 3255 enim
3342 3216 3449 3269 po-

164 3296 247 3368 Σῇ
286 3296 398 3368 γὰρ
435 3298 662 3370 δυνάμει
702 3301 747 3367 ⁸,
784 3300 1065 3369 Δέσποτα,
1120 3302 1324 3374 κόσμος
1378 3302 1758 3376 πεφαίδρυται·

160 3388 404 3460 οὐρανὸς
421 3389 481 3443 δὲ
498 3391 574 3455 ὡς
594 3392 821 3465 καμάρα
832 3392 1761 3468 πεπηγμένος,νήγλάῖσταιᾶστροις,

162 3479 364 3535 ἕνεκεν
391 3482 748 3554 παραμυθίας
777 3484 873 3539 τοῦ
917 3486 1145 3550 σκότους
1173 3502 1188 3516 ο
1231 3486 1349 3556 φῶς
1395 3484 1454 3541 δὲ
1485 3487 1581 3542 καὶ
1613 3488 1763 3558 ῆλιος

162 3572 487 3646 είςήμέρας
516 3577 610 3629 καὶ
638 3577 868 3649 καρπῶν
901 3579 1065 3648 γονὰς
1091 3578 1443 3653 γεγέννηνται
1487 3597 1501 3611 ·
1562 3580 1760 3654 σελήνη

162 3664 229 3718 δὲ
256 3667 339 3729 είς
379 3666 586 3738 καιρῶν
625 3670 853 3743 τροπήν,
893 3670 1133 3736 αὔξουσα
1166 3672 1263 3726 καὶ
1304 3674 1601 3746 μειουμένη
1622 3691 1636 3705 ⁵
1668 3674 1765 3728 καὶ

162 3756 273 3822 νὺξ
300 3757 632 3830 ὠνομάζετο,
680 3763 774 3816 καὶ
798 3764 979 3836 ἡμέρα
997 3765 1450 3838 προσηγορεύετο,
1480 3768 1765 3840 στερέωμα

161 3847 228 3902 δὲ
258 3848 350 3903 διὰ
385 3851 548 3922 μέσον
578 3853 688 3925 (8i)
717 3854 826 3908 τῶν
853 3855 1105 3911 άόύσσων
1136 3857 1408 3912 ἐδείκνυτο
1429 3874 1444 3889 ’
1479 3859 1575 3913 καὶ
1605 3854 1765 3924 εἴπας

164 3943 508 4016 συναχθῆναι
537 3945 605 4000 τὰ
633 3945 823 4015 ὕδατα,
857 3949 950 4003 καὶ
979 3950 1207 4022 ὀφθῆναι
1235 3950 1335 4022 τὴν
1364 3949 1553 4023 ξηράν.
1584 3952 1764 4024 Αὐτὴν

160 4036 227 4091 ὁὶ
250 4040 355 4111 τήν
383 4039 659 4095 θάλασσαν
689 4040 808 4105 πῶς
832 4042 897 4096 ἄν
930 4060 1015 4106 τις
1045 4042 1406 4115 ὲκφράσειεν;
1450 4044 1572 4115 ῆτις
1604 4043 1762 4116 ἔρχε-

160 4146 263 4184 ται
292 4131 393 4203 μὲν
411 4132 520 4185 ἀπὸ
538 4133 805 4203 πελάγους
824 4135 1119 4207 μαινομένη
1144 4135 1253 4207 (82)
1280 4150 1295 4167 ο
1316 4136 1669 4209 παλινδρομεί
1687 4137 1768 4204 δὲ,

161 4220 287 4277 ἀπὸ
310 4224 541 4297 ψάμμου
564 4229 631 4298 τῇ
663 4229 729 4299 σῇ
757 4231 1040 4300 προσταγῇ
1062 4228 1376 4302 κωλυομένη
1405 4246 1420 4260 ’
1456 4225 1706 4299 εἷπεςχὰ
1716 4247 1765 4303 ρ,

162 4317 231 4368 ἐν
259 4317 400 4389 αὐτῇ
429 4319 875 4391 συντριϐήσεσθαι
908 4320 1077 4392 αὐτῆς
1106 4322 1175 4375 τά
1215 4322 1434 4393 κύματα
1457 4339 1471 4354 ·
1515 4321 1674 4386 ζώοις
1711 4321 1767 4375 δὲ

1868 3297 2062 3360 tentia,
2095 3296 2343 3360 Domine,
2377 3296 2616 3351 mundus
2646 3296 2700 3349 in
2733 3295 2879 3349 hunc
2916 3292 3149 3347 nitorem
3184 3293 3452 3348 constitu-

1878 3395 1966 3440 tus
1987 3392 2105 3451 est;
2142 3385 2341 3441 caelum
2372 3400 2505 3449 vero
2531 3362 2704 3442 instar
2734 3400 2965 3441 camerae
3002 3395 3348 3455 compactum
3383 3387 3449 3447 ι’,

1876 3475 2048 3531 astris
2072 3475 2402 3531 illustratum
2428 3485 2532 3539 est,
2558 3476 2624 3529 ad
2653 3476 2908 3531 solatium
2952 3475 3006 3529 in
3052 3475 3328 3540 tenebris;
3364 3475 3419 3528 lu
3440 3503 3453 3514 ο

1870 3590 1995 3629 men
2027 3579 2208 3627 autem
2240 3580 2295 3627 et
2325 3573 2407 3626 sol
2438 3580 2661 3641 propter
2686 3568 2804 3622 dies
2831 3573 2885 3620 et
2917 3564 3189 3619 fructuum
3223 3578 3455 3633 genera—

1871 3666 2050 3720 tiones
2095 3663 2448 3735 prodierunt;
2497 3668 2552 3713 at
2596 3661 2747 3723 luna,
2789 3658 2844 3711 in
2878 3654 3295 3711 conversionem
3321 3661 3454 3708 tetu-

1871 3773 2087 3830 porum,
2120 3759 2249 3811 dum
2301 3756 2499 3811 crescit
2528 3769 2591 3808 ac
2617 3752 2884 3807 decrescit
2938 3769 2952 3805 :
2997 3759 3051 3805 et
3081 3764 3191 3803 nox
3216 3748 3457 3802 vocaba-

1869 3859 1981 3917 tur,
2009 3859 2064 3907 et
2092 3849 2208 3904 dies
2240 3846 2636 3919 appellabatur,
2676 3845 3075 3897 firmamentum
3103 3852 3234 3892 vero
3261 3838 3314 3891 in
3339 3851 3455 3890 me-

1871 3944 1963 3999 dio
1990 3944 2315 4014 abyssorum
2340 3939 2578 4011 patebat.
2615 3936 2680 3989 Et
2708 3934 2917 3999 dixisti,
2960 3942 3017 3987 ut
3054 3943 3457 4001 congregaren-

1872 4044 1963 4090 tur
1992 4048 2167 4105 aquze,
2212 4040 2267 4088 et
2317 4036 2604 4101 appareret
2650 4026 2823 4083 arida.
2870 4027 3051 4098 ipsum
3091 4030 3271 4077 autem
3303 4034 3455 4075 mare

1870 4126 2147 4199 quomodo
2188 4125 2315 4195 quis
2357 4122 2679 4178 enarraret?
2743 4119 2888 4190 quod
2947 4116 3167 4188 quidem
3207 4114 3359 4169 venit
3420 4128 3453 4165 a

1872 4223 2064 4292 pelago
2098 4218 2285 4272 furens
2306 4256 2320 4282 ,
2358 4214 2594 4270 recurrit
2621 4222 2825 4276 autem,
2862 4211 2930 4265 ab
2958 4224 3124 4264 arena
3164 4208 3321 4278 jussu
3357 4213 3454 4257 tuo

1872 4314 2245 4387 prohibitum;
2276 4308 2461 4365 dixisti
2492 4308 2659 4371 enim,
2693 4305 2837 4376 quod
2869 4305 2923 4359 in
2954 4303 3072 4374 ipsa
3102 4301 3456 4367 confringen-

168 4412 399 4481 μικροῖς
439 4410 533 4464 καὶ
567 4412 841 4482 μεγάλοις,
874 4413 968 4465 καὶ
1007 4412 1211 4477 πλοίοις
1236 4414 1348 4486 (85)
1372 4414 1643 4487 πορευτὴν
1667 4414 1765 4467 αὑ-

1875 4418 1961 4463 tur
1989 4407 2191 4462 fluctus
2212 4404 2333 4474 ejus
2367 4402 2388 4433 ⁸
2420 4416 2436 4456 ι
2487 4400 2819 4455 animalibus
2865 4412 2993 4452 vero
3024 4395 3208 4467 parvis
3234 4402 3287 4449 et
3335 4407 3461 4446 ma-.

256 4546 305 4578 ’⁸
340 4545 395 4618 ίο.
415 4544 646 4618 τρυφῆς·
676 4543 722 4574 ’³
748 4542 820 4618 al;
850 4543 1229 4618 ﬁnapptiaqc.
1305 4542 1358 4618 "_
1373 4540 1638 4618 (ἕρεις-χιι.
1682 4545 1758 4618 _"

1875 4561 1926 4599 n.
1953 4559 2097 4618 κη),-
2122 4541 2301 4618 ἱφθηει
2325 4558 2496 4618 xx",
2516 4539 2617 4618 1³1.Δ
2679 4541 2725 4618 ’_"
2752 4540 2884 4618 Gen.
2911 4554 3018 4618 xvn
3039 4575 3054 4598 ,
3090 4536 3173 4618 7;.
3219 4536 3290 4618 ”‘
3313 4531 3450 4618 Gen.

173 4634 339 4679 xum,
374 4612 543 4671 ﬁl'et
570 4612 757 4675 mm.
784 4613 837 4667 4.
918 4612 1188 4671 ¹⁰⁸Ἐιοι1ζ
1227 4629 1312 4682 m,
1340 4612 1427 4679 M,
1459 4614 1547 4669 15.

171 4688 347 4745 Vind.
427 4689 446 4718 ³
470 4687 571 4743 Job
606 4700 837 4750 xxxviii,
868 4685 954 4740 fl.

1628 4617 1640 4645 '
1671 4613 1783 4669 Gen

1875 4660 1876 4666 η
1955 4617 1994 4647 ¹’
2030 4613 2097 4668 ιν
2126 4612 2261 4675 Esd.
2300 4611 2523 4677 “1,60.
2599 4612 2620 4642 ³
2654 4613 2725 4665 al.
2763 4610 3077 4685 ὲνθυμήσει.
3120 4608 3211 4661 Sic
3245 4614 3297 4660 et
3326 4606 3449 4657 cod.

1485 4848 1845 4905 VARIORUM
1884 4844 2115 4903 NOTZE.

246 5015 361 5085 (78)
426 5016 811 5085 ’Υπόσχεσιν.
856 5012 1161 5079 Prmfigitur
1199 5011 1396 5085 ri}an
1428 5011 1553 5067 cod.
1596 5010 1759 5065 Vind.

149 5064 1484 5166 αυξξιζῇωῂίςῑηῖξιίιέιηῑέιςῑ’ἐξικξικῄιδέξει,

246 5157 364 5227 (79)
408 5156 523 5227 Τῇς
563 5152 998 5227 μὲνξγπίστεως
1046 5152 1235 5210 αὐτοῦ
1286 5154 1668 5227 προώδευσεν
1720 5152 1759 5220 ἡ

152 5224 419 5297 γνῶσις.
446 5224 504 5281 In
534 5224 658 5283 eod.
696 5225 934 5281 Vindob.
974 5234 1060 5282 est
1102 5227 1201 5297 τῆς
1240 5224 1358 5297 ,μὲν
1408 5224 1672 5297 γνώσεως,
1710 5231 1765 5278 et

246 5293 593 5362 ειεαίπίστις.
626 5298 993 5362 Incommode,
1026 5293 1318 5351 namfides
1340 5305 1424 5350 est
1452 5312 1518 5350 ex
1551 5293 1762 5349 auditu.

184 5389 227 5427 n
262 5370 463 5439 eodem
488 5370 689 5425 desunt
710 5369 996 5439 sequentia
1029 5388 1040 5423 :
1084 5368 1196 5439 Τῆς
1236 5367 1296 5420 δὲ
1343 5364 1601 5435 γνώσεως
1633 5365 1765 5418 ἀκό-

147 5440 364 5503 λουθος
404 5438 627 5509 γέγονεν
670 5440 703 5510 ή
736 5438 935 5505 πίστις,
974 5454 1077 5494 nec
1108 5438 1241 5493 sane
1273 5444 1403 5510 sunt
1431 5439 1766 5510 necessaria,

150 5512 381 5584 quippe
418 5507 541 5582 quae
576 5507 1030 5566 antecedentibus
1067 5511 1251 5565 verbis
1293 5509 1430 5564 satis
1477 5507 1767 5562 continen—

151 5594 265 5634 tur
316 5596 421 5634 nec
444 5580 740 5634 repetenda
775 5588 924 5634 sunt.
958 5580 1037 5634 In.

151 5594 265 5639 ιω·
316 5596 421 5637 nec
444 5594 740 5639 repetenda
775 5594 924 5636 sunt.
959 5594 1037 5635 ID.

245 5598 265 5635 r
316 5598 421 5637 nec
444 5598 740 5650 repetenda
775 5598 924 5636 sunt.
959 5598 1037 5635 ID.

245 5652 365 5725 (80)
415 5652 925 5721 Ἐπακολούθημα.
974 5652 1032 5706 ln
1076 5649 1200 5705 cod.
1243 5648 1404 5705 Vind.
1450 5648 1761 5714 ἀκόλουθος.

150 5723 363 5866 ’Ἴδη
400 5791 630 5849 Μέσον.
673 5791 731 5848 in
756 5792 881 5850 ood.
907 5792 1072 5849 Vind.
1104 5791 1307 5864 μέσων.
1339 5788 1414 5847 In.

1940 5009 2053 5080 (εἰ)
2085 5009 2452 5085 Μαινομέιτη.
2477 5008 2761 5085 Omittitu_r
2784 5007 2849 5085 in
2866 5006 3056 5062 eodem
3087 5004 3210 5085 cod.
3252 5018 3449 5085 perpe-

1876 5075 2043 5137 τοίη(
2085 5080 2220 5134 Ἀπὸ
2265 5075 2555 5149 πελάγους,
2598 5081 2735 5135 verti
2766 5079 3027 5135 debuerat
3057 5075 3121 5149 ob
3150 5076 3259 5129 alto
3286 5075 3446 5149 mari,

1870 5153 1987 5226 haec
2029 5163 2117 5226 est
2164 5152 2310 5226 enim
2362 5146 3108 5226 vocis_'potestas,_quando
3155 5146 3451 5226 opponitur

1871 5223 2065 5289 littori,
2108 5224 2357 5291 marique
2394 5228 2444 5277 ei
2478 5219 2688 5287 vicino;
2727 5220 2873 5292 quod
2910 5219 3450 5292 'optimorumnscri-

1873 5285 2092 5365 ptorum
2127 5285 2553 5349 auctoritatibus
2597 5285 2816 5365 probari
2854 5285 3037 5365 queat.
3086 5287 3218 5343 Vide
3254 5285 3444 5339 Matth.

1875 5361 2115 5439 Stvn_t,‘6,
2144 5365 2557 5439 etinterpretes
2574 5361 2647 5439 ad
2679 5364 2879 5439 locum.
2908 5361 2983 5415 lo.
3090 5430 3103 5439 _
3210 5427 3222 5439 _

1950 5435 2063 5506 (85)
2102 5426 2215 5489 Kal
2260 5426 2515 5500 πλόίοις.
2570 5434 2777 5490 Desunt
2822 5434 2936 5487 haec
2992 5430 3155 5506 verba
3201 5427 3263 5506 in
3322 5426 3444 5482 cod.

1877 5500 2113 5562 Vindob.
2146 5517 2201 5562 et
2229 5506 2346 5561 fieri
2385 5506 2606 5579 quidem
2638 5506 2911 5579 possit_ut
2946 5501 3129 5579 addita
3169 5500 3318 5565 sint;
3350 5514 3448 5579 ne-

1873 5594 1980 5649 que
2007 5580 2153 5633 enim
2184 5571 2499 5649 necessaria
2537 5571 3182 5649 sunt,__in_descripti_one
3216 5571 3448 5649 creatio-

1873 5639 1978 5704 nis.
2015 5649 2121 5703 Sed
2145 5656 2270 5719 post
2298 5646 2557 5719 ἐποίησας
2595 5644 2929 5719 additidem
2961 5639 3143 5719 codex
3177 5660 3191 5696 :
3229 5639 3449 5719 βροτοῖς

1870 5718 1926 5772 δὲ
1957 5719 2126 5795 βατήν
2145 5710 2329 5791 ἀὐτὴν
2355 5710 2490 5772 εἶναι
2514 5720 2626 5782 τοῖς
2652 5710 2851 5779 πλοίοις
2882 5714 3193 5791 ἐκέλευσας.
3232 5710 3307 5767 lxi.

3138 5958 3169 5981 δ
