3946 6334
596 315 735 373 109.7

1525 308 1581 364 S.
1618 306 2014 364 CLEMENTIS
2046 308 2062 361 Ι
2100 304 2265 362 ROM.
2303 301 2506 359 PONT.
2542 300 2766 357 OPERA
2802 298 3029 356 DUBIA.
3633 306 3722 362 ιω

593 436 743 508 guis,
797 432 925 488 item
971 427 1203 499 navigiis
1249 426 1383 482 illud
1438 426 1611 481 fecisti
1660 426 1927 497 pervium.
1976 423 2171 479 Postea

2275 422 2373 493 τὴν
2405 419 2685 489 ἐποίησας.
2729 413 2849 471 Εἶτ’
2881 414 3183 487 ὲχλοαίνετο
3230 414 3315 486 γῆ,
3349 417 3576 482 παντοίοις
3604 422 3728 479 Magi

596 526 941 599 germinabat
986 530 1155 586 terra,
1194 519 1500 589 omnigenis
1529 518 1775 580 ﬂoribus,
1818 531 1882 570 ac
1912 516 2179 571 varietate

596 618 857 672 arborum
890 612 1274 683 multiplicium
1306 611 1520 680 depicta
1557 626 1571 675 ;
1604 617 1659 664 et
1694 608 1909 662 cunctis
1940 605 2176 661 lucentia

597 708 888 763 luminaria
926 706 1121 760 horum
1150 703 1392 763 nutritii.
1435 702 1683 756 eumdem
1714 715 1927 769 semper
1953 711 2176 752 cursum

594 805 786 853 tenent
830 812 933 851 nec
982 795 1258 849 ullatenus
1302 806 1332 844 a
1374 800 1467 846 tuo
1499 789 1754 845 mandato
1784 789 2032 855 variant;
2081 787 2177 844 sed

592 907 924 964 quacunque
982 889 1237 960 iusseris.
1283 887 1358 941 ibi
1402 885 1655 940 oriuntur
1695 898 1760 936 ac
1795 881 2074 947 occidunt,
2121 880 2177 934 in

594 986 751 1057 signa
798 992 1104 1054 temporum
1153 989 1316 1050 atque
1360 992 1647 1040 annorum,
1672 983 1726 1032 et
1753 974 2032 1030 hominum
2075 973 2177 1026 mi-

593 1076 878 1131 nisterium
918 1075 1211 1129 alternant.
1246 1071 1447 1125 Deinde
1474 1068 1789 1123 animalium
1835 1066 2176 1119 diversorum

596 1165 1029 1221 conﬁciebantur
1058 1177 1280 1233 genera,
1313 1158 1681 1222 terrestrium,
1716 1155 2056 1226 aquatilium.
2087 1168 2179 1207 vo-

593 1255 831 1318 lucrum,
886 1254 1289 1323 amphibiorum
1321 1271 1335 1306 :
1378 1258 1593 1320 tuaeque
1624 1246 1974 1319 providentia:
2005 1242 2177 1297 artifi-

592 1349 744 1403 ciosa
776 1346 1044 1417 sapientia
1076 1347 1323 1401 idoneam
1353 1343 1646 1414 unicuique
1669 1338 2033 1412 provisionem
2065 1337 2178 1390 lar-

592 1441 776 1511 gitur:
811 1441 955 1497 sicut
977 1441 1119 1496 enim
1152 1440 1218 1496 ad
1264 1439 1412 1493 varia
1445 1452 1642 1508 genera
1686 1433 2034 1507 producenda
2065 1447 2176 1489 non

590 1532 698 1587 fuit
746 1532 1027 1597 invalida,
1083 1532 1164 1587 sic
1211 1546 1389 1600 neque
1422 1529 1694 1583 diversam
1744 1524 2176 1593 uniuscujusque

590 1639 781 1680 curam
807 1625 1087 1694 suscipere
1112 1623 1370 1693 neglexit.
1401 1620 1579 1689 Atque
1600 1618 1668 1672 ad
1694 1626 1997 1671 extremum
2021 1629 2176 1668 crea-

593 1716 780 1782 tionis,
814 1715 1079 1770 mandans
1111 1722 1218 1768 tua:
1240 1712 1552 1783 Sapientiae,
1577 1708 1873 1764 condidisti
1906 1704 2176 1759 rationale

2280 512 2763 584 καταγραφομένη,
2812 510 2907 563 καὶ
2974 508 3217 577 ποικιλίᾳ
3260 508 3463 580 δένδρων
3507 511 3726 585 διαφόρων.

2278 608 2563 677 παμφαείς
2587 622 2647 657 τε
2681 603 2967 674 φωστῆρες
3004 602 3210 654 τούτων
3244 601 3447 673 τιθηνοὶ,
3476 604 3732 676 ἀπσράῦατνν

2278 698 2541 764 σώζοντες
2560 698 2652 751 τὸν
2674 698 2902 768 δολιχὸν,
2937 698 3031 750 καὶ
3057 713 3161 749 κατ
3180 696 3193 717 ’
3216 696 3358 748 οὐδὲν
3376 697 3733 768 παραλλάσσοντες

2273 792 2375 862 τῆς
2417 792 2515 862 σῆς
2557 790 2908 862 προσταγῆς·
2953 788 3078 841 ἀλλ’
3119 790 3227 858 ὅπη
3267 787 3326 841 ἂν
3363 788 3735 868 minimarum

2275 883 2553 954 ἀνίσχουσι
2587 883 2680 936 καὶ
2702 882 2935 947 δύουσιν,
2964 884 3044 945 εἰς
3075 882 3271 953 σημεῖα
3300 881 3486 953 καιρῶν
3522 884 3598 935 καὶ
3626 886 3736 941 imu-

2275 975 2404 1041 τῶν,
2428 975 2779 1046 ἀμειϐόμενοι
2808 974 2907 1045 τὴν
2949 973 3059 1027 τῶν
3090 971 3383 1043 ἀνθρώπιον
3403 973 3661 1045 ὑπηρεσίαν.
3684 979 3738 1030 Ἔ-

2276 1087 2438 1123 πειτα
2459 1069 2732 1140 διαφόρων
2748 1065 2900 1131 ζώων
2925 1064 3354 1129 κατεσκευάζετο
3371 1065 3506 1137 γένη,
3534 1068 3736 1138 χερσαίων,

2276 1163 2532 1233 ἐνύδρων,
2578 1160 2915 1233 ἁροπὸρων,
2951 1158 3228 1230 ἀμφιϐίων
3253 1176 3266 1188 ·
3315 1159 3515 1228 καὶτῆς
3546 1160 3621 1230 σῆς
3653 1177 3737 1232 προ-
3844 1166 3845 1177 ‘

2276 1256 2424 1318 νοίας
2445 1257 2478 1325 ἡ
2510 1254 2755 1323 ἔντεχνος
2784 1252 2943 1321 σοφία
2979 1253 3078 1323 τὴν
3104 1250 3424 1321 κατάλληλον
3465 1250 3636 1321 ἑκάστῳ
3656 1255 3739 1322 πρὸ.

2275 1365 2423 1401 νοιαν
2448 1348 2699 1419 δωρεῖται
2723 1362 2737 1376 ’
2772 1344 2963 1416 ῶσπερ
2990 1344 3099 1415 γάρ
3135 1344 3363 1415 διάφορα
3408 1344 3525 1414 γένη
3559 1346 3635 1398 οὐκ
3663 1346 3741 1413 ἠτό-

2276 1458 2405 1511 νησε
2468 1442 2833 1511 παραγαγεῖν,
2892 1437 3066 1500 οὕτως
3121 1437 3242 1489 οὐδὲ
3298 1436 3529 1507 διάφορον
3571 1437 3742 1507 πρόνοιαν

2275 1534 2506 1587 ἑκάστου
2558 1532 2885 1603 ποιήσασθαι
2935 1529 3376 1599 κατωλιγώρησε.
3418 1529 3516 1582 Καὶ
3552 1530 3664 1592 τέλος
3682 1531 3743 1599 τῇς

2274 1624 2649 1696 δημιουργίας,
2677 1623 2738 1675 τὸ
2766 1616 2983 1691 λογικὸν
3022 1621 3180 1687 ζῶον,
3207 1622 3298 1674 τὸν
3327 1620 3672 1691 κοσμοπολίτην,
3702 1626 3743 1691 τῇ

2280 1722 2346 1790 σῇ
2370 1718 2530 1788 σοφίᾳ
2552 1715 2964 1786 διαταξάμενος,
2987 1713 3410 1777 κατεσκεύασας,
3432 1711 3590 1764 εἰπών·
3612 1730 3627 1763 ι
3648 1714 3744 1783 [lui-

591 1807 815 1870 animal,
858 1806 1048 1861 mundi
1081 1807 1274 1870 civem,
1314 1806 1503 1858 dicens
1548 1822 1560 1857 :
1605 1824 1622 1852 «
1661 1800 1948 1854 Faciamus
1994 1798 2171 1852 homi-

2281 1782 2461 1882 σωμεν
2502 1782 2797 1880 άνθρωπονν
2840 1811 2972 1861 κατ’
3027 1808 3212 1860 εἰκόνα
3267 1807 3357 1859 καὶ
3417 1806 3536 1859 καθ’
3574 1806 3745 1875 ὁμοίωσιν

591 1912 715 1953 nem
744 1898 811 1952 ad
838 1897 1124 1967 imaginem
1158 1904 1213 1951 et
1256 1897 1319 1951 ad
1363 1894 1775 1951 similitudinem
1808 1891 2124 1955 nostram‘;
2150 1908 2169 1941 ι

593 1986 785 2042 mundi
813 1988 1100 2051 mundum,
1149 2002 1245 2041 seu
1289 1986 1597 2041 ornamenti
1641 1995 1915 2044 ornatum,
1968 1980 2177 2035 consti-

591 2090 753 2137 tuens
779 2083 971 2148 illum;
1015 2100 1079 2138 ex
1111 2092 1347 2153 quatuor
1393 2079 1611 2150 quidem
1647 2075 1950 2137 elementis,
1982 2073 2174 2144 primis

589 2175 938 2245 corporibus,
967 2174 1253 2230 formando
1277 2186 1478 2243 corpus
1512 2172 1680 2235 illius,
1724 2168 1964 2223 creando
1994 2175 2173 2220 autem

588 2267 637 2320 ei
670 2268 904 2322 animam
945 2283 1011 2322 ex
1060 2268 1232 2321 nihilo
1256 2305 1271 2331 ,
1316 2278 1369 2321 et
1393 2265 1649 2320 donando
1682 2264 1732 2319 ei
1762 2260 2173 2332 quinquertium

589 2373 851 2414 sensuum
877 2398 892 2423 ,
924 2368 1269 2427 mentemque
1308 2360 1550 2429 aurigam
1582 2357 1774 2410 animae
1828 2353 2173 2425 przeliciendo

588 2453 861 2507 sensibus.
894 2451 1012 2506 Jam
1058 2453 1124 2507 ad
1176 2453 1292 2506 haec
1337 2453 1542 2512 omnia,
1584 2450 1894 2504 dominator
1924 2446 2170 2509 Domine,

587 2548 712 2615 quis
738 2544 1005 2615 condigne
1035 2545 1329 2615 explicabit
1357 2544 1582 2597 nubium
1614 2542 1882 2597 imbribus
1913 2540 2171 2594 feracium

589 2647 822 2701 motum,
853 2638 1084 2708 fulguris
1116 2637 1481 2707 Splendorem,
1513 2636 1812 2688 tonitruum
1858 2634 2126 2705 fragorem
2153 2651 2169 2699 ;

588 2732 656 2787 ad
688 2734 1066 2789 convenientis
1094 2732 1337 2787 alimenti
1363 2730 1875 2801 suppeditationem,
1905 2737 1959 2782 et
1990 2728 2056 2781 ad
2080 2743 2172 2782 ae-

586 2824 666 2878 ris
695 2824 1143 2894 temperationem
1187 2823 1421 2878 maxime
1465 2823 1836 2877 concinnam?
1884 2821 2171 2876 Hominem

587 2929 719 2967 Vero
748 2914 1194 2985 inobsequentem
1225 2915 1452 2979 factum,
1480 2917 1586 2969 vita
1619 2917 1684 2969 ad
1714 2914 2017 2969 mercedem
2045 2930 2171 2983 pro-

588 3006 767 3073 posita
816 3006 1085 3075 privasti;
1133 3022 1237 3062 nec
1284 3022 1349 3062 ex
1388 3015 1501 3063 toto
1530 3008 1844 3063 exstinxisti
1868 3007 2044 3071 illum,
2075 3007 2170 3062 sed

2277 1902 2573 1974 ἡμετέραν,
2637 1921 2655 1953 ι
2707 1901 2910 1972 κόσμου
2953 1900 3157 1970 κόσμον
3208 1898 3318 1970 (84)
3359 1898 3507 1950 αὑτὸν

2277 1996 2341 2049 ἐκ
2371 1996 2470 2067 μὲν
2500 1994 2611 2048 τῶν
2648 1994 2929 2065 τεσσάρων
2973 1993 3275 2063 στοιχείων,
3321 1990 3535 2062 πρώτων
3567 1990 3649 2060 (85)
3679 2008 3743 2041 σω-

2279 2088 2488 2160 μάτων,
2514 2086 2816 2150 διαπλάσας
2843 2085 2991 2158 αύτῷ
3030 2085 3210 2155 σῶμα,
3242 2082 3615 2145 κατασκευάσας
3635 2082 3664 2134 δ’
3684 2083 3742 2133 αι

2274 2183 2354 2254 τῷ
2381 2182 2482 2252 τὴν
2521 2180 2700 2252 ψυχὴν
2743 2182 2808 2233 ὲκ
2858 2178 2954 2231 τοῦ
3000 2178 3076 2248 μὴ
3114 2176 3292 2244 ὄντος,
3338 2175 3562 2245 αἴσθησιν
3587 2173 3625 2226 δ’
3655 2172 3742 2241 αὐτῷ

2275 2273 2571 2328 πένταθλον
2597 2272 2983 2345 χαρισάμενος,
3012 2269 3106 2323 καὶ
3130 2268 3259 2322 νοῦν
3285 2269 3375 2321 τὸν
3392 2268 3482 2338 τῆς
3504 2266 3641 2336 ψυχῆς
3657 2265 3742 2333 {pio-

2275 2385 2368 2437 χον
2415 2368 2540 2429 ταῖς
2578 2364 2687 2436 (86)
2718 2362 3037 2435 αἰσθήσεσιν
3073 2364 3394 2433 ἐπιστήσας.
3435 2359 3531 2412 Καὶ
3569 2358 3637 2410 ἐπὶ
3664 2358 3743 2407 πᾶσι

2274 2460 2506 2526 τούτοις,
2540 2458 2785 2512 Δέσποτα
2812 2456 3005 2527 Κύριε,
3046 2455 3131 2518 τίς
3162 2452 3403 2519 ἐπαξίως
3431 2451 3743 2524 διηγήσεται

2276 2553 2391 2621 φῶν
2414 2550 2762 2623 ὀμϐροτὸκων
2786 2547 2979 2620 φορὰν,
3004 2546 3295 2618 ἀστραπῆς
3314 2543 3575 2615 ἔκλαμψιν,
3594 2538 3744 2613 βροντῶν

2277 2645 2542 2713 πάταγον,
2571 2646 2652 2706 εἰς
2682 2642 2889 2714 τροφῆς
2924 2639 3260 2711 καταλλὴλου
3287 2637 3551 2709 χορηγίαν,
3575 2634 3644 2686 καὶ
3662 2632 3742 2702 κρί-

2276 2755 2360 2789 σιν
2400 2736 2578 2807 ἀέρων
2625 2735 3022 2807 παναρμόνιον;
3066 2732 3489 2804 Παρακούσαντα
3520 2729 3566 2781 δὲ
3596 2728 3661 2779 τὸν
3690 2726 3744 2777 ἄν·

2273 2827 2513 2900 θρωπον,
2548 2827 2817 2898 ὲμμίσθου
2845 2825 2990 2896 ζωῆς
3023 2825 3355 2896 ἐστέρησας*
3388 2823 3482 2875 οὐκ
3511 2823 3577 2883 είς
3596 2819 3640 2870 τὸ
3667 2832 3745 2867 τιν-

2272 2921 2425 2985 τελὲς
2455 2920 2745 2989 ἀφανίσας,
2789 2918 2924 2971 άλλά
2969 2918 3147 2989 χρόνῳ
3179 2916 3321 2988 πρὸς
3370 2915 3531 2984 ὀλίγον
3564 2909 3746 2979 manu.

2273 3014 2420 3085 ὅρκῳ
2472 3015 2552 3075 είς
2611 3010 3028 3080 παλιγγενεσίαν
3076 3009 3362 3071 ἐκάλεσας.
3424 3009 3566 3077 Ὄρσν
3600 3001 3748 3055 enim

589 3098 737 3152 brevi
769 3109 1009 3169 tempore
1031 3107 1204 3155 morte
1231 3109 1566 3171 soporatum,
1594 3100 1954 3170 jurejurando
1979 3100 2048 3154 ad
2082 3115 2169 3155 se-

2275 3106 2490 3172 έλυσας,
2515 3107 2545 3159 ὁ
2574 3104 2836 3170 ζωοποιὸς
2862 3103 2972 3158 τῶν
3005 3102 3217 3173 νεκρῶν
3258 3102 3348 3155 διὰ
3399 3098 3555 3170 Ἰησοῦ
3580 3089 3750 3167 Χρωτιῦν

586 3190 824 3244 cundam
852 3193 1189 3246 nativitatem
1214 3194 1421 3247 vocasti
1448 3193 1490 3247 ⁸.
1526 3192 1815 3247 Decretum
1840 3192 2031 3247 mortis
2061 3192 2170 3247 sol-

587 3285 736 3349 visti,
803 3287 896 3354 qui
948 3294 1196 3341 mortuos
1252 3287 1320 3341 ad
1365 3287 1533 3341 vitam
1575 3287 1794 3342 reducis
1841 3302 1937 3356 per
1978 3285 2171 3341 Jesum

589 3376 894 3441 Christum,
921 3393 1072 3448 spem
1102 3386 1346 3434 nostram
1374 3379 1416 3434 ⁸.

1129 3514 1363 3571 CAPUT
1397 3514 1618 3599 xxxv.

589 3631 778 3687 Oratio
821 3647 941 3686 cum
984 3634 1282 3702 gratiarum
1324 3634 1527 3705 actione
1570 3633 1867 3705 pra'dicans
1906 3632 2004 3688 Dei
2043 3649 2169 3705 erga

1011 3714 1282 3758 creaturas
1305 3704 1741 3759 sollicitudinem.

660 3817 887 3889 Magnus
907 3836 988 3884 es,
1019 3819 1249 3876 Domine
1276 3820 1644 3891 omnipotens,
1681 3828 1735 3876 et
1763 3837 1962 3893 magna
1989 3822 2167 3877 virtus
2190 3842 2213 3863 κ

589 3920 702 3974 tua,
733 3919 789 3965 et
816 3911 1099 3981 sapientia:
1130 3922 1236 3969 tua).
1275 3929 1384 3968 non
1431 3922 1516 3968 est
1560 3929 1824 3969 numerus
1850 3915 1903 3981 ";
1928 3925 2163 3983 creator,

588 4002 848 4068 salvator,
882 4004 1037 4060 dives
1067 4006 1123 4060 in
1152 4007 1365 4078 gratiis,
1392 4007 1738 4079 longanimis,
1768 4015 1823 4063 et
1852 4009 2168 4064 misericor-

586 4093 693 4147 dia:
722 4094 985 4168 largitor;
1009 4098 1102 4169 qui
1134 4108 1511 4155 creaturarum
1539 4108 1756 4156 tuarum
1790 4102 2022 4158 salutem
2052 4118 2166 4157 non

587 4185 837 4255 deseris;
882 4200 1079 4243 natura
1110 4190 1256 4245 enim
1290 4191 1468 4247 bonus
1500 4206 1562 4247 es
1596 4211 1609 4247 :
1644 4194 1824 4263 parcis
1856 4203 2035 4250 autem
2064 4196 2165 4251 de-

587 4277 984 4350 linquentibus,
1014 4298 1110 4338 eos
1138 4282 1207 4337 ad
1242 4284 1617 4353 paenitentiam
1646 4301 1953 4355 provocans
1984 4307 1998 4342 :
2042 4296 2166 4343 tua-

587 4387 709 4426 rum
754 4375 956 4446 quippe
995 4376 1409 4432 miserationum
1458 4377 1681 4434 eﬂ‘ectus
1712 4385 1797 4435 est
1838 4378 2159 4437 admonitio.

589 4462 802 4519 Etenim
850 4467 1124 4536 quomodo
1156 4470 1577 4535 sustineremus,
1617 4470 1665 4525 si
1704 4470 1772 4525 ad
1810 4485 2032 4527 causam
2079 4471 2166 4526 di-

586 4557 814 4613 cendam
857 4560 1044 4614 statim
1092 4570 1482 4631 repeteremur,
1522 4561 1741 4633 quando
1773 4562 1929 4633 longa
1954 4563 2165 4632 patien-

586 4648 662 4703 tia
689 4652 1008 4719 exspectati,
1039 4653 1131 4708 vix
1161 4653 1230 4708 ab
1252 4653 1564 4709 inﬁrmitate
1593 4654 1970 4724 respiramus?
1991 4653 2165 4709 Tuam

587 4744 887 4811 potemiam
917 4747 1383 4803 annuntiaverunt
1415 4747 1573 4814 caali;
1614 4755 1670 4802 et
1695 4754 1839 4803 terra
1870 4763 2162 4813 concussa,

658 4902 682 4934 ⁸
721 4902 859 4960 Gen.
919 4920 959 4970 ι,
1001 4905 1093 4962 26.
1169 4908 1191 4940 ⁸
1222 4907 1389 4964 Hebr.
1439 4925 1514 4963 v1.
1590 4909 1611 4940 ⁸
1651 4907 1844 4963 lTim.
1908 4926 1949 4975 ι,
1991 4911 2044 4966 1.
2125 4911 2146 4941 '

2275 4910 2332 4965 il.
2376 4924 2560 4973 cxm,
2605 4910 2658 4965 5.

2272 3198 2373 3272 τῆς
2405 3198 2619 3260 ἐλπίδος
2649 3197 2823 3268 ἡμῶν.

2785 3516 3183 3571 ΚΕΦᾹΛΑΙΟΝ
3222 3515 3339 3575 AE'.

3437 3628 3661 3683 ἐλλσιοσα
3692 3617 3752 3675 rei

2270 3630 2591 3700 Προσευχὴ
2624 3631 2775 3700 μετὰ
2819 3632 3205 3700 εὐχαριστίας
3254 3630 3439 3699 ἐξάγῃ

2424 3696 2588 3757 Θεὸῦῆ
2612 3696 2726 3771 ἰὴν
2752 3696 2985 3770 «spira?
3008 3702 3155 3755 ὄντα
3174 3696 3527 3770 κηδεμώίαν
3553 3696 3654 3765 (87).

2340 3817 2532 3886 Μέγας
2582 3811 2651 3883 εἷ,
2700 3816 2874 3888 Κύριε
2932 3816 3338 3888 παντόκρατορ,
3408 3813 3497 3867 καὶ
3552 3800 3749 3882 μεγάληῆ
3844 3874 3845 3877 η

2272 3904 2426 3982 ίσχύς
2458 3928 2574 3978 σου,
2602 3910 2815 3981 καὶτῆς
2847 3907 3115 3971 συνέσεώς
3140 3925 3236 3961 σου
3277 3909 3378 3961 οὐκ
3406 3906 3539 3958 ἔστιν
3570 3896 3751 3970 ἀριθμός’
3844 3928 3845 3931 η

2270 4003 2485 4071 κτίστα,
2522 4002 2728 4073 σῶτερ,
2763 4001 2985 4055 πλούσιε
3030 4003 3087 4054 ὲν
3117 4001 3329 4071 χάρισι,
3383 3997 3671 4071 μακρόθυμε,
3699 3987 3755 4041 καὶ

2269 4096 2453 4159 ἐλέους
2484 4095 2685 4167 χορηγέ
2708 4112 2720 4125 '
2752 4096 2780 4147 ὁ
2811 4094 2885 4165 μὴ
2911 4093 3154 4163 ἀφιστῶν
3181 4094 3296 4165 (88)
3328 4094 3432 4147 τῶν
3474 4091 3568 4144 σῶν
3603 4082 3753 4151 magii-

2267 4206 2376 4241 των
2426 4189 2528 4259 τὴν
2572 4188 2879 4259 σωτηρίαν*
2921 4189 3077 4256 φύσει
3135 4187 3247 4259 γὰρ
3308 4186 3503 4256 ἀγαθὸς
3543 4181 3752 4252 ὑπάρχειϊ

2270 4280 2425 4352 φείδῃ
2480 4280 2537 4333 δὲ
2586 4279 3043 4352 ἁμαρτανόντων,
3123 4281 3203 4342 εἰς
3270 4281 3544 4351 μετάνοιαν
3592 4283 3753 4343 προπι.

2268 4372 2562 4444 λούμενοςο
2612 4372 2910 4443 οἰκτιρμῶν
2958 4372 3067 4445 γάρ
3133 4390 3230 4425 σου
3286 4374 3321 4443 ἡ
3369 4358 3754 4438 νουθέτησιςηὰ

2198 4505 2242 4560 D
2271 4467 2380 4541 γὰρ
2411 4467 2475 4520 ἂν
2506 4467 2819 4538 ὑπέστημεν
2850 4468 2892 4534 ⁸,
2922 4467 3284 4537 ἐπειγομένην
3316 4451 3752 4551 ἀπαιτούμενοι
3844 4504 3845 4541 1

2264 4562 2377 4639 16w,
2410 4561 2570 4613 ὁπότε
2625 4559 3151 4632 μακροθυμούμενοι,
3202 4560 3358 4631 μόλις
3396 4555 3677 4622 ἀνανεύομεν
3699 4556 3755 4639 τις

2271 4652 2581 4719 ἀσθενείας;
2616 4653 2716 4705 Σοῦ
2748 4652 2809 4705 τὸ
2834 4652 3033 4724 κράτος
3058 4652 3385 4724 άνήγγειλαν
3412 4652 3458 4702 οί
3486 4641 3680 4716 οὐρανοὶ,
3702 4632 3755 4687 καὶ

2274 4745 2344 4817 γῆ
2379 4745 2775 4817 κραδαινομένη
2829 4746 2928 4817 τὴν
2954 4745 3350 4815 ἀσφάλειωι,ὲπ
3369 4746 3382 4763 ⁸
3409 4739 3598 4801 οὐδενὸς
3616 4743 3755 4805 κρεμαο

2760 4910 2783 4942 ⁸
2833 4911 2906 4966 al.
2955 4910 3300 4983 ύποστῶμεν.

1892 5066 2257 5125 VARIORUM
2290 5068 2521 5125 ΝΟΤᾹΞ.

658 5246 773 5321 (ει)
812 5247 1062 5321 [formari
1085 5244 1336 5321 κόσμον-Ζ
1368 5242 1560 5321 Elogio
1584 5244 1774 5321 eodem
1814 5246 1982 5321 homo
1997 5247 2162 5321 tleco-

586 5314 802 5372 rat'ttr'a
827 5314 1101 5373 Methodio
1127 5316 1269 5387 apud
1296 5314 1682 5387 Epiphanium,
1708 5316 1900 5373 haresi
1922 5318 2012 5383 64,
2036 5318 2160 5374 Ori-

588 5390 858 5472 geuiana,‘
876 5402 998 5474 eap'.
1028 5386 1302 5474 ‘18,ne.tuab
1321 5386 1534 5471 inCerto
1562 5396 1787 5474 auctore
1808 5388 2159 5474 commenta-

588 5455 795 5514 i'iorum
846 5459 901 5513 in
947 5455 1080 5511 ’Job.
1122 5455 1336 5513 Philoni
1380 5467 1561 5513 autem
1603 5459 1670 5514 de
1696 5460 2005 5513 Abrahamo
2026 5462 2166 5515 scri-

592 5526 761 5607 benti,
794 5524 965 5607 liontq
982 5533 1065 5607 est
1089 5523 1293 5596 κόσμος
1323 5526 1382 5579 ὲν
1416 5526 1629 5597 κόσμῳ.
1682 5525 1813 5583 Vide
1840 5527 2046 5595 Nilum,
2070 5530 2166 5587 lib.

593 5611 651 5660 ιι,
674 5596 835 5664 epist.
865 5593 987 5650 H9.
1018 5594 1157 5651 Cor.

661 5664 1142 5748 (8ξλΣτοιχειωγ,
1173 5665 1436 5748 πρώτωτς.
1465 5665 1589 5722 Haec
1619 5668 2167 5748 omittunturin‘cod.

2266 5264 2332 5303 ac
2367 5251 2603 5331 στοιχεῖα
2629 5250 2841 5375 πρῶτα,
2871 5261 2931 5307 ιιι
2967 5252 3083 5308 haec
3104 5254 3421 5324 'posteriora
3451 5250 3675 5323 glossema
3694 5239 3753 5293 Ιιθο

2266 5320 2380 5375 beri
2412 5332 2633 5375 queant.
2695 5323 2766 5375 ἰ.

2266 5320 2381 5375 beri
2412 5332 2633 5391 queant.
2668 5320 2766 5379 CL.

2339 5380 2453 5464 (86)
2498 5392 2648 5459 Ταῖς.
2692 5393 2859 5448 Addit
2913 5393 3055 5450 idem
3105 5395 3279 5451 codex
3317 5392 3495 5457 αὑτοῦ,
3522 5404 3607 5444 nec
3641 5380 3751 5437 male

2264 5461 2401 5518 Cor.

2339 5533 2451 5605 (87)
2490 5533 2882 5604 Κηδεμονίαν.
2926 5534 3165 5592 Viudob.
3213 5537 3340 5591 cod.
3370 5529 3656 5603 οἰκονομίαν,
3686 5519 3753 5575 ωἱδ

2262 5619 2371 5659 nus
2401 5613 2567 5660 recte.
2618 5607 2694 5660 ln.

2335 5676 2448 5746 (88)
2502 5676 2814 5747 Ἀριστῶν.
2847 5676 2982 5733 Cod.
3021 5676 3182 5734 Vind.
3222 5676 3401 5747 ἀφείς,
3426 5673 3591 5731 eodem
3618 5674 3750 5724 scim

594 5732 1027 5793 Vindobonensi.
1077 5736 1156 5792 Ac
1191 5732 1323 5795 sane
1354 5738 1596 5810 τέσσαρα
1623 5738 1851 5813 σώματα
1874 5752 2000 5797 sunt
2025 5744 2166 5799 idem
2261 5740 2337 5799 lo.
