3946 6334
166 318 303 375 1099

1046 317 1651 377 CONSTITUTIONES
1682 316 2159 375 APOSTOLICE.
2195 348 2263 359 ——
2297 316 2425 372 LIB.
2463 311 2569 375 Vli.

3297 314 3433 369 i030

161 438 297 502 μένη
346 429 479 502 (89).
534 431 791 487 Θάλασσα
828 438 1223 509 κυμαινομένη,
1271 440 1364 492 καὶ
1416 437 1615 510 μυρίαν
1661 437 1751 508 βό-

1856 439 2068 493 ﬁrmata
2111 452 2175 492 ac
2218 451 2486 508 suspensa
2523 448 2689 505 super
2717 431 2971 489 nihilum.
3003 428 3152 487 Marc
3176 432 3434 487 ﬂuetibus

159 538 367 576 σκουσα
410 521 567 588 ζώων
610 526 834 597 ἀγέλην,
885 530 1189 600 πεπέδηται
1248 530 1438 602 ἄμμῳ,
1488 530 1588 601 τὴν
1644 532 1746 602 σὴν

160 614 413 686 βούλησιν
453 622 755 687 πεφρικυῖα
782 637 795 649 ·
842 622 937 674 καὶ
978 622 1186 685 πάντας
1233 623 1532 693 ἀναγκάζει
1576 622 1703 695 βοᾷν
1728 642 1743 655 ⁸

164 727 184 760 ι
207 709 307 772 Ὠς
338 710 680 783 ἑμεγαλύνθη
701 712 771 766 τά
802 712 941 785 ἔργα
967 714 1483 787 σου,Κύριε·πάντα
1499 716 1556 768 ἰν
1584 716 1746 787 σοφία

158 800 421 872 ἐποίησας
446 818 461 832 ·
496 802 791 876 ἐπληρώθη
827 807 861 877 η
912 807 983 877 γῆ
1023 808 1123 879 τῆς
1165 807 1397 872 κτίσεως
1428 826 1543 862 σου.
1582 827 1600 860 ι
1636 808 1747 862 Καὶ

158 893 391 965 στρατὸς
418 894 666 964 ἀγγέλων
696 896 1045 969 φλεγόμενος,
1094 899 1190 953 καὶ
1233 899 1519 971 πνεύματα
1562 899 1742 971 νοερὰ,

154 984 409 1054 λέγουσιν
431 1004 445 1019 ’
477 1006 497 1040 ι
552 982 649 1053 Εἷς
689 990 843 1059 ἅγιος
872 990 950 1062 τῷ
987 991 1245 1063 Φελμονεί
1278 992 1389 1063 (90)
1413 1009 1426 1022 ·
1471 1010 1491 1044 ι
1527 992 1623 1046 καὶ
1656 1009 1745 1045 σε·

158 1080 338 1151 ραφὶμ
369 1079 523 1149 ἅγια,
569 1080 690 1153 ἅμα
722 1086 837 1148 τοῖς
864 1083 1151 1157 χερουεὶμ,
1189 1087 1305 1149 τοῖς
1334 1084 1741 1156 ἑξαπτερύγοις,

157 1171 242 1225 σοὶ
282 1172 384 1241 τὴν
423 1174 689 1231 ἐπινίκιον
724 1175 868 1248 ᾠδὴν
895 1175 1186 1247 ψάλλοντα,
1219 1178 1502 1248 ἀσιγήτοις
1543 1180 1745 1245 φωναῖς

154 1262 353 1334 βοιῖισιν
390 1262 523 1338 (91)·
556 1285 575 1318 ι
614 1268 821 1337 Ἄγιος,
856 1268 1029 1339 ἅγιος,
1070 1268 1223 1338 ἅγιος
1263 1268 1466 1340 Κύριος
1493 1266 1741 1321 Σαϐαὼθ

153 1356 370 1429 πλήρης
399 1358 429 1411 6
471 1358 698 1431 οὐρανὸς
733 1360 827 1415 καὶ
858 1362 891 1432 η
922 1362 992 1433 γῆ
1038 1362 1139 1433 τῆς
1164 1360 1322 1432 δόξης
1344 1378 1458 1414 σου·
1504 1378 1522 1412 ι
1558 1361 1651 1413 καὶ
1677 1359 1746 1413 τά

152 1448 320 1521 ιτερα
360 1450 470 1504 τῶν
515 1452 815 1523 ταγμάτων
863 1451 1063 1525 πλήθη,
1110 1453 1352 1523 ἄγγελοι,
1394 1452 1743 1525 ἀρχάγγελοι,

152 1540 357 1613 θρόνοι,
392 1543 735 1615 κυριότητες,
777 1544 963 1616 ἀρχαὶ,
997 1545 1258 1614 ἐξουσίαι,
1309 1546 1588 1619 δυνάμεις,
1627 1548 1746 1601 ὲπι-

152 1632 369 1687 ϐοῶντα
406 1633 655 1704 λέγουσιν
678 1652 692 1667 '
734 1655 754 1689 ι
803 1637 1159 1710 Εὐλογημένη
1196 1640 1230 1709 ὴ
1278 1638 1407 1704 δόξα
1440 1640 1647 1711 Κυρίου
1680 1640 1746 1693 ὲκ

149 1725 249 1779 τοῦ
276 1726 446 1780 τόπου
476 1726 664 1782 αὐτοῦ.
705 1749 723 1780 ι
762 1729 978 1802 Ἰσραὴλ
1014 1731 1091 1797 δὲ,
1122 1732 1156 1802 ή
1191 1730 1428 1801 ὲπίγειός
1473 1748 1567 1784 σου
1621 1730 1744 1785 Ἑκ-

1848 531 2132 601 agitatum,
2167 544 2232 583 ac
2260 526 2689 583 innumerabiles
2718 526 2967 580 nutriens
2999 523 3316 577 animalium
3343 540 3436 578 co-

1848 622 1990 691 pias,
2029 636 2196 675 arena
2248 619 2668 689 constringitur,
2706 626 2855 672 tuam
2907 618 3247 673 voluntatem
3290 620 3438 673 vcri~

1848 720 1997 778 tum;
2033 728 2335 783 omnesque
2362 712 2509 782 cogit
2535 710 2825 765 vociferari
2861 729 2874 766 :
2913 730 2932 763 ι
2978 711 3154 777 Quam
3185 711 3433 781 magniﬁ-

1848 815 1970 861 cata
2011 815 2141 862 sunt
2173 822 2338 876 Opera
2378 814 2493 868 tua,
2526 802 2787 859 Domine!
2834 803 3019 859 omnia
3061 805 3117 857 in
3164 803 3433 874 sapientia

1847 899 2060 965 fecisti;
2092 900 2313 970 impleta
2338 909 2423 954 est
2452 906 2598 953 terra
2628 905 2883 952 creatura
2929 905 3023 951 tua
3047 897 3091 952 '.
3127 915 3147 949 ι
3182 894 3251 949 Ει
3278 913 3437 953 exer-

1847 993 1995 1049 citus
2033 993 2356 1062 angelorum
2412 990 2637 1055 ardens,
2691 1005 2756 1045 ac
2804 990 3172 1059 intelligentes
3210 990 3436 1061 spiritus

1846 1085 2075 1139 dicunt:
2116 1102 2135 1135 ι
2175 1083 2329 1138 Unus
2358 1094 2608 1147 sanctus,
2647 1081 2933 1139 Phelmoni
2962 1082 3005 1113 ¹⁰
3048 1103 3061 1137 :
3104 1103 3121 1135 ι
3166 1090 3221 1138 et
3258 1094 3432 1137 sancti

1847 1176 2151 1246 seraphini,
2195 1191 2303 1230 una
2346 1192 2473 1230 cum
2508 1175 2851 1241 cherubinis,
2890 1190 2987 1231 sex
3034 1175 3149 1229 alas
3179 1174 3438 1229 habenti-

1847 1270 1994 1336 bus,
2045 1271 2145 1327 tibi
2197 1270 2445 1326 victoria:
2497 1270 2776 1325 canticum
2825 1270 3144 1340 psallentes,
3207 1268 3436 1322 vocibus

1848 1379 2129 1435 nunquam
2160 1363 2511 1420 cessantibus
2539 1365 2817 1419 clamant:
2852 1382 2870 1416 ι
2902 1360 3161 1426 Sanctus,
3184 1370 3433 1425 sanctus,

1848 1465 2100 1524 sanctus,
2126 1456 2392 1513 Dominus
2416 1455 2657 1512 Sabaoth
2682 1475 2696 1523 ;
2726 1456 2873 1528 pleni
2896 1464 3025 1513 sunt
3053 1456 3177 1510 creti
3206 1463 3261 1509 et
3288 1463 3435 1509 terra

1847 1550 2020 1620 gloria
2053 1559 2145 1604 tua
2179 1550 2254 1617 ”;
2302 1568 2320 1602 ι
2360 1558 2413 1604 et
2442 1549 2563 1602 alia:
2604 1548 2858 1602 ordinum
2891 1546 3293 1610 multitudines,
3338 1561 3439 1599 au-

1848 1643 1975 1714 geli,
2001 1642 2338 1714 archangeli,
2372 1641 2577 1705 throni,
2604 1640 3030 1702 dominationes,
3067 1639 3435 1710 principatus,

1850 1742 2172 1804 potestates,
2220 1735 2473 1799 virtutes,
2506 1732 2879 1787 exclamantes
2908 1731 3099 1785 dicunt
3132 1750 3144 1784 :
3184 1749 3203 1781 ι
3262 1729 3435 1784 Bene-

150 1818 376 1889 κλησία,
421 1820 455 1891 ὴ
492 1818 551 1886 ἐξ
601 1819 791 1888 ἐθνῶν,
849 1825 970 1886 ταῖς
1007 1824 1136 1876 κατ’
1174 1823 1405 1895 οὐρανὸν
1450 1823 1745 1895 δυνάμεσιν

1853 1827 1994 1881 dicta
2035 1827 2208 1897 gloria
2261 1824 2475 1879 Domini
2507 1823 2576 1879 de
2624 1824 2745 1878 loco
2793 1838 2896 1878 suo
2932 1823 2995 1877 ¹¹¹.
3036 1842 3054 1875 ι
3087 1820 3252 1879 lsrael
3280 1839 3434 1887 vero,

150 1913 529 1985 ἁμιλλωμένη,
553 1914 710 1967 νυκτὶ
739 1914 832 1969 καὶ
861 1915 1066 1987 ἡμέρα,
1106 1916 1165 1969 ὲν
1196 1915 1393 1987 καρδία
1421 1915 1617 1987 πλήρει
1651 1916 1747 1969 καὶ

146 2007 302 2078 ψυχῇ
337 2005 585 2078 θελούσῃ,
615 2006 807 2077 ψάλλει
826 2008 950 2061 ·«Τὸ
973 2008 1126 2080 ἅρμα
1148 2007 1243 2061 τοῦ
1278 2007 1414 2061 Θεοῦ
1445 2007 1745 2081 μυριοπλά-

150 2115 291 2165 σιον,
316 2097 550 2169 χιλιάδες
576 2099 965 2171 εὐθηνούντων,
998 2100 1202 2172 Κύριος
1230 2102 1288 2155 ὲν
1317 2101 1520 2169 αὐτοῖς,
1561 2103 1619 2154 ὲν
1656 2103 1745 2155 Σι-

146 2190 309 2257 ναῖν,
341 2193 399 2245 ὲν
427 2192 506 2263 τῷ
536 2191 693 2264 ἁγίῳ.
738 2211 758 2245 ι
792 2188 947 2248 Οἶδεν
989 2193 1216 2263 οὐρανὸς
1258 2193 1351 2247 τὸν
1388 2194 1481 2248 ἐπὶ
1518 2193 1746 2267 μηδενὸς

145 2283 319 2337 αὐτὸν
367 2282 798 2355 καμαρὼσαντα,
841 2285 919 2349 ὡς
965 2285 1248 2340 λιθόκυϐον
1272 2303 1287 2317 ·
1345 2288 1441 2341 καὶ
1483 2288 1588 2360 γῆν
1649 2289 1745 2343 καὶ

146 2374 301 2448 ὕδωρ
335 2376 549 2441 ἑαυτοῖς
590 2376 870 2432 ὲνώσαντα
893 2395 907 2409 ’
940 2379 1035 2432 καὶ
1073 2379 1213 2451 ἀέρα
1249 2379 1561 2451 διαχέαντα,
1609 2381 1748 2447 ζωο-

143 2468 371 2540 τρόφον,
416 2470 512 2523 καὶ
550 2469 725 2541 τούτῳ
770 2470 882 2543 πῦρ
924 2470 1343 2543 συμπλέξαντα,
1392 2474 1472 2536 είς
1519 2472 1742 2542 θάλπος,

144 2560 247 2613 καὶ
274 2562 500 2626 σκάτους
530 2563 902 2635 παραμυθίαν.
938 2564 1263 2635 Ἐκπλήσσει
1288 2566 1447 2637 χορὸς
1474 2565 1742 2637 ἀστέρων,

142 2653 241 2707 τὸν
297 2654 680 2729 άριθμήσαντα
739 2656 1040 2729 σημαίνων,
1098 2659 1192 2712 καὶ
1248 2659 1340 2713 τὸν
1398 2659 1745 2730 ὀνομάσαντα

142 2745 449 2800 δεικνύωνο
494 2748 608 2813 ζῶα
653 2749 746 2801 τὸν
780 2749 1111 2821 ψυχώσαντα
1137 2768 1150 2781 ·
1205 2752 1397 2824 δένδρα
1441 2752 1535 2807 τὸν
1574 2752 1745 2826 ἐκφύ-

143 2855 344 2894 σαντα.
386 2841 564 2912 ’Δπερ
595 2841 830 2909 ἅπαντα,
862 2842 941 2914 τῷ
972 2842 1050 2915 σῷ
1097 2842 1239 2916 λόγῳ
1280 2846 1567 2917 γενόμενα,
1602 2866 1746 2922 παρ-

146 2933 277 3004 ιστᾷ
316 2933 418 3004 τῆς
467 2934 566 3005 σῆς
601 2933 881 3006 δυνάμεως
914 2936 976 2989 τὸ
1017 2937 1252 3008 κράτος·
1290 2938 1370 2992 διὸ
1409 2941 1502 2994 καὶ
1539 2942 1743 3011 ὀφείλει

140 3026 259 3088 πᾶς
324 3025 609 3098 ἄνθρωπος
635 3068 651 3093 ,
714 3026 773 3094 ἐξ
825 3027 1003 3081 αὐτῶν
1055 3029 1314 3100 στέρνων,
1355 3032 1439 3085 σοὶ
1486 3032 1572 3086 διὰ
1606 3034 1742 3105 Χρι-

1848 1923 2064 1971 terrena
2102 1914 2351 1970 Ecclesia
2389 1922 2504 1982 tua,
2543 1930 2607 1969 ex
2641 1914 2898 1985 gentibus
2934 1920 3289 1985 congregata,
3319 1930 3438 1971 cer-

1846 2020 1971 2067 tans
2010 2026 2139 2066 cum
2185 2011 2507 2066 caelestibus
2553 2009 2877 2073 virtutibus,
2913 2018 3073 2063 nocte
3113 2022 3178 2061 ac
3218 2006 3328 2070 die,
3379 2007 3435 2059 iu

1846 2108 2014 2163 corde
2045 2108 2208 2177 pleno
2235 2115 2290 2163 et
2316 2106 2498 2160 anima
2518 2107 2756 2171 volente,
2782 2104 2934 2158 canit
2968 2122 2983 2160 :
3022 2121 3039 2155 ι
3082 2105 3297 2159 Currus
3339 2103 3434 2157 Dei

1846 2200 2035 2256 decem
2078 2200 2322 2255 millibus
2370 2197 2677 2269 multiplex,
2731 2196 2902 2251 millia
2944 2196 3280 2261 lmtantium;
3330 2193 3436 2247 Do-

1845 2294 2031 2351 minus
2061 2293 2115 2346 in
2145 2292 2246 2356 eis,
2270 2290 2330 2344 in
2363 2287 2540 2353 Sinai,
2573 2287 2628 2342 in
2656 2295 2849 2343 sancto
2884 2286 2951 2341 ¹³.
2993 2305 3011 2338 ι
3041 2283 3204 2339 Novit
3230 2284 3435 2340 cwlum

1844 2401 1993 2449 eum,
2020 2385 2113 2455 qui
2147 2398 2313 2453 super
2344 2381 2580 2436 nihilum
2620 2378 2921 2434 cameravit
2964 2377 3122 2443 illud,
3172 2384 3434 2447 tauquam

1848 2478 2122 2549 lapideum
2166 2475 2399 2537 cubum;
2447 2472 2542 2544 qui
2588 2480 2793 2526 terram
2834 2479 2888 2525 et
2928 2486 3131 2537 aquam
3172 2468 3318 2524 inter
3376 2484 3436 2523 se

1845 2570 2140 2632 adunavit;
2168 2567 2262 2639 qui
2306 2580 2513 2628 aerem,
2546 2565 2867 2620 animalium
2916 2562 3231 2626 nutritium,
3276 2561 3434 2616 diﬁ'u-

1845 2661 1947 2727 dit,
1977 2661 2139 2730 eique
2167 2658 2347 2728 ignem
2375 2656 2696 2719 connexuit,
2738 2655 2804 2708 ad
2838 2654 3101 2718 calorem,
3144 2660 3199 2708 et
3240 2653 3307 2709 ad
3354 2669 3441 2707 so-

1846 2754 2039 2809 latium
2062 2754 2131 2808 de
2173 2750 2416 2808 tenebris
2458 2750 2522 2806 ".
2572 2746 2955 2818 Obstupefaeit
2999 2747 3205 2801 chorus
3250 2746 3437 2801 stella-

1844 2864 1991 2912 rum,
2022 2845 2119 2917 qui
2162 2850 2538 2899 numerantem
2577 2855 2672 2895 eas
2709 2838 3001 2909 signiﬁcat,
3050 2848 3105 2892 et
3152 2838 3441 2892 nominau-

1846 2948 1955 2996 tem
1984 2936 2267 3003 ostendit;
2299 2944 2359 2988 ut
2389 2932 2652 2987 animalia
2679 2932 3063 2986 demonstrant
3102 2946 3229 2987 eum
3263 2944 3292 2982 ιι
3325 2945 3437 2999 quo

1846 3033 2086 3087 animata
2116 3035 2267 3091 sunt,
2298 3035 2353 3082 et
2396 3026 2624 3081 arbores
2678 3040 2804 3079 eum
2838 3024 2933 3095 qui
2984 3023 3105 3077 illas
3153 3020 3435 3093 produxit.

142 3116 279 3170 στοῦ
337 3117 448 3171 τῶν
510 3119 555 3150 ¹⁸
634 3119 775 3191 ὑπὲρ
832 3119 1052 3175 πάντων
1121 3120 1291 3193 ὕμνον
1349 3123 1697 3195 ἀναπέμπειν
1724 3168 1738 3192 ,

1853 3123 1977 3190 θυαε
1999 3122 2205 3185 omnia,
2233 3119 2401 3175 verbo
2432 3125 2526 3172 tuo
2571 3115 2738 3179 facta,
2773 3114 3064 3185 potestatis
3087 3122 3197 3169 tua:
3222 3113 3330 3167 vim
3356 3108 3439 3167 re;

138 3208 237 3263 διὰ
269 3209 333 3262 σὲ
362 3211 472 3263 τῶν
506 3210 758 3265 ἁπάντων
792 3212 1028 3285 κρατῶν.
1061 3214 1133 3267 Σὺ
1162 3213 1271 3286 γὰρ
1290 3209 1341 3267 εί
1371 3217 1398 3268 6
1427 3218 1662 3287 χρηστὸς
1685 3218 1744 3270 ὲν

140 3303 518 3374 εὐεργεσίαις,
568 3304 663 3358 καὶ
710 3305 1003 3378 φιλόδωρος
1042 3307 1101 3359 ὲν
1135 3309 1473 3379 οίκτιρμοίς·
1518 3312 1546 3362 6
1589 3309 1747 3381 μόνος

139 3396 557 3467 παντοκράτωρ
580 3412 595 3427 ·
629 3398 716 3450 ὅτε
748 3397 857 3470 γὰρ
888 3398 1085 3465 θέλεις,
1127 3400 1360 3470 πάρεστί
1387 3416 1470 3453 σοι
1503 3401 1563 3454 τὸ
1592 3402 1747 3455 δύνα-

142 3487 277 3540 σθαι
302 3504 319 3520 ·
347 3488 410 3541 τὸ
451 3487 561 3561 γάρ
606 3488 697 3543 σὸν
744 3489 961 3544 αἰώνιον
1012 3491 1213 3563 κράτος
1245 3494 1339 3546 καὶ
1371 3493 1543 3563 φλόγα
1574 3513 1743 3548 καταο

136 3579 355 3651 ψύχει,
387 3581 482 3635 καὶ
525 3581 747 3647 λέοντας
786 3587 962 3655 φιμοῖ,
997 3585 1094 3639 καὶ
1154 3587 1296 3659 κήτη
1348 3590 1744 3661 καταπραύνει,

135 3674 248 3727 καὶ
269 3674 565 3741 νοσοῦντας
607 3678 833 3750 ἐγείρει,
868 3681 962 3732 καὶ
988 3679 1246 3751 δυνάμεις
1273 3682 1626 3755 μετατρέπει·
1656 3684 1749 3736 καὶ

138 3766 387 3839 στρατὸν
418 3767 647 3841 ἐχθρῶν,
680 3772 773 3823 καὶ
810 3771 937 3824 λαὸν
956 3772 1377 3845 ἀριθμούμενον,
1401 3775 1457 3826 ὲν
1480 3774 1556 3846 τῷ
1580 3775 1678 3828 ὐιιε
1688 3794 1750 3846 ρ-

135 3861 542 3933 ηφανεύεσθαι,
593 3862 1057 3936 καταστρώννυσι.
1096 3866 1169 3920 Σὺ
1207 3860 1258 3918 εἷ
1296 3867 1325 3920 6
1359 3868 1416 3919 ὲν
1447 3866 1689 3939 οὐρανῷ,
1722 3870 1751 3922 6

138 3954 248 4007 ὶπὶ
289 3955 416 4026 γῆς,
458 3956 487 4008 6
538 3956 596 4008 ὲν
645 3955 911 4028 θαλάσσῃ,
945 3959 973 4011 6
1018 3958 1077 4011 ἐν
1131 3959 1561 4031 περατουμένοις
1612 3958 1747 4032 (92),

139 4045 261 4100 ὑπὸ
283 4046 511 4117 μηδενὸς
532 4048 767 4119 περατού
776 4066 935 4120 μενος
954 4066 969 4081 ⁸
1000 4050 1101 4121 τῆς
1118 4049 1227 4123 γάρ
1250 4051 1638 4123 μεγαλωσύνης
1658 4069 1752 4104 σου

137 4139 256 4192 οὐκ
289 4139 406 4192 ἔστι
438 4140 631 4212 πέρας.
681 4142 772 4212 Μὴ
805 4140 914 4214 γὰρ
946 4142 1213 4214 ἡμέτερόν
1246 4147 1365 4197 ἐστι
1393 4144 1551 4198 τοῦτο
1591 4186 1605 4212 ,
1658 4145 1754 4199 Δέο

140 4250 353 4287 mw
368 4233 461 4287 τοῦ
474 4234 801 4305 θεράποντός
813 4233 907 4287 σού
920 4235 1037 4289 ὲστι
1048 4235 1246 4305 λόγιον,
1261 4236 1581 4306 φάσκοντος·
1603 4256 1620 4287 ι
1644 4238 1755 4291 Καὶ

136 4326 345 4398 γνώσῃ
373 4329 441 4398 τῇ
476 4326 674 4399 καρδίᾳ
709 4345 824 4393 σου,
858 4328 942 4381 ὅτι
985 4328 1098 4399 (95)
1126 4332 1155 4383 6
1183 4328 1388 4402 Κύριος
1411 4332 1440 4385 6
1467 4330 1599 4394 Θεός
1632 4347 1749 4397 σου,

137 4418 292 4482 Θεὸς
344 4419 401 4471 ὲν
447 4418 660 4491 οὐρανῷ
713 4421 847 4487 ἄνω,
904 4422 997 4474 καὶ
1035 4423 1130 4475 ἐπὶ
1172 4423 1273 4493 τῆς
1315 4424 1417 4495 γῆς
1446 4422 1619 4488 κάτω,
1660 4422 1755 4475 καὶ

1850 3220 2205 3286 prmsentant.
2237 3211 2417 3282 Atque
2459 3207 2581 3262 ideo
2609 3206 2769 3261 debet
2798 3206 2983 3260 omnis
3017 3205 3203 3267 homo,
3249 3212 3439 3273 utpote

1850 3325 1948 3380 per
1972 3315 2026 3362 te
2056 3306 2314 3360 dominus
2345 3303 2737 3356 universorum
2760 3338 2776 3361 ,
2828 3314 2894 3353 ex
2929 3304 3153 3367 pectore
3184 3296 3283 3351 tibi
3319 3295 3439 3349 lau-

1848 3399 1971 3453 dem
2008 3412 2105 3467 pro
2134 3394 2353 3450 cunctis
2380 3392 2596 3447 mittere
2627 3406 2723 3461 per
2746 3388 3051 3445 Christum.
3080 3386 3163 3442 Tu
3192 3387 3339 3443 enim
3376 3402 3440 3444 es

1850 3490 2032 3545 facilis
2059 3489 2115 3543 in
2148 3484 2531 3543 beneﬁcentiis
2575 3492 2629 3539 et
2656 3481 2953 3537 muniﬁcus
2982 3480 3038 3535 in
3076 3478 3438 3535 commisera-

1850 3584 2129 3648 tionibus;
2163 3581 2256 3651 qui
2293 3579 2447 3634 solus
2469 3592 2530 3632 es
2563 3575 2915 3646 omnipotens
2951 3588 3115 3629 :cum
3148 3573 3295 3628 enim
3329 3575 3435 3632 vis,

1851 3676 2008 3731 adest
2034 3675 2130 3729 tibi
2161 3679 2438 3744 potestas;
2460 3686 2586 3724 nam
2608 3677 2872 3724 aeternum
2897 3676 3051 3720 tuum
3082 3665 3253 3721 robur
3273 3666 3437 3720 etiam

1853 3770 2126 3823 ﬂammam
2159 3766 2471 3836 refrigerat,
2509 3770 2563 3817 et
2596 3762 2847 3816 leonibus
2898 3776 2962 3815 os
3000 3759 3331 3835 constringit
3368 3759 3436 3822 ",

1852 3869 1906 3915 ct
1935 3869 2086 3913 cetos
2115 3856 2388 3913 demulcet
2422 3855 2487 3919 ",
2529 3864 2584 3909 et
2615 3860 2944 3924 :cgrotantes
2974 3851 3159 3922 erigit,
3182 3861 3237 3905 et
3263 3852 3439 3904 l'acul-

1853 3960 1995 4008 tates
2027 3966 2211 4006 rerum
2244 3949 2551 4013 convertit;
2580 3954 2635 4001 ct
2653 3946 2891 4000 hostium
2908 3947 3117 4016 copias,
3142 3946 3438 4015 populqu-

1854 4063 1961 4117 que
1993 4051 2366 4105 numeratum,
2415 4041 2544 4095 dum
2584 4039 2844 4108 superbia
2884 4039 3153 4103 exoritur,
3186 4045 3439 4108 proster.

1853 4139 1935 4193 nit
1967 4138 2030 4193 “.
2058 4136 2138 4190 Tu
2170 4152 2230 4191 es
2257 4136 2348 4205 qui
2380 4136 2433 4188 in
2465 4132 2606 4187 caelo
2638 4130 2885 4191 exsistis,
2918 4130 3011 4200 qui
3046 4130 3100 4184 in
3132 4138 3301 4193 terra,
3344 4130 3439 4198 qui

1855 4233 1913 4287 in
1943 4231 2120 4294 mari,
2159 4230 2252 4300 qui
2305 4228 2361 4281 in
2413 4225 2747 4288 terminatis,
2789 4239 2819 4276 a
2868 4224 3021 4277 nullo
3059 4223 3436 4278 terminatus:

1854 4322 2256 4395 magnitudinis
2285 4319 2432 4377 enim
2463 4326 2570 4373 tua:
2602 4332 2710 4371 non
2743 4322 2828 4371 est
2858 4316 3129 4370 terminus
3160 4316 3222 4370 ¹⁹.
3252 4314 3440 4384 Neque

1856 4431 1989 4471 vero
2016 4423 2267 4470 nostrqu
2294 4422 2377 4469 est
2417 4411 2573 4474 illud,
2602 4408 2865 4474 Domine;
2910 4408 3100 4462 [annuli
3134 4408 3211 4461 tui
3242 4423 3441 4461 oraru-

135 4513 258 4565 οὐκ
276 4510 423 4564 ἐστιν
454 4509 533 4563 ἔτι
554 4511 693 4584 πλὴν
723 4513 909 4567 αὐτοῦ.
964 4534 982 4565 ι
1019 4514 1154 4568 Οὐδὲ
1184 4516 1292 4588 γάρ
1312 4518 1426 4569 ἐστι
1449 4515 1583 4579 Θεὸς
1610 4515 1751 4587 πλὴν

1857 4510 1969 4565 lum
2000 4516 2109 4573 est,
2144 4508 2381 4561 dicentis
2408 4525 2420 4559 :
2466 4523 2484 4555 ι
2523 4503 2588 4557 Et
2621 4516 2923 4573 cognosces
2945 4501 3113 4556 corde
3141 4509 3267 4565 tuo,
3290 4504 3439 4572 quod

140 4602 255 4657 σοῦ
305 4602 467 4674 μόνου
492 4620 507 4633 '
544 4604 697 4671 ἆγιος
725 4605 824 4659 οὐκ
854 4606 968 4660 ἔστι
1003 4607 1141 4678 πλὴν
1194 4609 1288 4662 σοῦ
1312 4652 1327 4677 ,
1378 4610 1580 4681 Κύριος
1617 4609 1751 4674 Θεὸς

303 4738 451 4794 Psal.
479 4754 598 4805 cut,
628 4744 718 4798 24.
798 4745 842 4778 ⁸⁵
877 4744 1014 4801 Dan.
1042 4763 1165 4811 vm,
1199 4750 1286 4803 15.

1860 4602 2125 4658 Dominus
2156 4599 2300 4655 Deus
2343 4606 2505 4659 tuus,
2553 4596 2696 4651 Deus
2727 4596 2783 4648 in
2815 4596 2955 4649 cazlo
2986 4609 3233 4657 sursum,
3280 4602 3335 4648 et
3385 4596 3440 4647 iu

1368 4749 1408 4780 ¹¹
1441 4747 1548 4806 lsa.
1575 4764 1655 4811 vt,
1681 4749 1735 4804 5.

1853 4745 2074 4800 'Ezech.
2107 4758 2191 4800 ιιι.
2232 4741 2317 4797 12.
2399 4741 2442 4772 ¹³
2473 4738 2622 4811 Psal.
2655 4752 2824 4801 ωιτη,
2854 4734 2946 4811 18Σ
2997 4734 3187 4811 _“lsa.
3219 4733 3435 4811 x1122;

134 4810 226 4887 [ν
258 4776 836 4887 Εέἅῗὶἕῖξβόρῗιοιῖ
864 4776 1221 4887 ιῖἶῗξῖιιῖξ’ὲὶιξ
1232 4776 1300 4874 ii.
1331 4776 1548 4873 ι.ὶὲῗῶ
1573 4776 1763 4875 ἶδὶθὲά

1853 4776 2074 4800 'DLCUII.
2108 4776 2191 4800 ιιι.
2234 4776 2317 4797 ιιι.
2475 4776 2493 4793 ι
2520 4776 2622 4793 aula
2656 4776 2824 4801 ..ι-νη,
2858 4776 2944 4789 ιν.
3083 4776 3187 4789 ..ι-ι.
3219 4776 3306 4793 η...
3339 4776 3406 4787 --

1853 4816 1945 4872 Sic
1985 4815 2109 4872 cod.
2166 4813 2329 4868 Vind.
2414 4811 2456 4842 “
2503 4810 2638 4864 Dan.
2662 4822 2847 4873 ιιι,νι.
2906 4807 2946 4837 "
2985 4805 3112 4863 Jon.
3162 4821 3223 4860 ιι.
3299 4806 3340 4835 ⁸⁸
3372 4776 3437 4859 Ν

138 4882 298 4955 Reg.
338 4897 453 4937 xix.
527 4884 569 4916 ι’
596 4883 740 4941 Psal.
769 4902 953 4953 cxmv,
1001 4889 1055 4944 5.

1493 5040 1856 5099 VARIORUM
1890 5040 2122 5097 NOTrE.

202 5202 353 5276 .(89)
392 5200 979 5276 Κρεμαμένηηηιιὶιεῑ
1017 5202 1189 5259 codex
1248 5201 1411 5276 Vind.
1470 5203 1752 5276 κεκρέμα-

126 5291 285 5331 σεται
316 5274 372 5327 in
404 5274 695 5341 praeterito,
724 5273 907 5328 minus
933 5276 1239 5328 commode.
1270 5273 1408 5328 Cor.

228 5344 373 5413 (90),
392 5344 499 5409 Εἷς
529 5342 697 5411 ἅγιος
725 5343 805 5408 τῷ
835 5346 1146 5413 Φελμονει.
1186 5343 1362 5401 Petita
1397 5345 1513 5402 haec
1541 5361 1609 5401 ex
1638 5360 1754 5399 ver-

124 5430 323 5487 svone
357 5412 623 5487 Danielis,
672 5412 965 5487 eap._vm.:
999 5416 1088 5480 15,
1134 5416 1203 5469 ab
1244 5415 1487 5487 homine.
1519 5417 1612 5487 qui
1654 5432 1752 5470 ne—

1850 5209 1987 5256 tom.
2007 5199 2076 5263 ν,
2109 5215 2275 5271 sermi.
2310 5198 2378 5254 10
2405 5221 2417 5255 :
2458 5199 2763 5271 ’Δσιγήτοις
2792 5199 3001 5271 βοιῖιντα
3028 5198 3312 5271 κραυγαῖς,
3331 5207 3439 5271 etc.

1858 5272 2185 5343 Hippolytus
2241 5270 2565 5343 Portuensis
2608 5271 2674 5343 in
2741 5270 3098 5343 Couectaneis
3141 5270 3441 5343 _Anasta_sii

1860 5340 2271 5397 Bibliothecarii
2301 5358 2356 5412 p.
2400 5342 2507 5397 209
2544 5360 2558 5395 :
2593 5341 2841 5412 ᾀσιγήτῳ
2885 5344 3034 5412 φωνῇ
3069 5340 3302 5409 βοῶντα.
3363 5340 3440 5396 In.

1931 5413 2043 5483 (92)
2079 5396 2568 5483 Περατοὴιέιέοις.
2619 5411 2674 5466 In
2700 5396 2837 5467 'cod'.
2879 5396 3039 5465 Vind:
3069 5396 3156 5466 est
3186 5426 3445 5483 περαιου-

124 5486 378 5543 sciebat
423 5482 973 5556 Hebraicerfalioqui
1016 5486 1278 5556 vertisset
1318 5483 1396 5556 τξρ
1440 5482 1590 5551 δεῖνι,
1633 5500 1756 5556 quae

1862 5482 2047 5555 μένοις
2072 5492 2126 5539 et
2168 5499 2293 5556 mox
2321 5482 2718 5556 περαιούμενος
2748 5500 2761 5535 :
2795 5483 2987 5538 eodem
3028 5491 3211 5556 tamen
3247 5482 3438 5543 sensu,

124 5563 291 5625 uaga
308 5561 395 5625 est
419 5543 746 5625 signiﬁcatio
762 5543 911 5625 vocis
932 5554 1212 5625 Hebraicaa
1230 5543 1424 5625 7:11:55
1442 5543 1750 5620 Phal'moni,

128 5618 253 5700 vel
277 5619 390 5700 τινί
422 5618 663 5700 πότεηιιι
689 5622 927 5676 habebat
964 5623 1353 5700 S_ymmachus,
1388 5627 1547 5681 alteri
1575 5618 1752 5685 nescio

130 5690 281 5764 ςιιὲἶ
302 5697 365 5764 ut
399 5699 547 5764 recte
580 5690 963 5764 Hieronymus.
990 5690 1067 5750 [ιι.

235 5758 349 5830 (91)
398 5761 723 5831 Ἁσιτήτοις
742 5758 967 5832 φὶιιναῖς
997 5766 1256 5832 βοῶσιν,
1288 5776 1393 5823 etc.
1423 5766 1482 5823 S.
1511 5768 1752 5827 Joannes

127 5830 619 5902 Chrysostom’us,
658 5830 1087 5893 Definstitttenda
1112 5830 1397 5896 secundum
1419 5839 1587 5895 Deum
1618 5844 1747 5915 vita,

1859 5552 1954 5625 qui
1990 5562 2077 5611 est
2109 5574 2122 5610 :
2156 5555 2246 5624 qui
2268 5570 2323 5625 eis
2346 5552 2407 5607 in
2430 5553 2583 5608 rebus
2607 5569 2741 5623 quas
2774 5552 3180 5625 transgrederis,
3212 5563 3266 5625 et_
3291 5567 3444 5625 quem

1859 5620 1994 5681 riilu'l
2022 5620 2433 5706 transgreditur,
2467 5620 2719 5706 quamvis
2760 5620 3095 5706 περαιούμαι
3125 5620 3269 5706 apud
3293 5620 3445 5677 Gne-

1860 5712 1960 5752 cos
1990 5693 2363 5751 accuratiores
2393 5693 2735 5750 transitivam
2768 5693 2880 5749 vim
2908 5693 3171 5751 obtineat.
3199 5693 3296 5750 CL.

1933 5768 2221 5838 (93)"0tt.
2296 5764 2652 5838 Praerpittitur
2728 5766 2784 5822 in
2856 5766 2979 5822 cod.
3050 5764 3289 5823 Vindob.
3351 5762 3444 5818 καὶ

1862 5835 2132 5910 συνήσεις,
2161 5846 2211 5894 et
2242 5838 2393 5895 scies.
2428 5835 2503 5894 lu.
