3946 6334
287 310 425 368 1037

1170 312 1771 371 CONSTITUTIONES
1801 312 2279 371 APOSTOLICIE.
2301 345 2369 356 —
2386 314 2516 372 LIB.
2556 312 2661 367 ΥΠ.

3415 308 3549 367 1038

279 428 519 497 ἐξείλετο
572 428 896 501 διαθρέψας,
944 431 1010 485 ἐκ
1054 432 1210 486 νόσου
1259 433 1464 499 ἰάσατο,
1512 435 1578 486 ἐκ
1622 433 1875 505 γλώσσης

1978 448 2083 504 gua
2123 434 2264 487 mala
2297 433 2554 503 protexit.
2602 432 2677 488 De
2715 429 2974 486 omnibus
3018 429 3117 483 tibi
3151 427 3550 500 perChristum

280 523 527 593 πονηρᾶς
572 522 865 576 ὲσκέπασε.
924 523 1061 596 Περὶ
1114 526 1331 579 πάντων
1380 542 1464 579 σοι
1506 524 1596 579 διά
1631 526 1869 596 Χριστοῦ

278 612 735 685 εὐχαριστοῦμεν.
791 613 851 667 '0
880 616 975 668 καὶ
1002 617 1185 688 φωνὴν
1222 616 1481 689 ἔναρθρον
1508 619 1589 681 είς
1620 616 1873 690 ἐξομολό-

278 723 448 776 γησιν
476 706 879 778 δωρησάμενοςο
913 709 1008 761 καὶ
1034 708 1287 777 γλῶσσαν
1326 710 1685 781 εὐάρμοστον,
1715 712 1872 783 δίκην

279 798 587 871 πλήκτρου,
616 799 694 863 ὡς
723 800 955 872 ὸργανον
988 801 1225 866 ὐποθείς.
1284 803 1394 856 Καὶ
1418 802 1607 871 γεῦσιν
1637 804 1875 875 πρόσφο-

282 909 400 963 ρον,
458 892 552 945 καὶ
608 893 752 965 ἁφὴν
802 893 1158 964 κατάλληλον,
1216 896 1312 948 καὶ
1356 896 1545 967 ὅρασιν
1600 896 1747 962 Θέας,
1780 896 1875 950 καὶ

276 984 457 1055 ἀκοὴν
502 984 707 1054 φωνῆς,
747 986 845 1039 καὶ
888 986 1155 1059 ὄσφρησιν
1192 987 1401 1058 ἀτμῶν,
1441 989 1536 1040 καὶ
1573 992 1760 1060 χεῖρας
1795 989 1874 1052 είς

282 1077 470 1148 ἔργον,
520 1079 615 1130 καὶ
660 1077 828 1140 πόδας
872 1078 1010 1149 πρὸς
1051 1078 1127 1149 (8)
1174 1078 1500 1151 ὁδοιπορίαν.
1550 1081 1660 1133 Καὶ
1700 1080 1873 1135 ταῦτα

281 1170 466 1222 πάντα
493 1170 558 1222 ἐκ
587 1171 788 1240 μικρᾶς
818 1170 1076 1239 σταγόνος
1103 1170 1448 1235 διαπλάττεις
1475 1171 1550 1241 (9)
1580 1172 1639 1224 ἐν
1669 1173 1869 1243 μήτρᾳ,

279 1262 381 1314 καὶ
407 1261 585 1333 ψυχὴν
623 1261 888 1315 ἀθάνατον
920 1261 1058 1333 μετά
1090 1263 1189 1335 τὴν
1221 1262 1486 1335 μόρφωοιε
1527 1263 1749 1335 χαρίζῃ,
1780 1263 1874 1316 κα)⁸

278 1354 549 1426 προάγεις
584 1357 665 1417 είς
703 1354 837 1423 φῶς.
885 1355 958 1407 Τὸ
985 1354 1201 1424 λογικὸν
1239 1354 1397 1423 ζῶον,
1436 1354 1529 1409 τὸν
1564 1354 1870 1426 ἄνθρωπον,

277 1447 473 1518 νόμοις
527 1446 869 1512 ἐπαίδευσας,
921 1446 1283 1518 δικαιώμασιν
1336 1446 1681 1518 ἐφαίδρυναςο
1737 1446 1875 1518 πρὸς

275 1539 465 1609 ὀλίγον
512 1539 735 1608 ἐπάγων
779 1539 1043 1607 διάλυσιν,
1072 1541 1173 1612 τὴν
1201 1540 1496 1594 ἀνάστασιν
1538 1540 1870 1611 ἐπηγγείλω.

278 1631 445 1695 Ποῖος
490 1631 778 1703 τοιγαροῦν
825 1632 1105 1704 αὐτάρκης
1152 1632 1293 1702 βίος,
1340 1631 1551 1686 αίώνων
1593 1632 1653 1685 δέ
1700 1631 1874 1702 μῆκος

277 1723 450 1776 πόσον
496 1724 775 1794 διαρκέσει
820 1723 1128 1794 ἀνθρώποις
1169 1724 1307 1796 πρὸς
1343 1724 1720 1795 εὐχαριστίανς
1750 1723 1783 1795 ἢ
1813 1725 1874 1777 τὸ

278 1815 387 1884 μὲν
415 1816 551 1887 πρὸς
578 1814 733 1880 ἀξίαν
763 1815 1043 1884 ἀδύνατον,
1065 1816 1126 1869 τὸ
1154 1815 1374 1869 δὲκατά
1400 1816 1624 1887 δύναμιν
1654 1815 1868 1884 εὐαγές.
1905 1803 1946 1857 Β

292 1908 545 1980 Ἐρῤύσω
572 1908 680 1980 γάρ
717 1908 971 1973 ἀσεϐείας
1009 1908 1305 1977 πολυθέων,
1347 1910 1442 1964 καὶ
1479 1909 1872 1981 χριστοκτόνων

276 2002 551 2072 αἱρέσεως
585 2000 819 2069 ἐξείλου,
855 2002 1276 2075 πεπλανημένης
1314 2003 1537 2072 ἀγνοίας
1567 2002 1871 2073 ἠλευθέρω-

282 2109 407 2156 σας·
438 2095 529 2147 τὸν
557 2095 792 2165 Χριστὸν
833 2093 1157 2158 ἀπέστειλας
1192 2078 1273 2159 εἰς
1303 2094 1622 2166 ἀνθρώπους
1656 2094 1733 2156 ώς
1762 2093 1871 2165 (10)

279 2184 591 2257 ἄνθρωπον,
658 2185 792 2239 Θεὸν
846 2185 979 2239 ὄντα
1033 2186 1315 2256 μονογενῆο
1374 2186 1465 2240 τὸν
1518 2184 1874 2257 Παράκλητον

282 2277 554 2348 ἐνῴκισας
595 2280 749 2349 ἡμῖν*
800 2278 1066 2347 ἀγγέλους
1113 2279 1447 2349 ἐπέστησας,
1492 2278 1583 2332 τὸν
1627 2276 1872 2330 διάϐολον

282 2370 543 2441 ᾔσχυνας
574 2372 677 2425 οὐκ
706 2372 865 2433 ὖντας
892 2371 1174 2443 ἐποίησας,
1204 2370 1528 2442 γενομένους
1556 2370 1869 2439 φυλάσσεις

278 2462 435 2534 ζωὴν
464 2465 800 2536 ἐπιμετρεῖς,
830 2466 1084 2536 χορηγεῖς
1110 2465 1336 2535 τροφήν·
1381 2463 1669 2531 μετάνοιαν
1697 2463 1873 2533 ἐπηγ-

277 2556 474 2625 γείλω.
520 2558 692 2628 Ὑπὲρ
732 2558 984 2611 ἁπάντων
1025 2574 1105 2610 σοι
1134 2560 1166 2628 ἡ
1199 2557 1325 2622 δόξα
1364 2558 1457 2611 καὶ¹
1484 2556 1545 2609 τὸ
1575 2556 1756 2622 σέϐας,
1786 2556 1874 2611 διὰ

293 2649 478 2720 Ἰησοῦ
506 2650 741 2722 Χριστοῦ
775 2651 907 2723 (11),
938 2648 1054 2717 νῦν,
1086 2651 1179 2703 καί
1213 2651 1302 2703 ἀεὶ
1340 2650 1474 2721 (12),
1505 2649 1600 2703 καὶ
1636 2652 1715 2713 είς
1747 2649 1874 2712 τοὺς

282 2741 508 2805 αἰῶνας.
560 2741 751 2814 ’Δμήν.
804 2740 989 2795 Ταῦτα
1037 2740 1316 2813 μελετᾶτε,
1362 2741 1600 2811 ἀδελφοίο
1648 2742 1743 2795 καὶ
1787 2742 1870 2814 είη

278 2835 315 2893 6.
338 2836 544 2908 Κύριος
574 2835 692 2907 μεθ’
722 2835 875 2907 ὑμῶν
906 2835 1000 2887 ἐπὶ
1030 2834 1155 2905 γῆς,
1185 2836 1278 2888 καί
1314 2835 1370 2888 ἐν
1398 2838 1464 2906 τῇ
1509 2834 1753 2906 βασιλείᾳ
1776 2834 1871 2888 τοῦ

285 2926 509 2999 Πατρὸς
555 2926 743 2995 αὐτοῦ,
800 2926 894 2981 τοῦ
945 2928 1041 2981 καὶ
1074 2927 1236 2980 αὐτὸν
1292 2926 1730 2993 ἀποστείλαντος,
1778 2928 1873 2980 καὶ

282 3018 442 3092 ἡμᾶς
467 3020 535 3073 δι’
564 3019 749 3074 αὐτοῦ.
773 3018 1237 3091 ἐλευθερώσαντος
1267 3020 1333 3071 ἐκ
1360 3018 1463 3089 τῆς
1501 3018 1741 3083 δουλείας
1771 3019 1873 3089 τῆς

285 3114 498 3186 φθορᾶς
556 3114 636 3178 εἰς
688 3114 787 3186 τὴν
844 3112 1156 3185 ἐλευθερίαν
1206 3111 1308 3183 τῆς
1353 3110 1532 3181 δόξης,
1584 3112 1678 3165 καὶ
1728 3110 1871 3182 ζωὴν
1900 3149 1940 3205 C

281 3207 758 3279 ἐπαγγειλαμένου
804 3210 916 3271 τοῖς
952 3208 1018 3261 δι’
1047 3205 1212 3261 αὐτοῦ
1260 3204 1614 3259 πιστεύσασιν
1658 3206 1739 3269 εἰς
1780 3204 1871 3258 τὸν

282 3299 404 3355 τῶν
434 3300 567 3353 ὅλων
589 3300 743 3353 Θεόν.
769 3301 959 3363 Ὅπως
990 3299 1085 3370 μὲν
1107 3295 1200 3352 οὖν
1227 3296 1501 3367 ὀφείλουσι
1522 3295 1621 3368 ζῇν
1652 3298 1702 3349 οί
1732 3296 1871 3349 κατὰ

283 3392 336 3445 Χ
344 3392 524 3464 ριστὸν
544 3392 902 3465 μεμυημένοι,
922 3392 1013 3445 καὶ
1027 3392 1145 3454 οἵας
1161 3390 1511 3461 εὐχαριστίας
1528 3388 1871 3459 ἀναπέμπειν

281 3483 372 3555 τῷ
401 3483 518 3555 Θεῷ
548 3483 636 3538 διὰ
664 3483 925 3556 Χριστοῦ,
955 3484 1169 3555 εἴρηται
1200 3481 1289 3535 διὰ
1324 3481 1432 3535 τῶν
1472 3481 1866 3553 προλαϐόντων*

282 3576 496 3629 δίκαιον
534 3576 610 3643 δὲ,
647 3575 783 3647 μηδὲ
816 3577 942 3640 τοὺς
972 3576 1249 3647 ἀμυήτους
1284 3573 1601 3627 καταλιπεῖν
1630 3572 1870 3645 ἀϐοηθή-

282 3685 435 3733 τους.

1972 524 2177 597 gratias
2207 525 2443 596 agimus.
2478 523 2581 591 Qui
2628 531 2683 580 et
2718 538 2910 579 vocem
2955 523 3301 577 articulatam
3351 519 3549 577 dedisti

1973 620 2043 674 ad
2087 618 2526 684 confessionem;
2577 624 2632 673 et
2676 618 2918 688 linguam
2970 624 3185 686 aptam,
3231 613 3423 685 plectri
3472 612 3551 669 si-

1974 714 2192 778 milem,
2242 721 2501 783 tanquam
2546 726 2813 781 organum
2863 707 3182 778 subjecisti;
3232 714 3286 760 et
3332 712 3551 776 gustum

1973 807 2343 871 commodum,
2376 814 2429 861 et
2459 811 2668 859 tactum
2713 802 3147 863 convenientem,
3186 806 3240 854 et
3268 798 3445 854 visum
3482 797 3550 851 ad

1974 900 2358 971 spectandum,
2396 904 2452 953 et
2496 894 2744 951 auditum
2795 894 2864 949 ad
2895 891 3296 963 percipiendam
3337 904 3549 952 vocem,

1972 999 2027 1046 et
2068 991 2354 1045 odoratum
2405 989 2473 1043 ad
2514 988 2711 1042 odores
2758 984 3114 1049 bauriendos,
3159 991 3215 1038 et
3244 996 3439 1036 manus
3483 981 3551 1035 ad

1972 1100 2132 1154 opus,
2163 1091 2217 1139 et
2244 1082 2413 1153 pedes
2443 1081 2511 1136 ad
2542 1081 2987 1135 ambulationem.
3017 1076 3195 1148 Atque
3222 1075 3336 1129 hate
3369 1074 3552 1128 omnia

1972 1191 2040 1230 ex
2071 1190 2239 1245 parva
2270 1182 2424 1245 gutta
2471 1173 2677 1228 formas
2713 1172 2767 1225 in
2803 1178 2982 1235 utero,
3015 1184 3079 1224 ac
3107 1177 3231 1239 post
3272 1167 3554 1238 ﬁguratio-

1973 1282 2097 1322 nem
2131 1268 2371 1321 animam
2401 1266 2766 1320 immortalem
2790 1264 3001 1329 donas,
3034 1270 3087 1317 et
3126 1262 3184 1316 in
3220 1261 3397 1315 lucem
3426 1274 3556 1329 pro-

1974 1357 2154 1413 ducis.
2202 1358 2423 1412 Animal
2469 1358 2757 1421 rationale,
2796 1356 3094 1419 hominem,
3129 1354 3342 1425 legibus
3370 1353 3556 1409 erudi-

1970 1450 2123 1513 visti,
2148 1450 2642 1520 justilicalionibus
2694 1448 3029 1504 illustrasli:
3070 1447 3338 1502 inducens
3376 1446 3551 1502 disso-

1972 1540 2241 1597 lutionem
2274 1541 2343 1597 ad
2372 1542 2537 1597 breve
2573 1549 2812 1611 tempus,
2857 1540 3319 1595 resurrectionem
3349 1538 3555 1609 promi.

1970 1634 2115 1690 sisti.
2176 1632 2309 1700 Quae
2384 1633 2550 1704 igitur
2609 1634 2719 1687 vita
2784 1631 3060 1689 sulliciens
3128 1638 3183 1686 et
3232 1633 3554 1687 szeculorum

1977 1733 2181 1796 quanta
2213 1725 2585 1796 longinquitas
2614 1724 2929 1780 hominibus
2954 1724 3091 1780 satis
3120 1724 3226 1778 erit
3255 1723 3323 1777 ad
3351 1722 3557 1794 gratia-

1976 1833 2098 1873 rum
2121 1818 2438 1873 actionem?
2479 1816 2587 1871 Sed
2624 1817 2679 1872 id
2702 1817 2922 1887 quidem
2944 1831 3046 1887 pro
3075 1815 3342 1886 dignitate
3371 1831 3553 1886 agere.

1976 1910 2323 1981 impossibile
2352 1918 2477 1977 est;
2525 1925 2627 1981 pro
2650 1910 2864 1965 viribus
2904 1916 3088 1965 autem
3118 1916 3401 1979 praestare,
3429 1924 3557 1962 san-
3620 1966 3623 1969 Α

1975 2013 2123 2059 ctum
2164 2019 2228 2058 ac
2264 2004 2436 2074 pium.
2470 2001 2517 2033 “
2555 2002 2692 2058 Nam
2733 2002 2985 2058 exemisti
3025 2017 3128 2057 nos
3169 2016 3236 2055 ex
3282 2001 3559 2070 impietate

1974 2111 2164 2150 eorum
2201 2096 2294 2167 qui
2334 2095 2525 2166 plures
2550 2095 2685 2152 deos
2721 2096 2935 2159 colunt,
2974 2102 3031 2149 et
3060 2094 3309 2164 eripuisti
3343 2108 3372 2146 a
3410 2101 3557 2147 secta

1976 2187 2195 2242 illorum
2234 2186 2329 2258 qui
2353 2186 2638 2243 Christum
2665 2188 3010 2252 occiderunt,
3039 2186 3281 2242 liberasti
3309 2185 3378 2239 ab
3406 2185 3561 2255 igno—

1975 2280 2167 2335 rantiae
2195 2295 2386 2335 errore
2419 2298 2435 2336 ι
2477 2279 2757 2336 Christum
2789 2280 2857 2335 ad
2888 2279 3162 2343 homines,
3191 2278 3350 2348 quasi
3383 2277 3561 2331 homi-

1974 2387 2100 2426 nem
2135 2372 2357 2437 misisti,
2389 2373 2479 2441 qui
2517 2373 2685 2428 etiam
2718 2382 2804 2428 est
2827 2370 2972 2427 Deus
2998 2370 3317 2441 unigenitus
3352 2366 3559 2423 :Para~

1974 2466 2176 2520 oletum
2226 2466 2282 2519 in
2325 2465 2486 2520 nobis
2543 2463 2724 2520 fecisti
2776 2463 3067 2531 habitare;
3128 2461 3351 2532 angelos
3400 2459 3560 2515 nobis

1975 2556 2301 2627 praefecisti;
2331 2557 2610 2611 diabolum
2636 2555 2908 2612 dedecore
2935 2556 3244 2626 aspersisti;
3278 2568 3401 2619 nos,
3432 2568 3558 2606 cum

1975 2666 2084 2704 non
2113 2664 2387 2714 essemus,
2438 2649 2638 2715 fecisti,
2674 2649 2851 2705 iactos
2890 2664 3220 2715 conservas;
3253 2648 3422 2703 vitam
3460 2647 3560 2700 ad-

1974 2740 2227 2806 metiris,
2292 2741 2611 2812 suppeditas
2671 2742 3113 2807 nutrimentum;
3180 2739 3556 2811 pamitentiam

1974 2834 2255 2905 pollicitus
2276 2850 2357 2891 es.
2392 2834 2499 2889 Pro
2524 2835 2783 2891 omnibus
2825 2835 2927 2890 tibi
2952 2834 3126 2907 gloria
3168 2842 3223 2889 et
3251 2832 3555 2894 veneratio,

1978 2945 2071 2998 per
2089 2928 2275 2984 Iesum
2297 2927 2600 2993 Christum,
2630 2945 2800 2995 nunc,
2830 2939 2884 2985 et
2912 2944 3147 2998 semper,
3170 2935 3226 2983 et
3256 2926 3311 2981 in
3334 2926 3534 2985 sazcula

1974 3021 2166 3078 Amen.
2229 3021 2357 3077 Haec
2402 3021 2779 3087 meditamini,
2824 3020 3043 3087 fratres,
3090 3028 3146 3076 et
3196 3020 3267 3076 sit
3289 3018 3554 3074 Dominus

1976 3117 2265 3172 vobiscum
2302 3117 2357 3170 in
2392 3122 2561 3182 terra,
2605 3122 2660 3170 et
2693 3115 2749 3168 in
2780 3129 2951 3185 regno
2982 3112 3162 3167 Patris
3209 3112 3351 3182 ejus,
3386 3110 3478 3180 qui
3507 3120 3560 3164 ct

1976 3209 2128 3262 illum
2165 3208 2338 3272 misit,
2364 3215 2419 3263 et
2458 3223 2562 3262 nos
2599 3222 2696 3277 per
2724 3222 2850 3262 eum
2895 3206 3147 3260 liberavit
3196 3222 3265 3260 ex
3294 3206 3560 3260 servitute

1974 3301 2346 3372 corruptionis
2394 3300 2452 3355 in
2502 3299 2808 3355 libertatem
2856 3298 3045 3368 gloria:
3075 3300 3140 3362 ⁸⁷,
3193 3313 3259 3352 ac
3306 3297 3557 3368 promisit

1974 3394 2139 3447 vitam
2183 3393 2253 3448 iis
2293 3393 2386 3463 qui
2437 3408 2533 3462 per
2562 3392 2816 3447 eumdem
2864 3391 2921 3445 in
2967 3390 3137 3445 Deum
3179 3388 3557 3445 universitatis

1972 3482 2349 3541 crediderunt.
2405 3482 2878 3551 Quemadmodum
2918 3483 3086 3553 igitur
3114 3483 3296 3537 vivere
3324 3482 3557 3537 debeant

1977 3580 2070 3648 qui
2103 3579 2158 3633 in
2183 3578 2389 3634 Christi
2419 3578 2684 3649 religione
2713 3584 2842 3632 sunt
2870 3574 3092 3639 initiati,
3117 3582 3172 3630 et
3195 3589 3333 3644 quas
3359 3572 3558 3646 gratia-

1974 3687 2099 3725 rum
2146 3672 2393 3727 actiones
2416 3670 2528 3726 Deo
2556 3687 2653 3743 per
2674 3668 2955 3724 Christum
2990 3666 3273 3724 destinare
3293 3707 3308 3731 ,
3345 3666 3553 3721 dictum

282 3775 377 3821 est
415 3766 469 3820 in
510 3765 889 3837 superioribus
924 3779 1187 3834 :aequum
1216 3777 1349 3818 vero
1391 3769 1497 3825 est,
1552 3767 1612 3814 ut
1658 3767 1716 3815 et
1750 3776 1867 3828 eos,
1913 3765 2007 3834 qui
2042 3764 2244 3819 initiati
2285 3781 2393 3821 non
2454 3772 2603 3828 sunt,
2652 3763 2862 3818 auxilio
2901 3761 3195 3817 destitutos
3236 3776 3347 3815 non
3390 3758 3558 3815 relin-

281 3875 546 3930 qmmus.

798 3973 1192 4027 ΚΕΦΛΛΑΙΟΝ
1230 3972 1329 4026 ΛΘ¹
1340 4009 1351 4024 .

282 4088 495 4153 Ὅπως
532 4086 649 4156 χρὴ
688 4086 831 4153 τοὺς
860 4087 1361 4157 ,κατηχουμένους
1406 4086 1869 4154 στοιχειοῦσθαι.

376 4180 435 4234 ὐ
472 4181 677 4252 μέλλων
724 4181 905 4235 τοίνυν
946 4181 1300 4253 κατηχεῖσθαι
1332 4180 1422 4233 τὸν
1455 4179 1611 4248 λόγον
1644 4178 1745 4249 τῆς
1781 4180 1873 4230 εὐ·

283 4274 530 4341 σεϐείας,
568 4273 907 4328 παιδευέσθω
946 4275 1052 4346 πρὸ
1084 4273 1177 4327 τοῦ
1214 4272 1587 4343 βαπτίσματος
1619 4270 1716 4343 τὴν
1747 4270 1875 4341 περὶ

281 4366 385 4419 τοῦ
447 4366 741 4439 ἀγεννήτου
788 4366 1010 4435 γνῶσιν,
1057 4366 1157 4437 τὴν
1206 4367 1335 4438 περὶ
1372 4364 1504 4418 Υίοῦ
1555 4363 1874 4436 μονογενοῦς

281 4431 607 4529 ἐπίγνωσιν,
632 4431 735 4532 τὴν
765 4431 893 4531 περὶ
921 4431 1014 4513 τοῦ
1056 4431 1213 4528 ἁγίου
1248 4431 1568 4528 Ιίνεὺματος
1589 4431 1872 4536 My;

1979 4463 2129 4510 certa
2156 4453 2224 4510 de
2249 4452 2457 4524 Spiritu
2501 4460 2711 4509 sancto.
2766 4451 2949 4507 Discat
2991 4451 3288 4507 creationis
3320 4450 3556 4504 diversa:
3638 4431 3691 4507 .°

266 4555 451 4633 ﬁll.-
475 4553 808 4609 Μανθανέτω
851 4551 1207 4623 δημιουργίας
1235 4551 1493 4623 διαφόρου
1535 4546 1708 4615 τάξιν,
1741 4564 1874 4618 προ-

282 4648 440 4712 νοίας
470 4648 657 4720 εἱρμὸν
678 4690 694 4713 ,
728 4646 1049 4717 νομοθεσίας
1081 4645 1339 4717 διαφόρου
1370 4644 1710 4714 δικαστήρια.
1744 4642 1875 4694 Παι-

281 4740 528 4794 δευέσθω
566 4740 707 4794 διατί
746 4740 949 4811 κόσμος
987 4738 1206 4807 γέγονε,
1244 4738 1337 4791 καὶ
1381 4737 1447 4790 δι’
1483 4736 1512 4789 ὃ
1542 4734 1874 4806 κοσμοπολί-

282 4850 392 4905 της
419 4832 529 4905 (15)
559 4835 589 4887 ό
614 4832 896 4905 ἄνθρωπος
950 4831 1205 4903 κατέστη.
1275 4830 1715 4899 Ἐπιγινωσκέτω
1774 4828 1875 4899 τὴν

2509 3964 2739 4020 CAPUT
2781 3964 3024 4021 XXXIX.

2154 4080 2427 4148 Quomodo
2454 4090 2692 4149 oporteat
2721 4081 3116 4137 catechumenos
3142 4080 3377 4135 institui.

2049 4174 2155 4239 Qui
2183 4190 2312 4245 ergo
2349 4174 2417 4228 ad
2441 4175 2749 4229 doctrinam
2778 4174 3003 4245 pietatis
3051 4172 3413 4228 instruendus
3446 4183 3553 4233 est,

1975 4266 2261 4321 erudiatur
2293 4274 2419 4321 ante
2438 4265 2774 4337 baptismum
2833 4268 2888 4321 in
2923 4266 3154 4321 scientia
3190 4265 3257 4321 de
3284 4264 3554 4335 l'ngenito,

1979 4362 2037 4416 in
2079 4360 2391 4431 cognitione
2430 4359 2498 4415 de
2533 4358 2671 4415 Filio
2730 4360 3040 4430 unigenito,
3089 4358 3144 4411 in
3197 4356 3558 4428 persuasione

1981 4547 2259 4612 ordinem,
2305 4546 2663 4618 providentia:
2716 4545 2947 4610 seriem,
2992 4544 3159 4598 varia:
3195 4542 3557 4614 legislationis

1981 4641 2295 4696 tribunalia.
2348 4639 2643 4694 Erudiatur
2671 4652 2842 4709 quare
2892 4636 3131 4691 mundus
3171 4636 3242 4690 sit
3272 4634 3471 4699 factus,
3502 4643 3557 4687 et

1981 4750 2083 4788 cur
2126 4734 2317 4789 mundi
2360 4733 2499 4789 civis
2541 4732 2705 4787 homo
2754 4730 3090 4787 constitutus
3143 4730 3236 4784 sit.
3282 4727 3557 4798 Agnoscat

1986 4834 2241 4882 naturam
2284 4841 2474 4891 suam,
2514 4839 2764 4895 quaenam
2816 4824 2909 4878 sit.
2961 4821 3234 4877 Doceatur
3281 4818 3555 4890 quomodo

364 4989 412 5027 ³⁸
447 4989 486 5043 1.
518 4987 687 5059 lgnat.
721 4988 973 5058 interpol.
1011 4987 1079 5042 ad
1120 4986 1299 5047 Trall.
1325 4986 1381 5051 6,
1416 4986 1484 5040 ad
1519 4986 1731 5042 Philad.
1757 4986 1810 5039 6.
1888 4985 1931 5015 "'
1954 4982 2112 5038 Rom.
2139 4999 2261 5052 Vill,
2290 4982 2380 5040 21.

1612 5139 1973 5196 VARIORUM
2010 5140 2239 5195 NOTAE.

390 5324 443 5393 8)
482 5324 656 5393 Πρός.
693 5322 829 5379 Cod.
866 5322 1027 5379 Vind.
1066 5326 1164 5387 είς.
1197 5323 1367 5379 CLsa.

389 5393 444 5461 9)
480 5393 880 5461 Διαπλάττεις.
924 5394 1059 5451 Cod.
1092 5393 1256 5449 Vind.
1282 5394 1600 5459 διαπλάσας.
1646 5396 1729 5455 lo.

393 5464 480 5532 10)
532 5467 646 5532 Ὧς.
690 5464 851 5520 Deest
882 5467 937 5520 in
967 5465 1092 5522 cod.
1120 5464 1282 5520 Vind.
1315 5464 1391 5521 In.

394 5536 479 5608 11)
518 5538 620 5591 Διὰ
653 5536 854 5604 Ἰησοῦ
881 5536 1155 5608 Χριστοῦ.
1196 5536 1332 5591 Cod.
1368 5536 1532 5608 Vind.
1570 5537 1707 5608 μετά
1737 5538 1872 5608 Χρι-

289 5607 427 5678 στοῦ
455 5606 549 5663 καὶ
577 5607 891 5678 Πνεύματος
911 5607 1086 5678 ἁγίου.
1112 5606 1407 5678 Doxologia
1422 5606 1747 5673 orthodoxa,
1775 5606 1875 5678 pro

288 5676 577 5739 Arianica,
601 5686 663 5733 ut
692 5676 748 5733 et
778 5677 930 5732 alibi.
969 5677 1045 5732 Io.

369 5747 494 5875 (12)
518 5749 628 5803 Kal
661 5750 770 5803 ἀεί.
814 5746 1170 5817 Omittuntur,
1219 5756 1272 5805 et
1298 5749 1518 5821 quidem
1558 5750 1772 5811 merito,
1811 5751 1866 5805 in

369 5818 423 5875 d.
500 5819 893 5875 indobonensi:
926 5822 1208 5875 sequentia
1238 5821 1382 5875 enim
1411 5823 1574 5875 verba
1606 5822 1658 5875 id
1688 5821 1865 5875 ipsum

289 5818 423 5875 ωιι.
451 5818 893 5889 Vindobonensi;
926 5822 1208 5893 sequentia
1238 5818 1382 5877 enim
1411 5823 1574 5879 verba
1606 5822 1658 5877 id
1688 5821 1865 5892 ipsum

1975 5324 2309 5385 exprimunt.
2346 5322 2419 5377 lo.

2056 5391 2169 5510 9‘5)
2214 5391 2686 5460 Κοσμοπολίτης.
2724 5390 2837 5447 Hoc
2877 5401 2996 5460 est,
3028 5395 3181 5462 juxta
3230 5390 3548 5445 Ciceronem

2114 5459 2525 5510 usculanarum-
2574 5471 2629 5510 et
2682 5460 2739 5510 S-
2803 5462 3146 5510 Ambrosium
3201 5460 3548 5510 Enarrationc

1984 5473 2018 5509 v
2068 5459 2525 5525 Tusculanarum,
2574 5459 2629 5517 et
2682 5460 2739 5517 S.
2803 5459 3146 5518 Ambrosium
3200 5460 3550 5515 Enarralionc

1981 5525 2051 5582 ad
2086 5526 2369 5594 Sabinum,
2408 5532 2569 5585 totius
2605 5532 2789 5588 mundi
2832 5533 3007 5598 incolo
3037 5541 3086 5587 et
3131 5534 3291 5592 civis;
3324 5530 3550 5598 κόσμιος

1977 5602 2185 5659 Socrati
2225 5603 2367 5672 apud
2397 5600 2774 5672 Plutarchum,
2811 5598 2950 5654 libro
2963 5597 3057 5672 _De
3083 5598 3294 5672 cnsilio;
3324 5596 3554 5672 mundo-

1972 5693 2092 5737 nus,
2114 5667 2409 5744 interprete
2426 5669 2616 5744 Iullio
2646 5671 2736 5725 ubi
2755 5684 2942 5744 supra.
2962 5667 3333 5744 Tertullianus
3355 5668 3553 5744 Apolo-

1972 5746 2123 5817 gctici
2150 5738 2283 5817 cap:
2301 5742 2399 5797 38:
2424 5740 2595 5817 Quam
2625 5738 2857 5797 omnium
2885 5738 3277 5809 Rempublicam
3307 5738 3545 5811 agnosci-

1976 5811 2091 5872 inus
2126 5811 2396 5869 mundum.
2430 5811 2565 5868 ϐοῒ.

3582 2832 3596 3039 ἕ
