3946 6334
256 325 395 380 1045

1142 316 1742 375 CONSTITUTIONES
1780 314 2479 374 APOSTOLICIE.—LIB.
2520 314 2627 370 Vll.

3378 313 3515 369 {NG

250 438 508 513 προνδίας
538 438 833 508 ἐποιήσατο
855 454 867 465 ·
900 436 1022 489 τότε
1048 434 1158 506 (55)
1192 433 1360 504 Ἀδὰμ
1390 432 1537 504 αὐτῷ
1567 435 1623 485 ὲν
1654 450 1832 503 παρα-

1941 440 2067 485 tunc
2094 429 2199 500 ipsi
2224 429 2434 484 Adamo
2461 430 2515 484 in
2547 428 2835 499 paradiso;
2881 429 3116 498 primum
3163 429 3380 499 quidem
3427 446 3516 485 ras

248 532 431 601 δείσῳ,
468 529 682 601 πρῶτον
715 529 813 599 μὲν
838 528 1050 598 τρυφῆς
1087 526 1230 596 λόγῳ
1262 526 1353 578 τὸν
1394 524 1722 596 παράδεισον
1754 525 1833 575 οἱ·

249 625 390 695 κητή
400 640 511 694 ριον
534 623 676 685 δοὺς,
704 621 892 674 ἔπειτα
919 619 1175 691 προνοίας
1196 618 1338 687 λόγῳ
1361 616 1579 688 ἐντολὴν
1608 617 1836 687 ποιησά-

252 734 414 787 μενος
434 732 447 745 ⁸
484 714 793 785 ἁμαρτόντα
822 712 900 775 δὲ,
933 711 1248 783 δικαιοσύνῃ
1286 707 1510 773 ὲξώσας,
1541 708 1835 780 ἀγαθότητι

248 808 305 861 δὲ
341 808 413 879 μὴ
443 806 757 878 ἀπορρίψας
795 806 875 867 είς
914 803 976 857 τὸ
1012 803 1292 865 παντελὲς,
1324 800 1459 855 ἀλλὰ
1486 802 1580 853 καὶ
1614 801 1740 863 τοὺς
1777 799 1837 864 ἐξ

248 898 419 953 αὑτοῦ
450 899 591 952 κατὰ
617 897 865 968 διαδοχὴν
894 896 1164 967 διαφόρως
1203 893 1523 957 παιδεύσας·
1559 892 1624 946 δι’
1655 892 1853 975 hii!

246 989 311 1041 τὸ
338 988 513 1065 τέρμέ
526 987 620 1042 τοῦ
646 988 841 1063 aM
870 986 1154 1041 ἀπέστειλε
1177 987 1267 1039 τὸν
1296 986 1423 1039 Υἱὸν
1446 984 1609 1038 αὐτοῦ
1631 984 1837 1056 ἄνθρω-

248 1097 356 1134 πον
399 1079 651 1149 γενέσθαι
689 1078 753 1132 δι’
785 1078 1125 1150 ἀνθρώπους,
1163 1080 1257 1133 καὶ
1293 1077 1469 1131 πάντα
1512 1076 1582 1130 τὰ
1629 1076 1837 1147 ἀνθρώ-

250 1190 384 1226 πινα
446 1171 591 1243 πάθη
649 1170 1038 1235 ἀναδέξασθαι,
1095 1172 1265 1243 χωρὶς
1318 1170 1611 1242 ἁμαρτίας.
1666 1170 1837 1222 Αὑτὸν

245 1260 346 1316 οὖν
387 1266 479 1316 καὶ
522 1263 617 1316 νῦν
672 1263 1059 1333 παρακαλείτω
1111 1266 1139 1316 6
1192 1264 1370 1335 ἱερεὺς
1423 1262 1560 1333 πρὸς
1608 1261 1686 1332 τῷ
1739 1261 1835 1331 βα-

246 1356 547 1425 πτίσματι,
587 1356 681 1409 καὶ
707 1355 942 1425 λεγέτω,
975 1356 1300 1410 ὃτι-Κάτιδε
1346 1355 1407 1421 ἐξ
1452 1353 1701 1426 ούρανοῦ,
1744 1354 1837 1408 καὶ

247 1447 480 1516 ἁγίασον
525 1447 585 1500 τὸ
625 1446 767 1519 ὕδωρ
816 1447 1009 1501 τοῦτο·
1053 1448 1141 1512 δὸς
1175 1448 1230 1502 δὲ
1268 1448 1378 1519 (54)
1418 1449 1576 1519 χάριν
1610 1448 1704 1499 καὶ
1743 1446 1835 1499 δύ-

244 1558 435 1611 ναμιν,
453 1540 593 1593 ὥστε
624 1540 714 1593 τὸν
743 1539 1153 1611 βαπτιζόμενον,
1186 1544 1304 1595 κατ’
1334 1540 1550 1611 ἐντολὴν
1578 1538 1671 1591 τοῦ
1701 1540 1836 1610 Χρι-

249 1632 380 1685 στοῦ
430 1648 545 1697 σου,
587 1630 736 1703 αὐτῷ
774 1632 1248 1703 συσταυρωθῆναι,
1298 1634 1378 1695 είς
1423 1630 1833 1695 συναποθανεῖν,

246 1724 347 1776 καὶ
378 1724 733 1794 συνταφῆναι,
766 1726 858 1777 καὶ
890 1726 1283 1796 συναναστῆναι
1306 1726 1387 1788 εἰς
1412 1718 1699 1778 ὐἱοθεσίαν
1736 1727 1835 1799 τὴν

1937 524 2084 578 tione
2113 522 2435 577 deliciarum
2460 522 2608 577 dedit
2652 521 2728 575 illi
2774 520 3090 590 paradisum
3135 520 3188 575 in
3218 520 3517 577 habitatio.

1938 630 2095 680 nem;
2126 612 2322 668 deinde
2350 613 2564 667 ratione
2594 609 2951 682 providentia:
2986 610 3302 665 mandatum
3346 612 3519 667 tradi-

1938 706 2053 771 dit;
2099 712 2223 776 post
2256 713 2540 775 peccatum
2572 712 2754 758 autem
2775 742 2790 768 ,
2838 719 2936 773 per
2964 703 3227 772 iustitiam
3255 719 3380 758 eum
3422 720 3517 759 ex-

1939 799 2098 867 pulit,
2130 813 2228 867 per
2257 798 2555 851 bonitatem
2589 812 2720 851 vero
2760 812 2869 850 non
2914 812 2981 851 ex
3026 804 3138 850 toto
3167 796 3387 867 ahjecit,
3420 798 3516 854 sed

1937 896 1991 943 et
2022 898 2272 961 posteros
2300 889 2423 957 ejus
2464 889 2709 944 vicissim
2740 888 2975 943 erudivit
3019 888 3253 945 diversis
3294 889 3515 947 modis:

1938 992 2158 1053 propter
2185 999 2345 1055 quem
2372 983 2427 1037 in
2450 990 2695 1038 extremo
2722 983 2906 1038 saeculi
2936 981 3086 1037 misit
3108 981 3305 1037 Filium
3330 1000 3513 1051 suum,

1938 1083 1998 1130 ut
2024 1076 2188 1130 homo
2219 1075 2372 1131 ﬁeret
2406 1076 2686 1130 hominum
2718 1091 2905 1142 causa,
2946 1084 2999 1131 et
3028 1090 3219 1132 omnes
3249 1077 3517 1137 humanos

1938 1165 2187 1230 all‘ectns,
2214 1176 2439 1237 excepto
2469 1176 2713 1237 peccato,
2750 1169 3075 1237 susciperet.
3105 1167 3287 1238 lpsum
3314 1186 3443 1240 ergo
3463 1180 3517 1225 et

1939 1275 2087 1313 nunc
2113 1259 2327 1314 invocet
2358 1259 2616 1315 sacerdos
2660 1259 2764 1314 sub
2807 1260 3143 1330 baptismum
3170 1301 3185 1325 ,
3232 1276 3296 1315 ac
3326 1263 3513 1319 dicat:

1938 1349 2171 1421 Respice
2191 1350 2259 1406 de
2282 1352 2444 1416 cmlo,
2469 1359 2523 1406 et
2553 1350 2835 1407 sanctiﬁca
2862 1353 3003 1405 hanc
3027 1368 3260 1423 aquam;
3289 1353 3357 1407 da
3385 1371 3518 1411 vero

1936 1443 2169 1513 gratiam
2210 1452 2264 1498 et
2302 1444 2580 1508 virtutem,
2614 1456 2674 1497 ut
2703 1444 2796 1515 qui
2831 1446 3165 1515 baptizatur,
3215 1448 3516 1502 secundum

1938 1534 2257 1590 mandatum
2298 1534 2499 1591 Christi
2531 1537 2607 1591 tui
2629 1577 2643 1602 ,
2680 1553 2805 1591 cum
2837 1538 3027 1593 eodem
3058 1538 3430 1609 cruciﬁgatur,
3463 1548 3517 1595 et

1939 1628 2353 1693 commoriatnr,
2388 1638 2442 1684 et
2472 1631 2895 1701 consepeliatur,
2938 1639 2994 1686 et
3024 1633 3430 1687 consuscitetur
3460 1634 3515 1688 in

1941 1718 2287 1790 adoptionem
2329 1738 2449 1792 quae
2497 1722 2553 1777 in
2600 1738 2666 1779 eo
2713 1723 2791 1785 lit,
2840 1730 2901 1777 ut
2948 1723 3248 1793 perimatur
3293 1724 3515 1795 quidem

246 1816 305 1867 ὲν
323 1815 493 1887 αὐτῷ,
525 1816 601 1887 τῷ
629 1815 965 1888 νεκρωθῆναι
989 1818 1084 1889 μὲν
1111 1820 1176 1887 τῇ
1207 1817 1468 1887 ἁμαρτίᾳ.
1498 1818 1659 1889 ζῆσαι
1682 1817 1738 1872 δὲ
1764 1822 1830 1890 τῇ

1942 1823 2188 1882 peccato,
2234 1814 2381 1869 vivat
2421 1823 2601 1871 autem
2646 1815 2893 1887 justitize.
2938 1816 3004 1870 Et
3050 1826 3175 1888 post
3208 1818 3345 1883 hoc,
3388 1833 3515 1875 cum

244 1908 582 1982 δικαιοσύνῃ.
630 1910 740 1962 Καὶ
780 1909 918 1980 μετά
944 1910 1122 1973 τοῦτο,
1165 1910 1433 1980 βαπτίσας
1472 1911 1631 1964 αὐτὸν
1666 1911 1725 1963 ὲν
1761 1912 1837 1982 τῷ

1941 1908 2296 1979 baptizaverit
2323 1925 2447 1964 eum
2480 1909 2537 1963 in
2567 1910 2789 1965 nomine
2816 1908 3016 1973 Patris,
3046 1887 3100 1964 et
3129 1908 3277 1974 Filii,
3305 1918 3363 1967 et
3392 1909 3517 1982 Spi-

245 1999 472 2070 όνόματι
504 2000 597 2053 τοῦ
642 2001 876 2074 Πατρὸς,
925 2002 1020 2055 καὶ
1065 2000 1160 2054 τοῦ
1204 2000 1359 2064 Υἱοῦ,
1409 2003 1630 2056 καὶτοῦ
1678 2004 1834 2072 ἁγίου

249 2090 586 2163 Πνεύματος,
620 2093 863 2165 χρισάτω
894 2094 1070 2166 μύρῳ,
1103 2094 1392 2163 ἐπιλέγωνο

762 2187 1157 2240 ΚΕΦΑΛΑΙΟΝ
1191 2187 1321 2240 ΜΔ’.

432 2275 571 2344 Περὶ
603 2276 707 2331 τοῦ
734 2278 1034 2347 μυστικοῦ
1066 2282 1261 2348 μύρου
1289 2280 1655 2349 εὐχαριστία.

323 2367 493 2440 Κύριε
522 2370 551 2421 6
578 2368 730 2433 Θεὸς,
760 2372 789 2423 ὁ
817 2370 1110 2441 ἀγέννητος
1122 2373 1189 2437 ⁷⁷,
1220 2372 1314 2426 καὶ
1332 2372 1643 2438 ἀδέσποτος,
1673 2374 1701 2426 6
1729 2374 1837 2427 τῶν

246 2458 389 2511 δὶων
426 2460 647 2532 Κύριος,
676 2463 705 2514 6
731 2462 830 2534 τὴν
858 2463 1033 2534 ὀσμὴν
1060 2463 1161 2533 τῆς
1188 2464 1441 2533 γνώσεως
1470 2464 1563 2519 τοῦ
1594 2466 1837 2535 Εὐαγγε-

247 2550 366 2604 λίου
394 2554 450 2604 ὲν
478 2554 611 2606 πᾶσι
655 2557 768 2617 τοῖς
797 2552 1005 2607 ἔθνεσιν
1034 2553 1263 2625 εὔοσμον
1308 2556 1736 2628 παρασχόμενος·
1772 2559 1836 2612 σὺ

247 2644 353 2711 καὶ,
374 2643 468 2697 νῦν
495 2645 653 2699 τοῦτο
679 2646 739 2699 τὸ
770 2646 940 2718 μύρον
968 2646 1056 2710 δὸς
1082 2648 1303 2719 ὲνεργὲς
1334 2649 1588 2717 γενέσθαι
1628 2650 1721 2702 ἐπὶ
1759 2650 1838 2721 τῷ

251 2734 653 2808 βαπτιζομένῳ,
683 2737 823 2791 ὥστε
852 2737 1075 2808 βεϐαίαν
1106 2740 1200 2792 καὶ
1243 2740 1439 2809 πάγιον
1478 2742 1536 2794 ὲν
1563 2742 1713 2813 αὐτῷ
1739 2744 1837 2815 τὴν

247 2828 479 2881 εὐωδίαν
510 2833 692 2900 μεῖναι
718 2829 814 2883 τοῦ
844 2832 1080 2903 Χριστοῦ
1122 2849 1236 2897 σου,
1266 2834 1359 2886 καὶ
1406 2834 1837 2889 συναποθανόντα

245 2922 414 2975 αὑτὸν
444 2922 838 2993 συναναστῆναι
882 2924 977 2976 καὶ
1009 2923 1240 2994 suam:
1282 2924 1433 2996 αὐτῷ
1474 2925 1607 2997 (55).
1650 2926 1839 2981 Ταῦτα

248 3013 348 3066 καὶ
394 3013 463 3067 τὰ
506 3014 715 3077 τούτοις
759 3013 1026 3068 ἀκόλουθα
1069 3015 1294 3084 λεγέτω.
1337 3017 1597 3073 Ἐκάστου
1646 3018 1755 3091 γὰρ
1801 3022 1834 3092 ή

242 3104 478 3176 δύναμις
505 3105 605 3175 τῆς
632 3105 967 3177 χειροθεσίας
995 3108 1141 3160 ἐστὶν
1169 3107 1330 3180 αὕτη·
1373 3109 1468 3163 ἐὰν
1497 3110 1605 3183 γὰρ
1654 3112 1726 3183 μὴ
1759 3114 1838 3176 εἰς

244 3196 483 3249 ἕκαστον
513 3196 624 3267 (56)
672 3198 875 3251 τούτων
920 3199 1210 3291 ἐπίκλησις
1257 3200 1481 3271 γένηται
1526 3202 1678 3275 παρὰ
1723 3202 1834 3275 (57)
1864 3236 1906 3291 C

243 3287 344 3341 τοῦ
378 3288 631 3353 εὐσεϐοῦς
661 3291 850 3361 ἱερέως
876 3290 1098 3363 τοιαύτη
1127 3308 1230 3355 τις,
1270 3293 1349 3355 είς
1377 3291 1521 3364 ὕδωρ
1562 3294 1719 3365 μόνον
1747 3312 1839 3348 κα-

242 3380 497 3433 ταϐαίνει
525 3384 554 3434 6
584 3380 992 3453 βαπτιζόμενος,
1025 3384 1100 3447 ὡς
1141 3384 1382 3437 Ἰουδαῖοι
1412 3385 1545 3456 (58),
1576 3387 1671 3440 καὶ
1699 3389 1838 3441 ἀπο-

244 3472 457 3525 τίθεται
490 3473 650 3544 μόνον
678 3474 769 3527 τόν
801 3474 970 3546 ῥύπον
999 3475 1093 3528 τοῦ
1127 3475 1396 3546 σώματος,
1440 3480 1502 3531 οὐ
1543 3480 1634 3532 τὸν
1668 3480 1837 3552 ῥύπον

244 3564 352 3633 τῆς
379 3564 575 3635 ψυχῆς.
609 3566 765 3619 Μετὰ
788 3566 967 3628 τοῦτο,
1001 3567 1171 3631 ἑστὼς
1199 3568 1581 3640 προσευχέσθω
1626 3572 1723 3643 τὴν
1752 3574 1840 3625 εὑ-

246 3657 353 3725 χὴν
386 3656 452 3726 ἢν
482 3656 716 3721 ἐδίδαξεν
746 3660 895 3729 ἡμᾶς
931 3660 959 3711 6
1006 3658 1209 3731 Κύριος
1249 3661 1381 3731 (59)·
1430 3662 1740 3729 ἀναγκαίως
1783 3664 1838 3718 δὲ

243 3746 342 3799 τὸν
371 3748 674 3801 ἀναστάντα
701 3749 777 3801 δεῖ
806 3751 1028 3805 ἑστάναι
1058 3753 1154 3805 καὶ
1193 3752 1613 3824 προσεύχεσθαι,
1644 3754 1733 3808 διὰ
1778 3756 1840 3809 τὸ

240 3839 343 3891 τὸν
402 3841 743 3913 ἐγειρόμενον
787 3844 967 3916 όρθιον
1012 3843 1168 3900 εἶναι·
1219 3847 1314 3899 καὶ
1370 3848 1531 3911 αὐτὸς
1575 3844 1666 3901 οὖν
1718 3865 1841 3903 συν-ο

241 3933 538 3988 αποθανὼν
554 3936 631 4007 τῷ
651 3938 870 4008 Χριστῷ
882 3941 974 3992 καὶ
998 3939 1359 4011 συνεγερθεὶς,
1384 3940 1645 4011 πηκέτω.
1672 3941 1839 4011 Προσ-

242 4026 492 4097 ευχέσθω
511 4030 567 4082 δὲ
588 4032 727 4084 κατὰ
756 4019 1015 4095 ἀνατολάς
1030 4032 1159 4103 (40)·
1184 4035 1277 4086 κα)¹
1306 4032 1414 4105 γὰρ
1446 4034 1541 4086 καὶ
1568 4032 1723 4086 τοῦτο
1741 4034 1835 4100 γέ·-

243 4133 493 4189 γραπται
516 4122 572 4174 ὲν
587 4126 652 4194 τῇ
669 4123 896 4195 δευτέρᾳ
923 4124 1029 4178 τῶν
1045 4124 1560 4196 Παραλειπομένων,
1584 4126 1666 4177 ὃτι
1699 4123 1836 4196 μετὰ

239 4210 310 4263 τὸ
332 4214 744 4285 συντελεσθῆναι
765 4216 855 4269 τὸν
877 4216 1001 4269 ναὸν
1024 4215 1117 4268 τοῦ
1137 4218 1341 4288 Κυρίου
1356 4216 1460 4270 ὑπὸ
1470 4215 1562 4270 τοῦ
1581 4216 1842 4287 βασιλέως

244 4305 612 4375 Σολομῶντος,
644 4310 701 4361 ἐν
730 4307 880 4378 αύτῷ
905 4308 983 4379 τῷ
1011 4308 1351 4379 ὲγκαινισμῴ
1377 4310 1425 4361 οί
1458 4310 1640 4380 ἱερεῖς,
1670 4312 1763 4361 καὶ
1791 4309 1839 4360 οἱ

249 4399 490 4463 Λευῖται,
523 4402 615 4453 καὶ
643 4402 692 4453 οἱ
736 4401 1026 4471 ψαλτῳδοὶ,
1061 4400 1199 4472 μετὰ
1244 4401 1537 4472 κυμϐάλων
1566 4401 1661 4455 καὶ
1705 4400 1841 4470 ψαλ-

320 4538 368 4568 ⁷⁷
392 4537 759 4610 αι.ἀγὲνητος.
836 4540 883 4571 ⁷⁸
908 4536 1099 4593 Matth.
1128 4553 1202 4604 v1,
1220 4535 1275 4591 9.

1938 2001 2077 2057 ritus
2105 2002 2302 2068 sancti,
2336 2002 2469 2057 linat
2494 2010 2796 2072 unguento,
2830 2016 2897 2056 ac
2922 2002 3089 2057 dicat:

2500 2181 2729 2237 CAPUT
2766 2182 2949 2238 XLIV.

2151 2274 2226 2329 De
2266 2277 2485 2346 mystico
2516 2284 2778 2346 unguento
2808 2277 2948 2330 actio
2977 2279 3299 2347 gratiarum.

2010 2364 2237 2422 Domine
2261 2366 2423 2432 Deus,
2459 2368 2551 2438 qui
2581 2368 2856 2437 ingenitus
2891 2385 2973 2433 es,
3004 2378 3057 2424 et
3087 2370 3365 2425 dominum
3405 2389 3513 2428 non

1938 2458 2131 2524 habes,
2164 2459 2281 2530 ipse
2326 2460 2570 2516 omnium
2614 2459 2910 2528 Dominus;
2942 2464 3035 2532 qui
3068 2464 3289 2518 odorem
3322 2466 3514 2537 cogni-

1939 2551 2107 2606 tionis
2128 2550 2402 2623 Evangelii
2433 2552 2488 2605 in
2520 2552 2776 2609 omnibus
2816 2555 3069 2624 gentibus
3114 2571 3333 2612 suavem
3378 2574 3511 2626 pne—

1940 2643 2108 2699 buisti
2142 2663 2156 2699 :
2188 2651 2245 2698 tu
2270 2653 2324 2699 et
2348 2660 2493 2699 nunc
2519 2652 2715 2713 praesta
2746 2654 2805 2699 ut
2834 2646 2936 2701 hoc
2960 2656 3295 2718 unguentum
3326 2649 3513 2705 ellicax

1942 2734 2035 2788 ﬁat
2062 2735 2116 2789 in
2153 2736 2460 2807 baptizato;
2496 2752 2604 2806 quo
2651 2736 2807 2791 lirma
2845 2746 2899 2793 et
2939 2740 3154 2795 stabilis
3202 2751 3419 2797 maneat
3461 2744 3515 2799 in

1941 2827 2061 2897 ipso
2091 2828 2390 2899 fragrantia
2425 2829 2628 2885 Christi
2671 2829 2770 2895 tui,
2819 2832 2906 2885 cui
2964 2831 3083 2901 ipse
3118 2842 3514 2900 commortuus,

1940 2922 2346 2975 consuscitetur
2376 2935 2440 2975 ac
2471 2921 2745 2976 convivat.
2785 2921 2910 2977 Haec
2950 2931 3003 2979 et
3031 2923 3116 2979 his
3152 2935 3515 2981 consentanea

1940 3012 2206 3083 proferat.
2247 3012 2385 3066 Nam
2426 3013 2543 3068 haec
2582 3021 2666 3068 est
2709 3020 2953 3084 potestas
2994 3016 3362 3086 impositionis
3400 3034 3517 3072 ma-

1940 3088 2115 3160 nuum
2143 3104 2439 3175 unicuique
2463 3104 2620 3161 factae
2647 3124 2660 3160 :
2692 3106 2799 3162 nisi
2827 3107 2970 3161 enim
3004 3108 3060 3162 in
3093 3111 3523 3181 unumquodque

1940 3212 2130 3251 eorum
2155 3197 2283 3251 talis
2312 3198 2579 3268 quaepiam
2613 3198 2886 3253 invocatio
2917 3216 2946 3253 a
2981 3200 3070 3270 pio
3100 3203 3383 3257 sacerdote
3414 3204 3517 3258 ad-

1940 3288 2226 3354 hibeatur,
2260 3290 2352 3360 qui
2382 3290 2709 3359 baptizatur,
2737 3290 2791 3344 in
2826 3307 3021 3362 aquam
3054 3301 3260 3348 tantum
3290 3296 3507 3352 descen-

1938 3379 2039 3444 dit,
2064 3390 2123 3435 ut
2147 3380 2343 3445 Judaei,
2368 3390 2422 3436 et
2446 3384 2693 3453 corporis
2720 3390 2930 3437 tantum
2962 3385 3176 3449 sordes,
3204 3402 3309 3440 non
3333 3396 3517 3444 autem

1939 3472 2137 3526 anima:
2176 3472 2420 3542 deponit.
2452 3472 2583 3529 Post
2625 3474 2757 3539 hoc,
2792 3483 2946 3531 stans
2994 3475 3144 3530 dicat
3186 3477 3513 3544 orationem,

1939 3578 2102 3633 quam
2133 3563 2320 3618 docuit
2350 3580 2450 3620 nos
2483 3564 2747 3621 Dominus
2774 3566 2821 3598 ⁷⁸
2856 3586 2869 3621 :
2905 3567 3135 3631 scilicet,
3181 3570 3275 3638 qui
3306 3573 3511 3625 ‘resur-

1938 3654 2100 3720 rexit,
2142 3656 2457 3711 necessario
2501 3656 2662 3712 debet
2716 3666 2862 3713 stare
2911 3672 2975 3711 ac
3028 3674 3207 3727 orare,
3254 3663 3510 3732 quoniam

1941 3748 2035 3818 qui
2079 3749 2345 3819 exsurgit,
2379 3757 2599 3805 erectus
2639 3758 2765 3805 est:
2803 3760 2857 3829 et
2892 3751 3011 3822 ipse
3053 3752 3242 3823 igitur,
3278 3754 3370 3825 qui
3406 3772 3513 3809 una

1939 3855 2064 3893 cum
2096 3839 2315 3897 Christo
2362 3848 2611 3897 mortuus
2640 3850 2725 3898 est
2766 3857 2830 3898 ac
2874 3847 3197 3911 resurrexit,
3228 3855 3351 3903 stet.
3382 3846 3515 3904 Pro-

1939 3941 2094 3988 cetur
2121 3949 2250 3989 vero
2277 3932 2345 3987 ad
2391 3935 2655 3991 orientem
2685 3955 2697 3990 :
2731 3937 2931 3992 etenim
2969 3938 3073 3993 hoc
3120 3955 3336 4011 quoque
3374 3942 3514 3997 scrio

1939 4034 2092 4094 ptum
2124 4034 2209 4082 est
2249 4026 2305 4079 in
2342 4026 2585 4082 secundo
2624 4027 3108 4099 Paralipomenon.
3149 4033 3316 4104 quod,
3362 4042 3513 4105 post-

1938 4134 2101 4189 quam
2132 4120 2391 4190 templum
2425 4118 2639 4175 Domini
2679 4136 2709 4175 a
2754 4138 2881 4193 rege
2923 4122 3212 4181 Salomone
3251 4142 3510 4183 consum-

1938 4222 2142 4266 matum
2194 4212 2317 4279 fuit,
2380 4213 2437 4268 in
2492 4214 2611 4284 ipsa
2663 4215 3006 4272 dedicatione
3057 4219 3410 4287 sacerdotes,
3456 4228 3511 4275 et

1936 4302 2131 4367 levitas,
2166 4312 2221 4358 et
2250 4312 2526 4373 cantores,
2562 4320 2685 4362 cum
2718 4308 2983 4379 cymbalis
3005 4316 3059 4364 et
3093 4312 3368 4379 psalteriis
3403 4322 3511 4368 sle-

1938 4404 2123 4451 terunt
2150 4396 2218 4452 ad
2255 4400 2551 4466 orientem,
2593 4400 2899 4463 laudantes.
2952 4414 3007 4459 et
3055 4404 3398 4472 conﬁtentes,
3444 4420 3509 4460 ac

1553 4643 1915 4703 VARIORUM
1948 4646 2177 4703 NOTAE.

317 4763 431 4837 (55)
477 4764 632 4837 Τότε.
663 4762 812 4817 Alter
839 4761 962 4817 cod.
997 4760 1232 4815 Vindob.
1264 4760 1428 4815 habet
1460 4760 1537 4830 τῷ
1566 4760 1645 4826 δέ,
1671 4761 1816 4830 quod

1941 4761 2082 4831 ἡμῶν
2112 4764 2141 4815 ό
2173 4763 2230 4837 εν
2270 4767 2692 4837 πῖςᾼούρανοῖς,
2728 4773 2858 4829 etc.,
2894 4767 2985 4821 ubi

239 4836 465 4890 melius.
496 4836 662 4887 Cum.

318 4905 406 4975 (51
472 4905 561 4957 Δὲ.
602 4903 696 4957 Est
720 4905 774 4957 in
806 4904 978 4957 altero
1008 4901 1171 4957 Vind.
1206 4901 1265 4954 τὲ
1296 4902 1510 4956 melius.
1546 4900 1622 4955 ιι).

318 4910 431 5047 (55)
470 4975 579 5027 Καὶ
610 4974 1105 5047 συναποθανόντα
1135 4972 1338 5047 αᾷτόν,
1363 4982 1479 5047 etc.
1500 4970 1622 5025 Recl

318 4976 431 5047 (55)
470 4976 579 5027 Καὶ
610 4976 1105 5028 συναποθανόντα
1135 4976 1338 5034 αὐτόν,
1363 4982 1467 5027 etc.
1501 4976 1667 5025 Recte
1695 4986 1821 5024 cum

234 5046 355 5101 isto
392 5047 510 5099 loco
542 5043 841 5113 conjunges
863 5042 1366 5113 interpretationem
1389 5042 1730 5097 Balsamonis
1753 5039 1821 5095 ad

232 5131 513 5171 canonem
545 5112 911 5169 Laodicenum
941 5112 1030 5168 48.
1066 5112 1201 5167 Cor.

317 5184 433 5266 (66)
486 5187 624 5266 Ἐὰν
654 5185 762 5266 περιρ
786 5185 871 5266 ,ιιῂ
897 5187 991 5266 εὶς¹
1013 5184 1292 5266 eiectatur,
1324 5189 1441 5266 etc:
1464 5181 1729 5266 Loquitur
1753 5182 1819 5266 de

1941 5186 2075 5266 Ljatis
2097 5202 2207 5266 ι).οῃ
2250 5187 2448 5266 licebat
2495 5208 2509 5244 :

230 5250 574 5325 baptismate
605 5250 885 5311 ordinario
926 5253 1268 5325 adulterum;
1300 5250 1444 5325 quod
1486 5250 1591 5307 nisi
1632 5253 1824 5325 sedulo

232 5322 618 5395 ac'ritejuxta
647 5332 816 5379 totam
850 5324 1226 5379 caaremoniam
1259 5322 1504 5395 tradatur
1545 5338 1574 5376 a
1614 5323 1713 5395 pio
1735 5339 1825 5379 sa-

233 5393 490 5463 cerdote,
518 5404 570 5452 et
602 5396 936 5465 suscipiatur
965 5410 992 5448 a
1039 5395 1128 5465 pio
1171 5394 1585 5465 catechumeno,
1627 5393 1823 5465 animae

232 5467 439 5524 sordes
468 5462 576 5521 non
598 5462 839 5537 depellit,
868 5481 969 5537 nec
1001 5462 1159 5537 suum
1190 5465 1397 5537 obtinet
1425 5462 1695 5537 enectum.
1742 5464 1818 5517 In.

337 5538 431 5605 57)
466 5536 651 5605 Παρὰ.
671 5532 838 5591 Ἀιιετ
866 5535 1101 5590 Vindob.
1135 5535 1294 5589 habet
1325 5532 1765 5605 hicq6n63CLEa.

337 5539 408 5592 57
466 5539 651 5605 Παρὰ.
689 5539 838 5591 Alter
867 5539 1101 5590 Vindob.
1136 5539 1294 5589 habet
1326 5539 1415 5587 hic
1440 5539 1765 5587 07:6.‘CLER.

312 5539 431 5675 (58)
480 5607 766 5663 Ἰουδαῖοι.
798 5605 1018 5662 Rectius
1047 5606 1102 5659 in
1131 5605 1320 5675 eodem
1346 5605 1395 5656 οἱ
1425 5603 1683 5675 Ἰουδαῖοι.
1709 5603 1781 5657 In.

314 5673 428 5747 (59)
464 5677 625 5733 Μετὰ
654 5678 826 5731 τοῦτο
856 5676 1064 5742 ἑστώς,
1095 5673 1465 5747 θιο.)οειηηθε
1489 5673 1819 5747 Chrysosto-

238 5742 574 5812 mus,'hom.
605 5747 638 5802 6
669 5749 721 5803 in
752 5747 1046 5814 Epistolam
1074 5745 1141 5799 ad
1185 5743 1515 5800 Colosscuses
1544 5758 1558 5794 :
1607 5742 1820 5805 Εὐθέως

237 5821 353 5892 γὰρ
400 5820 656 5885 ἀνελθὼν,
703 5818 871 5872 ταῦτα
922 5818 1211 5889 φθέγγεται
1261 5816 1325 5869 τὰ
1363 5817 1596 5886 ῥήματα·
1644 5814 1825 5885 Πέιτςρ

3048 4768 3173 4838 (hoc
3220 4776 3278 4823 ut
3326 4772 3505 4827 obiter

2310 4834 2414 4908 uod
2472 4834 2755 4908 sequitur:
2781 4838 2893 4889 Ούκ
2939 4839 3025 4889 ἐπ’
3057 4834 3199 4908 ’ὄψιν
3232 4840 3418 4895 πίπτει
3446 4844 3503 4896 τὲ

1930 4833 2205 4907 moneam)
2310 4834 2414 4889 uod
2472 4833 2755 4905 sequitur:
2781 4838 2893 4889 Ούκ
2939 4839 3025 4889 ἐπ’
3057 4833 3199 4908 ’ὄψιν
3232 4840 3418 4895 πίπτει
3446 4844 3503 4896 τὲ

1930 4903 2160 4980 παιδίον,
2191 4906 2251 4958 ού
2269 4851 2435 4971 ἰξύλον
2461 4906 2620 4980 δρᾷς,
2654 4907 2773 4960 οὐδὲ
2809 4909 3009 4980 πηγήν,
3054 4918 3373 4980 corruptum
3423 4913 3507 4967 vi-

470 4975 579 5027 Καὶ
610 4974 1105 5050 σρναποθανόντα
1135 4972 1338 5050 αᾲτόν,
1363 4982 1479 5050 εις..
1500 4970 1667 5025 Recte
1685 4986 1821 5050 cum

1941 4974 2112 5050 detur,
2140 4983 2316 5050 atque
2326 4970 2715 5050 corrigendum
2739 4970 3030 5050 scribendo
3060 4970 3261 5047 marco,
3284 4982 3412 5050 quia
3436 4983 3504 5037 ad

1926 5045 2239 5168 paradisum
2270 5047 2463 5129 alludit
2489 5045 2551 5102 ’S.
2593 5048 2803 5129 doctor.
2839 5046 2903 5102 Et
2932 5064 3061 5103 vero
3092 5050 3228 5106 solis
3248 5045 3504 5135 ﬁdelibus

1949 5116 2128 5169 tcebat
2155 5124 2457 5169 orationem
2480 5118 2816 5169 Dominicam
2844 5118 3106 5169 proferre.
3128 5121 3366 5169 nondum
3400 5140 3504 5169 ιηι..

2002 5116 2128 5170 ebat
2155 5120 2457 5172 orationem
2480 5118 2816 5173 Dominicam
2843 5118 3106 5186 proferre,
3128 5121 3366 5175 nondum
3398 5124 3507 5176 ini-t

2564 5196 2622 5241 ut
2664 5196 2878 5260 exserte
2920 5188 3077 5260 docet
3120 5189 3503 5260 Theodoritus,

1933 5254 2084 5330 [ζων.
2114 5255 2367 5330 fab.,dlib
2395 5273 2452 5330 ν,
2498 5272 2618 5327 cap.
2664 5258 2756 5330 :28,
2792 5266 2913 5327 post
2950 5259 3400 5330 Chrysostomuin
3434 5254 3503 5319 ad

1931 5323 2121 5398 Matth.
2150 5326 2333 5392 vr,12,
2365 5336 2417 5382 et
2442 5323 2628 5382 homil.
2659 5328 2714 5391 2.
2747 5323 2808 5382 in
2827 5323 3177 5398 posteriorem
3210 5331 3275 5385 ad
3307 5330 3502 5388 Corin-

1933 5396 2100 5479 thios,
2152 5398 2639 5479 utque_co|ligitur
2670 5414 2734 5453 ex
2766 5396 3077 5479 _A'ugust_in_i
3130 5403 3497 5479 sermonibus.

1933 5465 2256 5537 Quanquam
2293 5468 2344 5521 id
2373 5465 2639 5523 orationis
2671 5465 2953 5522 recitatum
2989 5469 3159 5525 fuisse
3184 5487 3212 5524 a
3245 5475 3500 5527 catechu-

1932 5537 2110 5660 :n:qis
2136 5539 2298 5661 pzaulo
2329 5549 2453 5593 ante
2476 5539 2829 5607 baptismum,
2858 5539 3086 5608 legimus
3113 5541 3168 5594 in
3192 5540 3498 5600 Ritualibus

1954 5623 1969 5659 ι
2011 5623 2105 5661 ris.
2182 5624 2251 5661 or

1954 5623 2105 5661 IDI'IS.
2137 5623 2251 5661 LO‘I‘

1997 5678 2105 5747 (40)
2140 5678 2301 5730 Κατὰ
2335 5676 2651 5744 ἀνατολάς.
2688 5676 2764 5731 lta
2806 5676 2863 5732 in
2905 5691 3007 5731 ms.
3034 5674 3423 5743 Alexandrino,
3458 5676 3502 5732 tl

1931 5748 2166 5820 Paralip.
2202 5764 2255 5814 v,
2290 5748 2376 5803 12.
2412 5749 2485 5802 In.

3611 844 3863 945 am:
