3946 6334
598 305 737 366 I059
1526 292 1581 351 ξ.
1615 287 2003 349 BLEMEN'I‘IS
2035 287 2055 340 ι
2088 286 2156 342 Β(

2148 285 2253 342 ΟΜ.
2290 285 2493 342 ΡΟΝΤ.
2529 287 2755 344 ΟΡΕΒΑ
2790 287 3016 344 DUBIA.
3611 301 3706 362 ωε.

596 426 668 482 X.
706 418 895 483 Oratio
923 436 1017 491 pro
1043 416 1311 486 ﬁdelibus.

2193 404 2239 461 Α
2269 407 2322 453 ι’.
2366 401 2804 471 Προσφώνησις
2830 403 2979 472 ὑπὲρ
3015 402 3134 457 τῶν
3165 403 3385 459 πιστῶν.

597 522 688 577 XI.
737 516 1006 573 lnvocatio
1033 527 1129 579 pro
1154 507 1414 579 ﬁdelibus.
1860 516 1889 533 ν

1860 516 1889 533 κ
2265 500 2357 547 ια’.
2414 495 2759 563 Ὲπίκλησις
2780 495 2896 549 τῶν
2918 495 3167 550 πιστῶν.

598 612 714 669 XII.
752 608 1073 667 Constitutio
1103 603 1314 666 Jacobi,
1340 601 1529 671 fratris
1559 593 1788 649 Joannis
1811 586 2062 644 Zebedazi.

2266 587 2354 639 ιϐ’.
2396 585 2611 651 Διάταξ
2615 606 2670 653 ις
2726 588 3017 651 Ἰακώϐου,
3073 588 3179 643 τοῦ
3232 588 3465 659 ἀδελφοῦ
3519 594 3712 657 Ἰωάννου

2333 679 2439 732 τοῦ
2466 679 2805 734 Ζεϐεδαίου.

602 796 743 855 XIII.
785 796 975 852 Oratio
1028 806 1123 860 pro
1172 785 1439 858 ﬁdelibus,
1496 791 1613 854 post
1659 778 1892 834 diuinam
1934 772 2160 829 oblatio-

2157 799 2164 811 .
2266 778 2353 838 ιγ’.
2383 772 2819 841 Προσφώνησις
2845 773 2943 827 ἐπὶ
2968 773 3086 828 τῶν
3108 775 3329 829 πιστῶν
3340 779 3471 845 μετὰ
3490 778 3581 849 τὴν
3605 784 3715 838 θείαν

669 907 809 945 nem.

2334 863 2661 933 ἀναφοράν.

602 983 744 1039 XIV.
778 980 965 1037 Oratio
989 984 1105 1046 post
1135 970 1572 1029 communionem.

2268 952 2358 1007 ιδ’.
2398 954 2841 1025 Προσφώνησις
2859 957 3009 1027 μετὰ
3037 957 3153 1027 τὴν
3172 959 3499 1031 μετάληψιν.

603 1075 722 1133 XV.
768 1072 1036 1129 Invocatio
1066 1079 1185 1137 post
1212 1064 1649 1120 communionem.

2270 1053 2354 1100 ιε’.
2409 1048 2754 1116 Ἐπίκλησις
2778 1050 2929 1120 μετὰ
2958 1051 3073 1119 τὴν
3090 1051 3430 1121 μετάληψιν.

601 1169 743 1228 XVI.
785 1167 860 1221 De
931 1162 1262 1218 ordinatione
1325 1156 1785 1227 presbyterorum,
1863 1150 2159 1207 constitutio

2160 1167 2168 1200 ι
2270 1148 2367 1206 ις’.
2442 1142 2583 1209 Περὶ
2641 1144 3007 1211 χειροτονίας
3074 1145 3483 1213 πρεσϐυτέρων,
3532 1148 3718 1219 διάταξις

673 1263 900 1319 Joannis
933 1277 965 1313 a
991 1258 1215 1311 Domino
1238 1252 1436 1306 dilecti.

2352 1233 2624 1288 Ἰωάννου
2659 1236 2765 1290 τοῦ
2797 1236 3163 1305 φιλουμένου
3193 1237 3305 1291 ὑπὸ
3332 1240 3542 1306 Κυρίου.

606 1356 771 1413 XVII.
812 1354 887 1407 De
916 1350 1257 1406 ordinatione
1288 1345 1656 1400 diaconorum,
1686 1336 1993 1394 constitutio
2040 1332 2164 1386 Phi-

2161 1360 2168 1373 .
2271 1323 2355 1387 ιζδ.
2393 1326 2536 1394 Περὶ
2592 1330 2959 1396 χειροτονίας
3021 1329 3325 1394 διακόνων,
3378 1331 3472 1385 τοῦ
3510 1334 3719 1389 Φιλίππου

680 1450 828 1518 lippi.

2340 1418 2626 1485 διάταξις.

605 1513 797 1598 XVIII.
841 1534 1113 1591 Invocatio
1139 1527 1489 1586 ordinationis
1523 1523 1755 1578 diaconi.

2274 1517 2367 1581 ιη’.
2423 1513 2769 1581 Ἐπίκλησις
2791 1516 3153 1583 χειροτονίας
3180 1514 3459 1570 διακόνου.

603 1635 741 1692 ΧΙΧ
795 1633 866 1686 De
883 1628 1204 1689 diaconissa,
1227 1620 1536 1677 constitutio
1561 1613 1958 1670 Bartholomwi.

2274 1610 2362 1660 ιϐ’.
2403 1605 2545 1674 Περὶ
2576 1606 2990 1675 διακονίσσης,
3018 1609 3449 1678 Βαρθολομαίου
3472 1608 3684 1677 διάταξις.

605 1731 726 1792 XX.
773 1725 1043 1782 Invocatio
1069 1723 1126 1775 in
1149 1716 1480 1774 ordinatione
1500 1709 1834 1763 diaconissw.

2203 1743 2246 1798 Β
2274 1705 2343 1751 κ’.
2399 1699 2747 1766 Ἑπίκλησις
2773 1698 2873 1752 ἐπὶ
2896 1701 3262 1768 χειροτονίας
3280 1700 3627 1770 διακονίσσης.

605 1825 748 1881 XXI.
795 1821 870 1875 De
894 1813 1254 1875 subdiaconis,
1278 1805 1584 1863 constitutio
1625 1802 1862 1856 Thomw.

2203 1792 2241 1798 ⁷
2277 1799 2387 1846 ua’.
2426 1792 2568 1861 Περὶ
2599 1793 3029 1863 ὑποδιακόνων,
3056 1795 3315 1862 διάταξις
3343 1796 3441 1850 τοῦ

609 1914 773 1973 XXII.
815 1912 891 1966 De
919 1907 1218 1969 lectoribus,
1260 1899 1566 1956 constitutio
1602 1892 1865 1948 Matthwi.

2274 1888 2381 1940 κϐ’.
2422 1885 2565 1955 Περὶ
2598 1887 3019 1956 ἀναγνωστῶν,
3055 1889 3161 1945 τοῦ
3207 1889 3485 1943 Ματθαίου
3527 1886 3723 1955 διάταξις.

608 2007 800 2064 XXIII.
840 2002 1029 2059 Jacobi
1061 1998 1264 2059 Alpltaai
1293 1991 1597 2048 constitutio
1629 1987 1693 2042 de
1715 1980 2125 2054 confessoribus.

2275 1988 2383 2051 κγ’.
2439 1979 2706 2036 Ἰακώϐου
2739 1980 2843 2034 τοῦ
2879 1981 3155 2050 Ἁλφαίου
3185 1980 3316 2048 περὶ
3331 1979 3643 2051 όμολοτητιῖιν
3656 1978 3726 2033 διά·

2342 2073 2456 2139 ταξ⁵
2460 2092 2531 2140 ις.

613 2190 801 2247 XXIV.
844 2184 1098 2256 Ejusdem
1127 2181 1189 2234 de
1218 2174 1526 2248 virginibus.

2276 2170 2385 2224 κδ’.
2433 2170 2542 2224 Τοῦ
2572 2170 2757 2224 αὐτοῦ
2786 2170 2920 2239 περὶ
2946 2171 3273 2240 παρθένων.

614 2284 778 2341 XXV.
826 2280 1028 2338 Lebbwi
1065 2280 1401 2346 cognomento
1459 2263 1713 2323 Thaddwi
1764 2257 2069 2316 constitutio
2115 2256 2172 2312 de

2168 2274 2179 2311 ε
2279 2272 2380 2319 κε’.
2420 2265 2708 2320 Λεϐϐαίου
2762 2265 2869 2319 τοῦ
2916 2265 3345 2335 ἐπικληθέντος
3382 2261 3624 2319 Θαδδαίου
3647 2258 3726 2328 περι

690 2376 880 2431 viduis.
2347 2360 2548 2431 χηρῶν
2576 2360 2863 2427 διάταξις.

612 2468 799 2527 XXVI.
844 2466 991 2522 Idem
1026 2463 1089 2516 de
1118 2460 1401 2516 exorcista.

2280 2461 2398 2520 κς’.
2427 2454 2479 2508 '0
2509 2455 2691 2521 αὐτὸς
2721 2454 2855 2523 περὶ
2887 2454 3270 2523 ἐπορκιστοῦ.

612 2560 824 2617 XXVII.
867 2558 1051 2613 Simon
1080 2553 1375 2616 Cananita,
1402 2547 1465 2602 de
1490 2545 1726 2615 episcopo
1743 2582 1758 2607 ,
1784 2558 1818 2595 a
1839 2546 1964 2612 quot
1999 2536 2170 2592 debeat

2172 2545 2181 2590 τ
2278 2545 2379 2609 κζ’.
2417 2549 2613 2619 Σίμων
2632 2553 2665 2603 ό
2688 2551 3039 2616 Κανανὶτης,
3054 2550 3189 2615 περὶ
3210 2548 3313 2602 τοῦ
3330 2546 3440 2603 ὑπὸ
3459 2545 3624 2597 πόσων
3635 2541 3730 2610 ὀφεί-

687 2652 947 2707 ordinari.

2349 2646 2444 2699 λει
2472 2643 2934 2713 χειροτονεῖσθαι
2966 2646 2998 2697 ό
3022 2643 3372 2708 ἐπίσκοπος.

614 2744 854 2801 XXVIII.
899 2739 1151 2811 Ejusdem
1181 2751 1404 2791 canones
1445 2732 1509 2788 de
1543 2729 1819 2801 episcopis,
1841 2724 2172 2799 presbyteris.

2173 2764 2179 2786 ι
2280 2744 2391 2807 κη’.
2438 2738 2548 2792 Τοῦ
2572 2738 2755 2792 αὐτοῦ
2785 2739 3035 2805 κανόνες
3061 2739 3197 2807 περὶ
3220 2738 3554 2799 ἐπισκόπων,
3564 2734 3731 2801 ,τρεσσικ

687 2837 947 2900 diaconis,
974 2844 1023 2888 et
1047 2831 1258 2901 reliquis
1289 2828 1515 2882 clericis.

2351 2829 2557 2899 τέρων,
2592 2830 2904 2895 διακόνιον,
2934 2831 3031 2884 καὶ
3062 2831 3294 2886 λοιπῶν
3324 2829 3597 2899 κληρικῶν.

618 2931 812 2988 XXIX.
859 2930 931 2983 De
962 2924 1314 2982 benedictione
1348 2936 1499 2990 aqua:
1524 2928 1573 2973 et
1609 2916 1741 2983 olei,
1785 2912 2028 2969 Mattluei
2058 2927 2176 2965 con-

2176 2938 2184 2951 ·
2285 2925 2391 2977 κθ’.
2430 2921 2572 2991 Περὶ
2596 2923 2876 2993 εὐλογίας
2902 2923 3121 2990 ὕδατος
3150 2922 3255 2978 καὶ
3288 2924 3501 2987 ἐλαίου,
3537 2921 3618 2975 τοῦ
3637 2922 3734 2972 Mat-

686 3025 912 3081 stitutio.

2358 3014 2529 3069 θαίου
2557 3014 2840 3082 διάταξις.

623 3117 790 3175 XXX.
827 3115 1101 3185 Ejusdem,
1133 3111 1197 3167 de
1227 3110 1475 3182 primitiis
1504 3116 1553 3162 et
1580 3104 1818 3160 decimis.

2209 3097 2256 3162 α
2288 3110 2362 3162 λ’.
2412 3109 2522 3163 Τοῦ
2549 3109 2735 3163 αὐτοῦ
2761 3109 2894 3178 περὶ
2921 3110 3211 3180 ἀπαρχῶν
3235 3110 3333 3165 καὶ
3358 3100 3602 3164 δεκατῶν.

622 3213 814 3270 XXXI.
858 3210 1130 3281 Ejusdem,
1164 3205 1228 3260 de
1255 3206 1321 3259 iis
1350 3219 1466 3275 qua:
1494 3206 1794 3269 supersunt.

2285 3200 2378 3253 λα’
2385 3240 2399 3255 .
2444 3200 2554 3255 Τοῦ
2577 3200 2763 3255 αὐτοῦ
2795 3202 2927 3270 περὶ
2958 3202 3462 3273 περισσευμάτων.

627 3304 839 3363 XXXII.
894 3304 1041 3357 Varii
1067 3315 1290 3354 canones
1318 3295 1479 3350 Pauli
1513 3292 1758 3363 apostoli,
1783 3289 1847 3343 de
1875 3288 1940 3342 iis
1973 3286 2063 3357 qui
2095 3301 2185 3338 ac-

2181 3313 2185 3321 ν
2285 3292 2398 3345 λϐ’.
2437 3293 2701 3357 Κανόνες
2727 3291 2993 3361 διάφοροι
3039 3294 3290 3348 Παύλου
3339 3293 3437 3346 τοῦ
3474 3288 3739 3345 ἀποστόλους

693 3380 882 3453 cedunt
914 3394 982 3449 ad
1021 3393 1361 3461 baptismum,
1392 3404 1520 3459 quos
1552 3392 1788 3456 oporteat
1811 3381 2105 3443 admittere,
2134 3385 2211 3431 et.

2207 3410 2211 3417 ε
2358 3385 2490 3454 περὶ
2507 3385 2624 3438 τῶν
2651 3387 3019 3454 προσιόντων
3046 3385 3128 3451 τῷ
3152 3386 3522 3454 βαπτίσματι,
3547 3382 3670 3445 τινας
3690 3375 3742 3429 lsi

690 3507 820 3560 quos
846 3489 1078 3554 reficere.
2151 3500 2167 3511 '

2151 3500 2167 3511 -
2358 3477 2817 3546 προσδέχεσθαι,
2850 3477 3143 3544 καὶτίνας
3166 3476 3593 3532 ἀποϐάλλεσθαι.

624 3580 870 3637 XXXIII.
913 3580 1113 3647 Quibus
1141 3576 1322 3632 diebus
1350 3572 1539 3645 famuli
1561 3570 1778 3626 debeant
1806 3567 2007 3639 feriari.

2289 3573 2402 3639 λίγ’.
2435 3572 2576 3638 02a;-
2602 3571 2826 3640 ἡμέρας
2854 3570 2948 3624 δεῖ
2969 3571 3177 3639 ἀργεῖν
3204 3570 3346 3635 τοὺς
3368 3566 3583 3630 οἰκέτας.

623 3672 865 3729 XXXIV.
906 3671 1105 3738 Quibus
1128 3670 1294 3734 horis,
1345 3677 1397 3722 et
1446 3681 1607 3738 quare
1666 3664 1723 3717 in
1758 3662 1833 3715 eis
1873 3655 2181 3728 precandum

2186 3694 2189 3704 ι
2290 3665 2401 3720 λδ.
2440 3666 2625 3731 Ποίας
2641 3663 2814 3732 ὥρας,
2853 3664 2948 3718 καὶ
2975 3665 3131 3718 διατί
3153 3666 3224 3718 ὲν
3243 3665 3474 3728 ταύταις
3489 3660 3567 3714 δεῖ
3578 3654 3744 3725 apem?-

696 3769 786 3821 sit.

2365 3761 2593 3826 χεσθαι.

624 3856 841 3914 XXXV.
881 3855 1069 3910 Jacobi
1101 3856 1286 3925 fratris
1326 3852 1539 3908 Domini
1562 3849 1867 3915 constitutio
1889 3845 1953 3901 de
1976 3857 2182 3914 ‘vesper-

2291 3854 2398 3905 λε’.
2450 3851 2712 3905 Ἰακώϐου
2744 3849 2847 3904 τοῦ
2869 3848 3135 3919 ἀδελφοῦ
3160 3848 3414 3917 Χριστοῦ
3436 3842 3653 3906 διάταξις
3668 3834 3747 3901 περὶ

701 3953 808 4006 tino
837 3950 1034 4019 ofﬁcio.

2363 3944 2701 4012 ἑσπερινοῦ.

628 4042 871 4098 XXXVI.
912 4042 1100 4097 Oratio
1131 4042 1434 4111 lucernab’s.

2295 4039 2412 4101 λς’.
2443 4033 2879 4104 Προσφώνησις
2906 4035 3278 4103 ἐπάνύχνιος.

630 4136 894 4192 XXXVII.
938 4134 1247 4191 Gratiarum
1276 4138 1414 4190 actio
1443 4135 1746 4190 lucernalis.

1648 4135 1746 4189 zlis.
2294 4128 2401 4189 λζ’.
2442 4130 2529 4183 Εὐ
2534 4129 2812 4197 χαριστία
2837 4128 3206 4197 ἐπιλύχνιος.

629 4228 918 4285 XXXVIII.
963 4226 1270 4283 Gratiarum
1294 4230 1431 4282 actio
1454 4230 1735 4283 matutina.

1556 4230 1735 4283 fmina.
2296 4223 2414 4289 λη’.
2458 4223 2545 4274 Εὐ
2549 4222 2828 4290 χαριστία
2858 4220 3114 4290 όρθρινή.

631 4320 874 4377 XXXIX.
915 4321 1191 4391 Impositio
1221 4338 1408 4375 manus
1440 4322 1722 4376 matutina.

1505 4322 1722 4376 ztutina.
2295 4314 2406 4368 .10'.
2445 4314 2788 4381 Χειροθεσία
2807 4312 3063 4381 ὀρθρινή.

631 4414 747 4469 XL.
789 4413 1061 4469 lnvocatio
1083 4430 1178 4484 pro
1206 4414 1478 4482 primitiis.

2218 4448 2272 4508 Β
2291 4411 2372 4475 μ’.
2426 4404 2776 4475 Ἐπίκλησις
2803 4406 2902 4459 ἐπὶ
2932 4406 3241 4477 ἀπαρχῶν.

629 4505 765 4563 XLI.
807 4506 994 4562 Oratio
1026 4522 1120 4575 pro
1150 4507 1393 4561 mortuis.

2219 4492 2269 4508 “’
2290 4506 2408 4569 μα’.
2441 4498 2874 4569 Προσφὼνησις
2900 4500 3050 4568 ὑπὲρ
3073 4499 3193 4554 τῶν
3220 4492 3632 4568 κεκοιμημένων.

633 4599 791 4655 XLII.
834 4600 1108 4667 Quomodo
1142 4610 1191 4655 et
1214 4599 1427 4670 quando
1476 4606 1714 4670 oporteat
1740 4595 1973 4668 ﬁdelium
2007 4594 2191 4665 defun-

2289 4594 2404 4662 μϐ.
2432 4592 2565 4658 Πῶς
2585 4591 2677 4645 δεῖ
2701 4592 2798 4645 καὶ
2818 4592 2961 4645 πότε
2990 4593 3263 4661 γίνεσθαι
3290 4592 3392 4657 τὰς
3415 4588 3522 4642 τῶν
3546 4576 3752 4651 κοιμηθίνκ

701 4703 906 4747 ctorum
930 4694 1047 4762 ﬁeri
1080 4694 1383 4757 memorias,
1408 4701 1456 4747 et
1480 4692 1617 4763 quod
1638 4707 1703 4746 ex
1721 4680 1900 4745 eorum
1921 4690 2195 4760 facultati—

2192 4718 2195 4728 ›
2364 4702 2482 4738 των
2501 4684 2730 4738 πιστῶν
2742 4684 2973 4754 μνείαςο
3004 4684 3100 4738 καὶ
3124 4684 3214 4738 ὅτι
3236 4685 3305 4737 ἐκ
3332 4681 3443 4737 τῶν
3466 4672 3750 4746 ὑπαρχόντων

702 4786 799 4841 bus
824 4788 897 4841 sit
919 4787 1236 4857 pauperibus
1270 4786 1618 4856 largiendum.

2365 4776 2569 4843 αὐτοῖς
2596 4776 2692 4831 δεῖ
2712 4776 3073 4847 παρέχεσθαι
3102 4777 3342 4847 πένησι.

633 4879 815 4937 XLIII.
858 4881 1011 4948 Quod
1053 4883 1241 4954 impios
1281 4899 1345 4937 ex
1379 4884 1487 4937 vita
1523 4881 1824 4937 decedentes
1861 4880 1992 4934 nihil
2013 4880 2191 4950 juvent

2194 4896 2195 4923 λ
2289 4875 2405 4939 μιθ-
2448 4869 2569 4923 Ὅτι
2608 4869 2747 4937 τοὺς
2775 4870 3012 4938 ἀσεϐεῖς
3056 4869 3453 4936 τελευτῶντας
3490 4856 3752 4930 οὐδέν’ίῖέῐνὲ·

703 4977 991 5043 memoriae,
1021 4977 1098 5031 vel
1122 4976 1397 5032 mandata.

2363 4962 2544 5016 λοῦσι
2564 4962 2781 5035 μνεῖαι,
2808 4964 2848 5035 ἢ
2881 4966 3139 5021 ἑντολαί.

629 5065 817 5124 XLIV.
858 5069 935 5123 De
962 5069 1202 5127 ebriosis.

2292 5063 2405 5135 μδν.
2431 5063 2573 5132 Περὶ
2594 5063 2891 5133 μεθύσων.

632 5162 793 5219 XLV.
828 5163 905 5218 De
938 5166 1244 5233 recipienais
1286 5166 1352 5221 iis
1403 5165 1491 5235 qui
1530 5175 1742 5234 propter
1786 5163 2054 5222 Christum
2099 5183 2190 5237 pa-

2290 5170 2399 5231 με⁹.
2430 5162 2570 5231 Περὶ
2598 5162 2702 5216 τοῦ
2738 5160 3135 5229 ὑποδέχεσθαι
3162 5157 3307 5224 τοὺς
3333 5155 3425 5209 διὰ
3448 5145 3658 5221 Χριστὸν
3674 5139 3770 5194 dion

706 5257 909 5311 tiuntur
935 5258 1362 5326 persecutionem.

1114 5258 1362 5312 utionem.
2366 5258 2672 5327 κομένους.

636 5349 818 5405 XLVI.
856 5350 1008 5417 Quod
1029 5351 1399 5421 unusquisque,
1443 5352 1498 5405 in
1527 5367 1586 5407 eo
1629 5352 1798 5423 gradu
1840 5352 1988 5417 cleri,
2021 5354 2076 5406 in
2096 5369 2194 5423 quo

2195 5377 2197 5390 ι
2291 5352 2414 5420 μς’.
2436 5326 2578 5404 ’Ὅτι
2604 5349 2855 5415 ἕκαστος
2870 5348 2941 5417 ἐν
2956 5346 3233 5416 ᾧέτάχθη
3267 5344 3477 5413 κλήρῳ,
3499 5336 3673 5408 ὀφείλει
3691 5326 3753 5423 έίίς

704 5452 781 5499 est
844 5444 1157 5497 constitutus
1185 5483 1199 5506 ,
1252 5442 1434 5497 debeat
1492 5460 1795 5513 permanere
1850 5455 1900 5499 et
1963 5411 2195 5502 ordinem

2193 5489 2195 5496 .
2291 5411 2309 5420 ⁷
2360 5446 2588 5516 μένειν,
2645 5442 2743 5498 καὶ
2789 5411 3281 5512 φυλάττειν’-τίῆν
3332 5411 3510 5501 τάξιν,
3545 5423 3667 5488 (ιω
3696 5411 3751 5487 μὴ

615 5578 619 5582 .
702 5550 910 5588 servare
934 5550 954 5601 ;
977 5551 1081 5591 non
1107 5552 1224 5592 vero
1254 5541 1323 5592 ad
1351 5555 1409 5594 se
1438 5554 1621 5610 rapere
1647 5554 1765 5612 qua:
1792 5541 2073 5595 commissa
2099 5557 2173 5595 nm

1978 5541 2073 5595 Fssa
2099 5557 2201 5595 non
2360 5537 2550 5605 ἐαυτῷ
2579 5533 2855 5607 ἁρπάζειν
2884 5535 2957 5588 τὰ
2978 5533 3065 5604 μὴ
3095 5530 3536 5603 ἑγχειρισθέντα.

702 5635 845 5680 sunt.

634 5719 838 5777 XLVII.
870 5720 1107 5781 Canones
1132 5721 1489 5776 ecclesiastici.

2294 5724 2398 5797 μζ.
2431 5727 2691 5799 Κανόνες
2718 5720 3223 5793 ἐκκλησιαστικοῶ
