3946 6334
244 288 388 353 1085

1038 271 1041 274 ἠ
1130 298 1725 360 CONSTITUTIONES
1776 305 2251 368 APOS'I'OLICAS.
2286 343 2354 353 —-
2387 313 2513 368 LIB.
2556 312 2688 370 VIII.

3364 318 3503 376 I066

244 409 472 473 κακίαν,
508 409 541 482 ἢ
567 411 894 484 ὲγκράτειαν
922 413 1164 485 ἔννομον.
1194 418 1305 471 Καὶ
1329 418 1439 490 γὰρ
1468 421 1563 473 καὶ
1586 422 1819 492 Μωυσῆς

1931 426 2165 494 ρίεηιίαξ,
2197 428 2282 483 vel
2310 428 2554 484 scientia:
2582 431 2625 495 ²,
2656 438 2753 484 aut
2806 430 3071 489 rationem
3110 433 3504 491 discernenda-

238 502 276 556 6
311 500 404 556 τοῦ
436 502 573 555 Θεοῦ
593 504 914 576 ἄνθρωπος,
945 506 1003 560 ὲν
1040 507 1300 581 Αἰγύπτῳ
1356 511 1615 564 ἐπιτελῶν
1646 513 1713 565 τά
1733 529 1831 585 σηιι

243 600 400 667 μεῖας
429 596 493 648 οὐ
512 597 831 670 κατεπήρθη
862 599 970 652 τῶν
989 601 1294 671 ὁμοφύλωνδ
1318 605 1411 657 καὶ
1441 603 1561 668 θεὸς
1588 605 1826 683 κληθείς)

237 691 349 742 ούκ
378 690 775 760 ήλαζονεύσατο
808 692 946 763 μετά
971 692 1066 745 τοῦ
1104 693 1231 747 ἰδίου
1273 697 1553 767 προφήτου
1596 698 1823 771 Ἀαρῶνι

257 780 402 833 Ἀλλ’
421 780 545 834 οὔτε
600 783 629 835 6
662 782 759 836 τοῦ
816 784 972 855 Ναυῆ
1016 784 1247 857 Ἰησοῦς,
1306 789 1655 859 ἡγησάμενος
1711 793 1827 861 μετ’

238 874 413 927 αὐτὸν
442 873 538 927 τοῦ
566 874 719 939 λαοῦ,
746 875 851 929 κᾶν
879 876 958 947 τῷ
985 877 1120 948 πρὸς
1148 879 1275 940 τοὺς
1320 879 1639 945 ’ῐεϐουσίους
1670 880 1828 934 πολέ-

237 984 339 1037 μῳ
369 968 573 1038 στήσας
591 968 683 1023 τὸν
714 967 864 1040 ήλιον
898 969 1039 1023 κατά
1067 970 1293 1024 Γαϐαὼν
1312 1008 1328 1035 ,
1358 974 1453 1025 καί
1472 972 1569 1044 τὴν
1598 973 1827 1045 σελήνην

239 1060 391 1113 κατά
422 1063 683 1135 φάραγγα.
714 1060 909 1124 Αίλὼν,
940 1062 1027 1116 διά
1055 1062 1117 1116 τὸ
1140 1062 1214 1134 μὴ
1240 1065 1534 1135 αὐταρκεῖν
1560 1064 1698 1137 πρὸς
1728 1066 1827 1137 τὴν

242 1153 407 1225 νίκην
436 1152 535 1225 τὴν
566 1153 801 1226 ἡμέραν,
859 1154 1075 1227 ἐπήρθη
1114 1156 1256 1209 κατά
1286 1156 1383 1209 τοῦ
1428 1158 1631 1222 Φινεὲς,
1662 1159 1696 1229 ἢ
1730 1158 1824 1212 τοῦ

239 1244 448 1299 Χαλέό.
479 1244 616 1298 οὔτε
668 1245 939 1318 Σαμουὴλ,
971 1245 1209 1301 τοσαῦτα
1261 1249 1539 1320 παράδοξα
1570 1253 1825 1323 ποιήσας,

242 1341 379 1411 παρ’
410 1339 563 1393 οὐδὲν
582 1341 830 1411 ἡγήσατο
855 1339 948 1392 τὸν
980 1339 1202 1411 θεοφιλῆ
1248 1342 1429 1395 Δαϐίδ·
1478 1344 1571 1397 καί
1602 1362 1685 1398 τοι
1717 1345 1826 1415 ἀμ-

239 1431 466 1503 φότεροι
498 1432 794 1502 προφῆταν
854 1432 948 1485 καὶ
976 1432 1009 1483 6
1040 1435 1171 1504 μὲν,
1201 1435 1491 1506 ἀρχιερεὺς
1517 1435 1651 1507 (78),
1674 1438 1703 1489 6
1744 1436 1821 1499 δὲ,

239 1523 522 1594 βασιλεύς.
557 1524 667 1577 Καὶ
690 1523 830 1578 ἑπτα
855 1524 1107 1595 χιλιάδων
1137 1527 1497 1598 ὑπαρχουσῶν
1532 1529 1589 1581 ὲν
1608 1528 1825 1601 Ἰσραὴλ

239 1617 440 1684 ἁγίων,
487 1616 595 1670 τῶν
630 1615 706 1688 μὴ
745 1618 1078 1688 καμψάντων
1136 1618 1262 1686 γόνυ
1320 1622 1387 1691 τῇ
1450 1620 1616 1683 Βάαλ,
1666 1620 1825 1693 μόνος

251 1709 446 1773 Ἠλίας
501 1710 561 1763 ὲν
616 1711 833 1775 αὐτοῖς,
879 1711 974 1765 καὶ
1027 1711 1056 1764 6
1100 1711 1288 1765 τούτου
1347 1711 1594 1784 μαθητὴς
1644 1705 1822 1767 Ἐλισ-

1930 534 2053 573 rum
2088 520 2515 590 spirituum,aut
2543 524 3026 594 pmcognitionem
3052 525 3381 593 futurorum,
3408 536 3505 584 aut

1930 627 2237 669 sermonem
2263 622 2449 683 aptum
2476 615 2543 669 ad
2570 616 2898 681 docendum,
2926 627 3019 671 aut
3049 619 3383 688 patientiam,
3408 628 3505 679 aut

1929 705 2321 760 continentiam
2350 706 2669 777 legitimam.
2720 707 2932 764 Etenim
2962 709 3174 782 Moyses
3201 713 3363 768 homo
3382 713 3503 782 Dei,

1929 812 2054 852 cum
2080 798 2136 853 in
2171 798 2408 871 IEgypto
2451 800 2605 871 signa
2638 801 2943 871 perliceret,
2973 819 3083 859 non
3122 820 3181 859 se
3230 806 3285 860 in
3330 822 3503 877 pepu-

1929 892 2073 948 lares
2104 908 2233 949 suos
2262 893 2485 959 extulit;
2510 908 2743 963 cumque
2771 894 2909 949 deus
2938 896 3242 965 appellatus
3269 896 3503 967 fuisset;

1929 1000 2039 1039 non
2068 985 2369 1054 superbivit
2392 985 2447 1039 in
2483 1002 2642 1040 suum
2674 986 2996 1057 prophetam
3019 988 3293 1043 Aaronem
3315 989 3357 1045 ³.
3391 988 3502 1049 Sed

1927 1084 1980 1130 et
2001 1075 2162 1133 Jesus
2191 1076 2353 1133 Navae
2381 1077 2548 1142 ﬁlius,
2578 1079 2672 1148 qui
2718 1086 2842 1148 post
2874 1078 3113 1150 Moysem
3144 1080 3341 1135 ductor
3397 1080 3504 1137 fuit

1927 1168 2136 1237 populi,
2160 1170 2415 1238 quamvis
2438 1169 2493 1224 in
2525 1171 2669 1225 bello
2711 1170 3001 1226 adversum
3028 1160 3328 1235 Jebusazos.
3352 1176 3503 1243 quod

1926 1277 2036 1315 non
2065 1261 2338 1318 suﬂiceret
2364 1262 2482 1318 dies
2507 1262 2573 1316 ad
2602 1263 2911 1328 victoriam,
2968 1264 3139 1319 solem
3169 1266 3402 1321 stitisset
3430 1267 3501 1323 ad

1926 1352 2262 1417 Gabaoncm,
2292 1362 2347 1410 et
2378 1356 2562 1409 lunam
2585 1355 2653 1409 ad
2675 1356 2870 1411 vallem
2900 1356 3181 1412 Aialonem
3208 1376 3222 1424 ;
3258 1374 3364 1412 non
3418 1369 3502 1414 ta—

1925 1462 2048 1501 men
2085 1447 2141 1501 in
2168 1446 2427 1503 Phineem
2461 1457 2555 1503 aut
2603 1448 2901 1504 Chalebum
2958 1451 3272 1520 arrogantia
3322 1452 3502 1506 elatus

1924 1550 2007 1594 est
2020 1539 2060 1594 ⁸.
2089 1539 2274 1611 Neque
2305 1539 2545 1607 Samuel,
2572 1542 2664 1611 qui
2690 1548 2767 1595 tot
2792 1541 2929 1594 mira
2958 1550 3013 1596 et
3049 1542 3327 1612 inopinata
3347 1543 3500 1609 fecit,

1912 1631 2074 1701 .pium
2118 1647 2182 1686 ac
2213 1632 2324 1688 Deo
2380 1632 2609 1687 charum
2667 1632 2927 1689 Davidem
2971 1635 3127 1689 nihili
3165 1636 3361 1691 duxit:
3403 1638 3501 1695 sed

1923 1724 2086 1778 ambo
2109 1733 2265 1778 erant
2298 1725 2616 1795 prophetae;
2649 1734 2702 1781 et
2727 1726 2817 1781 ille
2851 1727 3071 1796 quidem
3104 1729 3371 1798 pontifex,
3410 1731 3499 1786 hie

236 1805 400 1887 σαίος
461 1800 860 1873 θαυματοποιοὶ
905 1802 1243 1876 γεγένηνταν
1278 1802 1391 1856 ἀλλ’
1449 1782 1573 1858 οὗτε
1632 1804 1817 1870 Ἠλίας

1925 1832 2054 1872 vero
2086 1834 2207 1873 rex.
2264 1817 2474 1873 Etcum
2516 1818 2573 1872 in
2612 1816 2810 1873 Israele
2857 1828 3040 1875 essent
3082 1830 3291 1891 septem
3322 1824 3501 1877 millia

234 1886 337 1948 τδν
396 1894 687 1964 οἰκονόμον
753 1894 961 1949 ’Δὸδιοὺ
1039 1895 1441 1967 ὲξεμυκτήρισε
1472 1932 1489 1960 ,
1546 1895 1819 1969 φοϐούμε-

233 2003 337 2043 νον
382 1988 480 2058 μὲν
533 1986 623 2040 τὸν
672 1980 843 2051 Θεὸν,
900 1987 962 2039 οὐ
999 1985 1255 2040 ποιοῦντα
1311 1986 1367 2039 δὲ
1421 1990 1640 2058 σημεῖαο
1696 1986 1820 2042 οὔτε

252 2078 554 2143 Ἐλισσαῖος
578 2078 670 2133 τὸν
701 2077 899 2132 ἑαυτοῦ
936 2078 1182 2150 μαθητὴν
1229 2078 1520 2151 φρίττοντα
1543 2082 1670 2145 τοὺς
1722 2096 1821 2134 πο-

236 2170 461 2243 λεμίους
522 2171 819 2243 ὑπερεῖδεν.
887 2172 1045 2225 Ἀλλά
1095 2172 1206 2244 γάρ
1252 2170 1376 2225 οὔτε
1426 2172 1623 2244 Δανιὴλ
1670 2173 1698 2227 6
1740 2192 1823 2227 σο-

235 2264 380 2335 φὸς,
425 2263 641 2336 ρυσθεὶς
683 2264 933 2336 δεύτερον
981 2266 1045 2318 ἐκ
1079 2265 1348 2335 πόματος
1399 2265 1649 2330 λεόντων,
1695 2266 1819 2321 οὔτε

234 2358 296 2411 oi.
322 2361 465 2429 τρεῖς
489 2358 677 2421 παῖδες
707 2357 771 2412 ὲκ
799 2358 1031 2429 καμίνου
1075 2358 1245 2429 πυρὸς
1263 2398 1278 2421 ,
1309 2358 1672 2423 ἐξουδένωσαν
1693 2362 1820 2425 τοὺς

235 2449 458 2514 λοιποὺς
484 2450 592 2504 τῶν
623 2450 927 2522 ὁμοφύλων.
1000 2450 1325 2505 Ἡπίσταντο
1366 2451 1473 2523 γάρ
1518 2452 1601 2505 ὃτι
1645 2453 1707 2505 ού
1750 2455 1818 2524 τῇ

234 2542 417 2615 οἰκείᾳ
433 2542 664 2614 δυνάμει
698 2543 1073 2615 περιεγένοντο
1099 2543 1207 2597 τῶν
1237 2543 1444 2608 δεινῶν,
1468 2543 1606 2598 ἀλλὰ
1630 2547 1697 2617 τῇ
1724 2525 1821 2598 τού

239 2634 382 2689 Θεοῦ
411 2634 579 2705 ίσχύῖ,
613 2634 708 2690 καὶ⁸
757 2637 960 2707 σημεῖα
1006 2634 1314 2700 ἐπετέλουν,
1354 2635 1447 2689 καὶ
1476 2634 1585 2690 τῶν
1627 2636 1819 2707 δυσχε-

236 2727 354 2799 ρῶν
403 2727 827 2797 ἀπηλλάττοντο.
860 2726 1067 2780 Οὐκοῦν
1100 2727 1288 2798 μηδεὶς
1329 2727 1482 2798 ὑμῶν
1512 2727 1820 2799 ὲπαιρέσθω

234 2819 382 2873 κατά
422 2819 517 2873 τοῦ
561 2819 824 2890 ἀδελφοῦ,
858 2818 961 2873 κᾶν
987 2821 1272 2892 προφήτης
1302 2817 1372 2894 ᾖ,
1405 2820 1510 2874 κάν
1543 2820 1817 2892 θαυματο-

235 2910 412 2974 ποιός.
456 2912 521 2964 El
551 2912 661 2984 γάρ
688 2912 816 2983 δοθῇ
862 2911 1058 2983 μηκέτι
1103 2907 1242 2965 εἷναί
1284 2928 1385 2966 που
1430 2914 1677 2975 ἄπιστον,
1720 2929 1819 2965 πε-

234 3002 398 3074 ριττὴ
435 3002 620 3057 λοιπὸν
652 3003 803 3057 ἔσται
834 3004 988 3057 πᾶσα
1034 3004 1277 3075 σημείων
1322 3004 1589 3076 ἐνέργεια.
1620 3004 1693 3057 Τὸ
1720 3004 1820 3075 μὲν

1922 1918 2258 1976 sanctorum,
2296 1911 2389 1981 qui
2416 1926 2526 1967 non
2553 1919 2914 1966 curvaverant
2949 1927 3087 1982 genu
3121 1912 3265 1967 Baali
3295 1913 3402 1974 “5‘;
3429 1931 3499 1970 ex

1922 2001 2057 2073 ipsis
2086 2004 2239 2059 solus
2262 2002 2429 2069 Elias,
2469 2004 2699 2075 ejusque
2739 2004 3043 2074 discipulus
3072 2004 3299 2061 Elisatus
3326 2007 3498 2060 mira-

1921 2096 2170 2150 culorum
2211 2095 2496 2153 ell‘eetores
2552 2096 2776 2152 fuerunt
2814 2114 2826 2152 :
2861 2112 2972 2151 non
3003 2104 3182 2152 tamen
3213 2096 3360 2153 Elias
3401 2098 3495 2153 dea

1921 2187 2045 2243 risit
2090 2188 2318 2243 Abdiam
2348 2205 2715 2256 mcunomum,
2747 2190 3028 2245 timentem
3058 2191 3277 2260 quidem
3303 2191 3496 2258 Deum,

1921 2288 1977 2335 at
2006 2281 2161 2351 signa
2195 2298 2306 2336 non
2342 2281 2631 2339 facientem
2656 2301 2671 2351 ;
2704 2299 2881 2353 neque
2908 2283 3137 2338 Elismns
3168 2284 3496 2352 discipulum

1921 2389 2083 2430 suum
2112 2375 2299 2431 hostes
2320 2376 2825 2447 perhorrescentem
2850 2376 3098 2447 despekit
3118 2378 3153 2429 ⁷.
3222 2375 3325 2431 Sed
3349 2378 3498 2432 enim

1921 2481 2099 2537 neque
2130 2468 2349 2538 sapiens
2374 2467 2587 2535 Daniel,
2637 2469 2725 2525 bis
2751 2484 2822 2525 ex
2860 2484 2955 2524 ore
2990 2470 3208 2523 leonum
3252 2476 3494 2539 ereptus,

1918 2570 2100 2629 neque
2138 2567 2253 2615 tres
2296 2561 2452 2630 pueri
2485 2577 2553 2617 ex
2583 2562 2727 2633 ignis
2764 2561 2988 2618 fornace
3028 2562 3297 2622 liberati“.
3330 2564 3492 2618 nihili

1920 2648 2167 2706 fecerunt
2184 2653 2423 2723 reliquos
2444 2670 2557 2709 sua:
2572 2655 2749 2725 gentis
2773 2654 3043 2710 homines.
3064 2653 3323 2711 Sciebant
3342 2655 3495 2710 enim

1921 2758 1982 2799 se
2009 2759 2120 2798 non
2157 2744 2275 2801 suis
2302 2745 2514 2801 viribus
2552 2746 2796 2816 pericula
2839 2746 3101 2811 evasisse,
3131 2746 3228 2802 sed
3258 2746 3354 2801 Dei
3377 2746 3495 2801 vir.

1920 2842 2036 2891 tute
2057 2852 2183 2890 eum
2211 2837 2366 2908 signa
2404 2838 2715 2908 peregisse,
2749 2846 2862 2892 tum
2908 2839 2977 2894 ab
3011 2839 3281 2908 angustiis
3324 2838 3499 2894 fuisse

1921 2937 2188 2984 servatos.
2217 2928 2406 2999 Itaque
2435 2946 2595 2984 nemo
2639 2938 2877 2985 vestrum
2901 2966 2915 2994 ,
2944 2931 3070 2997 licet
3096 2932 3168 2986 sit
3208 2932 3495 3001 prepheta,

1921 3020 2048 3075 licet
2103 3021 2497 3076 miraculorum
2537 3030 2831 3092 operator,
2860 3036 2920 3078 se
2960 3024 3224 3078 adversus
3271 3020 3496 3077 fratrem

232 3096 349 3169 γὰρ
372 3090 511 3150 εἶναι
544 3096 760 3169 εὐσεϐῆ,
785 3099 849 3151 ὲκ
866 3098 965 3169 τῆς
982 3096 1076 3151 τοῦ
1099 3114 1243 3161 τινος
1264 3097 1473 3162 εὐνοίας
1496 3114 1510 3129 ·
1540 3096 1669 3151 τὸδὲ
1690 3096 1819 3187 θαυ-

1925 3112 2166 3167 extollat.
2198 3112 2255 3166 Si
2276 3113 2423 3167 enim
2456 3113 2505 3167 id
2531 3090 2711 3180 detur,
2737 3122 2796 3168 ut
2825 3115 3010 3169 nullus
3040 3114 3275 3184 amplius
3306 3113 3377 3169 sit
3408 3114 3496 3167 ina

235 3192 570 3262 ματοποιεῖν,
600 3192 665 3243 ὲκ
691 3190 791 3261 τῆς
832 3189 926 3244 τοῦ
968 3190 1316 3263 ἐνεργοῦντος
1355 3190 1672 3261 δυνάμεωςο
1741 3178 1817 3241 ὧν

1926 3203 2121 3269 fidelis,
2144 3205 2417 3275 superﬂua
2439 3178 2704 3276 deinceps
2723 3207 2829 3261 erit
2852 3207 3032 3261 omnis
3060 3178 3341 3277 signorum
3363 3220 3490 3275 ope—

240 3283 298 3338 εδ
323 3284 666 3355 μὲψπριῖιτον
694 3284 841 3355 ἡμᾶς
868 3284 1067 3348 αὐτοὺς
1089 3284 1211 3356 ὁρᾷ,
1234 3282 1297 3337 τδ
1327 3283 1385 3337 δὲ
1417 3283 1668 3354 δεύτερον
1686 3281 1820 3338 Θεὸν

236 3374 330 3429 τὸν
368 3374 729 3447 ἐνεργοῦντα,
786 3375 857 3428 δι’
900 3374 967 3439 ἀς
997 3374 1332 3446 προείπομεν
1370 3375 1567 3438 αἰτίας.
1612 3370 1820 3429 Οὐκοῦν

234 3469 379 3539 μήτε
411 3467 663 3539 βασιλεὺς
699 3468 1047 3536 ἐξουθενείτω
1082 3470 1210 3531 τοὺς
1251 3469 1359 3521 ὑπ’
1390 3467 1551 3521 αὐτὸν
1596 3484 1821 3540 στρατη-

231 3561 399 3631 γούς·
446 3563 581 3634 μήτε
606 3562 867 3633 ἄρχοντες
894 3561 1021 3624 τοὺς
1050 3561 1344 3632 ὑπηκόους.
1374 3561 1465 3631 Μὴ
1506 3561 1673 3615 όντων
1710 3561 1821 3633 γὰρ

230 3654 346 3707 τῶν
374 3654 711 3725 ἀρχομένων,
747 3654 992 3725 περιττοὶ
1015 3653 1064 3706 οἱ
1082 3653 1341 3724 ἄρχοντες
1365 3670 1377 3683 ·
1418 3654 1514 3707 καὶ
1539 3654 1613 3726 μὴ
1650 3654 1819 3708 ὅντων

234 3746 582 3818 στρατηγῶν,
620 3748 684 3799 ού
729 3748 984 3817 στήσεται
1021 3743 1285 3814 βασιλεία.
1322 3744 1481 3798 Ἀλλά
1526 3746 1660 3817 μηδὲ
1701 3747 1821 3799 ὲπί-

232 3854 442 3900 σκοτως
473 3836 785 3909 ἐπαιρέσθω
817 3836 957 3891 κατά
986 3836 1093 3889 τῶν
1134 3837 1400 3890 διακόνων
1425 3874 1440 3900 ,
1486 3837 1519 3906 ἢ
1550 3837 1655 3889 τῶν
1689 3854 1821 3909 πρεδ

234 3930 546 4001 σϐυτέρων·
586 3931 721 4001 μήτε
752 3930 858 4001 μὴν
898 3931 947 3982 οἱ
978 3929 1335 4002 πρεσϐύτεροι
1364 3930 1502 3984 κατὰ
1529 3919 1621 3984 τοῦ
1648 3931 1777 3985 λαοῦ
1802 3949 1816 3962 ’

234 4023 297 4087 ἐξ
329 4022 573 4093 ἀλλήλων
600 4022 709 4095 γάρ
736 4023 883 4075 ἐστιν
922 4023 955 4092 ἡ
999 4022 1255 4081 σύστασις
1293 4022 1387 4075 τοῦ
1428 4023 1820 4095 συναθροίσμα-

232 4133 349 4180 τος.
383 4116 451 4169 Οἵ
473 4132 532 4167 τε
565 4119 673 4187 γὰρ
703 4116 1011 4178 ἐπίσκοποι,
1042 4115 1133 4168 καὶ¹
1164 4115 1213 4167 οί
1254 4114 1629 4186 πρεσϐύτεροι,
1659 4114 1820 4168 τινῶν

234 4210 376 4261 εἰσιν
411 4209 576 4279 ἱερεῖς
606 4224 619 4237 ·
654 4209 749 4261 καὶ
791 4207 840 4261 οί
880 4207 1077 4270 λαῖκοὶ,
1118 4207 1279 4261 τινῶν
1328 4206 1432 4261 εἰσι
1476 4207 1652 4260 λαῖκοί
1678 4225 1691 4237 ·
1728 4210 1820 4261 καὶ

232 4300 297 4353 τὸ
330 4299 431 4370 μὲν
458 4294 597 4351 εἶναι
625 4299 973 4370 Χριστιανὸν,
1005 4299 1099 4368 ἐφ’
1136 4298 1294 4370 ἡμῖν’
1333 4298 1396 4351 τὸ
1423 4299 1480 4352 δὲ
1501 4298 1817 4361 ἀπόστολον,

233 4391 271 4463 ἢ
284 4392 605 4454 ἐπίσκοπον,
626 4391 798 4461 uno
816 4409 889 4453 τι,
902 4392 1000 4443 οὐκ
1016 4391 1099 4459 ἐφ’
1122 4392 1272 4461 ἡμῖν,
1287 4389 1400 4443 ἀλλ’
1416 4390 1507 4442 ἐπὶ
1530 4389 1607 4459 τῷ
1626 4382 1819 4442 διδόντι

1924 3298 2084 3354 ratio.
2108 3297 2317 3353 Etenim
2349 3292 2473 3354 esse
2502 3300 2675 3369 pium,
2699 3314 2767 3354 ex
2794 3300 2937 3353 bona
2959 3297 3269 3368 cujuspiam
3298 3297 3489 3351 volun;

1921 3395 2033 3443 tate
2072 3390 2281 3455 oritur;
2322 3397 2376 3442 at
2424 3391 2685 3443 miracula
2732 3399 2973 3459 patrare,
3015 3404 3082 3444 ex
3118 3390 3317 3443 virtute
3348 3388 3496 3447 illius

1921 3479 2015 3548 qui
2058 3488 2315 3539 oneratur
2350 3500 2361 3533 :
2397 3495 2630 3548 quorum
2678 3481 2913 3550 primum
2945 3479 3165 3550 quidem
3197 3495 3300 3533 nos
3342 3481 3495 3551 ipsos

1922 3569 2163 3638 respicit,
2188 3570 2485 3625 secundum
2511 3586 2641 3625 vero
2672 3569 2861 3633 Deum,
2888 3570 2960 3625 ob
2989 3585 3184 3625 causas
3217 3585 3381 3639 supra
3409 3568 3493 3622 di-

1920 3668 2039 3715 ctas
2060 3669 2398 3728 operantem;
2430 3661 2599 3730 Igitur
2628 3677 2805 3732 neque
2833 3662 3131 3732 imperator
3160 3661 3315 3716 nihili
3353 3676 3491 3729 pen-

1920 3745 2014 3799 dat
2039 3749 2315 3803 exercitus
2341 3748 2510 3805 duces
2536 3751 2630 3820 qui
2664 3751 2767 3804 sub
2792 3751 2914 3821 ipse
2949 3759 3115 3817 sunt;
3146 3766 3323 3820 neque
3354 3766 3494 3820 prte-

1921 3838 2047 3893 fecti
2076 3854 2171 3895 eos
2205 3840 2297 3910 qui
2324 3840 2457 3911 ipsis
2489 3852 2701 3911 parent.
2736 3841 2872 3896 Nam
2902 3842 2947 3897 si
2992 3857 3099 3896 non
3131 3843 3243 3897 sint
3292 3843 3492 3911 quibus

1920 3934 2303 4004 praeficiantur,
2336 3932 2659 4001 supervacui
2700 3939 2861 3986 erant
2893 3931 3167 4001 praefecti;
3204 3939 3259 3986 et
3292 3932 3336 3985 si
3371 3947 3481 3984 non

1920 4026 2030 4080 sint
2075 4025 2243 4080 duces
2285 4025 2578 4088 exercitus,
2611 4039 2718 4079 non
2766 4024 2931 4078 stabit
2983 4024 3293 4093 imperium.
3341 4022 3482 4088 Quin

1920 4118 2082 4172 etiam
2119 4134 2217 4172 nec
2258 4118 2546 4188 episcopus
2593 4116 2647 4169 in
2696 4116 2955 4171 diaconos
2998 4116 3080 4169 vel
3140 4116 3485 4186 presbyteros

1920 4210 2250 4274 extollatse,
2282 4225 2380 4265 nec
2400 4208 2698 4279 presbyteri
2723 4208 2775 4263 in
2809 4206 3017 4277 plebem
3048 4227 3061 4262 :
3098 4223 3164 4262 ex
3236 4207 3483 4276 utrisque

1920 4300 2065 4352 enim
2100 4309 2273 4353 cretus
2312 4298 2635 4366 compositio
2673 4308 2868 4352 exstat.
2907 4296 3156 4366 EpiscOpi
3186 4298 3385 4368 quippe
3417 4311 3482 4351 ac

1921 4390 2239 4462 presbyteri,
2288 4390 2649 4460 quorumdam
2699 4400 2827 4445 sunt
2867 4390 3196 4454 sacerdotes,
3247 4398 3301 4443 et
3338 4386 3482 4449 laici,

233 4482 359 4553 Θεῷ
381 4481 447 4535 τὰ
474 4483 806 4555 χαρίσματα.
837 4480 1022 4535 Ταῦτα
1057 4484 1153 4553 μὲν
1204 4479 1297 4537 οὖν
1337 4483 1428 4536 ἐπὶ
1460 4483 1707 4535 τοσοῦτον
1740 4485 1814 4537 εί-

1925 4485 2281 4549 quorumdam
2301 4493 2428 4539 sunt
2446 4484 2569 4540 laici
2587 4501 2602 4549 ;
2620 4498 2685 4539 ac
2708 4498 2828 4538 esse
2846 4483 3066 4552 quidem
3090 4482 3482 4542 Christianum,

234 4576 425 4647 ρήσθω
446 4575 534 4629 διὰ
550 4576 677 4640 τοὺς
704 4575 1034 4642 ἀξιωθέντας
1053 4576 1450 4647 χαρισμάτωνῆ
1466 4576 1809 4647 ἀξιωμάτων.

1919 4576 1974 4629 in
2014 4583 2199 4630 nostra
2248 4572 2502 4627 consistit
2540 4574 2847 4639 potestate;
2897 4574 2953 4621 at
2984 4580 3107 4623 esse
3138 4565 3485 4636 apostolum,

232 4676 331 4723 aut
362 4669 697 4738 episcopum,
754 4677 847 4722 aut
876 4668 1007 4737 quid
1034 4668 1231 4730 simile,
1282 4676 1484 4723 nostra:
1543 4684 1652 4722 non
1697 4676 1783 4723 est
1828 4667 2137 4738 putestatis,
2179 4674 2369 4721 verum
2412 4663 2478 4717 ad
2517 4662 2685 4718 Deum
2726 4661 3041 4731 largitorem
3092 4659 3485 4713 charismatum

231 4760 485 4832 pertinet.
512 4759 635 4815 Haec
653 4759 818 4831 igitur
836 4761 1099 4816 hactenus
1128 4760 1275 4815 dicta
1328 4760 1461 4833 sint,
1506 4768 1726 4830 propter
1774 4776 1868 4817 eos
1918 4761 2011 4831 qui
2042 4759 2193 4830 digni
2231 4756 2403 4812 habiti
2436 4763 2563 4810 sunt
2614 4761 2673 4808 ut
2728 4751 3057 4807 charismata
3084 4751 3169 4806 vel
3198 4750 3488 4821 dignitates

230 4853 568 4923 acciperent.

766 4944 945 4995 ΚΕΦΑ
953 4942 1161 4995 ΛᾹῙΟΝ
1201 4943 1275 4993 B'.

396 5027 536 5103 Περὶ
570 5034 687 5088 τῶν
716 5034 1063 5087 ἐπισκόπων
1094 5032 1191 5085 καὶ
1230 5033 1645 5101 πρεσϐυτέρων

812 5104 1076 5167 ἀναξίων
1105 5103 1234 5175 (79).

238 5201 453 5254 Ἐκεῖνο
470 5199 528 5252 δὲ
556 5189 917 5274 προστίθεμεν
945 5196 1024 5265 τῷ
1047 5188 1208 5267 λόγῳ,
1229 5196 1311 5249 ὅτι
1343 5194 1466 5249 οὔτε
1490 5197 1596 5260 πᾶς
1622 5199 1651 5250 6
1670 5211 1803 5267 προ-

303 5316 325 5344 ⁸
360 5308 525 5368 ICor.
550 5313 720 5382 xu,8.
797 5310 819 5341 ³
848 5309 1020 5365 Exod.
1056 5311 1220 5374 vn,l.
1297 5309 1448 5365 ‘Jos.
1485 5322 1539 5364 ι.
1625 5298 1782 5361 “Ill
1808 5304 1939 5377 Reg.
1968 5320 2084 5367 xix,
2114 5306 2210 5369 I8;
2266 5302 2420 5359 Rom.
2447 5318 2523 5367 xl,
2549 5302 2601 5358 4.

223 5402 349 5449 xw,
384 5400 472 5441 ιιι.

2518 4934 2749 4990 CAPUT
2806 4933 2866 4989 ll.

2172 5030 2248 5085 De
2268 5029 2523 5098 episcopis
2552 5038 2602 5081 et
2625 5026 2943 5097 presbyteris
2973 5022 3221 5093 indignis.

1979 5185 2113 5244 Illud
2131 5206 2259 5245 vero
2284 5188 2521 5244 sermoni
2544 5186 2793 5242 addimus
2810 5205 2823 5252 ;
2839 5185 2982 5255 quod
3013 5194 3111 5239 nec
3135 5185 3311 5240 omnis
3370 5182 3483 5251 qui.

2703 5299 2811 5355 τιν
2842 5300 2974 5369 Reg.
3005 5310 3075 5353 vt.
3182 5303 3203 5331 ⁸
3240 5300 3375 5355 Dan.
3408 5315 3483 5366 vt,

1537 5481 1899 5547 VARIOBUM
1933 5489 2163 5545 ΝΟΤΔΕ.

300 5588 416 5660 (78)
448 5587 559 5660 Καὶ
591 5591 622 5641 ό
646 5589 786 5660 μένΣ
812 5588 1139 5655 ἀρχιερεύς.
1204 5586 1379 5655 Super
1416 5586 1617 5660 celebri
1659 5602 1807 5655 qua?

230 5657 437 5722 aliene,
476 5659 714 5713 fueritne
756 5658 975 5712 Samuel
1014 5674 1261 5712 summus
1315 5657 1578 5726 pontifex.
1624 5670 1806 5711 sacer;

229 5731 336 5785 .los
368 5738 604 5784 tantum.
648 5744 714 5781 an
754 5730 917 5783 levita
960 5744 1165 5791 merus,
1201 5729 1370 5782 multa
1399 5744 1427 5780 τι
1461 5729 1646 5781 multis
1669 5728 1806 5783 scriA

227 5820 282 5859 ta
352 5814 499 5864 sunt,
532 5816 653 5868 quur:
692 5799 935 5869 proferre
961 5799 1094 5851 nihil
1124 5807 1205 5852 est
1230 5814 1473 5854 necesse.
1509 5799 1643 5851 Cor.

560 5900 834 5952 Parnm”
883 5896 999 5951 (in,
1044 5897 1087 5949 Ii

1991 5584 2103 5655 (79)
2122 5583 2259 5650 Περὶ
2287 5580 2422 5643 τῶν,
2443 5589 2547 5635 etc.
2574 5579 2823 5655 Uterque
2837 5564 3001 5655 Vind.
3035 5576 3211 5655 codex
3222 5597 3267 5655 _:_
3284 5580 3400 5631 Ὅτι
3421 5579 3483 5655 οὐ

1916 5648 2133 5716 πάντως
2166 5648 2271 5715 πᾶς
2293 5656 2321 5705 6
2351 5651 2706 5723 προφητεύων
2733 5651 2765 5720 ἢ
2802 5650 3059 5721 δαίμονας
3085 5648 3358 5704 ἐκϐάλλων
3396 5648 3484 5705 εύα

1916 5726 2095 5779 σεόής.
2131 5724 2297 5781 Cum.

3072 5878 3146 5938 3'4

3613 645 3652 672 Ο
