3946 6334
195 320 323 380 1073

718 439 1112 498 ΚΕΦΑΛΑΙΟΝ
1152 446 1228 501 E'.

335 529 691 599 Ἐπίὸιλησις
719 532 817 586 ἐπὶ
846 538 1210 606 χειροτονίας
1244 539 1605 595 ἐπισκόπων.

268 615 325 677 ὐ
351 620 451 686 ὢν,
482 623 757 688 Δέσποτα,
792 626 985 698 Κύριε,
1018 631 1046 684 6
1091 630 1250 695 Θεὸς,
1284 633 1312 686 6
1340 634 1753 706 παντοκράτωρ,

182 715 214 768 6
244 714 397 786 μόνος
426 715 748 787 άγὲννητος,
807 720 900 773 καὶ
940 719 1308 787 ἀϐασίλευτος·
1347 726 1375 778 6
1405 725 1491 778 ἀεὶ
1523 724 1628 790 ῶν,
1661 728 1756 780 καὶ

185 806 295 878 πρὸ
322 805 428 859 τῶν
457 805 667 861 αἰώνων
692 810 970 882 ὑπάρχων·
1005 815 1033 867 6
1072 815 1233 868 παντὶ
1253 815 1297 847 ³³
1348 817 1596 889 ἀνενδεὴς
1616 858 1630 881 ,
1663 820 1758 872 καὶ

190 898 369 969 πάσης
392 899 572 964 αίτίας
602 902 694 955 καὶ
720 904 987 971 γενέσεως
1030 906 1316 977 κρείττων·
1363 911 1392 962 6
1435 910 1593 981 μόνος
1626 910 1757 982 ἀλη-

188 990 360 1055 θινὸς,
380 993 408 1044 6
431 991 591 1061 μόνος
612 993 792 1063 σοφός·
816 998 845 1049 6
868 994 943 1049 ὢν
964 998 1122 1068 μόνος
1156 999 1435 1070 ’Υψιστοςσ
1455 1003 1484 1055 6
1503 1005 1568 1075 τῇ
1598 1004 1756 1073 φύσει

188 1082 431 1152 ἀόρατος·
461 1075 524 1135 οὗ
554 1084 812 1156 ἡγνῶσις
854 1087 1107 1161 ἄναρχος·
1148 1093 1176 1145 6
1214 1092 1371 1163 μόνος
1407 1094 1635 1163 ἀγαθὸς,
1665 1097 1759 1150 καὶ

191 1175 548 1248 ἀσύγκριτος,
580 1179 608 1232 6
645 1178 713 1233 τά
765 1181 941 1235 πάντα
988 1184 1144 1247 εἰδὼς
1176 1186 1302 1256 πρὶν
1349 1187 1612 1256 γενέσεως
1659 1189 1758 1242 αὐ-

189 1268 358 1322 τῶν·ό
384 1270 491 1323 τῶν
521 1272 779 1345 κρυπτῶν
801 1275 1065 1347 γνώστης·
1087 1281 1115 1334 6
1134 1279 1443 1351 ἀπρόσιτος·
1470 1283 1498 1335 6
1528 1283 1758 1336 ἀδέσπο-

188 1376 300 1424 τος·
355 1362 382 1413 6
412 1360 545 1426 Θεὸς
596 1365 689 1418 καὶ
744 1366 929 1440 Πατὴρ
976 1369 1070 1423 τοῦ
1114 1371 1429 1441 μονογενοῦς
1464 1373 1592 1427 Υίοῦ
1640 1392 1755 1441 σου,

190 1451 288 1505 τοῦ
318 1452 449 1506 Θεοῦ
481 1456 574 1507 καὶ
601 1457 852 1529 Σωτῆρος
879 1460 1055 1530 ἡμῶν·
1086 1464 1114 1516 6
1146 1462 1471 1535 δημιουργὸς
1489 1466 1595 1521 τῶν
1623 1467 1759 1522 ὅλων

188 1544 259 1597 δι’
291 1544 476 1598 αὐτοῦ·
535 1548 563 1599 6
624 1552 950 1623 προνοητὴς,
990 1555 1019 1607 6
1053 1554 1325 1625 κηδεμών·
1358 1558 1387 1610 6
1417 1558 1606 1631 Πατὴρ
1651 1560 1759 1616 τῶν

188 1636 515 1708 οἰκτιρμῶν,
546 1641 641 1692 καὶ
664 1640 795 1705 Θεὸς
815 1644 996 1717 πάσης
1028 1647 1439 1719 παρακλήσεως·
1472 1652 1500 1704 6
1532 1651 1589 1705 ἐν
1621 1651 1760 1724 ὑψη-

188 1729 302 1794 λοῖς
333 1732 630 1797 κατοικῶν,
662 1736 755 1788 καὶ
790 1736 857 1789 τά
904 1740 1133 1793 ταπεινά
1180 1742 1409 1814 ἐφορῶν.
1445 1744 1516 1797 Σὺ
1567 1747 1596 1797 6
1636 1745 1761 1810 δοὺς

190 1822 351 1895 ὅρους
392 1823 745 1896 Ἑκκλησίας,
776 1826 864 1881 διὰ
891 1830 990 1901 τῆς
1018 1832 1284 1905 ἐνσάρκου
1330 1836 1630 1907 παρουσίας
1666 1837 1759 1892 τοῦ

190 1916 427 1989 Χριστοῦ
474 1935 597 1984 σου,
626 1920 731 1973 ὑπὸ
766 1922 1002 1995 μάρτυρι
1030 1924 1107 1996 τῷ
1138 1927 1507 2000 Παρακλήτῳ,
1541 1928 1629 1983 διὰ
1654 1930 1761 1984 τῶν

192 2010 303 2063 σῶν
325 2012 632 2066 ἀποστόλων
655 2055 669 2077 ,
698 2016 790 2067 καὶ
829 2016 985 2087 ἡμῶν
1019 2018 1127 2072 τῶν
1160 2016 1341 2091 χάριτι
1384 2023 1449 2093 σῇ
1477 2021 1760 2094 παρεστώ-

189 2118 301 2155 των
348 2104 683 2159 ἐπισκόπων·
739 2108 768 2160 6
808 2108 1107 2179 προορίσας
1138 2111 1196 2177 ἐξ
1240 2112 1413 2184 ἀρχῆς
1464 2113 1627 2185 ἱερεῖς
1682 2116 1762 2179 είς

191 2195 511 2251 ἐπιστασίαν
543 2195 671 2250 λαοῦ
707 2215 831 2265 σου,
878 2200 1043 2254 Ἀϐελ
1084 2203 1141 2256 ἐν
1174 2202 1443 2275 πρώτοις,
1488 2205 1625 2275 Σὴθ,
1670 2207 1763 2265 ml.

204 2286 369 2351 Ἐνὼς
388 2329 403 2353 ,
443 2290 537 2343 καὶ
592 2290 793 2362 Ἑνὼχ,
827 2294 921 2345 καὶ
949 2293 1071 2348 Νῶε
1090 2334 1104 2359 ,
1139 2296 1232 2349 καὶ
1277 2297 1609 2371 Μελχισεδὲκ
1630 2338 1644 2361 ,
1669 2300 1764 2354 καὶ

166 2380 346 2433 ⁷”ῐώ6·
376 2381 713 2447 όάναδείξας
779 2384 1031 2458 Ἀϐραὰμ
1074 2389 1167 2442 καὶ
1217 2390 1343 2454 τοὺς
1398 2391 1616 2456 λοιποὺς
1661 2410 1766 2446 πα-

189 2474 458 2546 τριάρχας
499 2476 594 2531 σὺν
639 2479 752 2541 τοῖς
796 2482 1009 2552 πιστοῖς
1046 2497 1138 2535 σου
1184 2483 1509 2552 θεράπουσιν
1540 2486 1768 2540 Μωῦσεῖ

191 2570 289 2622 καὶ
327 2568 562 2640 Ἀαρὼν,
596 2571 690 2624 καὶ
744 2572 1051 2648 Ἐλεαζάρῳ
1092 2575 1186 2629 καὶ
1215 2576 1417 2640 Φινεές·
1444 2579 1471 2630 6
1499 2576 1555 2645 ἐξ
1586 2576 1764 2635 αὐτῶν

192 2662 680 2733 προχειρισάμενος
719 2665 1015 2737 ἄρχοντας,
1047 2666 1142 2720 καὶ
1174 2668 1335 2739 ἱερεῖς
1378 2670 1435 2721 ἒν
1476 2670 1542 2741 τῇ
1592 2654 1791 2743 σκηνῇ’

189 2752 287 2817 τοῦ
317 2754 636 2831 μαρτυρίου·
665 2758 693 2810 6
723 2757 815 2811 τὸν
844 2758 1099 2831 Σαμουὴλ
1126 2760 1481 2833 ἐκλεξάμενος
1509 2765 1588 2828 είς
1616 2764 1767 2835 ἱερέα

194 2847 290 2901 καὶ
340 2847 643 2919 προφήτην·
684 2847 762 2920 τῷ
807 2849 1170 2923 ἀγιάσματίη
1212 2869 1304 2905 σου
1353 2853 1766 2927 ἀλειτούργητον

195 2937 271 3011 μὴ
306 2938 701 3007 ἐγκαταλιπών·
732 2942 761 2994 6
788 2941 1086 3015 εὐδοκήσας
1116 2944 1174 2996 ἐν
1211 2940 1293 3006 οἷς
1337 2945 1571 3017 ᾑρετίσω
1590 2928 1595 2934 θ
1615 2945 1768 3013 δοξα-

193 3030 414 3102 σθῆναι.
446 3032 619 3095 Αὐτὸς
644 3034 743 3087 καὶ
780 3033 878 3088 νῦν
931 3036 1177 3109 μεσιτείᾳ
1217 3036 1311 3090 τοῦ
1355 3040 1589 3111 Χριστοῦ
1641 3058 1764 3105 σου,

1027 326 1624 389 CONSTiTUTlONES
1668 325 2141 383 APOSTOLICKE.
2178 357 2245 367 ——
2280 324 2401 397 LIB.
2443 322 2577 385 Vili.

3290 330 3433 389 10τᾶ

2472 445 2701 502 CAPUT
2744 445 2805 501 V.

2075 538 2342 593 Invocatio
2378 540 2429 592 in
2461 539 2792 593 ordinatione
2822 540 3207 610 episcoporum.

1928 628 2142 696 Quies,
2178 630 2307 685 here
2356 629 2606 694 Domine,
2652 629 2817 695 Deus,
2857 632 3227 703 omnipotens,
3267 636 3426 693 solus

1861 719 2139 792 ingenitus
2165 737 2229 777 ac
2258 736 2441 793 regem
2471 737 2582 776 non
2616 722 2857 789 habens;
2891 724 2982 794 qui
3015 740 3231 797 semper
3258 744 3347 793 es,
3374 740 3429 785 et

1860 822 1987 870 ante
2010 814 2209 869 saecula
2238 814 2488 881 exsistis;
2518 814 2612 884 qui
2641 815 2794 869 nullo
2834 815 3066 887 indiges,
3100 834 3429 893 omnemque

1860 921 2083 962 causam
2118 915 2281 977 atque
2326 915 2508 961 ortum
2547 922 2809 977 superas;
2859 909 3009 964 solus
3053 926 3237 968 verus.
3276 914 3433 972 solus

1860 1000 2112 1069 sapiens;
2138 1000 2227 1070 qui
2260 999 2411 1056 solus
2432 1000 2747 1055 Altissimus
2770 1016 2850 1064 es,
2878 1011 3074 1057 natura
3102 1003 3429 1076 invisibilis;

1859 1092 2017 1161 cujus
2049 1092 2317 1162 cognitio,
2364 1107 2559 1163 expers
2606 1092 2897 1163 principii;
2933 1096 3085 1150 solus
3116 1096 3323 1163 bonus,
3366 1114 3432 1155 ac

1861 1184 2305 1254 incomparabilis
2327 1202 2341 1250 ;
2364 1185 2459 1255 qui
2483 1185 2666 1240 omnia
2690 1187 2836 1241 nosti
2867 1197 2994 1243 ante
3040 1204 3202 1259 quam
3228 1191 3431 1260 ﬁant“;

1860 1276 2199 1330 occultorum
2230 1277 2501 1347 cognitor,
2542 1276 2895 1346 inaccessas;
2943 1280 3166 1337 domino
3194 1298 3430 1352 carens;

1861 1369 2005 1425 Deus
2028 1376 2081 1424 et
2100 1368 2263 1425 Pater
2294 1370 2556 1441 unigeniti
2579 1369 2698 1425 Filii
2739 1374 2839 1439 tui,
2891 1374 2989 1430 Dei
3026 1390 3089 1431 ac
3120 1375 3431 1438 Servatoris

1860 1463 2069 1536 nostri;
2099 1462 2353 1519 conditor
2384 1463 2762 1523 universorum
2782 1480 2877 1536 per
2910 1466 3087 1537 ipsum
3112 1510 3125 1531 ,
3154 1469 3432 1538 provisor,

1863 1564 2035 1622 tutor;
2068 1554 2229 1610 Pater
2254 1555 2775 1619 misericordiarum,
2809 1564 2864 1611 et
2910 1559 3055 1614 Deus
3087 1560 3257 1615 totius
3301 1575 3435 1617 con-

1864 1647 2356 1717 solationis“;qui
2404 1647 2460 1702 in
2520 1648 2646 1703 altis
2694 1648 2931 1717 habitas,
2985 1658 3038 1705 et
3089 1649 3315 1706 humilia
3350 1668 3437 1708 re-

1865 1740 2111 1810 spicis“.
2145 1738 2226 1793 Tu
2255 1740 2347 1809 qui
2377 1739 2577 1794 dedisti
2620 1740 2768 1810 leges
2800 1756 2864 1796 ac
2909 1744 3125 1813 regulas
3155 1744 3438 1816 Ecclesiae,

1862 1850 1957 1905 per
1983 1833 2188 1889 Christi
2218 1834 2296 1886 tui
2324 1836 2615 1887 adventum
2659 1833 2715 1888 in
2737 1848 2923 1899 carne,
2956 1835 3061 1890 sub
3092 1842 3231 1899 teste
3264 1836 3436 1891 Para-

1863 1928 2025 1991 cleto,
2056 1942 2155 1998 per
2183 1926 2465 1997 apostolos
2498 1935 2642 1993 tuos,
2694 1941 2759 1981 ac
2800 1943 2901 1983 nos
2931 1928 3103 1999 gratia
3132 1936 3224 1983 tua
3254 1940 3437 1991 astan-

1862 2027 1946 2077 tes
1978 2021 2294 2091 episcopos;
2326 2020 2418 2090 qui
2450 2020 2520 2074 ab
2551 2019 2708 2075 initio
2755 2022 3067 2091 praestitisti
3114 2023 3434 2079 sacerdotes

1864 2114 1918 2168 in
1944 2112 2127 2185 populi
2167 2113 2247 2167 tui
2295 2112 2662 2168 curationem.
2709 2112 2931 2168 Abelem
2986 2114 3039 2167 in
3090 2114 3303 2184 primis,
3338 2113 3437 2170 Se~

1865 2208 2041 2271 thum,
2069 2206 2335 2271 Enosum,
2378 2204 2721 2269 Henochum,
2754 2203 2948 2271 Noam,
2978 2205 3436 2267 Melchisedecum

1864 2309 1918 2357 et
1943 2299 2176 2366 Jobum;
2207 2300 2300 2370 qui
2336 2299 2673 2353 constituisti
2713 2296 3084 2356 Abrahamum
3126 2310 3180 2357 et
3210 2311 3436 2359 czeterus

1864 2392 2230 2463 patriarchas,
2263 2406 2387 2445 cum
2418 2389 2668 2445 ﬁdelibus
2690 2391 2798 2445 tuis
2827 2389 3068 2458 famulis,
3095 2392 3299 2465 Moyse,
3334 2395 3438 2458 Aa-

1866 2498 2019 2547 rone,
2074 2482 2354 2548 Eleazaro,
2397 2481 2631 2549 Phinee;
2666 2481 2759 2553 qui
2804 2482 2860 2536 in
2904 2483 3042 2554 ipsis
3082 2484 3437 2557 desumpsisti

1867 2575 2163 2645 principes,
2195 2584 2250 2629 et
2279 2573 2598 2631 sacerdotes
2627 2574 2683 2628 in
2712 2574 3068 2633 tabernaculo
3099 2578 3437 2649 testimonii;

1868 2666 1960 2736 qui
1984 2664 2289 2722 Samuelem
2309 2665 2519 2737 elegisti
2542 2666 2595 2720 in
2623 2665 2966 2722 sacerdotem
2996 2682 3058 2723 ac
3084 2671 3435 2740 prophetam;

1869 2758 1963 2829 qui
1984 2757 2358 2813 sanctuarium
2383 2765 2536 2812 tuum
2554 2758 2673 2813 sine
2690 2758 2964 2818 ministris
2991 2776 3102 2816 non
3127 2761 3437 2831 reliquisti;

1868 2851 1959 2921 qui
1999 2849 2374 2905 benevolentia
2404 2857 2733 2920 prosecutus
2778 2866 2839 2906 es
2866 2866 2963 2908 eos
3021 2851 3077 2906 in
3105 2853 3306 2924 quibus
3343 2870 3441 2908 vo-

1871 2944 2025 3000 luisti
2092 2942 2381 2999 celebrari.
2437 2942 2559 3013 Ipse
2611 2956 2758 2997 nunc
2833 2958 3075 3013 quoque,
3129 2944 3440 3001 intercessu

1868 3035 2072 3092 Christi
2095 3035 2196 3099 tui,
2229 3049 2326 3105 per
2346 3049 2449 3090 nos
2480 3027 2706 3090 infunde
2734 3035 2988 3091 virtutem
3014 3037 3340 3107 principalis
3360 3039 3441 3093 tui

164 3122 261 3177 δι’
292 3124 451 3202 ἡμῶν
485 3124 671 3197 ἐπίχεε
720 3127 820 3199 τὴν
868 3128 1095 3199 δύναμιν
1141 3129 1235 3184 τοῦ
1290 3132 1616 3203 ἡγεμονικοῦ
1672 3151 1763 3195 σου

1870 3127 2128 3200 Spiritus,
2155 3126 2248 3199 qui
2302 3126 2752 3189 subministratur
2798 3143 2894 3198 per
2934 3128 3196 3184 dilectum
3240 3128 3440 3186 Filium

187 3216 536 3289 Πνεῦματος,
589 3220 728 3293 ὅπερ
781 3220 1109 3278 διακονεῖται
1170 3223 1248 3296 τῷ
1289 3225 1631 3298 ἠγαπημένῳ
1672 3244 1765 3281 σου

190 3311 352 3365 Παιδὶ
392 3311 565 3383 Ἰησοῦ
614 3314 868 3387 Χριστῷ,
919 3315 1057 3387 ὅπερ
1101 3316 1412 3389 ἐδωρήσατο
1440 3318 1631 3391 γνώμῃ
1675 3337 1765 3374 σου

185 3404 307 3465 τοῖς
347 3404 524 3473 ἁγίοις
556 3404 874 3471 ἀποστόλοις
927 3424 1021 3460 σου
1075 3408 1169 3462 τοῦ
1200 3411 1416 3463 αἰωνίου
1480 3410 1635 3465 Θεοῦ.
1670 3413 1769 3477 Δὸς

186 3495 250 3547 ἐν
279 3494 360 3565 τῷ
385 3494 610 3567 ὀνόματί
644 3514 768 3562 σου,
798 3498 1211 3569 καρδιογνῶστα
1243 3500 1375 3567 Θεέ,
1408 3502 1500 3556 ἐπὶ
1528 3503 1619 3557 τὸν
1650 3504 1770 3558 δοῦ-

80 3582 83 3583 ⁷
186 3586 284 3639 λόν
320 3604 414 3640 σου
441 3588 590 3642 τόνδε
611 3629 627 3654 ,
646 3588 706 3643 ὃν
733 3589 960 3657 ἐξελέξω
986 3592 1067 3656 είς
1099 3592 1396 3648 ἐπίσκοπον
1413 3633 1428 3659 ,
1461 3595 1769 3666 ποιμαίνειν

182 3678 295 3749 τὴν
343 3678 503 3748 ἁγίαν
559 3698 653 3735 σου
715 3684 981 3755 ποίμνην,
1028 3685 1124 3739 καὶ
1180 3686 1595 3760 ἀρχιερατεύειν
1648 3707 1766 3756 σοι,

183 3774 502 3845 ἀμέμπτως
548 3775 963 3849 λειτουργοῦντα
1010 3777 1203 3842 νυκτὸς
1246 3780 1338 3833 καὶ
1391 3779 1604 3852 ἡμέρας
1625 3820 1641 3845 ,
1676 3782 1770 3834 καὶ

166 3866 608 3938 Δἐξιλασκόμενόν
652 3884 745 3921 σου
773 3868 834 3921 τὸ
877 3869 1167 3942 πρόσωπον
1185 3909 1199 3935 ,
1230 3871 1653 3943 ἐπισυναγαγεῖν
1678 3873 1772 3930 τὸν

180 3958 427 4029 ἀριθμὸν
471 3959 581 4012 τῶν
631 3960 984 4031 σωζομένων,
1051 3963 1147 4015 καὶ
1200 3964 1532 4036 προσφέρειν
1584 3966 1772 4023 σοιτά

178 4051 341 4122 δῶρα
364 4051 463 4121 τῆς
493 4051 655 4120 ἁγίας
684 4068 778 4105 σου
822 4053 1165 4125 Ἐκκλησίας.
1201 4054 1300 4119 Δὸς
1327 4056 1495 4127 αὐτῷ,
1526 4057 1772 4117 Δέσποτα

182 4142 605 4215 παντόκρατορ,
657 4143 747 4197 διὰ
796 4144 889 4198 τοῦ
922 4146 1161 4217 Χριστοῦ
1196 4163 1288 4200 σου
1311 4186 1326 4212 ,
1354 4148 1453 4219 τὴν
1484 4151 1771 4219 μετουσίαν

177 4235 289 4289 τοῦ
322 4236 481 4304 ἁγίου
530 4236 868 4307 Πνεῦματος·
916 4238 1057 4292 ὥστε
1096 4238 1239 4315 ἔχειν
1281 4240 1528 4305 ἐξουσίαν
1557 4243 1771 4312 ἀφιέναι

181 4328 473 4400 ἁμαρτίας
500 4328 640 4382 κατὰ
656 4329 753 4401 τὴν
779 4330 996 4401 ἐντολήν
1028 4348 1145 4395 σου,
1184 4332 1380 4388 διδόναι
1407 4333 1639 4406 κλήρους
1658 4335 1769 4408 (95)

180 4420 343 4476 κατὰ
356 4421 416 4473 τὸ
434 4421 763 4494 πρόσταγμα
774 4423 1042 4489 σου,λύειν
1057 4425 1115 4478 δὲ
1129 4424 1307 4483 πάντα
1325 4425 1620 4498 σύνδεσμον
1631 4427 1773 4481 κατὰ

1868 3229 2022 3277 tuum
2052 3219 2238 3276 Jesum
2266 3219 2570 3284 Christum,
2602 3235 2874 3291 quemque
2908 3222 3193 3281 voluntat
3222 3229 3316 3276 tua
3342 3222 3439 3279 (ιον

1867 3313 2017 3368 navit
2043 3311 2253 3367 sanctis
2283 3311 2545 3383 apostolis
2577 3311 2645 3366 ad
2674 3319 2727 3367 te
2766 3321 3030 3367 atomum
3061 3312 3233 3368 Deum
3264 3314 3444 3385 perti-

1868 3407 2147 3463 nentibus.
2169 3404 2247 3459 Da
2277 3405 2333 3459 in
2362 3403 2584 3460 nomine
2611 3412 2729 3469 tuo,
2759 3403 2905 3459 Deus
2939 3404 3193 3476 cognitor
3232 3404 3438 3467 cordis,

1868 3502 1998 3556 huic
2026 3515 2187 3556 servo
2211 3507 2325 3564 tuo,
2358 3498 2536 3557 electo
2583 3513 2615 3552 a
2648 3506 2699 3553 te
2746 3497 2802 3553 in
2832 3498 3173 3569 episcopum,
3216 3513 3441 3568 pascere

1870 3600 2121 3650 sanctum
2144 3600 2298 3647 tuum
2323 3605 2564 3661 gregem,
2614 3598 2669 3645 et
2696 3590 3011 3660 pontiﬁcem
3051 3599 3207 3645 tuum
3259 3604 3439 3660 agere,

1868 3686 2151 3757 inculpate
2206 3683 2614 3740 ministrantem
2644 3690 2806 3738 nocte
2854 3696 2917 3737 ac
2948 3681 3065 3750 die;
3096 3692 3151 3740 et
3178 3682 3443 3753 placando

1872 3778 2063 3833 faciem
2094 3785 2267 3841 tuam,
2298 3790 2628 3847 congregare
2655 3790 2943 3830 numerum
2973 3791 3162 3831 eorum
3185 3776 3276 3846 qui
3306 3774 3443 3835 salvi

1872 3870 2031 3933 ﬁunt,
2068 3883 2133 3923 ac
2156 3868 2350 3924 ollerre
2384 3868 2480 3922 tibi
2511 3868 2655 3922 dona
2684 3874 2891 3923 sancta:
2920 3876 3027 3922 tuae
3055 3867 3331 3923 Ecclesiae.
3360 3866 3440 3920 Da

1871 3961 1972 4026 illi,
2003 3960 2226 4015 Domine
2268 3961 2640 4031 omnipotens,
2680 3974 2778 4030 per
2808 3958 3090 4015 Christum
3127 3969 3279 4014 tuum
3315 3973 3442 4029 par-

1872 4054 2245 4125 ticipationem
2276 4054 2454 4109 sancti
2488 4052 2764 4122 Spiritus;
2793 4061 2854 4106 ut
2893 4051 3088 4106 habeat
3116 4060 3441 4121 potestatein

1871 4147 2184 4203 remittendi
2238 4154 2462 4217 peccata
2514 4146 2819 4203 secundum
2889 4144 3209 4199 mandatum
3267 4154 3440 4207 tuum,

1872 4240 2037 4298 dandi
2079 4240 2255 4296 cleros
2305 4254 2400 4295 seu
2429 4238 2649 4294 ordines
2670 4236 3076 4298 ecclesiasticos
3120 4236 3275 4306 juxta
3306 4252 3445 4307 prm-

1872 4342 2091 4404 ceptum
2139 4340 2315 4398 tuum,
2360 4342 2415 4388 et
2460 4330 2705 4386 solvendi
2753 4345 2914 4384 onme
2944 4329 3222 4383 vinculum
3248 4345 3446 4391 secun-

1874 4429 2009 4485 dum
2038 4434 2364 4499 potestatem
2399 4440 2563 4496 quam
2594 4422 2831 4478 tribuisti
2868 4420 3131 4492 apostolis
3146 4422 3244 4487 “";
3277 4431 3445 4493 utque
3502 4498 3506 4505 γ

178 4513 293 4584 τὴν
310 4511 558 4578 ἐξουσίαν
579 4514 643 4585 ἦν
664 4514 873 4579 ἔδωκας
894 4518 1007 4580 τοῖς
1027 4518 1363 4583 ἀποστόλοις·
1388 4521 1699 4594 εὐαρεστεῖν
1717 4522 1774 4576 δέ

1882 4521 1978 4576 tibi
2032 4523 2240 4591 placeat
2302 4520 2358 4573 in
2410 4515 2854 4580 mansuetudine,
2907 4524 2961 4570 et
3004 4515 3207 4570 mundo
3255 4516 3441 4579 corde,

184 4622 279 4658 σοι
296 4605 358 4656 ἐν
380 4604 669 4676 πραότητι,
697 4607 790 4663 καὶ
802 4607 1020 4681 καθαρᾷ
1035 4610 1254 4682 καρδίᾳ,
1273 4612 1578 4684 ἀτρέπτως,
1599 4614 1773 4687 ἀμέμ-

180 4714 371 4759 πτως,
383 4697 752 4767 ἀνεγκλήτως,
766 4700 1145 4773 προσφέροντα
1155 4719 1236 4755 σοι
1253 4703 1497 4775 καθαράν
1511 4707 1605 4759 καὶ
1617 4705 1771 4763 avai-

184 4806 407 4859 μακτον
437 4790 658 4854 Θυσίαν,
683 4791 749 4862 ἢν
781 4791 869 4846 διά
891 4792 1127 4864 Χριστοῦ
1146 4794 1375 4863 διετάξω
1393 4797 1454 4850 τὸ
1476 4799 1772 4870 μυστήριον

177 4881 290 4951 τῆς
302 4882 507 4954 Καινῆς
520 4882 810 4955 Διαθήκης,
834 4886 913 4948 είς
925 4886 1100 4956 ὀσμὴν
1120 4886 1369 4952 εὐωδίας,
1384 4887 1472 4946 διὰ
1489 4889 1582 4943 τοῦ
1613 4891 1770 4959 ἁγίου

176 4975 400 5039 Παιδός
432 4993 528 5031 σου
572 4977 748 5048 Ἰησοῦ
773 4978 1009 5050 Χριστοῦ
1056 4979 1149 5033 τοῦ
1197 4980 1330 5034 Θεοῦ
1382 4983 1475 5035 καὶ
1522 4983 1772 5055 Σωτῆρος

265 5161 316 5191 ³⁹
361 5160 397 5213 f.
432 5157 629 5228 πάντη.
728 5157 777 5228 δέ
813 5156 947 5216 Dan.
978 5173 1101 5223 xm,
1123 5158 1212 5214 42.

182 5233 259 5265 α’
304 5230 499 5285 Matth.
534 5227 691 5292 svnt,
719 5227 807 5282 18.

1306 5158 1349 5189 δι
1384 5156 1427 5211 ll
1454 5158 1581 5216 Cor.
1613 5176 1652 5225 ι,
1677 5160 1730 5215 5.
1805 5159 1849 5192 δ’
1890 5158 2034 5215 Psal.
2068 5160 2280 5223 cxn,_5.

1877 4620 2213 4675 constanter,
2267 4611 2545 4681 inculpata
2592 4623 2657 4665 ac
2704 4607 3258 4677 irreprehonsibiliter
3312 4606 3444 4663 olle-

1876 4706 2047 4761 rendo
2069 4706 2167 4760 tibi
2196 4719 2395 4774 purum
2427 4711 2482 4757 et
2528 4703 2869 4756 incruentum
2901 4699 3259 4766 sacriﬁcium,
3298 4700 3443 4770 quod

1878 4814 1974 4869 per
2002 4798 2283 4853 Christum
2316 4793 2656 4851 constituisti
2706 4792 3026 4862 mysterium
3066 4790 3204 4846 Novi
3250 4790 3445 4847 Testa-

1878 4891 2067 4954 menti,
2098 4889 2154 4943 in
2196 4888 2420 4943 odorem
2451 4884 2770 4951 suavitatis;
2804 4899 2900 4955 per
2942 4891 3195 4940 sanctum
3246 4881 3443 4937 Filium

1880 4991 2033 5039 tuum
2062 4979 2250 5037 Jcsum
2314 4978 2613 5041 Christum,
2660 4976 2827 5032 Deum
2873 4990 2937 5030 ac
2985 4973 3321 5031 Salvatorem
3346 4990 3447 5029 no-

2375 5157 2421 5188 ⁸³
2459 5154 2495 5209 f.
2530 5154 2589 5207 τὸ
2617 5154 2881 5225 άγίασμα.
2916 5151 3005 5209 Sic
3035 5164 3088 5209 et
3114 5153 3251 5209 alter
3276 5150 3437 5209 Vind.

1474 5400 1844 5463 VARIORUM
1881 5399 2112 5467 NOTIE.

264 5587 387 5659 (93)
427 5584 661 5640 Διδόναι
692 5581 972 5659 κλήρους.
1008 5581 1269 5638 Primitus
1292 5596 1360 5636 oe
1385 5588 1628 5659 _sorte_ac
1654 5593 1767 5631 sor-

184 5651 397 5713 titione
424 5665 687 5730 usurpata
720 5651 823 5709 vos
855 5653 1082 5730 κλῆρος,
1106 5662 1297 5730 postea
1335 5652 1401 5705 ad
1449 5651 1617 5730 multa
1645 5664 1768 5730 qua:

184 5731 398 5783 sortito
420 5720 806 5803 obtingebant,
835 5720 1281 5795 signiﬁcationem
1304 5738 1460 5803 suam
1496 5720 1766 5785 extendit;

188 5802 265 5854 ad
299 5792 660 5871 dignitatem,
712 5792 925 5858 locum,
970 5810 1286 5861 numerum,
1328 5792 1609 5856 ordinem,
1642 5806 1767 5860 pos-

1873 5576 2211 5637 sessionem,
2247 5569 2507 5641 'a|iaque.
2561 5567 2737 5641 Atque
2776 5563 3101 5641 hic_xkﬁpot
3152 5570 3301 5641 sunt,
3360 5565 3444 5619 vel

1875 5646 2158 5717 speciatim
2184 5635 2415 5717 ordines
2434 5648 2491 5717 et
2519 5637 2722 5710 gradus
2754 5637 3121 5717 clericorum;
3158 5635 3243 5717 vel
3278 5650 3443 5715 gene-

1874 5704 2036 5773 ratim
2095 5717 2211 5768 loca
2241 5704 2705 5773 Christianorum,
2754 5707 2893 5760 inter
2931 5704 3182 5768 clericos,
3232 5704 3458 5772 laicos;

1875 5797 2104 5852 stantes,
2140 5786 2359 5856 lapsos;
2398 5782 2654 5853 virgines,
2688 5778 2899 5833 viduas.
2937 5788 3039 5833 etc.
3078 5776 3224 5831 Cor.
