3946 6334
575 298 717 359 1087

1442 296 1501 355 S.
1541 297 1932 355 CLEMENTIS
1968 301 1988 355 Ι
2026 298 2192 355 ΒΟΜ.
2234 298 2435 359 ΡΟΝΤ.
2475 300 2704 358 OPERA
2732 304 2962 361 DUBIA.

3581 324 3683 382 {088

552 412 774 469 Evodio
817 417 873 468 et
918 409 1172 481 parteciis
1221 410 1342 483 ejus
1388 427 1609 469 oremus
1648 434 1661 469 :
1703 421 1760 468 ut
1817 416 2126 474 misericors

2194 446 2207 477 ι
2235 417 2375 492 ὑπὲρ
2405 419 2497 473 τοῦ
2529 421 2826 476 ἐπισκόπου
2856 422 3014 495 ἡμῶν
3034 424 3324 497 Κλήμεντος
3343 428 3427 483 καὶ
3442 431 3532 486 τῶν
3550 451 3689 508 παροι.

568 505 712 561 Deus
741 504 865 560 illos
893 502 1158 560 Ecclesiis
1182 505 1389 561 sanctis
1418 507 1534 562 suis
1556 515 1777 577 praestet
1799 509 2129 578 incolumes,

565 597 895 665 honoratos,
938 596 1240 667 longaevos,
1285 605 1340 654 et
1386 601 1624 669 praebeat
1673 602 1756 659 eis
1808 602 2130 667 honoratam

564 696 903 745 senectutem
933 688 987 743 in
1025 690 1225 762 pietate
1257 704 1320 745 ac
1345 691 1581 765 justitia.
1637 693 1813 749 Etiam
1860 712 1961 768 pro
2007 714 2133 773 pre-

562 780 799 852 sbyteris
828 782 1031 839 nostris
1062 797 1284 844 oremus
1308 821 1326 849 ,
1371 792 1432 845 ut
1482 785 1745 843 Dominus
1777 788 1971 853 liberet
2002 790 2127 847 illos

560 876 630 930 ab
662 875 807 929 omni
838 876 981 946 turpi
1027 891 1093 931 ac
1133 891 1301 946 prava
1335 892 1423 944 re,
1455 886 1509 934 et
1543 880 1805 935 concedat
1835 881 1944 938 illis
1982 882 2125 940 inte-

558 984 715 1038 grum
768 976 823 1024 et
874 975 1202 1033 honoratum
1252 973 1674 1044 presbyterium.
1722 974 1831 1031 Pro
1870 977 2129 1039 universo

558 1062 764 1117 Christi
801 1062 1052 1127 diaconio
1110 1081 1175 1120 ac
1221 1066 1542 1123 ministerio
1582 1085 1842 1137 oremus,
1906 1076 1968 1124 ut
2022 1070 2128 1133 Do-

556 1155 739 1211 minus
779 1155 1113 1227 inculpatam
1150 1159 1285 1230 ipsis
1330 1162 1596 1232 largiatur
1638 1162 2122 1219 ministrationem.

555 1245 663 1301 Pro
730 1248 1065 1314 lectoribus,
1124 1255 1483 1319 cantoribus,
1539 1255 1885 1327 virginibus,
1946 1256 2124 1313 viduis

554 1347 608 1394 et
635 1341 853 1419 pupillis
886 1358 1104 1398 oremus
1149 1360 1167 1405 ξ
1205 1360 1304 1415 pro
1333 1346 1398 1403 iis
1427 1348 1521 1416 qui
1567 1348 1625 1403 in
1672 1348 2023 1404 matrimonio
2070 1359 2124 1406 et

555 1432 853 1492 liberorum
894 1436 1274 1508 procreatione
1301 1438 1513 1507 vivunt,
1540 1455 1783 1505 oremus,
1834 1447 1894 1499 ut
1934 1440 2121 1497 Domi-

553 1547 658 1586 nus
688 1532 1012 1590 misereatur
1057 1548 1247 1589 eorum
1299 1531 1565 1592 omnium.
1619 1530 1726 1587 Pro
1754 1534 2023 1593 eunucbis
2065 1535 2122 1592 in

551 1625 837 1679 sanctitate
867 1603 1269 1688 ambulantibus
1322 1640 1562 1681 oremus.
1612 1622 1721 1685 Pro
1754 1624 1823 1683 iis
1865 1626 1959 1696 qui
1988 1640 2091 1685 con

548 1715 813 1771 tinentem
843 1723 897 1772 et
926 1716 1235 1787 religiosam
1282 1726 1449 1787 agunt
1488 1717 1675 1783 vitam,
1711 1734 1954 1776 oremus.
2011 1717 2121 1774 Pro

548 1806 618 1863 iis
641 1806 734 1876 qui
780 1806 836 1860 in
883 1818 1072 1861 sancta
1125 1805 1371 1865 Ecclesia
1406 1808 1710 1869 oblationes
1765 1809 1997 1876 faciunt,
2051 1825 2117 1867 ac

544 1898 919 1969 eleemosynas
949 1898 1279 1969 pauperibus
1309 1900 1461 1965 dant,
1503 1916 1763 1959 oremus:
1826 1911 1885 1963 et,
1913 1919 2013 1975 pro
2047 1904 2117 1962 iis

544 1990 637 2059 qui
687 1989 915 2045 Domino
939 1989 1049 2046 Deo
1076 2001 1264 2047 nostro
1300 1992 1513 2048 hostias
1552 2001 1608 2050 et
1662 1994 1932 2066 primitias
1979 1996 2115 2055 οσο-

543 2088 693 2146 runt,
724 2096 943 2136 oremus
967 2120 984 2147 ,
1038 2089 1101 2137 ut
1149 2082 1292 2157 Deus
1323 2084 1563 2155 optimus
1615 2094 1995 2144 remuneretur
2018 2104 2114 2146 eos

543 2175 857 2233 cwlestibus
888 2174 1004 2235 suis
1031 2175 1227 2245 gratiis
1250 2215 1266 2240 ,
1298 2174 1496 2247 detque
1526 2177 1596 2233 iis
1626 2176 1682 2231 in
1709 2180 1962 2250 prmsenti
1987 2194 2115 2237 cen-

547 2266 780 2335 tuplum,
817 2276 871 2320 et
895 2266 948 2322 in
980 2266 1162 2322 futuro
1187 2268 1355 2323 vitam
1398 2276 1697 2338 mternam;
1746 2278 1910 2343 atque
1950 2271 2114 2328 donet

547 2357 685 2429 ipsis
714 2374 814 2429 pro
854 2361 1197 2430 temporariis
1229 2370 1463 2427 aeterna,
1511 2377 1611 2435 pro
1657 2364 1891 2423 terrenis
1944 2367 2111 2425 cmle-
2192 2430 2197 2433 μ

542 2451 653 2513 stia
682 2452 754 2507 ⁷⁷.
786 2448 1017 2511 Oremus
1042 2468 1140 2523 pro
1168 2469 1361 2510 recens
1390 2455 1681 2527 baptizatis
1719 2456 1983 2517 fratribus
2013 2474 2112 2514 no-

538 2544 671 2605 stris
689 2587 705 2611 ,
732 2552 791 2598 ut
819 2542 1079 2605 DomintIs
1101 2561 1196 2602 eos
1226 2547 1467 2603 stabiliat
1487 2562 1551 2602 ac
1573 2547 1771 2605 ﬁrmet.
1796 2547 1901 2605 Pro
1927 2549 2110 2606 fratri-

540 2635 645 2690 bus
668 2635 872 2690 nostris
890 2636 1033 2693 mala
1062 2636 1369 2693 valetudine
1389 2636 1603 2696 aﬂlictis
1630 2653 1885 2709 oremus;
1916 2648 1974 2695 ut
2003 2640 2108 2698 Do«

539 2727 721 2782 minus
750 2726 943 2782 liberet
971 2726 1096 2783 illos
1146 2727 1294 2784 omni
1324 2728 1515 2785 morbo
1561 2739 1613 2785 et
1644 2731 1792 2785 omni
1825 2732 2103 2803 languore,

536 2831 812 2887 sanusque
841 2817 1096 2872 restituat
1125 2826 1329 2874 sancta:
1352 2834 1467 2875 suae
1504 2817 1782 2877 Ecclesiae.
1812 2820 1919 2879 Pro
1951 2824 2104 2881 navi-

532 2908 788 2984 gantibus
817 2924 881 2964 ac
909 2909 1013 2965 iter
1056 2908 1387 2969 habentibus
1416 2926 1656 2970 oremus.
1688 2911 1795 2970 Pro
1824 2915 1894 2972 iis
1922 2916 2015 2988 qui
2044 2917 2103 2973 in

520 2990 788 3066 metallis,
820 3000 1054 3067 exsiliis,
1088 3002 1355 3062 custodiis
1383 3011 1438 3060 et
1465 3005 1724 3072 vinculis,
1751 3016 1973 3079 propter
2001 3027 2102 3067 no-

2238 513 2370 567 κιῶν
2413 514 2576 569 αὐτοῦ
2629 514 2928 587 δεηθῶμενο
2979 516 3116 588 ὑπὲρ
3163 518 3250 571 τοῦ
3290 520 3543 576 ἐπισκόπου
3577 525 3689 597 ἡμῶν

2235 605 2453 665 Εὐοδίου
2492 606 2603 678 (26)
2652 608 2746 661 καὶ
2789 608 2897 663 τῶν
2945 609 3236 679 παροικιῶν
3279 610 3424 666 αὐτοῦ
3464 614 3688 689 δεηθῶμεν·

2233 698 2381 761 ὅπως
2406 700 2435 752 6
2459 699 2763 775 οἰκτίρμων,
2783 699 2916 764 Θεος
2938 701 3224 773 χαρίσηται
3249 703 3424 769 αὐτοὺς
3439 708 3539 770 ταῖς
3561 709 3692 778 ἁγίαις

2232 789 2394 844 αὐτοῦ
2449 792 2797 865 Ἐκκλησίαις
2856 791 3066 857 σώους,
3123 794 3396 865 ἐντίμους,
3451 815 3690 872 μακροημε.

2232 881 2505 954 ρεύοντας⁸
2543 883 2635 947 καὶ
2674 884 2854 955 τίμιον
2902 885 3086 949 αὐτοῖς
3128 886 3189 939 τὸ
3228 887 3389 959 γῆρας
3423 891 3691 963 παράσχηται

2230 974 2288 1030 ἐν
2324 973 2573 1046 εὐσεϐείᾳ
2617 975 2711 1029 καὶ
2755 976 3085 1049 δικαιοσύνῃ’
3117 979 3208 1031 καὶ
3241 979 3371 1053 ὑπὲρ
3397 981 3490 1036 τῶν
3516 985 3691 1055 πρεσϐυο

2228 1065 2400 1137 τέρων
2429 1066 2586 1137 ἡμῶν
2617 1066 2914 1139 δεηθῶμενο
2948 1069 3094 1133 ὃτι-,ως
3119 1072 3147 1124 6
3174 1071 3366 1153 Κύριος
3403 1074 3599 1146 ρύτηται.
3623 1079 3690 1129 αὐ-

2227 1157 2355 1220 τοὺς
2383 1157 2497 1228 ,ἀπὸ
2537 1159 2736 1224 παντὸς
2779 1160 2978 1214 ἀτόπου
3020 1161 3113 1215 καὶ
3152 1160 3377 1235 πονηροῦ
3414 1166 3690 1237 πράγματος,

2227 1249 2320 1302 καὶ
2351 1250 2488 1303 σῶον
2516 1251 2608 1305 καὶ
2654 1250 2875 1323 ἔντιμον,
2915 1253 2975 1306 τὸ
3018 1253 3393 1325 πρεσϐυτέριον
3436 1257 3583 1322 αὐτοῖς
3618 1277 3689 1313 παι

2227 1341 2436 1413 ράσχοι.
2480 1343 2648 1415 Ὑπὲρ
2694 1335 3014 1417 πάσηςλτῆς
3048 1347 3106 1402 ἐν
3136 1346 3347 1419 Χριστῷ
3379 1348 3605 1415 διακονίας
3627 1352 3691 1405 καὶ

2225 1433 2526 1505 ὑπηρεσίας
2555 1435 2854 1508 δεηθῶμεν·
2888 1437 3036 1502 ὅπως
3067 1440 3095 1492 6
3125 1439 3323 1510 Κύριος
3365 1441 3603 1512 ἄμεμπτον
3625 1445 3691 1516 τὴν

2222 1524 2495 1591 διακονίαν
2528 1529 2709 1594 αὐτοῖς
2741 1531 3108 1602 παράσχηται.
3167 1532 3333 1605 Ὑπὲρ
3374 1534 3690 1602 άναγνωττῶν,

2220 1618 2458 1687 ψαλτιῖψ,
2478 1621 2793 1692 παρθένων,
2818 1623 3000 1695 χηρῶν
3024 1641 3084 1677 τε
3103 1623 3195 1678 καὶ
3211 1624 3442 1697 ὀρφανῶν
3463 1627 3689 1699 δεηθῶμεν·

2223 1711 2362 1785 ὑπὲρ
2389 1712 2498 1767 τῶν
2526 1716 2584 1768 ὲν
2634 1714 2915 1784 συζυγίαις
2954 1718 3049 1771 καὶ
3071 1718 3421 1787 τεκνογονίαις
3453 1719 3689 1797 δεηοᾶψενο

2220 1806 2367 1871 ὅπως
2390 1807 2420 1859 6
2451 1807 2654 1879 Κύριος
2701 1809 2825 1871 τοὺς
2859 1808 3068 1873 πάντας
3114 1809 3306 1873 αὐτοὺς
3334 1809 3526 1883 ἐλεήσῃ.
3573 1812 3690 1884 ’Υτὲρ

2217 1900 2485 1972 εὐνούχων
2510 1901 2673 1966 ὁσίως
2727 1902 3104 1974 πορευομένων
3132 1902 3418 1974 δεηθῶμεν.
3458 1905 3597 1977 ’Υπὲρ
3618 1905 3691 1958 τῶν

2215 1991 2273 2044 ἐν
2300 1991 2622 2065 ἐγκρατείᾳ,
2654 1993 2750 2057 καὶ
2801 1992 3052 2065 εὐλαϐείᾳ
3104 1993 3397 2066 δεηθῶμεν.
3460 1996 3599 2066 ’Υπὲρ
3618 1998 3690 2050 τῶν

2215 2072 2701 2156 καρποφορούντων
2724 2086 2782 2137 ὲν
2826 2087 2892 2155 τῇ
2923 2084 3054 2156 ἁγίᾳ
3087 2084 3394 2158 Ἐκκλησία,
3424 2087 3507 2141 καὶ
3540 2087 3690 2141 ποιούν-

2210 2192 2319 2235 των
2354 2178 2469 2240 τοῖς
2518 2176 2712 2248 πένησι
2754 2175 2852 2240 τὰς
2897 2176 3266 2248 ἐλεημοσύνας
3316 2177 3589 2251 δεηθῶμεν·
3630 2180 3690 2232 καὶ

2212 2268 2354 2340 ὑπὲρ
2375 2268 2485 2322 τῶν
2516 2268 2614 2335 τὰς
2638 2268 2824 2333 θυσίας
2844 2269 2938 2322 καὶ
2968 2268 3067 2333 τὰς
3088 2268 3342 2345 ἀπαρχὰς
3369 2272 3690 2348 προσφερόντων

2210 2360 2399 2431 Κυρίῳ
2425 2359 2505 2431 τῷ
2534 2360 2655 2431 Θεῴ
2685 2360 2842 2432 ἡμῶν
2865 2360 3149 2433 δεηθῶμεν
3172 2378 3188 2394 ο
3242 2363 3385 2426 ὅπως
3412 2364 3439 2415 6
3461 2362 3689 2431 πανάγαθος

2209 2448 2343 2515 Θεὸς
2369 2452 2674 2527 ἀμείψηται
2705 2454 2902 2519 αὐτοὺς
2944 2457 3065 2518 ταῖς
3109 2454 3444 2527 έπουρανίαις
3469 2455 3599 2510 αὐτοῦ
3619 2454 3687 2508 6m-

2206 2548 2381 2615 ρεατς,
2415 2546 2510 2609 καὶ
2559 2546 2635 2619 δῷ
2690 2546 2873 2611 αὐτοῖς
2909 2548 2966 2601 ὲν
3010 2547 3092 2619 τῷ
3130 2549 3352 2622 παρόντι
3385 2549 3689 2605 ἑκατονταπλα-

2208 2637 2378 2704 σίονα,
2408 2640 2501 2694 καὶ
2530 2641 2586 2694 ὲν
2604 2639 2682 2711 τῷ
2710 2639 2958 2712 μέλλοντι
2987 2639 3135 2711 ζωὴν
3163 2640 3392 2707 αἰώνιον,
3421 2643 3504 2695 καὶ
3528 2640 3688 2713 χαρίση-

2202 2745 2292 2784 ται
2326 2732 2510 2797 αὐτοτς
2555 2733 2677 2788 ἀντὶ
2732 2730 2840 2786 τῶν
2890 2732 3243 2806 προσκαίρων
3290 2733 3358 2788 τὰ
3407 2732 3586 2797 αἰώνια,
3610 2734 3689 2787 ἀντὶ

2200 2822 2311 2877 τῶν
2341 2823 2596 2893 ἐπιγείων
2618 2822 2688 2878 τὰ
2704 2824 2835 2881 ὲπου
2845 2824 3020 2896 ράνια.
3061 2824 3239 2898 Ὑπὲρ
3268 2825 3374 2879 τῶν
3401 2826 3689 2896 νεοφωτίστων

2199 2913 2444 2986 ἀδελφῶν
2472 2914 2627 2988 ἡμῶν
2674 2915 2951 2988 δεηθῶμεν
2974 2933 2990 2950 ’
3035 2916 3189 2982 ὅπως
3240 2918 3271 2972 6
3314 2917 3502 2989 Κύριος
3526 2917 3687 2992 στηρίξῃ

2200 3006 2399 3073 αὐτοὺς
2454 3008 2549 3063 και
2612 2992 2909 3081 securem.
2979 3007 3157 3081 Ὑπὲρ
3214 3009 3321 3064 τῶν
3376 3011 3431 3064 ὲν
3479 3009 3690 3083 ἀρρωστίᾳ

522 3106 657 3151 ωεη
693 3090 930 3155 Domini,
960 3102 1271 3156 versantur,
1298 3106 1536 3148 oremus.
1596 3090 1702 3148 Pro
1733 3096 1929 3150 acerba
1979 3112 2126 3159 ser-l

2198 3098 2596 3173 ἐξεταζομένων
2643 3099 2884 3170 ἀδελφῶν
2915 3100 3069 3173 ⁴ἡμῶν
3087 3101 3395 3175 δεηθῶμενο
3424 3104 3551 3166 ὅπως
3572 3101 3688 3153 6K5-

530 3179 703 3234 vitute
740 3178 1018 3249 oppressis
1042 3194 1284 3237 oremus.
1344 3177 1451 3235 Pro
1486 3180 1722 3237 inimicis
1752 3190 1807 3239 et
1846 3184 1972 3241 odio
1999 3186 2100 3241 ha-

527 3270 783 3327 bentibus
828 3285 950 3341 nos,
999 3284 1217 3327 oremus
1270 3289 1286 3327 :
1346 3286 1447 3343 pro
1502 3276 1956 3345 persequentibus
1995 3294 2098 3336 nos

528 3370 748 3438 propter
778 3376 976 3419 nomen
1001 3361 1236 3428 Domini,
1267 3378 1487 3421 oremus
1512 3385 1525 3421 :
1555 3373 1616 3421 ut
1655 3365 1937 3439 Dominus,
1990 3372 2095 3428 mi-

530 3456 698 3528 tigato
724 3472 912 3511 eorum
968 3454 1171 3521 furore,
1222 3455 1451 3530 dissipet
1496 3459 1635 3516 iram
1690 3463 1957 3521 adversus
1991 3482 2095 3522 nos

524 3550 876 3604 concitatam.
908 3544 1025 3619 Pro.
1068 3548 1137 3605 iis
1186 3550 1280 3620 qui
1310 3550 1445 3609 foris
1474 3561 1622 3619 sunt,
1658 3569 1723 3609 ac
1750 3570 1940 3613 errore
1991 3558 2095 3613 du-

524 3652 741 3707 cuntur,
775 3657 1022 3709 oremus;
1054 3650 1114 3696 ut
1136 3641 1400 3700 Dominus
1423 3646 1547 3703 illos
1570 3657 1872 3707 convertat.
1906 3648 2091 3708 Infan-

523 3737 654 3789 tium
680 3733 936 3789 Ecclesiae
994 3733 1377 3803 recordemur;
1428 3737 1508 3791 uti
1564 3736 1848 3806 Dominus,
1881 3757 1977 3799 eos
2033 3744 2090 3799 in

520 3827 714 3879 timore
741 3839 843 3880 suo
866 3823 1057 3879 reddat
1087 3823 1379 3895 perfectos,
1403 3832 1457 3881 et
1486 3824 1554 3881 ad
1594 3842 1906 3885 mensuram
1956 3838 2089 3885 aeta-

524 3914 594 3971 tis
625 3916 903 3985 perducat.
941 3915 1044 3972 Pro
1079 3917 1240 3973 nobis
1263 3917 1496 3973 invicem
1525 3933 1776 3989 oremus;
1811 3932 1872 3979 ut
1898 3921 2086 3979 Domi-

522 4022 629 4062 nus
665 4008 839 4078 gratia
883 4023 980 4063 sua
1012 4019 1192 4066 servet
1238 4026 1339 4067 nos
1376 4027 1441 4068 ac
1487 4013 1760 4069 custodiat
1799 4032 1972 4087 usque
2014 4017 2080 4073 ad

520 4097 704 4162 ﬁnem,
742 4109 795 4152 et
829 4097 1020 4155 liberet
1070 4116 1172 4157 nos
1199 4117 1230 4156 a
1272 4105 1434 4170 malo,
1462 4112 1515 4161 et
1542 4106 1611 4161 ab
1641 4108 1896 4164 omnibus
1923 4124 2083 4164 scan-

519 4187 658 4243 dalis
684 4194 1025 4259 Operantium
1070 4193 1413 4264 iniquitatem
1448 4199 1516 4263 ⁷⁸,
1547 4208 1601 4253 et
1632 4200 1812 4255 salvos
1847 4216 1948 4257 nos
1981 4203 2086 4257 du-

520 4287 609 4331 cat
652 4278 703 4332 in
768 4296 992 4351 regnum
1050 4300 1209 4338 suum
1263 4287 1501 4342 caeleste.
1544 4289 1651 4344 Pro
1698 4291 1847 4345 omni
1899 4292 2080 4349 anima

517 4366 826 4425 Christiana
857 4386 1096 4429 oremus.
1144 4375 1305 4432 Salva
1337 4388 1389 4433 et
1419 4380 1567 4450 erige
1609 4397 1732 4446 nos,
1775 4381 1940 4449 Deus,
1978 4386 2083 4440 mi.

2204 3205 2320 3263 ριος
2350 3191 2579 3265 ρύσηται
2605 3191 2801 3258 αὐτοὺς
2832 3192 3014 3264 πάσης
3070 3193 3231 3248 νόσου
3265 3194 3355 3248 καὶ
3388 3194 3545 3265 πάσης
3571 3193 3691 3264 μαλα-

2198 3281 2344 3349 κίας,
2394 3284 2489 3336 καὶ
2540 3281 2714 3347 σώους
2766 3284 3293 3359 ἀποκαταστήσῃκτῇ
3324 3285 3445 3358 ἁγίᾳ
3471 3281 3689 3339 αὐτοῦῈιι

2197 3373 2416 3448 κλησίᾳ.
2463 3375 2636 3448 Ὑπὲρ
2668 3375 2943 3431 πλεόντων
2986 3377 3083 3431 καὶ
3115 3377 3520 3451 ὁδοιπορούντων
3546 3376 3690 3447 δεηθῶ-

2198 3483 2296 3537 μεν
2318 3484 2333 3499 ο
2370 3466 2511 3539 ὑπὲρ
2541 3468 2649 3520 τῶν
2679 3469 2737 3521 ἐν
2768 3468 3049 3539 μετάλλοις
3080 3470 3178 3524 καὶ
3213 3470 3442 3544 ὲξορίαις
3468 3472 3547 3523 καί
3571 3467 3690 3538 gula-

2193 3560 2316 3622 καίς
2346 3559 2440 3612 καὶ
2495 3558 2715 3630 δεσμοῖς
2753 3559 2923 3613 ὄντων
2952 3558 3041 3613 διὰ
3085 3559 3149 3615 τὸ
3195 3562 3364 3633 ὄνομα
3394 3561 3479 3615 τοῦ
3518 3560 3687 3632 Κυρίου,

2190 3648 2467 3721 δεηθῶμεν
2489 3666 2505 3682 ·
2560 3650 2700 3723 ὑπὲρ
2746 3651 2853 3705 τῶν
2884 3652 2944 3704 ἐν
2973 3652 3150 3725 πικρᾷ
3185 3653 3398 3727 δουλείᾳ
3426 3668 3689 3707 mmmam-

2194 3741 2368 3812 μένων
2397 3741 2675 3815 δεηθῶμεν
2699 3760 2714 3776 ο
2746 3744 2888 3816 ὑπὲρ
2917 3743 3129 3815 ἐχθρῶν
3166 3745 3265 3799 καὶ
3298 3746 3564 3813 μισούντων
3586 3745 3688 3815 ἡμᾶς

2189 3832 2465 3906 δεηθῶμεν
2488 3852 2503 3867 ·
2539 3836 2679 3909 ὑπὲρ
2706 3834 2818 3889 τῶν
2875 3836 3184 3891 διωκόντων
3217 3838 3365 3911 ἡμᾶς
3393 3837 3474 3891 διὰ
3496 3838 3548 3891 τὸ
3569 3839 3687 3906 ὄνομα

2188 3924 2280 3978 τοῦ
2312 3926 2536 4001 Κυρίου,
2579 3926 2857 3998 δεηοῶμεν
2880 3944 2896 3960 ο
2931 3928 3077 3991 ὅπως
3103 3929 3132 3981 6
3167 3929 3370 4001 Κύριος
3400 3929 3607 4001 πραΰνας
3625 3927 3687 3978 τὸν

2187 4014 2353 4088 θυμὸν
2375 4017 2552 4071 αὐτῶν
2599 4017 2921 4090 διασκεδάσῃ
2942 4019 3041 4090 τὴν
3072 4019 3197 4075 καθ’
3221 4024 3253 4092 ἡ
3264 4021 3378 4094 μῶν
3404 4021 3552 4093 ὀργήν
3579 4018 3683 4087 (27)·

2184 4106 2325 4180 ὑπὲρ
2354 4107 2464 4162 τῶν
2509 4108 2616 4176 ἔξω
2654 4109 2822 4165 ὄντων
2858 4110 2952 4164 καὶ
2984 4111 3415 4187 πεπλανημένων
3437 4111 3685 4184 δεψῶμεν

2182 4197 2330 4262 ὅπως
2356 4199 2387 4253 6
2416 4200 2622 4273 Κύριος
2653 4202 2853 4265 αὐτοὺς
2900 4203 3230 4275 ἐπιστρέψῃ.
3263 4206 3382 4259 Τῶν
3424 4206 3599 4276 νηπίων
3619 4202 3687 4271 τῆς

2193 4289 2516 4364 Ἑκκλησίας
2576 4294 3036 4370 μνημονεύσωμεν
3058 4312 3074 4327 ο
3135 4296 3289 4361 ὅπως
3346 4299 3374 4351 6
3413 4296 3588 4367 Κύριος
3622 4309 3684 4346 τε·

2182 4378 2411 4449 λειώσας
2442 4385 2582 4439 αὐτὰ
2611 4388 2668 4439 ὲν
2699 4387 2778 4458 τῷ
2799 4386 2948 4459 φόϐῳ
2972 4387 3171 4453 αὐτοῦ,
3205 4391 3289 4453 εἰς
3320 4390 3503 4461 μέτρον
3525 4386 3685 4459 ἡλικίας

513 4459 808 4516 sericordia
863 4470 974 4518 tua.
1033 4463 1355 4537 Surgamus.
1409 4467 1638 4526 Orantes
1706 4471 1930 4540 intente,
1978 4468 2126 4531 nos]

2194 4475 2386 4548 ιγάγη·
2444 4476 2586 4548 ὑπὲρ
2632 4476 2871 4550 ἀλλήλων
2907 4478 3219 4552 δεηθῶμεν·
3275 4459 3431 4544 am;
3459 4481 3486 4532 6
3532 4477 3684 4551 Κύριος

514 4549 662 4621 ipsos
714 4561 879 4623 atque
938 4564 1153 4625 mutuo,
1202 4559 1404 4617 viventi
1457 4560 1589 4625 Deo,
1645 4577 1743 4633 per
1795 4564 2077 4622 Christum

2194 4569 2384 4640 τηρήσῃ
2414 4567 2526 4640 (28)
2554 4570 2700 4643 ἡμᾶς
2754 4549 2849 4629 καὶ
3149 4576 3223 4649 τῇ
3246 4574 3407 4628 αὐτοῦ
3446 4549 3612 4644 χάριτι
3627 4571 3684 4631 εἰς

508 4642 633 4710 ejus
685 4647 1153 4706 commendemus.
1203 4648 1463 4709 Precetur
1498 4661 1679 4708 autem
1730 4654 1996 4725 pontifex,
2024 4667 2080 4715 et

2194 4658 2341 4723 τέλος,
2368 4660 2462 4712 καὶ
2503 4660 2733 4732 ρύσηται
2792 4642 2938 4734 ἡμᾶς
2985 4642 3115 4717 τού*
3133 4642 3371 4739 πονηροῦ
3401 4642 3487 4720 καὶ
3516 4642 3683 4717 πάντων

505 4734 651 4789 dicat
678 4752 694 4789 :

2172 4749 2281 4804 τῶν
2316 4750 2621 4806 σκανδάλων
2675 4753 2782 4807 τῶν
2814 4755 3196 4827 ἐργαζομένων
3243 4758 3343 4830 τὴν
3372 4756 3590 4828 ἀνομίαν,
3614 4750 3683 4805 καὶ

507 4821 653 4895 σώσῃ
682 4826 762 4889 εἰς
789 4826 888 4898 τὴν
920 4827 1192 4898 βασιλείαν
1236 4829 1402 4884 αὐτοῦ
1422 4831 1522 4904 τὴν
1552 4834 1893 4907 ἐπουράνιον.
1948 4841 2127 4918 ’Υπὲρ
2171 4844 2351 4916 πάσης
2386 4845 2564 4918 ψυχῆς
2592 4821 2907 4920 χριστιανῆς
2938 4821 3239 4921 δεηθῶμεν.
3280 4821 3561 4903 immani
3582 4844 3680 4899 ἀνά-

506 4932 708 5016 στησον·
747 4921 893 5016 ἡμᾶς
940 4922 969 4974 6
1020 4922 1282 5016 Θεὸς
1316 4924 1457 4978 ἐλέει
1508 4944 1620 4981 σου.
1686 4930 2073 5009 Ἑγειρώμεθα.
2121 4938 2416 5011 Δεηθέντες
2444 4941 2677 5005 ἐκτενῶς
2725 4944 2951 5006 ἑαυτοὺς
2997 4945 3092 4997 καὶ
3138 4944 3401 5016 ἀλλήλους
3440 4942 3512 4996 τῶ
3556 4940 3680 5005 ζῶντι

502 5006 723 5079 Θεῴδιὰ
748 5011 841 5065 τοῦ
870 5013 1104 5084 Χριστοῦ
1122 5015 1286 5069 αὐτοῦ
1312 5016 1700 5089 παραθώμεθα.
1738 5006 2083 5098 Ἐπευχέσθω
2112 5029 2168 5084 δὲ
2201 5006 2311 5103 (29)
2343 5033 2373 5089 6
2395 5032 2706 5104 ἀρχιερεὺς,
2740 5033 2833 5086 καὶ
2866 5033 3091 5101 λεγέτω·

1088 5129 1316 5186 CAPUT
1361 5130 1452 5187 XI.

943 5220 1211 5278 Invocatio
1230 5238 1324 5292 pro
1346 5223 1608 5293 ﬁdelibus.

569 5306 794 5366 Domine
819 5313 1185 5384 omnipotens.
1224 5315 1549 5384 celsissime,
1584 5320 1677 5390 qui
1709 5321 1764 5377 in
1796 5324 1923 5382 altis
1962 5326 2057 5384 ba.

565 5424 609 5456 η
648 5423 839 5481 Matth.
868 5444 984 5495 XIX,
1016 5429 1108 5485 29.
1181 5429 1230 5463 τ’
1266 5429 1416 5489 Psal.
1448 5448 1572 5503 οη,
1604 5435 1663 5492 9.

2686 5149 3081 5208 ΚΕΦΑΛΑΙΟΝ
3113 5149 3219 5203 IA'.

2562 5240 2913 5308 Ἐπίκλησις
2946 5240 3065 5294 τῶν
3093 5239 3347 5297 πιστῶν.

2231 5330 2401 5404 Κύριε
2459 5332 2853 5404 παντόκρατορ,
2888 5332 3111 5403 ὐψιστε,
3152 5333 3183 5389 6
3230 5334 3293 5388 ὲν
3340 5331 3541 5405 ὑψηλοῖς
3572 5341 3670 5381 κατ*

1806 5570 2168 5633 VARIOBUM
2194 5574 2427 5633 NOTAE.

498 5732 501 5737 ‹
720 5699 990 5755 Εὐοδίου.
1023 5701 1122 5759 Ms.
1150 5704 1309 5761 Vind.
1354 5706 1645 5766 Ἀννιανοῦ.
1674 5712 1842 5769 Cum.

557 5764 671 5839 (ετ)
721 5768 945 5839 emata.
980 5773 1141 5830 Addit
1168 5779 1291 5832 cod.
1328 5776 1489 5881 Vw.
1513 5764 1912 5854 δεηθῶξιὲὖῖιυ.

2253 5718 2341 5796 ἓξ)
2387 5717 2641 5796 Τῃρῄᾳῃ.
2674 5721 3008 5796 Διατῃίρήσῃ.
3034 5723 3163 5779 Cod.
3198 5723 3362 5796 Yind.
3390 5722 3460 5782 in.

2253 5718 2321 5772 28
2387 5718 2641 5789 Τηρήσῃ.
2674 5721 3008 5794 Διατηρήση.
3034 5723 3163 5779 Cod.
3198 5723 3292 5779 Vir

2231 5718 2341 5862 :29;
2376 5790 2464 5845 Δέ.
2497 5787 2601 5847 Οὐν
2629 5791 2749 5848 cod.
2787 5782 3201 5853 Vind.‘rcctius.
3228 5793 3292 5851 lu
