3946 6334
218 251 356 309 1089

984 242 988 246 ‘
1085 254 1681 314 CONSTITUTEONES
1718 254 2392 311 APOSTOLICIE.-LIB.
2432 254 2563 312 VIII.

3307 258 3449 315 1090

211 369 398 435 ακῶν,
416 367 538 439 ἀγιε
568 369 627 424 ἐν
656 370 831 439 ἁγίοις
857 370 1493 443 ἀναπαυόμενε,ἇναρχε,
1519 369 1750 442 μόναρχε
1766 387 1779 399 ·

1888 367 2049 431 bitas,
2081 373 2302 434 sancte,
2334 368 2425 437 qui
2488 369 2543 421 in
2590 367 2797 424 sanctis
2847 368 3166 438 requiescis,
3223 370 3451 443 originis

206 474 241 516 ο
291 460 381 515 sta:
427 462 665 535 Χριστοῦ
726 465 986 535 κήρυγμα
1053 462 1306 533 γνώσεως
1347 464 1469 527 δοὺς
1521 464 1652 533 ἡμῖν
1703 463 1783 525 είς

208 554 507 624 ἐπίγνωσιν
532 557 633 627 τῆς
661 555 761 627 σῆς
800 556 959 628 δόξης
992 557 1090 611 κα)⁸
1131 555 1225 610 τοῦ
1268 555 1528 627 ὀνόματός
1573 572 1687 618 σου,
1720 548 1781 606 οὗ

208 647 557 719 ἐφανέρωσεν
614 651 748 721 ἡμῖν
810 651 892 714 είς
948 649 1251 722 κατάληψιν
1276 665 1290 681 ο
1355 647 1516 711 αὐτὸς
1547 648 1638 701 καὶ
1688 647 1782 701 νῦν

206 738 360 795 ἔπιδε
390 740 459 794 δι’
489 740 653 794 αὐτοῦ
704 742 797 797 ἐπὶ
824 744 884 797 τὸ
929 742 1177 814 ποίμνιόν
1219 757 1313 794 σου
1343 739 1500 793 τοῦτο
1518 756 1530 772 ’
1570 740 1662 793 καὶ
1686 739 1780 791 λύ-

204 849 416 905 τρωσαι
449 833 582 887 αὐτὸ
614 833 795 905 πάσης
819 834 1063 904 ἀγνοίας,
1102 833 1198 888 κα)⁸
1225 834 1467 904 πονηρᾶς
1492 829 1741 904 πράξεως
1763 848 1778 862 ·

204 928 303 980 καὶ
330 925 419 987 δὸς
448 924 598 997 φόϐῳ
626 926 907 996 φοϐεῖσθαί
935 944 1017 992 σε,
1049 926 1143 980 καὶ
1192 924 1380 996 ἀγάπῃ
1412 924 1631 994 ἀγαπᾷν
1688 940 1781 988 σε,

204 1018 304 1070 καὶ
335 1015 650 1071 στέλλεσθαι
696 1019 804 1072 ἀπὸ
833 1016 1124 1091 προσώπου
1169 1016 1325 1088 δόξης
1358 1032 1449 1069 σου
1472 1032 1488 1048 ⁸
1546 1015 1781 1085 εὐμενὴς

204 1109 392 1174 αὐτοῖς
419 1109 603 1180 γενοῦ,
634 1112 731 1165 καὶ
761 1112 939 1179 ἵλεως,
972 1111 1070 1165 καὶ
1096 1111 1329 1183 ἐπήκοος
1373 1110 1430 1162 ἐν
1460 1109 1579 1172 ταῖς
1610 1125 1779 1180 προσ-

202 1204 396 1271 ευχαῖς
449 1202 629 1256 αὐτῶν
652 1219 668 1236 ο
726 1205 820 1258 καὶ
885 1202 1119 1273 φύλαξον
1192 1201 1388 1265 αὐτοὺς
1438 1200 1777 1272 ἀτρέπτους,

201 1293 559 1365 ἀμέμπτους,
612 1296 980 1368 ἀνεγκλήτους
1003 1314 1016 1328 ο
1063 1296 1152 1350 ἴνα
1192 1288 1323 1348 ὦσιν
1377 1292 1521 1362 ἅγιοι
1568 1291 1779 1362 σώματι

202 1386 304 1439 καὶ
335 1387 501 1459 ψυχῇ,
554 1388 628 1460 μὴ
670 1388 885 1460 ἔχοντες
945 1388 1131 1442 σπῖλον
1182 1386 1217 1459 ἢ
1266 1385 1453 1458 ῥυτίδα
1498 1385 1533 1456 ἡ
1576 1400 1628 1437 τι
1670 1382 1779 1436 τῶν

199 1478 461 1533 τοιούτων
487 1497 501 1510 ·
525 1479 640 1533 ἀλλ’
672 1481 757 1534 ἵνα
790 1475 922 1535 ὦσιν
953 1481 1151 1552 ἄρτιοι,
1181 1480 1275 1532 καὶ
1297 1476 1483 1549 μηδεὶς
1509 1477 1567 1528 ἐν
1599 1474 1780 1537 αὐτοῖς

198 1566 240 1645 ᾖ
278 1570 497 1636 κολοϐὸς
515 1571 548 1643 ἢ
566 1573 779 1646 ἀτελής.
807 1573 1031 1646 Ἀρωγὲ,
1053 1570 1264 1634 δυνατέ,
1284 1567 1776 1641 ἀπροσωπόληπτε,

197 1663 363 1732 γενοῦ
395 1664 742 1739 ἀντιλήπτωρ
768 1665 865 1719 τοῦ
892 1665 1020 1720 λαοῦ
1063 1682 1155 1719 σου
1186 1663 1397 1727 τούτου,
1427 1663 1486 1716 ὃν
1519 1660 1778 1733 ἐξηγόρα-

199 1772 305 1820 σας
328 1757 440 1829 (50)
464 1756 542 1829 τῷ
571 1758 738 1830 τιμίῳ
764 1758 859 1813 τοῦ
880 1756 1115 1831 Χριστοῦ
1148 1774 1241 1810 σου
1283 1756 1494 1828 αἰματι.
1527 1753 1773 1826 Προστά-

195 1866 322 1922 της,
354 1850 661 1925 ἐπίκουρος,
685 1851 905 1924 ταμίας,
946 1850 1139 1921 φύλαξ,
1192 1853 1370 1921 τεῖχος
1394 1848 1775 1921 ἐρυμνότατον,

196 1942 485 2015 φραγμὸς,
544 1944 811 2014 ἀσφάλεια
864 1943 1016 2015 (51),
1068 1943 1149 1995 ὅτι
1199 1942 1264 1995 ἐκ
1302 1941 1400 2011 τῆς
1447 1940 1549 2010 σῆς
1597 1938 1777 2011 χειρὸς

194 2037 377 2100 οὐδεὶς
410 2036 657 2108 ἁρπάσαι
705 2035 925 2090 δύναται
947 2052 964 2068 ο
1008 2034 1129 2089 οὐδὲ
1156 2034 1265 2107 γάρ
1291 2035 1406 2087 ἐστι
1432 2032 1562 2098 Θεὸς
1588 2033 1778 2106 ὥσπερ

199 2130 273 2184 σὺ
301 2130 488 2203 ἕτερος
511 2147 526 2161 ·
557 2129 641 2183 ὅτι
670 2131 729 2184 ἐν
763 2129 848 2183 σοὶ
901 2130 935 2200 ἡ
968 2128 1213 2200 ὑπομονὴ
1244 2126 1421 2198 ήμῶν.
1457 2145 1476 2177 ι
1525 2125 1775 2195 Ἀγίασον

196 2223 400 2286 αὐτοὺς
428 2224 485 2275 ἐν
517 2225 584 2295 τῇ
617 2220 840 2294 ἀληθείᾳ
872 2237 987 2285 σου,
1020 2220 1102 2274 ὅτι
1124 2220 1153 2271 6
1182 2218 1338 2287 λόγος
1364 2220 1393 2272 6
1424 2217 1516 2282 σὸς
1551 2217 1779 2290 ἀλήθειά

196 2316 403 2368 ἐστιν.»
453 2314 904 2389 Ἀπροσχάριστε,
925 2312 1327 2386 ἀπαραλόγιστε
1346 2327 1363 2344 ’
1396 2310 1553 2383 ῥῦσαι
1581 2311 1777 2376 αὐτοὺς

197 2408 384 2478 πάσης
412 2408 569 2461 νόσου
604 2406 698 2461 καὶ
725 2406 906 2478 πάσης
936 2406 1226 2477 μαλακίας,
1249 2404 1447 2469 παντὸς
1478 2404 1778 2478 παραπτώ-

199 2517 395 2570 ματος,
460 2500 641 2572 πάσης
701 2499 967 2572 ἐπηρείας
1022 2500 1113 2553 καὶ
1173 2498 1408 2570 ἀπάτης,
1459 2498 1568 2552 ἀπὸ
1611 2488 1783 2568 φόϐου

198 2592 421 2666 ἐχθροῦ,
446 2592 556 2647 ἀπὸ
585 2592 775 2664 βέλους
803 2591 1101 2663 πετομένου
1126 2591 1358 2663 ἡμέρας,
1389 2590 1499 2644 ἀπὸ
1521 2591 1779 2663 πράγμα-

193 2702 294 2749 τος
351 2687 409 2739 ἐν
474 2685 658 2739 σκότει
711 2684 1168 2757 διαπορευομένου
1214 2702 1227 2716 ·
1299 2686 1392 2737 καὶ
1442 2683 1776 2750 καταξίωσον

193 2779 399 2843 αὐτοὺς
428 2779 527 2851 τῆς
568 2777 787 2833 αἰωνίου
818 2778 981 2849 ζωῆς,
1020 2778 1120 2848 τῆς
1176 2778 1233 2831 ἐν
1280 2776 1499 2849 Χριστῷ
1550 2776 1629 2849 τῷ
1660 2776 1777 2848 Υίῴ

196 2886 298 2924 σου
330 2869 409 2941 τῷ
444 2873 739 2943 μονογενεῖ,
781 2869 859 2942 τῷ
890 2868 1008 2940 Θεῷ
1038 2870 1131 2923 καὶ
1161 2868 1370 2940 Σωτῆρι
1398 2867 1552 2940 ἡμῶν
1572 2885 1587 2900 ο
1620 2868 1686 2922 δι’
1713 2863 1776 2921 οῦ

194 2980 287 3019 σοι
312 2963 439 3030 δόξα
467 2963 562 3017 καὶ
598 2962 780 3028 σέϐας,
814 2964 871 3016 ὲν
904 2962 1044 3033 ἀγίῳ
1074 2962 1374 3033 Πνεύματι,
1402 2961 1516 3026 νῦν,
1547 2961 1640 3015 καὶ
1664 2962 1772 3027 ἀεὶ,

1880 475 2098 530 expers.
2129 460 2459 522 monarcha;
2490 460 2582 530 qui
2616 476 2712 531 per
2734 460 3011 515 Christum
3039 462 3236 517 dedisti
3290 464 3451 520 nobis

1880 551 2213 622 cognitionis
2258 552 2699 623 praedicationem
2758 554 2813 608 in
2874 554 3202 624 agnitionem
3264 556 3451 625 gloriae

1880 651 1987 698 tute
2027 659 2091 699 ac
2140 645 2378 700 nominis
2434 645 2537 711 tui,
2586 646 2732 716 quod
2786 646 3154 701 manifestavit
3183 647 3341 703 nobis
3379 648 3449 703 ad

1880 733 2421 808 comprehensionem
2468 756 2481 793 :
2524 737 2641 808 ipse
2670 753 2816 791 nunc
2852 754 3070 809 quoque
3103 741 3315 808 respice
3354 755 3451 809 per

1880 829 2059 899 ipsum
2084 829 2137 883 in
2160 829 2261 885 hoc
2284 826 2427 885 ovile
2461 836 2725 897 tuum;et
2756 828 2928 885 libera
2960 826 3091 884 illud
3123 832 3266 885 omni
3300 832 3451 902 igno-

1880 923 2078 985 rantia,
2105 931 2159 977 et
2196 938 2361 993 prava
2401 924 2643 988 actione;
2668 929 2721 978 et
2744 923 2813 977 da
2845 932 2902 977 ut
2932 933 2984 979 te
3015 919 3207 980 timore
3238 927 3449 990 timeat,

1879 1030 1944 1070 ac
1974 1015 2268 1071 dilectione
2290 1023 2344 1070 te
2373 1015 2585 1086 diligat,
2611 1020 2665 1070 et
2685 1016 3073 1072 contremiscat
3107 1034 3136 1071 a
3166 1017 3304 1073 facie
3334 1018 3451 1087 glo-

1879 1108 1976 1162 riae
2004 1116 2151 1163 tute:
2188 1109 2265 1164 sis
2297 1109 2377 1164 eis
2408 1110 2670 1175 clemens,
2727 1110 3019 1180 propitius,
3056 1125 3119 1163 ac
3164 1111 3451 1166 exauditor

1880 1199 1936 1254 in
1970 1200 2228 1270 precibus
2252 1216 2483 1267 eorum;
2532 1208 2586 1255 et
2619 1202 2832 1256 custodi
2885 1202 3008 1257 illos
3057 1202 3448 1267 immutabiles,

1879 1292 2313 1363 irreprebensos,
2344 1293 2691 1362 inculpatos:
2750 1302 2809 1348 ut
2848 1296 2958 1349 sint
2991 1297 3167 1350 sancti
3219 1312 3451 1366 corpore

1879 1396 2039 1458 atque
2073 1388 2274 1450 anima,
2305 1402 2414 1441 non
2448 1388 2711 1443 habentes
2740 1389 3033 1453 maculam,
3085 1397 3179 1442 aut
3236 1406 3446 1459 rugam,

1876 1493 1969 1535 aut
1998 1479 2201 1549 aliquid
2230 1478 2575 1548 hujusmodi;
2602 1480 2697 1535 sed
2725 1488 2785 1535 ut
2830 1482 2939 1537 sint
2982 1482 3199 1552 integri,
3238 1484 3450 1538 nullus-

1877 1589 1984 1644 que
2010 1572 2153 1627 inter
2181 1587 2274 1627 eos
2311 1581 2382 1627 snt
2414 1574 2639 1627 mutilus
2659 1612 2675 1639 ,
2705 1573 2790 1628 vel
2835 1573 3209 1644 imperfectus.
3254 1574 3450 1630 Defen-

1879 1682 1991 1730 sor,
2020 1672 2235 1735 potens,
2268 1678 2624 1733 personarum
2658 1680 2766 1718 non
2796 1676 3078 1735 acceptor;
3109 1666 3186 1722 sis
3219 1668 3451 1725 auxilia-

1881 1764 1968 1812 tor
1998 1758 2185 1828 populi
2216 1758 2294 1814 tui
2328 1759 2512 1827 hujus,
2538 1774 2699 1827 quem
2720 1757 3001 1812 redemisti
3031 1760 3276 1829 pretioso
3290 1758 3453 1814 Chri-

1878 1850 1948 1905 sti
1973 1851 2051 1903 tui
2081 1851 2387 1921 sanguine:
2443 1858 2731 1920 patronus,
2773 1850 3024 1918 adjutor,
3056 1857 3447 1921 propugnator,

1877 1950 2089 2007 custos,
2122 1957 2314 1997 murus
2343 1943 2675 2006 tutissimus,
2724 1941 2947 2004 vallum,
3008 1941 3218 1995 firmum
3262 1943 3451 2011 praesi-

1876 2033 2047 2098 dium,
2075 2036 2329 2105 quoniam
2352 2050 2417 2089 ex
2446 2050 2607 2089 manu
2639 2040 2731 2087 tua
2761 2045 2922 2088 nemo
2950 2042 3125 2103 potest
3153 2048 3341 2103 rapere
3365 2027 3445 2088 7’:

1878 2144 1988 2183 non
2016 2129 2162 2184 enim
2192 2137 2278 2184 est
2328 2128 2469 2183 alius
2516 2126 2661 2182 Deus
2712 2127 2854 2181 sicut
2885 2136 2964 2191 tu,
2991 2127 3118 2196 quia
3159 2127 3215 2181 in
3266 2134 3318 2182 te
3366 2127 3450 2181 est

1878 2229 2067 2277 nostra
2089 2221 2448 2293 exspectatio.
2482 2238 2501 2271 ι
2533 2217 2825 2274 Sanctifica
2846 2234 2941 2275 eos
2968 2220 3023 2273 in
3063 2219 3288 2273 veritate
3317 2227 3446 2285 tua;

1877 2316 2135 2385 quoniam
2169 2330 2350 2370 sermo
2398 2320 2529 2368 tuus
2579 2313 2782 2368 veritas
2839 2318 2924 2366 est
2952 2312 3052 2365 πο.)
3104 2310 3206 2376 Qui
3261 2302 3449 2387 gratize

1877 2430 2044 2470 causa
2086 2414 2222 2468 nihil
2271 2414 2408 2484 agis,
2449 2412 2541 2483 qui
2572 2411 2749 2481 decipi
2777 2425 2886 2465 non
2914 2416 3069 2479 potes
3092 2425 3125 2475 ;,
3159 2407 3328 2462 libera
3351 2423 3449 2463 eos

1877 2507 2025 2561 omni
2054 2507 2245 2562 morbo
2267 2516 2321 2562 et
2337 2506 2485 2561 omni
2512 2504 2852 2567 inﬁrmitate,
2872 2501 3020 2557 omni
3045 2500 3267 2563 delicto,
3299 2492 3446 2553 omni

1877 2599 2078 2670 injuria
2137 2606 2191 2654 et
2249 2599 2464 2663 fraude,
2519 2612 2549 2651 a
2588 2597 2785 2651 timore
2834 2593 3041 2648 inimici
3086 2589 3154 2657 ⁸⁸,
3187 2607 3216 2645 a
3249 2586 3447 2662 sagitta

1877 2694 2095 2749 volante
2120 2709 2217 2764 per
2246 2693 2409 2757 diem,
2439 2707 2469 2746 a
2501 2690 2720 2762 negotio
2766 2690 2822 2743 in
2869 2688 3108 2743 tenebris
3156 2687 3447 2757 perambu~

1878 2781 2026 2836 laute
2054 2781 2134 2848 ⁸¹;
2168 2788 2222 2837 et
2251 2781 2478 2851 dignare
2514 2781 2636 2835 illos
2661 2789 2861 2834 aeterna
2894 2780 3023 2842 vita,
3054 2793 3174 2850 qua:
3205 2773 3261 2831 in
3286 2777 3450 2831 Chri-

1878 2882 1963 2930 sto
1990 2872 2130 2929 Filio
2158 2881 2252 2929 tuo
2304 2875 2605 2944 unigenito,
2637 2871 2748 2928 Deo
2798 2887 2861 2927 ac
2912 2871 3193 2926 Salvatore
3224 2878 3447 2939 nostro;

1877 2984 1974 3040 per
1995 2983 2156 3039 quem
2187 2968 2283 3022 tibi
2319 2967 2492 3038 gloria
2546 2975 2601 3022 et
2631 2966 2836 3028 cultus,
2875 2964 2931 3018 in
2986 2972 3177 3019 sancto
3215 2962 3445 3033 Spiritu,

195 3056 297 3110 καὶ
324 3057 402 3119 είς
431 3055 559 3120 τοὺς
588 3055 791 3119 αίῶνας
810 3051 918 3108 τῶν
960 3054 1188 3108 αίώνων.
1255 3054 1444 3126 Ἀμήν.
1481 3055 1592 3108 Kal
1638 3052 1802 3126 μεετά1

1879 3073 2046 3124 nunc,
2071 3069 2125 3115 et
2153 3074 2391 3129 semper,
2425 3068 2479 3113 et
2523 3075 2579 3113 in
2612 3058 2809 3114 saecula
2860 3057 3204 3111 sazculorum.
3251 3056 3445 3110 Amen.

192 3149 361 3202 τοῦτο
386 3149 590 3218 λεγέτω
620 3150 648 3201 ὁ
678 3147 922 3211 διάκονος
945 3165 959 3179 ο
1015 3147 1366 3219 Πρόσχωμεν.
1428 3148 1538 3201 Kal
1593 3148 1773 3202 ἀσπα-

192 3242 377 3308 ζέσθω
404 3245 433 3295 6
465 3242 759 3307 ἐπίσκοπος
814 3242 913 3311 τὴν
946 3240 1261 3312 ἐκκλησίαν,
1302 3241 1395 3294 καὶ
1423 3239 1661 3309 λεγέτω·
1708 3243 1775 3296 Ἦ

191 3337 391 3406 εἰρήνη
421 3335 516 3389 τοῦ
572 3335 705 3389 Θεοῦ
767 3333 903 3407 μετά
958 3334 1171 3387 πάντων
1225 3332 1377 3405 ὑμῶν
1403 3350 1415 3363 ·
1451 3334 1545 3387 καὶ
1575 3336 1603 3388 6
1649 3334 1776 3402 λαὸς

188 3428 617 3499 ἀποκρινάσθωο
671 3430 782 3482 Kal
818 3429 954 3501 μετά
980 3428 1073 3482 τοῦ
1127 3427 1433 3500 πνεύματός
1462 3446 1575 3482 σου.
1610 3429 1721 3482 Kal
1746 3431 1775 3483 6

192 3520 445 3584 διάκονος
500 3522 707 3576 είπάτω
763 3523 958 3575 πᾶσιν
1030 3521 1370 3575 Ἀσπάσασθε
1425 3520 1684 3593 ἀλλήλους
1718 3521 1774 3575 ἐν

192 3611 467 3683 φιλήματι
523 3610 682 3683 ἁγίῳ.
731 3613 842 3666 Kal
894 3612 1319 3677 ἀσπαζέσθωσαν
1364 3612 1412 3666 οἱ
1439 3613 1532 3666 τοῦ
1574 3614 1772 3686 κλήρου

190 3702 293 3755 τὸν
322 3704 620 3758 ἐπίσκοπον
648 3704 781 3777 (52),
811 3706 860 3757 οἱ
910 3704 1088 3758 λαῖκοὶ
1140 3704 1331 3777 ἄνδρες
1377 3706 1503 3768 τοὺς
1533 3704 1772 3770 λαῖκοὺς,

193 3798 261 3849 αἱ
296 3800 553 3864 γυναῖκες
577 3797 677 3862 τὰς
704 3799 985 3868 γυναῖκας.
1033 3795 1112 3850 Ta
1142 3797 1323 3851 παιδία
1349 3797 1405 3850 δὲ
1430 3798 1774 3869 στηκέτωσαν

193 3888 341 3960 πρὸς
368 3889 447 3960 τῷ
476 3889 697 3961 βήματι,
762 3890 856 3943 καὶ
906 3888 1147 3953 διάκονος,
1178 3890 1361 3953 αὐτοῖς
1403 3891 1587 3962 ἕτερος
1635 3889 1775 3944 ἔστω

191 3981 463 4051 ἐφεστὼς,
487 3983 636 4045 ὅπως
665 3982 739 4054 μὴ
766 3982 1061 4035 ἀτακτῶσι.
1093 3983 1203 4036 Kal
1227 3982 1375 4035 ἄλλοι
1405 3982 1640 4037 διάκονοι
1674 4002 1774 4037 πεά

194 4074 623 4145 ριπατείτωσαν,
646 4075 739 4128 καὶ
767 4074 1137 4128 σκοπείτωσαν
1184 4075 1309 4138 τοὺς
1334 4075 1529 4147 ἄνδρας
1555 4076 1646 4129 καὶ
1677 4076 1775 4140 τάς

194 4168 486 4234 γυναῖκας,
516 4166 662 4229 ὅπως
697 4166 773 4238 μὴ
832 4165 1057 4237 θόρυϐός
1112 4184 1199 4231 τις
1256 4168 1369 4240 (55)
1404 4167 1645 4239 γένηται,
1681 4171 1775 4224 καὶ

197 4258 279 4329 μή
300 4274 384 4320 τις
414 4256 659 4329 νεύσῃ,ῆ
692 4257 971 4329 ψιθυρίσῃ,
1005 4255 1038 4328 ἢ
1074 4257 1331 4331 νυστάξῃ.
1369 4262 1431 4313 Οἱ
1452 4261 1509 4313 δὲ
1540 4261 1774 4316 διάκονοι

195 4350 543 4404 ίστάσθωσαν
590 4352 671 4415 είς
720 4350 817 4414 τάς
848 4350 957 4403 τῶν
1007 4350 1214 4423 ἀνδρῶν
1246 4351 1433 4425 θύρας,
1457 4355 1550 4408 καὶ
1577 4356 1626 4407 οἱ
1652 4356 1776 4409 ὑπο-

1876 3151 2073 3208 Postea
2127 3151 2392 3206 diaconus
2441 3149 2588 3204 dicat
2633 3148 3062 3204 :Attendamus.
3130 3145 3194 3199 Et
3249 3145 3449 3199 salutet

1875 3230 2168 3316 episcopus
2200 3244 2491 3299 ecclesiam
2515 3282 2531 3306 ,
2558 3257 2621 3296 ac
2651 3242 2831 3296 dicat:
2896 3241 3002 3293 Pax
3032 3239 3147 3303 Dei,
3174 3255 3297 3293 cum
3330 3253 3449 3291 om-

1876 3341 2039 3395 nibus
2084 3337 2257 3393 vobis.
2301 3335 2367 3389 Et
2421 3336 2654 3406 populus
2687 3334 3053 3404 respondeat:
3087 3331 3152 3385 Et
3183 3347 3306 3386 cum
3334 3332 3449 3401 spi-

1879 3430 1985 3484 ritu
2016 3437 2131 3483 tuo.
2165 3427 2441 3481 Diaconus
2475 3440 2605 3479 vero
2662 3424 2809 3479 dicat
2859 3423 3118 3477 omnibus
3146 3440 3160 3476 :
3202 3419 3449 3474 Salutate

1878 3537 1976 3577 vos
2004 3522 2236 3587 invicem
2264 3520 2319 3572 in
2350 3517 2542 3572 osculo
2565 3524 2758 3571 sancto
2785 3535 2798 3571 :
2830 3523 2883 3571 et
2912 3514 3095 3569 clerici
3128 3512 3448 3567 osculentur

1877 3616 2214 3685 episcopum,
2247 3613 2370 3667 laici
2404 3610 2505 3665 viri
2535 3610 2728 3674 laicos,
2768 3608 2979 3662 feminae
3011 3606 3259 3660 feminas.
3285 3603 3445 3659 Pueri

1878 3714 2059 3761 autem
2093 3713 2240 3760 stent
2276 3704 2345 3758 ad
2372 3712 2707 3773 suggestum.
2734 3702 2812 3753 Ac
2843 3699 3108 3753 diaconus
3133 3698 3272 3751 alius
3312 3696 3445 3764 ipsis

1876 3798 2082 3867 praesit,
2113 3812 2182 3850 ne
2206 3795 2515 3849 inordinate
2540 3807 2598 3846 se
2642 3798 2847 3861 gerant.
2874 3789 2941 3841 At
2973 3788 3062 3841 alii
3098 3787 3313 3841 diaconi
3351 3787 3444 3841 de-

1876 3886 2586 3958 ambulent,inspiciantque
2598 3885 2744 3938 viros
2768 3898 2832 3937 ac
2858 3882 3134 3944 mulieres,
3154 3897 3219 3934 ne
3247 3882 3446 3949 strepi-

1878 3994 1967 4039 tus
2004 3983 2203 4052 aliquis
2232 3983 2462 4045 oriatur,
2515 3986 2569 4031 et
2613 3992 2681 4030 ne
2726 3974 2851 4045 quis
2904 3982 3098 4027 nutum
3146 3972 3330 4036 faciat,
3361 3973 3445 4027 vel

1877 4080 2151 4137 susurret,
2182 4072 2266 4128 vel
2290 4070 2565 4125 dormitet.
2597 4062 2821 4121 Diaconi
2843 4080 2971 4119 vero
2994 4072 3135 4119 stent
3159 4064 3226 4117 ad
3248 4064 3445 4133 januas

1875 4168 2140 4225 virorum,
2174 4172 2231 4219 et
2290 4160 2609 4219 subdiaconi
2642 4158 2709 4212 ad
2763 4159 2962 4228 januas
3006 4155 3334 4217 mulierum;
3387 4163 3447 4208 ut

1844 4248 2038 4313 ’nemo
2090 4255 2421 4326 egrediatur,
2472 4265 2607 4307 neve
2661 4249 2932 4319 aperiatur
2979 4247 3146 4316 janua
3206 4258 3447 4316 tempore

1877 4350 2193 4411 oblationis,
2226 4346 2353 4401 licet
2407 4343 2661 4398 adveniat
2710 4341 2981 4412 quispiam
3034 4340 3228 4393 ﬁdelis.
3291 4332 3445 4392 Unus

191 4444 438 4499 διάκονοι
471 4445 547 4508 είς
580 4444 676 4509 τὰς
702 4443 809 4497 τῶν
838 4419 1129 4514 γυναικῶνλ
1167 4419 1327 4509 ὅπως-
1345 4448 1506 4518 μήτις
1548 4446 1770 4515 ἐξέλθοι,

1879 4452 2059 4498 autem
2092 4439 2460 4495 subdiaconus
2492 4435 2585 4489 det
2608 4433 2984 4489 sacerdotibus
3016 4445 3233 4500 aquam,
3268 4428 3333 4481 ad
3369 4430 3444 4480 la-

195 4537 343 4609 μήτε
389 4537 608 4608 ἀνοιχθῇ
638 4538 671 4607 ή
701 4535 860 4608 θύρα,
891 4536 994 4589 κᾶν
1042 4538 1231 4601 πιστός
1260 4555 1345 4601 τις
1387 4536 1443 4612 ᾗ,
1498 4540 1640 4594 κατὰ
1680 4542 1772 4597 τὸν

192 4628 391 4698 καιρὸν
441 4628 541 4699 τῆς
598 4628 895 4699 ἀναφορᾶς.
939 4623 1033 4691 Εἷς
1091 4628 1149 4681 δὲ
1206 4629 1554 4695 ὑποδιάκονος
1590 4632 1774 4687 διδότω

1881 4537 2117 4593 vandum
2143 4548 2337 4588 manus
2361 4548 2375 4597 ;
2412 4545 2533 4600 qua:
2576 4543 2664 4583 res
2691 4528 2906 4598 signum
2930 4533 3014 4580 est
3042 4522 3297 4594 puritatis
3322 4522 3443 4575 ani-

1882 4643 2093 4684 marum
2127 4625 2236 4678 Deo
2272 4628 2733 4678 consecratarum.

192 4722 458 4792 ἀπόνιψιν
498 4722 697 4795 χειρῶν
734 4727 846 4787 τοῖς
896 4720 1100 4794 ἱερεῦσι
1139 4723 1272 4795 (54),
1314 4724 1579 4796 σύμϐολον
1611 4726 1973 4800 καθαρότητος
2005 4719 2193 4794 ψυχῶν
2220 4718 2338 4789 Θεῷ
2368 4713 2756 4785 ἀνακειμένων.

278 4888 325 4919 ’⁸
362 4886 522 4943 Joau.
554 4903 611 4951 ι,
640 4886 731 4942 29.

834 4887 877 4919 ⁸ο
919 4885 1081 4942 Joan.
1116 4903 1250 4951 xvn,
1283 4886 1368 4943 l7.
1446 4889 1489 4919 ⁸¹
1527 4888 1672 4945 Psal.
1704 4907 1861 4950 Lxm,
1892 4890 1949 4944 ελ.
2022 4888 2066 4917 ⁸⁸
2107 4884 2249 4939 Psal.
2290 4860 2459 4945 xc,‘5.

1511 5050 1873 5109 VARIORUM
1912 5048 2147 5105 NOTAE.

272 5190 389 5263 (30)
438 5190 857 5263 Ἐξηγόρασας.
892 5184 1051 5243 Vind.
1102 5186 1357 5243 codices:
1421 5188 1518 5241 Ὃν
1544 5189 1770 5255 ἐξελέξω

192 5264 223 5317 ὲ
272 5207 389 5263 (ου)
435 5207 857 5314 ἅηγιὲρασας·
900 5207 911 5240 ι

227 5275 911 5387 κίξιφοαζίιιὸὲῗίσφά

270 5326 392 5404 (3-1)
429 5330 716 5400 Φραγμός,
749 5328 1064 5399 ἀσφάλεια.
1096 5326 1243 5383 Idem
1274 5348 1287 5383 :
1322 5329 1574 5400 φραγμὸς
1596 5332 1771 5403 ἀσφα-

190 5402 562 5479 λείαῇρᾳνίεδ
593 5400 909 5479 segyritatis.
938 5399 1039 5479 lo._
1161 5468 1187 5479 _
1292 5471 1310 5479 _
1336 5467 1349 5479 Ι
1556 5465 1568 5479 ε
1655 5466 1667 5478 ν
1731 5467 1743 5479 ⁸

273 5465 402 5544 (52)
444 5470 951 5552 Ἀρπαζὲσθωσαιί
986 5471 1040 5523 οι
1084 5468 1212 5552 τοῇΛ
1492 5465 1617 5552 ,τὸν
1642 5466 1771 5552 (Evr!-

193 5536 456 5599 σκέπον.
509 5542 739 5597 Canono
787 5540 1097 5595 Laodiceno
1150 5539 1265 5593 19:
1317 5538 1415 5592 εἶθ’
1460 5537 1631 5598 οὕτως
1669 5536 1767 5607 τὴν

194 5616 426 5652 cini-mnu
452 5612 683 5652 ammon.
739 5613 826 5652 τη)
869 5611 999 5652 ηρτὸ
1052 5611 1112 5652 τὸ
1152 5607 1552 5652 πρεσϐυτέρους
1586 5605 1767 5652 δοῦναι

192 5616 426 5723 εἰρήὲνην
452 5612 706 5673 δίδοσθαι,
739 5613 833 5664 καὶ
868 5611 1001 5680 μετά
1052 5611 1112 5666 τὸ
1152 5607 1552 5723 πρεσϐυτέρους
1586 5605 1767 5660 δοῦναι

196 5701 279 5723 ειη
347 5684 595 5723 mem/mnu
656 5682 751 5723 clm
807 5683 1046 5723 ςῖηηίπνττν-
1096 5679 1215 5723 τότε
1248 5681 1373 5723 τοὺς
1455 5678 1641 5723 aiatait:
1667 5677 1765 5723 τὴν

196 5677 279 5754 τῷ
312 5677 595 5753 ἐπὶσκόπῳ
656 5682 751 5753 τὴν
807 5677 1047 5751 είήνην,
1096 5677 1215 5732 τότε
1248 5681 1373 5742 τοίις
1423 5677 1641 5739 λαῖκοὺς
1667 5677 1765 5747 τὴν

199 5755 429 5805 εἰρήνην
458 5753 676 5805 διδόναι.
730 5699 891 5805 αιιοάο
921 5760 1255 5805 postremum
1317 5749 1556 5803 Zonaras
1598 5749 1765 5801 inter-

199 5749 429 5825 εἰρήνην
458 5749 676 5832 διδόναι,
712 5749 872 5832 ’ψιοά
916 5749 1255 5832 postremum
1317 5749 1765 5832 zonarasninter-

200 5818 455 5894 pretatur
484 5824 556 5877 De
588 5818 902 5876 salutatione
924 5818 1275 5875 'sacerdotum
1308 5837 1338 5873 α
1371 5821 1543 5888 laicis,
1568 5818 1762 5887 Diony-

1878 5190 1995 5246 sius
2058 5186 2298 5256 Exiguus
2361 5182 2438 5238 De
2480 5182 3111 5256 salutationeilaicorunt
3168 5181 3301 5234 inter
3350 5195 3439 5242 se;

1879 5252 2184 5328 utrumque
2236 5263 2415 5310 autem
2492 5256 2694 5308 factum
2761 5254 2931 5308 fuisse
2998 5252 3132 5307 satis
3201 5259 3437 5306 constat.

1874 5332 2011 5385 Cor.

1872 5424 1875 5425 ν
1949 5399 2058 5469 (55)
2103 5396 2407 5469 Τίςτῡορει
2438 5396 2492 5469 in
2514 5394 2647 5469 cod.
2677 5392 2837 5449 Vind.
2867 5392 3035 5469 (ξιιειι.

1944 5456 2057 5542 (54)
2074 5456 2195 5542 Eli}
2218 5466 2285 5519 δὲ
2312 5463 2864 5542 1?_Jto§td_2_¢_oroc.,__etc.
2894 5462 3058 5542 Rem,
3082 5456 3441 5542 idemque'rei

1875 5532 2180 5610 symbolum
2216 5537 2387 5610 tradit
2413 5536 2653 5610 Cyrillus
2705 5534 3256 5610 Ηίειίοιιιοιγιιιίιξιιιιιςι⁵
3284 5532 3442 5586 initio

1875 5603 2079 5664 ultima:
2130 5603 2491 5677 Catecheseos
2547 5603 2968 5677 Mystagogicm,
3008 5603 3439 5677 sedAministrum

1872 5680 2002 5733 facit
2031 5682 2341 5734 diaconum.
2374 5675 2438 5729 Ut
2489 5672 2692 5738 autem,
2728 5672 2807 5728 ait
2836 5682 3032 5728 auctor
3077 5672 3439 5739 Quaestionum

1882 5750 2076 5825 Veteris
2101 5758 2151 5803 et
2178 5748 2312 5825 Novi
2343 5747 2678 5825 Testqntenti,
2704 5754 2837 5799 tom.
2871 5744 2931 5825 ιν
2976 5743 3223 5825 Operum
3244 5743 3300 5798 S.
3326 5742 3439 5825 ,Αιιι

1873 5821 2097 5887 gnstini,
2124 5819 2418 5888 quaestione
2447 5817 2577 5884 IOl,
2613 5834 2711 5870 non
2745 5817 2921 5869 omnia
2966 5812 3257 5869 ministeria
3289 5812 3438 5867 obus
