3946 6334
203 316 341 371 I097

1040 306 1632 371 CONSTITUTIONES
1680 302 2149 365 :‘POSTOLICIE.
2185 340 2254 350 -—
2287 308 2412 365 LIB.
2451 308 2585 366 Vili.

3290 308 3428 364 {398

196 429 326 482 ποτὲ
354 427 410 481 δὲ
442 425 762 500 στρωννύων
802 426 970 500 αὐτὴν
999 429 1078 492 είς
1110 427 1222 500 (51)
1252 426 1449 492 πεδίον,
1504 426 1600 479 καί
1640 423 1767 476 ποτὲ
1798 472 1803 480 λ

1872 438 1991 477 sum
2024 423 2352 482 facientibus
2377 427 2450 482 sit
2476 427 2543 482 ad
2573 423 2973 496 navigationem
2995 424 3194 486 facilis.
3245 424 3299 478 in
3350 425 3428 477 lca

197 525 303 595 μὲν
338 523 608 594 ἐκμαίνυν
636 522 885 593 χειμῶνι,
921 521 1050 574 ποτὲ
1072 521 1128 574 δὲ
1156 522 1409 592 πραΰνων
1442 519 1668 595 γαλήνῃ,
1696 521 1772 581 ὡς

197 615 545 686 ναυσιπόροις
582 614 894 685 πλωτῆρσιν
934 612 1153 666 εὔκολον
1185 608 1322 665 εἶναι
1356 611 1492 682 πρὸς
1524 610 1768 683 πορείαν·

193 708 226 760 ὁ
266 709 528 778 ποταμοῖς
566 704 832 771 διαζώσας
868 704 958 759 τὸν
1008 705 1115 759 ἀπὸ
1155 704 1248 757 σοῦ
1285 703 1373 756 διά
1410 701 1642 774 Χριστοῦ
1679 718 1772 771 γε·

193 800 419 870 νόμενον
469 799 670 869 κόσμον
696 837 711 863 ,
768 799 861 851 καὶ
914 794 1235 870 χειμάρροις
1288 794 1619 858 ἐπικλύσας.
1675 795 1770 847 καὶ

194 892 404 959 πηγαῖς
431 887 675 951 ἀεννάοις
708 887 965 959 μεθύσας,
992 888 1142 960 ὄρεσι
1186 887 1244 940 δὲ
1299 885 1660 957 περισφίγξας
1688 889 1767 950 είς

192 982 359 1053 ἕδραν
392 983 600 1055 ἀτρεμῆ
656 983 760 1053 γῆς
788 983 1220 1053 ἀσφαλεστάτην.
1264 980 1615 1054 Ἐπλήρωσας
1658 984 1766 1056 γάρ

193 1095 294 1131 σου
328 1080 418 1132 τὸν
448 1080 675 1151 κόσμον,
708 1078 801 1132 καὶ
827 1078 1193 1153 διεκόσμησας
1220 1079 1380 1134 αὐτὸν
1410 1079 1659 1151 βοτάναις
1686 1079 1768 1131 εὑ·

190 1174 385 1243 όσμοις
416 1175 507 1227 καὶ
536 1175 790 1245 ίασίμοις’
851 1174 1007 1240 ζώοις
1052 1175 1265 1241 πολλοῖς
1320 1176 1414 1229 καὶ
1468 1174 1764 1245 διαφόροις,

189 1267 449 1338 ἀλκίμοις
478 1264 572 1322 καὶ
590 1267 1018 1340 ἀσθενεστέροις,
1068 1268 1350 1341 ἐδωδίμοις
1378 1270 1472 1322 καὶ
1500 1269 1763 1341 ἐνεργοῖς,

184 1361 422 1431 ἡμέροις
450 1364 542 1415 καὶ
569 1363 898 1426 ἀτιθάσσοις·
932 1364 1173 1437 ἑρπετῶν
1211 1365 1513 1436 συριγμοῖς,
1547 1361 1767 1434 πτηνῶν

186 1456 454 1509 ποικίλων
482 1456 765 1525 κλαγγαῖς
823 1457 1083 1510 ἐνιαυτῶν
1140 1456 1378 1519 κύκλοις,
1443 1455 1626 1527 μηνῶν
1673 1452 1767 1509 καὶ

185 1550 417 1622 ἡμερῶν
446 1550 717 1622 ἀριθμοῖς,
747 1550 964 1622 τροπῶν
1007 1550 1212 1615 τάξεσι·
1272 1548 1451 1618 νεφῶν
1504 1547 1765 1621 65169016-

185 1663 305 1698 κων
332 1644 666 1716 διαδρομαῖς,
698 1646 778 1709 εἰς
807 1644 1031 1715 καρπῶν
1085 1643 1265 1713 γονάς,
1326 1642 1420 1696 καὶ
1464 1639 1615 1707 ζώων
1671 1638 1765 1694 σύ-

1867 518 2089 573 nitatem
2119 519 2432 575 serenitatis
2461 519 2615 575 ducis
2645 538 2659 575 :
2690 519 2782 590 qui
2818 520 3079 574 mundum
3126 524 3367 573 creatum
3400 526 3431 569 ιι

1868 615 1921 664 te
1944 624 2039 680 per
2065 606 2368 674 Christum,
2400 609 2579 665 ﬂuviis
2616 609 2862 673 cinxisti,
2914 608 3251 663 torrentibus
3301 621 3433 674 pro-

1868 701 2040 765 lulsti,
2069 702 2401 772 perennibus
2432 700 2674 756 fontibus
2704 700 3014 771 perfodisti,
3042 706 3116 762 et,
3160 696 3227 751 ad
3270 702 3430 751 terret

1866 792 2250 848 inconcussam
2275 808 2340 846 ac
2371 793 2736 848 firmissimam
2766 790 2969 855 sedem,
3004 788 3277 843 montibus
3294 800 3428 839 con-

1866 884 2477 955 strinxisti.lmplevisti
2517 884 2779 939 mundum
2834 891 2985 936 tuum
3037 895 3100 934 ac
3151 870 3429 935 eaornastl

1868 973 2054 1030 herbis
2075 974 2324 1030 odoratis
2351 984 2405 1030 et
2439 974 2778 1039 salubribus;
2803 973 2989 1027 multis
3012 970 3287 1040 variisque
3310 968 3430 1021 ani-

1866 1066 2165 1130 mantibus,
2198 1066 2444 1123 robustis
2481 1081 2545 1121 ac
2589 1065 3004 1129 infirmioribus,
3037 1060 3335 1118 esculentis
3366 1070 3431 1113 ao

1866 1162 2153 1233 operariis,
2180 1160 2453 1217 cicuribus
2487 1175 2552 1215 ac
2574 1157 2734 1227 feris;
2764 1168 2816 1214 et
2858 1163 3175 1227 serpentum
3230 1153 3428 1218 sibilis,

1866 1264 2030 1327 atque
2053 1256 2390 1312 diversarum
2415 1255 2695 1311 volucrum
2744 1250 3123 1321 clangoribus;
3162 1257 3431 1302 annorum

1866 1348 2110 1411 circulis,
2154 1347 2426 1404 mensium
2463 1360 2526 1400 ac
2565 1345 2775 1400 dierum
2818 1340 3085 1403 numeris,
3134 1343 3429 1407 tempesta-

1866 1448 1982 1494 tum
2038 1440 2212 1507 serie;
2260 1438 2485 1494 nubium
2566 1437 2769 1491 imbres
2823 1431 3226 1505 procreantium
3257 1426 3433 1483 cursi-

1867 1534 1992 1598 bus,
2029 1533 2098 1587 ad
2128 1532 2403 1587 fructuum
2446 1529 2591 1585 fetus
2616 1570 2631 1594 ,
2676 1527 2744 1582 ad
2784 1525 3101 1580 animalium
3136 1534 3431 1577 conserva-

1866 1626 2091 1689 tionem,
2118 1625 2501 1679 libramentum
2536 1629 2821 1677 ventorum
2850 1617 3092 1672 flantium
3135 1630 3257 1669 cum
3301 1626 3331 1666 a
3378 1617 3433 1667 te

188 1756 386 1793 στασιν
411 1778 426 1803 ,
454 1706 721 1809 ’σταθμὸν
759 1706 992 1809 *ἀνέμων
1044 1706 1405 1790 διαπνεόντων
1455 1706 1544 1787 ὅτε
1593 1749 1763 1806 προσο
1796 1762 1803 1817 J

1864 1719 2127 1789 iubentur
2161 1718 2229 1781 θ’,
2257 1714 2661 1771 multitudinem
2706 1712 2955 1782 stirpium
3005 1724 3070 1764 ac
3114 1706 3430 1763 herbarum.

184 1830 433 1903 ταχθῶσι
463 1831 615 1904 παρά
649 1831 762 1894 σοῦ,
793 1831 901 1884 τῶν
931 1829 1113 1901 φυτῶν
1143 1829 1235 1884 καὶ
1270 1828 1379 1882 τῶν
1412 1827 1649 1899 βοτανῶν
1701 1826 1764 1880 τὸ

187 1926 417 1996 πλῆθος.
473 1926 583 1979 Καὶ
610 1923 671 1977 οὐ
713 1925 871 1996 μόνον
924 1922 1017 1977 τὸν
1056 1920 1257 1994 κόσμον
1305 1919 1761 1993 ἐδημιούργησας

184 2018 331 2071 ἀλλά
359 2017 454 2072 καὶ
496 2017 587 2069 τὸν
643 2015 1039 2087 κοσμοπολίτην
1091 2013 1374 2086 ἄνθρωπον
1426 2014 1484 2067 ἐν
1533 2010 1683 2082 αὐτῷ
1710 2013 1767 2065 ἐ-

189 2110 446 2183 ποίησας,
478 2110 681 2180 κόσμου
711 2108 912 2179 κόσμον
944 2106 1103 2161 αὑτὸν
1134 2106 1244 2178 (52)
1266 2106 1565 2173 ἀναδείξας.
1585 2098 1766 2168 Εῐπας

188 2202 304 2273 γὰρ
331 2206 397 2273 τῇ
428 2204 492 2272 σῇ
522 2200 710 2271 Σοφίαν
742 2220 760 2252 ι
799 2201 1119 2272 Ποιήσωμεν
1150 2198 1435 2271 ἄνθρωπον
1473 2200 1589 2251 κατ’
1622 2196 1765 2250 είκό-

191 2313 266 2348 να
308 2294 603 2365 ἡμετέραν,
645 2294 738 2347 καὶ
792 2293 914 2346 καθ’
969 2289 1244 2364 ὁμοίωσιν
1303 2291 1397 2345 καὶ
1450 2289 1765 2361 ἀρχέτωσαν

188 2388 303 2440 τῶν
335 2387 531 2457 ἰχθύων
561 2388 660 2459 τῆς
713 2385 1006 2456 θαλάσσης,
1056 2385 1149 2439 κα)⁵
1197 2383 1303 2437 τῶν
1359 2379 1618 2435 πετεινῶν
1669 2379 1763 2447 τοῦ

185 2478 445 2551 οὐρανοῦ.
478 2499 496 2529 ι
530 2479 618 2532 Διὸ
646 2480 738 2532 καὶ
772 2478 1076 2550 πεποίηκας
1104 2476 1266 2531 αὑτὸν
1293 2474 1359 2529 ἐκ
1402 2473 1579 2544 ψυχῆς
1633 2471 1766 2525 ἀθα-

188 2574 357 2627 νάτου
413 2575 505 2627 καὶ
550 2571 798 2644 σώματος
855 2569 1168 2625 σκεδαστοῦ·
1201 2568 1299 2640 τῆς
1347 2567 1444 2639 μὲν
1473 2568 1536 2619 ἐκ
1562 2563 1656 2619 τοῦ
1689 2564 1763 2637 μὴ

185 2669 366 2731 ὄντος,
400 2666 491 2719 τοῦ
519 2666 575 2719 δέ
606 2667 669 2718 ἐκ
695 2664 803 2717 τῶν
857 2664 1138 2735 τεσσάρων
1192 2660 1487 2731 στοιχείων·
1534 2657 1628 2712 κα).
1681 2656 1766 2711 δέ-

185 2760 376 2821 δωκας
426 2757 574 2824 αὐτῷ
597 2796 611 2819 ,
670 2754 809 2809 κατά
868 2755 964 2827 μὲν
1013 2755 1111 2825 τὴν
1166 2754 1344 2824 ψυχὴν
1369 2792 1383 2815 ,
1457 2752 1554 2822 τὴν
1616 2748 1764 2820 λογι-

188 2853 299 2923 κὴν
328 2849 654 2919 διάγνωσιν,
702 2846 979 2911 εὐσεϐείας
1022 2846 1117 2900 καὶ
1168 2844 1419 2908 ἀσεϐείας
1470 2842 1761 2915 διάκρισιν,

187 2943 402 2997 δικαίου
433 2945 526 2997 καὶ
553 2943 736 2997 ἀδίκου
788 2941 1195 3013 παρατήρησιν·
1242 2939 1381 2993 κατά
1407 2938 1462 2990 δὲ
1497 2936 1559 2989 τὸ
1607 2934 1764 3006 σῶμα

183 3039 296 3110 τὴν
350 3035 641 3090 πένταθλον
697 3032 936 3106 ἐχαρίσω
978 3031 1245 3101 αῖσθησιν,
1299 3027 1391 3083 καὶ
1444 3029 1544 3100 τὴν
1601 3043 1764 3098 μετα-

186 3130 425 3202 ϐατικὴν
485 3129 715 3199 κίνησιν.
768 3124 841 3180 Σὺ
888 3124 1025 3196 γὰρ,

184 3222 433 3297 Χριστοῦ
466 3220 787 3293 παράδεισον
816 3219 875 3271 ἐν
908 3218 1064 3289 Ἐδέμ
1094 3216 1231 3270 κατά
1259 3213 1518 3278 ἀνατολὰς
1547 3212 1764 3282 ἐφυτευ-

186 3334 317 3380 σας,
362 3314 627 3369 παντοίων
668 3311 941 3383 ἐδωδίμων
988 3309 1200 3381 κόσμῳ,
1242 3308 1336 3361 καὶ
1390 3308 1447 3360 ἐν
1495 3305 1643 3378 αὐτῷ
1686 3303 1764 3367 ὣς

183 3411 263 3465 ἂν
309 3411 369 3462 ἐν
416 3407 568 3479 ἑστίᾳ
622 3405 900 3459 πολυτελεῖ
954 3403 1243 3474 εἰσήγαγες
1288 3399 1467 3454 αὐτόν·
1523 3400 1630 3455 κάν
1684 3395 1762 3469 τῷ

182 3504 368 3555 ποιεῖν
395 3500 557 3573 νόμον
593 3498 830 3560 δέδωκας
869 3495 1017 3566 αὑτῷ
1063 3494 1322 3565 ἔμφυτον,
1359 3491 1507 3554 ὅπως
1554 3488 1762 3543 οἴκοθεν

181 3595 286 3648 καὶ
315 3594 443 3664 παρ’
475 3590 664 3645 ἐαυτοῦ
699 3590 810 3660 ἔχοι
837 3589 906 3642 τά
949 3587 1238 3659 σπέρματα
1283 3585 1382 3656 τῆς
1415 3581 1759 3652 θεογνωσίας.

180 3683 512 3754 Εἰσαγαγὼν
542 3684 598 3737 δὲ
627 3684 705 3746 είς
738 3683 830 3736 τὸν
859 3681 957 3752 τῆς
994 3678 1202 3751 τρυφῆς
1240 3676 1589 3749 παράδεισον,
1621 3673 1761 3727 πάν-

176 3795 297 3831 των
338 3779 436 3849 μὲν
480 3778 685 3848 ἀνῆκας
721 3774 870 3845 αὐτῷ
912 3772 1011 3845 τὴν
1049 3769 1293 3836 ἐξουσίαν
1334 3768 1473 3841 πρὸς
1523 3765 1759 3839 μετάλη-

174 3871 304 3939 ψιν,
338 3870 457 3930 ἐνὸς
491 3869 548 3923 δὲ
586 3868 746 3940 μόνου
782 3866 882 3939 τὴν
932 3861 1120 3934 γεῦσιν
1159 3861 1399 3925 ἀπεῖπας
1447 3860 1534 3913 ἐπ’
1588 3857 1761 3912 ἐλπίδι

177 3962 551 4035 κρειττόνων,
595 3961 703 4025 ἴνα,
729 3958 823 4012 ἐὰν
875 3956 1082 4028 φυλάξῃ
1127 3954 1227 4027 τὴν
1271 3952 1519 4024 ἐντολὴν,
1567 3949 1760 4022 μισθὸν

176 4054 395 4123 ταύτης
441 4053 540 4125 τὴν
580 4050 873 4105 ἀθανασίαν
922 4048 1232 4120 κομίσηται.
1287 4043 1657 4117 Ἀμελήσαντα
1705 4040 1761 4095 δέ

1864 1809 2051 1881 Neque
2080 1806 2257 1865 solum
2289 1805 2583 1862 condidisti
2609 1803 2896 1867 mundum,
2924 1799 3021 1858 sed
3068 1810 3122 1854 et
3178 1796 3234 1851 in
3291 1796 3433 1866 ipso,

1865 1902 2052 1957 mundi
2091 1900 2265 1957 civem
2320 1898 2597 1953 hominem
2650 1894 2899 1960 effecisti,
2956 1907 3021 1948 ac
3070 1905 3194 1946 eum
3245 1886 3436 1943 mundi

1863 1994 2150 2059 mundum,
2204 2008 2301 2048 seu
2348 1997 2576 2047 ornatus
2619 1994 2872 2044 ornatum
2938 1977 3296 2040 constituisti.
3342 1977 3436 2032 Din

1863 2085 1990 2141 xisti
2023 2084 2166 2139 enim
2192 2082 2483 2153 Sapientiae
2513 2088 2618 2135 tua:
2658 2098 2672 2134 :
2701 2099 2718 2132 ι
2750 2077 3039 2133 Faciamus
3068 2073 3343 2129 hominem
3368 2066 3437 2123 ad

1865 2173 2152 2244 imaginem
2177 2181 2443 2237 nostram,
2479 2177 2534 2226 et
2575 2167 2642 2225 ad
2678 2165 3089 2223 similitudinem
3126 2181 3138 2217 :
3179 2168 3233 2217 et
3263 2158 3437 2214 domi-

1864 2277 2064 2323 nentur
2080 2266 2325 2337 piscibus
2339 2264 2532 2328 maris,
2550 2271 2603 2319 et
2620 2260 2933 2317 volatilibus
2946 2257 3073 2313 εωΙί
3090 2255 3160 2310 ’³.
3189 2273 3208 2306 ι
3228 2254 3275 2286 ’⁸
3290 2251 3438 2307 Ideo-

1869 2377 1977 2431 que
2000 2360 2173 2415 fecisti
2207 2374 2330 2414 eum
2360 2373 2428 2414 ex
2462 2357 2644 2412 anima
2670 2352 2965 2409 immortali
2995 2358 3049 2407 et
3080 2360 3309 2419 corpore
3330 2346 3438 2402 dis-

1864 2453 2102 2525 sipabili;
2137 2452 2227 2506 illa
2257 2451 2475 2523 quidem
2517 2465 2583 2504 ex
2615 2447 2787 2502 nihilo
2815 2445 3028 2508 efiecta,
3058 2442 3164 2497 hoc
3203 2455 3334 2496 vero
3362 2452 3431 2496 ex

1862 2554 2098 2618 quatuor
2125 2544 2432 2606 elementis,
2465 2549 2519 2598 et
2545 2539 2743 2597 dedisti
2774 2539 2845 2603 el,
2878 2537 2931 2591 in
2978 2535 3159 2591 anima
3214 2532 3435 2605 quidem

1863 2638 2184 2693 rationalem
2244 2633 2710 2705 dijudicationem,
2761 2629 2981 2701 pietatis
3024 2643 3087 2682 ac
3137 2624 3436 2697 impietatis

1863 2729 2271 2790 discretionem,
2299 2724 2433 2796 justi
2457 2739 2521 2780 ac
2551 2722 2741 2794 injusti
2776 2719 3328 2784 animadversionem;
3374 2715 3433 2771 in

1863 2837 2092 2892 corpore
2119 2826 2302 2875 autem
2330 2816 2544 2873 donasti
2588 2814 2997 2888 quinquertium
3032 2826 3292 2868 sensuum
3351 2819 3438 2864 at-

1862 2930 1968 2986 que
2002 2922 2206 2968 motum
2244 2911 2671 2983 progressivum.
2711 2906 2793 2963 Tu
2834 2921 3091 2976 namque,
3136 2903 3279 2958 Deus
3320 2916 3437 2957 om-

1864 3008 2153 3077 nipotens,
2208 3019 2305 3076 per
2353 3003 2670 3067 Christum,
2710 3001 2767 3056 in
2828 2999 3011 3055 Edene
3053 2996 3118 3052 ad
3169 2998 3436 3051 orientem

1074 3091 1174 3177 θὲι
1224 3091 1629 3193 ἐταντόκραὲορζ
1675 3117 1763 3172 διὰ
1789 3112 1803 3167 t

1864 3099 2121 3170 plantasti
2158 3096 2468 3170 paradisum
2491 3097 2559 3162 ",
2590 3097 2738 3150 omni
2788 3108 2985 3166 genere
3027 3091 3435 3148 esculentarum

1865 3194 2175 3263 plantarum
2219 3202 2505 3257 ornatum,
2542 3198 2597 3245 et
2629 3190 2684 3245 in
2712 3204 2837 3245 eum
2865 3195 3124 3256 tanquam
3160 3185 3215 3239 in
3246 3183 3437 3253 0pipa-

1863 3300 1981 3341 ram
2024 3286 2244 3341 domum
2279 3282 2541 3339 induxisti
2576 3281 2878 3348 hominem;
2922 3294 3111 3351 quem,
3143 3293 3268 3332 cum
3318 3276 3436 3331 effi-

1863 3396 2039 3445 ceres,
2083 3379 2203 3450 lege
2257 3377 2497 3432 naturali
2527 3389 2591 3431 ac
2634 3374 2798 3430 insita
2847 3371 3088 3435 donasti,
3131 3386 3240 3441 quo
3285 3368 3435 3425 intus

1863 3489 1928 3530 ac
1953 3490 2018 3529 ex
2052 3489 2111 3529 se
2155 3472 2378 3528 haberet
2407 3469 2737 3542 cognitionis
2768 3467 2861 3523 Dei
2906 3466 3137 3523 semina.
3167 3462 3432 3519 Introdu¢

1861 3584 1992 3625 cens
2024 3574 2204 3623 autem
2233 3583 2358 3623 eum
2387 3565 2443 3620 in
2473 3563 2788 3637 paradisum
2813 3562 3156 3625 deliciarum,
3189 3564 3434 3629 potesta-

1861 3674 1970 3723 tem
1998 3664 2217 3736 quidem
2247 3661 2491 3719 omnium
2518 3659 2586 3713 ad
2620 3654 3058 3729 participandum
3084 3650 3427 3720 concessisti,

1861 3758 2025 3814 unius
2060 3766 2190 3812 vero
2221 3754 2391 3811 solius
2429 3758 2703 3823 gustatum
2735 3748 2793 3803 in
2826 3761 2977 3819 spem
3025 3744 3311 3800 meliorum
3343 3758 3429 3797 re-

1861 3868 1981 3906 rum
2005 3847 2361 3911 interdixisti,
2394 3854 2452 3900 ut
2484 3844 2530 3901 si
2563 3840 2880 3898 mandatum
2924 3836 3247 3898 custodiret,
3280 3835 3428 3891 illius

1861 3944 2061 4001 servati
2096 3941 2398 3998 mercedem
2434 3937 2601 3994 ferret
2638 3932 3124 3991 immortalitatem.
3154 3929 3292 3983 Cum
3333 3943 3434 3981 au-

1860 4046 1967 4094 tem
2002 4037 2317 4092 mandatum
2348 4032 2607 4103 neglexit,
2650 4038 2707 4085 et
2744 4025 2940 4083 fraude
2969 4023 3261 4093 serpentis,
3306 4037 3428 4075 mu-

176 4148 291 4218 τῆς
324 4115 560 4216 ἐντολῑξς,
585 4144 679 4198 καὶ
708 4115 1037 4213 γευσάμενον
1068 4115 1512 4212 ἀπηγορευμένου
1544 4132 1759 4208 καρποῦ

1864 4130 2119 4201 lierisque
2149 4128 2400 4191 consilio,
2431 4123 2673 4196 gustavit
2701 4119 3035 4193 prohibitum
3064 4115 3329 4180 fructum;
3362 4126 3429 4168 ex

418 4206 594 4307 ιφὲφς
623 4206 1044 4308 καὶνσυμέουλίᾳ
1087 4206 1366 4304 γυναικὸς,
1396 4229 1490 4285 τοῦ
1656 4247 1760 4283 πα-

1864 4223 2113 4296 ριιίιιιίὶεο
2141 4221 2363 4292 quidem
2405 4218 2555 4289 justo
2605 4216 2758 4270 illum
2789 4208 3048 4283 expulisti
3073 4208 3141 4274 ",
3185 4206 3430 4262 bonitate

176 4298 434 4404 ραδείσου
461 4298 680 4393 δικαίως
706 4298 910 4394 ἔξωσας
940 4298 1123 4391 αὐτὸν,
1161 4325 1454 4397 ἀγαθὸτητι
1490 4298 1548 4377 δέ
1592 4324 1671 4386 είς
1696 4321 1759 4375 τὸ

1864 4332 1987 4374 vero
2014 4322 2129 4376 tua,
2164 4311 2415 4369 funditus
2446 4315 2762 4381 pereuntem
2791 4320 2903 4360 non
2945 4298 3243 4371 despexisti
3268 4317 3282 4354 :
3312 4304 3431 4353 erat

172 4396 443 4487 παντελὲς
470 4422 835 4494 ἀπολλύμενον
862 4422 960 4492 οὐχ
989 4420 1283 4491 ὑπερεῖδες·
1436 4417 1544 4490 γὰρ
1571 4412 1638 4489 ἦν
1664 4415 1756 4487 δη-
1785 4445 1803 4502 ι

1864 4411 2003 4466 enim
2029 4405 2308 4477 opificium
2336 4411 2523 4470 tuum;
2548 4398 2643 4458 sed
2673 4398 2766 4470 qui
2796 4396 2847 4453 ei
2874 4396 3189 4465 subjeceras
3212 4398 3430 4446 creatu-

2065 4498 2080 4502 _
2134 4496 2168 4502 __
2231 4496 2243 4502 -
2472 4494 2484 4502 .
2658 4493 2669 4502 .
2744 4490 2777 4502 ..
3012 4488 3024 4502 .
3066 4487 3080 4502 .
3322 4481 3423 4502 ,ευ

175 4481 522 4589 μιοῦργημα·
567 4481 700 4570 ἀλλά
739 4481 1113 4578 καθυποτάξας
1137 4481 1283 4582 αὐτῷ
1312 4511 1416 4582 τὴν
1445 4481 1639 4572 κτίσιν,
1672 4481 1756 4562 δέ·
1785 4481 1803 4502 ³

1864 4516 2007 4564 ram,
2048 4496 2247 4554 dedisti
2296 4504 2355 4551 ut
2401 4494 2518 4550 suis
2570 4490 2867 4548 sudoribus
2900 4503 2963 4542 ac
3012 4485 3290 4541 laboribus
3319 4481 3425 4536 sibi

168 4583 536 4681 dmutassian
562 4608 779 4671 οἰκείοις
815 4607 998 4679 ἱδρῶσι
1029 4606 1124 4660 καὶ
1150 4605 1331 4667 πόνοις
1358 4602 1598 4675 πορίζειν
1628 4603 1754 4656 ἐαυ-

1864 4600 2075 4666 pararet
2101 4592 2335 4655 victum,
2381 4597 2436 4645 te
2479 4587 2661 4642 omnia
2693 4583 3049 4656 producente,
3100 4583 3331 4648 augente
3362 4587 3427 4628 ac

164 4702 260 4774 τῷ
305 4701 404 4774 τὴν
449 4671 673 4773 τροφὴν,
714 4698 807 4753 σοῦ
852 4671 1028 4752 πάντα
1084 4697 1308 4767 φύοντος
1360 4671 1453 4750 κα).
1503 4694 1755 4761 αὔξοντος

1864 4690 2203 4742 maturante:
2236 4690 2398 4752 atque
2437 4694 2560 4735 eum
2604 4677 2755 4733 brevi
2788 4688 2983 4731 somno
3015 4671 3290 4733 affectum,
3328 4684 3427 4739 per

167 4763 279 4851 καὶ
722 4793 898 4864 χρόνῳ
935 4792 992 4846 δὲ
1031 4763 1168 4863 πρὸς
1207 4790 1383 4859 ὀλίγον
1430 4789 1591 4842 αὐτὸν
1643 4803 1756 4840 κοι-

1864 4777 2235 4849 jusjurandum
2277 4774 2342 4829 ad
2386 4770 2852 4844 regenerationem
2902 4764 3148 4831 vocasti;
3204 4763 3426 4816 decreto

168 4888 367 4959 μίσας,
399 4887 546 4957 ὅρκῳ
594 4853 674 4949 είς
710 4853 1124 4954 ⁸ιτιιιλιγγενεσίιιιν
1151 4853 1449 4945 ἐκάλεσας·
1489 4881 1615 4951 ὅρον
1654 4878 1750 4932 θα-

1864 4872 2052 4928 mortis
2081 4870 2285 4931 soluto,
2312 4867 2477 4920 vitam
2501 4880 2569 4919 ex
2600 4860 3003 4917 resurrectione
3030 4855 3331 4928 promisisti
3352 4853 3420 4908 ".

162 4948 569 5043 :vézourlzioag,
610 4977 753 5051 ζωὴν
780 4948 1227 5043 ἐξυάναστάσεως
1277 4948 1611 5046 ἐπηγγείλω’
1663 4971 1755 5025 καί

1864 4966 2044 5036 Neque
2072 4964 2173 5019 hoc
2200 4962 2409 5027 solum;
2444 4972 2634 5014 verum
2664 4956 2827 5010 etiam
2858 4969 2923 5010 ex
2960 4952 3193 5024 posteris
3225 4948 3366 5018 ejus,
3392 4960 3423 5001 a

163 5074 234 5126 οὐ
269 5072 429 5126 τοῦτο
670 5039 929 5125 ἀλλὰκαὶ
960 5056 1087 5132 τοὺς
1123 5067 1184 5132 ἐξ
1217 5039 1507 5128 αὐτοῦἐἰς
1555 5064 1754 5135 πλῆθος

1864 5067 1908 5115 lc
1934 5059 1991 5114 in
2025 5054 2427 5111 multitudinem
2455 5049 2908 5106 innumerabilem
2955 5045 3164 5108 effusis,
3192 5058 3287 5098 eos
3327 5039 3419 5111 qui

160 5134 480 5238 ἀνάριθμον
528 5166 641 5237 (55)
686 5165 843 5236 χέας,
885 5164 1011 5227 τοὺς
1048 5158 1410 5232 ἐμμείναντάς
1456 5173 1537 5210 σοι
1574 5134 1755 5220 ἐδόξα-

1864 5153 1957 5209 tibi
1986 5151 2352 5211 adhzeserunt,
2384 5144 2723 5217 gloriﬁcasti,
2755 5156 2851 5198 eos
2878 5156 3007 5196 vero
3037 5139 3127 5209 qui
3169 5153 3203 5223 pa
3238 5143 3296 5191 te
3324 5134 3420 5189 dc-

2578 5285 2625 5317 "
2661 5281 2795 5339 Gen.
2850 5296 2912 5339 ιι.
3059 5277 3105 5309 ’⁸
3144 5272 3279 5330 Gen.
3332 5286 3415 5327 ιιι.

914 5301 962 5334 ⁸³
999 5299 1133 5357 Gen.
1157 5313 1195 5361 ι,
1225 5295 1316 5352 26.
1442 5262 1499 5327 ’⁸⁸
1527 5294 1933 5367 pseudo-lgnat.
1965 5333 1980 5359 ,
2034 5291 2102 5347 ad
2166 5288 2367 5344 Heron.
2396 5288 2449 5343 4.

242 5305 291 5339 ¹¹
329 5303 433 5360 Job
480 5319 671 5369 xxvm,
723 5301 814 5357 25.

157 5377 207 5409 "'
259 5375 429 5433 Hebr.
470 5391 541 5430 vi.

1476 5514 1840 5572 VARIORUM
1879 5513 2110 5572 NOTAE.

246 5687 363 5759 (51)
397 5688 519 5755 εις.
553 5688 815 5755 Quamvis
844 5685 1066 5743 minime
1096 5683 1279 5759 inepta
1309 5681 1381 5738 sit
1414 5679 1743 5759 h_.'ec_.lec_tio,
1846 5749 1860 5759 _
1916 5676 2028 5759 (52)
2068 5674 2281 5759 (tam.
2313 5671 2669 5737 Omittitur'm
2717 5669 2841 5726 cod.
2873 5664 3130 5730 Vindob.,
3161 5662 3255 5719 sed
3295 5666 3418 5724 Per-

164 5744 417 5829 att‘am'en
465 5744 805 5829 neqhaquam
854 5757 1159 5829 spernenda
1189 5744 1304 5829 :est
1355 5751 1477 5809 cod.
1508 5749 1744 5808 Vindob.
1845 5744 2115 5829 inditam;
2144 5744 2221 5829 l0;

163 5805 829 5893 ιεοιεο”ίις,··;ῖε;ῑιιι;;·ίλι
854 5805 1159 5898 agam-ag:
1188 5805 1476 5883 ora...“
1532 5805 1572 5808 --
1700 5805 1739 5807 η

1868 5805 1876 5806 ί
1918 5818 2032 5890 (53)
2084 5814 2452 5887 Ἀνάριθμον.
2483 5810 2645 5871 Vind.
2670 5811 2794 5869 cod.
2818 5808 3202 5882 ἀναρίθμητον.
3234 5805 3312 5863 lo.

372 5925 643 5987 ΡΑ-ιιιοι.
690 5922 802 5983 Gn.
840 5922 885 5984 ιγ
2992 5900 3067 5959 35
