3946 6334
597 324 735 385 1099

1420 316 1477 371 S.
1519 309 1908 370 CLEMENTIS
1944 308 1967 363 l
2002 305 2170 366 ROM.
2209 303 2410 362 PONT.
2454 301 2683 361 OPERA
2718 300 2946 361 DUBIA.

3603 314 3698 373 not

591 442 865 502 fecerunt,
901 432 1192 507 punivisti;
1239 431 1479 488 admisso
1505 430 1722 500 quidem
1756 427 1941 482 Abelis
1982 425 2155 481 sacri—

2258 438 2376 483 σας,
2407 420 2532 482 τοὺς
2561 418 2616 472 δὲ
2657 417 2996 479 ἀποστάντας
3031 422 3135 469 ’σου
3172 414 3415 481 ἐκόλασας’
3443 418 3521 472 καὶ
3539 421 3611 474 τοῦ
3636 427 3701 495 μὲν

590 535 735 598 ﬁcio,
772 541 828 586 ut
858 528 1167 585 innocentis
1187 527 1266 594 '3;
1299 523 1593 580 fratricida:
1632 530 1810 577 autem
1846 520 2000 575 Caini
2031 534 2153 573 mu-

590 644 740 690 nere,
785 633 844 680 ut
888 621 1216 685 detestandi,
1250 618 1513 674 fastidito.
1554 615 1621 669 Et
1669 613 1737 669 ad
1780 614 1895 669 haec
1927 613 2151 668 Sethum

588 736 653 776 ac
697 718 936 774 Enosum
968 714 1287 783 suscepisti,
1335 719 1498 780 atque
1548 707 1865 763 Henochum
1909 715 2154 762 transtu-

586 813 701 869 listi
727 812 796 868 ’9.
827 808 909 864 Tu
944 810 1089 864 enim
1117 822 1179 863 es
1209 803 1387 875 Opifex
1422 801 1723 863 hominum,
1749 800 1871 854 vita:
1903 799 2149 869 largitor,

587 904 901 974 indigentiae
937 900 1212 970 expletur;
1257 897 1433 965 legum
1479 893 1653 956 dator,
1697 906 1897 965 easque
1929 908 2153 947 servan-

586 998 723 1051 tium
774 1000 1174 1057 remunerator,
1224 990 1737 1060 transgredientium
1792 987 2012 1042 vindex.
2047 985 2151 1053 Qui

587 1088 851 1144 diluvium
900 1088 1090 1158 ingens
1133 1084 1338 1139 mundo
1399 1091 1617 1153 propter
1656 1081 1819 1152 impie
1853 1080 2151 1134 viventium

586 1180 989 1235 multitudinem
1008 1176 1259 1241 intulisti,
1283 1184 1412 1231 eteo
1434 1191 1501 1231 ex
1512 1174 1716 1229 diluvio
1742 1173 1795 1227 in
1813 1188 1936 1226 arca
1958 1171 2153 1241 eripui-

587 1273 653 1330 sti
684 1287 793 1325 una
840 1286 963 1325 cum
990 1278 1113 1325 octo
1138 1268 1422 1323 animabus
1447 1267 1655 1337 justum
1679 1264 1848 1319 Noam
1876 1264 1964 1330 ‘°°,
1990 1264 2151 1318 ﬁnem

586 1365 801 1436 quidem
860 1378 1049 1418 eorum
1100 1362 1193 1433 qui
1241 1362 1648 1431 praeterieram,
1702 1358 1966 1428 originem
2024 1372 2151 1412 vero

585 1470 1057 1512 successurorum.
1103 1454 1206 1521 Qui
1251 1452 1583 1508 horrendum
1648 1451 1827 1521 ignem
1888 1448 2150 1505 adversus

587 1545 995 1602 Sodomitanam
1045 1545 1377 1615 pentapolim
1445 1545 1797 1609 concitasti‘,
1841 1552 1896 1599 et
1948 1551 2151 1599 terram

586 1638 901 1708 frugiferam
931 1638 986 1691 in
1010 1637 1339 1707 salsuginem
1364 1638 1405 1700 ’,
1434 1644 1655 1706 propter
1684 1636 1980 1705 nequitiam
2002 1635 2150 1691 illius

584 1731 910 1792 incolarum,
966 1728 1242 1799 redegisti,
1290 1743 1352 1782 ac
1403 1735 1649 1782 sanctum
1702 1727 1899 1783 Lotum
1945 1744 2013 1784 ex
2065 1728 2151 1783 in-

583 1822 778 1877 cendio
821 1821 1011 1876 eruisti
1036 1822 1077 1875 ⁸.
1110 1820 1191 1875 Tu
1238 1837 1297 1876 es
1341 1822 1433 1890 qui
1488 1820 1858 1874 Abrahamum
1904 1821 2147 1877 liberasti

583 1913 727 1966 avita
778 1913 1071 1983 impietate,
1114 1922 1167 1968 et
1218 1914 1405 1968 mundi
1458 1913 1726 1967 hzeredem
1777 1913 2145 1978 constituisti,

581 2007 799 2077 ipsique
828 2004 1106 2061 Christum
1141 2015 1293 2061 tuum
1344 2022 1606 2077 apparere
1636 2006 1835 2061 fecisti.
1868 2004 1971 2072 Qui
2017 2006 2151 2061 Mel-

581 2099 925 2155 chisedecum
958 2099 1262 2169 pontificem
1286 2100 1455 2155 divini
1485 2100 1664 2155 cultus
1690 2099 2010 2170 designasti.
2044 2098 2148 2165 Qui

580 2193 750 2246 multa
807 2208 1029 2263 passum
1092 2191 1352 2248 famulum
1401 2200 1553 2247 tuum
1613 2192 1837 2259 Jobum,
1884 2194 2145 2248 victorem

581 2288 874 2356 serpentis,
909 2286 1137 2357 originis
1168 2287 1455 2349 malorum,
1483 2284 1775 2340 declarasti
1800 2286 1841 2339 ⁸.
1874 2282 1977 2350 Qui
2008 2281 2149 2337 Isaa-

574 2392 705 2432 cum
758 2377 985 2433 effecisti
1049 2377 1217 2433 lilium
1273 2377 1675 2447 promissionis.
1731 2376 1834 2442 Qui
1883 2375 2145 2431 Iacobum

581 2469 867 2524 duodecim
913 2470 1147 2524 ﬁliorum
1190 2478 1420 2541 patrem,
1468 2470 1695 2539 ejusque
1717 2466 2039 2538 ‘postremos
2090 2467 2149 2522 in

579 2561 983 2617 multitudinem
1019 2562 1349 2633 propagasti,
1402 2570 1455 2617 et
1498 2562 1564 2617 ad
1617 2560 1909 2631 Egyptum
1956 2560 2013 2614 in
2060 2576 2149 2615 se-

580 2655 863 2725 ptuaginta
905 2656 1145 2724 quinque
1199 2654 1484 2708 animabus
1549 2653 1995 2712 introduxisti‘.,
2027 2652 2144 2718 Tu,

579 2744 838 2812 Domine,
886 2763 992 2802 non
1037 2747 1332 2818 despexisti
1384 2747 1709 2817 Josephum;
1758 2746 1852 2803 sed
1893 2746 2002 2811 illi,
2048 2762 2147 2816 pro

580 2840 832 2895 mercede
885 2841 1156 2896 castitatis
1196 2849 1287 2894 tua
1328 2854 1493 2894 causa
1545 2846 1799 2902 servatae,
1848 2838 2043 2893 dedisti
2089 2846 2149 2893 ut

581 2930 853 3003 {Egyptiis
882 2942 1155 3002 praeesset.
1182 2931 1283 3000 Tu,
1316 2929 1563 2996 Domine,
1594 2930 1849 2986 Hebraeos
1882 2931 1950 2985 ab
1978 2930 2148 3003 Egy-

579 3022 712 3093 ptiis
742 3038 1055 3093 oppressos,
1081 3024 1150 3078 ob
1181 3024 1451 3093 promissa
1480 3025 1725 3094 patribus
1761 3041 1947 3080 eorum
1981 3024 2143 3091 facta,

581 3128 690 3169 non
720 3115 1038 3186 neglexisti;
1069 3131 1278 3181 verum,
1303 3114 1569 3188 Egyptiis
1592 3117 1823 3187 punitis,
1850 3117 2142 3174 iiberasti‘.
2173 3122 2214 3179 C

571 3225 825 3309 .Cumque
852 3229 1097 3285 homines
1132 3229 1303 3300 legem
1334 3231 1639 3285 naturalem
1669 3232 2064 3303 corrupissent,
2094 3244 2147 3291 et

580 3328 915 3383 creaturam,
945 3320 1106 3376 modo
1143 3322 1364 3392 quidem
1390 3322 1669 3378 fortuitam
1721 3325 2142 3395 arbitrarentur,

572 3398 743 3466 ‘modo
772 3420 953 3466 autem
994 3414 1281 3484 plusquam
1310 3422 1524 3485 oportet
1555 3416 1910 3483 honorarent,
1941 3435 2003 3474 ac
2046 3420 2145 3475 tibi

578 3504 822 3557 omnium
854 3501 964 3559 Deo
994 3514 1398 3575 compararent;
1427 3522 1538 3562 non
1564 3508 1739 3563 sivisti
1767 3525 1954 3565 errore
1982 3510 2141 3580 duci;

580 3596 711 3664 quin
745 3596 928 3665 potius
972 3597 1120 3653 edito
1164 3608 1353 3655 sancto
1406 3600 1609 3657 famulo
1655 3610 1748 3657 tuo
1797 3602 2001 3674 Moyse,
2049 3620 2145 3674 per

579 3702 703 3742 eum
748 3688 920 3759 legem
949 3690 1208 3769 scriptam
1252 3692 1307 3745 in
1356 3694 1624 3751 naturalis
1679 3695 2010 3765 adjutorium
2046 3698 2144 3750 tri-

579 3779 827 3850 buisti';
864 3790 919 3837 et
963 3791 1245 3839 creaturas
1291 3785 1579 3841 ostendisti
1621 3802 1759 3857 opus
1808 3794 1963 3841 tuum
1998 3803 2141 3852 esse,

570 3884 822 3952 errorem
850 3888 978 3929 vero
1004 3874 1072 3929 de
1102 3875 1449 3932 multitudine
1478 3876 1723 3946 deorum,
1746 3878 2141 3935 exterminasti.

582 3964 857 4020 Aaronem
897 3974 951 4022 et
998 3974 1249 4037 posteros
1284 3969 1405 4037 ejus
1434 3968 1643 4026 honore
1680 3970 2005 4025 sacerdotali
2048 3970 2146 4026 de-

572 4048 782 4125 corasti
810 4090 823 4125 :
857 4070 1134 4137 Hebraeos,
1160 4088 1284 4127 cum
1307 4080 1596 4142 peccarent
1616 4114 1630 4138 ,
1658 4074 1974 4145 castigasti;
2017 4089 2143 4129 cum

577 4170 1004 4229 reverterentur,
1044 4166 1372 4236 suscepisti:
1422 4166 1707 4238 Egyptios
1736 4167 1922 4222 decem
1970 4168 2144 4238 plagis

569 4240 728 4335 Sultus
761 4272 821 4312 es
860 4276 873 4312 :
906 4260 1043 4313 mari
1085 4258 1261 4314 diviso
1309 4260 1576 4329 trajecisti
1628 4258 1902 4316 lsraelitas
1945 4280 1957 4314 ε
1992 4261 2141 4316 inse-

569 4356 738 4437 ‘cutos
767 4349 1051 4422 Egyptios
1081 4351 1326 4409 delevisti
1358 4353 1778 4437 submersione:
1814 4355 1963 4424 ligno
2001 4370 2145 4409 ama-

578 4456 697 4496 ram
755 4459 952 4514 aquam
1003 4445 1319 4503 dulcescere
1375 4447 1550 4503 fecisti

576 4548 773 4603 aquam
804 4535 1091 4605 profudisti
1120 4558 1133 4593 :
1162 4555 1193 4594 e
1214 4539 1353 4594 cmlo
1390 4554 1646 4594 mannam
1681 4538 1937 4609 depluisti
1963 4560 1973 4595 :
2006 4556 2145 4609 prae-

575 4626 748 4682 buisti
795 4644 862 4682 ex
904 4643 1028 4685 aere
1056 4644 1257 4699 escam,
1304 4638 1765 4702 ortygometram:
1808 4632 2143 4689 constituisti

576 4728 739 4776 nocte
764 4723 1075 4777 columnam
1107 4723 1249 4795 ignis
1277 4722 1346 4777 ad
1375 4724 1818 4787 illustrationem,
1845 4732 1899 4779 et
1927 4725 2017 4781 die
2048 4740 2143 4781 co-

577 4810 820 4866 lumnam
852 4814 1012 4869 nubis
1040 4816 1109 4870 ad
1137 4816 1514 4871 umbraculum
1545 4816 1602 4870 in
1626 4822 1783 4870 aestu.
1822 4814 1924 4871 Per
1954 4815 2141 4872 Jesum

569 4889 771 4958 'ducem
825 4906 1096 4963 exercitus
1122 4924 1152 4962 a
1196 4914 1251 4962 te
1290 4907 1648 4972 declaratum,
1697 4915 1903 4977 septem
1953 4918 2142 4980 gentes

574 4994 1008 5052 Chananaeorum
1039 4998 1323 5069 evertisli',
1343 4996 1632 5054 Jordanem
1664 4999 1943 5069 dirupisti,
2034 5001 2133 5057 flu-

2267 510 2439 574 Ἀϐἐλ,
2472 510 2548 573 ὡς
2595 509 2738 563 ὁσίου
2778 507 3204 580 προσδεξάμενος
3240 509 3328 579 τὴν
3368 509 3540 573 θυσίαν,
3574 514 3642 566 τοῦ
3666 517 3702 571 ἂ

2252 603 2636 672 ἀδελφοκτόνον
2677 601 2818 655 Κάῖν
2864 601 3226 672 ἀποστραφεὶς
3260 601 3313 652 τὸ
3344 600 3505 673 δῶρον,
3620 608 3703 660 ἕνα.

2251 694 2399 764 γοῦς.
2430 696 2541 749 Καὶ
2570 694 2705 764 πρὸς
2728 693 2936 756 τούτοις
2955 691 3047 745 τὸν
3076 691 3307 763 Σὴο,ικαὶ
3330 692 3408 745 τὸν
3442 692 3574 756 Ἑνὼς
3592 713 3705 767 προσ-

2250 786 2441 840 ελάϐου
2464 824 2478 849 ,
2521 785 2616 839 καὶ
2658 786 2751 838 τὸν
2792 783 2967 854 Ἐνὼχ
3016 783 3395 854 μετατέθεικας.
3427 786 3487 838 Σὺ
3522 786 3606 857 γὰρ
3630 784 3706 842 aii

2251 877 2580 949 δημιουργὸς
2620 876 2729 930 τῶν
2768 876 2864 929 ἀνθ
2876 875 3103 947 ρώπων,
3142 877 3231 927 καὶ
3264 876 3354 945 τῆς
3381 873 3503 946 ζωῆς
3525 880 3705 948 χορηγὸς,

2252 968 2344 1022 καὶ
2379 969 2478 1041 τῆς
2521 968 2727 1031 ἐνδείας
2766 967 2871 1038 πλη
2885 969 3079 1038 ρωτής’
3120 967 3211 1019 καὶ
3252 966 3351 1018 τῶν
3399 968 3547 1038 νόμων
3581 969 3707 1041 mp,

2252 1061 2345 1113 καὶ
2373 1061 2481 1113 τῶν
2512 1059 3115 1129 φυλατώντωνναύτοὺς
3150 1058 3521 1128 μισθαποδότης,
3549 1060 3707 1113 καὶτῶν

2251 1151 2695 1224 παραϐαινόντων
2739 1152 2937 1215 αὐτοὺς
2966 1150 3196 1213 ἔκδικος.
3239 1152 3293 1203 Ὀ
3324 1151 3403 1203 τὸν
3439 1150 3575 1220 μέγαν
3597 1168 3708 1203 κατα-

2251 1244 2487 1315 κλυσμὸν
2542 1242 2833 1313 ἐπαγαγὼν
2870 1242 2950 1314 τῷ
2998 1243 3186 1313 κόσμῳ
3228 1242 3309 1295 διὰ
3349 1243 3404 1294 τὸ
3450 1242 3609 1310 πλῆθος
3638 1243 3709 1293 τῶν

2250 1336 2650 1407 ἀσεϐησάντων,
2681 1335 2776 1388 καὶ
2802 1335 2898 1388 τὸν
2923 1334 3130 1388 δίκαιον
3160 1333 3277 1386 Νῶε
3314 1331 3569 1403 ῥυσάμενος
3587 1335 3633 1385 ὲκ
3648 1332 3707 1386 τοῦ

2250 1425 2632 1498 κατακλυσμοῦ
2666 1428 2721 1479 ἐν
2746 1425 2974 1498 λάρνακι
3000 1427 3096 1479 σὺν
3131 1423 3268 1478 όκτὼ
3294 1424 3487 1493 ψυχαῖς,
3514 1424 3627 1486 τέλος
3649 1424 3709 1493 μὲν

2250 1517 2357 1571 τῶν
2401 1519 2830 1591 παρῳχηκότων,
2863 1518 3035 1590 ἀρχὴν
3065 1517 3121 1569 δέ
3165 1517 3269 1569 τῶν
3303 1516 3559 1586 μελλόντων
3593 1516 3710 1582 ἐπιγί-

2251 1608 2456 1662 νεσθαι.
2497 1611 2554 1662 ’0
2584 1609 2644 1662 τὸ
2672 1608 2901 1681 φοϐερὸν
2932 1607 3043 1679 πῦρ
3070 1608 3211 1662 κατά
3238 1609 3329 1679 τῆς
3356 1609 3611 1679 Σοδομηνῆς
3633 1626 3712 1660 πεν-

2250 1701 2525 1764 ταπόλεως
2572 1700 2801 1770 ἐξάψας,
2841 1702 2936 1753 καὶ
2980 1702 3081 1772 γῆν
3133 1700 3457 1772 καρποφόρον
3499 1702 3562 1762 είς
3596 1700 3711 1770 ἅλμην

2180 1788 2222 1842 Β
2251 1794 2475 1863 Θέμενος
2514 1794 2621 1846 ἀπὸ
2650 1794 2845 1857 κακίας
2871 1794 2979 1846 τῶν
3028 1794 3410 1846 κατοικούντων
3442 1796 3491 1845 ἐν
3516 1794 3635 1863 αὐτῇ,
3654 1795 3712 1845 καὶ

2245 1884 2336 1938 τὸν
2366 1886 2510 1938 ὅσιον
2546 1884 2669 1937 Λὼτ
2702 1884 3013 1956 ἐξαρπάσας
3056 1884 3149 1937 τοῦ
3202 1883 3519 1955 ἐμπρησμοῦ.
3550 1885 3605 1935 Σὺ
3634 1880 3667 1934 εἴ
3693 1885 3711 1934 ὁ

2246 1977 2335 2029 τὸν
2391 1976 2642 2047 Ἀϐραὰμ
2693 1977 2991 2047 ῥυσάμενος
3040 1978 3363 2048 προγονικῆς
3411 1975 3629 2036 ἀσεϐείας,
3654 1976 3712 2026 καὶ

2246 2068 2577 2139 κληρονόμον
2603 2067 2696 2120 τοῦ
2729 2067 2933 2139 κόσμου
2963 2069 3331 2141 καταστήσας,
3380 2068 3461 2121 καὶ
3502 2066 3710 2137 ἐμφανίσας

2246 2160 2393 2231 αὐτῷ
2420 2160 2509 2212 τὸν
2551 2160 2781 2231 Χριστόν
2812 2177 2925 2213 σου.
2964 2158 3026 2212 Ὀ
3054 2160 3146 2212 τὸν
3192 2158 3517 2229 Μελχισεδὲκ,
3541 2156 3711 2227 ἀρχιερέα

2246 2252 2344 2322 τῆς
2379 2252 2634 2323 λατρείας
2657 2252 3161 2324 προχειρισάμενος.
3179 2247 3238 2305 ’0
3258 2252 3344 2305 τὸν
3375 2250 3641 2303 πολύτλαντα
3660 2247 3710 2299 Θε-

2249 2344 2490 2415 ράποντά
2517 2361 2610 2397 σου
2650 2344 2770 2397 Ἰὼϐ
2796 2345 3021 2415 νικητὴν
3041 2343 3138 2396 τοῦ
3169 2342 3461 2414 άρχεκάκου
3486 2342 3621 2409 ὄφεως
3639 2340 3713 2391 ἀντ·

2246 2436 2438 2501 δείξας.
2483 2437 2541 2489 ὐ
2577 2437 2667 2489 τὸν
2713 2435 2897 2488 Ἰσαάκ
2936 2435 3267 2504 ἐπαγγελίας
3295 2435 3402 2487 υίὸν
3431 2432 3709 2502 ποιησάιριεινεος⁴

2246 2529 2274 2581 ό
2298 2529 2389 2581 τὸν
2423 2527 2613 2581 Ἰακὼϐ
2644 2528 2855 2598 πατέρα
2887 2526 3093 2580 δώδεκα
3117 2527 3341 2591 παίδων,
3373 2527 3458 2580 καὶ
3483 2526 3584 2587 τοὺς
3604 2522 3645 2586 ἐξ
3662 2522 3715 2574 a5-

2244 2616 2337 2672 τοῦ
2367 2621 2445 2683 είς
2474 2618 2676 2691 πλῆθος
2705 2619 2855 2690 χέας,
2887 2620 2980 2671 καὶ
3009 2617 3320 2687 εἰσαγαγὼν
3348 2620 3422 2679 είς
3448 2616 3655 2683 Αἴγυπτον
3680 2613 3713 2663 ἐν

2247 2709 2609 2781 ἐϐδομήκοντα
2655 2710 2815 2763 πέντε
2855 2708 3071 2779 ψυχαῖς.
3110 2710 3186 2762 Σὺ
3221 2708 3409 2780 Κύριε,
3457 2706 3615 2777 Ἰωσὴφ
3648 2702 3715 2772 (Si)

2245 2803 2343 2872 οὐχ
2372 2801 2668 2873 ὑπερεῖδες·
2702 2800 2837 2853 ἀλλὰ
2873 2800 3062 2871 μισθὸν
3092 2801 3195 2872 τῆς
3237 2799 3322 2852 διά
3368 2799 3422 2852 σὲ
3466 2795 3716 2868 σωφροσύνης

2247 2892 2448 2956 ἔδωκας
2489 2891 2635 2962 αὐτῷ
2671 2892 2732 2945 τὸ
2758 2892 2864 2946 τῶν
2902 2892 3217 2959 Αἰγυπτίων
3262 2891 3456 2962 ἄρχειν.
3493 2890 3553 2942 Σὺ
3589 2886 3716 2956 Κύριε,

2258 2984 2538 3056 Ἐϐραίους
2581 2984 2685 3038 ὑπὸ
2735 2983 3048 3052 Αἰγυπτίων
3086 2982 3558 3051 καταπονουμένους
3586 2978 3630 3029 οὐ
3658 2991 3718 3026 τε-

2251 3075 2469 3147 ριεῖδες,
2507 3074 2594 3128 διά
2620 3075 2720 3138 τὰς
2759 3076 2895 3146 πρὸς
2932 3076 3057 3138 τοὺς
3098 3075 3343 3145 πατέρας
3375 3072 3532 3126 αὐτῶν
3562 3073 3720 3135 ἐπαγγε-

2247 3167 2380 3232 λίας·
2424 3168 2536 3221 ἀλλ’
2566 3167 2802 3239 ἐρῤύσω,
2848 3166 3082 3231 κολάσας
3132 3166 3469 3236 Αἰγυπτίους.
3498 3158 3721 3232 nupserit:-

2249 3260 2459 3335 ράντων
2497 3260 2552 3313 δὲ
2591 3258 2700 3313 τῶν
2744 3257 3045 3330 ἀνθρώπων
3086 3258 3179 3310 τὸν
3225 3256 3441 3326 φυσικὸν
3478 3253 3632 3323 νόμον,
3664 3248 3723 3301 καὶ

2245 3354 2344 3425 τὴν
2389 3351 2584 3415 κτίσιν,
2631 3350 2762 3403 ποτὲ
2811 3350 2908 3420 μὲν
2938 3348 3248 3419 αὐτόματον
3295 3345 3611 3419 νομισάντων,
3642 3337 3723 3390 ποτὶ

2245 3445 2301 3499 δὲ
2345 3443 2524 3498 πλεῖον
2560 3440 2594 3514 ἢ
2632 3440 2713 3494 δεῖ
2761 3440 3126 3512 τιμησάντων,
3161 3440 3259 3492 καὶ
3310 3438 3393 3491 σοι
3426 3436 3499 3507 τῷ
3531 3432 3624 3504 Θεῷ
3652 3428 3723 3482 τῶν

2247 3535 2459 3589 πάντων
2491 3531 2906 3586 σονταττόντωνο
2939 3532 3040 3585 οὐκ
3070 3530 3259 3592 εἴασας
3305 3526 3597 3589 πλανᾶσθαιῖ,
3637 3518 3723 3573 ἀλλὰ

2246 3625 2521 3692 ἀναδείξας
2548 3624 2637 3677 τὸν
2667 3622 2818 3691 ἅγιόν
2843 3640 2932 3676 σου
2957 3609 3265 3693 θεράποντα
3293 3619 3530 3689 Μωῦσῆν,
3548 3616 3601 3669 δι’
3618 3607 3724 3666 αὕτυό

2246 3718 2383 3791 πρὸς
2416 3716 2664 3788 βοήθειαν
2691 3714 2785 3768 τοῦ
2816 3714 3044 3783 φυσικοῦ
3079 3715 3173 3767 τὸν
3208 3712 3444 3785 γραπτὸν
3470 3709 3601 3778 νόμον
3626 3703 3724 3755 δέδω-

2246 3790 2367 3876 κας,
2399 3811 2493 3865 καὶ
2523 3809 2620 3881 τὴν
2664 3808 2840 3862 κτίσιν
2881 3806 3083 3873 ἔδειξας
3124 3805 3220 3859 σὺν
3252 3805 3407 3877 ἔργον
3449 3796 3582 3862 εἶναι,
3601 3790 3725 3881 τὴνᾷ

2246 3902 2503 3957 πολύθεον
2532 3878 2736 3971 πλάνην
2782 3898 3066 3970 ἐξώρισας.
3106 3897 3214 3952 Τὸν
3263 3894 3460 3967 Ἀαρὼν
3486 3878 3725 3947 καὶτοὺςᾶ

2246 3993 2409 4048 αὐτοῦ
2441 3994 2689 4065 ἱερατικῇ
2732 3993 2865 4062 τιμῇ
2908 3988 3185 4054 ἐδόξασας·
3227 3987 3499 4059 Ἑϐραίους
3541 3974 3726 4051 ἁμαρτόν-

2243 4103 2342 4150 τας
2382 4086 2674 4150 ἐκόλασαςη
2721 4081 3142 4154 ἐπιστρέφοντας
3209 4080 3399 4144 ἐδέξω·
3447 4076 3553 4135 τοὺς
3583 4071 3723 4134 Δίγυπ·
3840 4071 3841 4137 1

2243 4180 2390 4241 τίους
2419 4177 2743 4248 δεκαπλήγῳ
2780 4175 3125 4245 ἐτιμωρήσωο
3165 4172 3434 4226 Θάλασσαν
3466 4162 3634 4226 διελὼν,
3664 4158 3727 4210 Ἰσ·
3840 4180 3841 4243 γ

2248 4269 2501 4343 ραηλίτας
2543 4268 2870 4331 διεόίὸασας·
2905 4264 3237 4335 Αἰγυπτίους
3277 4252 3727 4343 ἐπιδιώξαντας

2245 4338 2497 4435 ϐρυχίους
2534 4359 2819 4423 ἀπώλεσας
2865 4358 2998 4429 (55)'
3043 4356 3185 4428 ξύλῳ
3247 4354 3435 4425 πικρὸν
3473 4350 3594 4418 ὕδωρ
3624 4338 3727 4435 €71?-

1607 4466 1619 4501 :
1672 4433 1753 4502 ex.
1796 4456 1948 4519 petra
1976 4449 2140 4508 ,dura

2246 4431 2431 4517 κᾷνάς.
2472 4454 2536 4506 ὲκ
2570 4452 2774 4523 πέτρας
2812 4448 3115 4521 ἀκροτόμου
3162 4447 3312 4519 ὕδωρ
3346 4445 3567 4513 ἀνέχεας-
3598 4431 3726 4527 ἐξον-

2248 4543 2405 4616 ρανοῦ
2439 4543 2500 4596 τὸ
2547 4544 2719 4615 μάννα
2752 4536 2909 4605 ῦσας
2950 4540 3156 4613 τροφὴν
3201 4538 3261 4606 ἐξ
3303 4537 3457 4609 ἀέρος
3503 4523 3729 4616 ὀρτυγομῆξ

2241 4614 2395 4709 τρανο
2432 4635 2619 4688 στῦλον
2663 4634 2834 4705 πυρὸς
2862 4634 2961 4704 τὴν
2991 4633 3163 4686 νύκτα
3213 4631 3352 4703 πρὸς
3395 4614 3730 4709 φωτισμὸν,

2245 4705 2431 4782 στῦλον
2454 4728 2679 4800 νεφέλης
2707 4727 2919 4798 ἡμέραν
2944 4725 3080 4797 πρὸς
3122 4722 3390 4794 σκιασμὸν
3420 4718 3637 4775 θάλπους.
3662 4705 3730 4800 Τὸν

2255 4820 2458 4891 Ἰησοῦν
2498 4799 2797 4891 στρατηγὸν
2839 4817 3137 4883 ἀναδείξας,
3170 4815 3312 4869 ἐπτά
3348 4813 3466 4883 ἔθνη
3489 4799 3730 4863 Χαναναίων

2240 4913 2305 4967 δι’
2336 4912 2499 4967 αὑτοῦ
2532 4912 2801 4976 καθεῖλες,
2844 4909 3111 4980 Ἰορδάνην
3153 4905 3458 4981 διέρρηξας,
3484 4901 3592 4961 τοὺς
3614 4905 3731 4945 ποτα·

2240 5007 2372 5077 μοὺς
2414 5004 2591 5076 Ἠθάμ
2629 5003 2923 5075 ἐξήρανας,
2970 5000 3125 5071 τείχη
3160 4997 3487 5070 κατέρριψας
3525 4988 3615 5060 (56)
3644 4983 3730 5036 ἄνευ

647 5132 695 5205 ξ⁸
733 5133 866 5188 Gen.
899 5149 973 5187 ιν.
1049 5135 1094 5167 θ’
1133 5133 1299 5205 Eccli.
1324 5151 1472 5200 xux,
1504 5136 1592 5203 19;
1616 5135 1751 5192 Gen.
1798 5154 1871 5201 ιγ,
1912 5155 1965 5194 ν,
2038 5140 2106 5171 too
2144 5138 2163 5193 (

2237 5158 2279 5195 a.
2310 5157 2385 5205 v1,
2411 5156 2515 5205 vn;
2545 5137 2565 5191 Ι
2596 5136 2746 5194 Petr.
2781 5150 2867 5199 ιιι,
2920 5135 3009 5189 20.
3062 5136 3104 5205 γ’
3133 5132 3271 5188 Gen.
3305 5148 3459 5205 xui
3484 5113 3728 5205 Sapzfgéo

575 5204 597 5279 τ
637 5182 1035 5279 ξςεεῖξένίζῖὶι.
1076 5182 1298 5279 fuga:
1319 5182 1592 5279 mea?
1622 5182 1751 5279 331‘
1766 5182 1936 5279 ngat:
1951 5182 2163 5279 ’ίηιρτρέ

2237 5182 2301 5267 £21
2321 5182 2515 5265 itan:
2529 5182 2843 5262 t'o’aii'siiii
2852 5182 3011 5259 ’τῖε
3048 5182 3459 5265 miihi—[2'7
3478 5182 3601 5267 apiid
3617 5182 3726 5241 LXX-

573 5272 596 5304 '
639 5272 809 5329 Exod.
836 5291 874 5337 ι,
896 5284 1001 5329 etc.
1075 5277 1094 5307 ⁷
1125 5275 1160 5327 l.
1182 5275 1282 5330 lsa.
1313 5292 1409 5332 vui
1445 5276 1515 5330 20
1542 5279 1596 5330 in
1625 5272 1815 5331 LXX.‘
1859 5278 2013 5334 8Jos.
2044 5272 2238 5345 111,10.
2282 5329 2287 5334 .

1867 5454 2232 5512 VARIORUM
2273 5455 2509 5512 NOTAE.

573 5657 613 5712 Β
658 5549 1054 5663 tufam—rgo.
1086 5589 1276 5646 Melius
1316 5591 1407 5643 τὸν
1454 5590 1670 5661 Ἰωσήφ,
1713 5591 1766 5643 in
1825 5589 1946 5644 cod.
1980 5588 2139 5644 Vind.

623 5674 745 5712 LER.

623 5674 745 5716 LER.

653 5731 763 5797 (55)
815 5730 1177 5795 Ἀπώλεσας.
1231 5731 1542 5793 Ἐκόλασας,
1574 5729 1635 5784 C.
1662 5728 1729 5784 ν.
1773 5732 1953 5784 minus
1986 5730 2143 5794 bene,

572 5815 703 5883 ‘cum
729 5799 966 5874 Egyptii
998 5816 1106 5858 mn
1134 5816 1323 5870 poenas
1352 5809 1564 5856 tantum
1593 5800 1863 5869 dederint,
1881 5800 2026 5871 quod
2054 5816 2145 5858 su-

2251 5589 2569 5661 perstitibus
2616 5586 2792 5656 potuit
2835 5584 3166 5652 contingere,
3211 5582 3307 5637 sed
3359 5577 3576 5633 funditus
3601 5564 3725 5642 μήθ’

2251 5660 2863 5801 Πιίὲιξέῃίίατέρῤιτέ’ᾳςἒ
2878 5723 3042 5779 Recte
3068 5721 3307 5801 quidem.
3332 5719 3421 5777 sed
3448 5732 3534 5773 nec
3560 5708 3667 5767 male
3685 5706 3722 5757 il

2253 5791 2374 5857 cod.
2403 5791 2557 5854 Vind.
2587 5791 2683 5852 κόίτ
2695 5791 2928 5869 ε’ρῤηξας
2953 5791 3253 5865 perrupisti.
3282 5791 3357 5848 In.
