  <div class='ocr_page' id='page_1' title='image "/cluster/home/n/w/nwhite01/storage/ocr_20150623/1/hvd.32044073501405/560.png"; bbox 0 0 3946 6334; ppageno 0'>
   <div class='ocr_carea' id='block_1_1' title="bbox 134 364 265 419">
    <p class='ocr_par' dir='ltr' id='par_1_1' title="bbox 134 364 265 419">
     <span class='ocr_line' id='line_1_1' title="bbox 134 364 265 419; baseline -0.008 -1"><span class='ocrx_word' id='word_1_1' title='bbox 134 364 265 419; x_wconf 72' lang='grc'><strong>1101</strong></span> 
     </span>
    </p>
   </div>
   <div class='ocr_carea' id='block_1_2' title="bbox 983 360 2495 421">
    <p class='ocr_par' dir='ltr' id='par_1_2' title="bbox 983 360 2495 421">
     <span class='ocr_line' id='line_1_2' title="bbox 983 360 2495 421; baseline -0.001 -1"><span class='ocrx_word' id='word_1_2' title='bbox 983 362 1579 421; x_wconf 72' lang='lat' dir='ltr'><strong>CONSTITUTIONLS</strong></span> <span class='ocrx_word' id='word_1_3' title='bbox 1611 360 2159 418; x_wconf 64' lang='lat' dir='ltr'><strong>APOSTOLIC£.—-</strong></span> <span class='ocrx_word' id='word_1_4' title='bbox 2192 360 2319 418; x_wconf 85' lang='lat' dir='ltr'><strong>LIB.</strong></span> <span class='ocrx_word' id='word_1_5' title='bbox 2360 362 2495 419; x_wconf 76' lang='lat' dir='ltr'><strong>Vill.</strong></span> 
     </span>
    </p>
   </div>
   <div class='ocr_carea' id='block_1_3' title="bbox 3243 360 3378 418">
    <p class='ocr_par' dir='ltr' id='par_1_3' title="bbox 3243 360 3378 418">
     <span class='ocr_line' id='line_1_3' title="bbox 3243 360 3378 418; baseline 0.015 -2"><span class='ocrx_word' id='word_1_6' title='bbox 3243 360 3378 418; x_wconf 65' lang='lat' dir='ltr'><strong>H02</strong></span> 
     </span>
    </p>
   </div>
   <div class='ocr_carea' id='block_1_4' title="bbox 122 476 1732 553">
    <p class='ocr_par' dir='ltr' id='par_1_4' title="bbox 122 476 1703 553">
     <span class='ocr_line' id='line_1_4' title="bbox 122 476 1703 553; baseline -0.013 -2"><span class='ocrx_word' id='word_1_7' title='bbox 122 476 541 551; x_wconf 65' lang='grc' dir='ltr'><strong>μηχανημάτων</strong></span> <span class='ocrx_word' id='word_1_8' title='bbox 577 480 671 534; x_wconf 77' lang='grc' dir='ltr'><strong>καὶ</strong></span> <span class='ocrx_word' id='word_1_9' title='bbox 701 479 878 551; x_wconf 79' lang='grc' dir='ltr'>χειρὸς</span> <span class='ocrx_word' id='word_1_10' title='bbox 915 480 1278 553; x_wconf 75' lang='grc' dir='ltr'>ἀνθρωπίνης.</span> <span class='ocrx_word' id='word_1_11' title='bbox 1323 480 1491 551; x_wconf 84' lang='grc' dir='ltr'>’Υπὲρ</span> <span class='ocrx_word' id='word_1_12' title='bbox 1532 479 1703 532; x_wconf 73' lang='grc' dir='ltr'>ἀπάν-</span> 
     </span>
    </p>
   </div>
   <div class='ocr_carea' id='block_1_5' title="bbox 1812 476 3380 553">
    <p class='ocr_par' dir='ltr' id='par_1_5' title="bbox 1812 477 3380 550">
     <span class='ocr_line' id='line_1_5' title="bbox 1812 477 3380 550; baseline 0.001 -20"><span class='ocrx_word' id='word_1_13' title='bbox 1812 478 1926 533; x_wconf 88' lang='lat' dir='ltr'><strong>vios</strong></span> <span class='ocrx_word' id='word_1_14' title='bbox 1948 477 2123 531; x_wconf 84' lang='lat' dir='ltr'><strong>Ethan</strong></span> <span class='ocrx_word' id='word_1_15' title='bbox 2154 478 2431 543; x_wconf 79' lang='lat' dir='ltr'><strong>siccasti’,</strong></span> <span class='ocrx_word' id='word_1_16' title='bbox 2458 493 2643 533; x_wconf 89' lang='lat' dir='ltr'><strong>muros</strong></span> <span class='ocrx_word' id='word_1_17' title='bbox 2672 478 3017 550; x_wconf 90' lang='lat' dir='ltr'><strong>prostravisti</strong></span> <span class='ocrx_word' id='word_1_18' title='bbox 3033 479 3239 549; x_wconf 89' lang='lat' dir='ltr'><strong>absque</strong></span> <span class='ocrx_word' id='word_1_19' title='bbox 3269 495 3380 533; x_wconf 79' lang='lat' dir='ltr'><strong>ma-</strong></span> 
     </span>
    </p>
   </div>
   <div class='ocr_carea' id='block_1_6' title="bbox 122 571 1715 645">
    <p class='ocr_par' dir='ltr' id='par_1_6' title="bbox 122 571 1715 645">
     <span class='ocr_line' id='line_1_6' title="bbox 122 571 1715 645; baseline 0 -21"><span class='ocrx_word' id='word_1_20' title='bbox 122 587 239 626; x_wconf 82' lang='grc' dir='ltr'><strong>των</strong></span> <span class='ocrx_word' id='word_1_21' title='bbox 270 588 352 625; x_wconf 87' lang='grc' dir='ltr'>σοι</span> <span class='ocrx_word' id='word_1_22' title='bbox 392 573 426 642; x_wconf 77' lang='grc' dir='ltr'><strong>ἡ</strong></span> <span class='ocrx_word' id='word_1_23' title='bbox 466 571 611 638; x_wconf 99' lang='grc' dir='ltr'>δόξα,</span> <span class='ocrx_word' id='word_1_24' title='bbox 653 573 895 626; x_wconf 79' lang='grc' dir='ltr'><strong>Δέσποτα</strong></span> <span class='ocrx_word' id='word_1_25' title='bbox 938 573 1335 645; x_wconf 86' lang='grc' dir='ltr'>παντόκρατορ.</span> <span class='ocrx_word' id='word_1_26' title='bbox 1368 573 1715 643; x_wconf 61' lang='grc' dir='ltr'>Σὲεπροσκυ-</span> 
     </span>
    </p>
   </div>
   <div class='ocr_carea' id='block_1_7' title="bbox 124 664 1709 737">
    <p class='ocr_par' dir='ltr' id='par_1_7' title="bbox 124 664 1709 737">
     <span class='ocr_line' id='line_1_7' title="bbox 124 664 1709 737; baseline 0.001 -19"><span class='ocrx_word' id='word_1_27' title='bbox 124 664 313 718; x_wconf 83' lang='grc' dir='ltr'>νοῦσιν</span> <span class='ocrx_word' id='word_1_28' title='bbox 356 664 648 736; x_wconf 82' lang='grc' dir='ltr'><strong>ἀνάριθμοι</strong></span> <span class='ocrx_word' id='word_1_29' title='bbox 697 666 949 737; x_wconf 80' lang='grc' dir='ltr'><strong>στρατιαὶ</strong></span> <span class='ocrx_word' id='word_1_30' title='bbox 997 665 1279 735; x_wconf 85' lang='grc' dir='ltr'>ἀγγέλων,</span> <span class='ocrx_word' id='word_1_31' title='bbox 1333 665 1709 737; x_wconf 83' lang='grc' dir='ltr'>ἀρχαγγέλων,</span> 
     </span>
    </p>
   </div>
   <div class='ocr_carea' id='block_1_8' title="bbox 124 755 1710 829">
    <p class='ocr_par' dir='ltr' id='par_1_8' title="bbox 124 755 1710 829">
     <span class='ocr_line' id='line_1_8' title="bbox 124 755 1710 829; baseline 0 -20"><span class='ocrx_word' id='word_1_32' title='bbox 124 755 367 828; x_wconf 80' lang='grc' dir='ltr'><strong>θρόνων,</strong></span> <span class='ocrx_word' id='word_1_33' title='bbox 418 757 777 829; x_wconf 82' lang='grc' dir='ltr'>κυριοτήτων,</span> <span class='ocrx_word' id='word_1_34' title='bbox 826 757 1035 829; x_wconf 76' lang='grc' dir='ltr'>ἀρχῶν,</span> <span class='ocrx_word' id='word_1_35' title='bbox 1080 757 1359 823; x_wconf 72' lang='grc' dir='ltr'>ἐξουσιῶν,</span> <span class='ocrx_word' id='word_1_36' title='bbox 1407 756 1710 827; x_wconf 80' lang='grc' dir='ltr'>δυνάμεων,</span> 
     </span>
    </p>
   </div>
   <div class='ocr_carea' id='block_1_9' title="bbox 126 847 1715 922">
    <p class='ocr_par' dir='ltr' id='par_1_9' title="bbox 126 847 1715 922">
     <span class='ocr_line' id='line_1_9' title="bbox 126 847 1715 922; baseline 0.001 -22"><span class='ocrx_word' id='word_1_37' title='bbox 126 847 419 921; x_wconf 80' lang='grc' dir='ltr'><strong>στρατιῶν,</strong></span> <span class='ocrx_word' id='word_1_38' title='bbox 450 848 682 903; x_wconf 65' lang='grc' dir='ltr'><strong>αἰώνωνο</strong></span> <span class='ocrx_word' id='word_1_39' title='bbox 712 848 784 903; x_wconf 79' lang='grc' dir='ltr'>τὰ</span> <span class='ocrx_word' id='word_1_40' title='bbox 812 850 1100 922; x_wconf 80' lang='grc' dir='ltr'>χερουϐὶμ,</span> <span class='ocrx_word' id='word_1_41' title='bbox 1132 851 1227 904; x_wconf 78' lang='grc' dir='ltr'><strong>καὶ</strong></span> <span class='ocrx_word' id='word_1_42' title='bbox 1256 850 1328 903; x_wconf 83' lang='grc' dir='ltr'><strong>τά</strong></span> <span class='ocrx_word' id='word_1_43' title='bbox 1370 848 1715 921; x_wconf 84' lang='grc' dir='ltr'>ἑξαπτέρυγα</span> 
     </span>
    </p>
   </div>
   <div class='ocr_carea' id='block_1_10' title="bbox 124 940 1713 1012">
    <p class='ocr_par' dir='ltr' id='par_1_10' title="bbox 124 940 1713 1012">
     <span class='ocr_line' id='line_1_10' title="bbox 124 940 1713 1012; baseline 0.001 -19"><span class='ocrx_word' id='word_1_44' title='bbox 124 942 395 1012; x_wconf 79' lang='grc' dir='ltr'>σεραφὶμ,</span> <span class='ocrx_word' id='word_1_45' title='bbox 421 943 539 1005; x_wconf 85' lang='grc' dir='ltr'>ταῖς</span> <span class='ocrx_word' id='word_1_46' title='bbox 581 941 677 1011; x_wconf 86' lang='grc' dir='ltr'><strong>μὲν</strong></span> <span class='ocrx_word' id='word_1_47' title='bbox 704 941 825 995; x_wconf 78' lang='grc' dir='ltr'>δυσὶ</span> <span class='ocrx_word' id='word_1_48' title='bbox 853 940 1336 995; x_wconf 82' lang='grc' dir='ltr'>κατακαλύπτοντα</span> <span class='ocrx_word' id='word_1_49' title='bbox 1361 942 1488 1005; x_wconf 83' lang='grc' dir='ltr'>τοὺς</span> <span class='ocrx_word' id='word_1_50' title='bbox 1523 941 1713 1008; x_wconf 80' lang='grc' dir='ltr'>πόδας,</span> 
     </span>
    </p>
   </div>
   <div class='ocr_carea' id='block_1_11' title="bbox 120 1031 1713 1103">
    <p class='ocr_par' dir='ltr' id='par_1_11' title="bbox 120 1031 1713 1103">
     <span class='ocr_line' id='line_1_11' title="bbox 120 1031 1713 1103; baseline 0.001 -19"><span class='ocrx_word' id='word_1_51' title='bbox 120 1036 251 1096; x_wconf 84' lang='grc' dir='ltr'>ταῖς</span> <span class='ocrx_word' id='word_1_52' title='bbox 276 1032 332 1086; x_wconf 88' lang='grc' dir='ltr'>δὲ</span> <span class='ocrx_word' id='word_1_53' title='bbox 356 1032 475 1085; x_wconf 77' lang='grc' dir='ltr'>δυσὶ</span> <span class='ocrx_word' id='word_1_54' title='bbox 505 1032 603 1096; x_wconf 78' lang='grc' dir='ltr'><strong>τὰς</strong></span> <span class='ocrx_word' id='word_1_55' title='bbox 631 1031 890 1102; x_wconf 78' lang='grc' dir='ltr'>κεφαλὰς,</span> <span class='ocrx_word' id='word_1_56' title='bbox 911 1036 1029 1097; x_wconf 76' lang='grc' dir='ltr'>ταῖς</span> <span class='ocrx_word' id='word_1_57' title='bbox 1051 1033 1108 1087; x_wconf 67' lang='grc' dir='ltr'>δὲ</span> <span class='ocrx_word' id='word_1_58' title='bbox 1134 1034 1254 1086; x_wconf 75' lang='grc' dir='ltr'>δυσὶ</span> <span class='ocrx_word' id='word_1_59' title='bbox 1287 1032 1584 1103; x_wconf 74' lang='grc' dir='ltr'>πετόμενα,</span> <span class='ocrx_word' id='word_1_60' title='bbox 1617 1033 1713 1086; x_wconf 75' lang='grc' dir='ltr'>καὶ</span> 
     </span>
    </p>
   </div>
   <div class='ocr_carea' id='block_1_12' title="bbox 120 1122 1715 1197">
    <p class='ocr_par' dir='ltr' id='par_1_12' title="bbox 120 1122 1715 1197">
     <span class='ocr_line' id='line_1_12' title="bbox 120 1122 1715 1197; baseline 0 -21"><span class='ocrx_word' id='word_1_61' title='bbox 120 1122 376 1192; x_wconf 84' lang='grc' dir='ltr'>λέγοντα,</span> <span class='ocrx_word' id='word_1_62' title='bbox 410 1123 527 1195; x_wconf 77' lang='grc' dir='ltr'>ἅμα</span> <span class='ocrx_word' id='word_1_63' title='bbox 560 1124 759 1195; x_wconf 85' lang='grc' dir='ltr'><strong>χιλίαις</strong></span> <span class='ocrx_word' id='word_1_64' title='bbox 800 1124 1035 1194; x_wconf 82' lang='grc' dir='ltr'><strong>χιλιάσιν</strong></span> <span class='ocrx_word' id='word_1_65' title='bbox 1072 1123 1449 1197; x_wconf 82' lang='grc' dir='ltr'>ἀρχαγγέλων,</span> <span class='ocrx_word' id='word_1_66' title='bbox 1492 1125 1587 1177; x_wconf 75' lang='grc' dir='ltr'>καὶ</span> <span class='ocrx_word' id='word_1_67' title='bbox 1620 1141 1715 1195; x_wconf 81' lang='grc' dir='ltr'>μυ-</span> 
     </span>
    </p>
   </div>
   <div class='ocr_carea' id='block_1_13' title="bbox 124 1214 1712 1288">
    <p class='ocr_par' dir='ltr' id='par_1_13' title="bbox 124 1214 1712 1288">
     <span class='ocr_line' id='line_1_13' title="bbox 124 1214 1712 1288; baseline -0.003 -17"><span class='ocrx_word' id='word_1_68' title='bbox 124 1218 278 1287; x_wconf 85' lang='grc' dir='ltr'>ρίαις</span> <span class='ocrx_word' id='word_1_69' title='bbox 327 1217 581 1288; x_wconf 83' lang='grc' dir='ltr'><strong>μυριάσιν</strong></span> <span class='ocrx_word' id='word_1_70' title='bbox 618 1215 886 1284; x_wconf 83' lang='grc' dir='ltr'>ἀγγέλων,</span> <span class='ocrx_word' id='word_1_71' title='bbox 914 1216 1353 1279; x_wconf 83' lang='grc' dir='ltr'>ἀκαταπαύστως</span> <span class='ocrx_word' id='word_1_72' title='bbox 1383 1216 1478 1269; x_wconf 79' lang='grc' dir='ltr'>καὶ</span> <span class='ocrx_word' id='word_1_73' title='bbox 1512 1214 1712 1287; x_wconf 86' lang='grc' dir='ltr'>ἀσιγή-</span> 
     </span>
    </p>
   </div>
   <div class='ocr_carea' id='block_1_14' title="bbox 122 1306 1710 1380">
    <p class='ocr_par' dir='ltr' id='par_1_14' title="bbox 122 1306 1710 1380">
     <span class='ocr_line' id='line_1_14' title="bbox 122 1306 1710 1380; baseline -0.001 -17"><span class='ocrx_word' id='word_1_74' title='bbox 122 1328 242 1374; x_wconf 88' lang='grc' dir='ltr'><strong>τως</strong></span> <span class='ocrx_word' id='word_1_75' title='bbox 276 1307 527 1380; x_wconf 77' lang='grc' dir='ltr'>βοώσαις’</span> <span class='ocrx_word' id='word_1_76' title='bbox 560 1308 651 1361; x_wconf 78' lang='grc' dir='ltr'>καὶ</span> <span class='ocrx_word' id='word_1_77' title='bbox 691 1310 799 1372; x_wconf 80' lang='grc' dir='ltr'>πᾶς</span> <span class='ocrx_word' id='word_1_78' title='bbox 828 1311 858 1362; x_wconf 92' lang='lat'><strong>6</strong></span> <span class='ocrx_word' id='word_1_79' title='bbox 885 1306 1013 1371; x_wconf 80' lang='grc' dir='ltr'>λαὸς</span> <span class='ocrx_word' id='word_1_80' title='bbox 1043 1308 1159 1379; x_wconf 72' lang='grc' dir='ltr'>ἅμα</span> <span class='ocrx_word' id='word_1_81' title='bbox 1188 1308 1415 1361; x_wconf 77' lang='grc' dir='ltr'>εἰπάτω·</span> <span class='ocrx_word' id='word_1_82' title='bbox 1451 1327 1470 1362; x_wconf 76' lang='grc' dir='ltr'><strong>ι</strong></span> <span class='ocrx_word' id='word_1_83' title='bbox 1502 1307 1710 1377; x_wconf 81' lang='grc' dir='ltr'>Ἀγιος,</span> 
     </span>
    </p>
   </div>
   <div class='ocr_carea' id='block_1_15' title="bbox 122 1400 1714 1474">
    <p class='ocr_par' dir='ltr' id='par_1_15' title="bbox 122 1400 1714 1474">
     <span class='ocr_line' id='line_1_15' title="bbox 122 1400 1714 1474; baseline 0 -20"><span class='ocrx_word' id='word_1_84' title='bbox 122 1402 305 1471; x_wconf 84' lang='grc' dir='ltr'>ἆγιος,</span> <span class='ocrx_word' id='word_1_85' title='bbox 332 1402 508 1470; x_wconf 85' lang='grc' dir='ltr'>ἀγιος,</span> <span class='ocrx_word' id='word_1_86' title='bbox 540 1402 745 1473; x_wconf 81' lang='grc' dir='ltr'>Κύριος</span> <span class='ocrx_word' id='word_1_87' title='bbox 782 1400 1029 1454; x_wconf 66' lang='grc' dir='ltr'>Σαϐαὼθ*</span> <span class='ocrx_word' id='word_1_88' title='bbox 1063 1401 1274 1474; x_wconf 81' lang='grc' dir='ltr'><strong>πλήρης</strong></span> <span class='ocrx_word' id='word_1_89' title='bbox 1302 1402 1332 1455; x_wconf 99' lang='lat'><strong>6</strong></span> <span class='ocrx_word' id='word_1_90' title='bbox 1361 1400 1590 1472; x_wconf 83' lang='grc' dir='ltr'>οὐρανὸς</span> <span class='ocrx_word' id='word_1_91' title='bbox 1619 1402 1714 1454; x_wconf 77' lang='grc' dir='ltr'>καὶ</span> 
     </span>
    </p>
   </div>
   <div class='ocr_carea' id='block_1_16' title="bbox 121 1491 1707 1565">
    <p class='ocr_par' dir='ltr' id='par_1_16' title="bbox 121 1491 1707 1565">
     <span class='ocr_line' id='line_1_16' title="bbox 121 1491 1707 1565; baseline -0.001 -17"><span class='ocrx_word' id='word_1_92' title='bbox 121 1497 159 1565; x_wconf 80' lang='grc' dir='ltr'><strong>ή</strong></span> <span class='ocrx_word' id='word_1_93' title='bbox 192 1496 265 1565; x_wconf 82' lang='grc' dir='ltr'><strong>γῆ</strong></span> <span class='ocrx_word' id='word_1_94' title='bbox 298 1495 397 1565; x_wconf 89' lang='grc' dir='ltr'><strong>τῆς</strong></span> <span class='ocrx_word' id='word_1_95' title='bbox 437 1493 595 1564; x_wconf 81' lang='grc' dir='ltr'>δόξης</span> <span class='ocrx_word' id='word_1_96' title='bbox 632 1493 820 1546; x_wconf 76' lang='grc' dir='ltr'>αὐτοῦ’</span> <span class='ocrx_word' id='word_1_97' title='bbox 862 1491 1153 1565; x_wconf 80' lang='grc' dir='ltr'><strong>εὐλογητὸς</strong></span> <span class='ocrx_word' id='word_1_98' title='bbox 1192 1495 1274 1556; x_wconf 83' lang='grc' dir='ltr'><strong>είς</strong></span> <span class='ocrx_word' id='word_1_99' title='bbox 1315 1494 1441 1556; x_wconf 82' lang='grc' dir='ltr'>τοὺς</span> <span class='ocrx_word' id='word_1_100' title='bbox 1488 1494 1707 1557; x_wconf 77' lang='grc' dir='ltr'><strong>αἰῶνας.</strong></span> 
     </span>
    </p>
   </div>
   <div class='ocr_carea' id='block_1_17' title="bbox 135 1584 1715 1659">
    <p class='ocr_par' dir='ltr' id='par_1_17' title="bbox 135 1584 1715 1659">
     <span class='ocr_line' id='line_1_17' title="bbox 135 1584 1715 1659; baseline -0.001 -17"><span class='ocrx_word' id='word_1_101' title='bbox 135 1587 335 1659; x_wconf 79' lang='grc' dir='ltr'>Ἀμήν.</span> <span class='ocrx_word' id='word_1_102' title='bbox 358 1606 377 1638; x_wconf 74' lang='grc' dir='ltr'>ι</span> <span class='ocrx_word' id='word_1_103' title='bbox 414 1587 523 1641; x_wconf 74' lang='grc' dir='ltr'><strong>Καὶ</strong></span> <span class='ocrx_word' id='word_1_104' title='bbox 549 1588 578 1641; x_wconf 93' lang='lat'><strong>6</strong></span> <span class='ocrx_word' id='word_1_105' title='bbox 608 1587 895 1659; x_wconf 77' lang='grc' dir='ltr'>ἀρχιερεὺς</span> <span class='ocrx_word' id='word_1_106' title='bbox 922 1586 1049 1657; x_wconf 77' lang='grc' dir='ltr'>ἑξῆς</span> <span class='ocrx_word' id='word_1_107' title='bbox 1074 1585 1296 1654; x_wconf 82' lang='grc' dir='ltr'>λεγέτω-</span> <span class='ocrx_word' id='word_1_108' title='bbox 1326 1584 1512 1655; x_wconf 70' lang='grc' dir='ltr'><strong>⁴Ἄγιος</strong></span> <span class='ocrx_word' id='word_1_109' title='bbox 1530 1584 1640 1659; x_wconf 81' lang='grc' dir='ltr'><strong>γὰρ</strong></span> <span class='ocrx_word' id='word_1_110' title='bbox 1663 1584 1715 1640; x_wconf 71' lang='lat' dir='ltr'><strong>el</strong></span> 
     </span>
    </p>
   </div>
   <div class='ocr_carea' id='block_1_18' title="bbox 121 1675 1711 1751">
    <p class='ocr_par' dir='ltr' id='par_1_18' title="bbox 121 1675 1711 1751">
     <span class='ocr_line' id='line_1_18' title="bbox 121 1675 1711 1751; baseline 0 -18"><span class='ocrx_word' id='word_1_111' title='bbox 121 1680 205 1744; x_wconf 81' lang='grc' dir='ltr'><strong>ὡς</strong></span> <span class='ocrx_word' id='word_1_112' title='bbox 251 1678 498 1751; x_wconf 87' lang='grc' dir='ltr'>ἀληθῶς,</span> <span class='ocrx_word' id='word_1_113' title='bbox 537 1680 629 1732; x_wconf 75' lang='grc' dir='ltr'>καὶ</span> <span class='ocrx_word' id='word_1_114' title='bbox 674 1679 963 1747; x_wconf 89' lang='grc' dir='ltr'>πανάγιος,</span> <span class='ocrx_word' id='word_1_115' title='bbox 1009 1675 1230 1748; x_wconf 77' lang='grc' dir='ltr'><strong>ὕψιστος</strong></span> <span class='ocrx_word' id='word_1_116' title='bbox 1270 1678 1363 1731; x_wconf 81' lang='grc' dir='ltr'>καὶ</span> <span class='ocrx_word' id='word_1_117' title='bbox 1405 1678 1711 1749; x_wconf 78' lang='grc' dir='ltr'>ὑπερυψού-</span> 
     </span>
    </p>
   </div>
   <div class='ocr_carea' id='block_1_19' title="bbox 1813 569 3377 640">
    <p class='ocr_par' dir='ltr' id='par_1_19' title="bbox 1813 569 3377 640">
     <span class='ocr_line' id='line_1_19' title="bbox 1813 569 3377 640; baseline 0.004 -19"><span class='ocrx_word' id='word_1_118' title='bbox 1813 569 1995 625; x_wconf 87' lang='lat' dir='ltr'><strong>ehinis</strong></span> <span class='ocrx_word' id='word_1_119' title='bbox 2033 577 2088 625; x_wconf 89' lang='lat' dir='ltr'><strong>et</strong></span> <span class='ocrx_word' id='word_1_120' title='bbox 2134 570 2340 640; x_wconf 82' lang='lat' dir='ltr'><strong>absque</strong></span> <span class='ocrx_word' id='word_1_121' title='bbox 2386 585 2550 625; x_wconf 89' lang='lat' dir='ltr'><strong>manu</strong></span> <span class='ocrx_word' id='word_1_122' title='bbox 2600 571 2838 627; x_wconf 85' lang='lat' dir='ltr'><strong>humana</strong></span> <span class='ocrx_word' id='word_1_123' title='bbox 2864 572 2927 627; x_wconf 74' lang='lat'><strong>’°.</strong></span> <span class='ocrx_word' id='word_1_124' title='bbox 2961 570 3069 626; x_wconf 88' lang='lat' dir='ltr'><strong>Pro</strong></span> <span class='ocrx_word' id='word_1_125' title='bbox 3118 573 3377 627; x_wconf 86' lang='lat' dir='ltr'><strong>omnibus</strong></span> 
     </span>
    </p>
   </div>
   <div class='ocr_carea' id='block_1_20' title="bbox 1809 659 3379 733">
    <p class='ocr_par' dir='ltr' id='par_1_20' title="bbox 1809 659 3379 733">
     <span class='ocr_line' id='line_1_20' title="bbox 1809 659 3379 733; baseline 0.003 -19"><span class='ocrx_word' id='word_1_126' title='bbox 1809 661 1908 715; x_wconf 92' lang='lat' dir='ltr'><strong>tibi</strong></span> <span class='ocrx_word' id='word_1_127' title='bbox 1939 661 2132 731; x_wconf 78' lang='lat' dir='ltr'><strong>gloria,</strong></span> <span class='ocrx_word' id='word_1_128' title='bbox 2163 659 2392 717; x_wconf 83' lang='lat' dir='ltr'><strong>Domine</strong></span> <span class='ocrx_word' id='word_1_129' title='bbox 2421 664 2787 733; x_wconf 89' lang='lat' dir='ltr'><strong>omnipotens.</strong></span> <span class='ocrx_word' id='word_1_130' title='bbox 2811 664 2850 695; x_wconf 82' lang='lat'>“</span> <span class='ocrx_word' id='word_1_131' title='bbox 2884 662 2961 720; x_wconf 89' lang='lat' dir='ltr'><strong>&#39;l‘e</strong></span> <span class='ocrx_word' id='word_1_132' title='bbox 3012 663 3245 719; x_wconf 89' lang='lat' dir='ltr'><strong>adorant</strong></span> <span class='ocrx_word' id='word_1_133' title='bbox 3291 666 3379 719; x_wconf 84' lang='lat' dir='ltr'><strong>in-</strong></span> 
     </span>
    </p>
   </div>
   <div class='ocr_carea' id='block_1_21' title="bbox 1810 754 3377 827">
    <p class='ocr_par' dir='ltr' id='par_1_21' title="bbox 1810 754 3377 827">
     <span class='ocr_line' id='line_1_21' title="bbox 1810 754 3377 827; baseline 0.001 -20"><span class='ocrx_word' id='word_1_134' title='bbox 1810 754 2174 810; x_wconf 82' lang='lat' dir='ltr'><strong>numerabiles</strong></span> <span class='ocrx_word' id='word_1_135' title='bbox 2234 755 2403 823; x_wconf 69' lang='lat' dir='ltr'><strong>copia:</strong></span> <span class='ocrx_word' id='word_1_136' title='bbox 2474 756 2823 825; x_wconf 78' lang='lat' dir='ltr'><strong>angelorum,</strong></span> <span class='ocrx_word' id='word_1_137' title='bbox 2878 755 3377 827; x_wconf 88' lang='lat' dir='ltr'><strong>archangelorum,</strong></span> 
     </span>
    </p>
   </div>
   <div class='ocr_carea' id='block_1_22' title="bbox 1810 846 3381 919">
    <p class='ocr_par' dir='ltr' id='par_1_22' title="bbox 1810 846 3381 919">
     <span class='ocr_line' id='line_1_22' title="bbox 1810 846 3381 919; baseline 0.002 -19"><span class='ocrx_word' id='word_1_138' title='bbox 1810 848 2167 911; x_wconf 88' lang='lat' dir='ltr'><strong>tbronorum,</strong></span> <span class='ocrx_word' id='word_1_139' title='bbox 2216 846 2682 914; x_wconf 72' lang='lat' dir='ltr'><strong>dominationum,</strong></span> <span class='ocrx_word' id='word_1_140' title='bbox 2731 850 3167 919; x_wconf 87' lang='lat' dir='ltr'><strong>principatuum,</strong></span> <span class='ocrx_word' id='word_1_141' title='bbox 3222 856 3381 919; x_wconf 83' lang='lat' dir='ltr'><strong>pote-</strong></span> 
     </span>
    </p>
   </div>
   <div class='ocr_carea' id='block_1_23' title="bbox 1812 939 3381 1005">
    <p class='ocr_par' dir='ltr' id='par_1_23' title="bbox 1812 939 3381 1005">
     <span class='ocr_line' id='line_1_23' title="bbox 1812 939 3381 1005; baseline 0 -11"><span class='ocrx_word' id='word_1_142' title='bbox 1812 946 2053 1003; x_wconf 88' lang='lat' dir='ltr'><strong>statum,</strong></span> <span class='ocrx_word' id='word_1_143' title='bbox 2099 939 2398 1004; x_wconf 88' lang='lat' dir='ltr'><strong>virtutum,</strong></span> <span class='ocrx_word' id='word_1_144' title='bbox 2451 940 2825 1005; x_wconf 74' lang='lat' dir='ltr'><strong>exercituum,</strong></span> <span class='ocrx_word' id='word_1_145' title='bbox 2890 942 3213 995; x_wconf 71' lang='lat' dir='ltr'><strong>saeculorum</strong></span> <span class='ocrx_word' id='word_1_146' title='bbox 3281 954 3381 994; x_wconf 88' lang='lat' dir='ltr'><strong>seu</strong></span> 
     </span>
    </p>
   </div>
   <div class='ocr_carea' id='block_1_24' title="bbox 1810 1032 3381 1102">
    <p class='ocr_par' dir='ltr' id='par_1_24' title="bbox 1810 1032 3381 1102">
     <span class='ocr_line' id='line_1_24' title="bbox 1810 1032 3381 1102; baseline 0.001 -16"><span class='ocrx_word' id='word_1_147' title='bbox 1810 1040 2176 1099; x_wconf 63' lang='lat' dir='ltr'><strong>memorum;</strong></span> <span class='ocrx_word' id='word_1_148' title='bbox 2224 1041 2280 1087; x_wconf 90' lang='lat' dir='ltr'><strong>et</strong></span> <span class='ocrx_word' id='word_1_149' title='bbox 2326 1032 2656 1099; x_wconf 90' lang='lat' dir='ltr'><strong>cherubini;</strong></span> <span class='ocrx_word' id='word_1_150' title='bbox 2711 1034 2839 1087; x_wconf 92' lang='lat' dir='ltr'><strong>item</strong></span> <span class='ocrx_word' id='word_1_151' title='bbox 2900 1033 3180 1102; x_wconf 90' lang='lat' dir='ltr'><strong>seraphini</strong></span> <span class='ocrx_word' id='word_1_152' title='bbox 3230 1032 3381 1088; x_wconf 89' lang='lat' dir='ltr'><strong>senis</strong></span> 
     </span>
    </p>
   </div>
   <div class='ocr_carea' id='block_1_25' title="bbox 1811 1122 3380 1196">
    <p class='ocr_par' dir='ltr' id='par_1_25' title="bbox 1811 1122 3380 1196">
     <span class='ocr_line' id='line_1_25' title="bbox 1811 1122 3380 1196; baseline 0 -17"><span class='ocrx_word' id='word_1_153' title='bbox 1811 1126 1915 1181; x_wconf 89' lang='lat' dir='ltr'><strong>alis</strong></span> <span class='ocrx_word' id='word_1_154' title='bbox 1963 1122 2210 1195; x_wconf 72' lang='lat' dir='ltr'><strong>przediti,</strong></span> <span class='ocrx_word' id='word_1_155' title='bbox 2256 1124 2403 1181; x_wconf 86' lang='lat' dir='ltr'><strong>binis</strong></span> <span class='ocrx_word' id='word_1_156' title='bbox 2444 1126 2662 1196; x_wconf 88' lang='lat' dir='ltr'><strong>quidem</strong></span> <span class='ocrx_word' id='word_1_157' title='bbox 2712 1126 2954 1182; x_wconf 90' lang='lat' dir='ltr'><strong>velantes</strong></span> <span class='ocrx_word' id='word_1_158' title='bbox 3005 1125 3169 1195; x_wconf 86' lang='lat' dir='ltr'><strong>pedes</strong></span> <span class='ocrx_word' id='word_1_159' title='bbox 3216 1140 3380 1190; x_wconf 88' lang='lat' dir='ltr'><strong>suos,</strong></span> 
     </span>
    </p>
   </div>
   <div class='ocr_carea' id='block_1_26' title="bbox 1809 1218 3383 1287">
    <p class='ocr_par' dir='ltr' id='par_1_26' title="bbox 1809 1218 3383 1287">
     <span class='ocr_line' id='line_1_26' title="bbox 1809 1218 3383 1287; baseline 0 -14"><span class='ocrx_word' id='word_1_160' title='bbox 1809 1218 1957 1273; x_wconf 86' lang='lat' dir='ltr'><strong>binis</strong></span> <span class='ocrx_word' id='word_1_161' title='bbox 1991 1232 2122 1273; x_wconf 90' lang='lat' dir='ltr'><strong>vero</strong></span> <span class='ocrx_word' id='word_1_162' title='bbox 2163 1218 2379 1287; x_wconf 81' lang='lat' dir='ltr'><strong>capita,</strong></span> <span class='ocrx_word' id='word_1_163' title='bbox 2425 1225 2479 1273; x_wconf 91' lang='lat' dir='ltr'><strong>et</strong></span> <span class='ocrx_word' id='word_1_164' title='bbox 2520 1218 2735 1274; x_wconf 90' lang='lat' dir='ltr'><strong>duabus</strong></span> <span class='ocrx_word' id='word_1_165' title='bbox 2776 1219 2898 1273; x_wconf 89' lang='lat' dir='ltr'><strong>aliis</strong></span> <span class='ocrx_word' id='word_1_166' title='bbox 2941 1219 3191 1273; x_wconf 81' lang='lat' dir='ltr'><strong>volantes</strong></span> <span class='ocrx_word' id='word_1_167' title='bbox 3219 1218 3285 1283; x_wconf 84' lang='grc'><strong>¹²,</strong></span> <span class='ocrx_word' id='word_1_168' title='bbox 3316 1233 3383 1273; x_wconf 89' lang='lat' dir='ltr'><strong>ac</strong></span> 
     </span>
    </p>
   </div>
   <div class='ocr_carea' id='block_1_27' title="bbox 1810 1294 3383 1379">
    <p class='ocr_par' dir='ltr' id='par_1_27' title="bbox 1810 1294 3383 1379">
     <span class='ocr_line' id='line_1_27' title="bbox 1810 1294 3383 1379; baseline 0 -14"><span class='ocrx_word' id='word_1_169' title='bbox 1810 1310 2058 1365; x_wconf 83' lang='lat' dir='ltr'><strong>dicentes</strong></span> <span class='ocrx_word' id='word_1_170' title='bbox 2087 1322 2193 1363; x_wconf 84' lang='lat' dir='ltr'><strong>una</strong></span> <span class='ocrx_word' id='word_1_171' title='bbox 2223 1294 2349 1364; x_wconf 80' lang='lat' dir='ltr'><strong>cum</strong></span> <span class='ocrx_word' id='word_1_172' title='bbox 2384 1310 2531 1364; x_wconf 89' lang='lat' dir='ltr'><strong>mille</strong></span> <span class='ocrx_word' id='word_1_173' title='bbox 2562 1309 2805 1365; x_wconf 89' lang='lat' dir='ltr'><strong>millibus</strong></span> <span class='ocrx_word' id='word_1_174' title='bbox 2848 1309 3298 1379; x_wconf 86' lang='lat' dir='ltr'><strong>archangelorum</strong></span> <span class='ocrx_word' id='word_1_175' title='bbox 3328 1318 3383 1365; x_wconf 89' lang='lat' dir='ltr'><strong>et</strong></span> 
     </span>
    </p>
   </div>
   <div class='ocr_carea' id='block_1_28' title="bbox 1811 1400 3384 1474">
    <p class='ocr_par' dir='ltr' id='par_1_28' title="bbox 1811 1400 3384 1474">
     <span class='ocr_line' id='line_1_28' title="bbox 1811 1400 3384 1474; baseline 0 -17"><span class='ocrx_word' id='word_1_176' title='bbox 1811 1400 1969 1458; x_wconf 89' lang='lat' dir='ltr'><strong>denis</strong></span> <span class='ocrx_word' id='word_1_177' title='bbox 2002 1402 2245 1457; x_wconf 87' lang='lat' dir='ltr'><strong>millibus</strong></span> <span class='ocrx_word' id='word_1_178' title='bbox 2269 1400 2469 1457; x_wconf 88' lang='lat' dir='ltr'><strong>denum</strong></span> <span class='ocrx_word' id='word_1_179' title='bbox 2506 1403 2737 1457; x_wconf 87' lang='lat' dir='ltr'><strong>millium</strong></span> <span class='ocrx_word' id='word_1_180' title='bbox 2776 1403 3096 1474; x_wconf 74' lang='lat' dir='ltr'><strong>angelorum</strong></span> <span class='ocrx_word' id='word_1_181' title='bbox 3124 1403 3187 1467; x_wconf 78' lang='lat'><strong>“,</strong></span> <span class='ocrx_word' id='word_1_182' title='bbox 3230 1403 3384 1457; x_wconf 87' lang='lat' dir='ltr'><strong>inde-</strong></span> 
     </span>
    </p>
   </div>
   <div class='ocr_carea' id='block_1_29' title="bbox 1812 1494 3385 1561">
    <p class='ocr_par' dir='ltr' id='par_1_29' title="bbox 1812 1494 3385 1561">
     <span class='ocr_line' id='line_1_29' title="bbox 1812 1494 3385 1561; baseline 0 -10"><span class='ocrx_word' id='word_1_183' title='bbox 1812 1496 2054 1552; x_wconf 89' lang='lat' dir='ltr'><strong>sinenter</strong></span> <span class='ocrx_word' id='word_1_184' title='bbox 2092 1510 2165 1561; x_wconf 15' lang='lat' dir='ltr'><strong>ac,</strong></span> <span class='ocrx_word' id='word_1_185' title='bbox 2214 1494 2333 1550; x_wconf 90' lang='lat' dir='ltr'><strong>sine</strong></span> <span class='ocrx_word' id='word_1_186' title='bbox 2369 1495 2522 1550; x_wconf 89' lang='lat' dir='ltr'><strong>vocis</strong></span> <span class='ocrx_word' id='word_1_187' title='bbox 2573 1495 2979 1550; x_wconf 83' lang='lat' dir='ltr'><strong>intermissione</strong></span> <span class='ocrx_word' id='word_1_188' title='bbox 3017 1496 3385 1551; x_wconf 83' lang='lat' dir='ltr'><strong>clamantibus</strong></span> 
     </span>
    </p>
   </div>
   <div class='ocr_carea' id='block_1_30' title="bbox 1813 1586 3385 1659">
    <p class='ocr_par' dir='ltr' id='par_1_30' title="bbox 1813 1586 3385 1659">
     <span class='ocr_line' id='line_1_30' title="bbox 1813 1586 3385 1659; baseline -0.002 -13"><span class='ocrx_word' id='word_1_189' title='bbox 1813 1590 1891 1659; x_wconf 88' lang='lat' dir='ltr'><strong>(et</strong></span> <span class='ocrx_word' id='word_1_190' title='bbox 1918 1591 2097 1646; x_wconf 90' lang='lat' dir='ltr'><strong>omnis</strong></span> <span class='ocrx_word' id='word_1_191' title='bbox 2124 1590 2358 1659; x_wconf 89' lang='lat' dir='ltr'><strong>populus</strong></span> <span class='ocrx_word' id='word_1_192' title='bbox 2381 1587 2543 1644; x_wconf 91' lang='lat' dir='ltr'><strong>simul</strong></span> <span class='ocrx_word' id='word_1_193' title='bbox 2564 1587 2731 1657; x_wconf 86' lang='lat' dir='ltr'><strong>dicat)</strong></span> <span class='ocrx_word' id='word_1_194' title='bbox 2758 1606 2771 1641; x_wconf 86' lang='lat'>:</span> <span class='ocrx_word' id='word_1_195' title='bbox 2809 1607 2826 1639; x_wconf 81' lang='grc' dir='ltr'><strong>ι</strong></span> <span class='ocrx_word' id='word_1_196' title='bbox 2854 1586 3111 1651; x_wconf 87' lang='lat' dir='ltr'><strong>Sanctus,</strong></span> <span class='ocrx_word' id='word_1_197' title='bbox 3138 1598 3385 1652; x_wconf 84' lang='lat' dir='ltr'><strong>sanctus.</strong></span> 
     </span>
    </p>
   </div>
   <div class='ocr_carea' id='block_1_31' title="bbox 1813 1678 3386 1748">
    <p class='ocr_par' dir='ltr' id='par_1_31' title="bbox 1813 1678 3386 1748">
     <span class='ocr_line' id='line_1_31' title="bbox 1813 1678 3386 1748; baseline -0.002 -12"><span class='ocrx_word' id='word_1_198' title='bbox 1813 1690 2071 1745; x_wconf 91' lang='lat' dir='ltr'><strong>sanctus,</strong></span> <span class='ocrx_word' id='word_1_199' title='bbox 2124 1680 2389 1735; x_wconf 85' lang='lat' dir='ltr'><strong>Dominus</strong></span> <span class='ocrx_word' id='word_1_200' title='bbox 2445 1678 2732 1734; x_wconf 85' lang='lat' dir='ltr'><strong>Sabaoth:</strong></span> <span class='ocrx_word' id='word_1_201' title='bbox 2779 1679 2922 1748; x_wconf 87' lang='lat' dir='ltr'><strong>pleni</strong></span> <span class='ocrx_word' id='word_1_202' title='bbox 2973 1687 3104 1734; x_wconf 88' lang='lat' dir='ltr'><strong>sunt</strong></span> <span class='ocrx_word' id='word_1_203' title='bbox 3152 1680 3279 1735; x_wconf 60' lang='lat' dir='ltr'><strong>coeli</strong></span> <span class='ocrx_word' id='word_1_204' title='bbox 3331 1688 3386 1735; x_wconf 90' lang='lat' dir='ltr'><strong>et</strong></span> 
     </span>
    </p>
   </div>
   <div class='ocr_carea' id='block_1_32' title="bbox 125 1769 1732 1844">
    <p class='ocr_par' dir='ltr' id='par_1_32' title="bbox 125 1770 1710 1842">
     <span class='ocr_line' id='line_1_32' title="bbox 125 1770 1710 1842; baseline -0.002 -16"><span class='ocrx_word' id='word_1_205' title='bbox 125 1788 290 1842; x_wconf 80' lang='grc' dir='ltr'>μενος</span> <span class='ocrx_word' id='word_1_206' title='bbox 320 1773 399 1834; x_wconf 88' lang='grc' dir='ltr'><strong>είς</strong></span> <span class='ocrx_word' id='word_1_207' title='bbox 429 1772 555 1834; x_wconf 71' lang='grc' dir='ltr'>τοὺς</span> <span class='ocrx_word' id='word_1_208' title='bbox 575 1771 792 1834; x_wconf 87' lang='grc' dir='ltr'>αίῶνας.</span> <span class='ocrx_word' id='word_1_209' title='bbox 817 1771 1003 1840; x_wconf 81' lang='grc' dir='ltr'>Ἀγιος</span> <span class='ocrx_word' id='word_1_210' title='bbox 1030 1770 1087 1824; x_wconf 81' lang='grc' dir='ltr'>δὲ</span> <span class='ocrx_word' id='word_1_211' title='bbox 1116 1772 1210 1824; x_wconf 75' lang='grc' dir='ltr'>καὶ</span> <span class='ocrx_word' id='word_1_212' title='bbox 1234 1773 1263 1824; x_wconf 93' lang='lat'><strong>6</strong></span> <span class='ocrx_word' id='word_1_213' title='bbox 1295 1772 1586 1842; x_wconf 84' lang='grc' dir='ltr'>μονογενής</span> <span class='ocrx_word' id='word_1_214' title='bbox 1618 1787 1710 1824; x_wconf 93' lang='grc' dir='ltr'>σου</span> 
     </span>
    </p>
   </div>
   <div class='ocr_carea' id='block_1_33' title="bbox 1812 1769 3378 1844">
    <p class='ocr_par' dir='ltr' id='par_1_33' title="bbox 1815 1769 3378 1844">
     <span class='ocr_line' id='line_1_33' title="bbox 1815 1769 3378 1844; baseline -0.003 -16"><span class='ocrx_word' id='word_1_215' title='bbox 1815 1781 1961 1828; x_wconf 91' lang='lat' dir='ltr'><strong>terra</strong></span> <span class='ocrx_word' id='word_1_216' title='bbox 1988 1772 2162 1844; x_wconf 78' lang='lat' dir='ltr'><strong>gloria</strong></span> <span class='ocrx_word' id='word_1_217' title='bbox 2194 1772 2316 1842; x_wconf 84' lang='lat' dir='ltr'><strong>ejus</strong></span> <span class='ocrx_word' id='word_1_218' title='bbox 2341 1788 2356 1826; x_wconf 91' lang='lat'><strong>:</strong></span> <span class='ocrx_word' id='word_1_219' title='bbox 2385 1770 2715 1826; x_wconf 86' lang='lat' dir='ltr'><strong>Benedictus</strong></span> <span class='ocrx_word' id='word_1_220' title='bbox 2745 1769 2802 1824; x_wconf 90' lang='lat' dir='ltr'><strong>in</strong></span> <span class='ocrx_word' id='word_1_221' title='bbox 2832 1772 3052 1825; x_wconf 64' lang='lat' dir='ltr'><strong>saecula.</strong></span> <span class='ocrx_word' id='word_1_222' title='bbox 3076 1770 3248 1825; x_wconf 77' lang='lat' dir='ltr'><strong>Amen</strong></span> <span class='ocrx_word' id='word_1_223' title='bbox 3273 1772 3338 1826; x_wconf 79' lang='grc' dir='ltr'><strong>¹δ.</strong></span> <span class='ocrx_word' id='word_1_224' title='bbox 3358 1791 3378 1823; x_wconf 76' lang='grc' dir='ltr'>ι</span> 
     </span>
    </p>
   </div>
   <div class='ocr_carea' id='block_1_34' title="bbox 112 1841 1732 1937">
    <p class='ocr_par' dir='ltr' id='par_1_34' title="bbox 112 1841 1711 1937">
     <span class='ocr_line' id='line_1_34' title="bbox 112 1841 1711 1937; baseline -0.001 -19"><span class='ocrx_word' id='word_1_225' title='bbox 112 1865 246 1928; x_wconf 78' lang='grc' dir='ltr'><strong>Υἱὸς</strong></span> <span class='ocrx_word' id='word_1_226' title='bbox 268 1868 297 1918; x_wconf 87' lang='lat'><strong>6</strong></span> <span class='ocrx_word' id='word_1_227' title='bbox 326 1864 527 1936; x_wconf 78' lang='grc' dir='ltr'>Κύριος</span> <span class='ocrx_word' id='word_1_228' title='bbox 558 1864 717 1937; x_wconf 85' lang='grc' dir='ltr'>ήμῶν</span> <span class='ocrx_word' id='word_1_229' title='bbox 755 1865 849 1918; x_wconf 75' lang='grc' dir='ltr'><strong>καὶ</strong></span> <span class='ocrx_word' id='word_1_230' title='bbox 886 1865 1020 1929; x_wconf 83' lang='grc' dir='ltr'><strong>Θεὸς</strong></span> <span class='ocrx_word' id='word_1_231' title='bbox 1059 1864 1267 1936; x_wconf 78' lang='grc' dir='ltr'>Ἰησοῦς</span> <span class='ocrx_word' id='word_1_232' title='bbox 1296 1867 1325 1917; x_wconf 93' lang='lat'><strong>6</strong></span> <span class='ocrx_word' id='word_1_233' title='bbox 1355 1865 1610 1937; x_wconf 84' lang='grc' dir='ltr'>Χριστός·</span> <span class='ocrx_word' id='word_1_234' title='bbox 1649 1865 1711 1929; x_wconf 82' lang='grc' dir='ltr'>ὃς</span> 
     </span>
    </p>
   </div>
   <div class='ocr_carea' id='block_1_35' title="bbox 1812 1841 3389 1937">
    <p class='ocr_par' dir='ltr' id='par_1_35' title="bbox 1812 1841 3389 1936">
     <span class='ocr_line' id='line_1_35' title="bbox 1812 1841 3389 1936; baseline -0.002 -15"><span class='ocrx_word' id='word_1_235' title='bbox 1812 1866 1879 1921; x_wconf 85' lang='lat' dir='ltr'><strong>Et</strong></span> <span class='ocrx_word' id='word_1_236' title='bbox 1906 1841 2151 1936; x_wconf 78' lang='lat' dir='ltr'><strong>pontifex</strong></span> <span class='ocrx_word' id='word_1_237' title='bbox 2177 1841 2368 1934; x_wconf 89' lang='lat' dir='ltr'><strong>postea</strong></span> <span class='ocrx_word' id='word_1_238' title='bbox 2398 1864 2545 1919; x_wconf 90' lang='lat' dir='ltr'><strong>dicat</strong></span> <span class='ocrx_word' id='word_1_239' title='bbox 2572 1882 2585 1919; x_wconf 84' lang='lat'><strong>:</strong></span> <span class='ocrx_word' id='word_1_240' title='bbox 2623 1862 2860 1919; x_wconf 88' lang='lat' dir='ltr'><strong>Sanctus</strong></span> <span class='ocrx_word' id='word_1_241' title='bbox 2882 1864 3028 1918; x_wconf 92' lang='lat' dir='ltr'><strong>enim</strong></span> <span class='ocrx_word' id='word_1_242' title='bbox 3053 1878 3179 1919; x_wconf 88' lang='lat' dir='ltr'><strong>vere</strong></span> <span class='ocrx_word' id='word_1_243' title='bbox 3206 1878 3289 1929; x_wconf 92' lang='lat' dir='ltr'><strong>es,</strong></span> <span class='ocrx_word' id='word_1_244' title='bbox 3321 1878 3389 1918; x_wconf 92' lang='lat' dir='ltr'><strong>ac</strong></span> 
     </span>
    </p>
   </div>
   <div class='ocr_carea' id='block_1_36' title="bbox 121 1956 1711 2038">
    <p class='ocr_par' dir='ltr' id='par_1_36' title="bbox 121 1956 1711 2038">
     <span class='ocr_line' id='line_1_36' title="bbox 121 1956 1711 2038; baseline 0.002 -29"><span class='ocrx_word' id='word_1_245' title='bbox 121 1960 209 2021; x_wconf 79' lang='grc' dir='ltr'><strong>εἰς</strong></span> <span class='ocrx_word' id='word_1_246' title='bbox 252 1957 425 2011; x_wconf 81' lang='grc' dir='ltr'>πάντα</span> <span class='ocrx_word' id='word_1_247' title='bbox 478 1958 989 2038; x_wconf 51' lang='grc' dir='ltr'>ὐῃρετῃσάμξιάς-</span> <span class='ocrx_word' id='word_1_248' title='bbox 1008 1975 1090 2011; x_wconf 92' lang='grc' dir='ltr'>σοι</span> <span class='ocrx_word' id='word_1_249' title='bbox 1140 1958 1218 2028; x_wconf 82' lang='grc' dir='ltr'>τῷ</span> <span class='ocrx_word' id='word_1_250' title='bbox 1269 1956 1389 2029; x_wconf 76' lang='grc' dir='ltr'><strong>Θεῷ</strong></span> <span class='ocrx_word' id='word_1_251' title='bbox 1420 1957 1585 2011; x_wconf 80' lang='grc' dir='ltr'>αὑτοῦ</span> <span class='ocrx_word' id='word_1_252' title='bbox 1615 1959 1711 2012; x_wconf 76' lang='grc' dir='ltr'>καὶ</span> 
     </span>
    </p>
   </div>
   <div class='ocr_carea' id='block_1_37' title="bbox 122 2049 1711 2122">
    <p class='ocr_par' dir='ltr' id='par_1_37' title="bbox 122 2049 1711 2122">
     <span class='ocr_line' id='line_1_37' title="bbox 122 2049 1711 2122; baseline 0.001 -20"><span class='ocrx_word' id='word_1_253' title='bbox 122 2050 324 2121; x_wconf 78' lang='grc' dir='ltr'>Πατρὶ,</span> <span class='ocrx_word' id='word_1_254' title='bbox 340 2049 490 2118; x_wconf 62' lang='grc' dir='ltr'>ετςςτε</span> <span class='ocrx_word' id='word_1_255' title='bbox 510 2051 867 2122; x_wconf 80' lang='grc' dir='ltr'>δημιουργίαν</span> <span class='ocrx_word' id='word_1_256' title='bbox 894 2050 1166 2121; x_wconf 79' lang='grc' dir='ltr'>διάφορον,</span> <span class='ocrx_word' id='word_1_257' title='bbox 1192 2050 1287 2103; x_wconf 77' lang='grc' dir='ltr'>καὶ</span> <span class='ocrx_word' id='word_1_258' title='bbox 1311 2049 1562 2121; x_wconf 89' lang='grc' dir='ltr'>πρόνοιαν</span> <span class='ocrx_word' id='word_1_259' title='bbox 1588 2066 1711 2104; x_wconf 82' lang='grc' dir='ltr'>κατ-</span> 
     </span>
    </p>
   </div>
   <div class='ocr_carea' id='block_1_38' title="bbox 121 2141 1708 2215">
    <p class='ocr_par' dir='ltr' id='par_1_38' title="bbox 121 2141 1708 2215">
     <span class='ocr_line' id='line_1_38' title="bbox 121 2141 1708 2215; baseline 0.003 -22"><span class='ocrx_word' id='word_1_260' title='bbox 121 2141 381 2213; x_wconf 83' lang='grc' dir='ltr'>άλληλον,</span> <span class='ocrx_word' id='word_1_261' title='bbox 409 2141 470 2194; x_wconf 80' lang='grc' dir='ltr'><strong>οὐ</strong></span> <span class='ocrx_word' id='word_1_262' title='bbox 503 2142 738 2214; x_wconf 86' lang='grc' dir='ltr'>περιεῖδε</span> <span class='ocrx_word' id='word_1_263' title='bbox 770 2142 833 2195; x_wconf 84' lang='grc' dir='ltr'>τὸ</span> <span class='ocrx_word' id='word_1_264' title='bbox 857 2141 1013 2211; x_wconf 89' lang='grc' dir='ltr'>γένος</span> <span class='ocrx_word' id='word_1_265' title='bbox 1055 2142 1163 2196; x_wconf 92' lang='grc' dir='ltr'><strong>τῶν</strong></span> <span class='ocrx_word' id='word_1_266' title='bbox 1203 2142 1504 2215; x_wconf 86' lang='grc' dir='ltr'>ἀνθρώπων</span> <span class='ocrx_word' id='word_1_267' title='bbox 1540 2144 1708 2198; x_wconf 74' lang='grc' dir='ltr'>ἀπολο</span> 
     </span>
    </p>
   </div>
   <div class='ocr_carea' id='block_1_39' title="bbox 118 2232 1710 2308">
    <p class='ocr_par' dir='ltr' id='par_1_39' title="bbox 118 2232 1710 2308">
     <span class='ocr_line' id='line_1_39' title="bbox 118 2232 1710 2308; baseline 0.002 -22"><span class='ocrx_word' id='word_1_268' title='bbox 118 2234 376 2306; x_wconf 79' lang='grc' dir='ltr'>λύμενον,</span> <span class='ocrx_word' id='word_1_269' title='bbox 420 2233 556 2287; x_wconf 82' lang='grc' dir='ltr'><strong>ἀλλά</strong></span> <span class='ocrx_word' id='word_1_270' title='bbox 608 2232 748 2305; x_wconf 82' lang='grc' dir='ltr'><strong>μετά</strong></span> <span class='ocrx_word' id='word_1_271' title='bbox 794 2232 1023 2303; x_wconf 78' lang='grc' dir='ltr'>φυσικὸν</span> <span class='ocrx_word' id='word_1_272' title='bbox 1063 2233 1257 2305; x_wconf 91' lang='grc' dir='ltr'>νόμον,</span> <span class='ocrx_word' id='word_1_273' title='bbox 1290 2234 1428 2306; x_wconf 85' lang='grc' dir='ltr'><strong>μετά</strong></span> <span class='ocrx_word' id='word_1_274' title='bbox 1478 2235 1710 2308; x_wconf 78' lang='grc' dir='ltr'><strong>νομικὴν</strong></span> 
     </span>
    </p>
   </div>
   <div class='ocr_carea' id='block_1_40' title="bbox 120 2324 1709 2398">
    <p class='ocr_par' dir='ltr' id='par_1_40' title="bbox 120 2324 1709 2398">
     <span class='ocr_line' id='line_1_40' title="bbox 120 2324 1709 2398; baseline 0.001 -17"><span class='ocrx_word' id='word_1_275' title='bbox 120 2326 469 2398; x_wconf 84' lang='grc' dir='ltr'>παραίνεσιν,</span> <span class='ocrx_word' id='word_1_276' title='bbox 517 2324 655 2397; x_wconf 87' lang='grc' dir='ltr'><strong>μετά</strong></span> <span class='ocrx_word' id='word_1_277' title='bbox 713 2326 1083 2397; x_wconf 69' lang='grc' dir='ltr'>προφητικους</span> <span class='ocrx_word' id='word_1_278' title='bbox 1129 2326 1414 2397; x_wconf 75' lang='grc' dir='ltr'>ἐλέγχους,</span> <span class='ocrx_word' id='word_1_279' title='bbox 1466 2330 1563 2381; x_wconf 77' lang='grc' dir='ltr'>καὶ</span> <span class='ocrx_word' id='word_1_280' title='bbox 1610 2328 1709 2394; x_wconf 88' lang='grc' dir='ltr'>τὰς</span> 
     </span>
    </p>
   </div>
   <div class='ocr_carea' id='block_1_41' title="bbox 120 2416 1708 2492">
    <p class='ocr_par' dir='ltr' id='par_1_41' title="bbox 120 2416 1708 2492">
     <span class='ocr_line' id='line_1_41' title="bbox 120 2416 1708 2492; baseline 0.001 -20"><span class='ocrx_word' id='word_1_281' title='bbox 120 2419 237 2472; x_wconf 79' lang='grc' dir='ltr'><strong>τῶν</strong></span> <span class='ocrx_word' id='word_1_282' title='bbox 303 2417 547 2487; x_wconf 89' lang='grc' dir='ltr'>ἀγγέλων</span> <span class='ocrx_word' id='word_1_283' title='bbox 608 2416 943 2483; x_wconf 78' lang='grc' dir='ltr'>ἐπιστασίας,</span> <span class='ocrx_word' id='word_1_284' title='bbox 984 2418 1461 2490; x_wconf 85' lang='grc' dir='ltr'>παραφθειρόντων</span> <span class='ocrx_word' id='word_1_285' title='bbox 1497 2422 1593 2474; x_wconf 84' lang='grc' dir='ltr'><strong>σὺν</strong></span> <span class='ocrx_word' id='word_1_286' title='bbox 1630 2420 1708 2492; x_wconf 86' lang='grc' dir='ltr'><strong>τῷ</strong></span> 
     </span>
    </p>
   </div>
   <div class='ocr_carea' id='block_1_42' title="bbox 122 2509 1709 2583">
    <p class='ocr_par' dir='ltr' id='par_1_42' title="bbox 122 2509 1709 2583">
     <span class='ocr_line' id='line_1_42' title="bbox 122 2509 1709 2583; baseline 0.001 -20"><span class='ocrx_word' id='word_1_287' title='bbox 122 2509 267 2581; x_wconf 82' lang='grc' dir='ltr'>θετῷ</span> <span class='ocrx_word' id='word_1_288' title='bbox 314 2512 411 2564; x_wconf 70' lang='grc' dir='ltr'>καὶ</span> <span class='ocrx_word' id='word_1_289' title='bbox 442 2510 531 2562; x_wconf 86' lang='grc' dir='ltr'><strong>τὸν</strong></span> <span class='ocrx_word' id='word_1_290' title='bbox 564 2510 792 2579; x_wconf 83' lang='grc' dir='ltr'>φυσικὸν</span> <span class='ocrx_word' id='word_1_291' title='bbox 833 2510 1027 2580; x_wconf 87' lang='grc' dir='ltr'>νόμον,</span> <span class='ocrx_word' id='word_1_292' title='bbox 1071 2510 1165 2564; x_wconf 75' lang='grc' dir='ltr'>καὶ</span> <span class='ocrx_word' id='word_1_293' title='bbox 1204 2511 1305 2581; x_wconf 86' lang='grc' dir='ltr'><strong>τῆς</strong></span> <span class='ocrx_word' id='word_1_294' title='bbox 1357 2512 1576 2583; x_wconf 83' lang='grc' dir='ltr'><strong>μνήμης</strong></span> <span class='ocrx_word' id='word_1_295' title='bbox 1616 2514 1709 2565; x_wconf 80' lang='grc' dir='ltr'><strong>ὲκ·-</strong></span> 
     </span>
    </p>
   </div>
   <div class='ocr_carea' id='block_1_43' title="bbox 121 2594 1708 2675">
    <p class='ocr_par' dir='ltr' id='par_1_43' title="bbox 121 2594 1708 2675">
     <span class='ocr_line' id='line_1_43' title="bbox 121 2594 1708 2675; baseline 0.003 -20"><span class='ocrx_word' id='word_1_296' title='bbox 121 2603 430 2657; x_wconf 85' lang='grc' dir='ltr'>ϐαλλόντων</span> <span class='ocrx_word' id='word_1_297' title='bbox 476 2603 567 2656; x_wconf 83' lang='grc' dir='ltr'>τὸν</span> <span class='ocrx_word' id='word_1_298' title='bbox 622 2594 1022 2674; x_wconf 79' lang='grc' dir='ltr'>κατακλυσμὸν,</span> <span class='ocrx_word' id='word_1_299' title='bbox 1060 2604 1162 2675; x_wconf 81' lang='grc' dir='ltr'><strong>τὴν</strong></span> <span class='ocrx_word' id='word_1_300' title='bbox 1216 2602 1559 2675; x_wconf 73' lang='grc' dir='ltr'>ἐκπύρωσιν,</span> <span class='ocrx_word' id='word_1_301' title='bbox 1608 2606 1708 2670; x_wconf 80' lang='grc' dir='ltr'>τὰς</span> 
     </span>
    </p>
   </div>
   <div class='ocr_carea' id='block_1_44' title="bbox 121 2694 1710 2767">
    <p class='ocr_par' dir='ltr' id='par_1_44' title="bbox 121 2694 1710 2767">
     <span class='ocr_line' id='line_1_44' title="bbox 121 2694 1710 2767; baseline 0.001 -17"><span class='ocrx_word' id='word_1_302' title='bbox 121 2698 248 2750; x_wconf 80' lang='grc' dir='ltr'>κατ’</span> <span class='ocrx_word' id='word_1_303' title='bbox 271 2694 584 2763; x_wconf 77' lang='grc' dir='ltr'><strong>Αἰγυπτίων</strong></span> <span class='ocrx_word' id='word_1_304' title='bbox 613 2694 846 2766; x_wconf 82' lang='grc' dir='ltr'>πληγὰς,</span> <span class='ocrx_word' id='word_1_305' title='bbox 875 2694 973 2759; x_wconf 83' lang='grc' dir='ltr'><strong>τάς</strong></span> <span class='ocrx_word' id='word_1_306' title='bbox 1002 2695 1143 2749; x_wconf 84' lang='grc' dir='ltr'><strong>κατά</strong></span> <span class='ocrx_word' id='word_1_307' title='bbox 1173 2695 1557 2767; x_wconf 83' lang='grc' dir='ltr'>Παλαιστηνῶν</span> <span class='ocrx_word' id='word_1_308' title='bbox 1581 2715 1710 2767; x_wconf 81' lang='grc' dir='ltr'>σφα-</span> 
     </span>
    </p>
   </div>
   <div class='ocr_carea' id='block_1_45' title="bbox 122 2786 1706 2857">
    <p class='ocr_par' dir='ltr' id='par_1_45' title="bbox 122 2786 1706 2857">
     <span class='ocr_line' id='line_1_45' title="bbox 122 2786 1706 2857; baseline 0.002 -17"><span class='ocrx_word' id='word_1_309' title='bbox 122 2788 260 2857; x_wconf 79' lang='grc' dir='ltr'>γὰς,</span> <span class='ocrx_word' id='word_1_310' title='bbox 296 2788 390 2841; x_wconf 71' lang='grc' dir='ltr'>καὶ</span> <span class='ocrx_word' id='word_1_311' title='bbox 428 2786 725 2857; x_wconf 84' lang='grc' dir='ltr'>μελλόντων</span> <span class='ocrx_word' id='word_1_312' title='bbox 771 2788 895 2840; x_wconf 82' lang='grc' dir='ltr'>ὅσον</span> <span class='ocrx_word' id='word_1_313' title='bbox 931 2787 1141 2842; x_wconf 75' lang='grc' dir='ltr'>οὐδέπω</span> <span class='ocrx_word' id='word_1_314' title='bbox 1191 2788 1525 2843; x_wconf 87' lang='grc' dir='ltr'>ἀπόλλυσθαι</span> <span class='ocrx_word' id='word_1_315' title='bbox 1570 2789 1706 2844; x_wconf 87' lang='grc' dir='ltr'>πάν-</span> 
     </span>
    </p>
   </div>
   <div class='ocr_carea' id='block_1_46' title="bbox 121 2878 1709 2953">
    <p class='ocr_par' dir='ltr' id='par_1_46' title="bbox 121 2878 1709 2953">
     <span class='ocr_line' id='line_1_46' title="bbox 121 2878 1709 2953; baseline 0.003 -21"><span class='ocrx_word' id='word_1_316' title='bbox 121 2898 256 2943; x_wconf 87' lang='grc' dir='ltr'>των,</span> <span class='ocrx_word' id='word_1_317' title='bbox 301 2880 589 2949; x_wconf 73' lang='grc' dir='ltr'>εὐδόκησεν</span> <span class='ocrx_word' id='word_1_318' title='bbox 635 2880 795 2943; x_wconf 76' lang='grc' dir='ltr'>αὐτὸς</span> <span class='ocrx_word' id='word_1_319' title='bbox 833 2878 1024 2952; x_wconf 84' lang='grc' dir='ltr'>γνώμῃ</span> <span class='ocrx_word' id='word_1_320' title='bbox 1067 2883 1133 2953; x_wconf 84' lang='grc' dir='ltr'>σῇ</span> <span class='ocrx_word' id='word_1_321' title='bbox 1169 2883 1198 2935; x_wconf 94' lang='lat'><strong>6</strong></span> <span class='ocrx_word' id='word_1_322' title='bbox 1233 2880 1566 2953; x_wconf 82' lang='grc' dir='ltr'>δημιουργὸς</span> <span class='ocrx_word' id='word_1_323' title='bbox 1614 2883 1709 2936; x_wconf 92' lang='grc' dir='ltr'><strong>ἀν-</strong></span> 
     </span>
    </p>
   </div>
   <div class='ocr_carea' id='block_1_47' title="bbox 122 2971 1706 3045">
    <p class='ocr_par' dir='ltr' id='par_1_47' title="bbox 122 2971 1706 3045">
     <span class='ocr_line' id='line_1_47' title="bbox 122 2971 1706 3045; baseline 0.003 -21"><span class='ocrx_word' id='word_1_324' title='bbox 122 2971 369 3043; x_wconf 83' lang='grc' dir='ltr'>θρώπου,</span> <span class='ocrx_word' id='word_1_325' title='bbox 414 2971 696 3044; x_wconf 76' lang='grc' dir='ltr'>ἄνθρωπος</span> <span class='ocrx_word' id='word_1_326' title='bbox 743 2972 1023 3040; x_wconf 86' lang='grc' dir='ltr'>γενέσθαι,</span> <span class='ocrx_word' id='word_1_327' title='bbox 1059 2975 1088 3026; x_wconf 91' lang='lat'><strong>6</strong></span> <span class='ocrx_word' id='word_1_328' title='bbox 1127 2973 1425 3045; x_wconf 85' lang='grc' dir='ltr'>νομοθέτης</span> <span class='ocrx_word' id='word_1_329' title='bbox 1468 2974 1573 3029; x_wconf 80' lang='grc' dir='ltr'><strong>ὑπὸ</strong></span> <span class='ocrx_word' id='word_1_330' title='bbox 1619 2976 1706 3029; x_wconf 70' lang='grc' dir='ltr'><strong>νι-</strong></span> 
     </span>
    </p>
   </div>
   <div class='ocr_carea' id='block_1_48' title="bbox 125 3064 1709 3137">
    <p class='ocr_par' dir='ltr' id='par_1_48' title="bbox 125 3064 1709 3137">
     <span class='ocr_line' id='line_1_48' title="bbox 125 3064 1709 3137; baseline 0.004 -22"><span class='ocrx_word' id='word_1_331' title='bbox 125 3080 285 3134; x_wconf 85' lang='grc' dir='ltr'>μους,</span> <span class='ocrx_word' id='word_1_332' title='bbox 327 3065 356 3117; x_wconf 92' lang='lat'><strong>6</strong></span> <span class='ocrx_word' id='word_1_333' title='bbox 386 3064 673 3135; x_wconf 80' lang='grc' dir='ltr'>ἀρχιερεὺς</span> <span class='ocrx_word' id='word_1_334' title='bbox 721 3064 934 3135; x_wconf 89' lang='grc' dir='ltr'>ίερεῖον,</span> <span class='ocrx_word' id='word_1_335' title='bbox 968 3066 997 3117; x_wconf 90' lang='lat'><strong>6</strong></span> <span class='ocrx_word' id='word_1_336' title='bbox 1035 3066 1238 3136; x_wconf 81' lang='grc' dir='ltr'>ποιμὴν</span> <span class='ocrx_word' id='word_1_337' title='bbox 1282 3066 1571 3137; x_wconf 86' lang='grc' dir='ltr'>πρόϐατον,</span> <span class='ocrx_word' id='word_1_338' title='bbox 1613 3069 1709 3123; x_wconf 76' lang='grc' dir='ltr'>καὶ</span> 
     </span>
    </p>
   </div>
   <div class='ocr_carea' id='block_1_49' title="bbox 1812 1955 3388 2026">
    <p class='ocr_par' dir='ltr' id='par_1_49' title="bbox 1812 1955 3388 2026">
     <span class='ocr_line' id='line_1_49' title="bbox 1812 1955 3388 2026; baseline -0.005 -9"><span class='ocrx_word' id='word_1_339' title='bbox 1812 1960 2216 2023; x_wconf 89' lang='lat' dir='ltr'><strong>sanctissimus,</strong></span> <span class='ocrx_word' id='word_1_340' title='bbox 2256 1956 2558 2013; x_wconf 89' lang='lat' dir='ltr'><strong>altissimus</strong></span> <span class='ocrx_word' id='word_1_341' title='bbox 2602 1964 2655 2012; x_wconf 89' lang='lat' dir='ltr'><strong>et</strong></span> <span class='ocrx_word' id='word_1_342' title='bbox 2689 1955 3128 2026; x_wconf 88' lang='lat' dir='ltr'><strong>superexaltatus</strong></span> <span class='ocrx_word' id='word_1_343' title='bbox 3178 1955 3236 2010; x_wconf 91' lang='lat' dir='ltr'><strong>in</strong></span> <span class='ocrx_word' id='word_1_344' title='bbox 3284 1970 3388 2009; x_wconf 67' lang='lat' dir='ltr'><strong>sae-</strong></span> 
     </span>
    </p>
   </div>
   <div class='ocr_carea' id='block_1_50' title="bbox 1810 2046 3388 2121">
    <p class='ocr_par' dir='ltr' id='par_1_50' title="bbox 1810 2046 3388 2121">
     <span class='ocr_line' id='line_1_50' title="bbox 1810 2046 3388 2121; baseline -0.004 -13"><span class='ocrx_word' id='word_1_345' title='bbox 1810 2053 1954 2109; x_wconf 89' lang='lat' dir='ltr'><strong>cula.</strong></span> <span class='ocrx_word' id='word_1_346' title='bbox 1988 2051 2227 2107; x_wconf 90' lang='lat' dir='ltr'><strong>Sanctus</strong></span> <span class='ocrx_word' id='word_1_347' title='bbox 2271 2065 2491 2121; x_wconf 86' lang='lat' dir='ltr'><strong>quoque</strong></span> <span class='ocrx_word' id='word_1_348' title='bbox 2542 2049 2858 2119; x_wconf 91' lang='lat' dir='ltr'><strong>unigenitus</strong></span> <span class='ocrx_word' id='word_1_349' title='bbox 2887 2056 3016 2103; x_wconf 91' lang='lat' dir='ltr'><strong>tuus</strong></span> <span class='ocrx_word' id='word_1_350' title='bbox 3047 2047 3243 2112; x_wconf 89' lang='lat' dir='ltr'><strong>Filius,</strong></span> <span class='ocrx_word' id='word_1_351' title='bbox 3278 2046 3388 2102; x_wconf 87' lang='lat' dir='ltr'><strong>Do-</strong></span> 
     </span>
    </p>
   </div>
   <div class='ocr_carea' id='block_1_51' title="bbox 1810 2140 3387 2211">
    <p class='ocr_par' dir='ltr' id='par_1_51' title="bbox 1810 2140 3387 2211">
     <span class='ocr_line' id='line_1_51' title="bbox 1810 2140 3387 2211; baseline -0.001 -13"><span class='ocrx_word' id='word_1_352' title='bbox 1810 2145 1993 2201; x_wconf 86' lang='lat' dir='ltr'><strong>minus</strong></span> <span class='ocrx_word' id='word_1_353' title='bbox 2026 2153 2211 2201; x_wconf 88' lang='lat' dir='ltr'><strong>noster</strong></span> <span class='ocrx_word' id='word_1_354' title='bbox 2238 2152 2291 2198; x_wconf 92' lang='lat' dir='ltr'><strong>et</strong></span> <span class='ocrx_word' id='word_1_355' title='bbox 2321 2141 2485 2205; x_wconf 90' lang='lat' dir='ltr'><strong>Deus,</strong></span> <span class='ocrx_word' id='word_1_356' title='bbox 2516 2140 2677 2196; x_wconf 89' lang='lat' dir='ltr'><strong>Jesus</strong></span> <span class='ocrx_word' id='word_1_357' title='bbox 2716 2140 3011 2206; x_wconf 87' lang='lat' dir='ltr'><strong>Christus;</strong></span> <span class='ocrx_word' id='word_1_358' title='bbox 3043 2140 3137 2211; x_wconf 91' lang='lat' dir='ltr'><strong>qui</strong></span> <span class='ocrx_word' id='word_1_359' title='bbox 3170 2140 3239 2195; x_wconf 89' lang='lat' dir='ltr'><strong>ad</strong></span> <span class='ocrx_word' id='word_1_360' title='bbox 3267 2154 3387 2197; x_wconf 52' lang='lat' dir='ltr'><strong>om?</strong></span> 
     </span>
    </p>
   </div>
   <div class='ocr_carea' id='block_1_52' title="bbox 1809 2231 3384 2298">
    <p class='ocr_par' dir='ltr' id='par_1_52' title="bbox 1809 2231 3384 2298">
     <span class='ocr_line' id='line_1_52' title="bbox 1809 2231 3384 2298; baseline -0.003 -7"><span class='ocrx_word' id='word_1_361' title='bbox 1809 2236 1903 2291; x_wconf 89' lang='lat' dir='ltr'><strong>nia</strong></span> <span class='ocrx_word' id='word_1_362' title='bbox 1942 2236 2039 2290; x_wconf 89' lang='lat' dir='ltr'><strong>tibi</strong></span> <span class='ocrx_word' id='word_1_363' title='bbox 2068 2235 2178 2291; x_wconf 90' lang='lat' dir='ltr'><strong>Deo</strong></span> <span class='ocrx_word' id='word_1_364' title='bbox 2211 2250 2312 2290; x_wconf 90' lang='lat' dir='ltr'><strong>suo</strong></span> <span class='ocrx_word' id='word_1_365' title='bbox 2342 2242 2397 2290; x_wconf 92' lang='lat' dir='ltr'><strong>et</strong></span> <span class='ocrx_word' id='word_1_366' title='bbox 2432 2232 2619 2298; x_wconf 85' lang='lat' dir='ltr'><strong>Patri,</strong></span> <span class='ocrx_word' id='word_1_367' title='bbox 2658 2240 2774 2287; x_wconf 87' lang='lat' dir='ltr'><strong>tum</strong></span> <span class='ocrx_word' id='word_1_368' title='bbox 2819 2232 2877 2287; x_wconf 93' lang='lat' dir='ltr'><strong>in</strong></span> <span class='ocrx_word' id='word_1_369' title='bbox 2904 2232 3057 2287; x_wconf 90' lang='lat' dir='ltr'><strong>varia</strong></span> <span class='ocrx_word' id='word_1_370' title='bbox 3086 2231 3384 2297; x_wconf 87' lang='lat' dir='ltr'><strong>creatione,</strong></span> 
     </span>
    </p>
   </div>
   <div class='ocr_carea' id='block_1_53' title="bbox 1809 2323 3386 2397">
    <p class='ocr_par' dir='ltr' id='par_1_53' title="bbox 1809 2323 3386 2397">
     <span class='ocr_line' id='line_1_53' title="bbox 1809 2323 3386 2397; baseline -0.003 -16"><span class='ocrx_word' id='word_1_371' title='bbox 1809 2336 1925 2383; x_wconf 90' lang='lat' dir='ltr'><strong>tum</strong></span> <span class='ocrx_word' id='word_1_372' title='bbox 1973 2328 2032 2381; x_wconf 85' lang='lat' dir='ltr'><strong>in</strong></span> <span class='ocrx_word' id='word_1_373' title='bbox 2079 2326 2423 2397; x_wconf 86' lang='lat' dir='ltr'><strong>providentia</strong></span> <span class='ocrx_word' id='word_1_374' title='bbox 2473 2323 2858 2389; x_wconf 88' lang='lat' dir='ltr'><strong>convenienti,</strong></span> <span class='ocrx_word' id='word_1_375' title='bbox 2898 2324 3241 2387; x_wconf 87' lang='lat' dir='ltr'><strong>ministrans,</strong></span> <span class='ocrx_word' id='word_1_376' title='bbox 3275 2338 3386 2378; x_wconf 92' lang='lat' dir='ltr'><strong>non</strong></span> 
     </span>
    </p>
   </div>
   <div class='ocr_carea' id='block_1_54' title="bbox 1808 2415 3389 2491">
    <p class='ocr_par' dir='ltr' id='par_1_54' title="bbox 1808 2415 3389 2491">
     <span class='ocr_line' id='line_1_54' title="bbox 1808 2415 3389 2491; baseline -0.004 -14"><span class='ocrx_word' id='word_1_377' title='bbox 1808 2420 2057 2491; x_wconf 77' lang='lat' dir='ltr'><strong>despexit</strong></span> <span class='ocrx_word' id='word_1_378' title='bbox 2090 2434 2263 2491; x_wconf 89' lang='lat' dir='ltr'><strong>genus</strong></span> <span class='ocrx_word' id='word_1_379' title='bbox 2306 2419 2605 2473; x_wconf 89' lang='lat' dir='ltr'><strong>humanum</strong></span> <span class='ocrx_word' id='word_1_380' title='bbox 2645 2418 2790 2489; x_wconf 89' lang='lat' dir='ltr'><strong>quod</strong></span> <span class='ocrx_word' id='word_1_381' title='bbox 2839 2416 3090 2487; x_wconf 86' lang='lat' dir='ltr'><strong>peribat:</strong></span> <span class='ocrx_word' id='word_1_382' title='bbox 3126 2415 3223 2472; x_wconf 89' lang='lat' dir='ltr'><strong>sed</strong></span> <span class='ocrx_word' id='word_1_383' title='bbox 3265 2424 3389 2487; x_wconf 88' lang='lat' dir='ltr'><strong>post</strong></span> 
     </span>
    </p>
   </div>
   <div class='ocr_carea' id='block_1_55' title="bbox 1809 2511 3385 2584">
    <p class='ocr_par' dir='ltr' id='par_1_55' title="bbox 1809 2511 3385 2584">
     <span class='ocr_line' id='line_1_55' title="bbox 1809 2511 3385 2584; baseline -0.004 -15"><span class='ocrx_word' id='word_1_384' title='bbox 1809 2515 2116 2569; x_wconf 86' lang='lat' dir='ltr'><strong>naturalem</strong></span> <span class='ocrx_word' id='word_1_385' title='bbox 2146 2514 2341 2584; x_wconf 87' lang='lat' dir='ltr'><strong>legem,</strong></span> <span class='ocrx_word' id='word_1_386' title='bbox 2369 2521 2492 2583; x_wconf 93' lang='lat' dir='ltr'><strong>post</strong></span> <span class='ocrx_word' id='word_1_387' title='bbox 2516 2512 2742 2583; x_wconf 86' lang='lat' dir='ltr'><strong>legalem</strong></span> <span class='ocrx_word' id='word_1_388' title='bbox 2775 2511 3227 2577; x_wconf 87' lang='lat' dir='ltr'><strong>admonitionem,</strong></span> <span class='ocrx_word' id='word_1_389' title='bbox 3256 2517 3385 2579; x_wconf 87' lang='lat' dir='ltr'><strong>post</strong></span> 
     </span>
    </p>
   </div>
   <div class='ocr_carea' id='block_1_56' title="bbox 1808 2602 3389 2678">
    <p class='ocr_par' dir='ltr' id='par_1_56' title="bbox 1808 2602 3389 2678">
     <span class='ocr_line' id='line_1_56' title="bbox 1808 2602 3389 2678; baseline -0.004 -18"><span class='ocrx_word' id='word_1_390' title='bbox 1808 2606 2154 2678; x_wconf 87' lang='lat' dir='ltr'><strong>propheticas</strong></span> <span class='ocrx_word' id='word_1_391' title='bbox 2208 2604 2693 2675; x_wconf 87' lang='lat' dir='ltr'><strong>reprehensiones,</strong></span> <span class='ocrx_word' id='word_1_392' title='bbox 2731 2611 2787 2659; x_wconf 91' lang='lat' dir='ltr'><strong>et</strong></span> <span class='ocrx_word' id='word_1_393' title='bbox 2831 2604 3147 2674; x_wconf 90' lang='lat' dir='ltr'><strong>angelorum</strong></span> <span class='ocrx_word' id='word_1_394' title='bbox 3194 2602 3389 2672; x_wconf 68' lang='lat' dir='ltr'><strong>praefe-</strong></span> 
     </span>
    </p>
   </div>
   <div class='ocr_carea' id='block_1_57' title="bbox 1809 2694 3390 2769">
    <p class='ocr_par' dir='ltr' id='par_1_57' title="bbox 1809 2694 3390 2769">
     <span class='ocr_line' id='line_1_57' title="bbox 1809 2694 3390 2769; baseline -0.004 -13"><span class='ocrx_word' id='word_1_395' title='bbox 1809 2712 2030 2767; x_wconf 88' lang='lat' dir='ltr'><strong>cturas;</strong></span> <span class='ocrx_word' id='word_1_396' title='bbox 2061 2714 2189 2754; x_wconf 91' lang='lat' dir='ltr'><strong>cum</strong></span> <span class='ocrx_word' id='word_1_397' title='bbox 2220 2698 2390 2769; x_wconf 82' lang='lat' dir='ltr'><strong>legem</strong></span> <span class='ocrx_word' id='word_1_398' title='bbox 2418 2698 2723 2754; x_wconf 88' lang='lat' dir='ltr'><strong>naturalem</strong></span> <span class='ocrx_word' id='word_1_399' title='bbox 2759 2712 2865 2752; x_wconf 90' lang='lat' dir='ltr'><strong>una</strong></span> <span class='ocrx_word' id='word_1_400' title='bbox 2892 2712 3018 2751; x_wconf 89' lang='lat' dir='ltr'><strong>cum</strong></span> <span class='ocrx_word' id='word_1_401' title='bbox 3047 2694 3163 2765; x_wconf 87' lang='lat' dir='ltr'><strong>lege</strong></span> <span class='ocrx_word' id='word_1_402' title='bbox 3184 2695 3390 2765; x_wconf 82' lang='lat' dir='ltr'><strong>scripta</strong></span> 
     </span>
    </p>
   </div>
   <div class='ocr_carea' id='block_1_58' title="bbox 1809 2788 3384 2874">
    <p class='ocr_par' dir='ltr' id='par_1_58' title="bbox 1809 2788 3384 2874">
     <span class='ocr_line' id='line_1_58' title="bbox 1809 2788 3384 2874; baseline -0.006 -25"><span class='ocrx_word' id='word_1_403' title='bbox 1809 2807 1905 2848; x_wconf 88' lang='lat' dir='ltr'><strong>seu</strong></span> <span class='ocrx_word' id='word_1_404' title='bbox 1956 2794 2133 2864; x_wconf 89' lang='lat' dir='ltr'><strong>posita</strong></span> <span class='ocrx_word' id='word_1_405' title='bbox 2179 2792 2485 2855; x_wconf 90' lang='lat' dir='ltr'><strong>violarent,</strong></span> <span class='ocrx_word' id='word_1_406' title='bbox 2531 2798 2695 2860; x_wconf 89' lang='lat' dir='ltr'><strong>atque</strong></span> <span class='ocrx_word' id='word_1_407' title='bbox 2723 2805 2755 2845; x_wconf 91' lang='lat' dir='ltr'><strong>e</strong></span> <span class='ocrx_word' id='word_1_408' title='bbox 2784 2789 3046 2845; x_wconf 82' lang='lat' dir='ltr'><strong>memoria</strong></span> <span class='ocrx_word' id='word_1_409' title='bbox 3082 2788 3384 2874; x_wconf 76' lang='lat' dir='ltr'><strong>abjicerent</strong></span> 
     </span>
    </p>
   </div>
   <div class='ocr_carea' id='block_1_59' title="bbox 1809 2879 3389 2956">
    <p class='ocr_par' dir='ltr' id='par_1_59' title="bbox 1809 2879 3389 2956">
     <span class='ocr_line' id='line_1_59' title="bbox 1809 2879 3389 2956; baseline -0.006 -14"><span class='ocrx_word' id='word_1_410' title='bbox 1809 2886 2110 2951; x_wconf 90' lang='lat' dir='ltr'><strong>diluvium,</strong></span> <span class='ocrx_word' id='word_1_411' title='bbox 2156 2884 2636 2956; x_wconf 80' lang='lat' dir='ltr'><strong>conflagrationem</strong></span> <span class='ocrx_word' id='word_1_412' title='bbox 2708 2880 3135 2945; x_wconf 88' lang='lat' dir='ltr'><strong>Sodomiticam,</strong></span> <span class='ocrx_word' id='word_1_413' title='bbox 3196 2879 3389 2949; x_wconf 84' lang='lat' dir='ltr'><strong>plagas</strong></span> 
     </span>
    </p>
   </div>
   <div class='ocr_carea' id='block_1_60' title="bbox 1809 2970 3383 3050">
    <p class='ocr_par' dir='ltr' id='par_1_60' title="bbox 1809 2970 3383 3050">
     <span class='ocr_line' id='line_1_60' title="bbox 1809 2970 3383 3050; baseline -0.006 -17"><span class='ocrx_word' id='word_1_414' title='bbox 1809 2978 2098 3050; x_wconf 67' lang='lat' dir='ltr'><strong>Egyptiis,</strong></span> <span class='ocrx_word' id='word_1_415' title='bbox 2141 2986 2197 3034; x_wconf 92' lang='lat' dir='ltr'><strong>et</strong></span> <span class='ocrx_word' id='word_1_416' title='bbox 2224 2977 2401 3033; x_wconf 63' lang='lat' dir='ltr'><strong>caedes</strong></span> <span class='ocrx_word' id='word_1_417' title='bbox 2433 2975 2738 3031; x_wconf 67' lang='lat' dir='ltr'><strong>Palaestinis</strong></span> <span class='ocrx_word' id='word_1_418' title='bbox 2770 2975 2971 3037; x_wconf 89' lang='lat' dir='ltr'><strong>illatas,</strong></span> <span class='ocrx_word' id='word_1_419' title='bbox 3026 2986 3263 3041; x_wconf 87' lang='lat' dir='ltr'><strong>cumque</strong></span> <span class='ocrx_word' id='word_1_420' title='bbox 3312 2970 3383 3023; x_wconf 85' lang='lat' dir='ltr'><strong>il-</strong></span> 
     </span>
    </p>
   </div>
   <div class='ocr_carea' id='block_1_61' title="bbox 1810 3063 3392 3142">
    <p class='ocr_par' dir='ltr' id='par_1_61' title="bbox 1810 3063 3392 3142">
     <span class='ocr_line' id='line_1_61' title="bbox 1810 3063 3392 3142; baseline -0.004 -17"><span class='ocrx_word' id='word_1_421' title='bbox 1810 3072 1916 3127; x_wconf 94' lang='lat' dir='ltr'><strong>lico</strong></span> <span class='ocrx_word' id='word_1_422' title='bbox 1965 3070 2193 3142; x_wconf 90' lang='lat' dir='ltr'><strong>perituri</strong></span> <span class='ocrx_word' id='word_1_423' title='bbox 2227 3078 2409 3127; x_wconf 89' lang='lat' dir='ltr'><strong>essent</strong></span> <span class='ocrx_word' id='word_1_424' title='bbox 2456 3084 2676 3136; x_wconf 89' lang='lat' dir='ltr'><strong>omnes;</strong></span> <span class='ocrx_word' id='word_1_425' title='bbox 2722 3083 2789 3124; x_wconf 93' lang='lat' dir='ltr'><strong>ex</strong></span> <span class='ocrx_word' id='word_1_426' title='bbox 2835 3066 3103 3123; x_wconf 86' lang='lat' dir='ltr'><strong>sententia</strong></span> <span class='ocrx_word' id='word_1_427' title='bbox 3134 3073 3227 3117; x_wconf 89' lang='lat' dir='ltr'><strong>tua</strong></span> <span class='ocrx_word' id='word_1_428' title='bbox 3274 3063 3392 3133; x_wconf 86' lang='lat' dir='ltr'><strong>ipse</strong></span> 
     </span>
    </p>
   </div>
   <div class='ocr_carea' id='block_1_62' title="bbox 122 3155 1732 3238">
    <p class='ocr_par' dir='ltr' id='par_1_62' title="bbox 122 3155 1704 3232">
     <span class='ocr_line' id='line_1_62' title="bbox 122 3155 1704 3232; baseline 0.004 -25"><span class='ocrx_word' id='word_1_429' title='bbox 122 3155 510 3226; x_wconf 76' lang='grc' dir='ltr'>ὲξευμενίσατό</span> <span class='ocrx_word' id='word_1_430' title='bbox 530 3172 589 3208; x_wconf 86' lang='grc' dir='ltr'>σε</span> <span class='ocrx_word' id='word_1_431' title='bbox 618 3155 707 3209; x_wconf 81' lang='grc' dir='ltr'><strong>τὸν</strong></span> <span class='ocrx_word' id='word_1_432' title='bbox 736 3155 929 3209; x_wconf 79' lang='grc' dir='ltr'>ἑαυτοῦ</span> <span class='ocrx_word' id='word_1_433' title='bbox 957 3155 1088 3209; x_wconf 78' lang='grc' dir='ltr'>θεὸν</span> <span class='ocrx_word' id='word_1_434' title='bbox 1114 3158 1208 3210; x_wconf 76' lang='grc' dir='ltr'>καὶ</span> <span class='ocrx_word' id='word_1_435' title='bbox 1232 3158 1474 3230; x_wconf 83' lang='grc' dir='ltr'>Πατέρα,</span> <span class='ocrx_word' id='word_1_436' title='bbox 1505 3160 1600 3213; x_wconf 75' lang='grc' dir='ltr'>καὶ</span> <span class='ocrx_word' id='word_1_437' title='bbox 1626 3160 1704 3232; x_wconf 82' lang='grc' dir='ltr'><strong>τῷ</strong></span> 
     </span>
    </p>
   </div>
   <div class='ocr_carea' id='block_1_63' title="bbox 1812 3155 3391 3238">
    <p class='ocr_par' dir='ltr' id='par_1_63' title="bbox 1812 3158 3391 3234">
     <span class='ocr_line' id='line_1_63' title="bbox 1812 3158 3391 3234; baseline -0.005 -15"><span class='ocrx_word' id='word_1_438' title='bbox 1812 3164 1991 3234; x_wconf 83' lang='lat' dir='ltr'><strong>elegit,</strong></span> <span class='ocrx_word' id='word_1_439' title='bbox 2021 3172 2238 3218; x_wconf 85' lang='lat' dir='ltr'><strong>creator</strong></span> <span class='ocrx_word' id='word_1_440' title='bbox 2270 3162 2533 3227; x_wconf 90' lang='lat' dir='ltr'><strong>hominis,</strong></span> <span class='ocrx_word' id='word_1_441' title='bbox 2568 3162 2732 3216; x_wconf 91' lang='lat' dir='ltr'><strong>homo</strong></span> <span class='ocrx_word' id='word_1_442' title='bbox 2760 3161 2908 3227; x_wconf 82' lang='lat' dir='ltr'><strong>fieri;</strong></span> <span class='ocrx_word' id='word_1_443' title='bbox 2954 3159 3255 3231; x_wconf 85' lang='lat' dir='ltr'><strong>legislator,</strong></span> <span class='ocrx_word' id='word_1_444' title='bbox 3287 3158 3391 3212; x_wconf 89' lang='lat' dir='ltr'><strong>sub</strong></span> 
     </span>
    </p>
   </div>
   <div class='ocr_carea' id='block_1_64' title="bbox 124 3247 1732 3327">
    <p class='ocr_par' dir='ltr' id='par_1_64' title="bbox 124 3247 1709 3323">
     <span class='ocr_line' id='line_1_64' title="bbox 124 3247 1709 3323; baseline 0.003 -23"><span class='ocrx_word' id='word_1_445' title='bbox 124 3249 322 3319; x_wconf 81' lang='grc' dir='ltr'>κόσμῳ</span> <span class='ocrx_word' id='word_1_446' title='bbox 362 3247 680 3320; x_wconf 77' lang='grc' dir='ltr'>κατήλλαξε,</span> <span class='ocrx_word' id='word_1_447' title='bbox 728 3248 823 3303; x_wconf 76' lang='grc' dir='ltr'>καὶ</span> <span class='ocrx_word' id='word_1_448' title='bbox 856 3249 955 3321; x_wconf 88' lang='grc' dir='ltr'><strong>τῆς</strong></span> <span class='ocrx_word' id='word_1_449' title='bbox 994 3250 1344 3323; x_wconf 72' lang='grc' dir='ltr'>ἐπικειμένης</span> <span class='ocrx_word' id='word_1_450' title='bbox 1381 3252 1549 3323; x_wconf 85' lang='grc' dir='ltr'>ὀργῆς</span> <span class='ocrx_word' id='word_1_451' title='bbox 1582 3253 1709 3315; x_wconf 78' lang='grc' dir='ltr'>τοὺς</span> 
     </span>
    </p>
   </div>
   <div class='ocr_carea' id='block_1_65' title="bbox 1812 3247 3390 3327">
    <p class='ocr_par' dir='ltr' id='par_1_65' title="bbox 1812 3254 3390 3327">
     <span class='ocr_line' id='line_1_65' title="bbox 1812 3254 3390 3327; baseline -0.005 -17"><span class='ocrx_word' id='word_1_452' title='bbox 1812 3255 2059 3327; x_wconf 89' lang='lat' dir='ltr'><strong>legibus;</strong></span> <span class='ocrx_word' id='word_1_453' title='bbox 2089 3254 2357 3325; x_wconf 77' lang='lat' dir='ltr'><strong>pontifex,</strong></span> <span class='ocrx_word' id='word_1_454' title='bbox 2387 3255 2601 3320; x_wconf 89' lang='lat' dir='ltr'><strong>hostia;</strong></span> <span class='ocrx_word' id='word_1_455' title='bbox 2634 3262 2841 3324; x_wconf 88' lang='lat' dir='ltr'><strong>pastor,</strong></span> <span class='ocrx_word' id='word_1_456' title='bbox 2872 3254 3029 3318; x_wconf 91' lang='lat' dir='ltr'><strong>ovis;</strong></span> <span class='ocrx_word' id='word_1_457' title='bbox 3062 3261 3115 3307; x_wconf 90' lang='lat' dir='ltr'><strong>et</strong></span> <span class='ocrx_word' id='word_1_458' title='bbox 3144 3259 3198 3307; x_wconf 89' lang='lat' dir='ltr'><strong>te</strong></span> <span class='ocrx_word' id='word_1_459' title='bbox 3229 3266 3390 3306; x_wconf 91' lang='lat' dir='ltr'><strong>suum</strong></span> 
     </span>
    </p>
   </div>
   <div class='ocr_carea' id='block_1_66' title="bbox 124 3340 1732 3419">
    <p class='ocr_par' dir='ltr' id='par_1_66' title="bbox 124 3340 1714 3417">
     <span class='ocr_line' id='line_1_66' title="bbox 124 3340 1714 3417; baseline 0.003 -22"><span class='ocrx_word' id='word_1_460' title='bbox 124 3342 341 3404; x_wconf 70' lang='grc' dir='ltr'>πάντας</span> <span class='ocrx_word' id='word_1_461' title='bbox 377 3340 735 3414; x_wconf 71' lang='grc' dir='ltr'>ἠλευθέρωσε,</span> <span class='ocrx_word' id='word_1_462' title='bbox 783 3340 1072 3414; x_wconf 83' lang='grc' dir='ltr'>γενόμενος</span> <span class='ocrx_word' id='word_1_463' title='bbox 1116 3344 1181 3396; x_wconf 80' lang='grc' dir='ltr'>ὲκ</span> <span class='ocrx_word' id='word_1_464' title='bbox 1214 3344 1514 3417; x_wconf 82' lang='grc' dir='ltr'>παρθένου,</span> <span class='ocrx_word' id='word_1_465' title='bbox 1559 3343 1714 3414; x_wconf 83' lang='grc' dir='ltr'>γενό-</span> 
     </span>
    </p>
   </div>
   <div class='ocr_carea' id='block_1_67' title="bbox 1812 3340 3393 3419">
    <p class='ocr_par' dir='ltr' id='par_1_67' title="bbox 1812 3344 3393 3419">
     <span class='ocr_line' id='line_1_67' title="bbox 1812 3344 3393 3419; baseline -0.005 -16"><span class='ocrx_word' id='word_1_466' title='bbox 1812 3346 1982 3403; x_wconf 90' lang='lat' dir='ltr'><strong>Deum</strong></span> <span class='ocrx_word' id='word_1_467' title='bbox 2032 3362 2097 3402; x_wconf 92' lang='lat' dir='ltr'><strong>ac</strong></span> <span class='ocrx_word' id='word_1_468' title='bbox 2144 3346 2361 3402; x_wconf 87' lang='lat' dir='ltr'><strong>Patrem</strong></span> <span class='ocrx_word' id='word_1_469' title='bbox 2418 3346 2656 3419; x_wconf 88' lang='lat' dir='ltr'><strong>placavit</strong></span> <span class='ocrx_word' id='word_1_470' title='bbox 2709 3354 2874 3416; x_wconf 88' lang='lat' dir='ltr'><strong>atque</strong></span> <span class='ocrx_word' id='word_1_471' title='bbox 2906 3345 3111 3399; x_wconf 90' lang='lat' dir='ltr'><strong>mundo</strong></span> <span class='ocrx_word' id='word_1_472' title='bbox 3144 3344 3393 3398; x_wconf 88' lang='lat' dir='ltr'><strong>reconci-</strong></span> 
     </span>
    </p>
   </div>
   <div class='ocr_carea' id='block_1_68' title="bbox 126 3434 1732 3511">
    <p class='ocr_par' dir='ltr' id='par_1_68' title="bbox 126 3435 1713 3507">
     <span class='ocr_line' id='line_1_68' title="bbox 126 3435 1713 3507; baseline 0.004 -22"><span class='ocrx_word' id='word_1_473' title='bbox 126 3450 295 3506; x_wconf 81' lang='grc' dir='ltr'>μενος</span> <span class='ocrx_word' id='word_1_474' title='bbox 331 3435 391 3486; x_wconf 72' lang='grc' dir='ltr'><strong>ὲν</strong></span> <span class='ocrx_word' id='word_1_475' title='bbox 435 3435 616 3505; x_wconf 79' lang='grc' dir='ltr'>σαρκὶ,</span> <span class='ocrx_word' id='word_1_476' title='bbox 649 3437 678 3488; x_wconf 89' lang='lat'><strong>6</strong></span> <span class='ocrx_word' id='word_1_477' title='bbox 710 3435 842 3499; x_wconf 80' lang='grc' dir='ltr'>Θεὸς</span> <span class='ocrx_word' id='word_1_478' title='bbox 873 3436 1061 3505; x_wconf 80' lang='grc' dir='ltr'>Λόγος,</span> <span class='ocrx_word' id='word_1_479' title='bbox 1106 3438 1135 3490; x_wconf 94' lang='lat'><strong>6</strong></span> <span class='ocrx_word' id='word_1_480' title='bbox 1166 3436 1447 3507; x_wconf 79' lang='grc' dir='ltr'>ἀγαπητὸς</span> <span class='ocrx_word' id='word_1_481' title='bbox 1487 3436 1636 3505; x_wconf 78' lang='grc' dir='ltr'>Υίὸς,</span> <span class='ocrx_word' id='word_1_482' title='bbox 1683 3439 1713 3492; x_wconf 92' lang='lat'><strong>6</strong></span> 
     </span>
    </p>
   </div>
   <div class='ocr_carea' id='block_1_69' title="bbox 1812 3434 3392 3511">
    <p class='ocr_par' dir='ltr' id='par_1_69' title="bbox 1812 3434 3392 3511">
     <span class='ocr_line' id='line_1_69' title="bbox 1812 3434 3392 3511; baseline -0.005 -16"><span class='ocrx_word' id='word_1_483' title='bbox 1812 3440 1985 3507; x_wconf 81' lang='lat' dir='ltr'><strong>liavit,</strong></span> <span class='ocrx_word' id='word_1_484' title='bbox 2016 3450 2355 3511; x_wconf 87' lang='lat' dir='ltr'><strong>cunctosque</strong></span> <span class='ocrx_word' id='word_1_485' title='bbox 2389 3442 2457 3495; x_wconf 90' lang='lat' dir='ltr'><strong>ab</strong></span> <span class='ocrx_word' id='word_1_486' title='bbox 2496 3440 2816 3496; x_wconf 89' lang='lat' dir='ltr'><strong>imminente</strong></span> <span class='ocrx_word' id='word_1_487' title='bbox 2856 3440 2937 3493; x_wconf 92' lang='lat' dir='ltr'><strong>ira</strong></span> <span class='ocrx_word' id='word_1_488' title='bbox 2987 3436 3263 3499; x_wconf 88' lang='lat' dir='ltr'><strong>liberavit,</strong></span> <span class='ocrx_word' id='word_1_489' title='bbox 3311 3434 3392 3487; x_wconf 80' lang='lat' dir='ltr'><strong>fa-</strong></span> 
     </span>
    </p>
   </div>
   <div class='ocr_carea' id='block_1_70' title="bbox 125 3526 1732 3604">
    <p class='ocr_par' dir='ltr' id='par_1_70' title="bbox 125 3526 1710 3601">
     <span class='ocr_line' id='line_1_70' title="bbox 125 3526 1710 3601; baseline 0.003 -22"><span class='ocrx_word' id='word_1_490' title='bbox 125 3526 477 3597; x_wconf 81' lang='grc' dir='ltr'>πρωτότοκος</span> <span class='ocrx_word' id='word_1_491' title='bbox 522 3526 702 3597; x_wconf 85' lang='grc' dir='ltr'>πάσης</span> <span class='ocrx_word' id='word_1_492' title='bbox 750 3526 999 3591; x_wconf 87' lang='grc' dir='ltr'>κτίσεως,</span> <span class='ocrx_word' id='word_1_493' title='bbox 1046 3527 1185 3580; x_wconf 84' lang='grc' dir='ltr'><strong>κατά</strong></span> <span class='ocrx_word' id='word_1_494' title='bbox 1222 3527 1322 3592; x_wconf 81' lang='grc' dir='ltr'>τὰς</span> <span class='ocrx_word' id='word_1_495' title='bbox 1368 3529 1497 3601; x_wconf 79' lang='grc' dir='ltr'>περὶ</span> <span class='ocrx_word' id='word_1_496' title='bbox 1546 3529 1710 3583; x_wconf 76' lang='grc' dir='ltr'>αὑτοῦ</span> 
     </span>
    </p>
   </div>
   <div class='ocr_carea' id='block_1_71' title="bbox 1812 3526 3388 3604">
    <p class='ocr_par' dir='ltr' id='par_1_71' title="bbox 1812 3528 3388 3604">
     <span class='ocr_line' id='line_1_71' title="bbox 1812 3528 3388 3604; baseline -0.006 -16"><span class='ocrx_word' id='word_1_497' title='bbox 1812 3541 1933 3588; x_wconf 93' lang='lat' dir='ltr'><strong>ctus</strong></span> <span class='ocrx_word' id='word_1_498' title='bbox 1981 3548 2049 3588; x_wconf 81' lang='lat' dir='ltr'><strong>ex</strong></span> <span class='ocrx_word' id='word_1_499' title='bbox 2082 3533 2312 3604; x_wconf 89' lang='lat' dir='ltr'><strong>virgine,</strong></span> <span class='ocrx_word' id='word_1_500' title='bbox 2359 3531 2539 3588; x_wconf 89' lang='lat' dir='ltr'><strong>factus</strong></span> <span class='ocrx_word' id='word_1_501' title='bbox 2588 3532 2645 3586; x_wconf 92' lang='lat' dir='ltr'><strong>in</strong></span> <span class='ocrx_word' id='word_1_502' title='bbox 2691 3546 2880 3598; x_wconf 89' lang='lat' dir='ltr'><strong>carne,</strong></span> <span class='ocrx_word' id='word_1_503' title='bbox 2935 3529 3079 3586; x_wconf 85' lang='lat' dir='ltr'><strong>Deus</strong></span> <span class='ocrx_word' id='word_1_504' title='bbox 3116 3528 3388 3588; x_wconf 83' lang='lat' dir='ltr'><strong>Verbum,</strong></span> 
     </span>
    </p>
   </div>
   <div class='ocr_carea' id='block_1_72' title="bbox 124 3616 1713 3693">
    <p class='ocr_par' dir='ltr' id='par_1_72' title="bbox 124 3616 1713 3693">
     <span class='ocr_line' id='line_1_72' title="bbox 124 3616 1713 3693; baseline 0.002 -21"><span class='ocrx_word' id='word_1_505' title='bbox 124 3620 223 3672; x_wconf 82' lang='grc' dir='ltr'><strong>ὐπ’</strong></span> <span class='ocrx_word' id='word_1_506' title='bbox 266 3616 431 3671; x_wconf 82' lang='grc' dir='ltr'>αὑτοῦ</span> <span class='ocrx_word' id='word_1_507' title='bbox 472 3617 872 3690; x_wconf 76' lang='grc' dir='ltr'>προρρηθείσας</span> <span class='ocrx_word' id='word_1_508' title='bbox 914 3620 1251 3690; x_wconf 83' lang='grc' dir='ltr'>προφητείας</span> <span class='ocrx_word' id='word_1_509' title='bbox 1296 3621 1361 3674; x_wconf 82' lang='grc' dir='ltr'>ὲκ</span> <span class='ocrx_word' id='word_1_510' title='bbox 1400 3622 1713 3693; x_wconf 82' lang='grc' dir='ltr'>σπέρματος</span> 
     </span>
    </p>
   </div>
   <div class='ocr_carea' id='block_1_73' title="bbox 122 3709 1713 3783">
    <p class='ocr_par' dir='ltr' id='par_1_73' title="bbox 122 3709 1713 3783">
     <span class='ocr_line' id='line_1_73' title="bbox 122 3709 1713 3783; baseline 0.003 -19"><span class='ocrx_word' id='word_1_511' title='bbox 122 3710 314 3776; x_wconf 76' lang='grc' dir='ltr'>Δαϐὶδ,</span> <span class='ocrx_word' id='word_1_512' title='bbox 342 3710 437 3763; x_wconf 76' lang='grc' dir='ltr'>καὶ</span> <span class='ocrx_word' id='word_1_513' title='bbox 474 3709 744 3781; x_wconf 79' lang='grc' dir='ltr'>Ἀϐραὰμ,</span> <span class='ocrx_word' id='word_1_514' title='bbox 792 3710 962 3781; x_wconf 81' lang='grc' dir='ltr'>φυλῆς</span> <span class='ocrx_word' id='word_1_515' title='bbox 1022 3712 1210 3766; x_wconf 77' lang='grc' dir='ltr'>Ἰούδα·</span> <span class='ocrx_word' id='word_1_516' title='bbox 1261 3714 1356 3767; x_wconf 76' lang='grc' dir='ltr'>καὶ</span> <span class='ocrx_word' id='word_1_517' title='bbox 1385 3714 1608 3783; x_wconf 84' lang='grc' dir='ltr'>γέγονεν</span> <span class='ocrx_word' id='word_1_518' title='bbox 1654 3715 1713 3768; x_wconf 82' lang='grc' dir='ltr'><strong>ὲν</strong></span> 
     </span>
    </p>
   </div>
   <div class='ocr_carea' id='block_1_74' title="bbox 127 3802 1711 3877">
    <p class='ocr_par' dir='ltr' id='par_1_74' title="bbox 127 3802 1711 3877">
     <span class='ocr_line' id='line_1_74' title="bbox 127 3802 1711 3877; baseline 0.005 -23"><span class='ocrx_word' id='word_1_519' title='bbox 127 3806 321 3877; x_wconf 75' lang='grc' dir='ltr'>μήτρα</span> <span class='ocrx_word' id='word_1_520' title='bbox 359 3802 622 3873; x_wconf 83' lang='grc' dir='ltr'>παρθένου</span> <span class='ocrx_word' id='word_1_521' title='bbox 660 3805 691 3856; x_wconf 91' lang='lat'><strong>6</strong></span> <span class='ocrx_word' id='word_1_522' title='bbox 732 3802 1075 3859; x_wconf 86' lang='grc' dir='ltr'>διαπλάσσων</span> <span class='ocrx_word' id='word_1_523' title='bbox 1111 3805 1319 3869; x_wconf 85' lang='grc' dir='ltr'>πάντας</span> <span class='ocrx_word' id='word_1_524' title='bbox 1356 3808 1483 3871; x_wconf 80' lang='grc' dir='ltr'>τοὺς</span> <span class='ocrx_word' id='word_1_525' title='bbox 1510 3824 1711 3877; x_wconf 88' lang='grc' dir='ltr'>γεννω-</span> 
     </span>
    </p>
   </div>
   <div class='ocr_carea' id='block_1_75' title="bbox 127 3893 1715 3973">
    <p class='ocr_par' dir='ltr' id='par_1_75' title="bbox 127 3893 1715 3973">
     <span class='ocr_line' id='line_1_75' title="bbox 127 3893 1715 3973; baseline 0.003 -23"><span class='ocrx_word' id='word_1_526' title='bbox 127 3896 352 3967; x_wconf 68' lang='grc' dir='ltr'>μένους,</span> <span class='ocrx_word' id='word_1_527' title='bbox 377 3896 468 3948; x_wconf 87' lang='grc' dir='ltr'><strong>καί</strong></span> <span class='ocrx_word' id='word_1_528' title='bbox 492 3893 840 3967; x_wconf 81' lang='grc' dir='ltr'>ὲνεσαρκὼθη</span> <span class='ocrx_word' id='word_1_529' title='bbox 855 3899 882 3950; x_wconf 93' lang='lat'><strong>6</strong></span> <span class='ocrx_word' id='word_1_530' title='bbox 904 3897 1164 3968; x_wconf 77' lang='grc' dir='ltr'>ἄσαρκος,</span> <span class='ocrx_word' id='word_1_531' title='bbox 1191 3900 1221 3951; x_wconf 94' lang='lat'><strong>6</strong></span> <span class='ocrx_word' id='word_1_532' title='bbox 1250 3899 1495 3972; x_wconf 86' lang='grc' dir='ltr'>ἀχρόνως</span> <span class='ocrx_word' id='word_1_533' title='bbox 1523 3918 1715 3973; x_wconf 88' lang='grc' dir='ltr'>γεννη-</span> 
     </span>
    </p>
   </div>
   <div class='ocr_carea' id='block_1_76' title="bbox 125 3987 1716 4062">
    <p class='ocr_par' dir='ltr' id='par_1_76' title="bbox 125 3987 1716 4062">
     <span class='ocr_line' id='line_1_76' title="bbox 125 3987 1716 4062; baseline 0.004 -19"><span class='ocrx_word' id='word_1_534' title='bbox 125 3990 251 4051; x_wconf 75' lang='grc' dir='ltr'>θεὶς</span> <span class='ocrx_word' id='word_1_535' title='bbox 285 3990 345 4041; x_wconf 83' lang='grc' dir='ltr'><strong>ὲν</strong></span> <span class='ocrx_word' id='word_1_536' title='bbox 382 3987 556 4059; x_wconf 85' lang='grc' dir='ltr'>χρόνῳ</span> <span class='ocrx_word' id='word_1_537' title='bbox 584 3987 895 4058; x_wconf 85' lang='grc' dir='ltr'>γεγένηται·</span> <span class='ocrx_word' id='word_1_538' title='bbox 939 3990 1391 4062; x_wconf 77' lang='grc' dir='ltr'>πολιτευσάμενος</span> <span class='ocrx_word' id='word_1_539' title='bbox 1427 3993 1589 4058; x_wconf 85' lang='grc' dir='ltr'>ὁσίως</span> <span class='ocrx_word' id='word_1_540' title='bbox 1620 3996 1716 4049; x_wconf 79' lang='grc' dir='ltr'>καὶ</span> 
     </span>
    </p>
   </div>
   <div class='ocr_carea' id='block_1_77' title="bbox 126 4080 1716 4158">
    <p class='ocr_par' dir='ltr' id='par_1_77' title="bbox 126 4080 1716 4158">
     <span class='ocr_line' id='line_1_77' title="bbox 126 4080 1716 4158; baseline 0.003 -22"><span class='ocrx_word' id='word_1_541' title='bbox 126 4080 434 4143; x_wconf 81' lang='grc' dir='ltr'>παιδεύσας</span> <span class='ocrx_word' id='word_1_542' title='bbox 474 4080 770 4152; x_wconf 78' lang='grc' dir='ltr'>ἑνθέσμως,</span> <span class='ocrx_word' id='word_1_543' title='bbox 803 4083 983 4135; x_wconf 81' lang='grc' dir='ltr'>πᾶσαν</span> <span class='ocrx_word' id='word_1_544' title='bbox 1013 4082 1166 4137; x_wconf 89' lang='grc' dir='ltr'>νόσον</span> <span class='ocrx_word' id='word_1_545' title='bbox 1207 4084 1302 4138; x_wconf 75' lang='grc' dir='ltr'><strong>καὶ</strong></span> <span class='ocrx_word' id='word_1_546' title='bbox 1333 4087 1513 4140; x_wconf 79' lang='grc' dir='ltr'>πᾶσαν</span> <span class='ocrx_word' id='word_1_547' title='bbox 1544 4086 1716 4158; x_wconf 87' lang='grc' dir='ltr'>μαλα-</span> 
     </span>
    </p>
   </div>
   <div class='ocr_carea' id='block_1_78' title="bbox 126 4172 1716 4253">
    <p class='ocr_par' dir='ltr' id='par_1_78' title="bbox 126 4172 1716 4253">
     <span class='ocr_line' id='line_1_78' title="bbox 126 4172 1716 4253; baseline 0.005 -26"><span class='ocrx_word' id='word_1_548' title='bbox 126 4175 263 4228; x_wconf 87' lang='grc' dir='ltr'>κίαν</span> <span class='ocrx_word' id='word_1_549' title='bbox 290 4172 353 4237; x_wconf 79' lang='grc' dir='ltr'>ἐξ</span> <span class='ocrx_word' id='word_1_550' title='bbox 378 4172 677 4245; x_wconf 74' lang='grc' dir='ltr'>ἀνθρώπιον</span> <span class='ocrx_word' id='word_1_551' title='bbox 723 4174 1019 4243; x_wconf 85' lang='grc' dir='ltr'>ἀπελάσας,</span> <span class='ocrx_word' id='word_1_552' title='bbox 1060 4178 1262 4248; x_wconf 86' lang='grc' dir='ltr'>σημεῖά</span> <span class='ocrx_word' id='word_1_553' title='bbox 1292 4195 1351 4231; x_wconf 89' lang='grc' dir='ltr'>τε</span> <span class='ocrx_word' id='word_1_554' title='bbox 1391 4179 1484 4233; x_wconf 78' lang='grc' dir='ltr'>καὶ</span> <span class='ocrx_word' id='word_1_555' title='bbox 1513 4179 1716 4253; x_wconf 86' lang='grc' dir='ltr'>τέρατα</span> 
     </span>
    </p>
   </div>
   <div class='ocr_carea' id='block_1_79' title="bbox 125 4266 1717 4344">
    <p class='ocr_par' dir='ltr' id='par_1_79' title="bbox 125 4266 1717 4344">
     <span class='ocr_line' id='line_1_79' title="bbox 125 4266 1717 4344; baseline 0.004 -23"><span class='ocrx_word' id='word_1_556' title='bbox 125 4268 187 4321; x_wconf 78' lang='grc' dir='ltr'>ὲν</span> <span class='ocrx_word' id='word_1_557' title='bbox 216 4266 301 4338; x_wconf 79' lang='grc' dir='ltr'>τῷ</span> <span class='ocrx_word' id='word_1_558' title='bbox 326 4266 441 4338; x_wconf 87' lang='grc' dir='ltr'>λαῷ</span> <span class='ocrx_word' id='word_1_559' title='bbox 471 4270 721 4339; x_wconf 58' lang='grc' dir='ltr'>ποιήσας</span> <span class='ocrx_word' id='word_1_560' title='bbox 753 4268 959 4341; x_wconf 75' lang='grc' dir='ltr'>τροφῆς</span> <span class='ocrx_word' id='word_1_561' title='bbox 989 4272 1083 4323; x_wconf 80' lang='grc' dir='ltr'>καὶ</span> <span class='ocrx_word' id='word_1_562' title='bbox 1110 4271 1276 4325; x_wconf 82' lang='grc' dir='ltr'>ποτοῦ</span> <span class='ocrx_word' id='word_1_563' title='bbox 1308 4273 1400 4325; x_wconf 78' lang='grc' dir='ltr'>καὶ</span> <span class='ocrx_word' id='word_1_564' title='bbox 1426 4271 1595 4326; x_wconf 74' lang='grc' dir='ltr'>ὕπνου</span> <span class='ocrx_word' id='word_1_565' title='bbox 1628 4291 1717 4344; x_wconf 84' lang='grc' dir='ltr'>με·</span> 
     </span>
    </p>
   </div>
   <div class='ocr_carea' id='block_1_80' title="bbox 123 4359 1713 4440">
    <p class='ocr_par' dir='ltr' id='par_1_80' title="bbox 123 4359 1713 4440">
     <span class='ocr_line' id='line_1_80' title="bbox 123 4359 1713 4440; baseline 0.006 -28"><span class='ocrx_word' id='word_1_566' title='bbox 123 4359 406 4427; x_wconf 87' lang='grc' dir='ltr'>ταλαϐὼν,</span> <span class='ocrx_word' id='word_1_567' title='bbox 438 4362 467 4414; x_wconf 89' lang='lat'><strong>6</strong></span> <span class='ocrx_word' id='word_1_568' title='bbox 499 4361 713 4433; x_wconf 71' lang='grc' dir='ltr'>τρέφων</span> <span class='ocrx_word' id='word_1_569' title='bbox 752 4363 959 4428; x_wconf 87' lang='grc' dir='ltr'>πάντας</span> <span class='ocrx_word' id='word_1_570' title='bbox 998 4366 1124 4428; x_wconf 83' lang='grc' dir='ltr'>τοὺς</span> <span class='ocrx_word' id='word_1_571' title='bbox 1152 4365 1451 4437; x_wconf 77' lang='grc' dir='ltr'>χρῄζοντας</span> <span class='ocrx_word' id='word_1_572' title='bbox 1485 4368 1713 4440; x_wconf 79' lang='grc' dir='ltr'>τροφῆς,</span> 
     </span>
    </p>
   </div>
   <div class='ocr_carea' id='block_1_81' title="bbox 1812 3623 3393 3696">
    <p class='ocr_par' dir='ltr' id='par_1_81' title="bbox 1812 3623 3393 3696">
     <span class='ocr_line' id='line_1_81' title="bbox 1812 3623 3393 3696; baseline -0.008 -13"><span class='ocrx_word' id='word_1_573' title='bbox 1812 3626 2045 3683; x_wconf 89' lang='lat' dir='ltr'><strong>dilectus</strong></span> <span class='ocrx_word' id='word_1_574' title='bbox 2094 3624 2303 3690; x_wconf 87' lang='lat' dir='ltr'><strong>Filius,</strong></span> <span class='ocrx_word' id='word_1_575' title='bbox 2343 3625 2740 3696; x_wconf 88' lang='lat' dir='ltr'><strong>primogenitus</strong></span> <span class='ocrx_word' id='word_1_576' title='bbox 2786 3623 2967 3677; x_wconf 90' lang='lat' dir='ltr'><strong>omnis</strong></span> <span class='ocrx_word' id='word_1_577' title='bbox 3006 3628 3295 3680; x_wconf 67' lang='lat' dir='ltr'><strong>creaturar,</strong></span> <span class='ocrx_word' id='word_1_578' title='bbox 3336 3625 3393 3671; x_wconf 90' lang='lat' dir='ltr'><strong>et</strong></span> 
     </span>
    </p>
   </div>
   <div class='ocr_carea' id='block_1_82' title="bbox 1812 3712 3393 3789">
    <p class='ocr_par' dir='ltr' id='par_1_82' title="bbox 1812 3712 3393 3789">
     <span class='ocr_line' id='line_1_82' title="bbox 1812 3712 3393 3789; baseline -0.009 -13"><span class='ocrx_word' id='word_1_579' title='bbox 1812 3719 2116 3776; x_wconf 86' lang='lat' dir='ltr'><strong>secundum</strong></span> <span class='ocrx_word' id='word_1_580' title='bbox 2149 3718 2465 3789; x_wconf 88' lang='lat' dir='ltr'><strong>prophetias</strong></span> <span class='ocrx_word' id='word_1_581' title='bbox 2506 3718 2575 3772; x_wconf 91' lang='lat' dir='ltr'><strong>ab</strong></span> <span class='ocrx_word' id='word_1_582' title='bbox 2622 3717 2743 3787; x_wconf 90' lang='lat' dir='ltr'><strong>ipso</strong></span> <span class='ocrx_word' id='word_1_583' title='bbox 2786 3716 2854 3771; x_wconf 93' lang='lat' dir='ltr'><strong>de</strong></span> <span class='ocrx_word' id='word_1_584' title='bbox 2885 3732 2944 3771; x_wconf 92' lang='lat' dir='ltr'><strong>se</strong></span> <span class='ocrx_word' id='word_1_585' title='bbox 2974 3712 3262 3786; x_wconf 69' lang='lat' dir='ltr'><strong>praedictas</strong></span> <span class='ocrx_word' id='word_1_586' title='bbox 3301 3724 3393 3763; x_wconf 85' lang='lat' dir='ltr'><strong>or-</strong></span> 
     </span>
    </p>
   </div>
   <div class='ocr_carea' id='block_1_83' title="bbox 1812 3801 3395 3867">
    <p class='ocr_par' dir='ltr' id='par_1_83' title="bbox 1812 3801 3395 3867">
     <span class='ocr_line' id='line_1_83' title="bbox 1812 3801 3395 3867; baseline -0.008 -2"><span class='ocrx_word' id='word_1_587' title='bbox 1812 3819 1904 3866; x_wconf 75' lang='lat' dir='ltr'><strong>tus</strong></span> <span class='ocrx_word' id='word_1_588' title='bbox 1945 3826 2009 3867; x_wconf 90' lang='lat' dir='ltr'><strong>ex</strong></span> <span class='ocrx_word' id='word_1_589' title='bbox 2056 3810 2264 3866; x_wconf 90' lang='lat' dir='ltr'><strong>semine</strong></span> <span class='ocrx_word' id='word_1_590' title='bbox 2314 3809 2533 3865; x_wconf 89' lang='lat' dir='ltr'><strong>Davidis</strong></span> <span class='ocrx_word' id='word_1_591' title='bbox 2575 3816 2631 3864; x_wconf 91' lang='lat' dir='ltr'><strong>et</strong></span> <span class='ocrx_word' id='word_1_592' title='bbox 2677 3807 2974 3863; x_wconf 77' lang='lat' dir='ltr'><strong>Abraliami</strong></span> <span class='ocrx_word' id='word_1_593' title='bbox 3023 3821 3088 3861; x_wconf 92' lang='lat' dir='ltr'><strong>ac</strong></span> <span class='ocrx_word' id='word_1_594' title='bbox 3134 3804 3201 3859; x_wconf 92' lang='lat' dir='ltr'><strong>de</strong></span> <span class='ocrx_word' id='word_1_595' title='bbox 3245 3801 3395 3855; x_wconf 89' lang='lat' dir='ltr'><strong>tribu</strong></span> 
     </span>
    </p>
   </div>
   <div class='ocr_carea' id='block_1_84' title="bbox 1810 3898 3395 3968">
    <p class='ocr_par' dir='ltr' id='par_1_84' title="bbox 1810 3898 3395 3968">
     <span class='ocr_line' id='line_1_84' title="bbox 1810 3898 3395 3968; baseline -0.009 -7"><span class='ocrx_word' id='word_1_596' title='bbox 1810 3902 2004 3961; x_wconf 65' lang='lat' dir='ltr'><strong>Iudae:</strong></span> <span class='ocrx_word' id='word_1_597' title='bbox 2037 3902 2080 3933; x_wconf 85' lang='grc'>¹⁸</span> <span class='ocrx_word' id='word_1_598' title='bbox 2110 3912 2165 3958; x_wconf 91' lang='lat' dir='ltr'><strong>et</strong></span> <span class='ocrx_word' id='word_1_599' title='bbox 2196 3903 2373 3959; x_wconf 86' lang='lat' dir='ltr'><strong>factus</strong></span> <span class='ocrx_word' id='word_1_600' title='bbox 2412 3912 2497 3959; x_wconf 91' lang='lat' dir='ltr'><strong>est</strong></span> <span class='ocrx_word' id='word_1_601' title='bbox 2540 3903 2595 3957; x_wconf 89' lang='lat' dir='ltr'><strong>in</strong></span> <span class='ocrx_word' id='word_1_602' title='bbox 2638 3909 2796 3957; x_wconf 89' lang='lat' dir='ltr'><strong>utero</strong></span> <span class='ocrx_word' id='word_1_603' title='bbox 2827 3899 3089 3968; x_wconf 80' lang='lat' dir='ltr'><strong>Virginis,</strong></span> <span class='ocrx_word' id='word_1_604' title='bbox 3128 3898 3395 3953; x_wconf 81' lang='lat' dir='ltr'><strong>formator</strong></span> 
     </span>
    </p>
   </div>
   <div class='ocr_carea' id='block_1_85' title="bbox 1814 3987 3395 4070">
    <p class='ocr_par' dir='ltr' id='par_1_85' title="bbox 1814 3987 3395 4070">
     <span class='ocr_line' id='line_1_85' title="bbox 1814 3987 3395 4070; baseline -0.006 -17"><span class='ocrx_word' id='word_1_605' title='bbox 1814 3999 2059 4053; x_wconf 89' lang='lat' dir='ltr'><strong>omnium</strong></span> <span class='ocrx_word' id='word_1_606' title='bbox 2097 3998 2193 4069; x_wconf 90' lang='lat' dir='ltr'><strong>qui</strong></span> <span class='ocrx_word' id='word_1_607' title='bbox 2221 3996 2548 4070; x_wconf 90' lang='lat' dir='ltr'><strong>gignuntur;</strong></span> <span class='ocrx_word' id='word_1_608' title='bbox 2578 3995 2897 4049; x_wconf 87' lang='lat' dir='ltr'><strong>incarnatus</strong></span> <span class='ocrx_word' id='word_1_609' title='bbox 2924 4000 3029 4057; x_wconf 88' lang='lat' dir='ltr'><strong>est,</strong></span> <span class='ocrx_word' id='word_1_610' title='bbox 3074 3991 3168 4062; x_wconf 92' lang='lat' dir='ltr'><strong>qui</strong></span> <span class='ocrx_word' id='word_1_611' title='bbox 3210 3987 3395 4043; x_wconf 88' lang='lat' dir='ltr'><strong>carnis</strong></span> 
     </span>
    </p>
   </div>
   <div class='ocr_carea' id='block_1_86' title="bbox 1811 4086 3398 4163">
    <p class='ocr_par' dir='ltr' id='par_1_86' title="bbox 1811 4086 3398 4163">
     <span class='ocr_line' id='line_1_86' title="bbox 1811 4086 3398 4163; baseline -0.008 -15"><span class='ocrx_word' id='word_1_612' title='bbox 1811 4106 2041 4163; x_wconf 82' lang='lat' dir='ltr'><strong>expers;</strong></span> <span class='ocrx_word' id='word_1_613' title='bbox 2094 4092 2189 4163; x_wconf 92' lang='lat' dir='ltr'><strong>qui</strong></span> <span class='ocrx_word' id='word_1_614' title='bbox 2246 4092 2368 4147; x_wconf 90' lang='lat' dir='ltr'><strong>sine</strong></span> <span class='ocrx_word' id='word_1_615' title='bbox 2423 4102 2669 4162; x_wconf 89' lang='lat' dir='ltr'><strong>tempore</strong></span> <span class='ocrx_word' id='word_1_616' title='bbox 2728 4089 2980 4163; x_wconf 86' lang='lat' dir='ltr'><strong>genitus,</strong></span> <span class='ocrx_word' id='word_1_617' title='bbox 3035 4086 3091 4139; x_wconf 93' lang='lat' dir='ltr'><strong>in</strong></span> <span class='ocrx_word' id='word_1_618' title='bbox 3152 4094 3398 4151; x_wconf 88' lang='lat' dir='ltr'><strong>tempore</strong></span> 
     </span>
    </p>
   </div>
   <div class='ocr_carea' id='block_1_87' title="bbox 1813 4178 3396 4254">
    <p class='ocr_par' dir='ltr' id='par_1_87' title="bbox 1813 4178 3396 4254">
     <span class='ocr_line' id='line_1_87' title="bbox 1813 4178 3396 4254; baseline -0.007 -15"><span class='ocrx_word' id='word_1_619' title='bbox 1813 4192 1977 4240; x_wconf 90' lang='lat' dir='ltr'><strong>natus</strong></span> <span class='ocrx_word' id='word_1_620' title='bbox 1999 4193 2085 4241; x_wconf 89' lang='lat' dir='ltr'><strong>est</strong></span> <span class='ocrx_word' id='word_1_621' title='bbox 2110 4202 2125 4240; x_wconf 88' lang='lat'><strong>:</strong></span> <span class='ocrx_word' id='word_1_622' title='bbox 2154 4192 2343 4240; x_wconf 87' lang='lat' dir='ltr'><strong>sancte</strong></span> <span class='ocrx_word' id='word_1_623' title='bbox 2375 4184 2532 4249; x_wconf 76' lang='lat' dir='ltr'><strong>vixit,</strong></span> <span class='ocrx_word' id='word_1_624' title='bbox 2575 4193 2629 4239; x_wconf 85' lang='lat' dir='ltr'><strong>et</strong></span> <span class='ocrx_word' id='word_1_625' title='bbox 2660 4184 2897 4254; x_wconf 86' lang='lat' dir='ltr'><strong>legitime</strong></span> <span class='ocrx_word' id='word_1_626' title='bbox 2928 4178 3145 4248; x_wconf 83' lang='lat' dir='ltr'><strong>docuit;</strong></span> <span class='ocrx_word' id='word_1_627' title='bbox 3176 4188 3396 4229; x_wconf 85' lang='lat' dir='ltr'><strong>omnem</strong></span> 
     </span>
    </p>
   </div>
   <div class='ocr_carea' id='block_1_88' title="bbox 1815 4265 3396 4332">
    <p class='ocr_par' dir='ltr' id='par_1_88' title="bbox 1815 4265 3396 4332">
     <span class='ocr_line' id='line_1_88' title="bbox 1815 4265 3396 4332; baseline -0.004 -3"><span class='ocrx_word' id='word_1_628' title='bbox 1815 4276 2067 4331; x_wconf 88' lang='lat' dir='ltr'><strong>morbum</strong></span> <span class='ocrx_word' id='word_1_629' title='bbox 2125 4284 2182 4331; x_wconf 91' lang='lat' dir='ltr'><strong>et</strong></span> <span class='ocrx_word' id='word_1_630' title='bbox 2247 4292 2464 4332; x_wconf 85' lang='lat' dir='ltr'><strong>omnem</strong></span> <span class='ocrx_word' id='word_1_631' title='bbox 2522 4274 2897 4330; x_wconf 82' lang='lat' dir='ltr'><strong>infirmitatem</strong></span> <span class='ocrx_word' id='word_1_632' title='bbox 2954 4274 3021 4329; x_wconf 92' lang='lat' dir='ltr'><strong>ab</strong></span> <span class='ocrx_word' id='word_1_633' title='bbox 3080 4265 3396 4327; x_wconf 75' lang='lat' dir='ltr'><strong>hominibus</strong></span> 
     </span>
    </p>
   </div>
   <div class='ocr_carea' id='block_1_89' title="bbox 1813 4363 3391 4440">
    <p class='ocr_par' dir='ltr' id='par_1_89' title="bbox 1813 4363 3391 4440">
     <span class='ocr_line' id='line_1_89' title="bbox 1813 4363 3391 4440; baseline -0.005 -17"><span class='ocrx_word' id='word_1_634' title='bbox 1813 4370 2058 4438; x_wconf 85' lang='lat' dir='ltr'><strong>expulit;</strong></span> <span class='ocrx_word' id='word_1_635' title='bbox 2126 4368 2284 4440; x_wconf 88' lang='lat' dir='ltr'><strong>signa</strong></span> <span class='ocrx_word' id='word_1_636' title='bbox 2348 4378 2403 4424; x_wconf 93' lang='lat' dir='ltr'><strong>et</strong></span> <span class='ocrx_word' id='word_1_637' title='bbox 2465 4369 2714 4439; x_wconf 88' lang='lat' dir='ltr'><strong>prodigia</strong></span> <span class='ocrx_word' id='word_1_638' title='bbox 2781 4368 2838 4421; x_wconf 92' lang='lat' dir='ltr'><strong>in</strong></span> <span class='ocrx_word' id='word_1_639' title='bbox 2905 4367 3106 4437; x_wconf 78' lang='lat' dir='ltr'><strong>papulo</strong></span> <span class='ocrx_word' id='word_1_640' title='bbox 3170 4363 3391 4418; x_wconf 85' lang='lat' dir='ltr'><strong>edidit:</strong></span> 
     </span>
    </p>
   </div>
   <div class='ocr_carea' id='block_1_90' title="bbox 128 4453 1732 4533">
    <p class='ocr_par' dir='ltr' id='par_1_90' title="bbox 128 4453 1713 4533">
     <span class='ocr_line' id='line_1_90' title="bbox 128 4453 1713 4533; baseline 0.004 -27"><span class='ocrx_word' id='word_1_641' title='bbox 128 4455 232 4507; x_wconf 74' lang='grc' dir='ltr'>καὶ</span> <span class='ocrx_word' id='word_1_642' title='bbox 255 4453 592 4533; x_wconf 81' lang='grc' dir='ltr'>ὲμπιμπλῶν</span> <span class='ocrx_word' id='word_1_643' title='bbox 620 4456 729 4508; x_wconf 83' lang='grc' dir='ltr'>πᾶν</span> <span class='ocrx_word' id='word_1_644' title='bbox 775 4454 914 4520; x_wconf 77' lang='grc' dir='ltr'>ζῶον</span> <span class='ocrx_word' id='word_1_645' title='bbox 957 4456 1221 4521; x_wconf 75' lang='grc' dir='ltr'>εὐδοκίας·</span> <span class='ocrx_word' id='word_1_646' title='bbox 1262 4458 1569 4531; x_wconf 81' lang='grc' dir='ltr'>ὲφανέρωσέ</span> <span class='ocrx_word' id='word_1_647' title='bbox 1619 4477 1713 4513; x_wconf 91' lang='grc' dir='ltr'>σου</span> 
     </span>
    </p>
   </div>
   <div class='ocr_carea' id='block_1_91' title="bbox 1812 4453 3396 4533">
    <p class='ocr_par' dir='ltr' id='par_1_91' title="bbox 1816 4458 3396 4531">
     <span class='ocr_line' id='line_1_91' title="bbox 1816 4458 3396 4531; baseline -0.006 -15"><span class='ocrx_word' id='word_1_648' title='bbox 1816 4461 2029 4528; x_wconf 90' lang='lat' dir='ltr'><strong>cibum,</strong></span> <span class='ocrx_word' id='word_1_649' title='bbox 2086 4470 2303 4531; x_wconf 90' lang='lat' dir='ltr'><strong>potum,</strong></span> <span class='ocrx_word' id='word_1_650' title='bbox 2357 4476 2611 4516; x_wconf 89' lang='lat' dir='ltr'><strong>somnum</strong></span> <span class='ocrx_word' id='word_1_651' title='bbox 2686 4461 2831 4530; x_wconf 86' lang='lat' dir='ltr'><strong>cepit</strong></span> <span class='ocrx_word' id='word_1_652' title='bbox 2883 4459 2962 4523; x_wconf 90' lang='lat' dir='ltr'><strong>is,</strong></span> <span class='ocrx_word' id='word_1_653' title='bbox 3016 4458 3108 4527; x_wconf 90' lang='lat' dir='ltr'><strong>qui</strong></span> <span class='ocrx_word' id='word_1_654' title='bbox 3164 4461 3396 4509; x_wconf 86' lang='lat' dir='ltr'><strong>cunctos</strong></span> 
     </span>
    </p>
   </div>
   <div class='ocr_carea' id='block_1_92' title="bbox 124 4524 1732 4625">
    <p class='ocr_par' dir='ltr' id='par_1_92' title="bbox 124 4524 1718 4623">
     <span class='ocr_line' id='line_1_92' title="bbox 124 4524 1718 4623; baseline 0.004 -23"><span class='ocrx_word' id='word_1_655' title='bbox 124 4548 191 4600; x_wconf 87' lang='grc' dir='ltr'><strong>τὺ</strong></span> <span class='ocrx_word' id='word_1_656' title='bbox 239 4530 415 4618; x_wconf 71' lang='grc' dir='ltr'>ὄνομα</span> <span class='ocrx_word' id='word_1_657' title='bbox 454 4549 567 4611; x_wconf 87' lang='grc' dir='ltr'>τοῖς</span> <span class='ocrx_word' id='word_1_658' title='bbox 608 4547 891 4616; x_wconf 80' lang='grc' dir='ltr'><strong>ἀγνοοῦσιν</strong></span> <span class='ocrx_word' id='word_1_659' title='bbox 922 4550 1073 4617; x_wconf 79' lang='grc' dir='ltr'>αὐτὸ,</span> <span class='ocrx_word' id='word_1_660' title='bbox 1106 4552 1206 4623; x_wconf 84' lang='grc' dir='ltr'><strong>τὴν</strong></span> <span class='ocrx_word' id='word_1_661' title='bbox 1246 4524 1468 4620; x_wconf 75' lang='grc' dir='ltr'>ἄγνοιαν</span> <span class='ocrx_word' id='word_1_662' title='bbox 1514 4553 1718 4622; x_wconf 79' lang='grc' dir='ltr'><strong>ἐφυγά-</strong></span> 
     </span>
    </p>
   </div>
   <div class='ocr_carea' id='block_1_93' title="bbox 1812 4524 3397 4625">
    <p class='ocr_par' dir='ltr' id='par_1_93' title="bbox 1818 4546 3397 4625">
     <span class='ocr_line' id='line_1_93' title="bbox 1818 4546 3397 4625; baseline -0.008 -16"><span class='ocrx_word' id='word_1_663' title='bbox 1818 4556 2076 4610; x_wconf 88' lang='lat' dir='ltr'><strong>alimento</strong></span> <span class='ocrx_word' id='word_1_664' title='bbox 2126 4554 2434 4625; x_wconf 85' lang='lat' dir='ltr'><strong>indigentes</strong></span> <span class='ocrx_word' id='word_1_665' title='bbox 2483 4554 2691 4617; x_wconf 90' lang='lat' dir='ltr'><strong>nutrit,</strong></span> <span class='ocrx_word' id='word_1_666' title='bbox 2731 4566 3001 4621; x_wconf 90' lang='lat' dir='ltr'><strong>omneque</strong></span> <span class='ocrx_word' id='word_1_667' title='bbox 3049 4547 3252 4602; x_wconf 87' lang='lat' dir='ltr'><strong>animal</strong></span> <span class='ocrx_word' id='word_1_668' title='bbox 3290 4546 3397 4598; x_wconf 85' lang='lat' dir='ltr'><strong>im-</strong></span> 
     </span>
    </p>
   </div>
   <div class='ocr_carea' id='block_1_94' title="bbox 125 4636 1732 4717">
    <p class='ocr_par' dir='ltr' id='par_1_94' title="bbox 125 4640 1715 4717">
     <span class='ocr_line' id='line_1_94' title="bbox 125 4640 1715 4717; baseline 0.004 -24"><span class='ocrx_word' id='word_1_669' title='bbox 125 4640 316 4706; x_wconf 85' lang='grc' dir='ltr'>δευσε,</span> <span class='ocrx_word' id='word_1_670' title='bbox 346 4642 446 4712; x_wconf 82' lang='grc' dir='ltr'><strong>τὴν</strong></span> <span class='ocrx_word' id='word_1_671' title='bbox 484 4640 763 4695; x_wconf 83' lang='grc' dir='ltr'>εὐσέϐειαν</span> <span class='ocrx_word' id='word_1_672' title='bbox 807 4642 1232 4716; x_wconf 78' lang='grc' dir='ltr'>ἀνεζωπύρωσε,</span> <span class='ocrx_word' id='word_1_673' title='bbox 1265 4646 1327 4698; x_wconf 79' lang='grc' dir='ltr'>τὸ</span> <span class='ocrx_word' id='word_1_674' title='bbox 1365 4645 1575 4717; x_wconf 86' lang='grc' dir='ltr'>θέλημά</span> <span class='ocrx_word' id='word_1_675' title='bbox 1621 4663 1715 4700; x_wconf 89' lang='grc' dir='ltr'>σου</span> 
     </span>
    </p>
   </div>
   <div class='ocr_carea' id='block_1_95' title="bbox 1812 4636 3397 4717">
    <p class='ocr_par' dir='ltr' id='par_1_95' title="bbox 1820 4636 3397 4717">
     <span class='ocr_line' id='line_1_95' title="bbox 1820 4636 3397 4717; baseline -0.008 -16"><span class='ocrx_word' id='word_1_676' title='bbox 1820 4647 1933 4717; x_wconf 90' lang='lat' dir='ltr'><strong>plet</strong></span> <span class='ocrx_word' id='word_1_677' title='bbox 1976 4646 2317 4714; x_wconf 86' lang='lat' dir='ltr'><strong>beneplacito</strong></span> <span class='ocrx_word' id='word_1_678' title='bbox 2348 4647 2437 4700; x_wconf 81' lang='lat' dir='ltr'><strong>&quot;z</strong></span> <span class='ocrx_word' id='word_1_679' title='bbox 2478 4644 2846 4703; x_wconf 87' lang='lat' dir='ltr'><strong>manifestavit</strong></span> <span class='ocrx_word' id='word_1_680' title='bbox 2884 4657 3081 4698; x_wconf 89' lang='lat' dir='ltr'><strong>nomen</strong></span> <span class='ocrx_word' id='word_1_681' title='bbox 3125 4650 3277 4694; x_wconf 92' lang='lat' dir='ltr'><strong>tuum</strong></span> <span class='ocrx_word' id='word_1_682' title='bbox 3328 4636 3397 4689; x_wconf 90' lang='lat' dir='ltr'><strong>iis</strong></span> 
     </span>
    </p>
   </div>
   <div class='ocr_carea' id='block_1_96' title="bbox 126 4729 1732 4810">
    <p class='ocr_par' dir='ltr' id='par_1_96' title="bbox 126 4733 1719 4808">
     <span class='ocr_line' id='line_1_96' title="bbox 126 4733 1719 4808; baseline 0.004 -23"><span class='ocrx_word' id='word_1_683' title='bbox 126 4733 448 4804; x_wconf 75' lang='grc' dir='ltr'>ἐπλήρωσε,</span> <span class='ocrx_word' id='word_1_684' title='bbox 486 4734 547 4787; x_wconf 84' lang='grc' dir='ltr'>τὸ</span> <span class='ocrx_word' id='word_1_685' title='bbox 577 4734 736 4806; x_wconf 75' lang='grc' dir='ltr'>ἔργον</span> <span class='ocrx_word' id='word_1_686' title='bbox 766 4734 795 4788; x_wconf 84' lang='grc' dir='ltr'><strong>ὃ</strong></span> <span class='ocrx_word' id='word_1_687' title='bbox 837 4735 1043 4799; x_wconf 74' lang='grc' dir='ltr'>ἔδωκας</span> <span class='ocrx_word' id='word_1_688' title='bbox 1074 4737 1221 4808; x_wconf 80' lang='grc' dir='ltr'>αὐτῷ</span> <span class='ocrx_word' id='word_1_689' title='bbox 1265 4738 1566 4793; x_wconf 75' lang='grc' dir='ltr'>ἐτελείωσε.</span> <span class='ocrx_word' id='word_1_690' title='bbox 1606 4739 1719 4793; x_wconf 75' lang='grc' dir='ltr'><strong>Καὶ</strong></span> 
     </span>
    </p>
   </div>
   <div class='ocr_carea' id='block_1_97' title="bbox 1812 4729 3399 4810">
    <p class='ocr_par' dir='ltr' id='par_1_97' title="bbox 1820 4729 3399 4810">
     <span class='ocr_line' id='line_1_97' title="bbox 1820 4729 3399 4810; baseline -0.008 -16"><span class='ocrx_word' id='word_1_691' title='bbox 1820 4739 1917 4810; x_wconf 79' lang='lat' dir='ltr'><strong>qui</strong></span> <span class='ocrx_word' id='word_1_692' title='bbox 1968 4738 2103 4794; x_wconf 88' lang='lat' dir='ltr'><strong>illud</strong></span> <span class='ocrx_word' id='word_1_693' title='bbox 2161 4740 2523 4810; x_wconf 87' lang='lat' dir='ltr'><strong>ignorabant;</strong></span> <span class='ocrx_word' id='word_1_694' title='bbox 2582 4736 2792 4808; x_wconf 87' lang='lat' dir='ltr'><strong>fugavit</strong></span> <span class='ocrx_word' id='word_1_695' title='bbox 2844 4735 3245 4807; x_wconf 89' lang='lat' dir='ltr'><strong>ignorantiam;</strong></span> <span class='ocrx_word' id='word_1_696' title='bbox 3282 4729 3399 4799; x_wconf 91' lang='lat' dir='ltr'><strong>pie-</strong></span> 
     </span>
    </p>
   </div>
   <div class='ocr_carea' id='block_1_98' title="bbox 128 4822 1732 4903">
    <p class='ocr_par' dir='ltr' id='par_1_98' title="bbox 128 4825 1718 4903">
     <span class='ocr_line' id='line_1_98' title="bbox 128 4825 1718 4903; baseline 0.003 -24"><span class='ocrx_word' id='word_1_697' title='bbox 128 4825 313 4879; x_wconf 79' lang='grc' dir='ltr'>ταῦτα</span> <span class='ocrx_word' id='word_1_698' title='bbox 340 4826 517 4879; x_wconf 86' lang='grc' dir='ltr'>πάντα</span> <span class='ocrx_word' id='word_1_699' title='bbox 544 4826 914 4899; x_wconf 85' lang='grc' dir='ltr'>κατορθώσας,</span> <span class='ocrx_word' id='word_1_700' title='bbox 960 4830 1147 4901; x_wconf 73' lang='grc' dir='ltr'>χερσὶν</span> <span class='ocrx_word' id='word_1_701' title='bbox 1191 4830 1405 4901; x_wconf 82' lang='grc' dir='ltr'>ἀνόμων</span> <span class='ocrx_word' id='word_1_702' title='bbox 1448 4848 1718 4903; x_wconf 84' lang='grc' dir='ltr'>κατασχε-</span> 
     </span>
    </p>
   </div>
   <div class='ocr_carea' id='block_1_99' title="bbox 1812 4822 3396 4903">
    <p class='ocr_par' dir='ltr' id='par_1_99' title="bbox 1822 4822 3396 4899">
     <span class='ocr_line' id='line_1_99' title="bbox 1822 4822 3396 4899; baseline -0.01 -12"><span class='ocrx_word' id='word_1_703' title='bbox 1822 4840 1990 4888; x_wconf 90' lang='lat' dir='ltr'><strong>tatem</strong></span> <span class='ocrx_word' id='word_1_704' title='bbox 2056 4832 2448 4899; x_wconf 88' lang='lat' dir='ltr'><strong>exsuscitavit;</strong></span> <span class='ocrx_word' id='word_1_705' title='bbox 2503 4831 2843 4886; x_wconf 86' lang='lat' dir='ltr'><strong>voluntatem</strong></span> <span class='ocrx_word' id='word_1_706' title='bbox 2904 4836 3052 4882; x_wconf 90' lang='lat' dir='ltr'><strong>tuam</strong></span> <span class='ocrx_word' id='word_1_707' title='bbox 3115 4822 3396 4893; x_wconf 86' lang='lat' dir='ltr'><strong>implevit;</strong></span> 
     </span>
    </p>
   </div>
   <div class='ocr_carea' id='block_1_100' title="bbox 132 4914 1732 4998">
    <p class='ocr_par' dir='ltr' id='par_1_100' title="bbox 132 4918 1718 4994">
     <span class='ocr_line' id='line_1_100' title="bbox 132 4918 1718 4994; baseline 0.004 -24"><span class='ocrx_word' id='word_1_708' title='bbox 132 4918 279 4981; x_wconf 86' lang='grc' dir='ltr'><strong>θείς,</strong></span> <span class='ocrx_word' id='word_1_709' title='bbox 331 4919 521 4990; x_wconf 81' lang='grc' dir='ltr'>ἱερέων</span> <span class='ocrx_word' id='word_1_710' title='bbox 561 4921 656 4974; x_wconf 79' lang='grc' dir='ltr'>καὶ</span> <span class='ocrx_word' id='word_1_711' title='bbox 693 4922 996 4994; x_wconf 82' lang='grc' dir='ltr'>ἀρχιερέων</span> <span class='ocrx_word' id='word_1_712' title='bbox 1031 4921 1399 4994; x_wconf 79' lang='grc' dir='ltr'>ψευδωνύμων</span> <span class='ocrx_word' id='word_1_713' title='bbox 1444 4923 1540 4977; x_wconf 58' lang='grc' dir='ltr'><strong>καὶ⁹</strong></span> <span class='ocrx_word' id='word_1_714' title='bbox 1588 4923 1718 4977; x_wconf 81' lang='grc' dir='ltr'>λαοῦ</span> 
     </span>
    </p>
   </div>
   <div class='ocr_carea' id='block_1_101' title="bbox 1812 4914 3399 4998">
    <p class='ocr_par' dir='ltr' id='par_1_101' title="bbox 1824 4914 3399 4998">
     <span class='ocr_line' id='line_1_101' title="bbox 1824 4914 3399 4998; baseline -0.007 -17"><span class='ocrx_word' id='word_1_715' title='bbox 1824 4941 1964 4998; x_wconf 83' lang='lat' dir='ltr'><strong>Opus</strong></span> <span class='ocrx_word' id='word_1_716' title='bbox 2002 4928 2148 4997; x_wconf 90' lang='lat' dir='ltr'><strong>quod</strong></span> <span class='ocrx_word' id='word_1_717' title='bbox 2186 4926 2235 4982; x_wconf 90' lang='lat' dir='ltr'><strong>ei</strong></span> <span class='ocrx_word' id='word_1_718' title='bbox 2274 4925 2504 4989; x_wconf 81' lang='lat' dir='ltr'><strong>dedisti,</strong></span> <span class='ocrx_word' id='word_1_719' title='bbox 2546 4922 2947 4980; x_wconf 84' lang='lat' dir='ltr'><strong>consummavit</strong></span> <span class='ocrx_word' id='word_1_720' title='bbox 2984 4920 3025 4951; x_wconf 83' lang='lat'><strong>&quot;</strong></span> <span class='ocrx_word' id='word_1_721' title='bbox 3056 4939 3070 4975; x_wconf 89' lang='lat'><strong>:</strong></span> <span class='ocrx_word' id='word_1_722' title='bbox 3112 4928 3275 4987; x_wconf 89' lang='lat' dir='ltr'><strong>atque</strong></span> <span class='ocrx_word' id='word_1_723' title='bbox 3311 4914 3399 4970; x_wconf 88' lang='lat' dir='ltr'><strong>his</strong></span> 
     </span>
    </p>
   </div>
   <div class='ocr_carea' id='block_1_102' title="bbox 133 5007 1732 5088">
    <p class='ocr_par' dir='ltr' id='par_1_102' title="bbox 133 5009 1722 5088">
     <span class='ocr_line' id='line_1_102' title="bbox 133 5009 1722 5088; baseline 0.005 -26"><span class='ocrx_word' id='word_1_724' title='bbox 133 5009 484 5081; x_wconf 83' lang='grc' dir='ltr'>παρανόμου,</span> <span class='ocrx_word' id='word_1_725' title='bbox 509 5011 767 5084; x_wconf 78' lang='grc' dir='ltr'>προδοσίᾳ</span> <span class='ocrx_word' id='word_1_726' title='bbox 790 5012 885 5066; x_wconf 78' lang='grc' dir='ltr'>τοῦ</span> <span class='ocrx_word' id='word_1_727' title='bbox 915 5013 1015 5085; x_wconf 77' lang='grc' dir='ltr'><strong>τήν</strong></span> <span class='ocrx_word' id='word_1_728' title='bbox 1035 5013 1233 5068; x_wconf 89' lang='grc' dir='ltr'>κακίαν</span> <span class='ocrx_word' id='word_1_729' title='bbox 1260 5016 1603 5088; x_wconf 88' lang='grc' dir='ltr'>νοσήσαντος,</span> <span class='ocrx_word' id='word_1_730' title='bbox 1627 5018 1722 5070; x_wconf 72' lang='grc' dir='ltr'>καὶ</span> 
     </span>
    </p>
   </div>
   <div class='ocr_carea' id='block_1_103' title="bbox 1812 5007 3399 5088">
    <p class='ocr_par' dir='ltr' id='par_1_103' title="bbox 1825 5007 3399 5088">
     <span class='ocr_line' id='line_1_103' title="bbox 1825 5007 3399 5088; baseline -0.01 -14"><span class='ocrx_word' id='word_1_731' title='bbox 1825 5019 2085 5074; x_wconf 88' lang='lat' dir='ltr'><strong>omnibus</strong></span> <span class='ocrx_word' id='word_1_732' title='bbox 2118 5018 2351 5073; x_wconf 89' lang='lat' dir='ltr'><strong>feliciter</strong></span> <span class='ocrx_word' id='word_1_733' title='bbox 2380 5016 2573 5088; x_wconf 90' lang='lat' dir='ltr'><strong>gestis,</strong></span> <span class='ocrx_word' id='word_1_734' title='bbox 2604 5032 2700 5088; x_wconf 89' lang='lat' dir='ltr'><strong>per</strong></span> <span class='ocrx_word' id='word_1_735' title='bbox 2724 5015 3091 5087; x_wconf 84' lang='lat' dir='ltr'><strong>proditionem</strong></span> <span class='ocrx_word' id='word_1_736' title='bbox 3135 5011 3284 5065; x_wconf 90' lang='lat' dir='ltr'><strong>illius</strong></span> <span class='ocrx_word' id='word_1_737' title='bbox 3303 5007 3399 5077; x_wconf 86' lang='lat' dir='ltr'><strong>qui</strong></span> 
     </span>
    </p>
   </div>
   <div class='ocr_carea' id='block_1_104' title="bbox 134 5101 1732 5181">
    <p class='ocr_par' dir='ltr' id='par_1_104' title="bbox 134 5103 1724 5179">
     <span class='ocr_line' id='line_1_104' title="bbox 134 5103 1724 5179; baseline 0.004 -23"><span class='ocrx_word' id='word_1_738' title='bbox 134 5103 320 5157; x_wconf 77' lang='grc' dir='ltr'>πολλά</span> <span class='ocrx_word' id='word_1_739' title='bbox 354 5103 542 5157; x_wconf 88' lang='grc' dir='ltr'>παθὼν</span> <span class='ocrx_word' id='word_1_740' title='bbox 578 5107 667 5157; x_wconf 79' lang='grc' dir='ltr'><strong>ὑπ’</strong></span> <span class='ocrx_word' id='word_1_741' title='bbox 687 5105 884 5171; x_wconf 75' lang='grc' dir='ltr'>αὐτῶν,</span> <span class='ocrx_word' id='word_1_742' title='bbox 908 5106 1005 5161; x_wconf 73' lang='grc' dir='ltr'>καὶ</span> <span class='ocrx_word' id='word_1_743' title='bbox 1032 5108 1211 5161; x_wconf 79' lang='grc' dir='ltr'>πᾶσαν</span> <span class='ocrx_word' id='word_1_744' title='bbox 1243 5108 1463 5179; x_wconf 86' lang='grc' dir='ltr'>ἀτιμίαν</span> <span class='ocrx_word' id='word_1_745' title='bbox 1486 5108 1724 5173; x_wconf 76' lang='grc' dir='ltr'>ὑποστὰς</span> 
     </span>
    </p>
   </div>
   <div class='ocr_carea' id='block_1_105' title="bbox 1812 5101 3399 5181">
    <p class='ocr_par' dir='ltr' id='par_1_105' title="bbox 1828 5101 3399 5181">
     <span class='ocr_line' id='line_1_105' title="bbox 1828 5101 3399 5181; baseline -0.009 -15"><span class='ocrx_word' id='word_1_746' title='bbox 1828 5112 2051 5166; x_wconf 71' lang='lat' dir='ltr'><strong>malitiae</strong></span> <span class='ocrx_word' id='word_1_747' title='bbox 2079 5111 2270 5165; x_wconf 91' lang='lat' dir='ltr'><strong>morbo</strong></span> <span class='ocrx_word' id='word_1_748' title='bbox 2300 5110 2611 5181; x_wconf 90' lang='lat' dir='ltr'><strong>languebat,</strong></span> <span class='ocrx_word' id='word_1_749' title='bbox 2640 5109 3068 5179; x_wconf 89' lang='lat' dir='ltr'><strong>comprehensus</strong></span> <span class='ocrx_word' id='word_1_750' title='bbox 3110 5113 3193 5159; x_wconf 91' lang='lat' dir='ltr'><strong>est</strong></span> <span class='ocrx_word' id='word_1_751' title='bbox 3225 5101 3399 5155; x_wconf 63' lang='lat' dir='ltr'><strong>manic</strong></span> 
     </span>
    </p>
   </div>
   <div class='ocr_carea' id='block_1_106' title="bbox 1828 5194 3395 5273">
    <p class='ocr_par' dir='ltr' id='par_1_106' title="bbox 1828 5194 3395 5273">
     <span class='ocr_line' id='line_1_106' title="bbox 1828 5194 3395 5273; baseline -0.008 -15"><span class='ocrx_word' id='word_1_752' title='bbox 1828 5202 1932 5259; x_wconf 89' lang='lat' dir='ltr'><strong>bus</strong></span> <span class='ocrx_word' id='word_1_753' title='bbox 1961 5202 2377 5273; x_wconf 86' lang='lat' dir='ltr'><strong>flagitiosorum,</strong></span> <span class='ocrx_word' id='word_1_754' title='bbox 2404 5217 2598 5271; x_wconf 90' lang='lat' dir='ltr'><strong>nempe</strong></span> <span class='ocrx_word' id='word_1_755' title='bbox 2630 5200 2771 5256; x_wconf 87' lang='lat' dir='ltr'><strong>falso</strong></span> <span class='ocrx_word' id='word_1_756' title='bbox 2800 5200 3022 5255; x_wconf 92' lang='lat' dir='ltr'><strong>nomine</strong></span> <span class='ocrx_word' id='word_1_757' title='bbox 3047 5194 3395 5268; x_wconf 87' lang='lat' dir='ltr'><strong>gaudentium</strong></span> 
     </span>
    </p>
   </div>
   <div class='ocr_carea' id='block_1_107' title="bbox 1830 5286 3396 5365">
    <p class='ocr_par' dir='ltr' id='par_1_107' title="bbox 1830 5286 3396 5365">
     <span class='ocr_line' id='line_1_107' title="bbox 1830 5286 3396 5365; baseline -0.01 -13"><span class='ocrx_word' id='word_1_758' title='bbox 1830 5296 2175 5352; x_wconf 88' lang='lat' dir='ltr'><strong>sacerdotum</strong></span> <span class='ocrx_word' id='word_1_759' title='bbox 2205 5310 2270 5349; x_wconf 91' lang='lat' dir='ltr'><strong>ac</strong></span> <span class='ocrx_word' id='word_1_760' title='bbox 2299 5294 2639 5363; x_wconf 81' lang='lat' dir='ltr'><strong>pontificum,</strong></span> <span class='ocrx_word' id='word_1_761' title='bbox 2668 5303 2723 5350; x_wconf 91' lang='lat' dir='ltr'><strong>et</strong></span> <span class='ocrx_word' id='word_1_762' title='bbox 2750 5293 2938 5365; x_wconf 88' lang='lat' dir='ltr'><strong>populi</strong></span> <span class='ocrx_word' id='word_1_763' title='bbox 2972 5290 3145 5360; x_wconf 91' lang='lat' dir='ltr'><strong>iniqui</strong></span> <span class='ocrx_word' id='word_1_764' title='bbox 3169 5304 3187 5351; x_wconf 89' lang='lat'><strong>;</strong></span> <span class='ocrx_word' id='word_1_765' title='bbox 3229 5286 3396 5355; x_wconf 88' lang='lat' dir='ltr'><strong>aqui-</strong></span> 
     </span>
    </p>
   </div>
   <div class='ocr_carea' id='block_1_108' title="bbox 1830 5382 3397 5460">
    <p class='ocr_par' dir='ltr' id='par_1_108' title="bbox 1830 5382 3397 5460">
     <span class='ocr_line' id='line_1_108' title="bbox 1830 5382 3397 5460; baseline -0.008 -14"><span class='ocrx_word' id='word_1_766' title='bbox 1830 5388 1932 5446; x_wconf 90' lang='lat' dir='ltr'><strong>bus</strong></span> <span class='ocrx_word' id='word_1_767' title='bbox 1954 5389 2125 5445; x_wconf 89' lang='lat' dir='ltr'><strong>multa</strong></span> <span class='ocrx_word' id='word_1_768' title='bbox 2154 5404 2350 5460; x_wconf 88' lang='lat' dir='ltr'><strong>passus</strong></span> <span class='ocrx_word' id='word_1_769' title='bbox 2384 5394 2488 5455; x_wconf 85' lang='lat' dir='ltr'><strong>est,</strong></span> <span class='ocrx_word' id='word_1_770' title='bbox 2518 5395 2571 5444; x_wconf 91' lang='lat' dir='ltr'><strong>et</strong></span> <span class='ocrx_word' id='word_1_771' title='bbox 2597 5402 2813 5444; x_wconf 89' lang='lat' dir='ltr'><strong>omnem</strong></span> <span class='ocrx_word' id='word_1_772' title='bbox 2836 5387 2878 5419; x_wconf 85' lang='grc'><strong>¹⁶</strong></span> <span class='ocrx_word' id='word_1_773' title='bbox 2906 5382 3258 5458; x_wconf 81' lang='lat' dir='ltr'><strong>ignominiam</strong></span> <span class='ocrx_word' id='word_1_774' title='bbox 3277 5394 3397 5435; x_wconf 82' lang='lat' dir='ltr'><strong>sus-</strong></span> 
     </span>
    </p>
   </div>
   <div class='ocr_carea' id='block_1_109' title="bbox 135 5197 1725 5271">
    <p class='ocr_par' dir='ltr' id='par_1_109' title="bbox 135 5197 1725 5271">
     <span class='ocr_line' id='line_1_109' title="bbox 135 5197 1725 5271; baseline 0.003 -21"><span class='ocrx_word' id='word_1_775' title='bbox 135 5201 204 5270; x_wconf 77' lang='grc' dir='ltr'><strong>σῇ</strong></span> <span class='ocrx_word' id='word_1_776' title='bbox 232 5200 603 5270; x_wconf 82' lang='grc' dir='ltr'>συγχωρήσει,</span> <span class='ocrx_word' id='word_1_777' title='bbox 630 5197 954 5269; x_wconf 74' lang='grc' dir='ltr'>παραδοθεὶς</span> <span class='ocrx_word' id='word_1_778' title='bbox 983 5199 1198 5270; x_wconf 86' lang='grc' dir='ltr'>Πιλάτῳ</span> <span class='ocrx_word' id='word_1_779' title='bbox 1225 5199 1303 5270; x_wconf 84' lang='grc' dir='ltr'>τῷ</span> <span class='ocrx_word' id='word_1_780' title='bbox 1344 5201 1602 5271; x_wconf 81' lang='grc' dir='ltr'>ἡγεμόνι,</span> <span class='ocrx_word' id='word_1_781' title='bbox 1629 5203 1725 5256; x_wconf 75' lang='grc' dir='ltr'>καὶ</span> 
     </span>
    </p>
   </div>
   <div class='ocr_carea' id='block_1_110' title="bbox 134 5292 1725 5368">
    <p class='ocr_par' dir='ltr' id='par_1_110' title="bbox 134 5292 1725 5368">
     <span class='ocr_line' id='line_1_110' title="bbox 134 5292 1725 5368; baseline 0.003 -24"><span class='ocrx_word' id='word_1_782' title='bbox 134 5292 356 5364; x_wconf 70' lang='grc' dir='ltr'>κριθεὶς</span> <span class='ocrx_word' id='word_1_783' title='bbox 379 5293 408 5344; x_wconf 90' lang='lat'><strong>6</strong></span> <span class='ocrx_word' id='word_1_784' title='bbox 430 5293 644 5364; x_wconf 81' lang='grc' dir='ltr'>κριτὴς,</span> <span class='ocrx_word' id='word_1_785' title='bbox 680 5294 774 5346; x_wconf 76' lang='grc' dir='ltr'>καὶ</span> <span class='ocrx_word' id='word_1_786' title='bbox 808 5292 1160 5365; x_wconf 76' lang='grc' dir='ltr'>κατακριθεὶς</span> <span class='ocrx_word' id='word_1_787' title='bbox 1183 5294 1212 5345; x_wconf 89' lang='lat'><strong>6</strong></span> <span class='ocrx_word' id='word_1_788' title='bbox 1244 5294 1467 5367; x_wconf 82' lang='grc' dir='ltr'>Σωτὴρ,</span> <span class='ocrx_word' id='word_1_789' title='bbox 1506 5295 1725 5368; x_wconf 79' lang='grc' dir='ltr'>σταυρῷ</span> 
     </span>
    </p>
   </div>
   <div class='ocr_carea' id='block_1_111' title="bbox 134 5383 1728 5459">
    <p class='ocr_par' dir='ltr' id='par_1_111' title="bbox 134 5383 1728 5459">
     <span class='ocr_line' id='line_1_111' title="bbox 134 5383 1728 5459; baseline 0.004 -22"><span class='ocrx_word' id='word_1_790' title='bbox 134 5383 472 5456; x_wconf 57' lang='grc' dir='ltr'>πωσηλὼθη</span> <span class='ocrx_word' id='word_1_791' title='bbox 492 5387 520 5438; x_wconf 88' lang='grc' dir='ltr'><strong>ὀ</strong></span> <span class='ocrx_word' id='word_1_792' title='bbox 539 5385 774 5459; x_wconf 83' lang='grc' dir='ltr'>ἀπαθὴς,</span> <span class='ocrx_word' id='word_1_793' title='bbox 798 5388 890 5440; x_wconf 76' lang='grc' dir='ltr'>καὶ</span> <span class='ocrx_word' id='word_1_794' title='bbox 913 5386 1179 5440; x_wconf 83' lang='grc' dir='ltr'>ἀπέθανεν</span> <span class='ocrx_word' id='word_1_795' title='bbox 1206 5387 1235 5438; x_wconf 84' lang='lat'><strong>6</strong></span> <span class='ocrx_word' id='word_1_796' title='bbox 1264 5389 1329 5459; x_wconf 78' lang='grc' dir='ltr'>τῇ</span> <span class='ocrx_word' id='word_1_797' title='bbox 1356 5386 1515 5457; x_wconf 75' lang='grc' dir='ltr'>φύσει</span> <span class='ocrx_word' id='word_1_798' title='bbox 1530 5388 1728 5443; x_wconf 84' lang='grc' dir='ltr'>ἀθάνα-</span> 
     </span>
    </p>
   </div>
   <div class='ocr_carea' id='block_1_112' title="bbox 196 5643 1732 5725">
    <p class='ocr_par' dir='ltr' id='par_1_112' title="bbox 196 5643 1732 5725">
     <span class='ocr_line' id='line_1_112' title="bbox 196 5643 1732 5725; baseline 0.009 -30"><span class='ocrx_word' id='word_1_799' title='bbox 196 5643 405 5725; x_wconf 56' lang='grc' dir='ltr'>ξΡεει.</span> <span class='ocrx_word' id='word_1_800' title='bbox 431 5659 648 5725; x_wconf 44' lang='lat' dir='ltr'><strong>&#39;izxxui,</strong></span> <span class='ocrx_word' id='word_1_801' title='bbox 680 5646 783 5725; x_wconf 66' lang='lat'><strong>_15.</strong></span> <span class='ocrx_word' id='word_1_802' title='bbox 884 5648 942 5725; x_wconf 48' lang='grc' dir='ltr'><strong>β’</strong></span> <span class='ocrx_word' id='word_1_803' title='bbox 987 5648 1108 5725; x_wconf 58' lang='grc'><strong>108.</strong></span> <span class='ocrx_word' id='word_1_804' title='bbox 1152 5666 1229 5725; x_wconf 68' lang='grc' dir='ltr'>γι.</span> <span class='ocrx_word' id='word_1_805' title='bbox 1260 5720 1300 5725; x_wconf 98' lang='lat'>_</span> <span class='ocrx_word' id='word_1_806' title='bbox 1340 5650 1589 5725; x_wconf 3' lang='lat' dir='ltr'><strong>‘fglgnat.</strong></span> <span class='ocrx_word' id='word_1_807' title='bbox 1635 5652 1732 5725; x_wconf 77' lang='lat' dir='ltr'><strong>intt</strong></span> 
     </span>
    </p>
   </div>
   <div class='ocr_carea' id='block_1_113' title="bbox 1812 5643 3395 5725">
    <p class='ocr_par' dir='ltr' id='par_1_113' title="bbox 1812 5648 3395 5725">
     <span class='ocr_line' id='line_1_113' title="bbox 1812 5648 3395 5725; baseline -0.005 -14"><span class='ocrx_word' id='word_1_808' title='bbox 1812 5655 1888 5711; x_wconf 93' lang='lat' dir='ltr'><strong>ol.</strong></span> <span class='ocrx_word' id='word_1_809' title='bbox 1922 5657 1990 5712; x_wconf 84' lang='lat' dir='ltr'><strong>ad</strong></span> <span class='ocrx_word' id='word_1_810' title='bbox 2019 5656 2185 5713; x_wconf 84' lang='lat' dir='ltr'><strong>Trall.</strong></span> <span class='ocrx_word' id='word_1_811' title='bbox 2233 5657 2285 5712; x_wconf 83' lang='lat'><strong>5.</strong></span> <span class='ocrx_word' id='word_1_812' title='bbox 2400 5658 2442 5691; x_wconf 81' lang='grc'>¹¹</span> <span class='ocrx_word' id='word_1_813' title='bbox 2475 5654 2557 5711; x_wconf 87' lang='lat' dir='ltr'><strong>lsa</strong></span> <span class='ocrx_word' id='word_1_814' title='bbox 2618 5672 2693 5719; x_wconf 77' lang='lat' dir='ltr'><strong>vi,</strong></span> <span class='ocrx_word' id='word_1_815' title='bbox 2734 5656 2790 5710; x_wconf 77' lang='lat'><strong>2.</strong></span> <span class='ocrx_word' id='word_1_816' title='bbox 2904 5656 2946 5687; x_wconf 83' lang='grc'><strong>¹³</strong></span> <span class='ocrx_word' id='word_1_817' title='bbox 2981 5654 3114 5725; x_wconf 46' lang='lat' dir='ltr'><strong>Dan:</strong></span> <span class='ocrx_word' id='word_1_818' title='bbox 3145 5666 3254 5715; x_wconf 80' lang='lat' dir='ltr'><strong>vn,</strong></span> <span class='ocrx_word' id='word_1_819' title='bbox 3304 5648 3395 5704; x_wconf 81' lang='grc'><strong>10.</strong></span> 
     </span>
    </p>
   </div>
   <div class='ocr_carea' id='block_1_114' title="bbox 130 5712 3395 5814">
    <p class='ocr_par' dir='ltr' id='par_1_114' title="bbox 130 5712 3395 5814">
     <span class='ocr_line' id='line_1_114' title="bbox 130 5712 3395 5814; baseline -0.013 3"><span class='ocrx_word' id='word_1_820' title='bbox 130 5712 178 5814; x_wconf 53' lang='grc'><strong>3</strong></span> <span class='ocrx_word' id='word_1_821' title='bbox 212 5714 1132 5814; x_wconf 51' lang='lat' dir='ltr'><strong>iii;.“z..?f:.-n&quot;-!§li‘1b..i“iam”-</strong></span> <span class='ocrx_word' id='word_1_822' title='bbox 1167 5722 1233 5778; x_wconf 61' lang='lat' dir='ltr'><strong>ad</strong></span> <span class='ocrx_word' id='word_1_823' title='bbox 1260 5712 1560 5791; x_wconf 52' lang='grc' dir='ltr'><strong>Τι’ίίυουίθὶ</strong></span> <span class='ocrx_word' id='word_1_824' title='bbox 1592 5725 1659 5782; x_wconf 68' lang='lat' dir='ltr'><strong>ad</strong></span> <span class='ocrx_word' id='word_1_825' title='bbox 1696 5712 1812 5781; x_wconf 47' lang='lat' dir='ltr'><strong>sm.-</strong></span> <span class='ocrx_word' id='word_1_826' title='bbox 1845 5726 1871 5781; x_wconf 68' lang='grc' dir='ltr'>ί</span> <span class='ocrx_word' id='word_1_827' title='bbox 1898 5744 1913 5795; x_wconf 68' lang='grc' dir='ltr'><strong><em>ἱ</em></strong></span> <span class='ocrx_word' id='word_1_828' title='bbox 1942 5728 2008 5784; x_wconf 72' lang='lat' dir='ltr'><strong>ad</strong></span> <span class='ocrx_word' id='word_1_829' title='bbox 2032 5712 2208 5801; x_wconf 80' lang='lat' dir='ltr'><strong>Magn.</strong></span> <span class='ocrx_word' id='word_1_830' title='bbox 2235 5728 2323 5783; x_wconf 79' lang='lat' dir='ltr'><strong>tl.</strong></span> <span class='ocrx_word' id='word_1_831' title='bbox 2402 5730 2445 5761; x_wconf 84' lang='lat'>“</span> <span class='ocrx_word' id='word_1_832' title='bbox 2470 5727 2617 5785; x_wconf 82' lang='lat' dir='ltr'><strong>Psal.</strong></span> <span class='ocrx_word' id='word_1_833' title='bbox 2640 5712 2817 5794; x_wconf 58' lang='lat' dir='ltr'><strong>cxuv,</strong></span> <span class='ocrx_word' id='word_1_834' title='bbox 2848 5727 2933 5783; x_wconf 80' lang='grc'>16.</span> <span class='ocrx_word' id='word_1_835' title='bbox 3012 5728 3051 5757; x_wconf 74' lang='grc'><strong>³⁷</strong></span> <span class='ocrx_word' id='word_1_836' title='bbox 3081 5712 3395 5780; x_wconf 58' lang='grc' dir='ltr'>Ιοδιιξκνιι.</span> 
     </span>
    </p>
   </div>
   <div class='ocr_carea' id='block_1_115' title="bbox 214 5786 1021 5857">
    <p class='ocr_par' dir='ltr' id='par_1_115' title="bbox 214 5786 1021 5857">
     <span class='ocr_line' id='line_1_115' title="bbox 214 5786 1021 5857; baseline 0.006 -20"><span class='ocrx_word' id='word_1_837' title='bbox 214 5787 390 5857; x_wconf 74' lang='grc' dir='ltr'>Ιειιιιι.</span> <span class='ocrx_word' id='word_1_838' title='bbox 424 5788 619 5857; x_wconf 86' lang='lat' dir='ltr'><strong>interp.</strong></span> <span class='ocrx_word' id='word_1_839' title='bbox 650 5786 719 5843; x_wconf 88' lang='lat' dir='ltr'><strong>ad</strong></span> <span class='ocrx_word' id='word_1_840' title='bbox 743 5786 909 5843; x_wconf 85' lang='lat' dir='ltr'><strong>Trall.</strong></span> <span class='ocrx_word' id='word_1_841' title='bbox 938 5793 1021 5845; x_wconf 83' lang='lat' dir='ltr'><strong>l0.</strong></span> 
     </span>
    </p>
   </div>
  </div>
