3976 6340
626 323 767 379 1105

1457 319 1512 375 S.
1554 317 1949 374 CLEMENTIS
1979 318 2001 373 ι
2038 318 2207 378 ROM.
2244 318 2443 376 PONT.
2485 317 2713 375 OPERA
2750 318 2974 376 DUBlA.
3624 338 3713 394 “0;

617 439 806 501 tinuit,
838 436 1111 505 permissu
1167 445 1298 502 tuo;
1330 435 1566 493 traditus
1596 443 1681 492 est
1724 435 1901 491 Pilato
1927 437 2144 506 praesidi
2176 455 2186 505 ;

2297 455 2407 502 τος,
2436 437 2531 490 καὶ
2555 436 2726 508 ἐτάφη
2756 438 2785 490 ὁ
2823 432 3103 501 ζωοποιδς,
3138 436 3222 488 ἵνα
3249 436 3421 503 πάθους
3442 440 3549 515 λύσῃ
3570 450 3636 501 καὶ
3654 452 3717 504 θα.

612 530 893 598 judicatus
937 536 1040 594 est,
1080 528 1283 597 judex;
1314 528 1710 583 condemnatus
1740 536 1845 593 est,
1891 528 2141 583 Salvator
2171 548 2187 595 ;

617 622 768 675 cruci
798 620 990 676 afﬁxus
1010 628 1117 687 est,
1148 621 1241 691 qui
1273 622 1382 691 pati
1421 638 1531 677 non
1563 630 1773 692 potest;
1808 633 2055 676 mortuus
2085 630 2188 685 est,

618 720 822 766 natura
854 713 1210 779 immortalis;
1256 714 1502 784 sepultus
1532 722 1638 778 est,
1680 714 1806 768 vitae
1835 714 2099 781 effector;
2132 722 2190 769 ut

617 804 743 859 illos
772 816 995 874 propter
1035 821 1174 876 quos
1226 804 1542 867 advenerat,
1572 822 1603 879 a
1646 807 1904 876 passione
1935 806 2188 872 solveret,

617 901 672 946 et
696 907 724 946 a
752 902 924 949 morte
947 894 1198 964 eriperet,
1231 904 1290 950 ut
1313 896 1515 952 diaboli
1548 896 1763 951 vincula
1794 907 2088 964 rumperet,
2120 894 2187 948 il-

620 984 834 1053 liusque
865 1000 931 1039 ex
970 985 1181 1041 fallacia
1213 988 1466 1043 liberaret
1497 988 1743 1043 homines
1771 1006 1784 1043 :
1831 987 2130 1042 resurrexit
2157 1001 2190 1043 e

618 1080 850 1133 mortuis
874 1080 1033 1134 tertia
1062 1080 1149 1136 die
1180 1100 1193 1135 :
1221 1081 1579 1151 quadraginta
1600 1081 1795 1137 diebus
1820 1091 2191 1138 commoratus

616 1186 741 1226 cum
764 1171 1070 1242 discipulis,
1095 1182 1407 1242 assumptus
1436 1184 1517 1228 est
1540 1174 1594 1227 in
1614 1174 1817 1240 cwlos;
1840 1183 1895 1229 et
1921 1174 1987 1229 ad
2004 1174 2191 1231 dexte-

617 1280 737 1319 ram
769 1266 975 1321 assidet
999 1266 1116 1333 tibi,
1152 1265 1261 1319 Deo
1291 1282 1355 1319 ac
1402 1264 1547 1318 Patri
1577 1282 1696 1321 suo.
1724 1266 1765 1297 ¹⁹
1792 1265 2059 1321 lllemores
2088 1267 2191 1336 igi-

620 1366 710 1413 tur
740 1374 929 1413 eorum
964 1375 1085 1429 qua:
1108 1368 1328 1429 propter
1356 1374 1456 1413 nos
1484 1360 1727 1428 pertulit,
1751 1359 1953 1429 gratias
1978 1360 2189 1427 agimus

618 1450 741 1514 tibi,
780 1448 922 1505 Deus
958 1451 1330 1519 omnipotens,
1363 1466 1470 1505 nou
1523 1459 1787 1521 quantum
1818 1451 2100 1515 debemus,
2134 1459 2190 1506 at

617 1549 882 1612 quantum
912 1558 1239 1613 possumus;
1278 1550 1331 1598 et
1360 1544 1808 1598 constitutionem
1841 1544 1960 1613 ejus
2000 1544 2189 1615 imple-

618 1648 761 1689 mus.
788 1633 846 1687 In
872 1650 977 1703 qua
1008 1635 1151 1689 enim
1178 1645 1341 1690 nocte
1366 1636 1703 1700 tradebatur,
1738 1652 1877 1706 pane
1898 1637 2188 1693 sanctisac

618 1725 984 1784 immaculatis
1018 1728 1273 1783 manibus
1303 1730 1416 1784 suis
1439 1737 1683 1799 accepto,
1718 1736 1772 1784 et
1807 1730 2030 1785 elevatis
2056 1746 2189 1786 ocu-

617 1817 688 1872 lis
716 1818 783 1872 ad
808 1826 862 1874 te
885 1818 1054 1875 Deum
1088 1836 1247 1876 suum
1280 1836 1344 1875 ac
1369 1796 1609 1885 Patrem,
1643 1821 1823 1892 fregit,
1852 1832 1904 1877 et
1927 1822 2077 1878 dedit
2103 1823 2188 1877 di-
2220 1796 2260 1851 Β

619 1909 868 1979 Scipulis,
892 1911 1118 1967 dicens:
1151 1931 1169 1962 ι
1220 1911 1334 1967 Hoc
1362 1922 1447 1969 est
1478 1915 1799 1983 mysterium
1826 1915 1965 1970 Novi
1996 1913 2187 1972 Testa-

618 2003 812 2067 menti,
853 2005 1085 2075 accipite
1111 2021 1175 2059 ex
1201 2021 1289 2069 eo,
1338 2006 1669 2062 manducate
1697 2026 1711 2062 :
1741 2008 1845 2063 hoc
1866 2015 1950 2064 est
1986 2023 2187 2079 corpus

615 2108 819 2159 meum,
850 2096 994 2165 quod
1035 2112 1132 2166 pro
1175 2098 1363 2154 multis
1403 2097 1695 2169 frangitur,
1723 2099 1778 2153 in
1808 2099 2187 2155 remissionem

614 2195 986 2255 peccatorum.
1022 2187 1288 2245 Similiter
1323 2191 1552 2245 calicem
1585 2191 1806 2247 miscuit
1843 2206 1911 2247 ex
1956 2190 2086 2246 vino
2132 2198 2188 2247 et

613 2291 776 2347 aqua,
812 2280 1195 2346 sanctilicavit,
1222 2297 1286 2337 ac
1312 2281 1460 2337 dedit
1495 2282 1710 2350 iisdem,
1753 2283 1981 2338 dicens:
2012 2282 2188 2340 Bibitc

613 2386 679 2424 ex
708 2386 772 2426 eo
801 2386 992 2429 omnes
1019 2393 1031 2429 :
1066 2374 1156 2428 bic
1186 2382 1269 2430 est
1302 2376 1526 2446 sanguis
1556 2391 1732 2439 meus,
1757 2376 1849 2446 qui
1876 2391 1975 2446 pro
2001 2376 2187 2432 multis

613 2464 910 2519 effunditur
929 2466 983 2520 in
1005 2467 1385 2523 remissionem
1408 2475 1776 2538 peccatorum.
1806 2466 1920 2522 Hoc
1942 2466 2104 2522 facite
2130 2468 2186 2522 in

612 2572 789 2612 meam
862 2561 1457 2615 commemorationem.
1519 2560 1968 2630 Quotiescunque
2037 2560 2186 2616 enim

612 2652 1017 2707 manducabitis
1050 2668 1243 2723 panem
1271 2653 1439 2717 hunc,
1458 2662 1511 2708 et
1536 2654 1733 2710 bibetis
1759 2654 1907 2709 hunc
1932 2653 2182 2719 calicem,

611 2752 843 2799 mortem
876 2759 1054 2800 meam
1108 2746 1527 2811 annuntiabitis,
1578 2746 1754 2801 donec
1807 2747 2019 2801 veniam
2056 2747 2124 2801 ’⁸.
2159 2764 2179 2799 ι

612 2837 655 2865 ’³
687 2835 877 2906 Itaque
909 2853 1178 2894 memores
1229 2838 1503 2910 passionis
1542 2839 1685 2909 ejus,
1730 2847 1784 2894 et
1825 2839 2039 2905 mortis,
2071 2847 2126 2895 et
2151 2855 2183 2893 a

610 2930 843 2984 mortuis
888 2931 1332 2995 resurrectionis,
1382 2940 1545 3002 atque
1581 2931 1637 2986 in
1669 2933 1869 2987 emlum
1918 2932 2180 3003 reditus;

612 3035 826 3076 necnon
853 3023 1080 3077 secundi
1110 3024 1397 3090 adventus,
1432 3041 1593 3095 quem
1620 3025 1764 3080 idem
1793 3024 2039 3081 facturus
2067 3034 2181 3089 est,

2293 536 2454 586 νάτου
2485 532 2731 602 ἐξέληται
2758 532 2979 594 τούτους
3002 531 3129 594 τοὺς
3162 530 3267 602 (57)
3293 532 3349 585 δι’
3364 535 3441 598 οὓς
3461 544 3716 609 παρεγένετο,

2292 626 2388 679 καὶ
2415 624 2551 698 ρήξη
2579 624 2650 678 τά
2692 624 2867 694 δεσμά
2910 623 3005 676 τοῦ
3048 622 3303 687 διαϐόλου,
3340 629 3419 679 καὶ
3440 630 3617 701 ρύσηται
3642 639 3721 701 τοὺς

2292 717 2611 790 ἀνθρώπους
2654 719 2717 771 ὲκ
2760 717 2859 788 τῆς
2906 717 3121 789 ἀπάτης
3160 718 3344 771 αὐτοῦ’
3391 723 3468 774 καὶ
3505 724 3651 798 ἀνέστη
3681 731 3721 783 ὲκ

2292 811 2501 883 νεκρῶν
2536 813 2603 883 τῇ
2646 810 2804 882 τρίτῃ
2838 809 3025 882 ἡμέρᾳ
3046 826 3060 840 ·
3094 810 3187 862 καὶ
3211 813 3554 887 τεσσαράκοντα
3581 818 3724 887 ἡμέρας

2293 903 2638 975 ὲνδιατρίψας
2679 902 2790 972 (58)
2818 905 2932 964 τοῖς
2972 900 3259 973 μαθηταῖς,
3290 901 3518 975 ἀνελήφθη
3556 909 3615 970 είς
3643 912 3723 974 τοὺς

2291 995 2570 1067 οὐρανοὺς,
2602 994 2698 1048 καὶ
2739 992 3007 1063 ὲκαθέσθη
3031 994 3095 1046 ὲκ
3139 991 3317 1057 δεξιῶν
3350 1011 3427 1047 σου
3452 996 3529 1048 τοῦ
3550 997 3649 1051 Θεοῦ
3668 1004 3725 1054 tui

2291 1086 2502 1158 Πατρὺς
2523 1084 2706 1139 αὐτοῦ.
2730 1085 3084 1155 Μεμνημένοι
3104 1081 3196 1138 οὖν
3215 1078 3284 1138 ὧν
3301 1084 3361 1138 δι’
3376 1088 3500 1156 ἡμᾶς
3526 1089 3722 1159 ὑπέμεινε,

2291 1175 2717 1248 εὐχαριστοῦμεν
2746 1192 2849 1239 σοι,
2879 1176 2981 1229 Θεὲ
3015 1178 3396 1250 παντόκρατορ,
3421 1179 3503 1249 οὐχ
3523 1182 3614 1233 ὅσον
3634 1185 3728 1252 ὀφεί-

2289 1266 2473 1339 λομεν,
2517 1268 2632 1321 ἀλλ’
2653 1269 2778 1321 ὅσον
2822 1268 3119 1339 δυνάμεθα,
3163 1269 3257 1322 καὶ
3288 1270 3379 1341 τὴν
3409 1270 3601 1338 διάταξιν
3622 1274 3727 1328 αὑτοῦ

2288 1359 2617 1431 πληροῦμεν.
2661 1359 2748 1413 Ἐν
2839 1358 2947 1431 γὰρ
2969 1361 3123 1413 νυκτὶ
3141 1361 3448 1432 παρεδίδοτο,
3472 1362 3612 1416 λαϐὼν
3628 1367 3729 1436 ἄριοι

2287 1454 2407 1514 ταῖς
2440 1451 2621 1520 ἁγίαις
2645 1452 2740 1504 καὶ
2760 1450 3012 1523 ἀμώμοις
3031 1450 3196 1505 αὑτοῦ
3217 1453 3381 1524 χερσὶ,
3416 1454 3496 1506 καὶ
3518 1454 3728 1525 ἀναϐλέψας

2289 1541 2426 1613 πρὸς
2460 1542 2519 1595 σὲ
2551 1543 2643 1596 τὸν
2686 1542 2820 1597 Θεὸν
2864 1542 3028 1597 αὑτοῦ
3078 1544 3173 1597 καὶ
3218 1545 3438 1616 Πατέρα,
3476 1548 3553 1598 καὶ
3582 1548 3730 1611 nam

2289 1633 2456 1688 ἔδωκε
2492 1637 2603 1698 τοῖς
2640 1635 2908 1707 μαθηταῖς
2947 1635 3117 1689 εἰπών
3141 1654 3155 1667 ’
3190 1655 3209 1687 ι
3245 1636 3402 1690 Τοῦτο
3440 1638 3491 1690 τὸ
3530 1642 3730 1710 μυστήριον

2286 1726 2385 1797 τῆς
2395 1725 2598 1797 Καινῆς
2608 1726 2879 1800 Διαθήκης
2897 1744 2910 1758 ο
2932 1728 3124 1783 λάϐετε
3145 1727 3204 1795 ἐξ
3225 1728 3398 1793 αὐτοῦ,
3420 1729 3610 1798 φάγετεο
3633 1731 3733 1784 τοῦτό

2288 1820 2403 1871 ὲστι
2431 1817 2493 1871 τὸ
2518 1818 2678 1891 σῶμά
2711 1836 2835 1890 μου,
2868 1821 2930 1873 τὸ
2956 1821 3085 1893 περὶ
3121 1820 3329 1874 πολλῶν
3369 1820 3662 1892 θρυπτόμενον
3686 1824 3733 1885 εἰς

2286 1910 2477 1981 ἄφεσιν
2507 1911 2786 1983 ἁμαρτιῶν
2807 1929 2820 1942 ·
2855 1913 3115 1975 ὡσαύτως
3132 1913 3304 1966 καὶτὸ
3332 1914 3554 1984 ποτήριον
3576 1912 3735 1983 κεράσας

2286 2001 2344 2070 ἐξ
2367 2003 2513 2056 οἴνου
2552 2005 2647 2057 καὶ
2684 2003 2877 2068 ὓδατος
2919 2004 3052 2078 (59),
3090 2005 3189 2059 καὶ
3222 2005 3455 2074 ἁγιάσας,
3482 2004 3733 2056 ἐπέδωκενίθῗ

2286 2094 2487 2160 αὐτοῖς,
2520 2094 2691 2165 λέγων
2707 2114 2721 2127 ο
2740 2097 2899 2150 Πίετε
2926 2098 2983 2164 ἐξ
3011 2097 3177 2151 αὐτοῦ
3211 2098 3399 2161 πάντες
3420 2114 3433 2127 ⁸
3458 2096 3587 2149 τοῦτὸ
3606 2095 3733 2148 tanti

2285 2181 2427 2258 αἷμά
2468 2205 2568 2259 μου
2586 2227 2601 2253 ,
2638 2189 2698 2242 τὸ
2734 2190 2862 2261 περὶ⁸
2895 2188 3105 2243 πολλῶν
3140 2191 3481 2261 ὲκχυνόμενον
3520 2192 3584 2253 είς
3615 2190 3734 2258 ἄφεσιν

2287 2279 2587 2351 ἁμαρτιῶν.
2632 2280 2802 2334 Τοῦτο
2842 2284 3047 2336 ποιεῖτε
3087 2284 3170 2346 είς
3211 2282 3309 2353 τὴν
3357 2283 3482 2354 ἐμὴν
3510 2282 3733 2353 ἀνάμνησιν.

2297 2370 2516 2436 Ὁσάκις
2546 2371 2654 2444 γὰρ
2696 2372 2791 2426 ὲάν
2820 2372 3035 2446 ἐσθίητε
3073 2374 3166 2427 τὸν
3210 2375 3369 2446 ἄρτον
3385 2373 3569 2436 τοῦτον,
3599 2374 3664 2425 καὶ
3684 2372 3736 2422 πί-

2285 2480 2414 2536 νητε
2465 2464 2528 2518 τὸ
2584 2466 2841 2538 ποτήριον
2892 2465 3051 2519 τοῦτο
3072 2504 3087 2530 ,
3153 2466 3246 2520 τὸν
3289 2466 3499 2520 θάνατον
3544 2465 3615 2517 τὸν
3658 2462 3736 2533 ἐγὼ

2285 2556 2680 2626 καταγγέλλετε
2700 2596 2716 2621 ,
2764 2558 2923 2630 ἄχρις
2967 2557 3034 2612 ἂν
3080 2558 3242 2612 ἔλθω.
3280 2578 3300 2611 ι
3346 2557 3642 2629 Μεμνημένοι
3671 2554 3738 2607 τοὶ-

2285 2666 2379 2703 νυν
2416 2649 2510 2703 τοῦ
2559 2650 2765 2714 πάθους
2804 2650 2992 2717 αὑτοῦ,
3036 2653 3128 2706 καὶ
3150 2651 3247 2706 τοῦ
3277 2651 3510 2713 θανάτου,
3532 2647 3687 2717 καὶτῆς
3704 2648 3740 2698 ἐκ

2284 2741 2492 2813 νεκρῶν
2530 2742 2909 2808 ἀναστάσεως,
2951 2745 3045 2799 καὶ
3094 2745 3196 2817 τῆς
3239 2748 3318 2810 είς
3364 2746 3590 2817 οὐρανοὺς
3618 2742 3743 2795 ἐπινό-

2283 2831 2395 2898 δου,
2435 2834 2657 2905 καὶτῆς
2686 2834 2982 2907 μελλούσης
3018 2836 3185 2890 αὑτοῦ
3221 2838 3471 2909 δευτέρας
3505 2834 3741 2906 παρουσίκ.

2285 2920 2397 3001 ἐ,νῇ
2427 2926 2644 2999 ἔρχεται
2681 2928 2819 2999 μετὰ
2844 2928 3001 3001 δόξης
3027 2930 3423 3002 καὶδυνάμεως
3443 2932 3592 3002 κρῖναι
3615 2927 3744 2991 ζῶντας

2286 3020 2379 3074 καὶ
2421 3020 2669 3092 νεκροὺς,
2724 3021 2817 3075 καὶ
2859 3021 3152 3077 ἀποδοῦναι
3191 3022 3401 3094 ἑκάστῳ
3439 3020 3562 3076 κατὰ
3588 3016 3747 3088 tum:

612 3111 669 3166 in
687 3128 796 3183 quo
815 3129 940 3170 cum
961 3116 1131 3186 gloria
1162 3124 1215 3171 et
1240 3124 1511 3189 potestate
1544 3117 1726 3172 veniet
1750 3116 1997 3186 judicare
2031 3117 2185 3173 vivos

2287 3110 2473 3177 αὑτοῦ,
2522 3114 2904 3186 προσφέρομέν
2936 3131 3016 3168 σοι
3045 3114 3125 3186 τῷ
3148 3114 3359 3187 βασιλεῖ
3402 3115 3487 3168 καὶ
3521 3110 3637 3182 Θεῷ,
3664 3106 3748 3160 κατὰ

613 3213 667 3259 et
698 3215 946 3263 mortuos
973 3210 1039 3271 ",
1071 3217 1126 3263 et
1170 3209 1398 3265 reddere
1429 3209 1661 3280 singulis
1685 3210 1843 3280 juxta
1887 3224 2055 3280 opera
2084 3224 2179 3265 eo-

611 3311 735 3351 rum
761 3298 842 3366 ";
889 3300 989 3355 tibi
1039 3301 1153 3374 regi
1185 3316 1249 3356 ac
1294 3301 1406 3357 Deo
1435 3317 1629 3373 panem
1662 3302 1808 3357 hunc
1861 3310 1917 3359 et
1956 3302 2183 3358 calicem

610 3390 759 3445 hunc
815 3391 1120 3459 offerimus,
1172 3394 1475 3451 secundum
1534 3394 1985 3451 constitutionem
2039 3393 2181 3465 ejus,

610 3486 814 3557 gratias
848 3488 943 3542 tibi
986 3503 1084 3559 per
1110 3504 1234 3544 eum
1281 3497 1527 3560 agentes,
1572 3488 1699 3559 quia
1732 3502 1833 3542 nos
1862 3487 2057 3558 dignos
2087 3489 2184 3539 ba-

612 3579 804 3643 buisti,
839 3580 934 3650 qui
970 3589 1245 3637 staremus
1274 3596 1459 3636 coram
1493 3588 1569 3647 te,
1607 3596 1671 3636 ac
1701 3580 2011 3637 sacerdotio
2058 3578 2185 3634 fun-

610 3686 863 3741 geremur
883 3673 980 3727 tibi
1005 3691 1019 3741 ;
1042 3683 1095 3729 et
1118 3674 1397 3747 poscimus
1429 3681 1502 3737 te,
1530 3681 1590 3727 ut
1622 3688 1788 3743 super
1816 3672 1931 3728 haec
1960 3672 2105 3727 dona
2126 3672 2183 3725 in

610 3774 909 3835 conspectu
956 3775 1050 3821 tuo
1098 3766 1378 3837 proposita
1410 3766 1622 3836 placate
1652 3764 1940 3835 respicias,
1989 3771 2051 3819 tu
2089 3764 2183 3835 qui

610 3858 814 3913 nullius
847 3856 1060 3929 indiges
1098 3857 1261 3925 Deus,
1302 3865 1355 3913 et
1385 3858 1745 3928 beneplaceas
1778 3858 1836 3913 in
1880 3857 1962 3913 eis
1987 3855 2055 3911 ad
2084 3855 2186 3911 ho-

611 3964 799 4004 norem
836 3948 1043 4005 Christi
1093 3950 1195 4016 tui,
1249 3958 1412 4021 atque
1460 3964 1629 4020 supra
1686 3949 1791 4004 hoc
1846 3946 2182 4003 sacrificium

611 4041 797 4095 mittas
841 4051 1088 4097 sanctum
1121 4052 1275 4098 tuum
1306 4042 1593 4113 Spiritum,
1639 4048 1832 4096 testem
1863 4038 2184 4111 passionum

534 4190 539 4195 ,
611 4130 825 4187 Domini
853 4132 1006 4197 Jesu,
1044 4142 1103 4188 ut
1130 4135 1377 4190 exhibeat
1410 4150 1607 4204 panem
1637 4134 1783 4188 hunc
1805 4148 2005 4203 corpus
2025 4131 2185 4188 Chri-

612 4223 683 4278 sti
705 4224 805 4286 tui,
837 4233 891 4280 et
922 4226 1149 4283 calicem
1179 4227 1325 4282 hunc
1354 4226 1677 4297 sanguinem
1708 4224 1915 4280 Christi
1950 4223 2053 4288 tui,
2074 4237 2184 4295 quo

610 4318 908 4389 participes
938 4320 1110 4383 illius,
1145 4321 1212 4375 ad
1256 4321 1513 4391 pietatem
1540 4318 1958 4381 conﬁrmentur,
1984 4317 2181 4374 remis-

612 4409 823 4463 sionem
868 4424 1217 4481 peccatorum
1247 4421 1683 4483 consequantur,
1714 4410 1930 4466 diabolo
1953 4411 2183 4480 ejusque

2284 3206 2384 3277 τὴν
2398 3204 2561 3259 αὐτοῦ
2587 3204 2849 3273 διάταξιν,
2874 3207 3158 3279 τὸν.ἀρτον
3179 3208 3389 3271 τοῦτον,
3408 3206 3495 3260 καὶ
3510 3205 3563 3258 τὸ
3578 3202 3749 3272 miram

2283 3298 2460 3361 τοῦτο,
2488 3298 2935 3369 εὐχαριστοῦντές
2960 3318 3043 3354 σοι
3062 3301 3129 3355 δι’
3153 3301 3345 3365 αὐτοῦ,
3378 3303 3457 3370 ἐφ’
3474 3295 3545 3362 οἷς
3566 3294 3750 3365 κατηξίω-

2287 3407 2387 3455 σας
2423 3392 2573 3462 ἡμᾶς
2610 3391 2830 3445 ἑστάναι
2859 3391 3089 3447 ἐνώπιόν
3117 3411 3239 3459 σου,
3274 3394 3369 3449 καὶ
3412 3391 3657 3465 ἱερατεύειν
3687 3404 3750 3446 σοι.

2284 3486 2379 3538 καὶ
2417 3484 2673 3556 ἀξιοῦμέν
2714 3501 2795 3549 σε,
2839 3486 2989 3550 ὅπως
3030 3488 3281 3558 εὐμενῶς
3328 3487 3593 3557 meum;
3626 3480 3751 3535 ὲπὶτὰ

2283 3577 2617 3648 προκείμενα
2650 3576 2799 3649 δῶρα
2823 3577 2996 3631 ταῦτα
3024 3577 3260 3634 ἐνώπιόν
3293 3598 3409 3644 σου,
3438 3580 3496 3634 σὺ
3528 3578 3553 3631 ὁ
3584 3572 3752 3639 ἀνενδεὴς

2282 3668 2434 3733 Θεὸς,
2465 3668 2559 3722 κα)⁵
2580 3668 2878 3741 εὐδοκήσης
2906 3671 2992 3723 ἐπ’
3011 3671 3198 3735 αὐτοῖς
3219 3674 3301 3736 είς
3327 3671 3484 3742 τιμὴν
3508 3667 3586 3721 τοῦ
3596 3660 3753 3736 Χριστοῦ

2285 3777 2398 3825 σου,
2447 3761 2541 3815 καὶ
2578 3760 2943 3833 καταπέμψης
2970 3762 3031 3815 τὸ
3057 3762 3215 3832 ἅγιόν
3248 3780 3343 3817 σου
3390 3761 3589 3833 Πνεῦμα
3610 3760 3678 3810 ἐπὶ
3694 3753 3754 3821 τὶν

2283 3852 2469 3907 θυσίαν
2496 3853 2717 3925 ταύτην,
2746 3854 2837 3907 τὸν
2862 3855 3113 3928 μάρτυρα
3136 3856 3253 3909 τῶν
3275 3856 3587 3927 παθημάτων
3605 3849 3674 3903 τοῦ
3688 3848 3755 3900 liv-

2284 3945 2400 4016 ρίου
2445 3945 2640 4018 Ἰησοῦ,
2662 3947 2809 4010 ὅπως
2826 3948 3075 4020 ἀποφήνῃ
3095 3949 3191 4002 τὸν
3206 3950 3371 4021 ἄρτον
3388 3947 3559 4001 τοῦτον
3577 3934 3755 4013 σῶματῶ

2281 4037 2518 4110 Χριστοῦ
2540 4088 2543 4093 ,
2564 4054 2679 4099 σου,
2708 4038 2804 4092 καὶ
2831 4039 2893 4092 τὸ
2936 4041 3195 4112 ποτήριον
3243 4040 3404 4095 τοῦτο
3431 4033 3553 4111 αἷμα
3576 4034 3647 4088 τοῦ
3671 4032 3756 4098 x9"

2283 4130 2409 4185 στοῦ
2463 4149 2579 4195 σου,
2627 4132 2713 4184 ἵνα
2754 4133 2805 4184 οἱ
2853 4131 3255 4203 μεταλαϐόντες
3306 4131 3487 4195 αὐτοῦ,
3518 4121 3756 4201 βεϐαιωθῶσι

2281 4224 2420 4296 πρὸς
2448 4223 2750 4288 εὐσέϐειαν,
2793 4224 3041 4295 ἀφέσεως
3067 4227 3483 4298 ἁμαρτημάτων
3506 4221 3682 4290 τύχωσι,
3702 4211 3756 4263 τοῦ

2280 4316 2525 4370 διαϐόλου
2563 4318 2657 4370 καὶ
2683 4317 2784 4388 τῆς
2813 4316 3021 4389 πλάνης
3047 4318 3216 4372 αὐτοῦ
3253 4316 3506 4391 ρυσθῶσι,
3536 4309 3756 4379 [filatim

2284 4408 2440 4478 ἁγίου
2475 4408 2853 4480 πληρωθῶσιν,
2882 4406 3026 4476 ἄξιοί
3044 4410 3135 4463 τοῦ
3166 4409 3405 4483 Χριστοῦ
3431 4426 3517 4462 σου
3545 4406 3755 4474 γένωνται.

605 4518 797 4559 errore
846 4505 1166 4573 liberentur,
1198 4506 1404 4578 Spiritu
1439 4514 1630 4561 sancto
1661 4506 1994 4578 repleantur,
2029 4505 2180 4575 digni

2286 4501 2433 4572 ζωῆς
2482 4499 2698 4555 αἰωνίου
2749 4501 2974 4573 τύχωσι,
3033 4501 3126 4555 σοῦ
3175 4499 3588 4571 χαταλλαγέντος
3628 4489 3757 4548 αὺτοῖς.

604 4595 829 4652 Christo
848 4606 945 4652 tuo
970 4599 1122 4664 fiant,
1145 4600 1312 4654 vitam
1344 4600 1727 4670 sempiternam
1768 4598 2080 4668 impetrent,
2127 4606 2181 4653 te

608 4691 719 4746 illis
746 4695 1121 4761 reconciliato,
1162 4693 1391 4750 Domine
1427 4692 1793 4763 omnipotens.
1826 4689 2019 4744 Adhuc
2053 4704 2181 4744 ora-

2284 4594 2528 4647 Δέσποτα
2559 4594 2957 4667 παντὸκρατορ.
2990 4595 3111 4648 Ἔτι
3136 4594 3379 4667 δεόμεθά
3405 4611 3512 4655 σου,
3532 4589 3684 4659 Κύριε,
3703 4579 3758 4633 καὶ

2284 4686 2425 4759 ὑπὲρ
2461 4684 2562 4755 τῆς
2598 4686 2755 4755 ἁγίας
2798 4704 2891 4740 σου
2950 4687 3279 4759 Ἑκκλησίας
3326 4687 3424 4758 τῆς
3460 4684 3557 4739 ἀπὸ
3587 4676 3759 4751 ιτερᾶτειν⁸

683 4832 941 4913 “ublicol.
973 4833 1323 4913 Methon._De
1344 4852 1560 4913 corpore
1588 4852 1636 4895 et
1666 4843 1921 4913 sanguine
1950 4840 2168 4898 Christi.
2246 4842 2291 4873 ’°
2324 4838 2644 4913 lCor._m;_
2667 4822 2879 4892 Mallh.‘
2913 4853 3039 4913 XXV}
3068 4835 3322 4913 ςηῦξεξτει
3379 4850 3485 4913 XIV}
3526 4832 3636 4913 Ῑιυςε
3659 4834 3757 4913 ,ξδ’
3852 4832 3853 4887 ἶ

611 4903 837 5027 "‘GNic.
876 4904 1112 4961 Methon.
1144 4909 1296 4977 ἡμῖν.

611 4990 665 5027 ιι.
732 5017 746 5027 .

608 4990 665 5039 ιι,
693 4990 746 5030 υ.

1438 4910 1482 4939 ²¹
1522 4910 1693 4982 lguat.
1729 4910 1981 4983 initerpol.
2007 4914 2073 4967 ad
2105 4913 2282 4981 Magn.
2312 4912 2399 4966 11.

2513 4911 2558 4941 ’⁸
2596 4895 2763 4964 Marc.
2797 4924 2915 4974 xm,
2965 4895 3134 4975 2.6;,“
3167 4906 3313 4962 Tim.
3352 4923 3424 4970 tv,
3456 4895 3502 4960 ι’.
3593 4901 3630 4933 ⁸³
3659 4895 3759 4949 Rom.

1952 5095 2309 5153 VARIORUM
2342 5095 2570 5151 ΝΟΤίΕ.

681 5227 793 5295 (ΞΠ)
838 5230 1000 5295 Τούς.
1031 5228 1193 5286 Deest
1220 5233 1425 5291 rectius
1447 5233 1502 5287 in
1530 5234 1655 5289 cod.
1688 5234 2038 5293 Vind.Ct.eu.

610 5298 1270 5423 “Stigmlitdmtpiymc.
1314 5305 1705 5377 Συνδιατρίψας
1734 5307 1929 5363 melius
1958 5309 2015 5362 in
2054 5306 2178 5363 cod.

658 5385 844 5425 ιιιιιοῐ).
868 5385 942 5425 ID.

678 5439 785 5510 (59)
832 5441 899 5493 Τὸ
931 5441 1213 5509 ποτήριον
1240 5445 1499 5511 κεράσας
1518 5446 1587 5510 ἐξ
1620 5446 1789 5500 οἴνου
1819 5447 1917 5499 καὶ
1943 5446 2177 5512 ὕδατος.

606 5508 809 5588 contra
837 5512 975 5566 duas
998 5508 1235 5588 haereses
1265 5508 1331 5588 ei
1364 5508 1596 5571 adverso
1626 5526 1967 5588 pugnantes;
1994 5508 2182 5571 Mono—

609 5582 955 5657 physitarum
987 5592 1041 5636 et
1071 5584 1451 5639 Armeniorum
1507 5582 1784 5643 solo-vino
1815 5589 1867 5641 in
1901 5589 2179 5657 mysteriis

610 5652 904 5728 utentium,
936 5662 1098 5722 atque
1129 5658 1486 5728 aquariorum
1536 5659 1650 5711 sive
1700 5652 2181 5728 hydroparastata-

615 5735 748 5792 rum_
769 5723 894 5792 sola
926 5738 1086 5792 aqua.
1116 5723 1204 5792 De
1242 5726 1326 5779 his
1354 5728 1708 5785 observabilis
1740 5723 1797 5781 et
1843 5723 1990 5781 varia
2022 5729 2180 5781 lectio

618 5793 688 5846 ad
717 5788 842 5861 ιτς.
872 5788 1078 5849 Noae“.
1111 5790 1403 5852 Theodosii
1427 5799 1509 5851 tit.
1546 5798 1578 5852 5
1603 5794 1678 5853 De
1703 5796 1928 5866 Judwis,
1967 5797 2177 5870 Hydro-

2280 5244 2606 5307 parastatgs,
2624 5243 2673 5289 et
2694 5234 3105 5307 llydrophobos:
3125 5236 3305 5307 prima
3325 5235 3381 5288 in
3400 5226 3633 5307 Νσεειίὶες

2282 5292 2488 5361 citatite
2513 5292 2849 5379 Pgabanovvel
2874 5292 2982 5360 alio
3009 5292 3250 5379 capi“,
3277 5307 3375 5379 lib.
3405 5292 3760 5379 εοιιινρζιιξιῖίξξλ

2284 5359 2404 5447 quae
2432 5359 2693 5446 eitplicari
2723 5359 2903 5446 pot—est
2933 5359 3030 5446 per
3060 5359 3427 5445 Epiphanium
3475 5371 3557 5424 ubi
3582 5367 3636 5447 d3

2283 5427 2416 5502 Baiis
2663 5427 2812 5501 enini
2826 5427 3242 5503 ebsrhwreiiEOS
3266 5460 3461 5514 aquam

2284 5519 2489 5576 huisse.
2518 5517 2774 5586 illamque
2804 5532 3008 5569 meram
3036 5520 3089 5569 in
3122 5510 3390 5586 sanctum
3420 5510 3764 5586 calicem-until:

2285 5590 2445 5643 sisse.
2471 5574 2640 5641 Erunt
2670 5574 2849 5656 itaque
2873 5587 3244 5656 hydrophoba:
3266 5587 3350 5638 vel
3379 5574 3763 5656 hydropltoltirfllf'

2282 5649 2843 5729 aquanrrcvercntur.
2872 5649 3260 5726 ll'ydro'theitas
3291 5649 3454 5729 habes
3474 5649 3597 5729 apud
3622 5649 3766 5729 3'99”;

2282 5712 2427 5782 nijum
2460 5727 2535 5781 De
2562 5728 2842 5780 hwresibus
2867 5712 3185 5795 scriptorem
3215 5742 3246 5780 a
3283 5712 3558 5781 Sirutoudo
3576 5719 3621 5769 in
3640 5712 3762 5764 lucc“

2280 5799 2564 5865 emissum,
2593 5798 2785 5855 haeresi
2819 5797 3055 5854 75.Co'r.
