3976 6340
229 287 368 344 “05

1050 250 1053 253 Α
1101 282 1696 340 CONSTITUTIONES
1726 283 2271 341 APOSTOLICIE.—-
2290 287 2418 343 LIB.
2455 288 2591 345 VIII.

3338 294 3480 351 “06

220 406 330 469 hoc
359 401 631 475 περάτων,
650 400 721 473 ἦν
757 401 1126 473 περιεποιήσω
1170 400 1248 472 τῷ
1275 401 1441 473 τιμίῳ
1481 402 1673 471 αἵματι
1699 401 1785 454 τοῦ

1900 417 2021 457 mus
2048 409 2122 468 te,
2156 400 2407 469 Domine,
2454 421 2556 483 pro
2606 415 2798 462 sancta
2840 405 3085 463 Ecclesia
3115 417 3230 471 tua,
3270 425 3391 480 qum
3446 430 3471 463 ει

216 495 458 569 Χριστοῦ
493 512 609 558 σου,
656 496 803 558 ὅπως
846 494 1015 565 αὐτὴν
1050 494 1383 565 διαφυλάξῃς
1415 494 1662 548 ἄσειστον
1700 496 1795 548 καὶ

216 587 639 651 ἀκλυδώνιστον,
668 588 797 659 ἀχρι
822 587 924 657 τῆς
970 586 1276 651 συντελείας
1306 586 1401 640 τοῦ
1440 587 1633 651 αἰῶνος
1657 606 1669 619 ·
1699 588 1794 641 καὶ

215 684 361 755 ὑπὲρ
390 683 573 755 πάσης
608 680 911 750 ἐπισκοπῆς
938 680 1038 750 τῆς
1085 679 1482 751 ὀρθοτομούσης
1517 679 1609 732 τὸν
1638 679 1793 748 λόγον

212 779 315 849 τῆς
354 776 628 847 ἀληθείας.
678 775 799 826 ¹Έτι
833 771 1254 845 παρακαλοῦμέν
1286 789 1345 824 σε
1392 772 1485 825 καὶ
1522 772 1661 843 ὑπὲρ
1689 771 1791 841 τῆς

212 870 355 941 ὲμῆς
391 869 485 923 τοῦ
518 866 915 939 προσφέροντός
938 882 1018 918 σοι
1044 864 1307 927 οὐδενίας,
1344 864 1438 917 καὶ
1480 863 1619 935 ὑπὲρ
1651 881 1789 917 παν-

209 963 305 1027 τὸς
330 961 423 1015 τοῦ
456 959 870 1033 πρεσϐυτερίου,
902 958 1042 1028 ὑπὲρ
1080 957 1187 1010 τῶν
1225 957 1486 1010 διακόνων
1516 958 1609 1009 καὶ
1650 972 1787 1010 παν-

208 1057 305 1120 τὸς
334 1054 425 1108 τοῦ
448 1053 670 1124 κλήρου,
700 1052 788 1105 ἵνα
800 1050 1005 1112 πάντας
1027 1050 1271 1118 σοφίσας,
1300 1049 1611 1119 Πνεύματος
1631 1049 1787 1117 ἁγίου

210 1145 526 1219 πληρώσῃς.
562 1146 681 1198 Ἔτι
711 1142 1135 1216 παρακαλοῦμέν
1176 1159 1263 1205 σε,
1287 1142 1481 1212 Κύριε,
1522 1141 1662 1212 ὑπὲρ
1689 1141 1784 1194 τοῦ

206 1240 493 1311 βασιλέως,
525 1238 615 1292 καὶ
650 1236 758 1290 τῶν
787 1238 844 1289 ὲν
870 1237 1109 1307 ὑπεροχῇ
1141 1235 1236 1288 καὶ
1276 1233 1477 1297 παντὸς
1498 1232 1592 1285 τοῦ
1616 1250 1781 1304 στρα-

201 1312 457 1394 τοπέδου,
490 1330 577 1383 ἵνα
610 1328 995 1400 είρηνεύωνται
1024 1326 1092 1380 τά
1135 1327 1272 1399 πρὸς
1314 1328 1483 1397 ἡμᾶς,
1534 1328 1681 1391 ὅπως
1726 1330 1783 1381 ὲν

201 1424 409 1496 ἠσυχίᾳ
442 1424 535 1476 καὶ
564 1423 786 1493 ὁμονοίᾳ
812 1421 1089 1489 διάγοντες
1124 1420 1215 1473 τὸν
1258 1420 1436 1473 πάντα
1471 1421 1657 1491 χρόνον
1683 1421 1784 1492 τῆς

203 1517 355 1587 ζωῆς
392 1515 567 1587 ἡμῶν,
604 1514 913 1585 δοξάζωμεν
955 1531 1014 1566 σε
1057 1511 1144 1566 διά
1190 1512 1363 1586 Ἰησοῦ
1401 1513 1637 1586 Χριστοῦ
1682 1515 1781 1585 τῆς

200 1609 419 1671 ἐλπίδος
454 1607 631 1678 ἡμῶν.
668 1608 788 1659 Ἔτι
818 1606 1196 1677 προσφέρομεν
1233 1622 1313 1659 σοι
1344 1606 1437 1660 καὶ⁵
1466 1606 1607 1679 ὑπὲρ
1642 1607 1779 1660 πάν-

197 1720 312 1755 των
341 1701 449 1755 τῶν
477 1702 570 1754 ἀπ’
596 1699 789 1762 αἰῶνος
815 1698 1299 1770 εὐαρεστησάντων
1329 1716 1409 1752 σοι
1449 1699 1640 1769 ἀγίων,
1676 1717 1781 1754 πα-

197 1795 497 1869 τριαρχῶν,
544 1792 867 1865 προφητῶν,
900 1792 1145 1858 δικαίων,
1179 1792 1520 1857 ἀποστόλων,
1575 1793 1779 1866 μαρτύ-

199 1906 336 1961 ρων,
368 1886 735 1958 ὁμολογητῶν,
775 1884 1117 1949 ἐπισκόπων,
1150 1885 1563 1957 πρεσϐυτέρων,
1595 1885 1778 1939 διακό-

196 2000 329 2046 νων,
358 1980 741 2043 ὑποδιακόνων,
782 1977 1162 2049 ἀναγνωστῶν,
1185 1978 1426 2049 ψαλτῶν,
1457 1978 1739 2050 παρθένων
1761 2019 1776 2043 ,

196 2050 408 2144 χηρῶν,
438 2071 668 2135 λαῖκῶν,
707 2071 800 2124 καὶ
841 2070 1058 2126 πάντων
1085 2063 1160 2125 ὧν
1195 2070 1356 2135 αὐτὸς
1386 2071 1671 2124 ἐπίστασαι
1708 2071 1779 2125 τὰ

194 2165 456 2235 ὀνόματα.
481 2166 601 2217 Ἔτι
630 2164 1006 2236 προσφέρομεν
1028 2180 1108 2217 σοι
1140 2163 1281 2235 ὑπὲρ
1302 2164 1393 2217 τοῦ
1416 2163 1545 2217 λαοῦ
1564 2164 1773 2230 τούτου,

195 2259 290 2311 ἵνα
310 2256 589 2329 ἀναδείξῃς
618 2258 777 2311 αὐτὸν
797 2259 876 2321 είς
898 2256 1117 2310 ἔπαινον
1137 2256 1229 2309 τοῦ
1251 2256 1487 2328 Χριστοῦ
1505 2273 1597 2310 σου
1621 2255 1776 2327 βασί-

206 2347 354 2399 λειον
388 2347 706 2419 ἱεράτευμα,
737 2348 887 2413 ἔθνος
919 2349 1091 2418 ἀγιον·
1118 2350 1259 2421 ὑπὲρ
1290 2351 1399 2407 τῶν
1439 2355 1497 2408 ἐν
1521 2350 1786 2425 παρθενίᾳ

207 2438 308 2490 καὶ
340 2438 549 2509 ἀγνείᾳ,
579 2439 720 2511 ὑπὲρ
759 2440 869 2493 τῶν
898 2441 1081 2513 χηρῶν
1116 2443 1216 2513 τῆς
1264 2443 1609 2516 Ἐκκλησίας,
1642 2443 1783 2517 ὑπὲρ

203 2530 318 2583 τῶν
341 2533 398 2583 ὲν
422 2535 638 2603 σεμνοῖς
661 2534 855 2603 γάμοις
878 2536 972 2587 καὶ
994 2536 1384 2605 τεκνογονίαις,
1412 2538 1551 2609 ὑπὲρ
1570 2536 1676 2589 τῶν
1698 2553 1785 2607 νη-

200 2623 348 2675 πίων
364 2624 456 2677 τοῦ
477 2624 607 2678 λαοῦ
632 2643 746 2688 σου,
762 2627 908 2689 ὅπως
928 2627 1130 2699 μηδένα
1148 2629 1305 2700 ἡμῶν
1321 2629 1623 2700 ἀπόϐλητον
1636 2645 1784 2699 ποιη-

202 2716 458 2786 σῃ;.Ἒτι
478 2717 735 2787 ἀξιοῦμέν
761 2734 818 2770 σε
846 2719 940 2771 καὶ
968 2718 1109 2790 ὑπὲρ
1132 2720 1228 2789 τῆς
1251 2719 1455 2783 πόλεως
1470 2719 1671 2789 ταύτης
1687 2717 1781 2770 καὶ

1897 492 2098 551 ﬁnibus
2124 495 2192 551 ad
2212 495 2345 552 ﬁnes
2368 497 2701 562 extenditur,
2725 514 2888 568 quam
2915 500 3199 569 acquisisti
3230 502 3474 571 pretioso

1894 587 2162 656 sanguine
2191 586 2401 643 Christi
2446 590 2558 657 tui;
2591 598 2651 644 ιιι
2686 606 2809 645 eam
2848 591 3240 647 inconcussam
3274 609 3338 646 ac
3368 594 3471 646 mi—

1893 680 2039 734 nime
2087 678 2441 736 ﬂuctuantem
2485 697 2779 737 conserves
2807 698 2983 753 usque
3010 683 3064 737 in
3108 687 3292 739 saeculi
3340 700 3471 739 con-

1893 772 2308 827 summationem
2344 774 2505 828 :item
2537 789 2636 844 pro
2664 775 2924 830 universo
2946 777 3289 846 episcopatu,
3325 790 3472 833 recte

1889 863 2117 918 verbum
2146 865 2395 920 veritatis
2425 874 2696 921 tractante
2735 882 2799 922 ac
2843 867 3232 924 distribuente.
3275 869 3470 923 Adhuc

1889 968 2145 1025 rogamus
2173 964 2228 1012 te
2274 972 2373 1026 pro
2398 972 2484 1012 me
2507 958 2713 1013 nullius
2743 959 2907 1029 pretii
2955 959 3198 1025 homine,
3234 962 3330 1031 qui
3364 962 3463 1017 tibi

1886 1046 2092 1113 oﬂ‘ero;
2136 1056 2191 1102 et
2221 1065 2321 1119 pro
2366 1050 2515 1104 omni
2540 1051 2901 1121 presbyterio,
2930 1068 3030 1122 pro
3072 1054 3345 1119 diaconis,
3400 1070 3465 1110 ac

1886 1138 2143 1195 universo
2186 1140 2371 1207 clero;
2418 1149 2478 1195 ut
2506 1157 2697 1198 omnes
2727 1145 3049 1213 sapientiam
3080 1162 3110 1199 a
3137 1154 3187 1200 te
3216 1146 3462 1215 edoctos,

1887 1230 2091 1303 Spiritu
2120 1242 2313 1288 sancto
2335 1234 2583 1303 impleas.
2608 1234 2801 1289 Adhuc
2821 1251 3080 1306 rogamus
3102 1244 3177 1303 te,
3210 1237 3460 1303 Domine,

1884 1339 1985 1394 pro
2025 1340 2171 1395 rege,
2205 1335 2259 1380 et
2288 1325 2355 1379 iis
2397 1326 2489 1395 qui
2539 1328 2594 1379 in
2644 1327 2983 1383 sublimitate
3014 1336 3142 1385 sunt
3178 1331 3243 1394 ",
3277 1340 3332 1385 et
3363 1347 3463 1401 pro

1883 1426 2083 1473 cuncto
2110 1420 2387 1485 exercitu;
2420 1428 2479 1472 ut
2508 1435 2597 1474 res
2634 1428 2837 1475 nostrre
2868 1420 2922 1475 in
2954 1436 3088 1491 pace
3120 1432 3409 1478 versentur
3442 1443 3458 1492 ;

1881 1526 1992 1581 quo
2021 1519 2196 1565 totum
2220 1514 2345 1567 vitae
2376 1521 2581 1569 nostra:
2614 1522 2829 1584 tempus
2860 1514 2912 1568 in
2942 1515 3125 1585 quiete
3155 1524 3208 1571 ct
3237 1532 3466 1573 concor-

1882 1603 1971 1659 dia
2000 1602 2360 1674 trajicientes,
2403 1614 2455 1661 te
2482 1622 2577 1676 per
2607 1604 2792 1661 Jesum
2825 1606 3105 1663 Christum
3155 1625 3304 1680 spem
3356 1626 3459 1663 no-

1882 1703 2051 1751 stram
2082 1696 2255 1765 gloria
2284 1695 2605 1753 afficiamus.
2659 1697 2852 1753 Adhuc
2891 1698 3171 1755 oll‘erimus
3222 1700 3322 1755 tibi
3359 1717 3460 1771 pro

1881 1790 2136 1847 omnibus
2167 1791 2397 1849 sanctis.
2432 1792 2524 1860 qui
2561 1806 2591 1844 a
2623 1791 2827 1846 saeculo
2856 1791 3182 1862 placuerunt
3211 1793 3334 1857 tibi,
3360 1809 3459 1864 pa-

1880 1883 2157 1947 triarchis,
2194 1883 2497 1954 prOphetis,
2540 1883 2729 1952 justis,
2780 1883 3069 1952 apostolis,
3098 1887 3455 1956 martyribus,

1880 1976 2308 2041 confessoribus,
2360 1976 2658 2047 episcopis,
2726 1977 3107 2048 presbyteris,
3163 1978 3453 2044 diaconis,

1878 2069 2250 2133 subdiaconis,
2285 2069 2602 2133 lectoribus,
2647 2070 2987 2135 cantoribus,
3013 2072 3340 2141 virginibus,
3373 2072 3457 2127 vi-

1877 2161 2022 2227 duis,
2070 2162 2228 2218 laicis
2255 2168 2310 2216 et
2354 2162 2613 2218 omnibus
2644 2176 2877 2232 quorum
2928 2170 2985 2216 tu
3037 2164 3179 2218 nosti
3209 2165 3451 2221 nomina.

1875 2254 2068 2311 Adhuc
2113 2255 2393 2311 offerimus
2432 2254 2529 2309 tibi
2582 2270 2681 2325 pro
2730 2255 2931 2326 populo
2962 2255 3103 2321 hoc;
3156 2264 3213 2309 ut
3244 2271 3367 2311 eum
3398 2258 3456 2314 in

1875 2347 2090 2403 laudem
2132 2346 2335 2403 Christi
2365 2347 2445 2401 tui
2497 2348 2756 2403 exhibeas
2809 2347 2991 2418 regale
3046 2348 3449 2415 sacerdotium,

1873 2448 2085 2512 gentem
2109 2448 2355 2496 sanctam
2390 2460 2403 2495 :
2436 2456 2536 2512 pro
2572 2441 2642 2495 iis
2673 2441 2764 2511 qui
2794 2441 2847 2495 in
2875 2441 3191 2511 virginitate
3211 2446 3264 2496 et
3285 2444 3454 2498 casti-

1873 2540 1984 2588 tate
2030 2534 2257 2599 vivunt;
2303 2548 2403 2602 pro
2446 2533 2628 2588 viduis
2678 2532 2967 2600 Ecclesiae;
3002 2547 3102 2603 pro
3134 2533 3201 2588 iis
3245 2533 3338 2604 qui
3394 2534 3449 2590 in

1871 2624 2078 2695 nuptiis
2116 2625 2384 2686 honestis,
2432 2640 2496 2678 ac
2546 2625 2601 2679 in
2647 2625 3101 2696 progeneratione
3149 2625 3449 2681 liberorum

1870 2716 2108 2787 degunt;
2142 2732 2240 2787 pro
2272 2716 2574 2771 infantibus
2605 2716 2779 2786 plebis
2812 2726 2936 2780 tuae,
2972 2718 3050 2770 uti
3075 2724 3324 2773 nostrum
3356 2733 3450 2772 ne-

187 2810 306 2863 τῶν
329 2809 697 2871 ἐνοικούντων,
725 2808 866 2880 ὑπὲρ
891 2808 1002 2862 τῶν
1032 2811 1090 2863 ὲν
1108 2809 1458 2881 ἀρρωστίαις,
1483 2810 1622 2883 ὑπὲρ
1658 2812 1769 2867 τῶν

1870 2810 2072 2864 minem
2102 2809 2456 2879 rejiciendnm
2482 2808 2705 2864 habeas.
2734 2808 2925 2864 Adhuc
2956 2811 3235 2880 poscimus
3276 2818 3328 2866 te
3351 2827 3450 2880 pro

148 2940 151 2943 -
189 2903 255 2954 ἐν
286 2902 460 2972 πικρᾷ
483 2900 713 2972 δουλείᾳ,
745 2900 887 2972 ὑπὲρ
914 2900 1022 2954 τῶν
1049 2901 1105 2953 ὲν
1133 2901 1385 2974 ὲξορίαις,
1418 2902 1559 2975 ὑπὲρ
1581 2903 1689 2957 τῶν
1710 2906 1768 2958 ὲν

1870 2901 2004 2955 urbe
2048 2900 2171 2966 hac,
2205 2910 2258 2956 et
2303 2901 2677 2957 habitantibus
2706 2902 2761 2955 in
2801 2916 2899 2969 ea;
2944 2917 3043 2971 pro
3076 2903 3315 2973 aigrotis,
3348 2918 3449 2973 pro

184 2996 476 3065 δημεύσει,
505 2994 645 3066 ὑπὲρ
685 2993 952 3047 πλεόντων
996 2994 1091 3047 καὶ
1129 2994 1549 3066 ὁδοιπορούντων
1572 3014 1585 3027 ·
1619 2997 1768 3062 ὅπως

1871 2991 2010 3047 dura
2031 2994 2294 3048 servitute
2318 2993 2567 3060 aﬂlictis;
2594 3010 2693 3065 pro
2723 2994 3036 3060 exsulibus;
3070 3010 3171 3066 pro
3200 2996 3447 3066 proscri-

184 3087 482 3157 ἐπίκουρος
513 3085 621 3157 (60)
648 3087 779 3158 γένῃ
823 3078 1041 3139 πάντων
1069 3086 1261 3158 βοηθὸς
1282 3088 1373 3141 καὶ
1393 3089 1761 3163 ἀντιλήπτωρ.

1871 3085 2014 3155 ptis;
2050 3100 2148 3155 pro
2174 3086 2580 3155 navigantibus,
2613 3094 2666 3141 et
2707 3088 2812 3143 iter
2854 3087 3224 3157 facientibus;
3275 3100 3334 3145 ut
3367 3093 3446 3149 sis

187 3179 318 3230 Ἔτι
348 3177 768 3249 παρακαλοῦμεν
800 3195 858 3231 σε
892 3178 985 3231 καὶ
1004 3178 1143 3249 ὑπὲρ
1160 3180 1267 3232 τῶν
1301 3181 1597 3250 μισούντων
1620 3184 1651 3255 ἠ
1662 3186 1767 3255 μᾶς

181 3270 287 3323 καὶ
314 3270 613 3323 διωκόντων
644 3271 791 3341 ἡμᾶς
810 3270 898 3325 διά
925 3271 985 3323 τὸ
1008 3270 1178 3342 δνομά
1212 3288 1326 3335 σου,
1358 3255 1497 3344 ὑπὲρ
1515 3274 1623 3328 τῶν
1662 3276 1766 3343 ἔξω

179 3360 361 3415 ὅντων
398 3364 492 3416 καὶ
527 3361 981 3433 πεπλανημένων,
1017 3363 1165 3427 ὅπως
1206 3346 1538 3437 ὲπιᾶτρέψῃς
1573 3367 1767 3432 αὐτοὺς

179 3459 271 3518 είς
308 3456 529 3524 ἀγαθὸν,
565 3457 658 3509 καὶ
687 3456 777 3509 τὸν
800 3456 969 3526 θυμδν
1007 3456 1187 3509 αὐτῶν
1210 3456 1474 3528 πραΰνῃς.
1509 3458 1629 3511 Ἔτι
1657 3476 1763 3511 πα-

182 3548 533 3621 ρακαλοῦμέν
565 3565 622 3601 σε
646 3549 739 3601 καὶ
768 3548 908 3619 ὑπὲρ
937 3547 1045 3601 τῶν
1071 3550 1489 3620 κατηχουμένων
1511 3550 1610 3621 τῆς
1652 3551 1766 3604 Ἐκ-

178 3641 437 3711 κλησίας,
478 3641 570 3693 xa‘t
599 3641 740 3713 ὑπὲρ
770 3640 878 3694 τῶν
908 3640 1317 3713 χειμαζομένων
1346 3642 1449 3695 ὑπὸ
1480 3642 1576 3695 τοῦ
1606 3643 1760 3697 ἀλλο-

175 3736 339 3807 τρίου
368 3734 498 3805 (61),
528 3736 619 3787 καὶ
642 3734 781 3806 ὑπὲρ
800 3734 907 3787 τῶν
937 3736 995 3787 ἐν
1027 3735 1282 3806 μετανοίᾳ
1302 3733 1545 3803 ἀδελφῶν
1572 3735 1759 3806 ἡμῶν·

176 3828 336 3889 ὅπως
357 3827 479 3890 τοὺς
512 3826 608 3897 μὲν
626 3825 917 3898 τελειώσῃς
944 3825 1001 3879 ὲν
1025 3828 1091 3897 τῇ
1122 3826 1320 3890 πίστει,
1353 3827 1478 3890 τοὺς
1507 3826 1563 3879 δὲ
1594 3826 1762 3880 καθα-

180 3921 343 3990 ρισῃς
379 3919 442 3971 ἐκ
462 3918 561 3988 τῆς
582 3918 861 3990 ἐνεργείας
892 3917 986 3970 τοῦ
1009 3918 1269 3988 πονηροῦ,
1296 3918 1405 3971 τῶν
1436 3918 1494 3971 δὲ
1534 3918 1634 3990 τὴν
1659 3936 1756 3989 με-

171 4010 406 4063 τάνοιαν
432 4006 727 4081 προσδέξη,
784 4011 878 4063 καὶ
914 4012 1275 4081 συγχωρήσῃς
1311 4010 1406 4064 καὶ
1445 4010 1627 4074 αὐτοῖς
1665 4013 1762 4065 καὶ

172 4105 315 4173 ἡμῖν
339 4101 407 4155 τά
438 4102 857 4174 παραπτώματα
893 4103 1071 4174 ἡμῶν.
1116 4105 1236 4156 Ἔτι
1267 4103 1645 4174 προσφέρομεν
1676 4120 1757 4157 σοι

174 4196 280 4249 καὶ
308 4195 449 4266 ὑπὲρ
476 4195 576 4264 τῆς
614 4195 905 4267 εὐκρασίας
933 4195 1025 4248 τοῦ
1058 4196 1221 4268 ἀέρος
1251 4195 1345 4248 καὶ
1373 4196 1472 4265 τῆς
1500 4196 1758 4267 εὐφορίας

172 4287 294 4339 τῶν
323 4286 549 4359 καρπῶν
571 4304 583 4317 ·
616 4288 762 4351 ὅπως
788 4287 1085 4351 ἀνελλιπῶς
1132 4286 1636 4359 μεταλαμϐάνοντες
1648 4286 1757 4341 τῶν

170 4380 333 4451 ποιρά
364 4380 457 4433 σοῦ
483 4380 720 4447 ἀγαθῶν,
746 4380 981 4450 αίνῶμέν
1010 4397 1069 4432 σε
1100 4379 1405 4443 ἀπαύστως,
1431 4379 1522 4432 τὸν
1549 4379 1755 4433 διδόντα

166 4474 388 4546 τροςρὴν
414 4473 560 4544 πάσῃ
591 4473 772 4545 σαρκί.
808 4474 928 4526 Ἔτι
952 4471 1377 4545 παρακαλοῦμέν
1409 4489 1467 4525 σε
1498 4473 1590 4525 καὶ
1612 4472 1753 4544 ὑπὲρ

166 4568 290 4620 τῶν
320 4567 385 4621 δι’
404 4566 621 4636 εῦλογον
643 4568 819 4620 αἰτίαν
848 4567 1095 4619 ἀπόντων
1120 4582 1134 4596 '
1164 4567 1309 4628 ὅπως
1341 4565 1587 4629 ἅπαντας
1606 4567 1756 4637 ἡμᾶς

165 4662 510 4733 διατηρήσας
548 4663 603 4714 έν
634 4663 700 4732 τῇ
732 4659 1002 4731 εὐσεϐείᾳ,
1036 4659 1442 4729 ὲπισυναγάγῃς
1468 4660 1525 4711 ὲν
1554 4662 1620 4730 τῇ
1655 4657 1752 4728 βα-

169 4754 359 4827 σιλείᾳ
384 4754 476 4807 τοῦ
506 4753 739 4824 Χριστοῦ
778 4771 903 4817 σου,
947 4752 1041 4805 τοῦ
1087 4751 1220 4805 Θεοῦ
1267 4752 1447 4823 πάσης
1492 4752 1752 4823 αίσθητῆς

164 4847 277 4899 καὶ
297 4847 491 4917 νοητῆς
521 4847 752 4916 φύσεως,
791 4845 884 4899 τοῦ
924 4844 1185 4915 βασιλέως
1206 4845 1385 4917 ήμῶν,
1416 4847 1748 4917 ἀτρέπτους,

161 4938 522 5009 ἀμέμπτους,
570 4937 933 5007 ἀνεγκλήτους
953 4955 967 4969 ’
1001 4939 1081 4990 ὅτι
1116 4956 1196 4991 σοι
1236 4940 1382 4991 πᾶσα
1408 4938 1553 5005 δόξα,
1584 4938 1748 5002 σέϐας

167 5030 278 5081 καὶ
329 5027 645 5098 εὐχαριστία
665 5068 683 5092 ,
736 5027 869 5099 τιμὴ
895 5029 987 5081 καὶ
1018 5028 1406 5100 προσκύνησις,
1436 5027 1516 5101 τῷ
1545 5029 1743 5102 Πατρὶ,

396 5188 440 5218 ’⁸
481 5188 497 5240 l
530 5185 671 5241 Tim.
702 5204 762 5251 ιι,
793 5186 848 5241 2.

1868 3177 2179 3239 auxiliator,
2216 3178 2459 3232 omnium
2488 3178 2709 3248 adjutor
2734 3194 2798 3234 ac
2821 3180 3096 3236 defensor.
3128 3182 3321 3237 Adhuc
3353 3199 3446 3237 ro-

1867 3287 2059 3342 gamus
2079 3278 2133 3326 te
2163 3286 2261 3342 pro
2282 3271 2350 3327 iis
2395 3272 2487 3341 qui
2517 3272 2749 3327 oderunt
2771 3288 2894 3337 nos,
2918 3284 2971 3328 et
2999 3282 3219 3344 propter
3244 3290 3443 3333 nomen

1867 3371 2018 3417 tuum
2049 3380 2150 3417 nos
2174 3372 2608 3434 persequuntur;
2639 3379 2737 3434 pro
2772 3364 2840 3419 iis
2887 3366 2979 3435 qui
3026 3366 3159 3421 foris
3189 3376 3343 3433 sunt,
3378 3385 3443 3426 ac

1865 3462 2051 3510 errant
2078 3474 2090 3510 :
2116 3464 2174 3508 ut
2200 3455 2441 3510 adducas
2463 3471 2557 3511 eos
2581 3456 2647 3510 ad
2669 3456 2894 3518 bonum,
2920 3467 2971 3511 et
2990 3458 3225 3511 furorem
3250 3475 3441 3514 eorum

1865 3548 2100 3617 mitiges.
2132 3548 2331 3603 lterum
2374 3564 2631 3618 rogamus
2663 3557 2715 3603 te
2755 3564 2854 3618 pro
2892 3548 3149 3605 Ecclesia:
3180 3552 3441 3606 catechu—

1864 3640 2038 3694 menis
2063 3658 2077 3706 ;
2106 3648 2159 3694 ct
2188 3655 2288 3711 pro
2319 3641 2386 3696 iis
2431 3641 2524 3711 qui
2554 3640 2623 3695 ab
2678 3640 2994 3696 adversario
3037 3642 3347 3712 jactantur;
3385 3653 3441 3701 et

1864 3747 1965 3801 pro
2008 3734 2384 3803 ptenitentiam
2423 3734 2706 3803 agentibus
2764 3722 3059 3827 frptribus'
3085 3736 3292 3791 nostris
3330 3756 3341 3791 :
3381 3744 3437 3792 ut

1864 3824 2070 3894 primos
2097 3827 2316 3896 quidem
2341 3825 2592 3897 perﬁcias
2632 3825 2687 3879 in
2718 3824 2829 3880 lidé
2845 3844 2858 3891 ;
2891 3826 3092 3881 alteros
3123 3842 3253 3881 vero
3276 3843 3438 3882 mun-

1862 3916 1959 3972 des
1976 3932 2004 3971 a
2029 3918 2314 3973 vexatione
2342 3919 2505 3985 mali;
2537 3919 2822 3974 tertiorum
2847 3926 3028 3974 autem
3060 3921 3436 3989 paenitentiam

1862 4011 2155 4081 suscipias,
2182 4012 2565 4081 condonesque
2592 4026 2715 4066 cum
2744 4010 2833 4075 iis,
2868 4021 2982 4065 tum
3013 4012 3173 4066 nobis
3193 4027 3313 4082 quae
3340 4013 3437 4069 de—

1862 4103 2142 4174 liquimus.
2167 4102 2457 4159 Oll‘erimus
2487 4119 2702 4173 quoque
2730 4102 2830 4157 tibi
2872 4118 2971 4173 pro
3001 4103 3144 4157 aeris
3174 4111 3437 4173 tempera-

1860 4204 2007 4262 tura,
2039 4208 2090 4253 et
2116 4198 2329 4268 frugum
2356 4198 2635 4263 ubertate;
2671 4203 2729 4250 ut
2752 4196 3122 4252 indesinenter
3155 4197 3295 4251 bona
3331 4204 3436 4253 ate

1860 4291 2057 4344 collata
2079 4290 2463 4360 percipientes,
2494 4288 2715 4343 assidue
2744 4288 3029 4343 laudemus
3063 4296 3138 4350 te,
3184 4289 3277 4358 qui
3333 4289 3435 4344 das

1859 4396 2041 4436 escam
2065 4381 2213 4435 omni
2235 4382 2406 4435 carni.
2442 4379 2615 4433 Etiam
2640 4396 2894 4450 rogamus
2922 4388 2975 4434 te
2997 4395 3095 4449 pro
3124 4380 3211 4443 iis,
3249 4380 3341 4450 qui
3364 4382 3434 4435 ob

1859 4489 2080 4529 causam
2113 4474 2450 4543 probabilem
2480 4473 2734 4529 absentes
2763 4482 2889 4527 sunt
2915 4491 2927 4525 :
2955 4480 3015 4524 ut
3038 4487 3230 4527 omnes
3252 4487 3351 4527 nos
3377 4473 3432 4526 in

1854 4568 2055 4637 pietate
2083 4573 2435 4620 conservatos
2466 4580 2495 4618 a
2522 4571 2596 4627 te,
2616 4565 2669 4618 in
2699 4562 2901 4618 Christi
2930 4564 3029 4627 tui,
3053 4563 3147 4618 Dei
3166 4565 3433 4619 universa:

1854 4667 2063 4713 naturae
2087 4659 2189 4713 sub
2226 4674 2446 4713 sensum
2472 4668 2524 4712 et
2568 4658 2983 4727 intelligentiam
3036 4657 3304 4719 cadentis,
3338 4672 3430 4711 re-

1853 4753 2045 4822 gisque
2074 4752 2246 4807 nostri
2278 4766 2447 4821 regno
2477 4764 2800 4819 congreges,
2834 4748 3225 4811 iinlnutahiles,
3261 4748 3431 4801 incul-

1854 4852 2032 4914 patos,
2063 4843 2474 4912 irreprehensos
2522 4857 2534 4891 :
2587 4841 2843 4910 quoniam
2877 4840 2974 4895 tibi
3014 4841 3192 4895 omnis
3222 4840 3426 4909 gloria,

1861 4938 2164 4998 veneratio,
2198 4935 2496 5005 gratiarum
2528 4934 2695 4996 actio,
2729 4933 2926 4997 honor,
2953 4932 3221 4994 adoratio,
3253 4930 3423 4994 Patri,

1854 5040 1908 5084 et
1941 5027 2098 5092 Filio,
2141 5036 2196 5081 ct
2228 5025 2454 5097 Spiritui
2487 5034 2702 5091 sancto,
2732 5040 2899 5090 nunc,
2941 5034 2994 5080 et
3018 5040 3252 5095 semper,
3284 5034 3337 5079 ct
3368 5024 3425 5078 in

1511 5367 1867 5423 VAIUORUM
1903 5367 2128 5427 NOTJL.

270 5538 362 5606 00';
414 5538 772 5607 'Erzlxovpoc.
794 5537 1028 5609 γΠάντων
1048 5538 1384 5609 Ᾱὲπίκουρος,
1422 5538 1474 5591 in
1507 5535 1739 5592 Vindob.

155 5607 297 5663 cod.
332 5610 464 5662 utin
510 5610 761 5664 versione
791 5608 1000 5662 Latina.
1031 5607 1197 5662 Ccsn.

244 5679 359 5748 (61)
397 5679 829 5747 Χειμαζομένων
854 5680 967 5733 ὑπὸ
1000 5680 1103 5731 τοῦ
1120 5679 1459 5745 ἀλλοτρίοις.
1491 5675 1593 5743 Qui
1615 5692 1736 5748 cap.

154 5750 244 5805 5Ξὶ
271 5757 324 5804 ct
350 5750 418 5803 57
448 5750 840 5819 Χειμαζόμενοι
872 5750 1193 5816 simpliciter
1241 5749 1525 5811 dicuntur,
1560 5755 1616 5819 ιιι
1646 5764 1735 5819 ca—

156 5835 318 5876 none
355 5816 643 5890 Ancyrano
675 5816 758 5886 l7,
794 5828 844 5874 ct
872 5838 899 5874 ιι
932 5819 1163 5877 Maximo
1187 5824 1251 5875 ad
1278 5829 1437 5891 caput
1466 5836 1515 5874 τι
1554 5816 1735 5871 Hrcle--

1853 5536 2084 5589 simlicm
2105 5536 2431 5605 hieran/lim.
2489 5534 2885 5605 Χειμαζόμενοι
2941 5532 3046 5588 ὑπὸ
3096 5535 3420 5605 πνευμάτων

1851 5607 2195 5677 ἀκαθάρτων,
2215 5614 2307 5659 aut
2336 5604 2438 5659 ὑπὸ
2456 5604 2758 5675 πνεύματος
2780 5606 3108 5676 ἀκαθάρτου,
3137 5608 3188 5659 in
3215 5604 3423 5659 Euclio.

1849 5679 2027 5747 logiis.
2065 5677 2153 5729 Sic
2177 5678 2396 5731 eosdem
2429 5692 2827 5747 energumetms
2856 5677 3098 5747 invenies
3120 5677 3419 5747 appellatos

1845 5744 2257 5817 ἐνοχλουμένους
2280 5750 2332 5803 et
2352 5746 2457 5800 ὑπὸ
2484 5744 2803 5817 πνευμάτων
2834 5744 3165 5817 ἀκαθάρτων
3185 5744 3419 5817 ἐνοχλου-

1844 5819 2053 5889 μένους.
2088 5817 2223 5872 CUI.
