4000 6334
577 261 710 323 illi
1463 264 1521 320 S.
1557 265 1947 324 CLEMENTIS
1978 268 1997 322 1
2032 268 2197 327 ROM.
2238 271 2437 328 PONT.
2476 272 2703 328 OPERA
2736 272 2960 330 DUBIA.
3628 289 3730 351 lll!

574 380 676 443 ris,
701 379 756 435 in
796 376 1100 434 custodiam
1134 374 1354 447 pietatis
1375 415 1390 439 ,
1434 375 1491 431 in
1522 377 1902 435 remissionem
1946 395 2140 449 pecca-

2167 400 2214 456 Α
2241 383 2539 449 εὐσεϐείας,
2556 388 2637 450 είς
2650 387 2842 457 ἄφεσιν
2856 387 3156 460 ἁμαρτιῶν,
3170 392 3245 455 είς
3262 392 3397 467 ζωὴν
3408 395 3493 450 τοῦ
3507 399 3734 475 μέλλοντος

571 477 775 533 torum,
808 470 864 524 in
892 470 1056 523 vitam
1088 468 1257 524 l‘uturi
1288 470 1471 525 saeculi
1494 470 1562 526 ³⁸.
1594 469 1914 540 Surgamus.
1939 471 1997 527 In
2020 490 2144 544 gra-

2244 476 2454 570 qu'qyog.
2480 477 2887 570 νἘγειρώμεθα.
2924 481 3011 534 Ἑν
3029 482 3205 553 χάριτι
3224 485 3439 555 Χριστοῦ
3466 468 3657 558 ἑαυτοὺς
3675 468 3735 570 τᾷ]

571 566 647 620 tia
678 563 906 630 Christi,
970 577 1073 618 nos
1121 561 1271 632 ipsos
1304 561 1442 623 Deo,
1470 562 1572 617 soli
1621 564 1863 632 ingenito
1905 564 2015 621 Deo
2037 606 2053 631 ,
2087 575 2139 623 et

2240 568 2360 639 Θεῷ
2385 569 2516 641 (70),
2549 571 2627 641 τῷ
2675 572 2821 642 μόνῳ
2852 573 3131 645 ἀγεννήτῳ
3167 574 3307 647 Θεῷ,
3339 579 3426 631 καὶ
3460 580 3532 653 τῷ
3560 561 3735 660 Χριστῷ
3764 622 3771 653 γ

570 655 797 711 Christo
839 654 960 725 ejus
990 654 1458 710 commendemus.
1487 654 1664 726 Atque
1699 658 1991 728 episcopus
2018 674 2141 730 gra-

2240 660 2403 714 αὐτοῦ
2432 662 2823 735 παραθώμεθα.
2857 666 2965 719 Καὶ
2995 668 3023 720 6
3054 666 3341 733 ἐπίσκοπος
3385 654 3734 744 εὐχαριστείτω,
3762 664 3777 697 ⁵

570 747 768 805 tiarutn
794 748 1065 803 actionem
1096 746 1338 818 proferat
1366 763 1381 801 :

1160 859 1389 918 CAPUT
1428 858 1547 916 XV.

2760 868 3155 922 ΚΕΦΑΛΑΙΟΝ
3177 870 3275 924 ΙΕ’.

884 975 1155 1032 Invocatio
1212 985 1328 1046 post
1377 977 1819 1034 communionem.

2495 978 2845 1049 Ἐπίκλησις
2881 982 3031 1052 μετὰ
3065 982 3177 1053 τὴν
3198 979 3537 1058 μετάληψιν.

634 1089 861 1147 Domine
892 1089 1036 1147 Deus
1068 1090 1437 1161 omnipotens,
1468 1088 1633 1148 Pater
1662 1089 1865 1147 Christi
1900 1092 2002 1157 tui,
2036 1092 2134 1148 be-

2305 1094 2547 1150 Δέσποτα
2576 1097 2605 1149 ό
2635 1095 2766 1159 Θεὸς
2786 1098 2814 1150 6
2840 1097 3250 1169 παντοκράτωρ,
3281 1096 3309 1148 6
3332 1097 3507 1169 Πατὴρ
3528 1097 3607 1152 τοῦ
3625 1100 3728 1172 Χρισ

563 1185 765 1240 nedicti
802 1183 961 1252 Filii;
1011 1184 1300 1241 exauditor
1338 1200 1529 1239 eorum
1558 1185 1651 1255 qui
1687 1191 1835 1241 recte
1879 1184 2136 1240 invocant

2241 1185 2367 1241 στοῦ
2389 1203 2483 1240 σου
2505 1187 2597 1241 τοῦ
2622 1187 2910 1264 εὐλογητοῦ
2938 1188 3154 1264 Mc,
3176 1190 3204 1242 6
3227 1187 3331 1242 τῶν
3357 1191 3463 1258 μετ’
3494 1190 3731 1263 εὐθύτητος

562 1285 635 1341 te,
666 1279 916 1349 cognitor
944 1292 1169 1350 precum
1199 1277 1361 1333 etiam
1393 1292 1583 1332 eorum
1626 1278 1717 1347 qui
1758 1285 1974 1344 tacent;
2008 1293 2134 1349 gra-

2236 1276 2675 1348 ἐπικαλουμένων
2699 1295 2758 1332 σε
2779 1281 3033 1351 ἐπήκοος,
3054 1283 3084 1335 6
3102 1280 3320 1333 καὶτῶν
3344 1280 3634 1337 σιωπώντων
3648 1286 3731 1338 ὲπιρ

559 1370 666 1427 tias
719 1370 929 1441 agimus
961 1369 1095 1429 tibi.
1149 1368 1293 1439 quod
1332 1383 1434 1427 nos
1485 1368 1680 1439 dignos
1736 1369 1999 1424 censuisti
2037 1370 2131 1441 qui

2236 1366 2496 1439 στάμενος
2518 1368 2613 1432 τὰς
2641 1369 2926 1437 ἐντεύξεις·
2962 1370 3384 1443 εὐχαριστοῦμέν
3400 1386 3496 1435 σοι,
3521 1373 3591 1426 ὅτι
3610 1392 3733 1448 κατη-

559 1463 1016 1535 participaremus
1042 1450 1234 1517 sancta
1267 1470 1360 1515 tua
1388 1460 1669 1532 mysteria,
1704 1476 1823 1531 qua:
1852 1461 2130 1532 przebuisti

2234 1457 2429 1527 ξίωσας
2457 1464 2602 1533 ἡμᾶς
2630 1463 2949 1534 μεταλαϐεῖν
2966 1465 3072 1517 τῶν
3096 1463 3262 1533 ἁγίων
3286 1480 3374 1517 σου
3400 1466 3687 1536 μυστηρίων,
3704 1470 3731 1523 6

557 1555 717 1610 nobis
773 1554 839 1608 ad
893 1553 1112 1624 plenam
1169 1566 1360 1607 eorum
1416 1568 1539 1623 qua:
1590 1551 1729 1607 bene
1773 1553 2129 1623 cognovimus

2233 1553 2505 1625 παρέσχου
2532 1557 2681 1627 ημῖν,
2702 1556 3070 1627 πληροφορίαν
3089 1556 3195 1612 τῶν
3218 1555 3395 1621 καλῶς
3415 1559 3730 1633 ἐγνωσμένων,

557 1648 991 1719 persuasionem,
1023 1644 1090 1700 ad
1122 1645 1426 1701 custodiam
1455 1645 1709 1716 pietatis.
1744 1644 1813 1699 ad
1846 1647 2126 1704 remissio-

2228 1651 2310 1712 είς
2336 1649 2578 1721 φυλακὴν
2606 1649 2704 1720 τῆς
2730 1649 3031 1714 εὐσεϐείας,
3062 1652 3141 1713 είς
3170 1651 3360 1720 ἄφεσιν
3391 1651 3732 1723 πλημμέλημα·

554 1755 680 1795 nem
710 1738 1033 1794 delictorum
1061 1756 1076 1806 ;
1108 1738 1365 1809 quoniam
1396 1754 1596 1793 nomen
1627 1736 1832 1794 Christi
1865 1740 1943 1794 tui
1972 1740 2126 1795 invo-

2158 1749 2197 1805 Β
2224 1757 2353 1794 των·
2386 1740 2466 1793 ὅτι
2510 1740 2571 1817 τὸ
2598 1739 2767 1813 ὅνομα
2798 1740 2893 1813 τοῦ
2931 1740 3169 1813 Χριστοῦ
3206 1758 3299 1795 σου
3332 1744 3732 1823 ὲ-πι-κέκλ-Ῑεαιξρ*

554 1842 738 1905 catum
773 1838 858 1888 est
900 1846 1067 1902 super
1099 1846 1222 1893 nos,
1254 1838 1309 1886 et
1349 1831 1448 1885 tibi
1491 1830 1732 1901 adjuncti
1771 1847 1984 1887 sumus.
2020 1831 2124 1899 Qui

2205 1834 2401 1916 3:155,
2421 1831 2516 1886 καὶ
2544 1829 2631 1885 σοὶ
2657 1831 3140 1904 προσῳκειώμεθα.
3174 1834 3233 1888 '0
3257 1835 3488 1908 χωρίσας
3511 1838 3636 1907 ήμὶς
3660 1839 3734 1908 τῆς

554 1924 853 1996 segregasti
896 1938 999 1978 nos
1041 1922 1108 1978 ab
1144 1922 1436 1992 impiorum
1475 1922 1898 1986 communione,
1946 1923 2125 1979 aduna

2223 1924 2332 1978 τῶν
2359 1923 2567 1978 ἀσεϐῶν
2605 1924 2915 1990 κοινωνίας,
2943 1925 3145 1980 ένωσον
3185 1928 3335 1998 ἡμᾶς
3364 1929 3493 2000 μετὰ
3516 1930 3609 1985 τῶν
3631 1932 3732 1985 καθ-

552 2032 676 2072 cum
707 2016 775 2071 iis
802 2015 897 2088 qui
929 2015 1028 2072 tibi
1060 2023 1191 2071 sunt
1222 2014 1552 2077 consecrati,
1585 2013 1738 2068 llrma
1767 2029 1869 2071 nos
1894 2014 1950 2069 in
1982 2016 2127 2071 veri-

2222 2015 2552 2087 ωσιωμένων
2598 2032 2717 2081 σοι,
2762 2016 3012 2089 στήριξον
3055 2019 3208 2089 ἡμᾶς
3256 2019 3314 2074 ὲν
3360 2023 3424 2092 τῇ
3457 2021 3647 2094 ἀληθείᾳ
3682 2026 3730 2095 τῇ

552 2118 664 2166 tate
695 2126 792 2181 per
823 2110 999 2166 sanctl
1032 2106 1275 2180 Spiritus
1306 2108 1625 2174 adventum,
1653 2124 1772 2179 quae
1806 2107 2123 2180 ignoramus

2221 2106 2316 2161 τοῦ
2361 2108 2518 2177 ἁγίου
2562 2108 2877 2180 Πνεύματος
2924 2111 3267 2182 ἐπιφοιτήσει
3291 2150 3307 2176 ,
3346 2110 3414 2165 τὰ
3458 2113 3732 2185 ἀγνοούμενα

550 2204 751 2268 revela,
783 2219 903 2273 quae
935 2203 1197 2259 deficiunt
1232 2203 1445 2274 supple,
1476 2217 1597 2273 qua
1643 2201 1899 2257 novimus
1933 2218 2124 2259 corro-

2222 2200 2590 2270 ἀποκάλυψον,
2624 2200 2693 2254 τὰ
2718 2201 2974 2255 λείποντα
3001 2202 3111 2273 (71)
3145 2204 3661 2276 προσαναπλήρωσον,
3681 2207 3733 2260 τὰ

550 2295 703 2353 hora.
741 2295 1067 2352 Sacerdotes
1100 2295 1410 2365 inculpatos
1434 2309 1696 2349 conserva
1726 2294 1783 2348 in
1811 2295 1961 2349 cultu
1986 2305 2080 2350 tuo
2104 2315 2117 2351 :

2220 2292 2537 2363 ἐγνωσμένα
2563 2293 2850 2363 κράτυνον.
2882 2294 3021 2358 Τοὺς
3051 2294 3222 2367 ἱερεῖς
3258 2295 3511 2369 ἀμώμους
3534 2299 3734 2369 διαφύλα-

548 2404 708 2460 reges
734 2397 890 2445 tuere
920 2389 973 2443 in
999 2403 1133 2459 pace
1158 2406 1173 2454 ;
1207 2389 1563 2458 magistratus
1591 2387 1646 2441 in
1665 2386 1877 2457 justitia
1899 2405 1915 2455 ;
1939 2402 2120 2444 aerem

2222 2381 2310 2446 εον
2357 2384 2414 2435 ὲν
2445 2386 2512 2455 τῇ
2546 2383 2767 2455 λατρεία
2804 2401 2918 2438 σου·
2948 2388 3077 2450 τοὺς
3109 2386 3355 2457 βασιλεῖς
3391 2389 3670 2464 διατήρησον
3690 2394 3733 2446 ὲν

548 2478 606 2535 in
628 2480 923 2551 temperie;
956 2480 1141 2552 fruges
1174 2480 1228 2533 in
1261 2479 1545 2545 ubertate;
1577 2478 1839 2534 mundum
1862 2479 1919 2534 in
1943 2479 2121 2534 omni-

2218 2477 2432 2547 εἰρήνῃ,
2463 2478 2588 2540 τοὺς
2616 2478 2880 2553 ἄρχοντας
2910 2479 2968 2533 ὲν
3008 2478 3352 2553 δικαιοσύνῃ,
3384 2483 3502 2547 τοὺς
3532 2482 3670 2555 ἀέρας
3690 2486 3733 2538 ὲν

547 2580 769 2645 potente
794 2574 1156 2645 providentia.
1184 2570 1384 2628 Gentes
1416 2572 1708 2628 bellicosas
1733 2571 1861 2627 seda
1886 2592 1898 2626 :
1927 2587 2117 2628 erran-

2216 2567 2503 2641 εὐκρασία,
2538 2571 2666 2634 τοὺς
2712 2572 2959 2643 καρποὺς
2991 2573 3050 2625 ὲν
3082 2574 3341 2646 εύερορίᾳ,
3373 2574 3460 2628 τὸν
3500 2576 3668 2646 κόσμον
3690 2578 3732 2630 ὲν

548 2673 633 2722 tes
669 2674 926 2723 converte
955 2685 967 2719 :
1004 2666 1263 2738 populum
1314 2672 1468 2719 tuum
1515 2664 1797 2720 sanctiﬁca
1831 2685 1844 2720 :
1877 2666 2116 2737 virgines

2216 2658 2477 2713 παναλκεῖ
2497 2660 2606 2731 (72)
2629 2661 2872 2735 προνοίᾳ.
2896 2661 2977 2716 Τά
2993 2662 3118 2735 ἔθνη
3141 2664 3208 2717 τὰ
3250 2666 3507 2737 πολεμικὰ
3526 2667 3730 2739 πράῦνον·

544 2772 847 2814 conserva:
870 2758 1131 2828 coniuges
1159 2756 1377 2812 custodi
1397 2756 1451 2809 in
1477 2755 1581 2811 (ide
1606 2775 1619 2811 :
1655 2764 1840 2814 castos
1875 2759 2111 2817 robora:

2211 2750 2283 2805 τὰ
2316 2751 2702 2825 πεπλανημένα
2732 2754 3075 2827 ὲπίστρεψον·
3108 2756 3199 2810 τὸν
3237 2757 3363 2811 λαόν
3410 2776 3497 2813 σου
3541 2760 3732 2827 ἁγίασον·

544 2849 787 2904 infantes
810 2850 876 2905 ad
911 2857 1183 2904 maturam
1213 2857 1427 2903 atatem
1458 2848 1661 2919 perduc
1687 2868 1700 2905 :
1732 2866 1907 2921 nuper
1930 2852 2113 2906 initia-

2211 2847 2336 2908 τοὺς
2353 2848 2409 2898 ὲν
2419 2846 2683 2918 παρθενίᾳ
2693 2846 3031 2919 διατήρησον·
3054 2849 3179 2913 τοὺς
3196 2850 3263 2903 ἐν
3284 2851 3443 2923 γάμῳ
3474 2850 3733 2921 Supina?»

543 2949 631 2997 tos
676 2941 829 2995 arma
860 2960 874 2997 :
919 2942 1342 2997 catechumenos
1376 2941 1557 3006 erudi,
1592 2955 1656 2995 ac
1687 2940 1881 3013 dignos
1922 2944 2109 2999 initia-

2211 2938 2268 2990 ὲν
2288 2939 2484 2992 πίστει·
2514 2940 2639 3004 τοὺς
2656 2940 2713 2992 ὲν
2734 2939 2920 3013 ἁγνείᾳ
2940 2940 3340 3012 ἑνδυνάμωσον·
3355 2943 3420 2997 τὰ
3448 2945 3595 3015 νήπια
3611 2943 3734 3013 ἅδρυ-

545 3034 693 3089 tione
738 3031 945 3089 redde:
995 3047 1203 3102 nosque
1235 3047 1425 3087 omnes
1467 3047 1734 3104 congrega
1782 3034 1839 3088 in
1882 3050 2108 3106 regnum

2153 3093 2175 3108 _
2210 3046 2316 3084 νον·
2336 3031 2461 3096 τοὺς
2480 3030 2737 3097 νεοτελεῖς
2767 3030 3078 3103 βεϐαίωσον·
3103 3034 3234 3097 τοὺς
3265 3036 3322 3087 ὲν
3358 3034 3733 3108 κατηχήσειπαί-

543 3128 833 3191 cmlorum,
868 3127 921 3183 in
974 3125 1198 3183 Christo
1249 3125 1377 3184 Jesu
1416 3124 1647 3184 Domino
1703 3137 1931 3198 nostro;
1981 3144 2105 3185 cum

2153 3093 2176 3152 ’ἶ
2208 3093 2558 3189 δευσονίκαὶ
2585 3125 2683 3196 τῆς
2714 3093 2965 3196 μύήσεως
2992 3123 3173 3191 ἀξίους
3199 3093 3600 3191 ἀνάδειξονίηκαὶ
3631 3128 3733 3180 πάνυ

542 3237 654 3291 quo
676 3220 774 3275 tibi
816 3221 1009 3293 gloria,
1039 3220 1215 3275 honor
1251 3234 1315 3274 ac
1347 3220 1647 3284 veneratio.
1680 3228 1735 3275 et
1766 3227 1956 3275 sancto
1988 3219 2111 3292 Spi-

2208 3235 2306 3282 τας
2325 3220 2358 3288 ὴ
2369 3218 2474 3287 μᾶς
2500 3216 2867 3285 ὲπισυνάγαγε
2888 3218 2965 3281 εἰς
2982 3218 3082 3289 τὴν
3100 3218 3207 3273 τῶν
3222 3218 3470 3291 οὐρανῶν
3492 3218 3732 3290 βασιλείαν,

540 3314 696 3375 ritui,
725 3314 777 3369 in
802 3314 1020 3369 saecula.
1052 3313 1246 3369 Amen.
1274 3312 1339 3367 Et
1361 3312 1627 3368 diaconus
1660 3312 1806 3368 dicat
1830 3333 1844 3368 :
1882 3311 1992 3369 Deo
2016 3329 2113 3385 per

2208 3313 2266 3364 ὲν
2294 3310 2513 3382 Χριστῷ
2544 3309 2716 3382 Ἰησοῦ
2747 3309 2823 3380 τῷ
2856 3310 3043 3382 Κυρίῳ
3068 3311 3404 3383 ήμῶνῇμεεν
3435 3306 3491 3365 οὗ
3520 3330 3589 3366 σοι
3616 3311 3731 3378 δόξα,

539 3404 818 3461 Christum
860 3405 983 3474 ejus
1008 3404 1287 3467 inclinate,
1312 3411 1367 3459 et
1396 3404 1624 3474 accipite
1650 3404 2106 3462 benedictionem.

2206 3404 2339 3475 τιμὴ
2359 3404 2456 3457 καὶ
2483 3402 2665 3467 σέϐας,
2688 3404 2783 3456 καὶ
2808 3401 2887 3473 τῷ
2913 3403 3053 3474 ἀγίῳ
3075 3403 3382 3475 ΙΙνεύματι,
3409 3407 3483 3470 εἰς
3507 3406 3618 3467 τοὺς
3629 3402 3731 3457 uitii-

540 3494 679 3554 Tnm
716 3497 1003 3567 episcopus
1058 3503 1330 3567 precetur,
1373 3495 1461 3550 his
1502 3495 1717 3550 verbis:
1749 3494 1895 3551 Deus
1933 3497 2110 3551 omni-

2207 3514 2322 3561 νας.
2366 3498 2555 3569 Ἀμήν.
2594 3497 2748 3551 Καὶό
2767 3495 3011 3559 διάκονος
3041 3496 3271 3565 λεγέτω·
3295 3498 3384 3569 Τῷ
3417 3497 3527 3567 Θεῷ
3554 3496 3628 3549 διὰ
3659 3495 3731 3547 τοῦ

540 3596 766 3660 potens,
805 3605 970 3645 verax
1012 3597 1065 3644 et
1112 3588 1589 3660 incomparabilis,
1626 3588 1720 3659 qui
1773 3589 1975 3659 ubique
2014 3604 2110 3645 ex-

2207 3590 2441 3663 Χριστοῦ
2484 3590 2646 3644 αὑτοῦ
2675 3589 2920 3653 κλίνατε,
2954 3590 3048 3643 καί
3091 3590 3424 3660 εύλογείσθε.
3460 3591 3560 3643 Καὶ
3592 3587 3730 3643 661:!-

539 3683 723 3747 sistis,
765 3697 827 3737 ac
867 3682 1120 3738 omnibus
1163 3697 1403 3753 praesens
1435 3697 1527 3745 es,
1558 3690 1611 3736 et
1645 3682 1701 3737 in
1748 3681 1896 3736 nullo
1935 3682 2109 3736 instar

2210 3701 2406 3747 σκοπος
2435 3683 2767 3754 ὲπευχέσθω,
2804 3682 2995 3753 λέγων·
3037 3684 3094 3736 '0
3119 3682 3259 3747 Θεὸς
3284 3684 3395 3755 (75)
3422 3686 3450 3737 6
3480 3680 3734 3753 παντοκρά-

538 3789 728 3830 emum
750 3789 870 3845 qua:
891 3773 1079 3829 insunt
1108 3774 1433 3829 contineris:
1462 3774 1552 3844 qui
1582 3774 1715 3829 locis
1737 3788 1843 3829 non
1870 3772 2105 3828 circum-

2205 3793 2339 3850 τωρ,
2374 3777 2402 3829 6
2432 3774 2681 3847 ἀληθινὸς
2709 3776 2803 3828 καὶ
2828 3762 3178 3847 ἀσύγκριτος,
3213 3776 3247 3828 ὁ
3281 3773 3547 3846 πανταχοῦ
3572 3772 3638 3826 ὢν
3660 3771 3733 3824 καὶ

539 3866 819 3931 scriberis,
850 3866 1187 3936 temporibus
1216 3880 1325 3919 non
1371 3863 1713 3928 vetustescis,
1751 3865 1965 3920 saeculis
1996 3880 2105 3920 non

2204 3873 2318 3933 τοῖς
2346 3869 2478 3921 πᾶσι
2503 3866 2691 3939 παρὼν
2717 3867 2812 3921 καὶ
2836 3869 2894 3921 ὲν
2924 3867 3100 3923 οὐδενὶ
3127 3868 3203 3932 ὠς
3234 3869 3362 3922 ἐνόν
3374 3866 3686 3938 τιύπάρχων,
3711 3866 3734 3916 6

537 3960 871 4023 terminaris,
904 3960 1086 4014 verbis
1122 3974 1230 4013 non
1259 3957 1573 4023 seduceris;
1604 3958 1696 4028 qui
1726 3957 1869 4012 ortui
1901 3972 2012 4011 non
2044 3973 2106 4013 es

2204 3962 2390 4024 τόποις
2420 3960 2494 4031 μὴ
2526 3960 3018 4032 περιγραφόμενος,
3040 3962 3069 4015 6
3097 3960 3321 4032 χρόνοις
3350 3962 3424 4033 μὴ
3453 3957 3733 4027 παλαιούμε-

538 4052 841 4121 subjectus,
865 4058 918 4106 et
946 4048 1194 4107 custodia
1225 4064 1335 4104 non
1366 4048 1599 4120 indiges,
1632 4056 1685 4104 et
1716 4063 1880 4119 supra
1915 4058 2100 4103 extra-

2205 4070 2324 4118 νοςν
2356 4055 2384 4107 ὁ
2411 4051 2571 4106 αῐῶσι
2604 4052 2678 4123 μὴ
2708 4052 3130 4122 περατούμενος,
3160 4054 3189 4106 6
3218 4051 3406 4122 λόγοις
3436 4052 3505 4123 μὴ
3537 4047 3734 4120 παραγό-

535 4160 641 4217 que
668 4145 946 4200 interitum
977 4160 1057 4206 es,
1081 4158 1143 4198 ac
1174 4142 1587 4198 conversionem
1612 4143 1855 4212 recipere
1884 4141 2100 4211 nequis,

2208 4162 2385 4216 μενος,
2419 4146 2449 4199 6
2476 4144 2686 4214 γενέσει
2714 4144 2789 4215 μὴ
2824 4145 3200 4214 ὑποκείμενος,
3224 4145 3259 4197 6
3291 4143 3528 4215 φυλακῆς
3559 4142 3622 4213 μὴ
3646 4138 3735 4192 δεό-

537 4245 701 4307 atqne
744 4245 940 4290 natura
982 4252 1043 4291 es
1091 4234 1445 4289 immutabilis
1473 4252 1488 4297 ;
1520 4233 1615 4304 qui
1658 4233 1834 4287 lucem
1889 4232 2104 4288 habitas

2208 4254 2386 4309 μενος,
2416 4238 2444 4290 6
2490 4236 2694 4308 φθορᾶς
2721 4234 2989 4307 ἀνώτερος
3010 4274 3025 4299 ,
3054 4236 3082 4287 6
3112 4237 3328 4307 τροπῆς
3356 4234 3688 4293 ἀνεπίδεκτος,
3713 4229 3737 4281 6

538 4328 873 4384 inaccessam
897 4329 963 4392 ³⁸,
993 4337 1048 4382 et
1099 4335 1295 4382 natura
1334 4325 1627 4381 invisibilis
1669 4340 1764 4389 es;
1797 4324 1891 4395 qui
1925 4324 2104 4379 omni-

2204 4330 2361 4399 φύσει
2381 4328 2755 4392 ἀναλλοίωτος,
2780 4330 2808 4381 ὁ
2829 4326 2942 4398 φῶς
2969 4326 3132 4381 οἰκῶν
3149 4328 3466 4398 ἀπρόσιτον,
3487 4327 3513 4378 6
3530 4327 3589 4395 τῇ
3609 4321 3733 4389 φύσει

536 4420 641 4477 bus
670 4422 884 4476 naturis
914 4420 1275 4475 rationalibus
1308 4426 1362 4474 te
1396 4418 1656 4473 benevole
1696 4416 2100 4487 requirentibus

2155 4436 2175 4485 )
2203 4421 2449 4493 ἀόρατος,
2496 4422 2524 4473 6
2551 4419 2790 4488 γνωστὸς
2820 4420 3019 4482 πάσαις
3060 4421 3179 4483 ταῖς
3219 4421 3340 4491 μετ’
3367 4418 3567 4481 εὐνοίας
3601 4414 3735 4482 61:1;-

536 4521 701 4566 notus
747 4528 827 4574 es.
874 4519 929 4567 et
970 4511 1395 4583 deprehenderis
1429 4511 1498 4567 ab
1528 4510 1595 4566 iis
1636 4510 1731 4580 qui
1774 4510 1827 4564 in
1866 4510 2100 4566 benevo-

2202 4513 2419 4577 τούσαις
2460 4530 2519 4566 σε
2550 4511 2794 4580 λογικαῖς
2841 4510 3066 4580 φύσεσιν
3088 4549 3103 4575 ,
3147 4513 3178 4564 6
3228 4506 3735 4580 καταλαμϐανόμενος

534 4604 700 4660 lentia
728 4605 1001 4675 vestigant
1028 4612 1081 4659 te
1108 4623 1119 4658 :
1155 4602 1297 4658 Deus
1329 4601 1566 4665 lsraelis,
1597 4616 1723 4656 vere
1754 4602 2009 4666 videntis,
2042 4604 2097 4658 in

2206 4605 2309 4658 ὑπὸ
2332 4604 2438 4657 τῶν
2466 4606 2525 4656 ὲν
2563 4603 2745 4674 εὐνοίᾳ
2774 4601 3171 4674 ἐπιζητούντων
3198 4618 3282 4656 σε·
3309 4604 3338 4656 6
3376 4601 3506 4663 Θεὸς
3534 4592 3733 4668 Ἰσραὴλ,

536 4691 813 4751 Christum
862 4695 1137 4751 credentis
1184 4694 1369 4766 populi
1417 4693 1496 4747 tui
1536 4712 1548 4747 :
1582 4690 1848 4762 propitius
1900 4694 2095 4759 factus,

2204 4696 2298 4751 τοῦ
2330 4695 2594 4769 ἀληθινῶς
2626 4693 2880 4767 ὁρῶντος,
2902 4694 2994 4749 τοῦ
3022 4698 3099 4760 εἰς
3120 4696 3356 4767 Χριστὸν
3387 4692 3733 4748 πιστεύσαντῦς

677 4832 723 4865 ³⁸
754 4833 773 4890 1
802 4831 927 4887 Cor.
952 4849 1029 4897 xl,
1060 4830 1150 4887 29.
1229 4831 1270 4863 ³⁸
1309 4829 1327 4883 l
1358 4831 1499 4887 Tim.
1525 4833 1721 4896 v1,‘l6.

2942 1252 3103 1264 ..ι--ο

1866 5022 2164 5081 VARIORU
2174 5023 2219 5078 Μ
2252 5022 2477 5078 NOTAE.

606 5205 715 5274 (70)
760 5206 853 5275 Τῷ
876 5202 1019 5275 Θεῷτ
1072 5199 1543 5275 Βρρῑίυεᾲθίιειιιιι
1594 5198 1820 5275 in_cod.
1864 5198 2096 5255 Vindob.
2201 5200 2352 5275 nibus
2398 5199 2701 5269 sufﬁciente.
2734 5200 2874 5275 Silii!
2918 5202 3177 5275 interest,
3228 5212 3411 5259 utrum
3442 5214 3726 5275 sequamur.

540 5269 709 5330 verba
734 5273 807 5345 τῷ
822 5269 979 5343 ’μόνω
997 5274 1274 5343 ἀγεννήτῳ
1296 5270 1436 5345 Θεῷ.Δ
1456 5269 1714 5334 Quamvis
1735 5285 1866 5345 cum
1881 5280 2096 5345 recepta

2202 5269 2499 5345 Utramque
2523 5288 2709 5345 vocem
2743 5273 2900 5345 habet
2944 5274 3162 5336 Suidas.
3204 5283 3257 5329 et
3300 5269 3639 5345 posteriorem
3672 5269 3729 5321 de

531 5339 798 5400 Sententia
837 5339 962 5397 non
995 5339 1257 5415 pugnent,
1292 5339 1484 5415 nescio
1519 5340 1794 5415 quomodo
1842 5339 2093 5415 Arianis-
2199 5342 2312 5415 sole
2340 5341 2474 5415 dici_
2494 5343 2747 5415 observat
2770 5380 2806 5415 ,_
2829 5339 3320 5415 interpretaturqué
3363 5344 3511 5415 ἡλίου
3552 5354 3727 5415 παναρτ

532 5431 680 5469 mum
716 5416 962 5470 redolent
982 5406 1270 5478 {solebant
1292 5413 1436 5465 enim
1461 5406 1645 5464 Ariani
1680 5410 2091 5482 frequenterita

2197 5412 2318 5473 κέος
2338 5450 2352 5473 ,
2383 5410 2476 5464 τοῦ
2509 5412 2752 5482 πανταχῆ
2794 5406 3105 5482 λάμποντος,
3163 5406 3326 5468 Recte
3359 5406 3603 5482 quidem,
3646 5406 3724 5462 sed

531 5486 701 5557 loqui,
737 5494 795 5539 nt
824 5485 1119 5557 discrimen
1162 5493 1478 5537 naturarum
1527 5482 1580 5535 in
1616 5482 1867 5551 personis
1893 5480 2090 5534 divinis

2194 5482 2374 5557 aptius
2396 5483 2503 5536 vim
2530 5480 3058 5557 vocis'eipressisset
3084 5485 3231 5557 πάσῃ
3257 5486 3324 5555 τῇ
3349 5480 3419 5555 γῇ
3440 5480 3722 5555 ἀρκοῦντοςν

530 5550 839 5611 innuerent.
869 5554 1034 5609 CLER.
1617 5550 1631 5551 ί
2198 5552 2292 5603 toti
2323 5561 2476 5605 terra:
2504 5550 2823 5621 sufﬁcientis.
2862 5550 2938 5606 ID.

603 5626 710 5697 (71)
746 5627 1058 5697 Λείπονςα.
1126 5622 1261 5678 Cod.
1294 5623 1454 5680 Vind.
1508 5640 1616 5678 non
1662 5630 1872 5677 mutato
1920 5634 2087 5675 sensu

2246 5622 2374 5697 ,(ςῖΰ)
2411 5624 2477 5697 Ῑο
2512 5615 2672 5697 Θὲδς.
2696 5622 2917 5697 _ln_cod.
2952 5622 3110 5697 Vind.
3139 5624 3330 5697 incipit
3355 5624 3617 5697 hinccap.
3648 5615 3718 5697 ιο.

528 5687 1141 5767 τὰλείπόμεναλῖιβειέ-
1225 5764 1233 5767 _
1389 5764 1399 5767 _
1584 5763 1594 5767 Δ
1894 5764 1912 5767 _

2192 5687 2375 5767 addita
2411 5692 2509 5767 hac
2528 5692 2933 5767 inscriptione:
2986 5687 3297 5767 Ἐπίκ>.ησξς
3343 5687 3721 5763 κεφαλοκ).ι5ίας

606 5764 714 5825 (72)
753 5761 1065 5819 Παναιικεῖ.
1104 5763 1193 5817 Est
1224 5764 1276 5817 in
1307 5764 1423 5816 cod.
1461 5761 1617 5817 νιιυι.
1652 5764 1938 5830 πανπρκεί,
1972 5778 2083 5816 0m-

1255 5779 1276 5817 n
1307 5764 1423 5816 cod.
1461 5761 1617 5817 V‘1nd.
1652 5764 1938 5830 na‘upxﬁ,
1972 5778 2083 5816 om-
2193 5764 2395 5817 πιστῶν
2420 5761 2732 5827 ἀπολυτικὴ.
2764 5762 2835 5818 lu.
