3976 6340
196 348 332 407 1121

717 461 1110 518 ΚΕΦΑΛΑιυΝ
1146 462 1271 515 ΚΔ’.

491 577 601 635 Τοῦ
626 576 813 631 αὑτοῦ
842 576 954 648 (95)
986 575 1117 645 περὶ
1146 572 1470 643 παρθένων.

272 692 332 746 'U
357 691 537 754 αὐτὸς,
565 691 692 763 περ).
716 690 997 764 παρθένων
1018 690 1375 760 διατάσσομαι
1400 685 1530 758 (949°
1557 684 1769 755 Παρθέ-

1039 339 1639 401 CONSTITUTIONES
1681 335 2153 394 APOSTOLICAS.
2198 366 2258 376 —
2291 332 2418 389 LIB.
2462 330 2596 388 VIII.

1752 516 1753 519 η
1801 464 1855 523 Δ

3305 328 3441 385 1129.

2435 446 2665 505 CAPUT
2700 446 2888 501 XXIV.

2324 562 2575 633 Ejusdem
2604 561 2668 615 de
2701 558 2985 631 virginibus
3013 600 3027 613 .

1940 682 2061 753 Ipse
2090 696 2190 751 ego
2217 681 2491 735 constituo
2520 680 2588 735 de
2633 679 2960 749 virginibus.
3001 675 3117 730 Non
3169 675 3451 731 ordinatur

184 802 280 849 νος
306 784 368 837 οὐ
405 785 805 855 χειροτονεῖται.
843 783 1138 854 Ἐπιταγὴν
1162 781 1269 853 γὰρ
1293 780 1497 851 Κυρίου
1527 778 1623 831 οὐκ
1654 777 1771 847 ἔχο-

1885 777 2042 847 rirgo.
2088 774 2423 845 Prmceptum
2465 776 2609 829 enim
2661 772 2872 826 Domini
2924 787 3032 825 non
3086 770 3349 825 habemus
3379 770 3445 823 “.

190 894 313 949 μεν·
355 875 579 948 γνώμης
615 876 723 947 γάρ
750 878 865 929 ἐστι
898 876 960 930 τὸ
986 874 1235 928 ἔπαθλον·
1279 874 1378 927 οὐκ
1416 872 1507 925 ἐπὶ
1551 869 1769 942 διαϐολῇ

186 969 285 1022 τοῦ
316 970 517 1040 γάμου,
547 968 659 1022 ἀλλ’
689 969 782 1022 ἐπὶ
814 968 976 1041 σχολῇ
1006 968 1105 1040 τῆς
1129 963 1429 1030 εὐσεϐείας.

682 1151 1079 1206 ΚΕΦΑΛΑΙΟΝ
1110 1151 1237 1205 ΚΕ’.

185 1266 480 1320 Αεϐὄαίου
524 1264 635 1337 (95)
684 1266 788 1321 τοῦ
843 1265 1271 1337 ἐπικληθέντος
1301 1265 1592 1320 Θαδδαίου
1638 1266 1773 1335 περὶ

718 1336 917 1405 χηρῶν
962 1336 1244 1403 διάταξις.

262 1426 436 1497 Κάγὼ
463 1428 725 1491 Λεϐϐαῖος
751 1430 779 1482 6
809 1428 1121 1500 ἐπικληθεὶς
1164 1430 1438 1493 Θαδδαῖος,
1480 1430 1603 1483 τάδε
1644 1431 1772 1502 περὶ

187 1521 378 1593 χηρῶν
410 1520 518 1592 (96)
548 1521 924 1593 διατάσσομαι.
958 1523 1116 1593 Χήρα
1138 1523 1197 1575 οὐ
1228 1526 1604 1594 χειροτονεῖται
1622 1533 1637 1551 ⁶
1659 1522 1771 1575 ἀλλ’

187 1618 243 1669 εί
280 1616 379 1686 μὲν
400 1617 465 1668 ὲκ
495 1615 688 1668 πολλοῦ
718 1614 956 1668 ἀπέϐαλε
1021 1614 1112 1668 τὸν
1140 1616 1328 1687 ἄνδρα,
1360 1616 1453 1669 καὶ
1484 1615 1773 1687 σωφρόνως

190 1708 291 1762 καὶ
335 1706 765 1777 ἀκαταγνὼστως
828 1706 1009 1778 ἔζησε,
1042 1708 1135 1761 καὶ
1176 1708 1281 1760 τῶν
1327 1708 1540 1760 οἰκείων
1582 1708 1772 1779 ἄριστα

188 1799 527 1872 ἐπεμελήθη,
574 1801 652 1864 ὡς
716 1798 901 1853 Ἱουδὶθ
948 1800 1041 1853 καὶ
1098 1802 1282 1864 Ἀννα,
1330 1801 1385 1853 αἱ
1430 1800 1770 1871 σεμνόταται,

1872 868 2149 940 Siquidem
2174 868 2468 923 voluntatis
2490 874 2574 922 est
2615 866 2728 921 haec
2760 865 3075 921 certaminis
3104 864 3271 933 gloria
3297 882 3311 929 ;
3343 879 3451 917 non

1870 964 1939 1018 ad
1981 963 2386 1018 criminandum
2422 961 2852 1024 matrimonium,
2900 959 2994 1015 sed
3038 958 3106 1012 ad
3149 958 3453 1013 vacandum

1868 1055 2078 1129 pietati.

2442 1144 2673 1201 CAPUT
2712 1143 2878 1199 XXV.

1904 1262 2114 1320 Lebbaei
2142 1271 2479 1335 cognomento
2512 1260 2767 1316 Thaddtei
2796 1258 3098 1313 constitutio
3129 1256 3192 1311 de
3226 1256 3414 1311 viduis.

1942 1441 2006 1498 Et
2050 1458 2149 1513 ego
2194 1440 2480 1505 Lebbaeus,
2526 1439 2943 1510 cognominatus
2979 1437 3304 1499 Thaddaeus,
3338 1438 3452 1493 haec

1872 1535 1938 1591 de
1978 1536 2157 1592 viduis
2208 1536 2506 1591 constituo.
2538 1534 2711 1589 Vidua
2762 1549 2869 1588 non
2913 1532 3237 1586 ordinatur:
3266 1532 3359 1586 sed
3406 1532 3452 1586 si

1872 1630 2041 1682 multo
2065 1636 2189 1682 ante
2228 1628 2410 1682 amisit
2437 1628 2635 1690 virum,
2676 1634 2729 1680 et
2761 1632 2907 1680 caste
2951 1640 3013 1677 ac
3051 1622 3449 1693 incnlpabiliter

1870 1720 2027 1785 vixit,
2058 1736 2121 1773 ac
2152 1719 2576 1775 domesticorum
2605 1719 2805 1787 optime
2836 1732 3022 1771 curam
3045 1717 3233 1785 gessit,
3268 1722 3325 1768 ut
3354 1714 3449 1769 Ju-

1872 1810 2022 1865 ditha
2046 1814 2089 1850 δν
2112 1820 2167 1867 et
2203 1812 2357 1865 Anna
2389 1810 2454 1874 ⁸⁸,
2484 1811 2843 1877 sanctissima:
2895 1808 3127 1873 feminze,
3169 1815 3453 1878 cooptetur

188 1893 615 1947 κατατασσέσθω
640 1894 720 1957 είς
746 1892 807 1945 τὸ
835 1893 1079 1965 χηρικόν.
1123 1895 1183 1946 Εἰ
1228 1893 1284 1945 δὲ
1320 1894 1511 1947 νεωστὶ⁹
1533 1892 1767 1946 ἀπέϐαλε

1885 1922 1926 1958 ,η
1956 1905 2182 1975 gradum
2214 1905 2504 1959 vidualem.
2540 1903 2694 1969 Quod
2736 1904 2780 1956 si
2829 1918 3002 1972 nuper
3047 1901 3229 1955 amisit
3259 1900 3452 1968 conju-

187 1986 285 2038 τὸν
311 1982 575 2057 ὁμόζυγω
609 2025 624 2050 ,
660 1987 734 2058 μὴ
776 1987 1133 2050 πιστευέσθω,
1179 1986 1315 2039 ἀλλὰ
1360 1986 1533 2058 χρόνῳ
1582 1988 1769 2059 νεότης

1872 2013 2011 2067 gem,
2044 2013 2111 2051 ne
2141 1997 2214 2050 illi
2243 1997 2516 2057 credatur,
2558 1996 2649 2050 sed
2691 2003 2933 2064 tempore
2977 1993 3338 2046 adolescentia
3369 1992 3454 2044 di-

187 2079 480 2151 κρινέσθω.
511 2079 591 2133 Τὰ
619 2080 726 2152 γὰρ
753 2080 899 2151 πάθη
934 2080 1041 2134 ἔσθ’
1087 2081 1174 2133 ὅτε
1222 2082 1315 2135 καὶ
1362 2082 1614 2153 συγγηρᾷ
1660 2081 1767 2152 (97)

1894 2089 2160 2144 udicetur.
2213 2089 2658 2145 Perturbationes
2698 2088 2840 2142 enim
2882 2085 3155 2140 interdum
3200 2100 3323 2138 cum
3355 2084 3457 2137 hoo

188 2171 520 2245 ἀνθρώποις,
552 2174 600 2226 εί
654 2173 730 2245 μὴ
757 2172 802 2205 δ’
831 2173 935 2226 ὑπὸ
980 2173 1287 2246 κρείττονος
1330 2174 1545 2245 χαλινοῦ
1588 2175 1768 2243 εἰργό-

194 2264 339 2334 μεθα
365 2264 430 2319 ⁸⁸.

711 2356 1103 2411 ΚΕΦΑΛΑΙΟΝ
1138 2360 1285 2425 κεῖν.

567 2447 631 2502 Ὅ
660 2449 842 2515 αὐτὸς
871 2450 1005 2518 περὶ
1036 2451 1421 2519 ἐπορκιστοῦ.

277 2540 337 2593 '0
355 2539 514 2604 αὐτὸς
541 2540 673 2613 (98),
700 2542 827 2613 περὶ
850 2543 1173 2613 ὲπορκιστοῦ
1195 2540 1769 2617 διατάσσομαι.Ὲπορ-

191 2634 387 2704 κιστὴς
419 2633 528 2705 (99)
570 2635 631 2687 οὐ
660 2637 1063 2706 χειροτονεῖται.
1111 2637 1335 2701 Εόνοίας
1376 2638 1485 2708 γὰρ
1521 2639 1767 2692 ἑκουσίου

189 2725 259 2777 τὸ
284 2724 537 2791 ἔπαθλον,
570 2727 665 2780 καὶ
697 2728 917 2799 χάριτος
955 2728 1090 2781 Θεοῦ
1128 2729 1214 2781 διὰ
1248 2728 1514 2800 Χριστοῦ,
1555 2732 1769 2799 ἐπιφοι-

189 2818 352 2888 τήσει
394 2817 489 2871 τοῦ
536 2819 689 2886 ἁγίου
735 2818 1068 2890 Πνεύματοςο
1106 2822 1134 2874 6
1168 2820 1275 2892 γὰρ
1312 2820 1489 2874 λαϐὼν
1528 2822 1771 2894 χάρισμα

197 2909 475 2979 ἰαμάτων,
516 2910 583 2963 δι’
626 2911 1018 2981 ἀποκαλύψεως
1059 2912 1163 2965 ὑπὸ
1191 2911 1326 2966 Θεοῦ
1368 2913 1767 2981 ἀναδείκνυται,

193 3003 439 3073 φανερᾶς
476 3001 639 3073 οὖα-ης
682 3004 814 3056 πᾶσι
860 3004 959 3075 τῆς
998 3006 1055 3057 ὲν
1088 3004 1235 3076 αὐτῷ
1272 3005 1510 3076 χάριτος.
1560 3008 1683 3061 Ἐὰν
1715 3008 1771 3061 δὲ

191 3095 359 3166 χρεία
388 3094 553 3148 αὐτοῦ
586 3096 809 3167 γένηται
848 3098 929 3160 είς
960 3098 1277 3161 ἐπίσκοπον,
1306 3099 1339 3169 ἢ
1381 3099 1769 3171 πρεσϐύτερον,

189 3189 229 3260 ἢ
262 3188 527 3257 διάκονον,
556 3192 957 3261 χειροτονεῖται.

724 3281 1117 3335 ΚΕΦΑΛΑΙΟΝ
1149 3282 1277 3336 KZ'.

191 3373 396 3442 Σίμων
426 3372 571 3445 (100)
602 3376 636 3427 ὁ
676 3374 1042 3445 Κανανὰης,
1088 3374 1223 3442 περὶ
1264 3374 1372 3429 τοῦ
1414 3375 1532 3430 ὑπὸ
1565 3379 1772 3433 πόσων

405 3446 633 3513 ὀφείλει
662 3444 1123 3513 χειροτονεῖσθαι
1153 3449 1187 3500 ό
1215 3444 1565 3513 ἐπίσκοπος.

268 3536 452 3607 Σίμων
481 3537 539 3591 δὲ
564 3539 593 3592 6
620 3537 947 3608 Κανανίτης,
982 3536 1137 3606 κάγὼ
1159 3536 1507 3609 διατάσσομαι
1543 3542 1647 3595 ὁπδ
1675 3543 1772 3597 πό-

1870 2181 2110 2238 minibus
2140 2189 2563 2246 consenescunt,
2608 2181 2714 2236 nisi
2761 2180 2960 2250 potiori
2999 2178 3153 2232 freno
3201 2192 3453 2232 coercea-

1870 2290 2011 2330 111111⁸.

2424 2363 2654 2420 CAPUT
2696 2362 2885 2418 XXVI.

2364 2454 2517 2512 Idem
2564 2458 2630 2512 de
2669 2458 2958 2511 exorcista.

1942 2554 1984 2585 ⁵¹
2004 2551 2123 2623 lpse
2149 2560 2390 2622 egomet,
2438 2552 2505 2607 de
2534 2552 2807 2607 exoreista
2836 2550 3133 2605 constituo.
3169 2547 3451 2602 Exorcista

1870 2662 1979 2701 non
2006 2645 2313 2700 ordinatur.
2350 2643 2475 2698 llzec
2506 2645 2653 2698 enim
2684 2643 3003 2697 certaminis
3036 2643 3154 2697 laus
3185 2642 3386 2712 pendet
3419 2657 3451 2695 a

1873 2740 2039 2793 libera
2067 2746 2121 2794 et
2161 2737 2304 2793 bona
2351 2738 2651 2798 voluntate,
2683 2742 2737 2789 et
2770 2751 2800 2788 a
2834 2735 3008 2805 gratia
3042 2733 3136 2787 Dei
3169 2750 3265 2803 per
3290 2732 3453 2788 Chri-

1872 2839 2039 2895 stum,
2090 2829 2324 2885 adventu
2379 2828 2616 2901 Spiritus
2665 2826 2863 2882 sancti.
2911 2825 3016 2892 Qui
3060 2826 3204 2880 enim
3240 2826 3453 2895 accepit

1870 2925 2164 2987 charisma,
2190 2938 2286 2977 seu
2313 2921 2518 2975 donum
2542 2920 2911 2983 sanationum,
2938 2934 3034 2989 per
3062 2917 3450 2973 revelationem

1871 3032 1902 3070 a
1949 3016 2060 3072 Deo
2106 3016 2438 3079 declaratur,
2469 3014 2794 3083 cunctisque
2827 3011 3117 3067 manifesta
3153 3018 3237 3066 est
3266 3011 3443 3081 gratia

1872 3124 1992 3180 quae
2011 3117 2093 3164 est
2116 3110 2168 3163 in
2190 3110 2331 3180 ipso.
2369 3105 2426 3161 Si
2457 3114 2637 3161 autem
2665 3122 2803 3176 opus
2832 3121 2898 3160 eo
2929 3104 3115 3170 fuerit,
3148 3104 3203 3159 in
3235 3103 3454 3174 episco-

1873 3218 2025 3273 pum,
2058 3203 2140 3257 vel
2180 3201 2579 3272 presbyterum,
2609 3200 2693 3255 vel
2718 3198 3014 3251 diaconum
3041 3196 3349 3252 ordinatur.

1797 3254 1839 3312 ϐ
2423 3289 2652 3312 nanum
2690 3288 2881 3312 ννιιη

2421 3289 2652 3347 CAPUT
2690 3288 2902 3345 XXVII.

1880 3386 2063 3443 Simon
2098 3385 2363 3442 Cananita
2384 3384 2449 3439 de
2469 3386 2726 3453 episcopo,
2760 3400 2792 3436 a
2822 3391 2947 3452 quot
2974 3381 3158 3436 debeat
3188 3382 3449 3437 ordinari.

1950 3544 2017 3599 Et
2046 3559 2176 3601 vero
2204 3559 2303 3615 ego
2337 3540 2527 3596 Simon
2566 3541 2871 3597 Cananaeus
2906 3540 3206 3603 constituo,
3254 3554 3283 3592 a
3318 3546 3454 3610 quot

270 3691 375 3778 F‘l
408 3692 537 3778 Cor.
595 3710 693 3778 vit,
719 3695 808 3750 25.
837 3766 852 3778 _
884 3694 942 3778 ⁸⁷.
968 3693 1340 3778 Judith._vm._
1404 3698 1449 3778 ξ’
1488 3698 1619 3778 huc.
1658 3718 1720 3759 ll.
1795 3704 1801 3730 ¹

1885 3706 1951 3761 al.
1984 3708 2271 3778 συνηγορεί
2299 3701 2605 3774 ἀνθρώποις
2643 3701 2739 3774 μή.
2815 3699 2863 3733 ⁵⁸
2900 3698 2975 3756 al.
3004 3698 3319 3772 είργὸμενα.
3354 3696 3456 3758 Sic

201 3758 374 3819 Vind.
402 3766 524 3821 cod.
598 3766 642 3799 "
682 3758 1095 3839 pseudo—lgnat.
1126 3766 1194 3823 ad
1215 3767 1471 3825 Antioch.
1498 3772 1583 3825 12.

1476 3924 1837 3981 VARIORUM
1889 3924 2120 3984 ΝΟΤᾸΞ.

266 4091 384 4162 (95)
420 4090 530 4145 Τοῦ
556 4090 760 4145 αὐτοῦ.
792 4088 998 4162 Desunt
1027 4088 1082 4162 in
1116 4087 1245 4162 cod.
1272 4086 1434 4162 Vind.
1463 4085 1632 4144 Cum.

266 4158 385 4267 (94)
422 4161 840 4229 Διατάσσομαι.
878 4159 1037 4214 Deest
1066 4160 1119 4212 in
1148 4159 1359 4215 eodem.
1392 4158 1468 4216 In.

291 4234 385 4267 03h
425 4232 697 4267 Acﬁﬁnfms
752 4229 905 4267 hanc!
940 4230 1224 4267 innnrinlin
1254 4230 1365 4267 hmo
1397 4230 1450 4267 in

270 4228 385 4303 (95)
414 4228 724 4303 Λεϐϐαἰουέ
752 4229 910 4285 Deest
940 4230 1224 4303 inscriptio
1248 4230 1687 4303 Ahzeeineodem.
1722 4228 1779 4303 In

190 4300 435 4372 utroque
467 4303 579 4356 haec
611 4300 919 4372 adduntur;
954 4300 1265 4372 Θαδδαῖοςνρ
1305 4300 1399 4372 καὶ
1442 4300 1719 4364 Λεϐϐαῖος,
1752 4302 1780 4353 6

1885 4104 2009 4159 cap.
2149 4088 2265 4163 Quo
2282 4108 2370 4145 ore
2388 4090 2725 4163 Christianus
2751 4088 3047 4150 thurarius.
3073 4091 3121 4143 si
3140 4104 3232 4163 per
3257 4093 3452 4163 templa

1886 4160 2166 4224 transibit,
2191 4160 2453 4229 fumantes
2485 4179 2611 4214 aras
2643 4161 2872 4228 despuet.
2905 4171 2953 4214 et
2980 4162 3293 4231 essu/flabit.
3330 4160 3448 4232 qui—

1886 4236 1980 4283 bus
2009 4231 2117 4298 ipse
2145 4234 2453 4300 prospexit?
2480 4249 2583 4301 qua
2611 4233 2910 4285 constantia
2932 4232 3251 4285 exorcizabit
3272 4235 3450 4287 alum-

1885 4317 1979 4372 nos
2024 4318 2179 4366 suos,
2220 4303 2405 4372 quibus
2450 4304 2660 4355 domum
2694 4318 2843 4355 suam
2886 4302 3157 4355 cellarium
3186 4314 3401 4370 pra'stat
3426 4309 3453 4361 2’

190 4369 625 4444 ἐπικαλούμενος
668 4370 865 4444 ’[οιξδας
884 4369 1497 4444 νζηλώτηςῌἘδαισήνοις
1515 4440 1525 4444 Δ
1541 4389 1609 4444 κη
1618 4372 1782 4444 ρυξας

1888 4369 2299 4444 Illequidem'si
2322 4374 2603 4426 excluserit
2632 4373 2970 4444 dwmonium,
2996 4390 3099 4426 non
3124 4369 3224 4427 sibi
3245 4376 3451 4443 placeat

188 4446 289 4499 τὴν
320 4440 479 4512 λόγον
505 4444 599 4496 καὶ
625 4441 719 4495 τοῦ
751 4442 807 4494 ὲν
832 4443 898 4512 τῇ
1096 4440 1203 4492 τῶν
1234 4440 1489 4512 ποταμῶν
1514 4440 1779 4512 ’Λϐγάρου

1885 4442 1949 4495 de
1978 4442 2102 4510 ﬁde,
2135 4460 2294 4512 neque
2320 4445 2457 4496 enim
2490 4444 2756 4496 inimicum
2787 4443 3048 4502 exclusit;
3085 4440 3253 4511 facile
3273 4444 3451 4499 debuit

210 4510 440 4586 Ἐδέσής
464 4510 1164 4585 τοπαρχοῦντος,τέθαπται
1192 4512 1247 4564 ὲν
1284 4510 1511 4582 Βηρύτῳ
1538 4513 1637 4583 τῆς
1662 4510 1783 4564 Φοι-

1885 4512 1948 4565 de
1973 4529 2037 4586 eu
2062 4510 2339 4580 impetrare
2367 4530 2516 4586 quem
2538 4513 2768 4586 quotidie
2781 4516 2981 4586 pascit.
3014 4512 3182 4586 Quem
3206 4516 3391 4586 locum
3418 4531 3451 4570 c

191 4568 488 4654 νίκής.”ίο.
611 4568 676 4585 m
714 4653 730 4654 γ
1137 4651 1148 4654 Α
1262 4650 1275 4654 _
1350 4568 1381 4582 ”
1483 4568 1494 4582 ’
1814 4568 2072 4654 οωιιιῑὶε
2121 4568 2287 4637 unum
2337 4568 2632 4654 selegi,'ut
2678 4568 2983 4654 indicarem
3023 4568 3305 4651 cujusdam
3346 4568 3448 4639 viri

271 4604 377 4709 (3;.
416 4604 488 4639 ΙΙ).
708 4653 734 4663 -
1814 4604 2072 4663 νιιιυιιιιδ
2121 4604 2287 4637 111111111
2337 4604 2522 4654 561881,
2575 4604 2632 4637 ιιι
2679 4604 2975 4637 IIIUICZII'CIII
3023 4604 3305 4651 (311]115011111
3346 4604 3448 4639 νΙῐΊ

271 4657 291 4728 (
334 4655 388 4726 6)
421 4653 798 4728 Περὶχηρων.
850 4652 997 4707 Inter
1042 4651 1210 4705 multa
1245 4650 1571 4728 decreta‘ad
1619 4650 1786 4728 hasce
1888 4652 2035 4728 docti
2062 4654 2362 4728 jocularem
2408 4670 2705 4728 errorem__:
2753 4653 2895 4723 quod
2943 4652 3306 4728 Tertullianus
3340 4657 3450 4728 illic

188 4721 398 4806 viduas
444 4721 799 4806 pertinentia,
835 4733 919 4778 est
949 4738 1184 4806 quoque
1231 4737 1407 4806 canon
1452 4721 1786 4806 27‘concilii
1887 4721 2119 4806 doceat,
2170 4725 2361 4805 solitos
2409 4721 2788 4806 alparentibnns
2837 4724 3134 4806 exoreizari
3196 4727 3449 4806 proprios

189 4792 523 4851 Arausicani
548 4812 588 4857 ι,
612 4796 687 4849 ita
715 4794 922 4848 habens
949 4793 1004 4847 in
1036 4794 1273 4847 editione
1303 4792 1781 4849 Sirmondana.....
1889 4794 2028 4850 ﬁlios
2062 4814 2075 4849 ε
2109 4796 2266 4864 quasi
2292 4810 2385 4864 per
2414 4792 2675 4855 alumnos,
2710 4794 2960 4848 Afrorum
2986 4792 3335 4851 doctissimus
3367 4796 3441 4849 in-

188 4868 279 4923 De
314 4866 482 4921 viduis
510 4865 783 4936 professis,
814 4866 861 4917 si
887 4866 1154 4936 nupserim
1185 4872 1276 4917 aut
1303 4872 1469 4931 rapta:
1497 4864 1782 4933 fuerint....
1887 4866 2154 4935 telligeret
2200 4866 2432 4931 liberos;
2480 4882 2602 4919 eum
2639 4866 2710 4918 ita
2749 4875 2903 4936 vocet
2951 4864 3254 4936 daemones,
3305 4865 3448 4936 quod

206 4934 803 4991 Viduitatis'servandw
823 4934 1221 5006 professionem,
1255 4951 1435 4988 coram
1460 4936 1700 5006 episcopo
1731 4936 1783 4986 in
1885 4934 2161 4992 merCibus
2192 4937 2419 4991 thurarii
2454 4944 2825 5006 pascerentur.
2868 4935 3013 4988 Idem
3047 4934 3340 5005 Septimius
3372 4935 3448 4990 De

192 5010 485 5062 secretario
515 5006 770 5077 habitam,
800 5006 1046 5075 imposita
1077 5005 1142 5077 ab
1165 5006 1402 5077 episcopo
1429 5014 1563 5059 veste
1585 5005 1783 5077 viduali
1883 5009 2276 5077 praescriptione
2319 5005 2680 5060 hwrcticorum
2699 5047 2713 5069 ,
2760 5022 2880 5076 eap.
2926 5006 3015 5070 41,
3062 5008 3445 5075 procacitatem

190 5077 567 5132 indicandam.
613 5076 863 5143 Raptores
906 5092 1024 5130 vero
1059 5076 1271 5139 talium,
1311 5076 1389 5130 vel
1437 5077 1609 5145 ipsam
1658 5076 1782 5129 talis
1886 5079 2172 5132 mulierum
2200 5078 2577 5132 hieretiearum
2607 5077 2926 5141 insectatur,
2958 5092 3079 5145 qua:
3108 5077 3446 5132 exorcismos

189 5149 541 5220 pro[essionis
568 5148 923 5211 desertricem,
953 5147 1268 5220 merito_esse
1294 5146 1673 5201 damnandam.
1885 5162 2045 5217 agere
2076 5148 2365 5220 audebant.
2396 5147 2589 5220 Ppstea
2614 5147 2885 5202 charisma
2913 5146 3215 5220 expcllendi
3243 5148 3446 5220 daemo-

276 5219 380 5273 Ubi
428 5219 770 5272 indicandam
815 5226 1049 5288 exponet
1094 5218 1267 5271 alius:
1300 5232 1401 5287 ego
1447 5226 1627 5289 autem
1658 5233 1780 5270 mu-
1884 5233 1981 5272 nes
2012 5219 2363 5289 paucioribus
2384 5234 2414 5289 a
2438 5218 2545 5273 Deo
2568 5233 2889 5289 concessum
2918 5226 3021 5282 est,
3046 5218 3160 5271 sive
3184 5234 3247 5272 ex
3273 5219 3443 5281 clero,

191 5291 333 5345 tabo
366 5290 420 5344 in
448 5289 842 5349 vindicandam,
889 5288 1049 5357 cujus
1090 5289 1211 5342 loco
1245 5296 1454 5342 caetera:
1490 5288 1778 5349 editiones,

188 5378 305 5417 non
337 5378 448 5415 esse
486 5359 821 5421 violandam;
854 5360 1154 5429 legumque,
1180 5358 1426 5427 imposita
1454 5360 1518 5412 ab
1543 5360 1779 5428 episcopo

191 5443 339 5487 veste
368 5431 587 5494 viduali,
622 5430 1013 5485 vindicandam.
1047 5429 1183 5484 Cor.

270 5502 389 5569 (97)
417 5500 912 5573 Eiirrrlpgi._Lectio
938 5500 1174 5564 diversa,
1207 5503 1510 5571 συνηγορεί,
1524 5513 1777 5573 corrupta

190 5582 282 5629 est
306 5588 374 5626 ex
402 5576 679 5643 συγγηρεῖ.
704 5571 780 5627 ιυ.

272 5642 388 5714 (98)
434 5641 714 5714 'Qabtdc.
752 5642 842 5697 Ilze
865 5649 918 5698 et
943 5649 1055 5697 tres
1080 5649 1369 5712 sequentes
1392 5656 1552 5699 voces
1575 5641 1776 5696 absunt

195 5716 256 5768 in
284 5712 414 5769 cod.
450 5712 611 5767 Vind.
640 5712 809 5768 Cena.

272 5784 386 5852 (99)
428 5783 830 5854 ‘Erzopmonig.
859 5782 1015 5854 Initio
1039 5782 1401 5854 fungebantur
1424 5784 1526 5838 hoc
1552 5798 1777 5838 munere

199 5866 401 5910 Omnes
446 5853 763 5911 Christiani.
809 5853 868 5907 ln
914 5852 1248 5910 Tertulliano
1290 5854 1367 5909 De
1412 5855 1767 5920 idololatria,

1884 5289 1997 5345 sive
2015 5288 2092 5344 ide
2123 5289 2278 5359 plebe
2320 5308 2332 5342 :
2374 5288 2637 5359 Origenes
2658 5325 2673 5349 ,
2707 5288 2799 5345 lib.
2841 5304 2947 5350 vn,
2980 5297 3162 5340 contra
3192 5289 3401 5343 Celsum
3427 5329 3445 5349 ,

1882 5360 2043 5429 paulo
2091 5368 2213 5430 post
2260 5359 2495 5430 initium.
2568 5359 2742 5430 Atque
2782 5359 2885 5430 (hos
2933 5359 3079 5413 solos
3139 5360 3448 5414 exorcistas

1881 5428 2209 5500 agnoscebat
2247 5429 2490 5484 Ecclesia
2532 5428 3060 5500 pseudo-Clementis
3100 5430 3311 5493 nostri,
3348 5442 3443 5483 ca-

1880 5499 2028 5561 rens,
2054 5502 2226 5556 instar
2242 5501 2621 5570 plurimarum,
2640 5499 2927 5555 exorcistis
2951 5508 3097 5554 certo
3117 5515 3314 5564 genere
3334 5499 3442 5554 cle-

1878 5571 2135 5626 ricorum.
2168 5572 2302 5627 Cor.

1951 5641 2097 5714 (l00)
2136 5642 2351 5714 Σίμων,
2382 5651 2496 5714 etc.
2519 5640 2676 5696 Deest
2704 5640 2789 5694 hic
2820 5638 3008 5714 titulus
3039 5639 3102 5714 in»
3124 5640 3246 5714 cod.
3279 5638 3443 5714 Vind.

1883 5709 1987 5767 Sed
2019 5709 2139 5766 loco
2167 5709 2309 5765 tituli
2334 5720 2417 5783 est
2440 5712 2619 5783 Σίμων
2638 5714 2666 5765 6
2689 5712 3014 5783 Κανανίτης,
3032 5709 3220 5783 Δκήρᾼυξ
3242 5711 3336 5769 τοῦ
3359 5710 3435 5764 λό-

1876 5800 1997 5851 γου,
2034 5783 2250 5854 σταυρῷ
2284 5780 2609 5851 τελειοῦται,
2648 5784 2705 5837 ἐν
2744 5783 2811 5852 τῇ
2858 5780 3236 5853 Ἰουδαίᾳ,⁷“ὲπὶ
3274 5783 3445 5853 Δομε-

1876 5854 2077 5908 τιανοῦ.
2109 5853 2274 5909 Cum.

1874 5871 2077 5908 τιανου.
2109 5870 2274 5909 ιιιειι.
