3976 6340
236 278 373 335 ΜΗ

1074 234 1683 327 ἐοηετιτυτιοιτεε
1719 266 2196 326 Aposroum.
2233 300 2303 309 —
2349 267 2477 323 LIB.
2513 268 2649 325 vm.

3364 271 3503 328 “42

223 398 355 458 τοὺς
384 392 476 449 καὶ
505 390 767 464 ἀλλήλους
796 389 873 462 τῷ
899 388 1062 455 ζῶντι
1082 388 1200 459 Θεῷ
1231 387 1319 441 διὰ
1349 386 1442 441 τοῦ
1480 384 1818 453 Μονογενοῦς

1922 384 2240 440 mendemus
2303 401 2400 455 per
2468 383 2819 456 Unigenitum
2886 386 3024 458 ejus.
3077 386 3157 443 Ac
3209 389 3501 460 episcopus

222 486 392 544 αὑτοῦ
423 483 818 555 πασαθώμεθα.
870 482 981 535 Καὶ
1018 484 1046 535 6
1084 480 1381 543 ἐπίσκοπος
1428 478 1812 548 ἐπευχόμενος,

221 580 450 650 λεγέτω

736 666 1134 725 ΚΕΦᾹΛΑῘΟΝ
1175 666 1307 719 AII'.

693 760 1060 828 Εὐχαριστία
1096 757 1360 827 ὀρθρινή.

312 854 369 907 Ὀ
425 852 561 915 Θεὸς
598 853 629 905 6
666 851 773 904 τῶν
806 850 1129 921 πνευμάτων
1163 851 1257 903 καὶ
1306 849 1486 922 πάσης
1533 852 1752 922 σαρκὸς,
1785 854 1814 905 6

219 942 553 1016 ἀσύγκριτος
575 944 667 997 καὶ
695 943 1014 1016 ἀπροσδεὴς,
1045 945 1075 996 6
1104 942 1229 1007 δοὺς
1256 942 1347 995 τὸν
1372 942 1522 1014 ἥλιον
1555 945 1635 1008 είς
1664 943 1816 1008 ἐξου-

221 1035 349 1089 σίαν
375 1036 472 1105 τῆς
504 1035 737 1106 ἡμέρας,
768 1034 866 1099 τὴν
897 1033 955 1087 δὲ
1006 1032 1236 1106 σελήνην
1280 1034 1374 1086 καὶ¹
1414 1034 1482 1087 τὰ
1521 1035 1699 1107 ἄστρα
1733 1037 1813 1098 είς

220 1126 474 1191 ἐξουσίαν
499 1128 598 1196 τῆς
638 1126 848 1189 νυκτός
904 1125 1064 1189 αὐτὸς
1091 1127 1183 1178 καὶ
1217 1125 1312 1178 νῦν
1344 1125 1492 1179 ἔπιδε
1535 1127 1625 1195 ἐφ’
1666 1127 1812 1198 ἡμᾶς

218 1219 507 1290 εὐμενέσιν
569 1218 885 1290 ὀφθαλμοῖς,
942 1219 1034 1272 καὶ
1100 1219 1388 1290 πρόσδεξαι
1431 1220 1531 1283 τὰς
1587 1219 1813 1285 ἑωθινὰς

218 1308 381 1381 ἡμῶν
410 1309 775 1381 εὔχαριστίας,
816 1311 909 1364 καὶ
941 1310 1159 1381 ἐλέησον
1191 1312 1355 1382 ἡμᾶς·
1404 1311 1466 1364 οὐ
1497 1310 1604 1382 γὰρ
1630 1312 1810 1365 διεπε-

215 1403 469 1474 τάσαμεν
500 1402 599 1465 τὰς
628 1406 815 1475 χεῖρας
857 1403 1013 1474 ἡμῶν
1054 1402 1189 1475 πρὸς
1235 1403 1353 1458 θεὸν
1399 1403 1695 1475 ἀλλότριον·
1747 1406 1809 1459 οὐ

215 1494 334 1565 γάρ
356 1496 508 1548 ἐστιν
532 1495 590 1548 ὲν
619 1496 751 1567 ἡμῖν
798 1494 919 1559 θεὸς
954 1494 1284 1568 πρόσφατος,
1332 1495 1467 1549 ἀλλὰ
1510 1497 1574 1550 σὺ
1613 1498 1642 1550 6
1681 1494 1810 1550 αἰώ-

216 1603 335 1650 νιος
372 1587 465 1640 καὶ
492 1586 864 1658 ἀτελεύτητος.
928 1587 983 1641 '0
1016 1588 1077 1641 τὸ
1112 1582 1251 1642 εἶναι
1281 1588 1413 1659 ἡμῖν
1456 1587 1545 1643 διὰ
1571 1587 1809 1661 Χριστοῦ

215 1680 655 1751 παρασχόμενος,
691 1680 785 1734 καὶ
814 1678 876 1734 τὸ
904 1676 963 1734 εὖ
1008 1677 1143 1734 εἷναι
1180 1681 1246 1735 δι’
1281 1681 1445 1736 αὐτοῦ
1486 1680 1808 1753 δωρησάμε-

1922 494 2109 543 orans,
2142 478 2286 533 dicat
2317 497 2329 532 :

2424 663 2655 719 CAPUT
2693 663 2979 720 XXXVIII.

2322 754 2629 811 Gratiarum
2655 758 2792 811 actio
2822 758 3105 814 matutina.

1988 845 2287 916 Spirituum
2324 856 2377 902 et
2405 848 2587 904 omnis
2622 848 2806 905 carnis
2838 848 3004 915 Deus,
3048 849 3498 923 incomparabilis

1914 952 1978 993 ac
2014 939 2219 994 nullius
2247 939 2325 993 rei
2355 940 2600 1011 indigus;
2627 940 2721 1011 qui
2751 939 2948 996 dedisti
2989 941 3180 1007 solem,
3209 949 3267 996 ut
3303 957 3496 1014 praees-

1913 1040 1995 1088 set
2019 1031 2163 1098 diei;
2210 1034 2393 1087 lunam
2426 1048 2554 1101 vero
2594 1042 2650 1089 et
2680 1033 2888 1099 stellas,
2920 1040 2979 1088 ut
3003 1042 3299 1104 praeessent
3323 1036 3492 1104 nocti,

1912 1122 2029 1194 ipse
2057 1131 2111 1179 et
2142 1139 2288 1179 nunc
2316 1125 2525 1195 reSpice
2558 1140 2724 1195 super
2748 1140 2851 1182 nos
2876 1125 3055 1181 oculis
3083 1125 3398 1193 benevolis;
3428 1141 3493 1181 ac

1910 1214 2130 1284 suscipe
2158 1215 2455 1269 matutinas
2497 1224 2719 1273 nostras
2761 1215 3062 1285 gratiarum
3110 1216 3389 1283 actiones;
3438 1225 3495 1272 et

1909 1309 2169 1365 miserere
2192 1310 2366 1365 nostri
2400 1328 2412 1364 :
2458 1326 2570 1365 non
2594 1309 2739 1365 enim
2769 1310 3129 1380 expandimus
3164 1324 3359 1366 manus
3386 1326 3491 1364 no-

1913 1402 2057 1450 stras
2084 1403 2151 1450 ad
2176 1395 2336 1450 deum
2364 1397 2639 1463 alienum;
2678 1397 2947 1469 siquidem
2979 1413 3084 1452 non
3125 1407 3209 1453 est
3242 1402 3295 1452 in
3328 1401 3486 1455 nobis

1914 1489 2049 1547 deus
2075 1505 2265 1546 recens
2290 1491 2355 1557 ⁸⁸,
2388 1489 2484 1545 sed
2517 1498 2575 1544 tu
2621 1500 2858 1546 aeternus
2887 1506 2951 1546 ac
2996 1490 3344 1546 immortalis.
3381 1488 3486 1557 Qui

1913 1584 2075 1639 nobis
2120 1598 2214 1653 per
2241 1582 2518 1638 Christum
2558 1582 2838 1653 prmbuisti
2880 1591 2941 1638 ut
2983 1597 3261 1673 essemus,l
3289 1583 3491 1652 quippe

1916 1691 2013 1747 per
2062 1676 2310 1732 eumdem
2363 1676 2579 1731 donasti
2621 1686 2681 1731 ut
2725 1677 2860 1732 bene
2907 1692 3184 1741 essemus;
3237 1676 3353 1745 ipse
3387 1686 3489 1731 nos

213 1789 331 1835 νος·
386 1773 548 1837 αὐτὸς
575 1774 723 1844 ἡμᾶς
749 1773 816 1825 δι’
846 1773 1011 1827 αὐτοῦ
1042 1772 1376 1839 καταξίωσον
1412 1775 1503 1827 καὶ¹
1546 1775 1643 1846 τῆς
1684 1777 1807 1829 αἰω-

1916 1781 2012 1840 per
2042 1783 2168 1823 eum
2195 1768 2421 1837 dignare
2453 1777 2653 1821 aeterna
2689 1770 2820 1835 vita,
2853 1782 2977 1821 cum
3002 1781 3111 1836 quo
3156 1766 3254 1822 tibi
3294 1765 3489 1835 gloria,

214 1867 334 1919 νίου
379 1864 540 1939 ζωῆς
587 1865 714 1937 μεθί
751 1858 812 1919 οὗ
861 1882 942 1920 σοι
982 1865 1127 1933 δόξα,
1179 1868 1272 1919 καὶ
1302 1867 1455 1937 τιμὴ,
1488 1867 1582 1920 καὶ
1618 1867 1802 1935 σέϐας,

215 1958 413 2031 καὶτῷ
444 1959 583 2030 ἁγίῳ
615 1958 914 2030 Πνεύματι,
945 1961 1022 2023 είς
1057 1960 1183 2024 τοὺς
1210 1959 1429 2023 αἰῶνας.
1478 1960 1667 2031 Ἀμήν.
1697 1961 1806 2016 Καὶ

213 2055 245 2104 ὀ
296 2053 543 2116 διάκονος
587 2052 811 2121 λεγέτωο
863 2052 1097 2107 Κλίνατε
1140 2056 1210 2125 τῇ
1254 2052 1582 2125 χειροθεσίᾳ.
1639 2055 1806 2108 Καὶό

214 2146 517 2210 ἐπίσκοπος
556 2145 890 2216 ὲπευχέσθω,
919 2145 1114 2215 λέγων·

733 2239 1129 2294 ΚΕΦΑΛΑῘΟΝ
1168 2239 1291 2294 AB’.

681 2331 1030 2400 Χειροθεσία
1067 2330 1327 2400 ὀρθρινή.

303 2422 361 2478 Ὀ
383 2423 515 2488 Θεὸς
538 2425 567 2481 6
600 2424 791 2488 πιστὸς
819 2425 913 2479 καὶ
951 2423 1225 2496 ἀληθινὸς,
1261 2426 1289 2479 6
1338 2423 1507 2479 ποιῶν
1546 2423 1691 2489 ἔλεος
1726 2426 1806 2491 εἰς

211 2515 461 2587 χιλιάδας
489 2517 582 2570 καὶ
611 2516 877 2589 μυριάδας
900 2520 1014 2582 τοῖς
1053 2517 1305 2587 ἀγαπῶσί
1335 2536 1416 2588 σε,
1461 2522 1490 2574 6
1530 2519 1680 2589 φίλος
1710 2538 1805 2576 τα-

212 2608 440 2674 πεινῶν,
470 2607 564 2663 καὶ
596 2610 844 2681 πενήτων
881 2609 1213 2682 προστάτης,
1252 2606 1314 2664 οὗ
1349 2612 1524 2666 πάντα
1556 2614 1614 2666 ὲν
1646 2613 1804 2685 χρείᾳ

210 2700 575 2773 καθέστηκεν,
609 2702 691 2756 ὅτι
719 2700 790 2755 τὰ
820 2701 1111 2774 σύμπαντα
1156 2701 1319 2757 δοῦλά
1365 2721 1478 2758 σου·
1525 2704 1675 2759 ἔπιδε
1711 2705 1804 2759 τὸν

210 2791 343 2847 λαόν
395 2810 485 2847 σου
537 2792 746 2861 τοῦτον,
790 2794 919 2859 τοὺς
953 2795 1273 2861 κεκλικότας
1318 2815 1400 2852 σοι
1447 2798 1547 2863 τὰς
1595 2784 1802 2855 ἑαυτῶν

213 2885 478 2955 κεφαλὰς,
518 2887 612 2939 καὶ
649 2886 941 2958 εὐλόγησον
976 2888 1175 2953 αὐτοὺς
1217 2888 1465 2960 εὐλογίαν
1501 2909 1801 2964 πνευματι-

212 2978 343 3047 κὴν,
368 2978 600 3048 φύλαξον
622 2979 821 3043 αὐτοὺς
848 2979 924 3043 ὡς
952 2980 1122 3052 κόρην
1149 2982 1447 3055 ὀφθαλμοῦ,
1476 2984 1800 3057 διατήρησον

209 3071 414 3136 αὐτοὺς
452 3073 509 3125 ἐν
541 3071 791 3143 εὐσεϐείᾳ
835 3073 928 3125 καὶ
953 3071 1286 3145 δικαιοσύνῃ,
1331 3076 1424 3129 καὶ
1466 3076 1799 3143 καταξίωσον

210 3166 416 3228 αὐτοὺς
439 3165 537 3236 τῆς
564 3164 779 3218 αἰωνίου
808 3163 974 3236 ζωῆς,
1007 3165 1066 3219 ὲν
1098 3165 1318 3238 Χριστῷ
1365 3165 1539 3239 Ἰησοῦ
1570 3168 1648 3239 τῷ
1674 3170 1805 3240 ηγαο

208 3259 448 3331 ημένῳ
480 3276 570 3312 σου
610 3259 781 3314 παιδί·
844 3259 973 3331 μεθ’
1005 3254 1065 3314 οὗ
1098 3277 1180 3313 σοι
1209 3260 1355 3328 δόξα,
1404 3262 1538 3333 τιμὴ
1585 3263 1679 3315 καὶ
1716 3263 1803 3317 σέ-

208 3348 338 3417 ϐας,
377 3352 472 3405 καὶ
525 3350 603 3423 τῷ
636 3351 783 3423 ’ἁγίῳ
816 3352 1117 3423 Πνεύματι,
1162 3352 1279 3419 νῦν,
1318 3354 1412 3407 καὶ
1454 3354 1561 3422 ἀεὶ,
1595 3355 1690 3408 καὶ
1723 3356 1803 3421 είς

206 3444 341 3507 τοὺς
371 3442 571 3507 αἰῶνας
602 3443 709 3498 τῶν
752 3442 980 3499 αἰώνων.
1030 3443 1219 3517 Ἀμήν.
1254 3446 1365 3500 Καὶ
1393 3448 1421 3499 6
1447 3445 1689 3511 διάκονος
1716 3446 1803 3503 λε-

207 3535 377 3604 γέτω·
430 3534 722 3607 Προέλθετε
764 3537 821 3590 ὲν
850 3538 1060 3610 εἰρήνῃ.
1109 3537 1231 3591 Ἐπὶ
1260 3538 1317 3591 δὲ
1351 3541 1469 3603 ταῖς
1500 3556 1803 3611 προσφερο-

213 3627 408 3697 μέναις
434 3629 724 3700 ἀπαρχαῖς,
751 3628 921 3693 οὕτως
952 3630 1266 3702 εὐχαριστεῖ
1289 3633 1317 3685 6
1346 3632 1665 3696 ἐπίσκοπος.

746 3722 1141 3778 ΚΕΦΑΛΑΙΟΝ
1172 3724 1260 3777 Μ’.

603 3815 949 3883 Ἑπίκλησις
971 3816 1072 3871 ἐπὶ
1100 3815 1409 3884 ἀπαρχῶν.

281 3908 727 3980 Εὐχαριστοῦμὲν
748 3925 853 3972 σοι,
879 3907 1052 3979 Κύριε
1072 3908 1472 3981 παντὸκρατορ,
1501 3910 1799 3982 δημιουργὲ

206 4000 323 4054 τῶν
346 4000 479 4054 ὅλων
507 4002 600 4053 καὶ
624 3998 917 4071 προνοητὰ,
947 3998 1037 4053 διὰ
1061 3999 1157 4053 τοῦ
1190 4000 1516 4071 μονογενοῦς
1544 4019 1638 4055 σου
1675 4004 1800 4056 Παι-

205 4092 301 4157 δὸς
341 4092 513 4163 Ἰησοῦ
535 4091 770 4164 Χριστοῦ
799 4090 893 4145 τοῦ
916 4091 1122 4163 Κυρίου
1145 4093 1322 4163 ἡμῶν,
1344 4094 1437 4147 ἐπὶ
1458 4097 1579 4158 ταῖς
1601 4112 1799 4167 προσε-

208 4184 520 4256 νεχθείσαις
542 4201 624 4237 σοι
669 4184 966 4255 ἀπαρχαῖς,
1012 4186 1111 4254 οὐχ
1153 4185 1278 4239 ὅσον
1327 4185 1636 4256 ὀφείλομεν,
1684 4186 1797 4240 ἀλλ’

206 4278 340 4332 ὅσον
368 4277 659 4348 δυνάμεθα.
691 4276 786 4341 Τίς
812 4276 921 4347 γὰρ
956 4276 1258 4349 ἀνθρώπων
1294 4278 1534 4343 ἐπαξίως
1572 4278 1796 4353 εὐχαρι-

210 4369 412 4441 στῆσαί
439 4386 520 4422 σοι
541 4368 783 4433 δύναται,
808 4368 949 4441 ὑπὲρ
965 4362 1040 4423 ὧν
1060 4369 1299 4433 δέδωκας
1329 4372 1511 4434 αὐτοῖς
1531 4372 1612 4434 είς
1634 4372 1799 4443 μετά-

1909 1858 2107 1923 honor,
2152 1857 2453 1920 veneratio,
2507 1864 2561 1910 et
2603 1862 2795 1910 sancto
2856 1853 3104 1925 Spiritui,
3157 1855 3215 1909 in
3263 1853 3484 1910 sazcula.

1906 1950 2099 2005 Amen.
2137 1948 2275 2003 Tum
2306 1947 2568 2003 diaconus
2603 1948 2752 2002 dicat
2785 1966 2799 2003 :
2852 1948 3116 2003 Inclinate
3163 1946 3232 2001 ad
3286 1962 3487 2003 manus

1906 2042 2334 2113 impositionem.
2361 2042 2439 2095 Ac
2462 2040 2754 2113 episcopus
2788 2050 2927 2107 oret,
2955 2041 3042 2097 his
3079 2041 3259 2099 verbis
3293 2060 3308 2096 :

2439 2219 2669 2278 CAPUT
2706 2218 2947 2275 XXXIX.

2280 2315 2556 2385 lmpositio
2590 2331 2779 2369 manus
2810 2313 3094 2369 matutina.

1977 2407 2123 2464 Deus
2144 2406 2319 2463 fidelis
2349 2415 2402 2461 et
2434 2422 2594 2462 verax
2624 2406 2667 2437 ⁸⁷
2692 2444 2709 2471 ,
2748 2406 2840 2475 qui
2873 2404 3009 2460 facis
3044 2400 3484 2460 misericordiam

1906 2503 1961 2556 in
1993 2502 2183 2566 millia,
2221 2508 2275 2556 et
2314 2499 2453 2555 dena
2498 2498 2690 2561 millia,
2741 2496 3099 2568 diligentibus
3139 2503 3227 2561 te;
3271 2493 3485 2550 amicus

1906 2593 2216 2658 humilium,
2274 2600 2329 2648 et
2378 2605 2678 2662 pauperum
2715 2587 3006 2654 defensor;
3057 2602 3168 2659 quo
3226 2587 3483 2643 universa

1906 2702 2044 2757 opus
2068 2684 2286 2750 habent,
2318 2700 2446 2756 quia
2464 2691 2663 2739 cuncta
2688 2682 2786 2737 tibi
2812 2696 2970 2737 serva
3001 2687 3166 2736 sunt:
3191 2679 3405 2750 respice
3427 2678 3486 2733 in

1906 2781 2166 2851 populum
2198 2786 2352 2834 tuum
2386 2777 2556 2843 hunc,
2604 2777 2659 2831 in
2706 2775 2808 2831 hos
2848 2774 2942 2846 qui
2988 2772 3327 2828 inclinarunt
3383 2768 3485 2826 tibi

1910 2876 2089 2937 Capita
2136 2876 2329 2935 sua,et
2357 2868 2586 2925 benedic
2634 2869 2715 2925 eis
2758 2869 3133 2924 benedictione
3171 2865 3481 2938 Spirituali;

1910 2957 2265 3027 custodiens,
2298 2969 2358 3015 ut
2378 2962 2640 3032 pupillam
2670 2962 2813 3018 oculi
2835 2961 2989 3027 ⁸⁸-⁸⁹;
3022 2973 3282 3016 conserva
3311 2972 3406 3014 eos
3431 2958 3488 3012 in

1906 3056 2104 3127 pietate
2149 3069 2213 3109 ac
2256 3052 2502 3125 justitia;
2540 3060 2594 3107 et
2632 3066 2728 3107 eos
2763 3049 2873 3105 vita
2905 3055 3109 3104 aeterna
3141 3045 3396 3118 dignare;
3429 3042 3487 3099 in

1830 3126 1873 3186 (ἶ
1905 3126 2128 3206 Christo
2156 3145 2286 3203 Jesu
2331 3145 2532 3201 dilecto
2550 3142 2686 3198 Filio
2709 3150 2835 3209 tuo;
2867 3156 2990 3196 cum
3024 3153 3134 3210 quo
3157 3138 3257 3193 tibi
3287 3135 3485 3208 gloria,

1905 3241 2102 3305 honor,
2144 3246 2308 3311 atque
2351 3238 2552 3298 cultus,
2610 3242 2665 3290 et
2704 3239 2898 3289 sancto
2950 3228 3201 3301 Spiritui,
3233 3241 3401 3291 nunc,
3431 3231 3488 3280 et

1906 3348 2141 3402 semper,
2190 3337 2245 3385 et
2287 3330 2341 3383 in
2376 3328 2575 3386 saecula
2605 3325 2953 3381 sazculorum.
2987 3321 3184 3377 Amen.
3207 3318 3272 3373 Et
3299 3318 3487 3373 diaco-

1904 3441 2010 3481 nus
2034 3425 2180 3480 dicat
2213 3441 2226 3477 :
2269 3421 2427 3478 Exite
2470 3420 2527 3476 in
2567 3434 2720 3491 pace.
2770 3417 3041 3473 Cmterum
3074 3427 3176 3484 pro
3223 3408 3485 3481 primitiis

1903 3534 2025 3592 quae
2076 3516 2401 3580 offeruntur,
2453 3512 2749 3585 episcopus
2802 3508 3008 3580 gratias
3059 3504 3169 3575 agit
3223 3503 3372 3558 hunc
3425 3501 3486 3558 in

1901 3613 2122 3671 modum
2151 3630 2165 3668 :

2494 3695 2725 3754 CAPUT
2776 3692 2891 3750 XL.

2436 3792 2705 3848 Invocatio
2728 3805 2823 3860 pro
2848 3786 3127 3858 primitiis.

1973 3894 2187 3950 Gratias
2222 3891 2435 3963 agimus
2466 3889 2585 3952 tibi,
2650 3884 2880 3941 Domine
2930 3881 3306 3951 omnipotens,
3358 3889 3485 3932 om»

1901 3989 2054 4044 nium
2093 3986 2275 4058 opifex
2302 3999 2366 4038 ac
2409 3981 2681 4053 provisor,
2736 3993 2835 4048 per
2891 3974 3231 4046 unigenitum
3282 3969 3485 4027 Filium

1903 4090 2059 4137 tuum
2114 4078 2302 4133 Jcsum
2355 4074 2637 4131 Christum
2686 4068 2979 4125 Dominum
3035 4074 3325 4131 nostrum,
3384 4079 3487 4134 pro

1900 4173 2103 4230 oblatis
2137 4171 2232 4226 tibi
2277 4167 2569 4240 primitiis;
2610 4180 2721 4219 non
2759 4170 3023 4234 quantum
3068 4159 3352 4223 debemus,
3386 4156 3487 4213 sed

1900 4275 2164 4342 quantum
2198 4277 2513 4337 possumus.
2544 4259 2679 4326 Quis
2711 4242 2857 4313 enim
2905 4253 3187 4309 hominum
3213 4250 3493 4322 condigne

1901 4370 2082 4437 potest
2107 4360 2311 4433 gratias
2332 4356 2427 4411 tibi
2460 4369 2640 4426 agere,
2673 4366 2772 4424 pro
2802 4350 2871 4405 iis
2897 4364 3018 4425 quae
3036 4345 3232 4403 dedisti
3260 4344 3395 4415 ipsis
3414 4342 3486 4399 ad

206 4437 411 4532 ληῷιη
449 4463 477 4515 6
524 4458 657 4525 Θεὸς
720 4437 991 4533 Ἀϐρααμ,
1043 4462 1138 4515 καὶ
1180 4461 1385 4526 Ἰσαὰκ,
1422 4462 1518 4515 καὶ
1561 4437 1755 4518 Ἰακὼὸ
1780 4504 1795 4530 ,

1911 4452 2377 4529 participandum?
2419 4448 2563 4505 Deus
2585 4443 2882 4502 Abrahami
2909 4450 2962 4498 et
2990 4440 3160 4499 lsaaci
3188 4446 3243 4495 et
3267 4437 3493 4519 Jacobi,

208 4555 311 4607 καὶ
334 4553 549 4608 πάντων
584 4554 694 4608 τῶν
740 4554 929 4625 ἁγίων·
959 4556 989 4609 ὀ
1037 4553 1215 4611 πάντα
1260 4554 1683 4628 τελεσφορήσας,
1711 4555 1800 4610 διὰ

206 4645 319 4699 τοῦ
338 4646 511 4715 Λόγου
544 4663 659 4713 σου,
690 4648 784 4702 καὶ
811 4646 1074 4711 κελεύσας
1102 4650 1170 4719 τῇ
1191 4649 1262 4720 γῇ
1293 4647 1674 4712 παντοδαποὺς
1702 4650 1797 4703 ὲκ-

209 4739 387 4808 φῦσαι
398 4740 644 4812 καρποὺς
662 4742 744 4805 είς
760 4740 1104 4813 εὐφροσύνην
1124 4740 1217 4795 ml.
1234 4740 1747 4814 τροφὴνὴμετέραν·
1771 4743 1801 4799 ὀ

207 4830 343 4895 δοὺς
370 4834 479 4896 τοῖς
505 4832 859 4905 νωθεστέροις
884 4832 978 4888 καὶ
1008 4832 1307 4904 βληχώδεσι
1345 4832 1525 4903 χειλὺν
1546 4873 1562 4901 ,
1634 4831 1797 4905 χλοη-

211 4923 413 4992 φάγοις
440 4923 621 4995 χλόην,
650 4926 744 4977 καὶ
771 4928 885 4989 τοῖς
918 4922 1020 4997 μὲν
1050 4924 1189 4997 κρέα
1212 4964 1229 4990 ,
1260 4927 1373 4989 τοῖς
1401 4924 1459 4978 δὲ
1487 4923 1798 4997 σπέρματα,

209 5016 352 5087 ἡμῖν
371 5015 428 5068 δὲ
462 5018 606 5069 σῖτον
626 5016 763 5088 πρὸς
793 5018 1000 5090 τροφὴν
1027 5017 1336 5090 πρόσφορον
1382 5016 1479 5073 καὶ
1525 5015 1799 5087 κατάλλη-

208 5106 328 5170 λον,
360 5108 454 5160 καὶ
479 5107 642 5179 ἕτερα
665 5108 917 5182 διάφορα,
956 5108 1028 5165 τὰ
1064 5109 1164 5181 μὲν
1202 5108 1339 5181 πρὸς
1389 5109 1605 5181 χρῆσιν,
1636 5107 1706 5162 τὰ
1740 5107 1799 5164 δὲ

210 5198 359 5269 πρὸς
385 5200 614 5267 ὑγίειαν,
653 5199 722 5253 τὰ
751 5200 807 5259 δὲ
842 5202 977 5274 πρὸς
1021 5200 1232 5273 τέρψιν.
1283 5200 1407 5254 Ἐπὶ
1461 5200 1671 5263 τούτοις
1703 5194 1798 5253 οὖν

209 5291 421 5347 ἅπασιν
443 5295 972 5376 (57)
996 5295 1295 5367 ὑπάρχεις,
1336 5294 1437 5365 τῆς
1478 5295 1560 5359 είς
1590 5293 1799 5358 πάντας

292 5455 344 5490 ⁸⁸
376 5454 524 5512 Psal.
554 5470 720 5520 Lxxx,
754 5455 840 5512 10.

1902 4550 2258 4617 omniumque
2301 4551 2619 4600 sanctorum
2654 4558 2669 4595 :
2700 4538 2794 4610 qui
2832 4545 3032 4592 cuncta
3078 4534 3146 4590 ad
3187 4532 3485 4605 perfectio-

1902 4657 2027 4699 nem
2056 4656 2120 4695 ac
2144 4638 2513 4694 maturitatem
2543 4630 2873 4705 perduxisti,
2906 4644 3003 4701 per
3032 4625 3273 4684 Verbum
3299 4633 3479 4691 tuum,

1898 4744 1955 4793 et
1982 4744 2142 4791 terrm
2169 4730 2387 4804 iussisti
2426 4727 2749 4801 progignere
2794 4722 2978 4779 omnis
3008 4720 3232 4792 generis
3267 4718 3486 4774 fructus

1901 4830 1968 4886 ad
1996 4828 2237 4884 laetitiam
2267 4833 2323 4882 et
2347 4823 2663 4878 alimoniam
2692 4823 2941 4874 nostram
2976 4836 2989 4870 :
3023 4813 3119 4887 qui
3141 4812 3341 4869 dedisti
3383 4810 3485 4866 be-

1898 4920 2208 4980 betioribus
2244 4932 2309 4973 ac
2346 4913 2749 4987 stupidioribus
2784 4910 3047 4982 pabulum
3099 4905 3253 4975 feni,
3296 4903 3480 4960 herbi-

1900 5014 2048 5070 voris
2072 5012 2298 5068 herbam
2333 5017 2426 5066 :et
2464 5008 2587 5063 aliis
2632 5005 2853 5077 quidem
2899 5016 3119 5066 carnes,
3165 4997 3292 5055 aliis
3348 5010 3484 5051 vero

1902 5107 2134 5171 semina,
2167 5104 2330 5160 nobis
2373 5112 2555 5158 autem
2600 5099 2939 5153 frumentum
2975 5095 3043 5149 ad
3067 5092 3249 5150 cibum
3289 5099 3485 5163 aptum

1901 5214 1966 5253 ac
2008 5197 2420 5253 convenientem
2456 5212 2469 5249 :
2499 5194 2648 5248 item
2702 5186 2919 5247 diversa
2965 5186 3096 5252 alia,
3166 5183 3366 5256 partim
3407 5180 3489 5237 ad

1901 5306 2084 5357 usum,
2122 5289 2322 5362 partim
2352 5285 2423 5342 ad
2455 5285 2770 5353 sanitatem,
2810 5280 3009 5355 partim
3049 5278 3118 5335 ad
3152 5274 3485 5335 oblectant»

941 5454 985 5487 ⁸⁷
1026 5452 1199 5509 Exod.
1241 5470 1427 5519 xxxiv,
1461 5454 1514 5510 6.
1589 5455 1711 5497 ³⁰-⁸⁹
1742 5451 1888 5510 Psal.
1921 5469 2033 5519 xw,
2064 5451 2117 5509 8.

1518 5613 1883 5675 VARIORUM
1932 5611 2168 5673 NOTE.

293 5757 409 5835 ιω)
457 5758 904 5829 Ὑπερύμνητος.
940 5757 999 5815 In
1027 5757 1198 5815 altero
1227 5756 1350 5814 cod.
1382 5753 1643 5826 ὑμνητὸς.
1670 5751 1747 5808 In.
