3976 6340
163 301 325 361 1149

1017 299 1617 364 CONSTITUTIONES
1646 299 2127 362 APOSTOLICE.
2163 336 2235 346 —
2267 303 2395 362 LIB.
2432 304 2571 362 VIII.

3301 312 3440 374 1150

156 419 267 474 τὸν
318 413 731 489 παντοκράτορα
772 414 865 475 καὶ
903 415 996 468 τὸν
1024 416 1381 488 ἠγαπημένον
1423 414 1590 472 αὐτοῦ
1626 414 1756 471 Υίὸν

1860 426 2008 473 ctum
2059 416 2287 484 Filium,
2347 428 2475 475 sunt
2504 428 2753 491 potentes
2794 420 3127 496 ac‘dynasta:
3155 425 3439 490 Ecclesia.

156 511 426 565 δυνάσται
453 508 757 580 ὑπάρχουσι
778 510 876 581 τῆς
914 509 1257 581 Ἐκκλησίας.
1283 508 1454 563 Τοῦτο
1472 508 1529 562 δέ
1557 526 1756 580 φαμεν,

158 606 273 676 οὐχ
305 606 391 658 ἴνα
430 605 505 680 μὴ
536 604 789 660 πίνωσινσ
812 602 988 667 ἄλλως
1016 602 1126 676 γὰρ
1155 603 1251 659 καὶ
1288 602 1402 677 (80)
1435 602 1582 677 ἔστιν
1611 602 1760 674 ὑϐρί-

162 714 265 751 σαι
289 698 351 752 τὸ
378 698 483 752 ὑπὸ
507 697 643 751 Θεοῦ
671 698 961 769 γενόμενον
984 698 1070 761 είς
1100 696 1470 769 εὐφροσύνην⁸
1504 695 1642 752 ἀλλά
1670 697 1759 750 ἵνα

165 792 252 863 μὴ
284 790 599 863 παροινίἱηι.
627 792 701 845 Οὐ
736 790 844 863 γὰρ
880 785 1034 844 εἶπεν
1060 790 1094 860 ἡ
1128 790 1342 862 Γραφὴ,
1377 790 1453 861 μὴ
1485 789 1660 845 πίνειν
1682 784 1759 843 οἷ-

159 903 288 952 νον,
332 883 471 938 ἀλλά
506 883 558 937 τί
581 901 784 956 (gmw;
842 903 861 935 ί
891 884 984 958 Μὴ
1020 887 1147 940 πῖνε
1191 880 1333 937 οἶνον
1368 886 1451 948 είς
1492 884 1663 957 μέθην
1686 902 1700 915 ο
1733 904 1752 937 ι

160 977 290 1033 Καὶ
320 976 481 1041 πάλιν
503 993 517 1007 ⁸
558 995 577 1028 ι
602 976 869 1033 Ἀκανθαι
908 975 1135 1047 φύονται
1163 978 1222 1031 ὲν
1253 978 1400 1050 χειρὶ
1441 977 1698 1051 μεθύσου.
1732 998 1752 1032 ι

160 1071 347 1125 Τοῦτο
387 1070 444 1125 δὲ
479 1069 540 1125 ού
572 1071 703 1143 περ).
737 1070 846 1125 τῶν
889 1071 948 1124 ἐν
987 1070 1176 1145 κλήρῳ
1204 1072 1363 1144 μόνον
1395 1073 1594 1145 φαμὲν,
1620 1073 1758 1129 ἀλλά

161 1166 269 1217 καὶ
303 1164 428 1235 περὶ
458 1164 659 1228 παντὸς
676 1163 865 1225 λαῖκοῦ
890 1164 1237 1236 Χριστιανοῦ,
1268 1166 1351 1235 ἐφ’
1379 1158 1440 1219 οὗ
1462 1165 1756 1239 ἐπικέκλη-

157 1276 258 1311 ται
283 1259 345 1312 τὸ
372 1258 543 1329 ὄνομα
568 1257 662 1311 τοῦ
694 1257 900 1329 Κυρίου
941 1258 1099 1330 ἡμῶν
1148 1258 1320 1332 Ἰησοῦ
1360 1259 1626 1331 Χριστοῦ·
1659 1262 1756 1315 κα)⁹

157 1352 355 1415 αὐτοῖς
388 1352 497 1423 γὰρ
525 1351 758 1425 εἴρηται·
796 1370 814 1404 ι
857 1350 976 1405 Τίνι
1006 1350 1166 1418 ούαί;
1199 1351 1306 1405 τίνι
1351 1351 1577 1424 θόρυϐος
1602 1369 1617 1421 ;
1647 1352 1755 1413 τίνι

155 1443 355 1515 ἁηδίαι
391 1444 486 1497 καὶ
516 1443 742 1515 λέσχαι;
773 1444 917 1508 τίνος
954 1444 1191 1501 πελιδνοὶ
1222 1443 1335 1517 (81)
1366 1445 1417 1498 οί
1446 1444 1751 1516 ὀφθαλμοίς

151 1535 273 1590 τίνι
310 1536 686 1609 συντρίμματα
712 1536 967 1608 διακενῆς
991 1554 1006 1604 ;
1034 1537 1097 1592 οὐ
1124 1537 1233 1590 τῶν
1254 1537 1676 1610 ὲγχρονιζὸντων
1695 1540 1753 1593 ὲν

151 1631 319 1701 alvus,
340 1631 433 1685 καὶ
476 1631 583 1685 τῶν
612 1631 1143 1703 κατασκοπουμένων
1186 1631 1301 1704 (82)
1338 1631 1441 1686 ποῦ
1465 1632 1616 1690 πότοι
1665 1633 1752 1702 γί-

153 1740 380 1789 νονται;
420 1742 439 1776 ο

695 1840 1091 1897 ΚΕΦᾹΛΑῙΟΝ
1113 1840 1251 1895 ME’.

152 1931 311 2001 Hepl
329 1932 434 1987 τοῦ
467 1932 577 2005 (85)
608 1932 1009 2073 ὑποδέχεῖιίέαι
1036 1936 1178 2000 τοὺς
1204 1932 1302 1987 διὰ
1331 1934 1591 2005 Χριστὸν
1617 1933 1749 1989 διω-

803 2021 874 2059 κο
952 2021 1123 2071 νους.

803 2021 1123 2071 κομενους.

231 2078 378 2183 Teii;
409 2118 770 2191 διωκομένους
794 2117 885 2173 διὰ
912 2118 1116 2183 πίστιν,
1150 2119 1245 2173 καί⁵
1267 2120 1349 2183 είς
1374 2118 1530 2173 πόλιν
1558 2120 1625 2180 ὲκ
1651 2121 1743 2175 πό-
1819 2146 1826 2153 -

149 2215 303 2277 λεως
342 2213 663 2283 φεύγοντας,
722 2211 813 2266 διὰ
858 2211 920 2265 τὸ
969 2211 1277 2284 μεμνῆσθαι
1320 2212 1431 2267 τῶν
1452 2211 1627 2283 λόγων
1652 2212 1748 2267 τοῦ

150 2307 396 2379 Κυρίου,
444 2305 951 2378 προσλαμϐάνεσθε.
994 2305 1375 2376 Ἐπιστάμενοι
1404 2304 1535 2377 γὰρ,
1566 2306 1647 2363 ὅτι
1686 2305 1749 2359 τὸ

155 2401 265 2473 μὲν
316 2399 531 2469 πνεῦμα
576 2397 879 2470 πρόθυμον,
918 2399 953 2469 ἡ
979 2397 1036 2454 δὲ
1085 2398 1222 2470 σὰρξ
1256 2397 1489 2470 ἀσθενὴς
1513 2438 1530 2465 ,
1560 2399 1749 2455 ἀποδι-

148 2492 486 2563 δράσκουσι,
520 2492 615 2546 καὶ
659 2490 757 2563 τὴν
801 2490 1057 2562 ἁρπαγὴν
1085 2490 1193 2544 τῶν
1224 2491 1578 2564 ὑπαρχόντων
1613 2509 1749 2564 προ-

146 2584 412 2647 tamn",
429 2584 514 2637 ἶνα
528 2584 892 2657 ἀνεξάρνητον
912 2584 969 2635 ὲν
984 2584 1201 2647 ἑαυτοῖς
1223 2582 1283 2636 τὸ
1307 2584 1479 2655 ὄνομα
1502 2584 1595 2641 τοῦ
1618 2586 1748 2656 Χρι-

151 2677 290 2731 στοῦ
312 2678 731 2752 διατηρήσωσιν.
778 2676 1151 2748 Ἐπικουρεῖτε
1184 2672 1277 2730 οὖν
1308 2676 1491 2739 αὐτοῖς
1509 2676 1579 2729 τὰ
1607 2676 1747 2748 πρὸς

146 2771 371 2843 χρείαν,
406 2772 622 2845 ἐντολὴν
653 2770 937 2845 Κυριακὴν
970 2769 1326 2843 πληροῦντες.

653 2976 1053 3033 ΚΕΦΔΛΑΙΟΝ
1090 2977 1246 3043 Μετ’.

150 3070 295 3127 Ὀτι
321 3070 581 3137 ἕκαστος
605 3070 675 3124 ὲν
715 3068 763 3136 ᾧ
794 3068 1014 3139 ἐτάχθη
1049 3068 1282 3137 κλήρῳ,
1313 3068 1541 3139 ὀφείλει
1566 3067 1742 3139 ἐμμέτ

222 3159 376 3204 retr,
406 3141 503 3211 καὶ
529 3140 857 3211 φυλάττειν
884 3139 998 3203 τὴν
1024 3138 1216 3211 τᾴξιν,
1249 3139 1411 3194 ἀλλὰ
1436 3138 1522 3209 μὴ
1552 3138 1745 3206 ἐαυτῷ

222 3210 511 3281 ἁρπάζειν
532 3209 607 3267 τὰ
628 3211 716 3282 μὴ
746 3209 1212 3282 ἐγχεῳισθέντα.
1347 3269 1357 3281 ,

235 3328 447 3382 Ἐκεῖνο
476 3327 533 3381 δὲ
556 3330 710 3401 κοινῇ
735 3327 936 3391 πάντες
967 3326 1076 3399 (84)
1109 3323 1585 3397 παραγγέλλομεν,
1613 3324 1745 3380 ἔκα-

147 3438 279 3473 στον
316 3420 427 3492 (85)
458 3420 716 3492 ἐμμένειν
750 3419 902 3487 τάξει
939 3422 1005 3491 τῇ
1026 3419 1237 3491 δοθείσῃ
1272 3418 1471 3489 αὐτῷ,
1516 3417 1610 3470 καὶ
1667 3418 1742 3491 μὴ

144 3512 503 3583 ὑπερϐαίνειν
531 3513 658 3576 τοὺς
687 3513 876 3584 ὄρους’
905 3513 967 3565 ού
996 3511 1105 3583 γάρ
1134 3513 1271 3573 εἰσιν
1305 3509 1582 3581 ἡμέτεροι,
1606 3509 1745 3564 ἀλλὰ

142 3607 245 3660 τοῦ
268 3606 427 3660 Θεοῦ.
465 3625 484 3658 ι
533 3607 589 3660 '0
614 3606 767 3677 ὑμῶν
812 3604 944 3677 γὰρ,
977 3606 1142 3675 φησὶν
1164 3607 1192 3659 ὁ
1231 3604 1454 3676 Κύριος,
1488 3603 1701 3656 ἀκούων
1724 3642 1740 3667 ,

143 3700 290 3771 ἐμοῦ
339 3700 554 3753 ἀκούει·
587 3700 681 3753 καί
713 3701 741 3753 ὁ
773 3698 907 3770 ἐμοῦ
956 3698 1189 3760 ἀκούων,
1247 3697 1435 3751 ἀκούει
1470 3696 1565 3749 τοῦ
1604 3697 1742 3750 ἀπο-ο

144 3792 466 3855 στείλαντος
494 3809 563 3863 με
584 3809 598 3824 ·
632 3792 728 3847 καὶ
757 3794 785 3845 ὁ
824 3793 967 3863 ὑμᾶς
990 3790 1218 3857 ἀθετῶν,
1250 3792 1351 3862 ἐμὲ
1382 3790 1600 3844 ἀθετεῖ·
1631 3792 1659 3848 ὁ
1683 3790 1741 3845 δὲ

141 3886 250 3955 ἐμὲ
312 3884 539 3949 ἀθετῶν,
590 3885 772 3937 ἀθετεῖ
794 3884 885 3937 τὸν
921 3884 1320 3941 ἀποστείλαντά
1361 3901 1448 3955 με.
1480 3903 1499 3935 ι
1529 3884 1592 3937 Εί
1631 3882 1742 3954 γὰρ

140 3982 214 4031 τὸ
244 3978 431 4050 ἄψυχα
478 3978 766 4047 γενόμενα,
820 3977 920 4049 τὴν
977 3977 1231 4041 εὐταξίαν
1282 3976 1598 4041 ἀποσώζεισ
1630 3972 1741 4033 οἷον

141 4070 270 4133 νὺξ,
303 4069 511 4141 ἡμέρα,
544 4070 695 4139 ἥλιος
725 4069 858 4141 (86),
887 4070 1312 4142 σελήνη,ἀστρα,
1343 4076 1741 4145 στοιχεῖα,τρο-

142 4163 274 4223 παὶ,
314 4164 499 4235 μῆνες,
532 4162 857 4234 ἑϐδομάδεςξ,
889 4163 1127 4234 ἡμέραι,
1156 4159 1323 4235 ὧραι,
1370 4165 1465 4218 καὶ
1497 4165 1740 4221 δουλεύει

137 4260 216 4330 τῇ
255 4255 656 4332 διατυπωθείσῃ
696 4255 893 4327 χρείᾳ,
928 4256 1072 4312 κατά
1106 4256 1171 4310 τὸ
1213 4258 1505 4329 εἰρημένον
1528 4275 1543 4289 ο
1581 4276 1600 4311 ι
1643 4259 1742 4312 '0-

144 4368 267 4422 ριον
314 4349 458 4414 ἔθου,
501 4349 531 4403 ὃ
585 4350 647 4403 οὐ
686 4348 1140 4421 παρελεύσονταν
1183 4368 1203 4402 ι
1250 4351 1344 4407 καὶ
1391 4351 1575 4417 πάλιν,
1608 4350 1739 4422 περὶ

1771 3109 1818 3175 C

1860 508 1976 566 Hoc
2007 518 2188 567 autem
2223 510 2480 574 dicimus,
2516 528 2625 568 non
2656 507 2715 568 ut
2753 513 2943 570 vinum
2974 533 3320 593 nequaquam
3355 526 3445 583 bi-

1860 600 2022 670 bant;
2045 618 2111 659 eo
2148 603 2294 663 enim
2339 604 2502 659 modo
2531 608 2862 664 contumelia
2891 608 3169 668 adicerent
3209 616 3262 670 id
3290 618 3438 688 quod

1861 714 1891 752 a
1909 697 2019 754 Deo
2036 698 2237 754 factum
2250 705 2335 755 est
2357 697 2421 753 ad
2452 699 2693 755 laetitiam
2716 701 2844 769 ;sed
2864 710 2924 758 ut
2946 718 3057 760 non
3074 706 3436 767 inebrientur.

1861 790 2147 863 Siquidem
2203 808 2313 847 non
2363 792 2503 848 dixit
2523 792 2832 864 Scriptura,
2880 796 3069 853 vinum
3110 815 3220 856 non
3248 801 3441 859 biben-

1859 882 2024 952 dum;
2057 884 2154 941 sed
2191 884 2325 956 quid
2376 885 2498 940 ait?
2526 904 2546 939 ι
2583 884 2663 941 Ne
2693 886 2820 945 bibe
2869 888 3056 946 vinum
3094 892 3161 947 ad
3200 894 3440 951 ebrieta-

1858 983 1969 1033 tem
1986 976 2052 1043 “,
2075 996 2094 1029 ι
2123 983 2179 1034 et
2204 977 2406 1033 iterum
2437 996 2451 1033 :
2490 996 2509 1032 ι
2532 976 2717 1051 Spinae
2752 990 3058 1037 nascuntur
3085 984 3141 1039 in
3165 1000 3329 1041 manu
3355 999 3438 1043 te-

1856 1068 2087 1127 mulenti
2118 1068 2183 1126 ".
2215 1089 2235 1123 ι
2272 1068 2331 1125 Id
2370 1085 2505 1127 vero
2547 1088 2658 1127 non
2693 1072 2761 1130 de
2790 1074 2858 1131 iis
2903 1083 3147 1143 tantum,
3182 1080 3277 1150 qui
3305 1090 3438 1137 sunt

1857 1161 1915 1217 in
1972 1163 2142 1230 clero,
2201 1163 2476 1233 dicimus;
2526 1161 2715 1221 verum
2761 1168 2927 1224 etiam
2980 1170 3049 1226 de
3097 1172 3247 1230 omni
3294 1174 3437 1230 laico

1855 1254 2193 1322 Christiano,
2228 1272 2395 1329 super
2422 1272 2587 1329 quem
2614 1257 2931 1317 invocatum
2974 1270 3061 1317 est
3095 1278 3293 1321 nomen
3323 1264 3435 1322 Do-

1853 1348 1992 1406 mini
2020 1350 2199 1409 nostri
2240 1349 2372 1407 Jesu
2415 1350 2625 1411 Christi
2646 1353 2722 1418 ¹³;
2766 1369 2892 1409 nam
2934 1355 3071 1426 ipsis
3102 1372 3323 1429 quoque
3348 1361 3436 1416 di-

1854 1449 2007 1497 ctum
2035 1449 2159 1499 est:
2192 1460 2210 1495 ι
2246 1442 2349 1499 Cui
2387 1444 2500 1500 vae?
2526 1444 2616 1501 cui
2664 1448 2979 1503 tumultus?
3025 1449 3114 1504 cui
3169 1451 3331 1506 taedia
3380 1460 3435 1508 et

1851 1534 2188 1607 garrulitas?
2214 1536 2374 1607 cujus
2392 1536 2536 1595 oculi
2568 1536 2717 1592 lividi
2741 1538 2764 1594 ?
2792 1540 2881 1595 cui
2921 1542 3279 1600 contusiones
3318 1542 3437 1600 fru-

1854 1628 2013 1683 stra?
2065 1627 2260 1697 Nonne
2306 1629 2424 1685 haec
2444 1644 2637 1687 eorum
2677 1639 2829 1697 sunt,
2874 1633 3048 1703 quiin
3079 1634 3207 1690 vino
3239 1635 3435 1691 immm

1854 1728 2068 1785 rantur,
2082 1720 2285 1795 quique
2299 1722 2603 1799 explorant,
2621 1724 2714 1780 ubi
2738 1724 3317 1798 ﬁantcompotationes
3329 1731 3392 1786 “.
3404 1749 3427 1786 ι

2420 1836 2651 1894 CAPUT
2690 1837 2855 1895 XLV.

1852 1928 1931 1986 De
1983 1929 2291 1999 recipiendis
2334 1930 2403 1985 iis
2448 1932 2539 2007 qui
2578 1940 2789 2014 propter
2844 1930 3117 1989 Christum
3150 1936 3431 2005 patiuntur

2428 2012 2862 2073 persecutionem.

1922 2114 2032 2171 Eos
2072 2115 2167 2187 qui
2214 2116 2652 2187 persecutionem
2706 2117 2989 2189 patiuntur
3042 2118 3167 2175 ﬁdei
3215 2134 3432 2187 causa.

1850 2218 1904 2266 et
1925 2206 1994 2266 de
2014 2209 2237 2267 civitate
2270 2210 2325 2263 in
2371 2209 2647 2267 civitatem
2676 2209 2892 2281 fugiunt
2908 2211 2952 2243 "
2980 2211 3126 2282 quod
3160 2213 3430 2269 memine-

1848 2304 1959 2359 rint
1990 2303 2281 2358 verborum
2312 2301 2550 2369 Domini,
2597 2304 2883 2375 suscipite.
2938 2304 3076 2359 Cum
3119 2306 3267 2360 enim
3324 2321 3429 2363 no—

1848 2397 1960 2453 rint
1996 2396 2248 2466 spiritum
2278 2396 2496 2468 quidcm
2529 2404 2841 2472 promptum
2883 2411 3029 2463 esse,
3052 2414 3273 2455 carnem
3296 2416 3430 2471 vero

1849 2487 2189 2544 inﬁrmam“
2215 2528 2231 2555 ,
2274 2490 2582 2562 aufugiunt,
2616 2498 2670 2546 et
2712 2489 3032 2546 facultatum
3075 2506 3297 2547 suarum
3341 2494 3429 2556 di-

1847 2587 2150 2656 reptionem
2193 2586 2517 2655 permittunt
2563 2600 2627 2639 ac
2675 2584 2994 2655 negligunt,
3033 2592 3092 2638 ut
3134 2584 3192 2638 in
3226 2585 3430 2656 seipsis

1846 2692 2048 2734 nomen
2076 2677 2284 2733 Christi
2312 2677 2579 2733 illibatum
2602 2686 2658 2731 et
2686 2676 2977 2747 negatione
3007 2691 3119 2731 non
3149 2677 3426 2747 proditum

1846 2778 2195 2827 conservent.
2237 2770 2593 2842 Suppeditate
2616 2784 2750 2841 ergo
2783 2769 2893 2824 illis
2926 2784 3048 2838 qua:
3077 2780 3205 2825 sunt
3234 2784 3429 2831 neces-

1847 2864 2019 2931 saria,
2042 2864 2362 2920 mandatum
2389 2863 2731 2917 Dominicum
2758 2861 3140 2931 adimplentes.

2409 2977 2641 3037 CAPUT
2666 2977 2852 3034 XLVI.

1848 3072 2003 3141 Quod
2023 3073 2398 3142 unusquisque,
2438 3074 2491 3127 iu
2521 3089 2580 3126 eo
2601 3071 2769 3142 gradu
2797 3072 2945 3135 cieri,
2976 3071 3030 3124 in
3058 3088 3159 3141 quo
3181 3079 3261 3124 est
3296 3086 3423 3124 oon-

1918 3145 2159 3206 stitutus,
2202 3141 2388 3215 debeat
2436 3141 2771 3215 permanere,
2814 3154 2861 3197 et
2905 3141 3140 3215 ordinem
3179 3157 3423 3206 servare;

1917 3227 2023 3269 non
2053 3230 2171 3269 vero
2203 3213 2272 3268 ad
2300 3230 2355 3268 se
2386 3213 2569 3283 rapere
2587 3230 2704 3287 quae
2725 3214 3009 3268 conmissa
3038 3230 3140 3267 non
3169 3222 3313 3267 sunt.

1918 3327 2053 3383 Illud
2093 3334 2275 3383 autem
2305 3328 2673 3387 communiter
2708 3342 2900 3382 omnes
2940 3326 3333 3397 pmcipimus;
3365 3335 3424 3381 ut

1845 3423 2225 3493 unusquisque
2255 3421 2311 3476 in
2342 3420 2533 3475 ordine
2561 3420 2665 3475 sibi
2695 3419 2825 3474 dato
2854 3427 3210 3491 permaneat,
3244 3434 3431 3489 neque

1844 3515 2156 3587 regularum
2177 3514 2445 3570 terminos
2476 3512 2835 3567 transcendat
2869 3531 2882 3569 :
2916 3527 3024 3568 non
3064 3512 3213 3567 enim
3243 3512 3427 3567 nostri:

1844 3618 1996 3671 sunt,
2037 3607 2133 3664 sed
2174 3607 2289 3663 Dei.
2332 3625 2351 3658 ι
2393 3606 2495 3674 Qui
2542 3605 2689 3662 enim
2730 3622 2863 3669 vos,
2907 3605 3085 3677 inquit
3132 3604 3420 3671 Dominus,

1844 3698 2017 3764 audit,
2042 3715 2129 3755 me
2172 3699 2357 3766 audit;
2410 3706 2464 3754 et
2500 3698 2594 3770 qui
2627 3714 2713 3753 me
2743 3697 2931 3763 audit,
2982 3697 3133 3753 audit
3160 3712 3286 3754 eum
3323 3699 3426 3768 qui

1844 3793 1996 3848 misit
2052 3808 2138 3847 me
2170 3812 2181 3847 :
2217 3799 2271 3847 et
2317 3791 2409 3861 qui
2459 3806 2557 3847 vos
2600 3791 2842 3864 spernit,
2890 3804 2978 3846 me
3030 3789 3274 3860 spernit;
3323 3790 3423 3861 qui

1843 3895 2026 3941 autem
2074 3899 2163 3941 me
2221 3885 2450 3955 spernit,
2488 3884 2699 3956 spernit
2729 3899 2855 3939 eum
2882 3883 2975 3954 qui
3005 3883 3156 3938 misit
3186 3898 3274 3939 me
3296 3883 3360 3938 “.
3394 3903 3421 3936 ι.

1840 3978 1978 4034 Nam
2039 3977 2086 4034 si
2155 3993 2219 4034 ea
2282 3994 2403 4050 quae
2466 3977 2711 4032 inanima
2782 3976 3006 4032 condita
3070 3985 3229 4042 sunt,
3300 3977 3423 4048 put.

1842 4072 2037 4128 chrum
2069 4070 2316 4126 ordinem
2352 4077 2710 4137 conservant;
2775 4076 2838 4123 ut
2906 4084 3049 4134 nox,
3094 4069 3247 4137 dies,
3294 4070 3417 4135 sol,

1841 4165 1973 4221 luna
1995 4205 2011 4231 ,
2069 4165 2241 4221 stella
2261 4204 2277 4229 ,
2335 4165 2605 4220 elementa
2630 4204 2646 4229 ,
2706 4171 3065 4235 tempestates
3088 4203 3103 4223 .
3161 4179 3376 4220 menses
3397 4204 3416 4229 ,

1840 4257 2241 4323 hebdomades,
2274 4257 2413 4321 dies,
2455 4257 2639 4325 hom;
2682 4270 2746 4312 ac
2788 4257 2914 4311 usui
2954 4256 3256 4312 constituto
3299 4272 3419 4313 ser-

1839 4353 2031 4420 viunt;
2074 4352 2233 4424 juxta
2264 4351 2398 4406 illud
2435 4350 2679 4407 dictum:
2714 4366 2733 4401 (
2771 4348 3089 4405 Terminum
3143 4350 3422 4422 posuisti,

137 4444 249 4514 τῆς
297 4442 622 4513 θαλάσσης-⁹
654 4460 674 4494 ι
722 4441 955 4513 Ἐθὲμην
1004 4442 1142 4514 αὐτῇ
1189 4443 1333 4515 ὅρια,
1364 4442 1608 4515 περιθεὶς
1641 4442 1736 4500 καὶ

1855 4462 2004 4518 luem
2016 4461 2125 4501 non
2153 4442 2629 4517 transgredientur
2648 4442 2691 4474 ι’
2715 4459 2733 4509 ;
2759 4461 2777 4495 ι
2815 4452 2869 4498 et
2890 4443 3110 4507 iterum,
3138 4444 3206 4498 de
3234 4444 3412 4501 mari:

140 4534 398 4607 κλεῖθρα,
457 4535 553 4589 καὶ
591 4534 784 4600 πύλας·
837 4531 967 4589 εἶπα
1006 4534 1064 4589 δὲ
1115 4536 1253 4607 αὐτῇ
1275 4552 1289 4567 ο
1322 4536 1501 4607 Μέχρι
1543 4535 1734 4589 τούτου

140 4629 368 4700 ὲλεύσῃ,
396 4630 489 4685 καὶ
509 4630 607 4699 ούχ
636 4628 921 4701 ὑπερϐήσῃ
945 4644 961 4662 ο
996 4646 1014 4680 ι
1041 4628 1193 4701 πόσῳ
1226 4628 1424 4699 μᾶλλον
1454 4629 1611 4699 ὑμεῖς
1642 4629 1736 4683 ού-

139 4724 235 4776 ἂδν
269 4721 513 4792 ὀφείλετε
541 4722 745 4795 τολμᾷν
778 4722 889 4795 (87)
931 4726 1256 4794 παρακινεῖν
1283 4723 1392 4775 τῶν
1427 4722 1558 4793 ὑμῖν
1591 4721 1733 4779 κατά

1845 4558 1864 4593 ι
1895 4539 2060 4595 Posui
2116 4538 2167 4594 ei
2223 4538 2524 4602 terminos,
2573 4544 2628 4592 et
2674 4536 3043 4607 circumposui
3079 4536 3320 4593 claustra
3358 4544 3416 4593 et

1836 4633 1977 4688 ostia
1995 4650 2009 4699 ;
2025 4631 2137 4685 dixi
2168 4638 2351 4685 autem
2374 4629 2423 4685 ei
2446 4628 2773 4699 :Hucusque
2794 4630 3000 4694 venies,
3026 4638 3080 4685 et
3104 4644 3213 4684 non
3235 4637 3418 4686 trans~

1838 4726 2046 4791 ibis“;
2076 4743 2097 4778 ι
2146 4731 2351 4794 quanto
2410 4721 2585 4793 magis
2627 4737 2727 4781 vos
2784 4736 2896 4777 non
2937 4721 3150 4778 debetis
3208 4722 3411 4778 audere

223 4882 450 4955 "Prov.
466 4881 827 4955 ﬁxumEcclI.
858 4882 1255 4955 xxxt;Ephes.
1286 4901 1338 4939 v.
1418 4885 1460 4916 “
1476 4884 1634 4940 Prov.
1671 4901 1821 4947 xxvi,
1854 4884 1907 4940 9.
1986 4884 2031 4917 “
2066 4883 2181 4938 Jac.
2214 4898 2275 4948 ιι,
2306 4884 2357 4939 7.
2431 4884 2474 4918 “
2509 4882 2673 4940 Prov.
2704 4881 2982 4955 “"529.
3008 4954 3019 4955 ί
3042 4882 3091 4955 ξ’
3130 4881 3319 4955 Matth.
3350 4898 3407 4955 x,

138 4958 238 5011 9.3.
352 4956 395 4987 “
433 4954 805 5027 Matth._xxv1.
834 4954 925 5011 41.
1002 4954 1045 4987 ³⁷
1084 4952 1155 5011 al.
1192 4955 1526 5027 προσίενται.
1607 4957 1651 4989 ⁸⁸
1686 4955 1765 5010 Lu

1855 4971 1910 5019 ι,
1937 4955 2037 5023 I6;
2066 4956 2256 5011 Matth.
2288 4973 2343 5025 x,
2370 4954 2644 5024 40;Joan.
2674 4952 2789 5019 xui,
2818 4954 2909 5010 20.
2982 4954 3023 4984 ¹⁹
3040 4952 3185 5009 Psal.
3207 4968 3319 5021 CIII,
3349 4954 3405 5009 9.

140 4996 315 5082 δῖοι)

1448 5141 1808 5199 νΑιιιοιιυιι
1859 5138 2092 5209 Now,

228 5256 339 5329 (80)
366 5256 479 5311 Καί
526 5256 656 5329 Dele
670 5271 796 5329 cum
824 5256 995 5329 altero
1012 5254 1135 5329 cod.
1162 5232 1322 5329 Vind.
1350 5257 1520 5313 CLER.

182 5392 191 5399 ,
226 5326 337 5402 (81)
368 5328 663 5383 Πελιδνοί,
695 5326 755 5381 In
788 5328 961 5384 altero
1002 5326 1125 5382 cod.
1170 5326 1371 5392 πέλιοι,
1396 5326 1542 5398 quod
1586 5327 1729 5383 idem

136 5399 363 5541 852.83.
388 5468 1001 5541 Κατασκοπουίιένω.
1049 5467 1143 5523 Sic
1189 5482 1408 5541 quoque
1438 5468 1639 5523 citatur
1671 5468 1726 5523 in

139 5539 423 5598 AntioCho
454 5541 673 5596 homilia
703 5540 758 5597 5.
786 5539 964 5595 Unum
1004 5540 1282 5608 exemplar
1315 5555 1417 5597 ms.
1451 5556 1723 5599 κατασκο-
1774 5569 1787 5585 .-

139 5614 461 5678 πευόντωνς
496 5610 663 5674 aliud,
695 5609 1201 5665 κατασκοπούντων.
1234 5608 1372 5665 Cor.

215 5683 337 5754 (83)
362 5677 503 5751 Περὶ
529 5681 658 5746 τοῦ,
688 5690 793 5737 etc.
820 5682 982 5738 Deest
1003 5681 1287 5752 inscriptio
1316 5680 1372 5736 in
1401 5680 1572 5738 altero
1597 5677 1725 5738 cod.

140 5756 335 5886 alia)
359 5821 545 5891 Κοινῇ
600 5821 837 5895 πάντες.
890 5823 951 5885 In
998 5822 1212 5884 duobus
1256 5822 1478 5892 Scriptis
1524 5820 1681 5884 libris
1706 5858 1727 5888 ι

1837 5257 1989 5310 κοινῆ
2024 5254 2156 5308 πᾶσι
2207 5252 2346 5309 Cor.

1908 5321 2021 5396 (83)
2060 5326 2379 5396 'Ematog'.
2412 5323 2575 5379 Addit
2609 5325 2746 5396 alter
2773 5321 2896 5378 cod.
3086 5323 3255 5396 (Itan.

1910 5394 2024 5467 (86)
2058 5396 2285 5467 ’Ἥλιος
2320 5394 2583 5467 Scholion
2608 5395 2674 5449 ad
2710 5396 2825 5450 haec
2858 5394 3024 5467 verba
3054 5394 3405 5467 habet:_'0'rs

1835 5464 2014 5539 ἣλιος,
2044 5466 2139 5539 καὶ
2180 5464 2373 5538 σελήνη
2391 5509 2406 5533 ,
2437 5466 2531 5539 καὶ
2557 5466 2760 5538 ἄστρα,
2792 5464 2886 5539 καὶ
2917 5464 2986 5517 τὰ
3013 5464 3175 5517 λοιπὰ
3201 5465 3404 5539 ἄψυχα.

1848 5536 2039 5591 contra
2065 5536 2379 5607 Origenem,
2416 5537 2508 5606 qui
2542 5536 2688 5607 astra
2728 5536 2967 5607 animata
2986 5551 3125 5607 esse
3154 5537 3407 5607 ωιωιςδι,

1835 5608 1973 5662 Eum
2004 5608 2127 5662 vide
2160 5604 2253 5662 lib.
2272 5624 2305 5661 v
2353 5604 2537 5660 contra
2568 5606 2801 5676 Celsum,
2825 5621 2879 5676 ι).
2900 5604 3029 5669 238.
3051 5604 3400 5666 θιὶξϐιιηιιὼ.

1834 5686 1889 5736 et
1919 5679 2056 5733 libro
2092 5678 2162 5731 De
2191 5680 2448 5741 Oratione,
2477 5692 2599 5748 cap.
2626 5677 2718 5732 24.
2754 5675 2831 5732 In.

1906 5750 2018 5817 (87)
2053 5748 2307 5818 Talltqir.
2359 5748 2523 5807 Deest
2550 5746 2627 5811 in
2685 5749 2861 5809 altero
2900 5746 3120 5817 codice;
3160 5761 3227 5807 ac
3266 5764 3402 5813 sane

1832 5820 2093 5883 abundat.
2128 5818 2207 5885 ID.
2254 5852 2255 5857 π
