3976 6340
644 311 778 368 1151
1483 307 1540 364 S.
1575 307 1967 364 CLEMENTIS
1998 309 2018 360 ι
2050 304 2214 362 ROM.
2255 304 2453 362 PONT.
2492 303 2723 361 OPERA
2758 305 2988 365 DUBIA.

641 427 941 500 quidquam
971 439 1159 482 eorum
1208 422 1518 491 dimovere,
1553 440 1674 494 qua:
1705 424 1860 478 vobis
1899 421 2192 478 secundum

2308 417 2534 522 γνώμην
2569 418 2706 522 Θεοῦ
2749 425 2897 522 παρ’-
2927 423 3084 522 ήμῶν
3123 427 3462 522 όρισθέντωνς
3499 435 3592 491 ἀλλ’
3624 443 3749 522 ἐπειδὴ

641 523 971 580 voluntatem
1008 517 1102 573 Dei
1141 534 1234 589 per
1255 533 1356 573 nos
1390 517 1613 573 deﬁnita
1645 517 1814 574 sunt?
1840 516 2043 574 Verum
2073 516 2192 587 quia

2307 513 2584 607 πάρεργον
2617 515 2678 607 poi
2725 514 2910 568 ’πολλοὶ⁹
2944 516 3212 571 καὶτοῦτο
3249 521 3494 592 ἡγήσαντο
3520 525 3644 598 εἶναι,
3664 513 3749 607 eq:

641 613 798 670 multi
829 615 930 668 hoc
959 627 1066 666 non
1115 626 1236 666 esse
1283 609 1651 665 necessarium
1701 615 2063 680 putaverunt;
2097 607 2192 662 imc

2305 606 2450 676 χέειν
2479 606 2535 659 δὲ
2571 605 2670 670 τὰς
2706 607 2888 672 τάξεις
2929 611 3022 663 καὶ
3043 610 3140 682 τὴν
3169 612 3252 682 ἐφ’
3283 615 3489 672 ἑκάστου
3515 605 3750 694 χειροτονξῂ

3663 330 3758 386 1152·

641 705 975 763 confundere
1003 703 1221 759 ordines
1240 742 1255 768 ,
1286 718 1349 757 ac
1377 702 1674 772 unicuique
1704 702 1965 757 tributam
1984 701 2204 756 ordina-

640 801 842 855 tionem
871 797 1198 852 labefactare
1223 796 1444 860 audent,
1469 794 1573 850 sibi
1603 795 1929 866 arripientes
1952 810 2061 849 non
2090 800 2206 847 tra-

637 891 780 947 ditas
810 891 1126 962 dignitates,
1151 904 1214 943 ac
1238 888 1521 960 tyrannice
1556 888 1934 958 permittentes
1964 886 2069 942 sibi
2101 901 2164 941 ea
2185 924 2200 951 ,

635 1000 868 1057 quorum
897 983 1202 1038 dandorum
1232 987 1556 1052 potestatem
1579 995 1689 1034 non
1723 979 1958 1047 habent;
1987 994 2051 1033 ac
2077 993 2203 1048 pro-

635 1085 842 1148 pterea,
888 1083 1005 1129 tum
1058 1073 1226 1129 Deum
1271 1073 1518 1147 irritant,
1551 1070 2008 1142 quemadmodum
2046 1069 2204 1124 Cori-

634 1169 780 1234 tm“,
803 1174 858 1224 et
885 1183 978 1223 rex
1006 1165 1168 1222 Ozias
1185 1166 1250 1232 ",
1273 1164 1367 1235 qui
1390 1171 1586 1234 prater
1605 1163 1923 1234 dignitatem
1946 1202 1960 1228 ,
1991 1177 2054 1217 ac
2082 1162 2202 1218 sine

631 1260 742 1315 Deo
801 1264 1136 1328 usurparunt
1185 1256 1596 1327 pontiﬁcatum,
1655 1261 1818 1325 atque
1857 1254 1935 1310 illi
1979 1253 2200 1324 qnidem

631 1352 761 1406 facti
809 1358 937 1406 sunt
966 1349 1108 1420 ignis
1140 1348 1419 1418 pabulum,
1447 1348 1535 1402 hic
1563 1362 1690 1402 vero
1724 1346 1779 1402 in
1810 1345 1990 1401 fronte
2019 1347 2200 1416 lepro-

632 1460 762 1511 sus;
795 1450 906 1497 tum
939 1448 1265 1512 exasperant
1292 1440 1571 1495 Christum
1602 1438 1811 1504 Jesum,
1843 1438 1937 1509 qui
1965 1438 2036 1493 ita
2067 1454 2201 1494 con-

632 1535 852 1602 stituit;
887 1541 1004 1588 tum
1048 1534 1406 1588 constristant
1450 1531 1715 1602 Spiritum
1745 1541 2014 1598 sanctum,
2045 1533 2199 1586 inﬁr-

629 1636 842 1683 mantes
890 1627 1036 1682 illius
1078 1625 1447 1682 testimonium
1488 1643 1501 1678 :
1534 1623 1744 1678 idcirco
1776 1623 1936 1694 jure,
1979 1625 2198 1694 pericu-

630 1723 738 1776 lum
764 1720 831 1776 iis
857 1721 948 1790 qui
983 1720 1098 1774 haec
1120 1719 1408 1790 designant
1431 1719 1752 1790 impendens
1772 1718 2191 1789 prOSpicientcs,

627 1823 681 1871 ct
709 1813 1092 1887 negligentiam
1115 1812 1172 1866 in
1214 1811 1499 1867 sacriﬁciis
1533 1826 1597 1866 ac
1628 1811 1931 1882 gratiarum
1962 1810 2195 1864 actioni-

627 1909 750 1972 bus,
784 1922 849 1963 eo
877 1906 1024 1977 quod
1061 1905 1229 1976 impie
1257 1904 1558 1959 offerantur
1593 1906 1662 1960 ab
1686 1904 1754 1960 iis
1783 1918 1814 1958 a
1843 1903 2045 1974 quibus
2083 1918 2193 1959 non

625 2008 857 2073 oportet,
882 2000 1083 2070 quique
1113 1999 1374 2053 honorem
1402 1997 1768 2068 pontiﬁcalem
1789 2037 1804 2061 ,
1849 1997 2192 2067 complexum

624 2093 809 2164 magni
841 2092 1113 2164 pontiﬁcis
1142 2090 1273 2146 Jesu
1299 2089 1504 2146 Christi
1531 2089 1676 2160 regis
1713 2089 1889 2144 nostri
1930 2088 2193 2144 imitatio-

625 2201 770 2249 nem,
798 2200 895 2255 pro
921 2185 1046 2239 ludo
1075 2184 1304 2250 habent;
1332 2182 1472 2246 ideo,
1490 2182 1735 2251 inquam,
1755 2194 1978 2236 necesse
2003 2179 2102 2234 fuit
2125 2180 2192 2238 de

623 2294 689 2333 eo
738 2293 955 2349 quoque
1001 2276 1332 2332 admonere:
1369 2274 1480 2345 jam
1513 2273 1658 2329 enim
1689 2272 1909 2343 quidam
1940 2271 2190 2329 conversi

624 2380 752 2427 sunt
778 2379 923 2426 retro
951 2377 1072 2440 post
1100 2369 1398 2424 vanitatem
1427 2382 1582 2422 suam
1600 2367 1666 2420 ’³.
1699 2365 1886 2435 itaque
1918 2364 2152 2419 dicimus
2171 2404 2187 2430 ,

623 2467 770 2536 quod
811 2464 1010 2528 Moses,
1054 2462 1148 2517 Dei
1180 2461 1452 2524 famulus,
1495 2473 1622 2514 cum
1653 2473 1762 2528 quo
1795 2457 1936 2512 Deus
1961 2455 2099 2511 facie
2121 2456 2189 2511 ad

623 2559 821 2613 faciem
857 2555 1305 2626 colloquebatur,
1345 2559 1404 2608 ut
1425 2552 1472 2608 si
1499 2552 1624 2622 quis
1652 2552 1906 2622 loquatur
1942 2550 2012 2605 ad
2052 2548 2190 2604 ami-

624 2663 749 2703 cum
779 2664 940 2703 suum
963 2649 1043 2714 “;
1069 2648 1158 2704 cui
1187 2648 1326 2704 dixit
1351 2663 1364 2699 :
1399 2665 1418 2699 ι
1457 2645 1594 2702 Novi
1624 2657 1674 2701 te
1701 2661 1811 2716 prae
1833 2648 2125 2714 omnibus;
2163 2665 2187 2702 ι

623 2754 750 2795 cum
773 2755 885 2810 quo
907 2741 974 2795 ad
1006 2755 1069 2796 os
1105 2740 1452 2811 loquebatur,
1481 2748 1534 2794 et
1562 2753 1667 2792 non
1697 2754 1792 2808 per
1823 2739 2074 2804 obscura,
2108 2737 2193 2792 vel

623 2832 856 2896 somnia,
878 2833 963 2888 vel
985 2831 1227 2902 angelos,
1252 2831 1335 2887 vel
1355 2831 1640 2901 aanigmata
1656 2832 1722 2895 ’⁵,
1743 2830 1829 2884 hic
1851 2830 2042 2896 Moses,
2066 2845 2192 2885 cum

623 2925 863 2979 divinam
900 2922 1290 2993 legislationem
1332 2919 1723 2982 constitueret,
1755 2917 2005 2973 distinxit
2039 2933 2187 2988 qum-

622 3032 750 3072 nam
782 3021 1057 3085 oporteret
1093 3012 1276 3084 peragi
1301 3027 1332 3065 a
1365 3011 1734 3082 pontiﬁcibus,
1769 3025 2016 3080 quaenam
2040 3025 2069 3062 a
2097 3024 2188 3064 sa-

2305 701 2629 768 παρακινεῖν
2674 700 2967 772 τολμῶσιν,
3007 703 3404 774 ὑφαρπάζοντες
3438 713 3610 779 ἑαυτοῖς
3647 720 3749 787 ἀξιώ-

2307 805 2453 859 ματα
2480 789 2547 842 τά
2582 791 2656 863 μὴ
2685 791 2952 863 διδόμενα,
2977 796 3070 848 καὶ
3109 797 3467 869 ἐπιτρέποντες
3506 806 3668 874 ἑαυτοῖς
3691 831 3742 866 τυ,

2305 880 2569 951 ραννικῶς
2593 882 2628 936 ἀ
2664 883 2739 955 μὴ
2775 883 2992 956 ἔχουσιν
3022 885 3270 952 ἐξουσίαν
3283 891 3481 957 διδόναι,
3503 898 3750 956 30:16am}-

2301 991 2363 1026 το
2385 973 2776 1045 παροργίζουσι
2803 979 2900 1049 μὲν
2924 979 3078 1047 Θεὸν,
3107 981 3292 1056 ὥσπερ
3322 986 3368 1037 οἱ
3395 986 3634 1058 Κορεῖται,
3651 993 3747 1050 xuii

2305 1063 2556 1157 βασιλεὺς
2585 1067 2764 1132 Ὀζίας
2784 1111 2800 1137 ,
2827 1073 2958 1144 παρ’
2983 1073 3137 1139 ἀξίαν
3157 1076 3450 1148 ἐπιθέμενοι
3475 1079 3581 1133 ἄνευ
3598 1082 3693 1136 Θεοῦ
3707 1088 3747 1157 τῇ

2301 1154 2704 1232 ἀρχιερωσύνῃ,
2731 1163 2826 1216 καὶ
2842 1164 3146 1236 γενόμενοι,
3170 1169 3218 1221 οἱ
3244 1169 3338 1239 μὲν
3362 1171 3668 1244 πυρίφλεκτοι,
3685 1154 3748 1230 δέ

2301 1249 2442 1303 κατά
2476 1252 2570 1306 τοῦ
2612 1252 2862 1324 μετώπου
2891 1255 3107 1328 λεπρός·
3139 1258 3482 1330 παροξύνουσι
3527 1263 3574 1316 δὲ
3595 1267 3748 1336 Χριστὸν

2303 1339 2411 1413 (88)
2467 1344 2674 1415 Ἰησοῦν
2722 1347 2813 1400 τὸν
2867 1348 3291 1421 διαταξάμενον,
3316 1353 3523 1408 λυποῦσι
3546 1356 3593 1410 δὲ
3627 1359 3691 1412 καὶ
3713 1362 3750 1415 τὸ

2299 1435 2521 1508 Πνεῦμα
2549 1439 2609 1492 τὸ
2640 1438 2814 1508 ἅγιον,
2848 1441 3174 1514 ἀκυροῦντες
3209 1443 3368 1496 αὑτοῦ
3393 1445 3482 1516 τὴν
3510 1449 3746 1520 μαρτυρίαν·

2298 1526 2539 1595 εἰκότως,
2562 1531 2652 1583 τὸν
2668 1533 3046 1604 ἐπηρτημένον
3061 1534 3172 1606 (89)
3184 1534 3419 1591 κίνδυνον
3433 1541 3530 1602 τοῖς
3539 1540 3593 1594 τὰ
3606 1542 3750 1598 τοιαῦτα

2297 1618 2595 1690 πράττουσι
2627 1624 3016 1694 προειδόμενοι,
3053 1627 3149 1680 καὶ
3174 1627 3273 1698 τὴν
3301 1629 3380 1692 εἰς
3412 1629 3501 1693 τὰς
3534 1631 3673 1695 θυσίας
3692 1635 3750 1686 καὶ

2297 1711 2642 1783 εὐχαριστίας
2672 1713 2951 1785 ἀμέλειαν,
2999 1717 3064 1771 ὲκ
3087 1716 3183 1771 τοῦ
3216 1719 3305 1788 ὑφ’
3329 1713 3399 1774 ὧν
3444 1721 3509 1793 μὴ
3533 1723 3617 1793 χρὴ
3640 1741 3746 1794 προσ·

2296 1805 2567 1876 αγομένας
2593 1805 2822 1874 ἀσεϐῶς,
2851 1809 3069 1864 παιδιὰν
3091 1812 3401 1882 ἡγουμένων
3426 1814 3513 1884 τὴν
3536 1815 3750 1887 ἀρχιερατι-

2295 1897 2416 1968 κὴν,
2446 1897 2569 1968 ἥτις
2613 1899 2844 1971 μίμησιν
2889 1903 3135 1974 περιέχει
3166 1904 3261 1957 τοῦ
3299 1905 3516 1976 μεγάλου
3548 1907 3749 1980 ἀρχιερέως

2307 1989 2480 2061 Ἰησοῦ
2509 1991 2744 2062 Χριστοῦ
2777 1993 3039 2063 βασιλέως
3058 1996 3240 2067 ἡμῶν,
3265 1997 3496 2068 ἀνάγκην
3509 1999 3747 2070 ἔσχομενκιί

2291 2082 2449 2136 τοῦτο
2474 2086 2796 2156 παραινέσαι
2815 2103 2828 2116 ⁸
2864 2088 2963 2160 ήδη
2989 2087 3100 2160 γάρ
3131 2107 3274 2154 τινες
3303 2088 3626 2163 ἐξετράπησαν
3643 2093 3746 2148 ἀπίω

2290 2175 2390 2247 τῆς
2434 2177 2642 2230 ἑαυτῶν
2677 2180 3030 2252 ματαιότητος
3048 2200 3062 2213 ·
3121 2183 3350 2256 λέσγομεν
3374 2184 3475 2258 (90)
3514 2186 3576 2248 ὡς
3604 2189 3743 2255 Μωσῆς,

2291 2268 2320 2322 ὁ
2347 2267 2441 2322 τοῦ
2471 2269 2605 2324 Θεοῦ
2632 2270 2905 2342 θεράπων,
2938 2268 2982 2344 ᾧ
3013 2278 3042 2329 ὁ
3062 2276 3198 2340 Θεὸς
3225 2277 3446 2343 ἐνώπιος
3471 2278 3639 2349 ὲνωπίῳ
3661 2279 3742 2349 ὡμί-

2292 2360 2392 2426 λει,
2435 2364 2511 2427 ὡς
2552 2365 2713 2429 εἴτις
2751 2365 2956 2440 λαλήσῃ
2995 2352 3136 2439 πρὸς
3165 2369 3360 2422 ἑαυτοῦ
3399 2363 3742 2438 φίλον,ᾧείπενο

2297 2452 2482 2510 ‹·Οἷδά
2521 2474 2580 2510 σε
2609 2457 2761 2530 παρά
2787 2459 2994 2524 πάντας
3013 2476 3026 2490 ·
3068 2479 3087 2512 ν
3194 2461 3336 2515 κατὰ
3371 2462 3613 2534 πρόσωπον
3628 2462 3747 2532 ὼμὼι

2292 2549 2384 2602 καὶ
2401 2549 2462 2602 οὐ
2491 2549 2559 2603 δι’
2576 2550 2785 2621 ἀδήλων
2801 2553 2867 2617 ³⁸,
2889 2552 3240 2631 ἢρνυπνίων,
3271 2555 3304 2626 ἢ
3339 2555 3574 2624 ἀγγέλων,
3597 2555 3744 2624 ﬂatur.

2293 2640 2478 2711 μάτων
2501 2658 2514 2672 ·
2543 2635 2697 2706 οὗτος
2720 2643 2881 2715 ήνίκα
2909 2645 3007 2716 τὴν
3028 2643 3183 2700 θείαν
3204 2645 3510 2717 νομοθεσίαν
3525 2645 3745 2710 διετάσσετο,

2288 2731 2451 2786 διεῖλε
2480 2732 2600 2787 τίνα
2623 2734 2720 2806 μὲν
2751 2736 2856 2808 χρὴ
2877 2736 2981 2790 ὑπὸ
3003 2737 3112 2790 τῶν
3141 2737 3440 2810 ἀρχιερέων
3466 2737 3746 2801 ἐπιτελεῖσθαι,

2287 2824 2409 2878 τίνα
2445 2825 2502 2879 δὲ
2547 2826 2652 2879 ὑπὸ
2691 2826 2799 2880 τῶν
2835 2829 3044 2898 ἱερέων,
3078 2829 3204 2884 τίνα
3233 2830 3291 2885 δὲ
3315 2830 3417 2884 ὑπὸ
3452 2830 3546 2884 τῶν
3579 2828 3747 2892 λευιτῶν,

2288 2916 2503 2989 ἑκάστῳ
2537 2919 2635 2988 τὴν
2686 2921 2892 2976 οἰκείαν
2944 2923 3038 2976 καὶ
3090 2924 3401 2996 ἀνήκουσαν
3441 2927 3501 2995 τῇ
3543 2921 3750 2993 λειτουργίᾳ

2289 3007 2581 3081 Θρησκείαν
2609 3014 2930 3086 ἀπονείμας,
2963 3017 3056 3070 καὶ
3105 2995 3252 3090 άπερ
3286 3019 3381 3090 μὲν
3416 3021 3516 3081 τοῖς
3539 3013 3752 3088 ἀρχιερεῦσι

622 3107 955 3173 cerdotibus,
989 3119 1235 3176 quaenam
1260 3119 1291 3157 a
1321 3102 1500 3158 levitis
1519 3143 1535 3168 ,
1567 3117 1631 3157 ac
1661 3102 1940 3158 distribuit
1969 3101 2186 3157 unicui-

2289 3105 2661 3174 προστέτακτο
2695 3107 2993 3177 ἐπιτελεῖν,
3024 3109 3242 3175 τούτοις
3286 3111 3410 3176 τοὺς
3447 3111 3597 3183 ἱερέας
3629 3111 3671 3163 οὐ
3700 3108 3752 3162 θε-

621 3217 729 3272 que
748 3200 956 3255 cultum
985 3197 1264 3269 proprium
1286 3212 1497 3266 suoque
1528 3195 1835 3250 ministerio
1863 3194 2189 3253 convenien-

623 3303 765 3361 tem;
797 3301 852 3348 et
904 3291 971 3346 ad
999 3305 1064 3346 ea
1101 3287 1323 3360 quidem
1362 3303 1484 3359 qua:
1512 3287 1680 3358 jussit
1707 3287 1991 3358 pontiﬁces
2021 3286 2184 3358 perﬁ-

621 3401 765 3451 cere,
800 3383 883 3440 fas
905 3397 1015 3437 non
1046 3388 1163 3438 erat
1201 3386 1260 3434 ut
1299 3379 1624 3434 accederent
1648 3377 1994 3446 sacerdotes;
2031 3377 2096 3432 ad
2120 3393 2185 3433 ea

618 3493 750 3533 vero
779 3491 901 3548 quae
942 3472 1321 3532 sacerdotibus
1363 3471 1586 3527 deﬁnita
1630 3477 1808 3534 erant,
1855 3471 2030 3526 levitae
2072 3486 2185 3526 non

620 3567 1078 3634 admittebantur;
1123 3565 1216 3621 sed
1273 3563 1473 3636 singuli
1515 3562 1821 3617 ministeria
1862 3562 2183 3634 praescripta

618 3677 739 3732 quae
763 3665 1088 3730 acceperant
1115 3656 1439 3724 servabant;
1471 3655 1517 3710 si
1547 3654 1671 3725 quis
1699 3663 1882 3709 autem
1910 3655 2050 3710 ultra
2076 3655 2183 3710 sibi

619 3753 880 3808 traditum
909 3751 1150 3806 ofﬁcium
1175 3747 1430 3820 progredi
1460 3747 1769 3813 nitebatur,
1805 3755 1977 3804 morte
1997 3749 2182 3804 luebat

618 3846 890 3916 poenas".
917 3844 1028 3899 Hoc
1057 3858 1186 3899 vero
1210 3841 1481 3913 praecipue
1511 3840 1904 3897 demonstravit
1928 3841 2006 3908 id,
2036 3842 2183 3914 quod

619 3939 769 3994 Sauli
794 3938 1024 4010 contigit
1049 3955 1064 4004 ;
1095 3936 1191 4008 qui
1221 3951 1345 3991 cum
1368 3934 1739 3991 existimasset
1754 3950 1815 3990 se
1836 3935 2040 4007 absque
2057 3951 2183 4006 pro-

621 4031 783 4100 pheta
836 4036 891 4083 et
936 4027 1193 4098 pontiﬁce
1239 4025 1492 4083 Samuelo
1543 4027 1854 4084 sacriﬁcare
1899 4045 2080 4100 posse,
2121 4030 2192 4086 ad

622 4135 680 4176 se
709 4129 989 4191 peccatum
1023 4128 1076 4175 et
1109 4117 1454 4174 maledictum
1503 4135 1780 4190 nunquam
1827 4121 2188 4192 abjiciendum

2291 3196 2442 3266 μιτὸν
2475 3193 2542 3269 ἦν
2573 3200 2850 3270 προσιέναι
2873 3217 2886 3231 ’
2931 3200 3075 3274 άπερ
3119 3202 3178 3257 δὲ
3205 3206 3322 3268 τοῖς
3369 3203 3575 3276 ἱερεῦσιν
3596 3201 3752 3273 ὥριπο,

2286 3288 2499 3354 τούτοις
2519 3292 2567 3344 οἱ
2583 3290 2786 3346 λευίται
2802 3295 2862 3347 ού
2884 3295 3179 3366 προσίεσαν
3194 3313 3207 3326 ·
3229 3297 3344 3350 ἀλλ’
3361 3297 3556 3351 ἕκαστοι
3572 3293 3750 3365 ἆπερ(9ί)

2287 3382 2712 3456 παρειλήφεισαν
2748 3386 3047 3458 ὑπηρεσίας
3071 3389 3587 3461 περιγεγραμμένας,
3603 3386 3752 3456 ἐφύλατ-

2284 3490 2411 3528 τον·
2455 3477 2505 3529 εἰ
2539 3475 2596 3530 δέ
2639 3494 2722 3540 τις
2767 3478 2918 3567 γέρα
2965 3479 3067 3550 τῆς
3097 3481 3447 3553 παραδόσεως
3490 3480 3700 3552 προσιέναι
3725 3479 3753 3529 ἐ-

2285 3567 2524 3636 ϐούλετο,
2558 3569 2786 3635 Θάνατος
2809 3571 2919 3644 (92)
2947 3569 3015 3645 ἦν
3040 3574 3102 3628 τὸ
3144 3575 3439 3647 ἐπιτίμιον.
3468 3573 3610 3628 Τοῦτο
3634 3572 3674 3626 δὲ
3697 3570 3753 3641 μὲν

2284 3660 2442 3716 λιστα
2463 3661 2687 3728 διέδειξε
2714 3664 2810 3717 καὶ
2836 3667 2869 3735 ή
2906 3665 3048 3719 κατά
3073 3666 3166 3720 τὸν
3193 3668 3367 3721 Σαοὺλ
3387 3671 3533 3740 πεῖρα
3550 3684 3561 3697 ·
3589 3667 3632 3728 ὃς
3651 3664 3750 3716 05:2:

2285 3754 2586 3825 νενομικὼς
2600 3756 2725 3827 δίχα
2742 3756 2835 3809 τοῦ
2859 3759 3138 3830 προφήτου
3161 3760 3259 3813 καὶ
3278 3760 3555 3832 ἀρχιερέως
3567 3754 3749 3827 Sapo-It},

2283 3842 2519 3901 ἔσπασεν
2566 3849 2646 3911 εἰς
2694 3848 2887 3902 ἑαυτὸν
2931 3850 3210 3921 ἁμαρτίαν
3260 3853 3353 3905 καὶ⁹
3381 3851 3596 3922 κατάραν
3621 3845 3750 3901 ἀναπὸ-

2283 3937 2476 4012 6λητον
2491 3956 2506 3970 ο
2533 3941 2628 3994 καὶ
2650 3942 2771 3996 οὐδὲ
2802 3941 2863 3996 τὸ
2892 3944 3184 4015 κεχρῖσθαι
3214 3947 3306 3998 ὑπ’
3325 3944 3482 4000 αὑτοῦ
3499 3945 3568 4007 εἰς
3588 3937 3749 4011 βασιλέι,

2281 4032 2371 4084 ὲδυ
2379 4031 2600 4105 σώπησε
2614 4033 2703 4088 τὸν
2723 4037 3030 4108 προφήτην.
3049 4037 3442 4110 Ἐνεργεστέρᾳ
3456 4038 3494 4068 ³⁸
3507 4037 3554 4090 δὲ
3565 4037 3614 4105 τῇ
3625 4031 3750 4102 πράξει

2278 4123 2529 4190 διέδειξεν
2563 4127 2592 4180 ὁ
2619 4126 2752 4190 Θεὸς
2781 4128 2837 4182 ἐν
2863 4131 2982 4193 τοῖς
3009 4129 3152 4184 κατὰ
3177 4129 3276 4202 τὸν
3317 4130 3505 4194 Ὀζείαν,
3532 4127 3612 4180 οὐκ
3636 4124 3676 4176 ἐν

623 4211 880 4277 attraxit;
911 4226 1083 4280 neque
1114 4209 1435 4281 prophetam
1471 4210 1642 4265 movit
1673 4227 1737 4266 ac
1758 4211 1923 4274 ﬂexit,
1950 4213 2093 4282 quod
2122 4215 2192 4268 ab

2289 4218 2456 4291 λισμῷ
2483 4218 2640 4285 διτάς
2660 4221 2753 4274 ἐπὶ
2771 4223 2836 4293 τῇ
2868 4224 3185 4295 παρανομία
3227 4223 3621 4295 εἰσπράξαμενος
3637 4217 3746 4275 δίκα-7

626 4303 742 4372 ipso
771 4301 900 4358 Sani
924 4303 977 4357 in
1006 4318 1186 4373 regem
1221 4312 1415 4357 unctus
1443 4301 1636 4359 fuisset
1657 4304 1723 4358 ³³.
1757 4303 1868 4359 Hoc
1892 4307 2054 4360 etiam
2080 4305 2192 4361 evi-

2289 4312 2376 4364 καὶ
2401 4312 2538 4384 ὁτῆς
2549 4313 2959 4385 ἀρχιερωσύνης
2986 4316 3342 4387 καταμανείς,
3362 4316 3449 4369 καὶ
3467 4313 3554 4384 τῆς
3565 4307 3748 4382 βασιλείας

624 4394 860 4451 dentiori
905 4396 1221 4467 operatione
1248 4395 1639 4452 demonstravit
1678 4395 1821 4452 Deus
1858 4413 1951 4468 per
1980 4413 2044 4454 ea
2071 4414 2192 4470 qua:

2289 4403 2556 4476 ἀλλότριος
2576 4405 2835 4477 κατέστη.
2854 4405 2937 4460 Τά
2955 4406 3012 4460 δὲ
3035 4408 3119 4477 ἐφ’
3140 4408 3173 4478 ή
3181 4407 3298 4478 μῶν
3326 4409 3449 4470 ἴσως
3463 4406 3550 4459 οὐκ
3567 4401 3746 4469 ἀγνοεῐτιο

623 4480 770 4538 Otia:
818 4484 1156 4548 acciderunt,
1202 4483 1268 4540 de
1317 4484 1474 4553 cujus
1524 4487 1973 4556 prmvaricatione
2015 4453 2192 4562 exegit

2289 4453 2454 4548 ’Ἰστε⁵
2485 4453 2595 4570 γάρ
2642 4453 2859 4564 πάντως
2901 4453 3235 4565 έπισκόπόύς
3281 4453 3748 4571 παρ’ῐήμῶνιὸνομιι

624 4588 814 4642 poenas
848 4573 1053 4643 absque
1083 4589 1266 4642 mora;
1295 4584 1349 4631 et
1373 4576 1466 4646 qui
1493 4584 1683 4631 contra
1709 4577 2084 4646 pontiﬁcatum
2115 4581 2192 4634 in-

2289 4589 2529 4655 σθέντας,
2559 4592 2654 4645 καὶ
2681 4591 3105 4665 πρεσϐυτέρους,
3139 4593 3234 4647 καὶ
3272 4592 3548 4657 διακόνους,
3574 4587 3673 4656 εὐχῇ
3693 4579 3748 4633 καί

625 4666 885 4733 sanierat,
909 4682 1076 4737 regno
1102 4683 1322 4738 quoque
1348 4669 1539 4740 pulsus
1573 4679 1656 4727 est
1679 4671 1744 4722 '9.
1769 4669 2037 4727 Caeterum
2071 4688 2192 4744 qua:

2289 4683 2478 4754 χειρῶν
2507 4683 2768 4753 ὲπιθέσει,
2799 4687 2865 4757 τῇ
2913 4685 3142 4758 διαφορᾷ
3166 4685 3276 4739 τῶν
3305 4683 3559 4756 ὀνομάτων
3585 4676 3658 4732 καὶ
3678 4670 3746 4742 (95)

625 4758 730 4813 sub
763 4758 922 4815 nobis
971 4768 1091 4815 acta
1132 4761 1262 4826 sint,
1295 4761 1522 4817 forsitan
1554 4778 1663 4817 non
1710 4763 1992 4833 ignoratis.
2031 4764 2192 4822 Scitis

2289 4775 2380 4846 τὴν
2416 4776 2675 4848 διαφοράν
2703 4776 2813 4830 τῶν
2840 4778 3184 4850 πραγμάτων
3224 4777 3560 4837 δεικνύοντας.
3599 4769 3656 4822 Οὐ
3681 4762 3746 4831 γὰρ

623 4851 771 4907 enim
801 4853 1025 4909 omnino
1065 4854 1370 4926 episcopos,
1399 4856 1747 4927 presbyteros
1786 4865 1840 4913 et
1867 4857 2129 4916 diaconos
2159 4876 2192 4916 a

2289 4868 2309 4920 ὁ
2339 4866 2657 4939 βουλόμενος
2704 4872 2832 4942 παρ’
2861 4871 2989 4941 ἡμῖν
3029 4870 3269 4942 ἐπλήρου
3311 4869 3406 4942 τήν
3441 4871 3592 4939 χεῖρα,
3621 4860 3746 4922 ὥσπερ

673 4989 711 5019 ἰ
742 4987 911 5074 Furr];
936 5005 1077 5074 “‘11..
1111 4991 1248 5074 "‘Mll
1277 4990 1632 5074 Paral_._x§vr.
1707 4994 1753 5026 ’³
1790 4994 2050 5074 1.
2077 5015 2127 5064 v,
2161 5001 2185 5054 1

2322 5003 2369 5036 ³⁸
2405 4989 2565 5074 Num.
2597 5009 2692 5068 ιιι,
2719 5012 2774 5070 8;
2835 5004 3003 5059 Exod.
3030 5020 3227 5069 xxxiii,
3283 5006 3370 5066 Η,
3427 5002 3506 5074 [1.
3542 4991 3742 5074 uim!"

613 5073 710 5123 ιιι,
741 5060 793 5141 8:
868 5060 912 5140 ’ξ
947 5061 1018 5116 al.
1050 5059 1136 5114 διὰ
1164 5060 1357 5141 δήλων.
1431 5064 1475 5097 ³⁷
1513 5063 1671 5120 Num.
1699 5080 1773 5121 Iv.
1851 5067 1897 5098 ⁸⁸
1933 5057 2189 5140 “{ng“

611 5126 819 5179 λησμω.
851 5128 942 5179 Sic
968 5131 1090 5179 om]-
1115 5130 1276 5179 Vind-

2334 5074 2379 5106 ’θ
2401 5073 2443 5128 ιι
2465 5057 2815 5133 magis}.
2837 5057 2940 5108 Ἷο
2958 5057 3020 5131 ἲ.
3035 5057 3464 5148 φενάρῆεὰτέῃῖ
3495 5057 3503 5058 ί
3539 5068 3578 5102 ει
3610 5065 3639 5120 ι.
3663 5057 3742 5132 μελ-

643 5129 819 5200 ησμῷ.
851 5129 942 5186 Sic
968 5131 1090 5188 cod.
1115 5129 1276 5188 Vind.

1901 5287 2255 5347 VARIORUM
2304 5291 2531 5351 NOTAE.

687 5417 796 5506 l§§l
824 5419 1104 5506 ἕέριστάνο
1138 5419 1197 5506 ῐη
1230 5421 1404 5506 me”
1429 5421 1627 5506 ιβῖτδν
1655 5423 2028 5506 #9521632“).-

2289 5429 2342 5486 ld
2355 5504 2360 5506 _
2373 5434 2702 5506 pAtrqpsolac.
2732 5436 2807 5493 lt).

685 5490 1293 5580 ἓξὲᾘεπῖφῖῗέμέἴσῖ·
1318 5492 1377 5580 ιη
1405 5493 1574 5580 ἓέιθνο
1595 5490 1968 5580 ε⁰9Ᾰ.νί“α⁰ιξο
1996 5496 2168 5575 ἐπηρ-

2289 5568 2296 5580 _
2345 5490 2775 5580 (92):6draroc:
2798 5490 3103 5580 'Scriptu‘ra
3155 5507 3400 5563 codicum
3448 5503 3618 5559 unius:
3649 5492 3738 5549 ἀνό-

608 5559 903 5684 ιὲἷῆᾔνθήί)
932 5561 1090 5630 quasi
1130 5561 1200 5617 ab
1229 5563 1505 5635 ὲπαρτίζω
1552 5565 1765 5635 perﬁcio
1790 5603 1806 5630 ,
1858 5565 1955 5620 scd
2010 5559 2165 5635 prius

2289 5559 2600 5642 ignaram,

2337 5642 2448 5691 (953
2481 5646 2610 5691 Kal-
2651 5644 2776 5691 Delo.
2807 5648 2947 5691 hann
2975 5649 3218 5691 vnmllnm
3251 5665 3315 5691 mr
3346 5644 3622 5691 auctoritate
3646 5628 3718 5691 cod

685 5642 1098 5843 ὶὲἷδῖὶίὲἆςομεν.
1129 5700 1310 5756 Addit.
1333 5703 1470 5760 alter
1503 5705 1624 5763 cod.
1663 5705 1738 5760 δέ.
1774 5706 1846 5761 lo.

707 5768 796 5843 91)
833 5771 1033 5840 "Amp.
1065 5770 1254 5830 Melius
1278 5773 1398 5828 cod.
1437 5773 1665 5834 Vindob.
1705 5776 2155 5843 figulreferalur

2289 5642 2620 5770 “$963:
2649 5644 2776 5704 Dele
2806 5648 2948 5704 hanc
2975 5649 3219 5704 voculam
3251 5665 3317 5704 ex
3346 5644 3622 5702 auctoritate
3646 5642 3734 5691 eoa.

707 5768 796 5843 91)
833 5768 1033 5840 "Amp.
1065 5770 1254 5830 Melius
1278 5773 1398 5828 cod.
1437 5773 1665 5834 Vindob.
1705 5776 2155 5854 ﬁgutreferalur
