3976 6340
186 292 318 351 H53

1038 294 1631 354 CONSTITUTIONES
1664 293 2135 351 APOSTOLICAE.
2169 323 2239 334 —
2270 292 2397 350 LIB.
2436 293 2595 351 Vill-

3268 285 3401 342 1154

178 408 267 462 ἐπὶ
292 406 384 477 τῆς
414 407 665 480 κιϐδήλου
714 409 823 463 τῶν
862 410 1150 481 δαμάλεων
1186 412 1278 464 ἐπὶ
1324 412 1419 464 τοῦ
1462 410 1742 483 Ἰεροϐοάμ

1847 410 1999 465 nobis
2015 423 2174 480 prece
2192 424 2255 463 ac
2286 424 2545 463 manuum
2560 406 2904 476 impositione
2921 405 3229 461 nominatos
3254 415 3397 465 esse,

180 502 669 571 παρακεκομμένης
716 502 1012 574 ἱερωσύνης
1031 546 1045 569 ,
1080 504 1192 556 ἀλλ’
1219 505 1248 556 6
1274 503 1601 573 καλούμενος
1638 504 1741 557 ὑπὸ

179 590 270 644 τοῦ
298 591 451 643 Θεοῦ.
483 593 545 645 Ei
577 594 671 663 μὲν
699 593 807 666 γὰρ
849 595 922 667 μὴ
951 596 1150 665 θεσμός
1172 613 1256 659 τις
1288 591 1375 667 ἦν,
1408 596 1502 648 καὶ
1537 595 1741 658 τάξεων

178 683 416 755 διαφορὰ,
446 684 602 755 ἤρκει
626 685 691 738 ἂν
718 687 786 739 δι’
809 686 925 750 ἐνὸς
944 688 1297 758 ὀνόματος,τά
1327 688 1423 741 ὅλα
1451 687 1737 740 τελεῖσθαι.

191 776 322 829 Ἀλλ’
350 778 453 831 ὑπὸ
481 778 574 831 τοῦ
609 779 813 851 Κυρίου
842 780 1182 853 διδαχθέντες
1223 780 1538 834 ἀκολουθίαν
1567 797 1743 852 πραγ-

182 869 377 940 μάτων,
407 873 518 933 τοῖς
548 871 644 941 μὲν
666 872 979 937 ἐπισκόποις
998 872 1172 944 τάτῆς
1189 871 1593 945 ἀρχιερωσύνης
1616 872 1743 925 ἐνεί-

183 978 352 1032 μαμεν
382 961 512 1031 (94),
536 964 713 1026 τοῖςδὲ
725 964 1110 1036 πρεσϐυτέροις
1121 965 1744 1037 τάτῆςίερωσύνης,τοῖς

176 1051 231 1104 δὲ
241 1052 498 1117 διακόνοις
512 1053 581 1107 τὰ
592 1055 689 1125 τῆς
712 1055 847 1126 πρὸς
871 1057 1219 1129 ἀμφοτέρους
1229 1058 1517 1120 διακονίας
1531 1046 1595 1110 ἴν³
1654 1075 1746 1110 κα-

180 1141 353 1213 θαρῶς
371 1143 440 1197 τὰ
454 1146 552 1216 τῆς
568 1146 865 1217 θρησκείας
883 1148 1285 1219 ἐπιτελούμενα.
1303 1148 1437 1202 Οὔτε
1455 1148 1562 1220 γὰρ
1575 1148 1746 1202 διακό-

178 1252 251 1303 νῳ
270 1236 587 1307 προσφέρειν
618 1237 805 1291 θυσίαν
818 1238 1100 1309 θεμιτὸν,ἢ
1120 1239 1469 1311 βαπτίζειν,ἢ
1496 1241 1743 1309 εὐλογίαν

181 1326 377 1397 μικράν
406 1327 438 1396 ἧ
473 1328 714 1399 μεγάλην
744 1330 1035 1397 ποιεῖσθαι,
1088 1330 1211 1383 οὔτε
1256 1330 1619 1403 πρεσϐύτερον
1652 1332 1742 1393 ³³⁸,

179 1419 502 1488 χειροτονίας
539 1420 801 1474 ἐπιτελεῖν
820 1439 833 1451 ·
869 1422 928 1475 ού
945 1423 1052 1494 γάρ
1075 1424 1237 1487 ὅσιον,
1270 1424 1745 1495 ἐνεστράφθαιτὴν

181 1509 365 1575 τάξιν·
403 1531 420 1562 ι
457 1513 530 1565 Οὐ
562 1513 671 1584 γάρ
697 1514 845 1568 ἐστιν
872 1516 900 1568 6
921 1514 1050 1578 Θεὸς
1064 1515 1466 1579 ἀκαταστασίας
1484 1555 1498 1577 ,
1532 1534 1549 1566 ι
1581 1516 1668 1569 ἵνα
1694 1515 1741 1567 οί

180 1601 582 1672 ὑποϐεϐηκότες
626 1604 695 1658 τά
735 1604 843 1657 τῶν
884 1607 1205 1677 κρειττόνων
1242 1607 1576 1678 τυραννικῶς
1616 1625 1745 1677 σφε-

177 1696 513 1765 τερίζωνται,
566 1696 882 1767 νομοθεσίαν
947 1700 1138 1771 καινὴν
1186 1699 1610 1763 ἀναπλάττοντες
1653 1700 1743 1753 επὶ

180 1786 332 1856 κακῷ
361 1787 436 1857 τῷ
466 1788 694 1850 ἑαυτῶν,
740 1789 1059 1857 ἀγνοοῦντες
1098 1792 1178 1843 ὃτι
1212 1791 1439 1862 σκληρὸν
1478 1793 1657 1855 αὐτοῖς
1683 1792 1743 1845 τὸ

180 1876 316 1947 πρὸς
335 1878 530 1949 κέντρα
560 1878 849 1944 λακτίζειν.
882 1882 956 1934 Οὐ
982 1882 1089 1953 γὰρ
1111 1884 1275 1952 ἡμᾶς,
1308 1884 1341 1954 ἢ
1368 1884 1496 1946 τοὺς
1527 1882 1745 1935 ἐπισκό-

185 1986 321 2033 πους
346 1970 666 2040 πολεμοῦσιν
700 1973 749 2024 oi
781 1972 1031 2039 τοιοῦτοι,
1079 1974 1213 2027 ἁλλά
1238 1976 1328 2027 τὸν
1370 1975 1587 2028 πάντων
1627 1975 1745 2027 ἐπί-

185 2078 383 2115 σκοπον
415 2064 507 2115 καὶ
536 2063 630 2115 τοῦ
655 2064 863 2136 Πατρός
890 2066 1148 2138 ἀρχιερέα
1175 2068 1407 2139 Χριστὸν
1433 2066 1635 2138 Ἰησοῦν
1656 2069 1745 2120 τὸν

180 2154 377 2225 Κύριον
397 2156 429 2225 ἡ
438 2156 571 2226 μῶν.
615 2156 751 2231 im
778 2158 1019 2222 Μωσέως
1041 2160 1137 2230 μὲν
1163 2159 1269 2231 γάρ
1290 2160 1382 2213 τοῦ
1408 2160 1745 2229 θεοφιλεστά-

184 2263 279 2299 του
306 2248 574 2318 ἀρχιερεῖς
594 2247 1022 2318 κατεστάθησαν,
1047 2251 1140 2302 κα).
1177 2251 1362 2322 ἱερεῖς,
1382 2253 1475 2304 καὶ
1515 2251 1742 2319 λευῖται,

184 2339 287 2391 ὑπὸ
314 2339 366 2392 δὲ
410 2339 503 2392 τοῦ
542 2340 789 2411 Σωτῆρος
826 2341 981 2410 ἡμῶν
1010 2343 1189 2413 ἡμεῖς,
1223 2344 1272 2395 οἱ
1309 2342 1589 2414 δεκατρεῖς
1615 2343 1748 2396 ἀπό-

184 2434 355 2485 στολοι
406 2432 515 2502 (95)
540 2450 553 2463 ·
586 2433 689 2485 ὑπὸ
717 2433 772 2486 δὲ
804 2433 912 2485 τῶν
951 2432 1259 2488 ἀποστόλων
1309 2434 1418 2503 ἐγὼ
1464 2435 1741 2498 Ἰάκωϐος’

181 2525 278 2577 καί
304 2523 408 2591 ἐγὼ
437 2524 682 2595 Κλήμης,
715 2526 807 2577 καὶ
852 2526 947 2578 σὺν
988 2526 1115 2595 ἡμῖν
1156 2525 1361 2597 ἕτερον
1403 2528 1487 2580 ἵνα
1516 2528 1587 2599 μὴ
1614 2527 1748 2579 πάν-

176 2632 278 2677 τας
306 2615 461 2667 πάλιν
496 2615 878 2685 καταλέγωμεν
896 2633 909 2645 ·
939 2619 1090 2687 κοινῇ
1132 2616 1187 2670 δὲ
1216 2618 1319 2670 ὑπὸ
1348 2618 1561 2671 πάντων
1591 2620 1747 2690 ἡμῶν

188 2708 565 2779 πρεσϐύτεροι,
611 2709 705 2761 καὶ
745 2709 1013 2776 διάκονοι,
1077 2710 1170 2762 καὶ
1223 2711 1561 2764 ὑποδιάκονοι
1587 2754 1601 2778 ,
1656 2714 1748 2766 καὶ

180 2799 547 2867 ἀναγνῶσται.
578 2800 802 2871 Πρῶτος
830 2800 1004 2853 τοίνυν
1040 2804 1105 2871 τῇ
1135 2802 1292 2870 φύσει
1324 2803 1611 2874 ἀρχιερεὺς
1637 2802 1745 2875 (96)

176 2890 209 2943 ὁ
236 2890 525 2961 μονογενὴς
546 2890 612 2961 Χί
635 2891 796 2955 ιστὸς,
829 2892 927 2962 οὐχ
951 2892 1129 2962 ἑαυτῷ
1156 2893 1253 2963 τὴν
1282 2895 1445 2964 τιμὴν
1475 2894 1744 2966 ἀρπάσας,

178 2983 316 3036 ἀλλά
370 2983 520 3053 παρά
556 2982 651 3035 τοῦ
686 2983 897 3053 Πατρὺς
946 2984 1328 3047 κατασταθείς·
1361 2984 1419 3047 ὃς
1461 2986 1749 3056 γενόμενος

1841 504 1934 573 qui
1964 502 2267 556 diﬂ'erentia
2297 503 2577 555 nominum
2599 498 2956 553 differentiam
2975 509 3191 565 quoque
3219 506 3400 550 rerum

1840 595 2152 650 ostendant.
2194 593 2311 647 Non
2348 595 2493 647 enim
2522 592 2614 662 qui
2647 592 2881 651 volebat,
2922 586 3063 657 apud
3091 600 3190 639 nos
3214 583 3405 652 imple—

1842 689 1934 743 bat
1964 703 2185 741 manum
2205 688 2270 751 ³²,
2297 687 2438 740 sicut
2470 686 2523 738 in
2552 683 2686 737 falso
2701 691 2755 737 et
2775 681 3084 735 aduiterino
3110 678 3401 731 vitularum

1843 781 2150 836 sacerdotio
2171 819 2185 845 ,
2219 788 2461 847 tempore
2480 775 2787 831 Jeroboami
2812 792 2827 840 ;
2861 773 2954 828 sed
2985 772 3077 841 qui
3105 769 3401 824 vocabatur

1843 889 1872 927 a
1898 873 2025 929 Deo.
2048 872 2184 926 Nam
2217 873 2262 925 si
2293 871 2440 924 nulla
2473 870 2557 923 lex
2587 867 2763 937 posit-a
2784 873 2949 930 esset,
2986 879 3084 917 nec
3111 863 3217 915 ulla
3249 860 3400 915 ordi-

1841 981 1972 1021 num
2003 964 2336 1029 diﬂerentia;
2386 961 2723 1021 suﬁ'ecisset,
2756 965 2954 1010 cuncta
2995 971 3089 1025 per
3114 970 3279 1007 unum
3304 968 3403 1006 no-

1843 1073 1964 1112 men
2010 1056 2215 1126 perﬁci.
2245 1055 2467 1118 Verum,
2488 1068 2517 1106 a
2545 1052 2773 1105 Domino
2795 1049 2970 1105 edocti
3001 1063 3180 1101 rerum
3211 1061 3403 1100 conse-

1844 1149 2147 1219 quentiam,
2176 1147 2448 1215 episcopis
2493 1144 2709 1214 quidem
2756 1157 2876 1212 quae
2918 1142 2983 1193 ad
3028 1139 3403 1209 pontiﬁcatum

1844 1240 2119 1311 pertinent
2160 1238 2596 1308 assignavimus,
2626 1232 2959 1305 presbyteris
3007 1246 3136 1284 vero
3173 1245 3292 1299 qua:
3335 1227 3403 1282 ad

1845 1331 2232 1391 sacerdotium,
2291 1330 2539 1383 diaconis
2598 1337 2778 1382 autem
2828 1342 2947 1396 quae
2988 1325 3054 1377 ad
3100 1322 3403 1377 ministeria

1844 1424 2091 1492 utrisque
2126 1420 2488 1491 impendenda
2510 1460 2524 1485 ,
2560 1428 2619 1472 ut
2644 1436 2763 1490 quae
2796 1418 2861 1471 ad
2904 1418 3110 1471 cultum
3142 1416 3233 1469 Dei
3282 1433 3407 1485 spe-

1845 1521 2017 1575 ctant,
2053 1529 2183 1583 pure
2214 1512 2575 1567 celebrentur.
2608 1510 2795 1580 Neque
2837 1510 2981 1564 enim
3020 1509 3250 1564 diacono
3280 1511 3407 1563 licet

1846 1605 2176 1660 sacrificium
2209 1605 2433 1669 oﬂerre,
2467 1612 2559 1657 aut
2587 1604 2898 1673 baptizare,
2940 1610 3033 1657 aut
3072 1603 3406 1657 bcnedictio~

1845 1714 1970 1752 nem
1999 1714 2093 1753 seu
2120 1713 2361 1767 parvam,
2398 1712 2493 1751 seu
2535 1712 2785 1765 magnam
2825 1695 3044 1757 facere;
3078 1711 3253 1764 neque
3284 1711 3407 1764 pre-

1847 1792 2103 1862 sbytero,
2134 1790 2507 1844 ordinationes
2550 1803 2842 1859 peragere;
2886 1786 3012 1856 quia
3052 1802 3265 1855 :equum
3296 1802 3406 1839 non

1845 1892 1950 1946 est,
1977 1882 2225 1937 ordinem
2250 1881 2442 1935 inverti
2477 1899 2489 1933 :
2526 1898 2544 1930 ι
2576 1878 2693 1933 Non
2724 1880 2870 1932 enim
2901 1886 2989 1932 est
3019 1876 3161 1931 Deus
3192 1877 3408 1932 dissen-

1846 1975 2019 2030 sionis
2036 1974 2118 2042 ⁸⁸;
2153 1992 2171 2024 ι
2208 1990 2276 2029 ne
2302 1972 2612 2036 inferiores,
2644 1988 2763 2041 qua:
2780 1978 2907 2025 sunt
2939 1972 3408 2041 superiorum,ty-

1845 2068 2070 2122 rannice
2092 2067 2196 2122 sibi
2225 2066 2523 2129 vindicent,
2556 2080 2751 2119 novam
2772 2065 2950 2135 legum
2974 2063 3215 2134 regulam
3243 2062 3408 2116 reﬁn-

1847 2167 2037 2228 gentes
2068 2160 2119 2213 in
2149 2159 2349 2211 malum
2387 2174 2567 2222 suum,
2598 2158 2910 2227 ignorantes
2944 2156 3140 2209 durum
3180 2172 3302 2210 esse
3329 2156 3404 2208 si—

1844 2250 1898 2305 bi
1934 2259 2123 2305 contra
2158 2251 2441 2305 stimulum
2461 2250 2749 2304 calcitrare
2771 2250 2833 2303 ".
2862 2248 2925 2302 Et
2947 2264 3074 2303 vero
3110 2249 3199 2302 isti
3233 2248 3408 2301 homi-

1845 2357 1943 2397 nes
1960 2359 2065 2397 non
2096 2350 2409 2413 oppugnant
2440 2358 2560 2402 nos.
2581 2349 2673 2395 aut
2690 2342 3010 2411 episcOpos;
3042 2339 3135 2395 sed
3158 2340 3403 2393 omnium

1844 2436 2156 2505 episcopum
2179 2475 2193 2499 ,
2232 2433 2519 2503 Patrisque
2550 2432 2857 2503 pontiﬁcem
2893 2432 3169 2485 Christum
3211 2429 3397 2485 Jcsum

1847 2524 2136 2580 Dominum
2162 2535 2429 2581 nostrum.
2464 2524 2742 2594 Siquidem
2774 2541 2867 2594 per
2901 2523 3101 2579 Mosem
3134 2522 3243 2576 Deo
3278 2523 3409 2576 cha-

1846 2618 2126 2672 rissimum
2164 2618 2448 2672 constituti
2478 2624 2605 2672 sunt
2645 2616 2931 2686 pontiﬁces
2951 2656 2965 2681 ,
3000 2616 3311 2670 sacerdotes
3342 2630 3408 2670 ac

1847 2709 2023 2765 levitas
2042 2711 2121 2778 ³⁸;
2158 2726 2188 2764 a
2232 2717 2421 2766 nostro
2470 2718 2649 2765 autem
2689 2710 2967 2765 Salvatore
3016 2724 3114 2763 nos
3148 2708 3406 2763 tredecim
3452 2776 3463 2783 7

1847 2802 2075 2873 apostoli
2101 2821 2115 2870 ;
2148 2803 2215 2857 ab
2243 2804 2503 2873 apostolis
2530 2819 2657 2858 vero
2685 2819 2783 2873 ego
2809 2802 3065 2864 Iacobus,
3088 2808 3141 2855 et
3163 2816 3262 2871 ego
3282 2799 3409 2854 Cle-

1848 2909 2001 2948 mens
2031 2902 2083 2949 et
2106 2895 2195 2947 alii
2230 2895 2516 2949 nobiscum
2540 2896 2620 2962 ³⁶;
2650 2912 2715 2951 ne
2743 2912 2932 2951 omnes
2977 2896 3169 2949 iterum
3213 2909 3404 2947 recen-

1849 3000 2065 3040 seamus
2085 3004 2099 3049 ;
2122 2988 2483 3041 communiter
2512 2999 2688 3041 autem
2721 2989 2789 3042 ab
2818 2988 3073 3042 omnibus
3099 2987 3256 3041 nobis
3280 3002 3408 3057 pre-

187 3077 469 3147 ἄνθρωπος
526 3077 591 3129 δι’
623 3076 786 3145 ἡμᾶς,
846 3076 939 3129 καὶ
982 3077 1078 3147 τὴν
1132 3078 1502 3149 πνευματικὴν
1557 3078 1744 3133 θυσίαν

1849 3076 2051 3147 sbyleri
2074 3118 2089 3141 ,
2120 3078 2333 3133 diaconi
2358 3120 2372 3145 ,
2406 3079 2724 3135 subdiaconi
2754 3087 2808 3133 et
2851 3081 3100 3135 lectores.
3120 3080 3163 3111 ⁸⁷
3191 3078 3408 3134 Primus

181 3168 501 3239 προσφέρων
518 3167 594 3238 τῷ
622 3168 737 3238 Θεῷ
758 3167 924 3220 αὐτοῦ
948 3168 1041 3221 καὶ
1061 3169 1253 3240 Πατρὶ,
1279 3171 1384 3241 πρὸ
1407 3169 1499 3222 τοῦ
1518 3171 1742 3237 πάθους,

180 3260 311 3329 ἡμῖν
351 3260 629 3324 διετάξατο
666 3260 845 3330 μόνοις
889 3260 1047 3313 τοῦτο
1080 3265 1279 3313 ποιεῖν·
1322 3263 1413 3315 καί
1458 3280 1538 3315 τοι
1579 3264 1747 3316 ὄντων

182 3352 281 3403 σὺν
312 3354 439 3422 ἡμῖν
470 3352 564 3404 καὶ
604 3352 803 3423 ἑτέρων
838 3352 944 3404 τῶν
979 3354 1060 3415 είς
1090 3352 1249 3405 αὑτὸν
1280 3334 1743 3407 πεπιστευκότων·

180 3444 295 3496 ἀλλ’
321 3445 381 3496 οὐ
410 3445 626 3507 πάντως
651 3446 681 3496 6
708 3443 1003 3507 πιστεύσας
1026 3444 1262 3516 (97),ῆδη
1288 3447 1378 3498 καὶ
1412 3448 1591 3517 ἱερεὺς
1617 3465 1747 3500 κατ-

180 3536 339 3606 έστη,
387 3535 419 3605 ἢ
479 3536 865 3606 ἀρχιερατικῆς
921 3534 1077 3600 ἀξίας
1134 3536 1310 3607 ἔτυχε.
1352 3536 1505 3590 Μετά
1555 3537 1610 3590 δὲ
1649 3538 1745 3609 τὴν

178 3629 442 3699 ἀνάληψιν
498 3626 681 3690 αὑτοῦ,
738 3628 897 3698 ἡμεῖς
950 3628 1404 3699 προσενεγκόντες
1459 3627 1601 3693 κατά
1646 3628 1746 3699 τὴν

186 3721 429 3785 διάταξιν
484 3720 647 3774 αὐτοῦ
697 3720 886 3773 θυσίαν
952 3720 1196 3791 καθαρὰν
1247 3720 1340 3773 καὶ
1391 3721 1743 3791 ἀναίμακτον,

177 3812 673 3884 προεχειρισάμεθα
745 3812 1093 3876 ἐπισκόπους,
1166 3814 1260 3866 καὶ
1321 3813 1743 3884 πρεσϐυτέρους,

178 3906 279 3958 καὶ
330 3904 604 3968 διακόνους
658 3902 796 3957 ἐπτά
845 3904 935 3957 τὸν
977 3904 1239 3975 ἀριθμόν’
1292 3896 1366 3958 ὧν
1409 3901 1487 3967 εἷς
1521 3899 1588 3974 ἦν
1616 3904 1745 3956 Στέ-

177 4015 351 4067 φανος
396 3997 503 4069 (98)
547 4000 577 4053 6
626 3996 891 4069 μακάριος
930 3998 1156 4069 μάρτυς,
1195 3998 1294 4052 οὐκ
1321 3997 1744 4067 ἀπολειπόμενος

254 4174 301 4204 ³⁸
338 4172 403 4225 lll
431 4170 565 4242 Reg.
599 4188 718 4246 mi.
915 4174 982 4205 ³¹⁶
1012 4174 1373 4246 πρεσϐυτέρῳ
1410 4174 1632 4246 rectius
1666 4174 1761 4241 legi

1847 4182 1961 4246 tur7
1995 4174 2078 4246 77”
2116 4174 2277 4228 lCor.
2309 4190 2418 4246 x7rv7.
2451 4176 2541 4230 53.

176 4258 385 4307 xxvm,
434 4258 585 4297 xxix.

1836 3179 2002 3250 igitur
2031 3187 2228 3232 natura
2256 3174 2497 3247 pontifex
2528 3174 2838 3243 umgenitus
2866 3173 3139 3233 Christus,
3162 3189 3267 3227 non
3302 3174 3404 3228 sibi

1838 3272 2107 3327 honorem
2137 3271 2337 3340 rapuit,
2373 3266 2464 3322 sed
2492 3284 2519 3319 a
2545 3266 2705 3319 Patre
2735 3266 3065 3319 constitutus
3094 3275 3175 3319 est
3200 3266 3243 3296 ³⁸
3275 3263 3288 3319 Ξ
3320 3266 3407 3321 ille

1837 3374 2058 3435 propter
2096 3378 2196 3417 nos
2236 3361 2411 3415 factus
2452 3360 2633 3421 homo,
2673 3366 2726 3411 et
2763 3357 3043 3425 spirituale
3081 3357 3407 3411 sacriﬁcium

1838 3457 2067 3511 offerens
2101 3454 2210 3508 Deo
2259 3468 2359 3507 suo
2403 3467 2467 3505 ac
2510 3449 2678 3513 Patri,
2729 3459 2852 3502 ante
2885 3449 3213 3518 passionem,
3250 3449 3408 3503 nobis

1839 3550 2125 3607 constituit
2154 3546 2307 3609 solis,
2339 3546 2451 3598 hoc
2465 3542 2643 3597 facere
2664 3542 2739 3605 ‘9;
2776 3542 2897 3595 licet
2922 3541 3201 3595 nobiscum
3225 3546 3411 3593 essent

1850 3634 1940 3686 alii
1991 3649 2205 3703 quoque
2253 3632 2345 3702 qui
2393 3632 2446 3685 in
2494 3647 2618 3686 eum
2655 3630 3043 3685 crediderant:
3082 3646 3267 3683 verum
3297 3643 3406 3683 non

1847 3726 2029 3779 statim
2058 3741 2119 3779 ac
2154 3724 2353 3793 aliquis
2382 3724 2645 3786 credidit,
2670 3723 2781 3792 jam
2815 3731 2867 3777 et
2898 3720 3157 3776 sacerdos
3198 3722 3405 3775 consti-

1851 3825 2001 3870 tutus
2022 3816 2144 3878 fuit,
2191 3824 2283 3869 aut
2345 3816 2666 3886 dignitatem
2728 3814 3092 3883 pontiﬁcalem
3142 3813 3403 3867 obtinuit.

1847 3906 1976 3962 Post
2007 3908 2151 3962 illius
2192 3923 2319 3962 vero
2355 3907 2803 3976 assumptionem,
2842 3921 2941 3959 nos
2975 3907 3127 3974 juxta
3163 3906 3404 3974 ejusdem

1850 4000 2297 4055 constitutionem
2352 3999 2641 4057 oﬂerentes
2677 3997 3006 4053 sacriﬁcium
3047 3998 3305 4052 mundum
3343 4012 3407 4051 ac

2632 4176 2678 4207 ”
2716 4176 2831 4231 Act.
2866 4193 2945 4238 rx,
3008 4176 3060 4230 ὅ.
3163 4177 3205 4207 ³⁸
3236 4176 3405 4230 Exod.

676 4243 721 4274 ⁸⁸
757 4244 793 4296 l.
827 4244 921 4297 lib.
950 4228 1126 4309 vu,'c.
1158 4244 1250 4299 46.
1290 4228 1300 4245 ’
1334 4228 1375 4275 ⁵⁷
1417 4244 1587 4314 lgnat.
1621 4228 1761 4298 inteur

1847 4272 1872 4299 ι.
1899 4243 1964 4297 ad
1994 4243 2171 4315 Magn.
2198 4246 2251 4310 '5;
2284 4245 2349 4299 ad
2530 4246 2582 4300 9.
2659 4247 2703 4278 ⁸⁸
3016 4228 3080 4277 '3”
3112 4246 3241 4301 Luc.
3275 4228 3405 4301 Xalt.

1450 4356 1805 4412 VARIORUM
1855 4354 2087 4415 ΝΟΤιΕ.

255 4482 374 4603 (θέ
416 4483 780 4553 Ἐνεᾴιαμεν.
816 4483 1037 4538 Auctior
1083 4492 1167 4538 est
1199 4482 1339 4537 idem
1389 4485 1561 4548 liber,
1617 4500 1746 4539 voce

174 4569 301 4623 πρε
358 4556 468 4623 εἶα.
500 4553 636 4607 Cor.
768 4622 777 4623 7
1245 4621 1281 4623 ῃ
1340 4622 1349 4623 7
1594 4622 1599 4623 7
1696 4622 1707 4623 7

1852 4484 1919 4536 ab
1958 4492 2180 4537 auctore
2210 4483 2481 4537 sermonis
2515 4481 2589 4535 De
2608 4498 2714 4535 uno
2749 4479 3069 4547 legislatore.
3102 4486 3231 4531 tom.
3256 4476 3319 4529 Vl
3350 4479 3406 4535 Β,

1854 4554 2262 4623 Chrysostomi;
2296 4553 2387 4607 sed
2419 4568 2514 4621 per
2534 4567 2776 4623 carnem,
2810 4558 2866 4601 ut
2894 4551 2967 4600 ait
2992 4549 3130 4623 idem
3154 4552 3405 4623 scriptor,

257 4621 374 4692 (95)
410 4625 472 4676 Οί
520 4622 817 4690 δεκατρεῖς
846 4623 1191 4676 ἀπόστολοι.
1244 4621 1442 4677 Eodem
1483 4622 1642 4677 modo
1687 4622 1744 4678 S.

174 4692 512 4746 Ambrosius
545 4693 699 4746 initio
744 4693 868 4748 libri
920 4693 991 4745 De
1033 4692 1473 4747 benedictionibus
1514 4694 1748 4761 patriar-

175 4761 428 4833 charum,
455 4761 945 4833 Paululnappellat
974 4764 1194 4833 tertium
1229 4762 1496 4816 decimum
1520 4772 1745 4833 aposto-

177 4832 324 4885 lum.
356 4832 428 4902 ᾼο
451 4831 797 4902 quibusdam
822 4872 836 4895 ,
867 4832 1008 4901 apud
1040 4831 1422 4902 Hieronymum
1467 4832 1533 4884 ad
1561 4831 1747 4902 ’caput

174 4915 304 4971 3v"
358 4900 510 4971 Isaia:
536 4941 552 4964 ,
582 4904 777 4956 tertius
805 4900 1052 4957 decimus
1087 4900 1364 4971 apostolus
1399 4910 1482 4955 est
1509 4900 1746 4957 Jacobus

175 4969 624 5053 fraterpoulini.
655 4972 901 5053 decimus
930 4969 1157 5053 quartus
1188 4971 1561 5053 Paultisaqua
1592 4973 1658 5053 de
1692 4988 1750 5053 re

174 5039 458 5112 videndus
500 5040 795 5111 Procopius
834 5041 901 5095 ad
944 5039 1084 5112 idem
1117 5051 1298 5110 caput.
1337 5039 1489 5096 Mitto
1514 5043 1655 5112 quod
1691 5042 1749 5097 S.

172 5108 429 5166 Basilius
470 5112 643 5183 elogio
676 5108 1138 5183 τρισκαιδεκάτου
1159 5108 1455 5165 ἀποστόλου
1480 5108 1754 5167 invenitur

172 5186 443 5249 ornatus.
472 5182 691 5249 aliique.
730 5182 803 5236 ω.

1854 4554 2262 4624 Chrysostnmi;
2296 4553 2387 4607 sed
2419 4568 2514 4621 per
2534 4567 2776 4624 carnem,
2810 4558 2866 4601 ut
2894 4551 2967 4600 ait
2992 4549 3130 4624 idem
3154 4552 3405 4624 scriptor,

1855 4617 2073 4678 secutus
2097 4623 2154 4677 S.
2186 4617 2540 4678 Athanasium
2572 4622 2626 4675 in
2656 4620 2860 4683 majore
2897 4619 3142 4670 oratione
3182 4617 3252 4669 De
3282 4619 3405 4685 fide,

1853 4695 1993 4766 apud
2010 4693 2418 4766 Theodoritum,
2438 4693 2649 4761 dialogo
2663 4691 2717 4744 2.
2740 4689 2855 4742 Dixi
2875 4688 3403 4766 proprie‘loqucmlo;

1854 4756 2000 4831 quia,
2032 4763 2194 4817 latius
2234 4772 2514 4832 acceptqu
2540 4756 2733 4832 nomen
2776 4756 3066 4832 pontiﬁcis.
3098 4756 3277 4832 Verbo
3314 4756 3405 4810 Dei

1854 4828 1961 4887 non
1986 4835 2147 4902 impie
2161 4828 2511 4893 tribueretur,
2530 4831 2814 4902 etChristo
2844 4828 3403 4902 nondunlincarnato,

1856 4913 1916 4957 ut
1944 4895 2331 4957 charismatum
2359 4911 2706 4971 paternorum
2728 4938 2743 4962 ,
2768 4899 3033 4971 donorum
3067 4895 3156 4971 Dei
3190 4897 3406 4950 univcr—

1855 4974 1956 5028 sali
1991 4966 2720 5027 distributori:Catholicam
2762 4968 2943 5021 Patris
2966 4966 3285 5020 sacerdotem
3310 4981 3406 5035 ap-

1854 5044 2018 5111 pellat
2046 5042 2412 5111 Tertullianus
2442 5041 2659 5095 rvcitati
2688 5039 2881 5110 Operis
2903 5038 2993 5111 lib.
3020 5052 3139 5111 cap.
3164 5035 3405 5111 9.__Ce_rte

1855 5105 2089 5183 Cyrillus
2123 5110 2668 5183 Hierosolyuiitanus,
2706 5105 3039 5183 iucatechesi
3197 5105 3401 5183 Christi

1858 5175 2219 5236 sacerdotium
2240 5182 2351 5233 vult
2366 5175 2484 5233 esse
2501 5191 2783 5238 aeternum.
2799 5180 3002 5248 absque
3020 5178 3173 5229 initio
3191 5191 3251 5228 ac
3277 5175 3400 5248 ﬁne.

255 5248 381 5320 (96)
419 5249 495 5318 Τῇ
526 5246 705 5321 φύσει
736 5248 1360 5321 ἁρχιερεύςιῐῖοιηίηθε
1388 5251 1559 5321 gratia
1588 5251 1681 5307 Dei
1702 5259 1757 5307 ct

1858 5252 1916 5306 In
1944 5252 2220 5305 Anastasii
2251 5250 2593 5305 Collectaneis
2616 5266 2668 5319 ρ.
2692 5249 2826 5302 ηδε
2853 5246 3017 5321 Uriius
3045 5258 3236 5298 natura
3267 5246 3402 5316 regis

172 5317 492 5387 adoptione
521 5317 1026 5388 pontiﬁcesﬁunt:
1058 5317 1312 5375 Christus
1356 5317 1534 5374 autem
1568 5338 1755 5377 vocari

171 5397 375 5458 potest
404 5400 597 5460 natura
630 5390 889 5460 pontifex,
911 5391 1015 5443 hoc
1038 5398 1121 5444 est
1141 5391 1752 5460 proprietateacaucto-

168 5462 377 5521 ritate,
405 5459 558 5527 juxta
589 5459 717 5513 illud
745 5459 1061 5514 Tertulliani
1082 5459 1404 5513 iv’adversus
1428 5459 1483 5513 Μ
1488 5462 1749 5516 arcionem

168 5530 252 5583 55
274 5549 287 5582 :
308 5530 651 5582 Aulhenticus
675 5530 1015 5598 pontifeasDei
1039 5529 1242 5588 Patris.
1268 5531 1496 5591 etlib.v,
1524 5546 1642 5599 cap.
1673 5535 1704 5585 9
1734 5552 1746 5586 :

166 5599 437 5652 Christus
448 5601 685 5667 proprius
698 5611 745 5653 et
768 5600 1026 5669 legitimus
1042 5599 1135 5653 Dei
1147 5601 1384 5659 antistes,
1406 5616 1511 5653 non
1529 5602 1747 5669 quidem

249 5684 281 5721 r
301 5669 670 5739 divinitatem,
694 5671 910 5738 preprie
922 5670 1191 5738 loquendo
1216 5688 1229 5723 :
1261 5671 1403 5739 quod
1421 5671 1669 5725 Arianice
1683 5673 1750 5725 ab

194 5738 427 5793 Eusebio
453 5746 573 5807 post
608 5737 889 5810 Origenem
913 5737 1198 5805 asseritur,
1220 5737 1496 5795 catholico
1518 5749 1743 5810 negatur

1862 5334 2166 5377 cunctorum
2228 5321 2356 5383 Dei,
2390 5332 2580 5374 natura
2619 5318 2790 5373 etiam
2822 5320 2881 5373 ob
2914 5318 3137 5371 salutem
3167 5326 3401 5383 nostram

1849 5394 2113 5461 pontiﬁcis
2165 5392 2314 5461 facti,
2346 5382 2480 5444 imus
2522 5400 2634 5461 erat
2660 5401 2824 5461 7lyp7as
2866 5386 3257 5461 Melchisedech.
3322 5382 3399 5461 In.

1923 5453 2037 5548 (97:2
2080 5465 2139 5515 Ὀ
2165 5453 2515 5526 πιστεύσας.
2560 5453 2915 5514 Οοι1.”νίηά.
2969 5458 3075 5518 πᾶς
3114 5459 3141 5509 6
3180 5453 3401 5507 πιστεύ-

1853 5538 2388 5671 σαῗθὲῗὲῗέφανος,
2422 5600 2677 5655 Scholion
2708 5597 3078 5671 hicadrlitur:
3102 5595 3269 5648 Ποίαν
3274 5594 3403 5671 fu}.

1851 5662 2033 5725 κονίαν
2062 5662 2205 5793 λέγει
2232 5662 2631 5741 ἐγχειρισθῆναι
2676 5670 2766 5723 τὸν
2795 5668 2947 5736 ἆγιον
2987 5666 3239 5737 μάρτυρα
3274 5662 3401 5717 Στέ-

1851 5760 2028 5795 φανον.
2085 5759 2137 5795 D.

1850 5760 2028 5811 φανόν.
2066 5760 2137 5797 ιι).
