4030 6338
495 200 632 256 H59

1645 308 1791 363 Idem
1817 307 2101 372 Essemus,
2137 309 2236 363 lib.
2269 324 2353 370 Ill,
2382 324 2484 379 cap
2507 309 2599 364 58.

1677 400 1814 472 Ἤδη
1847 400 1903 453 δὲ
1943 400 2034 453 καὶ
2070 399 2234 471 ἕτερα
2266 400 2510 472 πολυεπῆ
2548 400 2643 453 καὶ

1606 492 1795 564 μακρὰ
1832 492 2268 564 συγγράμματα,
2299 493 2375 557 ὡς
2411 493 2505 545 τοῦ
2538 493 2638 545 αὑ-

1600 585 1717 647 τοῦ,
1738 585 1864 655 χθὲς
1895 586 1987 637 καὶ
2014 584 2204 656 πρώην
2225 584 2370 648 τινὲς
2396 586 2641 656 προήγα-

1598 695 1715 748 γον,
1746 679 1950 749 Πέτρου
1976 678 2039 750 δὴ
2065 680 2159 732 καὶ
2174 674 2433 740 Ἀπίωνος
2466 677 2644 731 διαλόο

558 407 790 475 Quidam
825 421 989 477 porro
1030 405 1135 461 alia
1166 405 1328 458 etiam
1364 418 1529 474 opera

491 500 703 571 prolixa
752 506 806 553 et
852 499 1074 568 copiosa
1125 496 1228 552 sub
1256 495 1378 566 ejus
1426 510 1530 551 no-

492 592 638 646 mine
667 590 779 645 heri
811 604 876 645 ac
911 588 1306 644 nudiustertius
1345 588 1399 642 in
1448 589 1531 644 lu-

492 694 609 735 cem
669 679 1051 749 protulerunt:
1106 685 1235 748 puta
1283 676 1426 730 Petri
1473 685 1528 733 et

493 770 721 840 Apionis
786 768 1236 840 disputationes;
1275 775 1525 837 quorum

494 861 637 931 apud
683 860 939 930 antiquos
987 859 1135 913 nulla
1183 859 1406 913 omnino
1435 873 1530 913 ex-

494 960 603 1009 stat
640 954 863 1008 mentio.
894 952 1079 1022 Neque
1120 952 1266 1007 enim
1316 951 1529 1005 sincera

493 1051 657 1099 recta:
709 1043 833 1097 ﬁdei
883 1043 951 1097 ab
1005 1042 1266 1112 apostolis
1319 1040 1530 1095 tradita:

493 1139 622 1188 nota
667 1132 719 1186 in
766 1132 875 1188 illis
928 1146 1186 1201 expressa
1234 1132 1523 1202 reperitur.

494 1222 628 1293 Lege
664 1221 883 1277 Maximi
926 1222 1215 1294 Prologum
1254 1222 1309 1275 in
1354 1220 1527 1292 Opera

496 1313 761 1385 Dionysii.
883 1307 905 1310 Ἀ

1600 786 1730 838 γους
1793 767 2115 840 περιέχοντα
2130 784 2143 797 ο

1600 1134 1943 1208 χαρακτῆρα.

1307 195 1366 253 S.
1399 195 1794 252 CLEMENTIS
1825 196 1845 251 I
1878 196 2045 253 ROM.
2082 196 2286 253 PONT.
2321 196 2549 253 OPERA
2585 196 2809 253 DUBIA.

1606 862 1789 932 μνήμη
1826 877 1908 923 τις
1939 858 2091 931 παρὰ
2122 861 2235 922 τοῖς
2270 858 2517 923 παλαιοῖς
2546 857 2641 928 φέ-

1606 968 1775 1024 ρεται.
1809 950 1944 1004 Οὐδὲ
1965 950 2072 1022 γὰρ
2105 949 2343 1022 καθαρὸν
2374 950 2473 1021 τῆς
2499 951 2638 1003 ἀπο-

1603 1043 1852 1114 πολικῆς
1894 1042 2202 1115 ὀρθοδοξιας
2239 1041 2511 1108 ἀποσώζει
2548 1042 2639 1097 τὸν

3583 209 3739 265 116οε

2942 309 3020 365 Ea:
3044 311 3258 383 interpr.
3292 312 3487 385 Ruﬁni.

2786 400 2893 458 Sed
2925 411 2980 458 et
3010 406 3112 459 alia
3159 405 3280 475 ejus
3325 408 3573 476 opuscula
3614 427 3706 467 non

2711 496 2935 550 minima
2972 511 2999 548 a
3030 498 3307 552 nonnullis
3336 499 3514 561 haberi
3553 504 3709 571 pel-hi-

2711 585 2942 653 bentur;
2971 588 3119 641 velut
3142 587 3289 642 Petri
3307 600 3359 643 et
3380 591 3594 660 Apionis
3613 594 3710 649 dis-

2718 677 2958 749 putatio;
3013 694 3131 748 qua:
3163 680 3218 732 in
3266 695 3367 733 usu
3410 682 3709 754 aveteribus

2716 769 2900 823 habita
2948 770 3169 824 minime
3226 772 3552 840 reperimus;
3602 776 3708 844 quia

2712 878 2812 918 nec
2841 878 2974 933 pura
3016 863 3070 917 in
3097 863 3177 918 eis
3202 872 3257 917 et
3282 865 3581 935 incorrupta
3601 881 3710 937 ap0«

2712 954 2917 1009 stolica:
2961 953 3083 1009 ﬁdei
3124 954 3311 1023 regula
3361 955 3611 1009 mansisse
3632 954 3710 1010 de-

2712 1046 3088 1116 prehenditur.
3121 1045 3254 1116 Lege
3278 1044 3496 1116 Niceph.
3530 1046 3613 1102 lib.
3637 1063 3707 1114 ill,

2710 1153 2832 1208 cap.
2864 1138 2953 1193 18.

2198 760 2273 821 ὧν
2328 767 2445 821 οὐδ’
2506 767 2642 830 ὅλως

496 1430 575 1487 De
625 1430 1019 1511 Disputatione_
1034 1431 1179 1511 Petri
1225 1440 1292 1511 et
1326 1430 1724 1511 Apion-imgine
1749 1428 1966 1511 yid-etin
1995 1428 2160 1503 fuisse
2298 1442 2423 1511 pars
2453 1425 2539 1511 τις]
2589 1421 2849 1511 appendix
2897 1420 3179 1511 Clementis
3216 1414 3638 1506 Ilecognitionum
3664 1431 3705 1474 ει

992 1502 1224 1555 Actuum
1258 1496 1398 1556 Petri
1426 1501 1540 1555 cide
1569 1496 1714 1570 infra
1742 1502 1795 1553 in
1818 1496 2169 1570 Hieronymo,

2201 1498 2395 1552 Photio
2419 1504 2471 1552 et
2490 1496 2731 1552 Ilonorio
2760 1494 3264 1566 Augustodunensi.

2078 1720 2172 1775 III.

1448 1879 1507 1936 S.
1542 1879 1914 1943 Arnasasms,
1944 1876 1999 1931 in
2028 1875 2259 1947 Sgnopsi
2286 1891 2458 1930 sacra:
2486 1874 2801 1943 Scriptum.

569 2018 768 2073 Iterum
798 2016 924 2073 libri
955 2015 1089 2071 Novi
1128 2015 1464 2071 'I‘cstamenti
1494 2017 1697 2087 quibus
1729 2015 2063 2071 contradici-
2093 2019 2141 2076 Α

496 2118 608 2177 tur,
636 2118 763 2165 sunt
794 2129 806 2165 :
842 2108 1121 2167 Circuitus
1148 2108 1332 2173 Petri,
1366 2118 1474 2164 etc.
1510 2108 1586 2163 Ex
1614 2108 1816 2179 quibus
1851 2109 2067 2163 veriora

494 2212 551 2259 et
588 2217 618 2256 a
662 2202 772 2258 Deo
815 2201 1108 2271 inspirata,
1143 2201 1315 2255 electa
1344 2206 1472 2255 sunt
1517 2215 1582 2254 ac
1620 2200 1909 2255 translata.
1944 2197 2068 2255 Ilazc

497 2302 624 2351 sunt
650 2309 770 2366 qua:
798 2293 1069 2365 leguntur,
1094 2301 1201 2349 etc.

2237 2012 2348 2084 Τῆς
2394 2012 2540 2076 Νέας
2582 2012 2744 2066 πάλιν
2791 2012 3066 2083 Διαθήκης
3117 2008 3505 2081 ἀντιλεγόμενα
3543 2009 3683 2064 ταῦτα

2173 2104 2415 2177 Περίοδοι
2452 2104 2681 2176 Πέτρου,
2712 2113 2817 2160 etc.
2867 2104 2955 2171 Ἐξ
2985 2099 3059 2158 ὧν
3098 2102 3543 2175 μετεφράσθησαν
3583 2103 3704 2155 ἐκλεο

2176 2198 2341 2267 γέντα
2365 2196 2432 2249 τὰ
2464 2196 2797 2271 ἀληθέστερα
2824 2197 2918 2256 καὶ
2936 2196 3298 2251 θεόπνευστα.
3319 2195 3496 2247 Ταῦτα
3513 2195 3572 2247 τὰ
3595 2195 3701 2247 ἀνα·

2175 2289 2568 2359 γινωσκόμενα,
2602 2297 2708 2345 etc.

2081 2489 2171 2547 IV.

1350 2649 1409 2706 S.
1444 2646 1787 2713 EPIPIIANIUS,
1812 2648 2000 2703 lawresi
2028 2664 2156 2715 xxx,

562 2792 806 2852 Utuntur
833 2796 1011 2844 autem
1047 2794 1102 2842 et
1141 2787 1263 2842 aliis
1290 2783 1619 2856 quibusdam
1654 2783 1834 2847 libris,
1872 2797 2067 2851 nempe

500 2887 570 2942 iis
605 2885 698 2957 qui
730 2890 994 2937 vocantur
1035 2879 1312 2935 Circuitus
1353 2878 1522 2943 Petri,
1555 2893 1584 2931 a
1613 2877 1890 2932 Clemente
1936 2889 2071 2929 conn

499 2977 688 3047 scripti
724 2995 736 3030 :
776 2984 939 3044 atque
966 2986 1029 3028 ca
1078 2971 1294 3042 quidem
1327 2986 1448 3042 qua:
1487 2970 1541 3024 in
1581 2970 1689 3024 illis
1718 2968 2071 3023 continentur

498 3071 884 3136 corruperunt,
911 3077 1081 3132 pauca
1113 3068 1293 3115 autem
1318 3075 1444 3115 vera
1467 3059 1807 3128 reliquerunt
1841 3076 1854 3111 :
1879 3071 2061 3126 quem-

500 3157 791 3213 admodum
825 3170 922 3210 cos
965 3154 1081 3223 ipse
1115 3152 1368 3206 Clemens
1395 3151 1648 3205 omnibus
1677 3147 1854 3203 modis
1882 3146 2069 3201 νεύει-οι

500 3250 635 3322 guit,
666 3263 763 3320 per
784 3246 1045 3317 epistolas
1072 3243 1369 3299 circulares
1398 3257 1540 3313 qua,
1565 3242 1633 3295 ab
1661 3256 1727 3296 eo
1755 3239 1991 3309 scriptae,
2013 3238 2068 3293 in

500 3342 709 3400 sanctis
740 3340 989 3395 ecclesiis
1016 3339 1290 3408 leguntur.
1327 3335 1463 3402 Quia
1489 3334 1654 3388 alium
1695 3333 1858 3387 habet
1880 3331 2075 3386 chara-
2105 3337 2147 3392 Β

500 3444 704 3490 cterem
730 3432 862 3488 ﬁdes
893 3431 1040 3486 illius
1068 3445 1132 3484 ac
1161 3427 1359 3489 oratio,
1382 3428 1451 3481 ab
1484 3427 1552 3481 iis
1582 3442 1703 3495 quae
1732 3424 1834 3480 sub
1852 3425 2072 3479 nomine

499 3527 621 3596 ejus
652 3526 742 3581 isti
764 3525 819 3579 in
850 3523 1183 3579 Circuitibus
1212 3525 1641 3591 supposuerunt.
1679 3515 1773 3571 Ille
1803 3517 1947 3571 enim
1969 3516 2075 3569 vir-

502 3620 783 3688 ginitatem
806 3618 997 3681 docet;
1025 3623 1080 3668 at
1112 3615 1203 3669 isti
1234 3612 1548 3683 repudiant.
1572 3609 1665 3664 Ille
1688 3608 1883 3672 Eliam,
1921 3607 2074 3662 Davi-

501 3712 646 3775 dem,
673 3709 1029 3779 Sampsonem
1061 3722 1357 3776 omnesque
1382 3703 1678 3775 prOphetas
1704 3700 2071 3765 commendat;

502 3817 642 3872 quos
672 3802 763 3856 isti
795 3801 1162 3855 detestantur.
1194 3796 1383 3868 Itaque
1419 3797 1473 3850 in
1517 3794 1853 3849 Circuitibus
1891 3794 2073 3848 omnia

504 3894 572 3948 ad
604 3909 762 3949 suum
794 3893 1102 3947 institutum
1151 3888 1633 3944 accommodarunt
1657 3924 1674 3947 .
1715 3901 1779 3940 ac
1808 3885 1875 3941 de
1914 3884 2076 3939 Petro

503 3985 675 4038 multa
700 3981 982 4037 mendacia
1004 3979 1388 4035 conﬁnxerunt
1420 3996 1434 4033 :
1468 3975 1624 4046 quasi
1650 3976 1698 4031 is
1719 3974 1963 4046 quotidie
1983 3989 2077 4028 ca-

504 4072 776 4128 stimonia:
808 4086 974 4126 causa
1005 4069 1230 4133 laverit,
1267 4068 1409 4123 sicut
1437 4076 1491 4120 et
1521 4066 1610 4121 isti
1648 4064 1875 4120 faciunt.
1911 4064 2076 4119 Eum-

506 4164 630 4220 dem
661 4163 826 4218 etiam
861 4162 1017 4217 aiunt
1050 4160 1384 4215 abstinuisse
1413 4159 1482 4212 ab
1513 4158 1768 4211 animatis
1798 4164 1852 4212 et
1894 4157 2078 4211 carni-

504 4258 630 4320 bus,
658 4263 719 4309 ut
743 4256 844 4326 ipsi
876 4254 1072 4318 solent;
1104 4258 1157 4307 et
1198 4252 1267 4306 ab
1296 4251 1443 4305 omni
1472 4251 1580 4303 alio
1612 4249 1737 4303 cibo
1779 4248 1871 4318 qui
1911 4263 2078 4304 carne

501 4354 752 4412 constet;
779 4344 1225 4417 quandoquidem
1252 4351 1306 4399 et
1346 4345 1462 4414 ipse
1497 4342 1668 4396 Ebion
1689 4382 1704 4405 ,
1733 4352 1785 4396 et
1816 4340 2078 4397 Ebionita:

506 4448 734 4504 omnino
762 4448 831 4502 ab
855 4448 923 4503 iis
944 4448 1239 4503 abstinent.
1263 4442 1396 4516 Lege
1415 4443 1698 4515 Recognit.
1721 4444 1815 4498 lib.
1847 4457 1922 4506 ιν,
1953 4456 2074 4511 cap.

506 4542 574 4605 5;
601 4542 695 4597 lib.
715 4559 769 4607 ν,
799 4556 921 4613 cap.
945 4538 1055 4607 56;
1088 4539 1182 4594 lib.
1216 4555 1312 4606 vn,
1345 4553 1468 4609 cap.
1495 4536 1550 4605 6,
1576 4545 1630 4592 ct
1669 4536 1765 4592 lib.
1797 4553 1920 4600 Vill,
1952 4551 2077 4606 cap.

509 4633 535 4686 1
578 4640 632 4687 et
659 4631 715 4687 2.

2102 4737 2165 4795 ι’.

2188 2646 2585 2713 Εὺὶοηωογωη,
2616 2664 2769 2705 num.
2803 2650 2885 2705 l5.

2241 2781 2493 2855 Χρῶνται
2516 2783 2573 2837 δὲ
2602 2781 2695 2837 καὶ
2724 2784 2911 2848 ἄλλαις
2936 2784 3046 2839 τισὶ
3072 2784 3297 2855 βίϐλοις,
3322 2786 3474 2858 δῆοεν
3489 2786 3590 2848 ταῖς
3610 2782 3693 2836 Πε-

2174 2873 2367 2945 ριόδοις
2398 2874 2758 2945 καλουμέναις
2773 2877 3001 2948 Πέτρου,
3022 2880 3141 2941 ταῖς
3166 2878 3259 2931 διὰ
3282 2877 3573 2948 Κλήμεντος
3593 2892 3696 2946 γρα-

2174 2965 2389 3035 φείσαις
2411 2980 2424 2994 ⁸
2450 2966 2798 3030 νοθεύσαντες
2822 2969 2921 3039 μὲν
2949 2969 3017 3022 τὰ
3036 2971 3093 3022 ἐν
3120 2971 3334 3034 αὐταῖς,
3365 2969 3509 3038 ὀλίγα
3532 2970 3579 3022 δὲ
3596 2969 3699 3037 ἀλη-

2171 3058 2296 3114 θινὰ
2324 3060 2611 3123 ἐάσαντεςο
2643 3060 2718 3124 ὡς
2746 3062 2906 3125 αὐτὸς
2926 3062 3155 3135 Κλήμης
3175 3063 3377 3127 αὐτοὺς
3408 3063 3536 3116 κατὰ
3558 3062 3697 3115 πάντα

2176 3153 2409 3225 ἑλέγχει,
2443 3154 2519 3222 ἀφ
2538 3155 2551 3175 ’
2583 3146 2658 3205 ὧν
2687 3154 2922 3225 ἔγραψεν
2967 3156 3299 3209 Ἐπιστολῶν
3329 3154 3599 3224 ἐγκυκλίων
3616 3151 3699 3204 τῶν

2175 3248 2234 3300 ἐν
2263 3248 2383 3309 ταῖς
2416 3246 2595 3315 ἁγίαις
2625 3246 2938 3318 ἐκκλησίαις
2966 3246 3507 3319 ἀναγινωιγκομενων⁹
3536 3242 3698 3299 6:151-

2174 3337 2264 3392 λον
2313 3338 2425 3409 ἔχει
2463 3339 2781 3410 χαρακτῆρα
2826 3341 2859 3410 ἡ
2901 3339 3092 3393 ἑαυτοῦ
3135 3340 3322 3403 πίστις
3372 3337 3460 3392 καὶ
3499 3341 3524 3391 ὁ
3559 3338 3696 3404 λόγος,

2174 3430 2328 3501 παρὰ
2353 3430 2420 3483 τὰ
2447 3429 2551 3483 ὑπὸ
2582 3428 2789 3484 τούτων
2822 3434 2901 3495 εἰς
2930 3432 3099 3503 ὄνομα
3131 3433 3302 3486 αὐτοῦ
3332 3433 3387 3486 ἐν
3416 3434 3523 3493 ταῖς
3544 3428 3698 3501 Περιό-

2172 3523 2284 3587 δοις
2315 3522 2690 3594 νενοθευμένα.
2722 3524 2894 3587 Αὐτὸς
2927 3524 3035 3596 γὰρ
3053 3524 3356 3596 παρθενίαν
3371 3522 3604 3579 διδάσκει,
3627 3518 3699 3572 καὶ

2174 3615 2327 3668 αὐτοὶ
2358 3616 2418 3668 οὐ
2448 3616 2891 3685 δέχονται.Αὺτὸς
2923 3616 3030 3689 γὰρ
3060 3615 3398 3687 ἐγκωμιάζει
3428 3614 3607 3673 Ἠλίαν,
3628 3610 3699 3663 καὶ

2175 3706 2358 3770 Δαϐὶδ,
2398 3708 2493 3761 καὶ
2522 3706 2784 3779 Σαμψὼν,
2813 3707 2908 3760 καὶ⁵
2942 3708 3147 3771 πάντας
3174 3712 3307 3773 τοὺς
3329 3708 3603 3779 προφήτας,
3628 3700 3700 3762 οὓς

2175 3790 2320 3852 οὗτοι
2351 3798 2737 3869 βδελύττονται.
2782 3800 2870 3853 Ἐν
2897 3802 3016 3864 ταῖς
3044 3797 3134 3853 οὖν
3152 3800 3429 3873 Περιόδοις
3461 3797 3516 3849 τὸ
3538 3797 3626 3848 πᾶν
3639 3794 3700 3853 εἰς

2177 3892 2405 3956 ἑαυτοὺς
2456 3894 2814 3965 μετήνεγκαν,
2854 3893 3330 3963 καταψευσάμενοι
3377 3892 3562 3961 Πέτρου
3590 3884 3700 3940 κατὰ

2177 3982 2405 4048 πολλοὺς
2437 3983 2673 4057 τρόπους
2695 4002 2708 4015 ·
2744 3985 2821 4048 ὼς
2848 3984 3013 4038 αὐτοῦ
3062 3985 3166 4039 καθ
3186 3988 3199 4005 ’
3237 3984 3444 4057 ἡμέραν
3489 3976 3697 4051 βαπτιζο’

2181 4079 2342 4151 μένου
2374 4077 2640 4149 ἁγνισμοῦ
2668 4077 2882 4140 ἕνεκεν,
2919 4077 3170 4148 καθάπερ
3209 4079 3308 4131 καὶ
3341 4070 3494 4130 οὗτοι.
3536 4064 3699 4139 Ἑμψύ-

2178 4191 2288 4245 χων
2313 4190 2372 4225 τε
2400 4171 2490 4226 τὸν
2517 4170 2677 4224 αὐτὸν
2698 4169 2997 4240 ἀπέχεσθαι
3016 4171 3112 4224 καὶ
3132 4170 3332 4241 κρεῶν,
3360 4170 3431 4231 ὡς
3451 4167 3534 4219 καὶ
3561 4155 3694 4220 οὗτοι,

2179 4264 2274 4320 κάἳ
2304 4264 2485 4337 πάσης
2515 4263 2679 4334 ἄλλης
2704 4262 2902 4333 ἐδωδῆς
2932 4263 3030 4334 τῆς
3057 4262 3164 4314 ἀπὸ
3209 4261 3423 4335 σαρκῶν
3448 4251 3694 4323 πεποιημέο

2178 4375 2277 4429 νης
2301 4356 2567 4426 λέγουσιν,
2590 4355 2883 4427 ἐπειδήπερ
2911 4355 3003 4408 καὶ
3034 4354 3196 4416 αὐτὸς
3219 4354 3404 4407 Ἐϐίων
3431 4350 3516 4404 καὶ
3547 4345 3699 4399 Ἐϐιωο

2181 4454 2320 4505 νῖται
2347 4448 2623 4512 παντελῶς
2656 4447 2947 4520 ἀπέχονται
2975 4447 3194 4501 τούτων.

1516 4881 1575 4938 S.
1616 4878 1985 4947 Hisaonruus,
2023 4878 2102 4934 De
2130 4878 2231 4935 vir.
2262 4876 2487 4947 illustr.,
2510 4894 2632 4951 cap.
2668 4879 2721 4936 1.

582 5092 730 5151 Libri
761 5098 963 5159 autem,
999 5105 1030 5145 e
1049 5088 1250 5160 quibus
1275 5104 1417 5145 unus
1445 5087 1704 5142 Actorum
1736 5088 1857 5157 ejus
1885 5086 2079 5158 (Petri)
2111 5004 2155 5062 Ο

514 5188 854 5251 inscribitur,
884 5185 1024 5239 alius
1054 5183 1364 5255 Evangelii,
1395 5183 1587 5238 tertius
1628 5180 2042 5236 Pmdicationis
2061 5223 2075 5245 ,

512 5288 743 5349 quartus
776 5276 1206 5349 Apocalypseos,
1244 5274 1470 5345 quintus
1504 5271 1738 5335 Judicii,
1772 5273 1916 5326 inter
1957 5286 2083 5341 apo-

514 5370 749 5442 cryphas
768 5367 1071 5438 scripturas
1097 5372 1419 5437 reputantur
1450 5364 1553 5435 (5).
1585 5362 1718 5433 Lege
1740 5361 2076 5428 Frecullum,

515 5471 644 5518 tom.
711 5469 776 5527 ll,
821 5462 919 5518 lib.
967 5478 1022 5527 ι,
1066 5474 1187 5531 cap.
1220 5462 1311 5524 20,
1386 5466 1441 5514 et
1483 5457 1778 5512 Honorium
1828 5456 2080 5527 Angust.,

515 5572 632 5626 cap.
668 5557 717 5611 I.

589 5695 665 5765 (ἢ
700 5694 1040 5762 Reputantur.
1075 5690 1157 5744 AI.
1191 5689 1550 5757 repudiantur.

2668 4994 2752 5048 Ea:
2789 4995 3007 5067 antiqua
3041 4992 3288 5050 versione.

2254 5088 2336 5144 Τὰ
2367 5088 2424 5143 δὲ
2464 5089 2891 5161 συγγράμματα,
2931 5088 3074 5141 τοῦτ’
3108 5089 3221 5143 ἔστι
3251 5088 3470 5159 πρῶτον,
3499 5080 3524 5132 ὃ
3551 5070 3699 5141 ἐπιγέ·

2188 5201 2453 5256 γραπται,
2488 5182 2722 5253 Πράξεις
2755 5180 2939 5235 αὐτοῦ’
2970 5180 3241 5254 δεύτερον,
3262 5176 3584 5247 Εὑαγγέλιον·
3607 5163 3697 5237 τρί·

2185 5294 2298 5340 τον,
2347 5276 2651 5348 Κήρυγμα·
2698 5274 2977 5346 τέταρτον,
3043 5273 3430 5342 ’Ᾱποκάλυψις’
3476 5263 3696 5332 πέμπτων

2189 5368 2383 5441 Κρίσις
2406 5386 2420 5399 ·
2453 5368 2529 5431 ὡς
2554 5367 2848 5442 ἁπόκρυφα
2874 5367 3003 5421 ὄντα
3034 5365 3488 5438 ἁποδοκιμάζεται.
