3976 6340
194 353 317 415 Ηϐί

1256 353 1906 413 ιιεαοδΝιτιοΝεδ.-
1937 356 2294 414 ΡΒΟΟΕΜΙᾹ.

3312 354 3448 409 Ιιῦὲ

1503 469 1634 526 ιοει
1672 469 1827 538 εθῑᾱ..
1853 487 1977 545 cap.
2020 474 2103 528 l5.

266 624 370 681 Καὶ
411 626 670 697 Διάλογος
706 628 915 702 Πέτρου
958 629 1053 682 καὶ
1094 628 1360 691 Ἀπίωνος
1394 627 1589 699 μακρῷ
1632 624 1774 700 λόγῳ

1949 622 2020 679 Et
2070 621 2375 694 Disputatio
2432 624 2572 681 Petri
2623 636 2677 683 et
2726 628 2953 699 Apionis
2992 628 3154 700 longo
3199 642 3450 683 sermone

198 723 522 787 συηαγεῖσα
543 760 558 783 ,
592 722 658 791 ἦν
710 738 833 775 τινα
862 722 1113 784 Εὐσέϐιος
1143 719 1372 778 εὐθύνει.
1401 723 1459 775 ὲν
1497 721 1575 793 τῷ
1600 722 1766 793 τρίτῳ

192 810 296 881 τῆς
339 812 880 881 Ἑκκλησιαστικῆς
908 814 1171 882 ἱστορίας
1200 810 1400 882 τεύχει.

1878 716 2207 786 conscripta,
2232 732 2394 786 quam
2430 716 2698 774 Eusebius
2732 720 2784 773 in
2818 722 2977 775 tertio
3010 719 3266 776 Historite
3297 721 3449 774 cccle-

1875 812 2109 867 siastica:
2128 814 2402 867 volumine
2423 816 2689 885 coarguit.
2716 816 2848 888 Lege
2871 816 3200 883 Frcculfutn,
3227 828 3358 874 tom.
3389 818 3449 882 ll,

1880 901 1975 958 lib.
2006 918 2067 967 ll,
2092 918 2211 972 cap.
2244 903 2329 957 t0.

1213 1034 1341 1093 In“
1366 1037 1464 1095 lib.
1492 1055 1509 1093 ι
1540 1041 1789 1098 adversus
1812 1041 2179 1111 Iovinianum,
2209 1058 2332 1115 cap.
2364 1044 2450 1100 14.

260 1190 560 1249 Possumus
592 1197 773 1248 autem
808 1193 876 1250 de
899 1192 1059 1251 Petro
1089 1197 1294 1264 dicere,
1322 1199 1470 1268 quod
1500 1198 1759 1255 habuerit

188 1294 412 1336 socrum
457 1298 523 1337 eo
570 1291 816 1356 tempore
843 1302 953 1357 quo
998 1288 1253 1351 credidit,
1302 1297 1356 1343 et
1386 1304 1609 1344 uxorem
1651 1290 1765 1359 jam

189 1387 300 1427 non
352 1374 604 1431 habuerit
640 1395 653 1430 :
687 1393 999 1448 quanquam
1050 1380 1260 1451 legatur
1288 1380 1342 1435 in
1374 1379 1673 1452 Περιόδοις,
1713 1384 1768 1435 et

190 1479 332 1519 uxor
358 1464 499 1534 ejus,
525 1475 578 1523 et
608 1466 735 1525 lilia.
774 1468 881 1525 Sed
910 1486 1058 1526 nunc
1086 1471 1248 1529 nobis
1276 1472 1344 1529 de
1370 1488 1582 1529 canone
1604 1488 1767 1529 omne

1872 1208 2152 1257 certamen
2183 1208 2286 1257 est.
2334 1200 2400 1255 In
2440 1194 2942 1269 Recognitionibus,
2980 1216 3117 1256 uxor
3158 1200 3305 1255 Petri
3345 1216 3451 1257 nie-

1873 1302 2113 1345 moratur
2138 1292 2233 1346 lib.
2258 1307 2359 1354 vtt,
2391 1307 2517 1362 cap.
2550 1290 2641 1357 25,
2672 1290 2764 1355 26,
2792 1299 2846 1347 et
2868 1292 2962 1349 lib.
2995 1307 3074 1358 Ix,
3106 1307 3227 1363 cap.
3254 1293 3356 1359 58;
3385 1293 3451 1361 ﬁ-

1874 1381 1948 1436 lia
1978 1398 2120 1447 vero,
2156 1398 2434 1452 nusquam.

917 1626 1044 1683 Inest
1073 1629 1169 1685 lib.
1190 1644 1211 1683 ι
1238 1628 1752 1684 Commentariorum
1779 1631 1833 1685 in
1860 1627 2159 1700 Epistolam
2183 1627 2260 1684 ad
2286 1626 2534 1692 Galatas,
2570 1642 2609 1693 ι.
2640 1627 2727 1682 18.

258 1798 375 1855 Non
397 1806 456 1855 ut
485 1802 697 1868 oculos,
729 1818 896 1875 genas
924 1805 1246 1876 vultumque
1275 1803 1394 1874 ejus
1417 1802 1586 1876 (Petri
1614 1802 1759 1885 Pau-

186 1894 295 1965 lus)
326 1897 591 1969 aspiceret
622 1910 635 1947 :
677 1906 860 1952 uti-inn
889 1898 1241 1967 macilentus,
1276 1912 1345 1952 an
1388 1898 1628 1968 pinguis,
1662 1898 1761 1951 ad-

1866 1816 1949 1863 ret
1977 1821 2132 1864 coma
2161 1825 2175 1875 ;
2214 1824 2317 1875 an,
2356 1817 2416 1863 ut
2445 1807 2699 1864 Clemens
2733 1807 2786 1860 in
2823 1804 3073 1863 Periodis
3106 1806 3229 1877 ejus
3262 1806 3449 1871 refert,

1869 1900 2141 1972 calvitiem
2168 1901 2389 1955 haberet
2418 1899 2475 1954 in
2491 1900 2686 1970 capite.
2724 1897 2837 1951 Iloc
2857 1914 2994 1951 nunc
3026 1898 3080 1951 in
3104 1895 3452 1965 Recoguitio-

185 2005 331 2044 unco
353 2006 486 2046 naso
512 1997 681 2055 esset,
711 2006 780 2044 an
808 1997 959 2047 recto
986 2010 998 2047 :
1023 1999 1079 2047 et
1109 1999 1295 2046 utrum
1328 1990 1566 2046 frontem
1597 1989 1765 2047 vesti-
1800 1986 1843 2042 Β
1875 1986 2038 2043 uibus
2060 2006 2165 2043 non
2188 1989 2469 2043 invenitur.

1770 2147 1859 2204 Vl.

1132 2302 1383 2371 Hunnus,
1419 2300 1491 2357 De
1525 2302 2185 2358 adulterationelibrorum
2216 2298 2475 2372 Origenis.

257 2482 543 2550 Clemens,
575 2482 951 2555 apostolorum
990 2483 1328 2555 discipulus,
1378 2484 1470 2556 qui
1500 2483 1764 2542 Romana:

186 2572 444 2629 Ecclesiae
493 2582 618 2645 post
670 2576 972 2644 apostolos,
1017 2583 1073 2630 et
1114 2576 1408 2646 episcopus
1461 2585 1517 2632 et
1560 2584 1767 2651 martyr

186 2668 422 2737 prasfuit,
446 2668 617 2723 libros
639 2668 809 2724 edidit
829 2668 923 2740 qui
947 2666 1133 2725 Graece
1154 2670 1501 2740 appellantur
1519 2671 1766 2741 ἀναγνω-

186 2759 403 2832 ρισμός,
452 2760 504 2815 id
535 2769 619 2816 est
646 2758 1006 2831 Recognitio:
1041 2761 1095 2814 in
1135 2761 1506 2831 quibus,«cum
1533 2777 1601 2815 ex
1651 2776 1769 2831 per-

183 2866 322 2907 sona
351 2848 499 2907 Petri
532 2853 767 2922 apostoli
811 2852 1063 2908 doctrina
1101 2854 1260 2925 quasi
1302 2870 1431 2910 vere
1463 2855 1765 2925 apostolica

184 2944 241 2999 in
272 2945 690 3016 quamplurimis
710 2955 1015 3017 exponatur
1037 2988 1053 3014 ,
1087 2949 1142 3003 in
1179 2950 1455 3019 aliquibus
1482 2950 1558 3004 ita
1590 2948 1766 3004 Euno-

182 3035 281 3089 mii
310 3037 504 3106 dogma
544 3037 808 3093 scribitur
846 3038 921 3110 (4)
973 3047 1033 3093 ιιι
1062 3038 1199 3093 nihil
1250 3038 1398 3094 aliud
1448 3055 1613 3111 quam
1646 3042 1765 3111 ipse

183 3123 487 3183 Eunomius
517 3128 799 3200 disputare
829 3130 1106 3191 credatur,
1148 3130 1347 3185 Filium
1380 3130 1474 3185 Dei
1518 3138 1764 3187 creatum

178 3235 248 3274 ex
271 3220 437 3275 nullis
456 3222 802 3279 exstantibus
828 3238 1175 3281 asseverans.
1210 3223 1349 3279 Tum
1373 3225 1575 3280 deinde
1593 3224 1762 3280 etiam

180 3311 315 3366 illud
348 3311 603 3367 adulterii
643 3313 908 3370 inseritur
937 3332 1130 3387 genus,
1165 3325 1225 3371 ut
1255 3325 1508 3371 naturam
1532 3315 1758 3381 diaboli,

176 3407 614 3472 ceterorumque
655 3403 1104 3471 daemonummon
1135 3405 1403 3476 propositi
1444 3404 1762 3461 voluntatis-

176 3507 287 3562 que
316 3494 546 3558 malitia,
573 3495 669 3551 sed
705 3504 932 3568 excepta
961 3511 1025 3551 ac
1067 3504 1316 3568 separata
1342 3503 1609 3553 creaturae
1637 3510 1761 3567 pro-

176 3586 397 3639 duxerit
428 3590 695 3657 qualitas;
726 3589 821 3661 qui
857 3588 1045 3660 utique
1084 3591 1142 3645 in
1174 3590 1389 3647 caeteris
1419 3604 1633 3645 omnem
1668 3604 1759 3644 ra-

174 3678 497 3735 tionabilem
519 3691 834 3739 creaturam
872 3684 1137 3740 docuerat
1167 3685 1323 3741 liberi
1347 3681 1562 3739 arbitrii
1595 3683 1760 3738 iacul-

174 3777 294 3826 tate
322 3770 601 3831 donatam.
633 3776 773 3832 Sunt
809 3778 974 3833 etiam
1005 3779 1111 3832 alia
1143 3777 1408 3834 nonnulla
1442 3777 1597 3833 libris
1633 3777 1755 3846 ejus

1868 2484 2076 2540 inserta
2119 2496 2239 2555 quae
2276 2483 2651 2541 ecclesiastica
2685 2482 2892 2556 Regula
2923 2481 3149 2537 omnino
3176 2495 3284 2536 non
3314 2481 3452 2536 reci-

1869 2578 1971 2650 pit.
1996 2576 2160 2645 Quid,
2190 2592 2398 2649 quaeso,
2432 2578 2500 2633 de
2531 2578 2616 2633 his
2646 2575 2993 2633 sentiendum
3017 2573 3296 2644 est?quod
3328 2588 3454 2645 apo-

1868 2669 2099 2727 stolicus
2124 2670 2229 2734 vir,
2271 2671 2380 2724 imo
2403 2685 2543 2739 pene
2577 2668 2880 2739 apostolus,
2905 2683 3014 2721 non
3032 2682 3096 2722 ea
3117 2665 3309 2721 scribit
3331 2682 3452 2737 qua:

1870 2763 2105 2833 apostoli
2137 2762 2361 2829 dicunt;
2397 2764 2485 2817 cui
2519 2761 2724 2817 Paulus
2758 2763 3039 2833 apostolus
3075 2760 3449 2816 testimonium

1865 2852 2037 2917 dedit,
2068 2853 2259 2909 dicens
2302 2874 2314 2909 :
2356 2853 2492 2910 Cum
2547 2852 2809 2910 Clemente
2858 2862 2908 2907 et
2942 2850 3278 2921 adjutoribus
3322 2850 3451 2904 meis

1866 2945 2091 3012 exteris,
2123 2963 2347 3017 quorum
2373 2947 2586 3001 nomina
2606 2954 2728 3000 sunt
2754 2946 2807 2999 in
2829 2944 2965 2999 libro
2987 2946 3107 2998 vita:
3119 2942 3165 2974 “
3187 2961 3201 3009 ;
3234 2952 3288 2998 et
3320 2944 3453 2998 scri-

1864 3036 1958 3091 bat
1981 3037 2086 3092 hoc
2113 3039 2259 3109 quod
2290 3040 2447 3094 libris
2476 3039 2603 3094 vitae
2626 3038 2967 3094 contrarium
2993 3037 3124 3093 est?
3160 3036 3241 3090 An
3268 3035 3323 3090 id
3354 3049 3453 3105 po-

1863 3126 1976 3183 tius
2004 3127 2338 3183 credendum
2360 3134 2465 3193 est,
2493 3128 2639 3199 quod
2661 3142 2827 3198 supra
2850 3126 3093 3181 diximus
3120 3139 3135 3189 ;
3163 3121 3311 3193 quod
3335 3137 3452 3192 pcr-

1862 3220 2009 3275 versi
2040 3220 2312 3286 homines,
2343 3221 2412 3275 ad
2442 3220 2802 3277 assertionem
2850 3211 3167 3290 dogmatum
3196 3230 3447 3279 suorum,

1865 3315 1970 3369 sub
2004 3314 2251 3368 virorum
2298 3320 2617 3368 sanctorum
2648 3312 2891 3376 nomine,
2925 3317 3186 3380 tanquam
3231 3306 3449 3362 facilius

1865 3403 2138 3459 credenda
2165 3404 2519 3459 inseruerunt
2544 3419 2610 3459 ea
2635 3418 2757 3473 qua:
2786 3402 2866 3455 illi
2901 3415 3003 3455 nec
3031 3399 3275 3456 sensisse
3293 3436 3311 3462 ,
3346 3412 3448 3451 nec

1863 3494 2162 3565 scripsisse
2188 3496 2446 3553 credendi
2478 3502 2629 3553 sunt.
2655 3494 2789 3567 Lege
2810 3492 3224 3564 Hieronymum,
3248 3491 3449 3560 Apolo-

1862 3588 1963 3659 gia:
1998 3588 2252 3644 adversus
2288 3587 2538 3659 Ruﬁnum
2575 3588 2674 3643 lib.
2704 3602 2768 3650 tt,
2814 3602 2934 3658 cap.
2964 3586 3039 3652 ις
3075 3594 3128 3640 et
3161 3582 3450 3652 Praefatio-

1862 3698 1980 3736 nem
2013 3680 2198 3737 Rufini
2230 3682 2299 3736 ad
2328 3681 2421 3737 Iros
2450 3680 2883 3751 Recagnitionum
2913 3678 3102 3734 libros.
3131 3676 3264 3748 Lege
3284 3676 3445 3731 etiam

1863 3774 2163 3846 Recognit.,
2194 3776 2287 3830 lib.
2324 3787 2407 3841 ιιι,
2429 3788 2551 3845 cap.
2577 3773 2631 3829 8.

407 3926 547 3995 inept,
582 3932 638 3987 in
671 3933 1436 4005 perorationetranslationis
1468 3951 1583 3991 sua:
1618 3934 2078 4005 Explanationum
2110 3933 2367 4003 Origenis
2401 3933 2456 3988 in
2482 3930 2799 4005 rEpistolam
2829 3932 2897 3987 ad
2928 3929 3227 3987 Romanos.

995 4004 1104 4073 (Ea:
1130 4006 1328 4061 novies.
1365 4004 1612 4077 Origenit
1650 4004 1787 4077 Opp.
1821 4008 1976 4070 edit.,
2015 4015 2145 4062 tam.
2179 4005 2269 4073 IV,
2302 4020 2426 4077 pag.
2467 4004 2621 4075 689.)

251 4177 380 4235 Pest
399 4179 503 4234 hoc
526 4195 661 4237 sane
686 4192 847 4237 vocat
880 4198 982 4239 nos
1011 4197 1171 4254 opus,
1206 4183 1352 4255 quod
1374 4185 1504 4240 olim
1533 4184 1755 4257 quidem

166 4270 487 4340 iniunctum
514 4280 621 4339 est,
646 4274 741 4330 sed
762 4291 911 4330 nunc
941 4291 970 4329 a
994 4276 1153 4331 beato
1172 4276 1479 4331 Gaudentio
1496 4278 1756 4348 episcopo

165 4362 552 4419 vehementius
565 4375 891 4438 perurgetur
912 4384 926 4432 ;
948 4368 1263 4433 Clementis,
1278 4368 1509 4432 scilicet,
1526 4367 1756 4424 Romani

162 4456 441 4525 episcopi,
498 4459 872 4529 apostolorum
924 4459 1144 4515 cornitis
1182 4474 1246 4514 ac
1289 4461 1655 4526 successoris,
1687 4461 1757 4516 de

164 4545 543 4619 Recognitione
561 4551 708 4617 libri,
750 4558 809 4606 ut
836 4552 893 4606 in
922 4550 1175 4607 Latinum
1208 4560 1513 4609 vertantur.
1558 4552 1615 4609 In
1646 4552 1783 4625 quo'

1856 4196 2024 4254 opere
2052 4183 2191 4240 bene
2220 4184 2367 4249 novi,
2401 4180 2547 4256 quod
2578 4181 2823 4239 laborem
2870 4181 3028 4237 labor
3075 4180 3404 4252 multiplicat
3427 4219 3444 4245 ,

1858 4278 1905 4332 si
1951 4283 2155 4333 sortem
2198 4276 2483 4347 suscipiat.
2520 4275 2869 4332 Satisfaciam
2893 4289 3031 4331 sane
3054 4273 3110 4329 in
3142 4288 3210 4329 eo
3244 4274 3439 4329 amicis

1859 4370 2027 4436 meis;
2070 4370 2214 4425 dabo
2234 4370 2395 4424 titulo
2425 4384 2624 4426 nomen
2657 4384 2861 4433 meum,
2894 4367 3140 4423 auctoris
3171 4366 3443 4421 nihilomi-

1859 4479 1965 4518 nus
1987 4465 2256 4520 vocabulo
2268 4474 2641 4535 permanente.
2657 4463 2795 4519 Nam
2825 4462 3009 4518 Βυῦυί
3037 4461 3293 4518 Clemens
3307 4462 3440 4517 scri-

1858 4555 2038 4610 betur.

1752 4733 1863 4790 VII.

958 4888 1016 4945 S.
1052 4888 1325 4951 PAULINUS
1368 4891 1626 4949 Nonnus
1653 4895 1885 4965 epistola
1913 4896 1984 4951 46
2018 4895 2088 4951 ad
2112 4894 2397 4960 Ruﬁnum,
2421 4908 2574 4949 num.
2602 4870 2671 4949 2.

242 5045 391 5101 Sane
414 5046 560 5117 quod
582 5046 879 5103 admonere
897 5045 1145 5119 dignaris
1167 5048 1363 5107 aD'ectu
1395 5050 1488 5107 illo
1515 5067 1626 5124 quo
1647 5070 1747 5109 nos
1780 5069 1825 5124 ι)
1853 5070 1962 5126 quo
2011 5055 2261 5126 ignorata
2306 5054 2658 5111 condiscam?
2701 5051 2882 5109 Credo
2921 5051 3065 5108 enim
3111 5051 3165 5105 in
3206 5056 3446 5106 transla-

150 5138 312 5192 sicut
336 5145 393 5193 te
420 5138 623 5210 diligis,
652 5146 710 5193 ut
734 5139 979 5196 studium
1006 5142 1062 5197 in
1082 5138 1301 5200 Graecas
1332 5145 1543 5202 litteras
1575 5153 1753 5203 atten-

149 5229 277 5281 tius
328 5244 567 5292 sumam,
625 5232 860 5287 libenter
901 5234 1153 5305 accipio;
1210 5236 1307 5291 sed
1361 5236 1589 5309 implere
1642 5252 1752 5294 non

146 5318 323 5373 valeo
357 5338 371 5373 :
406 5320 513 5375 nisi
556 5320 697 5377 forte
726 5322 999 5380 desideria
1030 5342 1152 5381 mea
1199 5328 1424 5398 adjuvat
1458 5328 1749 5397 Dominus,

145 5419 215 5463 ut
245 5410 465 5466 diutius
502 5414 784 5470 consortio
830 5424 925 5470 tuo
956 5416 1227 5488 perfruar.
1262 5418 1396 5476 Nam
1430 5439 1540 5494 quo
1588 5424 1752 5479 modo

145 5502 474 5574 profectum
504 5520 699 5575 capere
733 5516 924 5578 potero
951 5513 1225 5569 sermonis
1255 5514 1446 5586 ignoti,
1472 5516 1519 5573 si
1547 5517 1690 5574 desit
1716 5534 1749 5576 ει

268 5664 320 5696 ⁸³
353 5662 591 5735 Philipp.
627 5680 701 5729 tv,
733 5668 784 5721 5.

211 5845 300 5912 τι)
334 5843 622 5901 Scribitur.
658 5848 741 5902 Al.
773 5851 1045 5921 inseritur,

444 5945 718 6006 Parem“
760 5946 876 6009 Cu.
911 5947 954 6007 ι.

1857 5146 2006 5202 tione
2025 5146 2202 5202 sancti
2228 5146 2548 5211 Clementis,
2580 5152 2779 5217 praeter
2808 5145 2946 5200 alias
2976 5143 3181 5215 ingenii
3212 5140 3317 5197 mei
3345 5142 3439 5196 de.

1856 5236 2135 5305 fectiones
2166 5237 2309 5294 hanc
2340 5248 2392 5294 te
2418 5238 2766 5310 potissimum
2796 5236 3084 5311 imperitiae
3104 5246 3238 5290 mea:
3264 5246 3441 5304 penu»

1856 5334 1992 5388 riam
2021 5333 2435 5399 considerasse,
2485 5332 2632 5403 quod
2666 5332 2847 5403 aliqua
2880 5332 2936 5385 in
2973 5330 3174 5400 quibus
3223 5324 3426 5381 intelli-

1853 5441 1983 5498 gere
2011 5427 2095 5482 vel
2126 5426 2436 5497 exprimere
2472 5425 2639 5480 verba
2671 5440 2782 5479 non
2823 5424 2998 5495 potui,
3040 5435 3205 5477 sensu
3252 5415 3433 5489 potius

1854 5520 2217 5592 apprehenso,
2239 5520 2321 5576 vel
2348 5518 2429 5592 (ut
2451 5518 2636 5577 verius
2658 5518 2862 5591 dicam)
2886 5518 3109 5589 opinata
3134 5509 3433 5572 transtule-
