3976 6340
612 330 761 388 ’⁸1163
1433 330 1493 391 S.
1529 332 1925 391 CLEMENTIS
1957 333 1974 387 l
2012 331 2176 388 ROM.

2143 331 2176 388 l.
2212 328 2415 387 PONT.
2451 327 2677 386 OPEBA
2710 327 2932 385 DUBIA.
3629 342 3713 400 liii

622 444 748 499 rint.
791 441 912 510 Quo
939 459 1112 516 magis
1155 459 1285 517 egeo
1316 445 1694 503 misericordia
1727 447 1862 515 Dei,
1898 456 1960 502 ut
1987 447 2206 517 -plenio—
2233 455 2279 513 Α
2310 446 2544 501 famelici
2575 444 2759 499 cordis
2787 459 2881 499 ore
2920 441 3194 512 colligere.
3231 440 3356 497 Ilum
3389 445 3522 500 locum
3553 449 3718 508 "eriter-

628 553 741 591 rcin
773 537 906 590 mihi
941 537 1016 590 tui
1049 538 1262 594 couiam
1305 537 1542 605 tribuat;
1567 542 1694 610 quia
1724 555 1824 610 pro
1855 540 2060 596 divitiis
2087 538 2198 593 erit
2312 550 2397 594 tus
2412 538 2728 609 Rosweydus
2751 537 2814 592 de
2835 534 3308 606 Recognitionibus
3325 538 3523 606 explicat.

615 629 857 698 pauperi.
898 638 955 682 ut
986 645 1157 686 micas
1201 645 1232 683 a
1264 630 1449 686 divitis
1493 648 1682 688 mensa
1713 631 1995 696 cadentes,
2029 630 2187 686 avido

2163 783 2293 842 VIII.

1211 940 1421 994 Auctor
1454 940 1642 1012 Operi;
1667 937 1959 1010 imperfecti
1998 938 2050 993 in
2083 937 2415 1006 Matthwum,
2454 938 2603 994 hom.
2639 936 2731 1003 27,
2773 936 2839 991 ad
2867 934 3055 991 Matth.
3093 950 3147 1002 x,
3177 933 3264 988 4|.

1275 1055 1448 1127 (Inter
1478 1056 1607 1124 Opp.
1645 1054 1702 1110 S.
1731 1055 1889 1113 Joan.
1914 1055 2226 1129 Chrysost.,
2265 1065 2391 1112 tom.
2430 1054 2520 1121 Vl,
2556 1073 2680 1127 pag.
2718 1056 2822 1110 115
2852 1054 2982 1111 edit.
3015 1054 3154 1127 BB.)

686 1209 788 1264 Sed
819 1210 944 1263 audi
979 1210 1319 1278 mvsterium,
1352 1210 1494 1281 quod
1528 1209 1723 1268 Petrus
1765 1212 1907 1282 apud
1934 1212 2184 1268 Clemen-
2292 1214 2493 1269 sreculo
2540 1212 2677 1267 nihil
2729 1212 2779 1267 ei
2824 1212 3048 1284 prodest
3094 1227 3229 1281 opus
3281 1211 3435 1282 ipsius
3476 1231 3487 1267 :
3527 1229 3602 1268 nec
3634 1215 3720 1269 enin

609 1315 714 1360 tem
761 1305 1032 1373 exposuit.
1089 1304 1145 1357 Si
1194 1303 1371 1360 ﬁdelis
1423 1303 1614 1359 fecerit
1661 1320 1800 1374 opus
1853 1305 2091 1371 bonum;
2129 1311 2184 1359 et
2290 1304 2749 1361 collocaturinter
2775 1314 3001 1361 cmteros
3035 1303 3218 1359 fideles
3248 1315 3442 1375 propter
3468 1320 3720 1375 Opussuum:

607 1393 730 1447 heic
772 1393 822 1447 ei
859 1394 1101 1463 prodest,
1158 1393 1398 1470 liberans
1439 1409 1563 1448 eum
1616 1409 1645 1447 a
1675 1393 1863 1461 malis;
1895 1400 1953 1448 et
2002 1394 2056 1448 in
2092 1393 2185 1448 illo
2293 1409 2347 1456 et
2372 1401 2553 1470 juste;
2596 1401 2723 1470 quia
2757 1399 2996 1454 naturali
3043 1397 3188 1452 bono
3231 1406 3412 1460 motus,
3449 1396 3553 1452 fecit
3581 1398 3724 1463 bonum,

607 1486 829 1547 smeulo,
880 1484 946 1538 ad
977 1484 1384 1553 percipiendum
1434 1500 1662 1554 regnum
1712 1485 1971 1539 caeleste:
2011 1483 2186 1554 magis
2290 1508 2400 1547 non
2453 1499 2675 1562 propter
2717 1489 2884 1544 Deum
2915 1507 2927 1543 :
2958 1487 3079 1542 ideo
3127 1488 3182 1541 in
3228 1500 3411 1557 corpus
3450 1503 3576 1542 suum
3603 1488 3724 1556 recipit

607 1586 788 1630 autem
839 1576 947 1640 ibi,
999 1593 1160 1646 quam
1215 1577 1357 1632 heic.
1411 1575 1466 1631 Si
1503 1584 1682 1633 autem
1718 1577 1954 1632 inﬁdelis
1997 1575 2187 1632 fecerit
2291 1583 2598 1640 mercedem
2629 1568 2813 1654 operis
2843 1582 2951 1647 sui,
2983 1595 3093 1636 non
3121 1579 3178 1633 in
3227 1578 3394 1633 anima
3419 1594 3526 1634 sua.
3548 1577 3724 1648 Recognt'l.

605 1683 743 1737 Opus
789 1667 1021 1735 bonum;
1057 1669 1175 1724 heic
1216 1670 1265 1724 ei
1295 1669 1517 1738 prodest
1559 1686 1697 1741 Opus
1732 1669 1906 1741 ipsius
1933 1685 1946 1722 :
1973 1677 2028 1726 et
2063 1669 2185 1725 heic
2292 1673 2387 1728 lib.
2415 1689 2512 1736 vn,
2545 1686 2666 1741 cap.
2693 1670 2785 1726 58-

605 1757 654 1811 ei
704 1758 879 1814 reddit
910 1759 1051 1816 Deus
1101 1762 1242 1816 bona
1289 1775 1390 1832 pro
1419 1777 1582 1832 opere
1611 1778 1733 1819 suo.
1783 1764 1842 1819 ln
1873 1763 1964 1818 illo
1995 1768 2176 1817 autem
2210 1756 2252 1812 B

1884 1916 1961 1973 In.
1996 1915 2063 1970 ad
2098 1915 2333 1978 Matthaei
2369 1927 2517 1980 xxrv,
2551 1911 2633 1973 15,

677 2067 802 2124 Fuit
852 2071 998 2126 enim
1047 2072 1321 2127 exercitus
1378 2071 1806 2143 alienigenarum
1851 2079 1906 2126 et
1949 2069 2180 2126 Romani
2289 2069 2531 2141 exponit.
2564 2067 2704 2138 Lege
2736 2066 3000 2140 Recognit.
3034 2065 3128 2124 lib.
3160 2081 3202 2132 ι,
3233 2079 3348 2135 cap.
3370 2062 3450 2123 59,
3471 2061 3552 2128 45;
3574 2057 3727 2115 Clemen-

603 2162 952 2232 impcratoris
998 2174 1152 2219 stans
1202 2164 1350 2219 circa
1407 2162 1782 2231 Hierusalem,
1834 2179 1954 2234 qua:
2005 2179 2178 2234 usque
2287 2166 2420 2229 tina,
2454 2165 2602 2219 hom.
2635 2164 2689 2225 5,
2723 2157 3378 2221 num.15;Lactautium,
3419 2153 3565 2208 Divin.
3605 2151 3713 2206 iustit.

599 2262 731 2308 tunc
761 2254 931 2309 fuerat
965 2266 1172 2311 sancta.
1231 2255 1346 2312 lloc
1379 2263 1432 2311 et
1452 2255 1647 2312 Petrus
1675 2256 1815 2328 apud
1841 2255 2176 2312 Clementem
2283 2255 2382 2311 lib.
2417 2271 2490 2321 tv,
2526 2269 2648 2324 cap.
2675 2253 2763 2307 21.

1753 2413 1830 2468 In.
1857 2412 1924 2468 ad
1949 2412 2196 2484 ejusdem
2227 2411 2427 2484 capitis
2458 2425 2679 2466 versum
2713 2408 2794 2467 16.

670 2569 825 2626 Sicut
868 2579 1050 2626 autem
1095 2569 1287 2625 Petrus
1340 2569 1480 2640 apud
1535 2569 1872 2625 Clementem
1923 2568 2169 2640 exponit,
2283 2575 2369 2625 est
2417 2567 2595 2623 danda
2642 2575 2905 2640 potestas.
2941 2565 3236 2639 Recognit.,
3264 2567 3356 2622 lib.
3385 2583 3459 2632 Ill,
3489 2564 3664 2636 captiti.

595 2661 935 2718 Antichristo
961 2663 1122 2717 etiam
1156 2661 1440 2732 plenorum
1473 2660 1753 2731 signorum
1791 2658 2171 2715 faciendorum

1951 2815 2028 2873 In.
2069 2813 2138 2870 ad
2163 2827 2382 2870 versum
2409 2814 2496 2872 24.

666 2994 830 3065 Signa
882 3011 1095 3064 magna.
1151 2991 1271 3047 Non
1325 2992 1538 3048 inutilia
1559 3031 1574 3056 ,
1629 3007 1805 3062 neque
1831 3007 1991 3056 vana,
2046 3006 2167 3062 qua:
2195 3002 2235 3058 α
2270 2992 2413 3047 inter
2432 2991 2710 3048 ministro:
2742 2988 2969 3058 Christi,
3000 2998 3054 3048 et
3076 2991 3360 3047 ministros
3380 2989 3576 3052 diaboli,
3607 3002 3651 3041 ex
3667 2984 3732 3038 hoc

592 3088 826 3142 ministri
873 3085 1072 3141 diaboli
1120 3084 1298 3141 facere
1341 3086 1552 3153 solent;
1603 3085 1698 3140 sed
1730 3099 1926 3154 magna
1949 3125 1964 3146 ,
1998 3084 2050 3138 id
2080 3093 2166 3141 est
2263 3085 2536 3155 judicare,
2568 3085 2661 3155 qui
2695 3085 2904 3139 inutilia
2936 3092 2991 3139 et
3023 3084 3115 3154 qui
3161 3084 3319 3137 utilia
3341 3075 3732 3144 facerentsignaJn

593 3181 748 3235 utilia
776 3191 829 3235 et
852 3180 1032 3251 plena,
1064 3194 1183 3248 qua:
1211 3179 1382 3234 sancti
1416 3178 1591 3234 facere
1622 3178 1891 3233 solebant.
1934 3176 2069 3231 Nam
2108 3178 2166 3234 in
2266 3179 2373 3236 ﬁne
2413 3187 2592 3234 autem
2618 3181 2878 3251 temporis
2912 3178 3262 3234 concedenda
3287 3185 3367 3233 est
3382 3167 3732 3248 potestasdiabolo

591 3283 835 3343 tempore
879 3272 1099 3342 quidem
1145 3271 1547 3342 apostolorum,
1580 3281 1633 3326 et
1661 3270 2030 3343 postmodum,
2061 3272 2169 3326 mi-
2269 3270 2438 3343 (sicut
2474 3271 2528 3324 in
2557 3268 2798 3326 llistoria
2830 3270 3129 3326 Clementis
3159 3269 3359 3325 Petrus
3390 3266 3595 3338 exponit)
3621 3271 3660 3315 ut
3688 3260 3736 3311 lto

589 3365 750 3419 nistri
797 3365 1015 3435 quidem
1058 3363 1284 3428 Christi,
1324 3364 1479 3417 utilia
1514 3373 1568 3418 et
1601 3364 1759 3434 plena
1791 3366 1945 3435 signa
2000 3364 2169 3421 facie-
2275 3365 2422 3419 ciant
2471 3363 2623 3434 signa
2663 3362 2855 3427 utilia,
2892 3371 2950 3418 et
2978 3378 3045 3416 ex
3077 3377 3138 3416 ea
3165 3369 3322 3433 parte
3349 3375 3448 3431 qua
3475 3357 3601 3430 prius
3625 3352 3733 3405 facere

592 3455 726 3510 bant
755 3471 821 3509 ex
853 3461 1005 3525 parte
1046 3453 1270 3520 dextra;
1316 3455 1499 3524 qualia
1544 3462 1703 3522 sunt,
1749 3471 1922 3512 caecos
1964 3456 2168 3512 illumi-
2271 3466 2671 3517 consueverant
2715 3459 2921 3526 sancti;
2957 3467 3016 3512 ut
3050 3458 3164 3529 jam
3199 3458 3472 3513 ministros
3496 3449 3652 3508 Christi
3671 3460 3735 3498 non

588 3562 742 3612 nare,
789 3555 849 3603 et
905 3548 1008 3601 alia
1059 3547 1373 3616 hujusmodi
1431 3546 1642 3615 facere;
1696 3547 1934 3604 ministri
1984 3556 2166 3605 autem
2272 3570 2368 3625 per
2416 3554 2520 3608 hoc
2567 3569 2987 3624 cognoscamus,
3037 3552 3167 3623 quia
3211 3552 3366 3607 utilia
3410 3547 3586 3604 faciunt
3620 3540 3732 3610 signa.

588 3637 814 3702 diaboli,
847 3638 1061 3692 inutilia
1089 3636 1364 3693 faciebant
1393 3645 1446 3693 et
1471 3653 1628 3703 vana,
1654 3654 1720 3694 ex
1741 3647 1896 3708 parte
1920 3639 2166 3707 sinistra;
2271 3645 2366 3701 sed
2397 3646 2526 3716 quia
2554 3646 2739 3702 omnia
2779 3662 2890 3701 uon
2921 3647 3037 3703 haec
3084 3644 3299 3701 faciunt
3343 3645 3505 3714 signa.
3553 3633 3733 3704 Βκοςιὶι·

588 3741 710 3800 qua:
753 3730 1172 3784 admirationem
1221 3729 1442 3800 quidem
1484 3729 1796 3786 videntibus
1837 3731 2163 3798 excitarent,
2271 3734 2368 3792 lib.
2403 3751 2488 3801 tu,
2522 3751 2646 3808 cap.
2679 3736 2770 3805 59,
2799 3737 2884 3795 60.

588 3820 656 3875 ad
707 3822 993 3878 utilitatem
1038 3833 1218 3878 autem
1268 3822 1475 3879 nullius
1525 3822 1873 3894 proﬁcerent.
1931 3823 1996 3878 Et
2047 3832 2166 3880 erat

1955 3979 2032 4036 In.
2064 3979 2135 4036 ad
2161 3995 2381 4038 versum
2410 3978 2497 4038 42.
2531 3940 2533 3943 Ι

661 4134 815 4192 Unde
848 4145 905 4192 et
934 4137 1209 4209 sapienter
1236 4137 1433 4194 Petrus
1468 4138 1602 4194 dicit
1629 4137 1771 4209 apud
1801 4136 2160 4206 Clementem,
2268 4149 2487 4210 cupata.
2559 4135 2735 4192 Malus
2799 4152 2906 4192 non
2945 4138 3154 4193 invenit
3211 4136 3396 4191 locum
3457 4128 3520 4194 ad
3564 4130 3735 4180 mentem.

585 4227 862 4298 quomodo
890 4228 1050 4284 debet
1076 4230 1201 4300 quis
1249 4230 1590 4292 incessanter
1623 4245 1744 4302 quae
1771 4227 1866 4285 Dei
1892 4238 2021 4287 sunt
2065 4245 2161 4286 co-
2266 4231 2559 4304 Recognit.,
2591 4231 2689 4287 lib.
2720 4245 2808 4295 Ill,
2840 4245 2961 4301 cap.
2989 4231 3080 4286 51.

585 4324 758 4390 gitare
797 4331 851 4376 et
880 4322 1058 4392 loqui;
1099 4321 1358 4394 quoniam
1392 4323 1438 4379 si
1475 4337 1630 4378 mens
1666 4321 1831 4377 fuerit
1859 4323 1916 4377 in
1948 4321 2036 4376 his
2065 4336 2156 4376 oc-

2160 4475 2248 4530 1X.

1495 4637 1822 4702 Genaunos,
1859 4637 2000 4692 libro
2034 4637 2106 4692 De
2131 4638 2255 4693 viris
2284 4635 2603 4700 illustribus,
2633 4649 2753 4706 cap.
2789 4635 2875 4692 l7.

654 4789 924 4856 Ruﬁnus,
977 4790 1346 4860 Aquileiensis
1396 4779 1644 4848 ecclesia:
1701 4795 2005 4867 presbyter,
2050 4809 2161 4849 non
2193 4795 2237 4851 D
2267 4792 2466 4848 tissimi
2515 4791 2775 4857 hominis,
2824 4788 3116 4845 Clementis
3146 4785 3378 4841 Romani
3413 4776 3733 4867 Recogm'tioinltl

580 4884 806 4937 minima
831 4900 957 4954 pars
990 4883 1090 4938 fuit
1117 4883 1401 4939 doctorum
1435 4885 1723 4953 Ecclesiae;
1758 4865 1892 4942 etin
1920 4885 2157 4942 transfe-
2262 4886 2456 4950 libros,
2491 4893 2596 4940 etc.
2650 4883 2856 4937 llorum
2891 4883 3134 4936 omnium
3163 4890 3497 4951 quaecunque
3529 4865 3733 4943 ντεωὶεεπε

581 4976 753 5030 rendo
799 4975 866 5030 de
912 4974 1101 5030 Graeco
1156 4976 1212 5030 in
1260 4975 1545 5040 Latinum,
1599 4979 1820 5050 elegans
1875 4978 2154 5049 ingenium
2261 4977 2509 5049 Prologis
2553 4994 2583 5031 a
2611 4977 2821 5032 Latinis
2870 4977 3145 5047 leguntur,
3179 4989 3210 5027 a
3238 4972 3434 5027 Ruﬁno
3475 4963 3733 5050 interimi“?

579 5068 789 5122 habuit.
825 5067 1067 5138 Denique
1086 5068 1321 5122 maxima
1351 5049 1831 5139 parteGraecorum
1863 5069 2154 5124 bibliothe-
2261 5077 2417 5126 sunt:
2460 5084 2572 5138 quae
2592 5078 2720 5123 sunt
2751 5067 2867 5123 sine
2893 5065 3145 5136 Prologo,
3177 5064 3250 5117 ab
3282 5062 3387 5116 alio
3426 5055 3647 5114 translata
3661 5049 3736 5101 sui“

579 5175 698 5212 eam
733 5157 941 5213 Latinis
971 5158 1214 5214 exhibuit
1246 5175 1259 5209 :
1293 5158 1502 5222 Basilii.
1537 5161 1764 5225 scilicet,
1798 5159 2152 5215 Caesariensis
2258 5160 2351 5233 qui
2387 5157 2677 5229 Prologum
2722 5157 2901 5214 facere
2950 5157 3157 5220 noluit,
3182 5161 3294 5210 etc.
3347 5152 3479 5222 Lege
3523 5141 3735 5200 Honorium

578 5247 936 5321 Cappadocia:
964 5251 1228 5320 episc0pi,
1264 5250 1508 5324 Gregorii
1539 5251 1866 5307 Nazianzenl
1894 5251 2155 5323 eloquen-
2259 5251 2638 5322 Augustodun.

2159 5402 2226 5460 Κ.

1674 5561 1967 5616 Concilium
2001 5561 2315 5629 Romanum,
2344 5565 2447 5619 sub
2486 5552 2720 5620 Gelasio.

659 5687 1002 5747 ltinerarium
1052 5696 1270 5748 nomine
1308 5693 1450 5748 Petri
1496 5697 1751 5765 apostoli,
1785 5698 1926 5768 quod
1959 5699 2260 5770 appellatur
2305 5701 2480 5758 sancti
2532 5701 2828 5756 Clementis
2877 5702 2997 5759 libri
3033 5703 3218 5758 decent
3272 5699 3380 5772 (5).
3433 5683 3732 5765 :IP‘WWI‘W'

662 5845 736 5914 (5}
773 5842 975 5898 Decem.
1019 5845 1101 5899 Al.
1135 5858 1267 5911 octo,
1303 5849 1383 5903 vel
1413 5866 1608 5904 norem.
1645 5850 1800 5906 Male.
