3976 6340
232 336 374 396 “05

1298 319 1946 407 RECOGNITIONBS.—
1983 349 2338 406 rnoocnn.

1797 499 1888 555 Xl.

3345 354 3473 405 1155

906 609 1244 668 Chronicum
1269 613 1476 670 dictum
1508 616 1960 680 Alexandrinum,
1994 617 2252 673 editionis
2289 616 2507 682 Raderi,
2542 633 2667 689 pae.
2702 620 2786 674 50.

293 745 456 801 Ὅθεν
495 746 590 800 καὶ
632 746 837 820 Πέτρος
894 749 924 803 6
960 751 1254 817 ἀπόστολος
1312 755 1602 828 ἁφηγεῖται
1654 759 1792 831 Κλη-

1974 753 2125 809 Unde
2169 765 2221 808 et
2247 755 2438 811 Petrus
2469 756 2752 826 apostolus
2794 755 3016 827 exponit
3037 755 3341 826 Clementi,
3385 757 3474 813 di-

220 839 333 909 μίῳ
367 839 464 909 (ti),
501 839 700 908 λέγων’
739 844 835 895 Ἐν
863 861 968 896 τινι
994 845 1068 914 (7)
1093 847 1284 918 δικαίῳ
1323 850 1458 919 μετὰ
1488 851 1594 903 τῶν
1621 851 1676 918 ἐξ
1705 854 1799 906 αὐ-

211 931 340 995 τοῦ,
369 932 512 994 Νῶε,
563 933 659 985 σὺν
701 937 813 998 τοῖς
857 935 1095 1000 ὲξαὺτοῦ
1132 937 1194 1010 [Γ.
1240 941 1333 992 καὶ
1353 945 1472 1004 ταῖς
1505 941 1707 1014 αὐτῶν]
1741 945 1796 996 ὲν

214 1021 451 1094 λάρνακι
482 1024 837 1091 διασώζεσθαι
867 1033 1289 1101 πρωνὴγγειλεν
1313 1051 1324 1063 ·
1350 1035 1434 1086 ἵνα
1457 1035 1670 1090 πάντων
1689 1037 1796 1090 τῶν

212 1115 463 1186 ἀκαίρων
517 1116 961 1188 ὀλοθρευθὲντων,
1017 1125 1046 1175 6
1081 1125 1280 1195 κόσμος
1337 1128 1676 1200 καθαρισθῇ,
1740 1133 1797 1184 ὲν

213 1208 360 1277 αὐτῇ
395 1207 470 1277 (8)
510 1211 574 1278 τῇ
610 1208 840 1281 λάρνακι
868 1213 1154 1279 διασωθεὶς
1179 1219 1259 1281 εἰς
1291 1218 1548 1291 δευτέραν
1579 1239 1798 1293 περιου-

215 1297 375 1362 σίαν,
407 1300 662 1372 καθαρῶς
699 1303 776 1373 (9)
816 1304 1015 1376 ἀποϐῇ.
1053 1308 1239 1378 Ὅμως
1271 1312 1365 1363 καὶ
1410 1313 1612 1367 τούτων
1644 1330 1794 1382 γενο-

219 1389 425 1459 μένων,
452 1393 500 1444 οἱ
534 1393 812 1466 ἄνθρωποι
830 1396 947 1470 (10)
981 1398 1212 1471 ἤρξαντο
1237 1403 1476 1461 ἀσεϐεῖν,

1898 862 2029 901 cens
2054 861 2068 896 :
2093 845 2198 900 Uni
2230 847 2350 900 viro
2379 847 2530 916 justo
2559 845 2691 910 Noe,
2727 863 2849 901 cum
2883 848 3008 903 ﬁliis
3047 849 3164 904 suis
3216 851 3475 921 (cumque

1899 933 2116 991 illorum
2147 936 2450 996 uxoribusl.
2487 946 2545 991 ut
2585 938 2641 991 in
2675 952 2800 992 arca
2834 947 3190 994 servarentur
3218 956 3473 1010 prainun-

1900 1030 2058 1083 tiavit
2084 1045 2096 1079 :
2125 1045 2258 1099 quo,
2306 1037 2520 1086 cunctis
2565 1034 2747 1100 pravis
2773 1031 3208 1102 importunisque
3239 1033 3473 1088 homini-

1899 1121 2002 1176 bus
2048 1122 2363 1191 peremptis,
2404 1123 2836 1192 purilieationem
2888 1123 3125 1178 mundus
3173 1125 3470 1195 acciperet;

1898 1219 1951 1267 et
1987 1213 2033 1267 is
2084 1212 2175 1282 qui
2225 1211 2290 1266 ad
2326 1213 2621 1268 secundam
2650 1214 2874 1268 humani
2907 1215 3120 1285 generis
3147 1216 3314 1271 vitam
3357 1217 3474 1269 fuc-

1899 1311 1982 1358 rat
2012 1313 2340 1370 reservatus,
2388 1321 2556 1374 purus
2600 1305 2945 1376 mundusque
2989 1306 3313 1363 efficeretur.
3340 1307 3468 1370 Sed,

1898 1396 1984 1450 his
2014 1396 2272 1450 omnibus
2299 1396 2490 1468 gestis,
2525 1411 2720 1454 rursus
2749 1397 3002 1454 homines
3041 1399 3107 1452 ad
3140 1398 3470 1468 impietatem

1897 1496 2200 1543 vertuntur.
2261 1486 2390 1559 Leg.
2450 1488 2742 1557 Recognit.,
2797 1488 2890 1543 lib.
2943 1505 3014 1552 tv,
3069 1503 3195 1558 cap.
3232 1487 3320 1554 12,
3381 1489 3474 1547 15;

1899 1579 2249 1639 Clementina.
2285 1581 2432 1634 hom.
2468 1581 2522 1637 8.
2554 1597 2703 1636 num.
2735 1581 2820 1636 17.

1175 1731 1342 1798 Ibid.,
1376 1748 1498 1803 pag.
1530 1733 1620 1798 62,
1641 1733 1707 1788 de
1727 1727 2016 1790 Mesraiino
2045 1752 2142 1792 seu
2169 1735 2481 1792 Zoroastre.

284 1882 490 1936 Τοῦτον
506 1883 721 1954 ᾐνίξατο
753 1883 976 1958 Πέτρος,
1010 1887 1202 1951 εἰπὼν,
1228 1888 1312 1942 ὅτι
1347 1889 1486 1960 μετὰ
1506 1890 1596 1944 τὸν
1631 1907 1792 1944 κατα-

209 1974 482 2047 κλυσμὸν,
508 1975 669 2030 πάλιν
696 1979 746 2030 οἱ
779 1978 1052 2050 ἄνθρωποι
1083 1979 1298 2033 ἀσεϐεῖν
1327 1981 1580 2053 ἤρξαντο.

1969 1891 2124 1947 Hunc
2165 1893 2344 1946 innuit
2373 1891 2590 1958 Petrus,
2623 1908 2746 1948 cum
2787 1893 2942 1957 dicit,
2972 1894 3119 1964 quod
3161 1902 3282 1964 post
3324 1895 3472 1949 dilu-

1894 1983 2064 2048 vium,
2101 2001 2294 2040 rursus
2342 1985 2593 2042 homines
2641 1983 2805 2056 impie
2844 2001 3004 2058 agere
3033 1997 3340 2057 coeperunt.
3370 1988 3470 2042 Re-

1893 2091 2042 2146 cogn.
2077 2076 2170 2131 lib.
2204 2091 2279 2140 tv,
2309 2089 2434 2145 cap.
2460 2077 2546 2130 15.

1609 2225 1776 2292 Ibid.,
1807 2243 1934 2300 pag.
1961 2229 2053 2285 64.
2119 2262 2124 2268 -

287 2371 450 2439 Λέγει
492 2371 548 2423 δὲ
593 2372 718 2444 περὶ
767 2374 953 2428 τούτου
1000 2373 1204 2447 Πέτρος
1232 2376 1259 2428 ὁ
1287 2375 1584 2439 ἀπόστολος
1616 2377 1696 2440 εὶς
1723 2377 1790 2430 τὰ

1963 2377 2104 2433 Dicit
2145 2388 2323 2435 autem
2355 2379 2422 2436 de
2461 2380 2564 2437 hoc
2589 2379 2941 2454 (Nembrodo)
2965 2380 3158 2437 Petrus
3187 2384 3470 2453 apostolus

213 2462 587 2531 Κλημὲντια,
631 2465 747 2528 πῶς
790 2462 954 2537 ἦρξεν
1010 2468 1090 2530 εἰς
1124 2465 1415 2520 Βαϐυλῶνα
1449 2470 1506 2520 ὲν
1534 2469 1792 2540 Αἰγύπτῳ

212 2554 538 2624 κληρωθεές.
570 2558 705 2628 Φησὶ
736 2557 842 2630 γὰρ
890 2559 1114 2631 Πέτρος·
1159 2553 1326 2624 Οὗτος
1354 2563 1382 2614 6
1410 2559 1635 2634 Νεὸρὼδ
1667 2580 1794 2634 μετ-

209 2651 444 2720 ωκήσας
500 2649 607 2701 ἀπὸ
632 2650 909 2714 Αἰγύπτου
936 2653 1014 2714 εἰς
1044 2652 1358 2724 Ἀσσυρίους
1387 2655 1468 2718 εἰς
1498 2653 1658 2707 Νίνον
1692 2655 1792 2708 πάι

212 2741 326 2804 λιν,
358 2743 424 2814 ἢν
467 2741 674 2795 ἔκτισεν
708 2741 957 2815 Ἀσσοὺρ,
993 2745 1086 2797 καὶ
1115 2745 1306 2808 κτίσας
1341 2745 1438 2817 τὴν
1469 2746 1641 2810 πόλιν,
1672 2748 1795 2818 ἥτις

213 2830 286 2905 ἦν
322 2833 654 2898 Βαϐυλῶνος,
691 2834 827 2907 πρὸς
857 2835 918 2887 τὸ
945 2835 1118 2906 ὄνομα
1145 2837 1244 2908 τῆς
1273 2837 1478 2901 πόλεως
1509 2839 1784 2894 ἐκάλεσεν.

213 2925 392 2980 Αὑτὸν
420 2927 576 2980 Νίνον
607 2927 696 2980 τὸν
720 2927 943 2999 Νεῦρὰῇ
961 2930 1009 2981 οἱ
1027 2929 1296 3000 Ἀσσύριοι
1321 2929 1783 3002 προσηῨόρευσαν.

206 3010 384 3082 Οὗτος
416 3019 987 3090 διδάσκειᾌσσυρξους
1018 3020 1194 3074 σέϐειν
1210 3020 1269 3072 τὸ
1304 3021 1433 3093 πῦρ.
1473 3022 1662 3075 Ἔνθεν
1696 3025 1788 3076 καὶ

213 3111 432 3182 πρῶτον
452 3112 611 3164 αὑτὸν
636 3111 854 3181 βασιλέα
887 3111 1023 3183 μετὰ
1050 3112 1141 3165 τὸν
1196 3112 1577 3184 κατακλυσμὸν
1604 3113 1790 3185 ἐποίη-

214 3221 317 3257 σαν
335 3205 383 3257 οἱ
403 3203 674 3276 Ἀσσύριοι
695 3204 902 3269 τοῦτον,
923 3204 980 3257 ὃν
1004 3204 1580 3276 μετωνόμασανΝινον.
1605 3205 1789 3258 Ταῦτα

213 3295 424 3366 Πέτρος
451 3297 578 3367 περὶ
608 3295 816 3350 τούτου.

1895 2469 1952 2525 in
1983 2469 2345 2537 Clementinis,
2377 2474 2651 2542 quomodo
2676 2473 2951 2546 Babylone
2991 2475 3292 2545 imperarit,
3343 2491 3466 2529 cum

1894 2559 2190 2632 .‘Egyptum
2257 2563 2486 2618 sortitus
2537 2571 2702 2618 esset.
2755 2563 2845 2618 Ait
2895 2563 3041 2618 enim
3074 2562 3272 2618 Petrus
3312 2579 3326 2614 :
3372 2562 3469 2616 Hic

1892 2650 2236 2706 Nembrodus
2277 2666 2344 2707 ex
2368 2651 2606 2725 Egypto
2651 2652 2718 2707 ad
2749 2653 3005 2726 Assyrios
3033 2653 3382 2725 demigravit,
3415 2663 3470 2708 et

1892 2742 2121 2798 Ninivcn
2150 2743 2417 2798 habitavit
2442 2760 2606 2815 quam
2637 2745 2813 2800 Assur
2841 2745 3114 2812 condidit;
3149 2754 3311 2816 atque
3339 2743 3470 2799 tedi-

1897 2835 2052 2890 ﬁcata
2094 2836 2226 2891 urbe
2258 2852 2378 2906 qua:
2413 2844 2530 2891 erat
2567 2836 2830 2908 Babylon,
2864 2837 2934 2893 de
2971 2837 3193 2893 nomine
3229 2837 3471 2892 civitatis

1893 2927 2203 2998 appellavit.
2245 2927 2614 2984 Nembrodum
2645 2927 2856 2999 Assyrii
2884 2927 3084 2983 Ninum
3115 2936 3466 2985 vocaverunt.

1895 3018 1995 3073 llic
2021 3019 2276 3091 Assyrios
2306 3020 2496 3075 docuit
2541 3021 2720 3092 ignem
2754 3021 2955 3076 colere.
2989 3018 3144 3076 Unde
3177 3028 3303 3092 post
3329 3021 3464 3074 dilu-

1894 3111 2041 3164 vium
2071 3109 2219 3164 hunc
2249 3111 2423 3182 ipsum
2449 3112 2684 3182 primum
2712 3112 2923 3182 Assyrii
2956 3118 3218 3166 crearunt
3257 3126 3466 3182 regem,

1893 3217 2054 3271 quem
2076 3200 2274 3256 Ninum
2306 3203 2842 3258 transnominarunt.
2879 3201 2986 3256 lsta
3015 3201 3211 3258 Petrus
3247 3202 3315 3256 de
3354 3201 3465 3255 illo.

1893 3291 2037 3362 Lege
2081 3291 2376 3362 Recognit.,
2429 3293 2527 3349 lib.
2572 3309 2611 3358 ι,
2664 3308 2785 3363 cap.
2811 3291 2916 3358 30;
2970 3292 3066 3347 lib.
3096 3309 3171 3360 iv,
3222 3307 3326 3360 cap
3375 3289 3474 3349 29;

1893 3383 2244 3450 Clementiae,
2267 3385 2452 3440 liomil.
2477 3386 2533 3452 9,
2567 3399 2720 3440 num.
2745 3384 2800 3447 ι,
2828 3391 2934 3438 etc.

1786 3543 1900 3600 ΧΠ.

1153 3698 1496 3768 Auantius,
1532 3697 1610 3755 De
1644 3697 1888 3756 laudibus
1925 3698 2267 3769 virginitatis,
2293 3713 2414 3770 cap.
2453 3698 2538 3754 12.

289 3857 543 3912 Clemens
577 3857 689 3928 (Η)
737 3856 978 3913 caelestis
1036 3855 1371 3912 clavicularii
1402 3872 1613 3927 primus
1669 3872 1797 3912 suc-
1824 3868 1865 3925 ο
1899 3857 2123 3913 credere
2147 3855 2229 3911 l'as
2251 3864 2335 3911 est
2382 3872 2506 3911 eum
2531 3865 2654 3928 post
2692 3863 2915 3928 accepta
2966 3855 3090 3912 ﬁdei
3135 3857 3466 3914 rudimenta.

213 3965 430 4014 cessor,
453 3957 508 4005 et
535 3951 811 4007 secundus
845 3949 1101 4004 Romanae
1145 3949 1402 4004 Ecclesia:
1422 3949 1791 4020 dispensator,

216 4045 554 4115 (quanquam
591 4044 836 4098 nonnulli
869 4043 1063 4098 Linum
1099 4053 1152 4098 et
1199 4043 1413 4098 Cletum
1454 4043 1510 4098 in
1574 4045 1793 4114 pontiﬁ-

215 4143 377 4191 catus
404 4136 691 4206 regimine,
722 4136 1094 4206 nequidquam
1110 4135 1229 4190 sine
1256 4150 1446 4199 causa,
1481 4135 1790 4207 praeferant)

215 4228 366 4298 quod
401 4231 680 4284 caalibatus
707 4229 1109 4292 castimoniam,
1142 4228 1303 4284 etiam
1328 4237 1622 4294 antequam
1653 4229 1793 4283 salu-

213 4322 383 4376 til‘ero
413 4322 628 4376 lavacro
662 4322 916 4392 baptismi
946 4337 1181 4384 mersus,
1209 4321 1276 4374 ab
1297 4320 1547 4389 originali
1582 4322 1791 4389 piaculo

216 4422 573 4486 purgaretur,
605 4415 922 4468 medullitus
947 4413 1218 4477 dilexerit,
1263 4414 1379 4482 ipse
1416 4413 1650 4482 propriis
1702 4413 1790 4467 lit-

216 4517 462 4561 terarum
493 4506 738 4576 apicibus
776 4507 1056 4577 propalam
1086 4513 1343 4571 testatur,
1393 4505 1618 4562 dicens:
1681 4503 1789 4576 Ego

214 4601 460 4654 Clemens
493 4601 545 4653 in
583 4601 708 4654 urbe
737 4599 905 4652 Roma
949 4607 1129 4660 natus,
1165 4615 1198 4651 a
1225 4599 1401 4664 prima
1434 4609 1589 4653 (etate
1637 4599 1792 4667 pudi-

212 4695 362 4748 cilia:
393 4694 629 4748 studium
657 4695 813 4764 gessi.
843 4693 984 4763 Ergo
1017 4693 1062 4747 si
1092 4692 1238 4762 quod
1275 4693 1788 4762 praestantissimum

211 4801 345 4840 esse
374 4793 592 4839 constat
624 4785 678 4838 in
703 4785 915 4840 cunctis
941 4785 1204 4860 virtutum
1235 4784 1519 4854 gradibus,
1566 4793 1619 4840 et
1647 4800 1795 4838 mor-

214 4878 411 4930 talium
439 4885 648 4932 natura:
675 4877 1048 4931 didicillimum
1069 4918 1084 4940 ,
1117 4877 1357 4931 nondum
1415 4885 1792 4947 regeneratus,

212 4969 328 5025 sibi
362 4986 636 5041 usurpans
663 4977 950 5039 tantopere
1009 4978 1328 5035 laxaverat,
1360 4977 1568 5040 quanto
1620 4968 1797 5040 magis

1899 3957 2085 4020 spreto
2114 3949 2396 4018 gentilium
2423 3950 2554 4013 ritu,
2579 3949 2708 4003 dum
2742 3964 2839 4020 per
2889 3948 3202 4020 provincias
3247 3949 3469 4006 Petrum

1897 4049 2244 4112 sequeretur,
2278 4041 2450 4096 divini
2476 4041 2629 4096 verbi
2656 4040 2867 4096 semina
2899 4049 3199 4107 serentem,
3258 4050 3314 4097 et
3347 4058 3474 4113 pro-

1895 4134 2122 4204 pagines
2152 4131 2476 4203 evangelicae
2515 4133 2645 4188 vitis
2673 4133 3015 4188 credentium
3053 4133 3343 4189 scrobibus
3377 4149 3475 4205 pa-

1896 4227 2214 4290 stinantem,
2248 4235 2411 4295 atque
2441 4223 2730 4280 Simonicae
2759 4225 3041 4280 lethiferas
3084 4228 3475 4281 necromantia

1843 4344 1848 4351 -
1895 4320 2178 4376 labruscas
2217 4318 2482 4374 radicitus
2512 4318 2939 4388 exstirpantem;
2971 4318 3188 4388 plenius
3211 4333 3276 4373 ac
3298 4319 3474 4388 perfe-

1895 4413 2039 4466 ctius
2076 4411 2412 4467 servavisse:
2450 4410 2544 4480 qui
2587 4409 2848 4480 deinceps
2899 4409 3246 4466 ltinerarium
3301 4410 3471 4479 Petri,

1894 4506 2080 4559 decem
2111 4503 2481 4558 voluminibus
2511 4502 2809 4573 digestum,
2833 4503 2956 4557 luce
2979 4503 3185 4558 clarius
3208 4503 3471 4565 elimavit,

1895 4598 2094 4652 Ruﬁno
2127 4597 2180 4651 iu
2208 4597 2461 4651 Latinum
2519 4612 2587 4650 ex
2619 4595 2932 4651 Graecorum
2963 4596 3314 4651 bibliothecis
3355 4613 3475 4650 ver-

1895 4701 2059 4747 tente.
2077 4690 2206 4762 Lege
2230 4690 2494 4760 Recogn.,
2518 4688 2608 4744 lib.
2631 4705 2670 4753 ι,
2689 4705 2806 4758 cap.
2830 4690 2878 4744 Ι.
2909 4690 3215 4746 Adeundum
3242 4689 3475 4758 ejusdem

1900 4801 2112 4839 carmen
2143 4784 2217 4839 De
2249 4785 2407 4839 laude
2438 4783 2729 4854 virginum,
2762 4800 2820 4836 eo
2852 4783 2965 4837 loco
3011 4784 3066 4836 in
3117 4799 3217 4853 quo
3249 4781 3313 4835 de
3356 4781 3475 4836 Cle-

1903 4889 2072 4932 mente
2096 4880 2222 4948 agit.

1784 5079 1920 5134 Xltl.

327 5194 500 5264 ΒευΑ,
527 5197 581 5251 in
608 5196 990 5260 Hexaemeron,
1019 5197 1153 5262 sive,
1176 5204 1235 5249 ut
1262 5195 1352 5249 alii
1371 5194 1509 5250 falso
1532 5194 1864 5256 inscribunt,
1895 5191 2160 5254 JL'NILIUS,
2194 5191 2246 5245 in
2278 5191 2457 5260 priora
2488 5189 2762 5244 Geneseos
2787 5201 2801 5238 :
2832 5186 2898 5240 ad
2928 5184 3062 5239 Gen.
3089 5199 3129 5250 ι,
3153 5182 3207 5245 6,
3234 5182 3283 5244 7,
3305 5182 3355 5238 8.

293 5315 370 5369 be
403 5321 486 5369 Ins
511 5331 642 5370 sane
661 5329 780 5385 quae
807 5315 1074 5368 hactenus
1096 5312 1343 5382 exposita
1365 5320 1514 5376 sunt,
1547 5311 1598 5365 id
1629 5311 1790 5366 etiam
1827 5312 1871 5370 ο
1899 5308 1971 5362 cti
1993 5307 2290 5362 Clementis
2314 5314 2385 5359 ita
2414 5312 2649 5360 refertur
2672 5302 2784 5372 (12)
2817 5301 3021 5356 dixisse
3047 5298 3350 5368 apostolum
3373 5293 3471 5350 Pe-

214 5410 289 5464 de
329 5409 608 5463 creatione
638 5406 744 5461 diei
772 5405 933 5477 primi
959 5412 1013 5459 et
1041 5405 1267 5460 secundi
1299 5406 1355 5459 in
1380 5404 1619 5460 Historia
1663 5420 1791 5460 san-

292 5546 369 5683 56;
403 5548 661 5614 Κλημῐῳ.
698 5544 861 5599 Forte
901 5545 1196 5616 Κλήμεντι.

317 5619 346 5668 7
401 5616 527 5669 Ἔν.
561 5616 688 5683 Leg.
716 5616 794 5668 ἐνί
824 5632 952 5668 τινι.

317 5616 369 5683 7)
401 5616 527 5669 Ἔν.
561 5616 688 5684 Leg.
716 5616 794 5668 ἐνί
824 5632 952 5668 τινι.

293 5684 370 5756 (8)
419 5689 513 5739 Ἑν
543 5686 715 5754 αὐτῇ.
753 5685 1016 5756 Ρτεροηο
1049 5686 1160 5738 καί.

291 5760 368 5826 (9)
403 5756 699 5824 Hadr/1.6m.
732 5755 892 5826 Forte
924 5755 1178 5826 καθαρός.

291 5815 402 5900 (ιὸ)
413 5832 473 5880 01
493 5815 978 5895 ᾱιῗθρὼποιῘοιίε
1003 5815 1438 5898 ριέωίιὶιιειιᾱυω
1468 5822 1647 5879 πάλιν.

1901 5408 2075 5454 trum:
2111 5399 2175 5453 1η
2207 5397 2481 5468 principio,
2510 5413 2626 5451 cum
2653 5396 2880 5465 fecisset,
2927 5402 3059 5456 etc.,
3103 5391 3320 5460 inferior
3355 5407 3471 5444 vero

1974 5542 2085 5612 (Η)
2117 5539 2229 5612 Hoc
2244 5537 2513 5612 Aldhelmi
2542 5530 3090 5612 testimoniumqud
3115 5528 3325 5612 mendis
3347 5543 3473 5612 sca-

1902 5597 2264 5670 tet‘in'editis.
2298 5609 2534 5663 Grabius
2565 5607 2620 5660 in
2650 5604 2837 5672 Spicil.
2862 5597 2978 5659 PP.
3004 5611 3136 5672 tomi.
3164 5599 3300 5672 I,p.
3337 5597 3468 5656 280.

1900 5683 2114 5753 egregie
2149 5680 2382 5753 restituit
2427 5695 2494 5732 ex
2526 5692 2627 5732 ms.
2663 5671 2785 5730 eod.
2819 5673 3068 5730 biblioth.
3105 5671 3257 5726 Bodl.
3299 5684 3468 5739 quem

1901 5751 2320 5822 proindesecuti
2354 5763 2564 5822 sumus.

1975 5823 2081 5889 (12)
2115 5821 2371 5874 Refertur.
2399 5821 2481 5875 Al.
2524 5819 2774 5888 referunt.
