3976 6340
553 367 707 424 ἤιξε-1
1381 361 1437 417 S.
1471 355 1861 416 CLEMENTIS
1892 354 1915 410 Ι
1948 354 2114 413 ROM.
2154 351 2355 411 PONT.
2391 349 2617 409 OPERA
2652 348 2874 406 DUBIA.
3590 352 3692 406 nos

571 480 819 555 prabet-et
851 478 1163 537 hominibus.
1205 477 1331 535 Haec
1358 487 1548 539 nostro
1576 478 1725 550 operi
1753 476 1942 549 paucis
1985 477 2129 532 inse-
2161 478 2207 540 Α
2235 473 2345 541 det,
2371 471 2543 527 lector
2564 476 2843 542 agnoscat.
2878 465 3293 538 Recognitionum
3332 463 3413 519 lib.
3441 479 3489 533 I,
3525 469 3701 537 cupii.

573 576 909 639 rem-libuit,
940 583 999 630 ut
1023 582 1286 646 quantum
1324 574 1426 630 hoc
1448 573 1668 628 Patrum
1698 574 1882 628 sensui
1910 584 2140 627 concor-

1749 746 1895 803 ldem
1925 759 2091 811 usus,
2123 745 2179 799 in
2210 743 2462 798 Actorum
2488 758 2545 809 ν,
2578 740 2665 800 54.

644 910 1059 974 lMumaliel,
1085 917 1146 963 ut
1173 908 1424 965 Clemens
1470 906 1717 970 indicat,
1767 905 2138 976 apostolorum
2243 902 2385 974 apud
2432 899 2670 965 Judaros,
2733 907 2796 955 ut
2855 913 3043 955 eorum
3099 897 3155 953 in
3196 897 3288 951 tali
3325 897 3514 952 turbine
3572 908 3709 968 posset

575 1014 700 1063 erat
720 1007 782 1061 in
797 1004 915 1060 .lide
941 1004 1148 1068 socius,
1179 1002 1275 1059 sed
1302 1016 1499 1058 eorum.
1522 1000 1761 1055 consilio
1809 1010 2141 1070 permanens
2244 998 2439 1054 sedare
2481 995 2739 1051 furorem.
2822 1042 2825 1045 ,

1412 1138 1541 1194 lusu
1574 1139 1629 1193 in
1658 1135 2046 1193 Retractatione
2080 1138 2134 1191 in
2166 1136 2323 1203 Acta,
2360 1136 2427 1191 ad
2455 1135 2704 1192 eumdem
2740 1135 2938 1189 locum.

642 1301 845 1358 Dehoe
875 1292 1177 1354 Gamaliele
1199 1305 1253 1354 et
1278 1299 1334 1353 in
1352 1296 1492 1352 libro
1515 1296 1691 1353 sancti
1720 1295 2015 1350 Clementis
2057 1294 2138 1349 le—
2247 1302 2517 1366 posrtione
2549 1293 2690 1347 facta
2723 1295 2827 1346 est.
2889 1286 3155 1359 Apparuit
3202 1301 3425 1357 namque
3474 1286 3520 1343 in
3561 1290 3709 1348 visione

576 1398 774 1468 gimus,
801 1393 937 1465 quia
966 1392 1268 1462 discipulus
1291 1392 1663 1461 apostolorum
1693 1390 1905 1445 occulte
1930 1388 2094 1445 fuerit
2120 1406 2136 1457 ;
2246 1396 2435 1444 sancto
2463 1385 2556 1442 Dei
2576 1385 2780 1440 famulo
2808 1393 2860 1439 et
2890 1383 3210 1455 presbytero
3230 1380 3456 1437 Luciano
3476 1422 3489 1447 ,
3536 1390 3582 1437 ut
3610 1383 3707 1440 idem

575 1490 671 1544 sed
695 1498 883 1543 eorum
932 1487 1158 1541 consilio
1194 1486 1342 1539 inter
1382 1478 1618 1548 Iudmos,
1658 1482 1727 1537 ad
1775 1483 2136 1554 mitigandum
2245 1480 2518 1537 Lucianus
2544 1479 2829 1551 presbyter
2883 1477 3227 1549 postmodum
3258 1476 3491 1532 omnibus
3520 1475 3710 1533 Ecclesiis

574 1595 762 1634 eorum
782 1578 1041 1645 furorem,
1067 1578 1159 1632 ubi
1184 1578 1482 1632 necessitas
1504 1575 1790 1646 ingruerit,
1821 1576 1892 1630 sit
1916 1590 2140 1633 manere
2247 1575 2497 1644 scripsit;
2529 1582 2581 1629 et
2603 1573 2697 1629 ubi
2726 1578 2948 1628 sanctus
2980 1570 3290 1641 Stephanus
3316 1579 3449 1626 esset
3469 1572 3708 1636 tumulatus,

576 1678 902 1741 praeceptus.
942 1669 1047 1725 Sed
1078 1671 1180 1725 hoc
1210 1670 1285 1725 ita
1311 1685 1431 1725 esse
1458 1669 1726 1724 veraciter
1746 1675 1982 1740 gestum,
2015 1685 2141 1725 cer-
2174 1734 2209 1741 _
2246 1666 2410 1724 simul
2441 1674 2495 1721 et
2517 1664 2867 1730 Nicodemus,
2901 1663 2992 1734 qui
3026 1662 3308 1717 Dominum
3341 1678 3452 1718 cum
3476 1661 3632 1733 Joseph
3653 1680 3715 1717 se-

575 1734 787 1818 tissime
819 1763 979 1818 hodie
1009 1779 1104 1832 per
1134 1762 1517 1818 revelationem
1550 1734 1905 1832 reliquiarum
1940 1734 2144 1819 beatis-
2174 1734 2216 1790 Β
2244 1759 2450 1833 pelivit,
2482 1773 2691 1813 necnon
2721 1764 2774 1813 et
2806 1758 2922 1827 ipse
2943 1755 3206 1811 Gamaliel
3233 1770 3354 1810 cum
3382 1756 3482 1810 lilio
3516 1771 3595 1811 suo
3622 1754 3712 1808 Abi-

575 1854 698 1909 sinii
724 1856 1140 1927 protomartyris
1160 1855 1420 1926 Stephani
1443 1856 1655 1911 cunctis
1678 1856 1786 1910 late
1805 1855 2010 1911 Christi
2039 1854 2143 1910 Ec-
2247 1855 2376 1918 ben,
2423 1851 2749 1909 suavissima
2794 1849 3112 1906 ostensione
3168 1847 3460 1921 perdocuit.
3518 1847 3713 1917 Recogita.

573 1945 757 2003 clesiis
785 1948 1044 2014 innotuit,
1075 1964 1196 2019 qua:
1212 1964 1310 2021 per
1331 1950 1580 2006 eumdem
1611 1952 1793 2006 virum
1816 1950 1999 2007 divina
2024 1951 2137 2008 dis—
2246 1947 2342 2005 lib.
2374 1962 2413 2014 I,
2442 1961 2561 2016 cap.
2589 1945 2679 2011 56,
2720 1954 2827 2001 etc.

1590 2130 1720 2186 lusu
1744 2130 1839 2188 lib.
1871 2128 1948 2185 De
1980 2130 2185 2185 ratione
2217 2139 2527 2198 temporum,
2562 2144 2681 2200 cap.
2709 2128 2761 2183 5.

648 2287 891 2358 Denique
913 2294 1135 2342 sanctus
1167 2286 1417 2343 Clemens
1463 2287 1836 2359 apostolorum
1894 2287 2141 2358 eiseipu-
2251 2300 2473 2356 scopus,
2505 2299 2560 2338 In
2588 2292 2741 2340 sexto
2771 2281 3135 2339 Historiarum
3159 2296 3385 2339 suarum
3413 2280 3533 2337 libro
3550 2278 3606 2332 ita
3623 2276 3716 2332 mir

579 2381 685 2448 lus,
717 2388 770 2437 et
792 2378 1049 2436 Romanis
1079 2372 1335 2437 Ecclesia:
1365 2381 1560 2437 tertius
1611 2388 1734 2454 post
1761 2378 1982 2436 Petrum
2023 2381 2141 2452 epi-
2249 2379 2365 2435 bit:
2402 2378 2466 2434 In
2487 2379 2743 2449 principio
2765 2376 2891 2448 fecit
2920 2376 3083 2443 Deus,
3117 2382 3229 2433 etc.
3261 2374 3492 2446 Recogn.,
3520 2372 3592 2427 lib.
3614 2387 3665 2426 τι.

2107 2515 2245 2573 XIV.

1566 2669 1906 2730 Nicsruows
1935 2670 2071 2738 CP.,
2099 2672 2156 2729 in
2190 2672 2296 2728 line
2326 2672 2807 2747 Chronographiac.

817 2828 897 2889 Ea:
912 2831 1157 2888 versione
1179 2829 1455 2887 Anastasii
1492 2829 1904 2891 Bibliothecarii.

653 2924 720 2982 Et
752 2938 873 2997 quae
894 2922 1029 2980 Novi
1053 2920 1430 2998 (Tesmmenti)
1455 2931 1584 2982 Sunt
1612 2927 1949 2999 apocrypha:
1977 2925 2142 2984 ltine-
2170 2918 2214 2977 C

2170 2918 2214 2977 (Γ.
2315 2924 2424 2979 Καὶ
2452 2925 2679 2996 56117];
2703 2924 2846 2989 Νέας
2879 2925 3015 2979 εἰσὶν
3053 2924 3381 3000 ἀπόκρυφα.
3410 2924 3619 2997 Περίοδος
3643 2922 3718 2992 (l3)

582 3017 785 3073 rarium
814 3013 985 3082 Petri,
1015 3028 1208 3073 versus
1234 3026 1430 3083 nuncc,
1455 3026 1562 3081 etc,

1425 3026 1562 3081 ,etc.
2251 3015 2478 3088 Πέτρου,
2515 3016 2686 3088 στίχοι
2734 3016 2832 3088 ,βψ
2865 3016 2995 3089 (14).

2111 3196 2229 3256 XV.

936 3354 1246 3411 Acousnous
1266 3354 1409 3409 libro
1431 3353 1508 3408 De
1533 3352 1781 3409 ladaicis
1805 3355 2283 3425 superstitionibus,
2317 3372 2435 3426 cap.
2473 3356 2539 3412 16
2560 3356 2692 3414 edit.
2729 3357 2937 3424 Baluz.,
2970 3364 3105 3414 tom.
3141 3356 3185 3426 l,
3219 3374 3343 3431 pag.
3369 3359 3453 3415 85.

654 3511 760 3567 Sed
794 3519 848 3568 et
881 3510 937 3566 in
985 3509 1144 3565 libris
1197 3509 1527 3574 Clementis,
1576 3508 1836 3565 Ecclesiae
1888 3508 2144 3565 Romanae
2250 3521 2405 3583 post:
2441 3507 2608 3567 Nemo
2632 3529 2751 3584 ergo
2783 3527 3009 3567 vestrum
3036 3516 3393 3579 contristetur,
3412 3514 3543 3577 ait,a
3565 3513 3723 3566 consitio

580 3604 889 3675 pontiﬁcis,
920 3603 1275 3659 inveniuntur
1303 3603 1485 3674 aliqua
1533 3618 1563 3656 a
1623 3617 1788 3672 supra
1844 3611 2146 3658 memorato
2250 3614 2430 3659 nostra
2460 3615 2755 3674 separatus.
2787 3605 2961 3661 Parvo
2990 3609 3127 3661 enim
3168 3615 3396 3677 tempore
3432 3614 3722 3679 sequestratur,

578 3698 833 3770 apostolo
861 3694 1066 3768 (Petro)
1097 3695 1163 3750 de
1214 3695 1379 3766 hujus
1431 3695 1511 3751 rei
1557 3696 1941 3751 observatione
1978 3697 2143 3763 dicta,
2250 3697 2456 3766 quicito
2486 3698 2704 3751 voluerit
2729 3698 3027 3766 baptizari;
3060 3699 3229 3753 multo
3255 3700 3539 3770 autem,qui
3565 3698 3722 3751 tardius.

582 3806 704 3865 qua:
731 3790 786 3844 in
839 3788 925 3844 his
955 3788 1193 3843 inserere
1236 3804 1346 3843 non
1389 3788 1755 3859 incongruum
1809 3789 2146 3845 existimavi-
2252 3787 2321 3841 Et
2348 3788 2461 3843 ideo
2484 3789 2538 3843 in
2573 3789 2713 3844 vobis
2734 3800 2834 3854 est,
2866 3789 3076 3861 quando
3112 3790 3307 3857 uelitis,
3334 3790 3400 3845 ad
3431 3799 3628 3844 nostram
3648 3803 3726 3840 ωι-

583 3897 723 3936 nms.
757 3878 913 3947 Nam,
938 3880 1062 3935 licet
1096 3880 1258 3935 iidem
1301 3880 1426 3935 libri
1468 3880 1778 3951 iudicentur
1819 3882 2146 3954 apocryphi;
2249 3883 2425 3937 venire
2450 3899 2712 3948 mensam;
2761 3893 2813 3937 et
2843 3901 2946 3938 non
2985 3885 3042 3939 in
3072 3884 3247 3949 nobis,
3281 3885 3461 3956 quibus
3495 3882 3723 3952 permissum

584 3972 842 4044 pleraque
886 3979 1067 4026 tamen
1114 3987 1182 4027 ex
1230 3971 1317 4027 bis
1341 3971 1685 4050 _testimonia
1726 3972 2080 4028 inveniuntur
2115 3990 2147 4029 a
2248 3990 2354 4028 non
2383 3982 2459 4028 est
2480 3989 2682 4029 sumere
2710 3991 2829 4029 cum
2869 3975 3047 4045 aliqua
3078 3974 3275 4044 cibum,
3320 3977 3422 4031 nisi
3459 3976 3584 4044 prius
3618 3972 3727 4041 funt

580 4063 897 4119 doctoribus
926 4074 1206 4135 usurpata.
1236 4062 1538 4119 Introducit
1565 4079 1695 4136 ergo
1719 4063 1991 4129 Clemens,
2021 4080 2147 4121 cum
2249 4064 2569 4134 baptizatus.
2612 4065 2738 4122 Haec
2766 4066 2831 4121 de
2854 4067 3074 4137 scriptis
3104 4066 3403 4125 Clementis
3430 4063 3681 4123 necessario
3703 4076 3726 4113 8

582 4155 816 4211 necdum
844 4164 988 4237 esset
1013 4156 1269 4226 baptismi
1293 4155 1467 4227 gratia
1496 4156 1839 4226 puriﬁcatus,
1870 4164 1923 4212 et
1947 4157 2019 4212 ob
2047 4158 2149 4213 hoc
2249 4159 2408 4212 nobis
2434 4153 2645 4228 prolata
2691 4162 2837 4229 sint;
2863 4162 3171 4220 volentibus
3203 4163 3479 4219 evidenter
3496 4156 3727 4218 ostendere.

583 4262 613 4298 a
646 4250 830 4301 mensa
868 4242 1016 4302 Petri
1035 4262 1159 4301 cum
1193 4247 1407 4303 caeteris
1444 4247 1715 4304 similibus
1748 4258 2146 4321 sequestratus,
2250 4251 2318 4306 ab
2352 4252 2885 4327 apostolistraditam
2910 4254 3076 4325 hujus
3124 4257 3201 4312 rei
3238 4255 3629 4327 antiquissimam
3662 4248 3729 4303 ob-

582 4337 831 4394 c-nmdem
864 4340 1172 4408 apostolum
1195 4339 1504 4411 loquentem
1536 4338 1638 4394 sibi
1664 4339 1750 4397 bis
1777 4341 1958 4396 verbis
1983 4358 1996 4393 :
2026 4340 2148 4396 Non
2181 4379 2226 4437 Β
2252 4326 2633 4401 servationem.
2662 4345 2805 4402 Vera
2830 4347 2975 4403 enim
2999 4357 3053 4404 et
3078 4348 3179 4404 ista
3202 4326 3448 4405 ducenda
3472 4354 3613 4412 sunt;
3632 4350 3730 4399 eteo

580 4444 674 4496 pro
712 4430 975 4499 superbia,
1005 4448 1034 4485 ο
1056 4429 1316 4499 Clemens,
1350 4432 1637 4485 convivium
1668 4449 1772 4486 non
1798 4450 1896 4504 ago
1925 4450 2042 4487 cum
2064 4433 2143 4489 his
2181 4429 2217 4437 ⁷
2249 4437 2508 4504 maxime,
2545 4454 2657 4508 quo
2684 4439 2754 4494 ab
2783 4440 3101 4510 apostolicis
3115 4441 3349 4497 Actibus
3375 4442 3431 4496 in
3449 4438 3579 4495 nullo
3596 4434 3726 4490 riden-

580 4522 669 4590 (ινιιὶ
692 4524 921 4576 nondum
943 4525 1210 4592 puriﬁcati
1231 4533 1387 4587 sunt;
1413 4522 1502 4577 sed
1522 4540 1719 4591 vereor,
1751 4540 1814 4579 ne
1852 4525 1988 4594 forte
2016 4525 2146 4579 mihi
2248 4537 2338 4583 tur
2364 4528 2694 4602 discrepare.
2726 4529 2850 4603 Leg.
2879 4530 3146 4606 Recogn.,
3176 4532 3272 4589 lib.
3304 4549 3367 4599 ιι,
3393 4549 3500 4603 cap.
3527 4530 3599 4593 71,
3624 4525 3687 4582 Ἡ.

580 4613 787 4682 quidem
807 4631 1039 4682 noceam,
1073 4617 1199 4684 ipsis
1250 4626 1424 4670 autem
1453 4616 1587 4670 nihil
1611 4614 1828 4684 prosim.
1884 4616 1950 4671 Et
1979 4618 2144 4689 paulo

1417 4770 1752 4838 Fascunrus,
1787 4784 1920 4830 tom.
1950 4769 2016 4839 ll,
2047 4700 2253 4841 ὶὶιέἵιιί
2278 4785 2400 4846 cap.
2428 4774 2494 4830 10
2539 4774 2940 4831 Chronicorum.

650 4926 797 4984 Idem
844 4945 1079 5000 namque
1114 4931 1462 4987 beatissimus
1510 4931 1763 4986 Clemens
1810 4930 1926 4984 suis
1980 4928 2148 4985 refert
2252 4930 2396 4985 enim
2428 4932 2570 4985 inter
2598 4940 2825 4987 caetera:
2859 4931 2999 4985 Dum
3026 4941 3161 4986 esset
3201 4933 3332 4986 mihi
3376 4945 3532 4984 comes
3569 4924 3729 4995 optim

580 5021 801 5091 scriptis
825 5062 840 5086 ,
877 5024 1112 5093 qualiter
1147 5024 1214 5079 ad
1269 5024 1426 5079 ﬁdem
1470 5026 1782 5095 perveniret
1830 5023 2059 5087 Christi,
2091 5032 2146 5078 et
2251 5024 2672 5077 immortalitatis
2702 5023 2913 5093 cupido,
2937 5032 3044 5078 etc.
3072 5022 3357 5095 Recognit.,
3389 5022 3473 5077 lib.
3504 5036 3537 5083 ι,
3564 5011 3727 5085 (ημῖν

579 5111 881 5184 discipulus
896 5114 1041 5170 Petri
1070 5131 1133 5172 ae
1157 5116 1468 5171 individuus
1498 5132 1684 5173 comes
1707 5117 2029 5189 baeret(15).
2054 5116 2147 5169 Ait
2250 5114 2304 5179 6,
2343 5116 2392 5179 7,
2428 5115 2515 5179 1‘2,
2548 5124 2654 5170 etc.

2109 5227 2273 5285 XVII.

1612 5347 1861 5409 Pisones,
1899 5344 2234 5400 Bibliotheca:
2265 5346 2407 5401 codd
2453 5360 2589 5410 cm,
2618 5362 2772 5401 cxm.

648 5480 811 5539 Lecta
830 5492 957 5537 sunt
976 5482 1270 5539 Clementis
1288 5482 1517 5539 Romam
1548 5495 1657 5539 auo
1674 5483 1949 5538 votumina
1969 5482 2142 5536 libro-

2334 5479 2667 5553 ’Λνεγνώσθη
2698 5483 3007 5555 Κλήμεντος
3036 5483 3128 5538 τοῦ
3160 5481 3373 5554 Ῥώμης
3400 5478 3545 5549 τεύχη
3570 5468 3726 5569 β

582 5590 700 5630 rum
728 5597 741 5632 :
776 5588 1008 5645 quorum
1041 5576 1207 5640 aliud,
1241 5585 1371 5641 etc.,
1406 5578 1637 5632 alterum
1661 5590 1810 5633 vero.
1838 5576 2141 5633 dedicatio-

2253 5576 2344 5629 δύο
2370 5594 2383 5607 ·
2421 5569 2495 5631 ὧν
2520 5577 2580 5630 τὸ
2614 5577 2731 5647 μὲν,
2763 5586 2891 5643 etc.,
2924 5578 2985 5630 τὸ
3012 5578 3068 5631 δὲ
3100 5578 3195 5651 τὴν
3221 5573 3591 5649 προσφώνηστν,
3616 5565 3723 5623 GK"

681 5712 767 5852 15;
796 5711 1093 5779 Περίοδος.
1137 5712 1220 5766 Al.
1248 5712 1504 5783 περίοδοι.

684 5780 743 5835 14
793 5783 953 5850 ,Βψκ
982 5783 1062 5835 ΔΙ.
1098 5782 1257 5852 ,βψηκ

2324 5709 2433 5777 (iiii
2472 5710 2667 5766 liceret.
2704 5709 2866 5767 Forte
2897 5712 3134 5771 limaret.

684 5780 764 5852 l4)
793 5783 953 5850 .Bgr'.
982 5783 1062 5835 Al.
1098 5782 1257 5852 ,ptrg.
