3976 6340
228 250 367 306 τίω

1294 248 1947 309 RECOCN.TIO.\‘ES.-—
1985 248 2349 309 ΡιιοαειιιΑ.

3349 257 3487 315 ΙΙῗο

219 364 513 438 ἐπιστολῆς
585 366 749 433 εῖδει,
809 367 947 440 πρὸς
1020 366 1275 421 Ἰάκωϐον
1330 368 1421 421 τὸν
1487 365 1806 436 ἀδελφόθεον

1914 382 2038 422 nem
2061 374 2114 422 et
2139 367 2549 434 allocutionem,
2571 368 2719 425 velut
2742 368 2798 424 in
2821 368 2997 425 forma
3020 369 3299 443 Episto.:e,
3323 372 3490 431 habet

221 463 475 514 ποιεῖται.
491 458 580 514 Ἑν
599 453 643 529 ᾧ
676 462 739 515 ατ
759 480 817 515 τε
844 462 1132 535 λεγόμεναι
1152 461 1246 515 τοῦ
1274 461 1570 515 ἀποστόλου
1592 460 1803 533 Πέτρου

224 550 476 623 Πράξεις,
512 554 605 606 καὶ
633 554 689 609 αἰ
721 555 859 627 πρὸς
888 554 1106 627 Σίμωνα
1139 555 1230 609 τὸν
1280 554 1470 623 Μάγον
1517 553 1802 619 διαλέξεις,

218 647 316 699 καὶ
341 644 421 699 ἑτι
454 648 481 699 ό
512 648 952 720 ’Δναγνωρισμὺς
974 649 1307 720 Κλήμεντος,
1330 648 1423 703 καὶ
1453 646 1548 701 τοῦ
1572 647 1801 720 πατρὸς,

217 742 316 795 καὶ
340 740 449 795 τῶν
470 742 644 797 ἄλλων
673 742 944 813 ἀδελφῶν.
972 742 1065 796 Διὸ
1088 744 1182 795 καὶ
1215 742 1272 796 ἐν
1298 760 1409 796 τισι
1438 741 1553 796 τῶν
1581 742 1804 813 βιϐλίων

214 838 252 909 ή
288 838 559 909 ἐπιγραφή
584 878 599 902 ,
637 836 983 907 Κλήμεντος
1027 836 1136 891 τοῦ
1176 835 1464 905 Ῥωμαίου
1522 836 1802 907 Ἀναγνω-

206 929 449 1002 ρισμὸς,
482 931 865 1003 ἐπιγράφεται.
894 932 991 984 Ἔν
1011 948 1122 984 τισι
1148 929 1234 994 δὲ,
1262 928 1338 992 ὡς
1362 926 1604 1000 ἔφημεν,
1653 929 1803 984 Ἐπι-

218 1024 381 1095 στολὴ
411 1025 791 1096 προτάττεται,
825 1024 903 1090 ὼς
932 1025 1072 1098 πρὸς
1100 1026 1194 1079 τὸν
1242 1021 1565 1093 ἀδελφόθεον
1611 1023 1800 1078 Ἰάκω-

216 1116 332 1171 ϐον.
364 1118 472 1172 Καὶ
503 1117 645 1190 αὕτη
666 1120 745 1183 δὲ,
778 1119 875 1190 οὐχ
907 1121 940 1190 ἡ
968 1118 1127 1191 αὑτὴ,
1156 1118 1279 1172 οὐδὲ
1308 1116 1386 1181 ὠς
1435 1116 1547 1172 άπὸ
1574 1117 1671 1171 τοῦ
1703 1117 1801 1171 αὐρ-

214 1209 314 1263 τοῦ
342 1209 637 1282 προσώπου
686 1211 1127 1284 προενηνεγμένη
1151 1229 1164 1243 ·
1212 1210 1326 1264 ἀλλ’
1350 1210 1447 1263 ἐπὶ
1489 1210 1589 1281 μέν
1637 1225 1800 1263 τινων

216 1300 457 1372 βιϐλίων,
489 1303 570 1367 ὡς
599 1304 709 1358 άπὸ
734 1305 940 1376 Πέτρου
970 1302 1064 1357 τοῦ
1096 1302 1392 1357 ἀποστόλου
1425 1302 1563 1375 πρὸς
1608 1302 1798 1357 Ἰάκω-

218 1395 317 1449 ϐον
346 1397 750 1470 ὲπεσταλμένη·
782 1399 868 1467 ἐφ’
891 1398 1092 1470 ἑτέρων
1118 1398 1203 1463 δὲ,
1237 1397 1314 1461 ὡς
1344 1396 1454 1451 ἀπὸ
1480 1397 1799 1471 μεντος

213 1488 355 1560 πρὸς
396 1490 648 1544 Ἰάκωϐον
671 1508 688 1522 ο
720 1489 853 1564 άλλη
884 1492 979 1545 καὶ
1010 1490 1168 1563 άλλη,
1208 1488 1391 1554 καθὼς
1439 1491 1794 1563 προείπομεν.

212 1580 325 1633 Καὶ
353 1584 385 1653 ἡ
426 1582 525 1653 μὲν
552 1583 719 1655 δηλοῖ,
743 1584 948 1656 Πέτρον
968 1583 1068 1649 τὰς
1086 1585 1295 1649 οἰκείας
1324 1585 1637 1657 συγγράψαι
1662 1584 1798 1657 πρά-

211 1670 355 1738 ξεις,
396 1676 489 1729 καὶ
527 1676 664 1747 πρὸς
709 1677 962 1731 Ἰάκωϐον
1010 1676 1373 1749 αἰτησάμενον
1409 1678 1612 1743 ταύτας
1655 1679 1793 1732 ἀπο-

1908 458 1975 513 ad
1998 457 2261 515 Iacobum
2303 460 2529 516 fratrem
2586 451 2825 519 Domini.
2880 460 2941 518 ιιι
2975 463 3078 520 hoc
3132 463 3489 523 continentur

1906 554 2043 607 Acta
2076 569 2199 625 qua‘
2230 553 2492 608 dicuntur
2518 552 2666 611 Petri
2719 557 2975 627 apostoli,
3020 567 3073 614 et
3106 574 3231 614 cum
3265 560 3490 619 Simone

1906 642 2064 715 Mago
2089 645 2532 718 disputationes;
2566 648 2633 703 ad
2664 648 2779 704 haec
2814 647 3140 723 Recognitio
3162 651 3485 724 Clementis,

1904 738 2135 808 ejusque
2184 740 2359 811 patris
2397 755 2461 796 ac
2490 740 2724 798 aliorum
2755 741 3011 798 fratrum.
3057 743 3239 811 Quare
3272 748 3327 803 in
3362 750 3481 819 qui.

1904 830 2135 891 busdam
2189 833 2478 893 codicibus
2511 835 2800 906 inscriptio
2831 837 3128 909 praeﬁgitur
3152 882 3165 895 .
3200 837 3485 898 Clementis

1901 922 2131 980 Romani
2158 926 2489 997 Recognitio.
2516 925 2578 982 ln
2602 928 2887 985 nonnullis
2906 935 3112 995 autem,
3139 941 3199 986 ut
3218 931 3483 1005 diximus,

1900 1015 2149 1088 Epistela
2179 1021 2539 1091 praeponitur,
2568 1029 2833 1093 tanquam
2855 1022 2925 1079 ad
2956 1020 3224 1080 Iacobum
3254 1024 3484 1083 fratrem

1901 1108 2141 1168 Domini.
2156 1112 2333 1185 Atque
2357 1114 2473 1170 haec
2486 1114 2737 1186 quidem.
2771 1130 2880 1171 non
2907 1114 3123 1181 eadem,
3159 1134 3338 1188 neque
3366 1120 3482 1176 vel-

1905 1203 1984 1259 uti
2029 1204 2098 1261 ab
2139 1206 2330 1263 eodem
2360 1206 2582 1264 homine
2609 1207 2894 1278 profecta:
2930 1209 3027 1264 sed
3056 1210 3109 1265 in
3150 1210 3481 1280 quibusdam

1888 1298 2122 1369 quidem
2156 1298 2335 1363 libris,
2366 1300 2527 1371 quasi
2557 1316 2590 1354 a
2620 1300 2786 1359 Petro
2816 1302 3072 1372 apostolo
3110 1302 3185 1358 ad
3204 1300 3480 1361 Iacobum

1899 1390 2104 1459 missa;
2140 1391 2197 1448 in
2220 1392 2344 1451 aliis
2378 1402 2585 1459 autem,
2618 1402 2678 1449 ut
2704 1393 3044 1463 a,C|emente
3068 1393 3142 1448 ad
3170 1393 3481 1468 Iacobum;

1896 1482 2005 1536 alia
2036 1490 2200 1554 atque
2220 1484 2347 1551 alia,
2382 1487 2841 1556 quemadmodum
2868 1486 3260 1557 jamdiximus.
3296 1488 3363 1544 Et
3386 1490 3480 1547 illa

1896 1573 2121 1645 quidem
2175 1576 2440 1643 declarat,
2494 1578 2717 1634 Petrum
2750 1580 2970 1651 propria
3018 1588 3173 1651 gesta
3228 1581 3480 1637 conscri-

1897 1668 2100 1737 psisse,
2133 1683 2199 1724 ac
2239 1668 2447 1725 Iacobo
2479 1673 2781 1743 postulanti
2810 1688 2875 1728 ea
2909 1673 3161 1741 misisse;
3202 1673 3319 1729 baic
3348 1691 3479 1731 vero

210 1766 443 1822 στεῖλαι·
476 1771 509 1840 ή
543 1769 599 1822 δὲ
627 1768 1006 1841 διαλαμϐάνει,
1031 1770 1107 1833 ὡς
1141 1770 1374 1841 Κλήμης
1406 1771 1609 1834 ταύτας
1650 1769 1795 1825 κατὰ

1895 1759 2086 1826 refert,
2120 1761 2456 1820 Clementem
2498 1765 2690 1821 eadem
2746 1774 2899 1838 gesta
2937 1766 3101 1837 jussu
3130 1765 3278 1823 Petri
3338 1771 3474 1825 scri-

206 1861 536 1932 πρόσταγμα
563 1862 770 1935 Πέτρου
806 1863 1159 1935 συγγράψειε,
1209 1862 1466 1917 κάκείνου
1508 1861 1645 1936 πρὸς
1691 1863 1791 1937 τὴν

203 1953 401 2026 ἀγήρω
435 1954 828 2026 μεταστάντος,
882 1956 1193 2011 ἀποστείλοι
1234 1957 1471 2029 Κλήμης
1503 1957 1640 2030 πρὸς
1686 1956 1789 2012 Ἰά-

203 2047 405 2102 κωϐον.
455 2049 640 2102 Ἔστιν
669 2045 762 2103 οὖν
794 2048 1043 2120 εἰκασμῷ
1074 2048 1371 2113 διαλαϐεῖν,
1425 2047 1500 2113 ὡς
1547 2049 1644 2103 δύο
1690 2048 1791 2120 μὲν

203 2142 395 2211 εἴησαν
425 2141 533 2194 τῶν
564 2142 771 2215 Πέτρου
807 2142 1066 2214 Πράξεων
1114 2143 1353 2206 ἐκδόσεις
1400 2143 1783 2213 γεγενημέναιο

198 2234 286 2305 τῷ
314 2234 369 2287 δὲ
397 2235 571 2307 χρόνῳ
600 2237 700 2308 τῆς
732 2235 924 2308 ἑτέρας
955 2236 1328 2308 διαρῥυείσης,
1354 2234 1784 2309 ὲπεκράτησενή

199 2325 301 2378 τοῦ
334 2326 667 2398 Κλήμεντος.
714 2327 801 2381 Ἐν
826 2329 957 2381 πᾶσι
1009 2327 1117 2399 γὰρ
1148 2331 1262 2391 τοῖς
1316 2328 1540 2400 βιϐλίοις
1577 2328 1613 2383 ἃ
1649 2330 1785 2384 είδο-

203 2435 327 2488 μεν,
358 2419 451 2472 καί
482 2435 562 2472 τοι
590 2419 690 2473 οὐκ
717 2418 913 2489 ὀλίγων
943 2419 1133 2485 ὄντων,
1184 2420 1322 2492 μετὰ
1348 2420 1449 2485 τὰς
1495 2420 1785 2493 διαφόρους

199 2512 421 2576 ὲκείνας
438 2512 758 2577 Ἐπιστολάς
786 2514 883 2567 καὶ
900 2512 1343 2586 ὲπιγραφὰς,τὴν
1362 2513 1532 2585 αὐτὴν
1551 2513 1785 2586 εὕρομεν

197 2605 631 2677 ἀπαραλλάκτως
649 2606 1050 2677 πραγματείαν,
1086 2605 1423 2679 ἀρχομένην·
1463 2606 1603 2676 Ἐγὼ
1624 2605 1784 2673 Κλή-

191 2715 318 2766 μης
342 2714 356 2729 ⁸
392 2699 485 2752 καὶ
514 2697 584 2751 τὰ
614 2698 739 2770 ἑξῆς
767 2698 1151 2771 ἑνταττόμενα.
1184 2699 1410 2771 Μυρίων
1439 2698 1549 2771 (16)
1569 2700 1627 2754 δὲ
1659 2701 1783 2754 ἀτο-

196 2791 524 2863 πημάτωνή
561 2793 911 2864 πραγματεία
942 2792 1101 2865 γέμει
1128 2791 1288 2863 αὕτη,
1317 2792 1414 2846 καὶ
1447 2793 1547 2865 τῆς
1578 2796 1657 2857 εἰς
1688 2794 1780 2847 τὸν

196 2883 328 2939 Υἰδν
360 2884 706 2957 βλασφημίας
728 2886 878 2940 κατὰ
908 2886 1006 2959 τὴν
1052 2887 1258 2959 Ἀρείου
1279 2887 1435 2953 δόξαν
1471 2887 1618 2940 ἐστὶν
1651 2887 1781 2942 ἀνάε-

199 2977 398 3041 πλεως.
434 2976 633 3034 Paucis
667 2978 865 3035 deinde
883 2979 1032 3033 circa
1067 2978 1506 3037 Constitutioncs
1554 2987 1778 3050 aposto-

1892 1855 2103 1926 psisse;
2120 1870 2183 1911 ac
2202 1865 2491 1929 postquam
2520 1859 2609 1915 ille
2629 1859 2697 1915 ad
2723 1859 2889 1914 vitam
2924 1860 3289 1916 immortalem
3322 1878 3472 1917 com-

1891 1947 2206 2019 migrasset,
2241 1952 2622 2009 transmisisse
2644 1952 2716 2010 ad
2753 1950 3039 2010 Iacobum.
3074 1953 3260 2025 Itaque
3289 1955 3470 2024 conje-

1889 2048 2047 2098 ctura
2080 2043 2491 2114 deprehendere
2548 2046 2698 2113 licet,
2742 2044 2978 2101 Actuum
3012 2045 3157 2103 Pctri
3185 2046 3324 2105 duas
3353 2050 3473 2106 edi-

1889 2135 2067 2191 tiones
2099 2135 2274 2195 factas
2297 2138 2502 2207 fuisse;
2537 2140 2635 2196 sed
2680 2155 2808 2195 cum
2850 2141 3117 2213 temporis
3165 2143 3473 2215 longinqui-

1888 2236 1999 2285 tate
2032 2230 2202 2285 altera
2236 2232 2513 2302 periisset,
2539 2232 2691 2287 illam
2735 2231 3040 2291 Clementis
3070 2250 3381 2306 superasse.
3410 2234 3469 2293 In

1886 2323 2142 2379 omnibus
2171 2324 2316 2379 enim
2343 2324 2627 2380 codicibus
2646 2341 2787 2395 quos
2814 2326 3075 2395 vidimus,
3111 2328 3290 2401 iisque
3321 2337 3472 2386 certe

1886 2432 1997 2471 non
2031 2417 2247 2487 paucis,
2278 2426 2405 2489 post
2431 2418 2679 2474 diversas
2710 2418 2834 2473 illas
2869 2417 3146 2489 Epistolas
3178 2427 3342 2491 atque
3382 2421 3466 2477 in-

1884 2509 2235 2579 scriptiones,
2262 2510 2402 2566 idem
2424 2512 2650 2567 omnino
2669 2512 2791 2567 sine
2816 2511 3122 2569 variatione
3144 2528 3286 2584 opus
3313 2514 3466 2569 inve-

1884 2601 2086 2665 nimus,
2119 2603 2390 2674 incipiens
2421 2604 2501 2660 sic
2527 2623 2540 2660 :
2598 2603 2710 2675 Ego
2734 2603 3005 2669 Clemens;
3040 2614 3093 2661 et
3120 2621 3243 2676 quae
3273 2606 3467 2663 ordine

1881 2694 2144 2767 deinceps
2167 2707 2496 2770 sequuntur.
2518 2696 2800 2753 Refertum
2846 2705 3027 2753 autem
3061 2707 3145 2755 est
3172 2700 3275 2755 hoc
3315 2703 3466 2771 Opus

1880 2788 2190 2845 innumeris
2239 2791 2476 2848 absurde
2497 2791 2690 2861 dictis;
2744 2792 3073 2864 plenumque
3112 2792 3466 2863 blasphemiae

1882 2880 1937 2935 in
1978 2879 2200 2949 Filium,
2234 2882 2394 2954 juxta
2418 2883 2533 2938 Arii
2569 2884 2909 2955 opinionem.
2972 2883 3040 2939 Et
3090 2885 3270 2956 infra:
3293 2884 3465 2943 (Σεισ-

1882 2990 2003 3029 rum
2043 2975 2181 3033 liber
2228 2974 2492 3032 Actorum
2524 2976 2693 3043 Petri,
2723 2978 3019 3049 splendore
3070 2985 3124 3032 et
3150 2980 3460 3050 majestate,

200 3072 338 3128 licas
372 3071 699 3141 interjectis,
728 3071 943 3127 subdit:
981 3072 1043 3125 Ἦ
1065 3072 1311 3143 μέντοιγε
1334 3073 1441 3125 τῶν
1456 3070 1550 3125 τοῦ
1572 3072 1779 3143 Πέτρου

1888 3067 1951 3122 ad
1976 3068 2090 3124 hmc
2115 3070 2357 3139 puritate
2382 3079 2437 3126 et
2480 3071 2849 3137 vehementia,
2905 3072 3140 3143 aliisque
3196 3074 3461 3130 orationis

196 3165 453 3238 Πράξεων
505 3165 704 3236 βίϐλος,
751 3164 831 3235 τῷ
862 3182 922 3219 τε
953 3164 1191 3236 λαμπρῷ
1214 3165 1310 3218 καὶ
1344 3167 1413 3236 τῇ
1462 3164 1773 3236 σεμνότητι,

194 3262 290 3314 καὶ
312 3260 391 3313 ἔτι
412 3258 490 3329 τῷ
520 3258 746 3330 καθαρῷ
786 3258 881 3311 καὶ
916 3257 1173 3329 συντόνῳ,
1206 3258 1301 3311 καὶ
1326 3260 1393 3329 τῇ
1426 3257 1558 3329 ἄλλῃ
1605 3258 1772 3329 ἀρετῇ

190 3352 287 3406 τοῦ
320 3352 501 3421 λόγου,
559 3352 654 3405 καὶ
682 3350 1022 3422 πολυμαθείᾳ
1047 3390 1061 3413 ,
1098 3347 1322 3403 τοσοῦτο
1350 3350 1461 3421 ἔχει
1513 3350 1651 3422 πρὸς
1676 3349 1775 3415 τὰς

189 3444 451 3514 διαταγὰς
470 3444 531 3498 τὸ
553 3443 950 3516 παραλλάττον,
972 3443 1048 3507 ὼς
1071 3442 1205 3515 μηδὲ
1228 3443 1511 3515 συγκρίσει
1544 3447 1609 3515 τῇ
1631 3443 1773 3497 κατὰ

188 3540 316 3602 τοὺς
344 3538 534 3607 λόγους
554 3538 691 3609 πρὸς
710 3535 940 3609 ἀλλήλας
958 3535 1397 3608 παραϐάλλεσθαι
1416 3534 1514 3598 τὰς
1534 3534 1765 3605 βίϐλους.

188 3633 256 3687 Et
289 3632 429 3687 infra
454 3652 466 3687 :
517 3632 581 3684 Ἡ
599 3632 656 3685 δὲ
685 3631 949 3704 λεγομένη
978 3628 1367 3702 δευτέραιπρδς
1399 3629 1523 3692 τοὺς
1551 3629 1769 3692 αὐτοὺς,

182 3726 264 3789 ὡς
292 3724 443 3788 νόθος
475 3724 934 3795 ἀποδοκιμάζεται
958 3741 971 3754 ·
999 3722 1186 3794 ὥσπερ
1218 3722 1657 3794 ἐπιγραφόμενος
1682 3723 1770 3775 ἐπ’

183 3818 411 3889 ὀνόματι
440 3817 604 3871 αὐτοῦ
640 3817 850 3889 Πέτρου
884 3818 979 3871 καὶ
1008 3815 1272 3879 Ἀπίωνος
1302 3815 1620 3887 πολύστιχος
1653 3815 1768 3870 διά-

182 3909 361 3979 λογος.

1880 3160 2103 3219 dotibus
2135 3170 2299 3235 atque
2321 3165 2614 3235 multiplici
2634 3164 2908 3230 doctrina,
2936 3172 3150 3220 tantum
3175 3164 3461 3222 Constitu-

1880 3256 2061 3314 tiones
2091 3268 2333 3328 superat,
2365 3259 2515 3313 nulla
2547 3266 2605 3313 ut
2633 3258 2734 3313 hos
2784 3258 2927 3313 inter
2978 3258 3151 3315 libros
3174 3274 3452 3332 compara-

1880 3349 1978 3415 tio,
2032 3352 2100 3405 ad
2132 3351 2343 3408 litteras
2385 3350 2531 3423 quod
2564 3352 2793 3411 attinet.
2846 3352 3060 3407 institui
3115 3352 3331 3409 debeat.
3386 3353 3457 3409 Et

1876 3443 2036 3512 paulo
2066 3453 2219 3513 post:
2272 3444 2341 3499 At
2376 3460 2499 3515 qua:
2524 3443 2764 3500 secunda
2799 3443 3087 3516 (Epistola)
3118 3444 3188 3499 ad
3233 3446 3454 3505 eosdem

1877 3537 2238 3610 (Corinthios)
2264 3537 2485 3604 dicitur,
2516 3538 2763 3609 rejicitur
2785 3537 3071 3593 utnotha:
3100 3541 3456 3609 quemadmo-

1872 3630 2001 3686 dum
2030 3639 2085 3686 et
2123 3632 2282 3704 longa
2305 3632 2396 3687 illa
2425 3632 2745 3704 disputatio,
2784 3633 2929 3690 beati
2964 3630 3112 3689 Petri
3144 3642 3198 3690 et
3226 3635 3455 3708 Apionis

1872 3741 2067 3782 nomen
2101 3726 2414 3797 praeferens.

1724 4136 1913 4196 XVIII.

1003 4325 1338 4381 uincamus.
1376 4320 1459 4377 De
1481 4322 1705 4379 άίιοονιὶο
1733 4319 1977 4376 Lotharii
2004 4330 2055 4376 et
2092 4319 2380 4394 Tetbergc,
2411 4337 2532 4393 cap.
2570 4321 2624 4379 9.

243 4507 313 4562 Et
343 4507 399 4562 in
418 4504 567 4562 Petri
594 4504 905 4569 Itinerario,
931 4504 1000 4561 de
1018 4503 1322 4563 Clementis
1348 4513 1504 4575 patre
1534 4505 1753 4576 legitur;
1787 4513 1832 4569 ι)
1862 4504 2060 4562 Petrus
2088 4520 2213 4561 eum
2252 4505 2348 4576 qui
2369 4512 2487 4561 erat
2517 4504 2869 4561 intuebatur:
2898 4510 2953 4557 et
2981 4516 3168 4565 orans,
3199 4499 3442 4571 discipu-

164 4600 321 4673 quod
346 4608 404 4655 ut
438 4616 471 4655 a
498 4600 749 4655 fidelibus
774 4599 1198 4665 interﬁceretur,
1243 4614 1273 4652 a
1335 4597 1560 4653 Simone
1594 4599 1754 4669 Mago
1866 4600 1949 4655 los
1971 4599 2042 4655 ad
2069 4614 2260 4655 eorum
2284 4599 2475 4655 oculos
2523 4599 2915 4664 revocavit;et
2938 4595 3131 4650 deluso
3181 4592 3443 4664 phantaso-

163 4707 336 4767 quem
358 4697 697 4760 deseruerat,
734 4707 1011 4767 unguento
1044 4704 1367 4765 perunctus,
1388 4694 1636 4765 ejusdem
1667 4694 1756 4748 Si—

1864 4701 2029 4759 mate,
2066 4693 2396 4750 intuentium
2425 4692 2710 4748 obtutibus
2739 4691 2977 4760 speciem
3006 4687 3289 4759 propriam
3312 4680 3456 4743 νεὼ.

160 4792 356 4847 monis
412 4790 705 4861 imaginem
737 4789 980 4847 omnium
1013 4790 1188 4849 oculis
1239 4789 1543 4857 referebat;
1594 4789 1754 4846 solus
2048 4786 2319 4860 Recogm't.
2354 4785 2450 4843 lib.
2478 4801 2537 4852 ι,
2561 4801 2681 4854 cap.
2715 4784 2805 4847 53,
2832 4791 2936 4838 etc.

1735 4964 1874 5021 XIX.

670 5152 1019 5215 lluussn'rus,
1048 5153 1343 5223 cpiscopus
1376 5150 1555 5221 Sylva:
1581 5146 1864 5212 Candidas,
1895 5147 1947 5202 in
1979 5144 2333 5216 Responsioue
2367 5144 2434 5194 ad
2474 5139 2681 5195 Nicena
2708 5140 2919 5192 librum.

236 5331 372 5391 Nam
415 5332 713 5389 Clementis
756 5332 915 5393 liber,
956 5330 1010 5385 id
1068 5337 1152 5384 est
1203 5326 1544 5381 Itinerarium
1600 5323 1747 5380 Petri
1856 5320 2190 5393 apocrypha.
2234 5319 2360 5373 Vide
2387 5316 2599 5375 Decreti
2626 5322 2855 5389 primum
2885 5318 3274 5389 partem,dut.
3341 5318 3441 5382 16,.

147 5428 424 5504 apostoli,
451 5440 505 5485 et
530 5427 783 5485 Canones
813 5426 1185 5498 apostolorum
1214 5432 1577 5478 numerantur
1601 5422 1743 5475 inter
1854 5433 1969 5486 cap.
1998 5416 2050 5471 ‘5.

245 5695 259 5743 4
276 5692 362 5751 l6;
390 5691 623 5758 Μυρίων
653 5689 1044 5758 ἀτοπημάτωγ
1072 5687 1249 5757 γέμει.
1413 5683 1747 5758 Ἀλλ’-επαν-

155 5760 449 5834 ωροωκὼς
476 5754 684 5830 ταύτην
718 5760 745 5812 ὁ
785 5754 1189 5832 μεταφραστὴής,
1229 5754 1455 5809 πλοῦτον
1488 5754 1580 5807 καὶ
1618 5770 1745 5807 ταυ-

1843 5684 2041 5754 τότητα
2080 5679 2330 5760 τῇηθεῷ
2358 5677 2671 5760 Ἐκκλησία
2697 5677 2950 5760 ἀπέθετο.
2986 5674 3075 5735 Sic
3109 5677 3175 5733 ad
3224 5678 3426 5750 margi-

1846 5746 1969 5809 ncm'
1995 5753 2115 5809 cod.
2131 5746 2370 5807 "Maximi
2399 5746 2688 5807 Marcunii.
2722 5746 2960 5807 Hence.
3248 5806 3251 5809 _
