1988 3170
259 141 325 169 ΗΠ

641 118 643 120 Ι
668 143 697 171 S.
715 141 912 171 CLEMENTIS
927 142 938 170 l
954 141 1037 170 ROM.
1056 141 1158 171 PONT.
1176 141 1294 170 OPERA
1307 141 1422 170 DUBIA.

1820 140 1887 168 ΜΕ

1039 232 1099 261 XX.

540 291 678 320 Geoncius
690 290 844 326 Genusus,
857 291 885 319 in
901 291 1063 327 Compendio
1080 290 1275 324 Historiarum,
1293 290 1361 319 edit.
1374 290 1472 324 Basil.,
1487 298 1515 327 p.
1528 289 1593 319 170.

291 372 349 398 Alia
366 378 474 405 quoque
487 370 620 397 miracula
637 370 752 406 (Petrus
764 374 791 397 et
816 369 910 397 Simon
930 368 1042 405 Magus)
1060 380 1066 401 ι

1129 370 1184 396 Καὶ
1203 369 1250 405 μέν
1265 378 1305 395 τοι
1325 370 1371 396 καὶ
1394 369 1460 397 ἄλλα
1477 371 1577 405 σημεῖα
1601 369 1732 405 ἐποίησαν
1749 368 1838 395 πολλὰ
1861 368 1891 396 οὗ

255 417 414 444 ediderunt:
432 424 520 451 neque
532 416 559 443 id
573 416 669 443 Romae
686 416 778 447 modo,
793 416 841 443 sed
868 421 931 444 ante
960 417 1042 444 etiam

256 464 283 490 in
300 463 394 499 Syria;
416 471 476 498 quae
502 463 627 490 Clemens
643 463 795 494 Romanus,
823 463 1043 498 sapientissimus

256 509 329 536 Petri
344 509 496 544 discipulus
511 513 593 544 atque
609 517 713 540 comes,
731 510 870 537 recitavit:
895 517 928 536 ex
943 509 1045 544 quibus

256 563 343 590 pauca
368 555 412 582 hic
436 563 579 590 ponemus.
606 555 706 588 Quibus
733 556 844 590 prolatis
873 555 964 583 addit:
981 555 1044 583 Haec

256 601 339 636 igitur
355 605 383 628 et
398 601 452 627 alia
465 602 565 628 similia
577 602 714 633 Clemens,
729 602 959 636 quemadmodum
975 602 1043 634 dixi,

257 647 367 682 scripsit
378 647 451 674 dicta
471 650 553 682 atque
569 647 640 674 facta
654 647 740 675 fuisse
758 648 786 674 in
803 648 892 683 Syria,
910 647 976 683 Lege
991 647 1046 675 Re-

257 694 361 729 cognit.
381 693 428 720 lib.
446 701 476 725 ll,
488 701 546 728 cap.
560 694 604 725 '57,
620 697 687 726 etc.;
705 694 750 721 lib.
767 702 808 726 in,
820 702 877 728 cap.
894 694 939 727 47;
958 694 1003 721 lib.
1018 702 1045 727 κ,

257 748 314 771 cap.
330 740 381 774 53;
398 739 547 770 ClemenL,
566 740 637 768 hom.
649 741 676 772 5,
694 750 721 767 π.
739 741 783 772 58,
800 745 853 768 etc.

1100 417 1178 452 μόνον
1190 417 1219 442 ὲν
1235 415 1338 452 Ῥώμῃ,
1355 416 1422 442 ἀλλὰ
1433 417 1479 442 καὶ
1492 417 1520 442 ὲν
1531 415 1613 452 Συρίᾳ
1627 416 1760 452 πρότερον
1772 424 1780 430 ⁸
1802 416 1821 442 ἆ
1832 423 1892 442 τινι

1098 462 1213 498 Κλήμης
1228 463 1242 488 ὁ
1262 462 1395 497 Ῥωμαῖος
1417 463 1463 489 καὶ
1480 462 1615 496 πάνσοφος
1637 462 1759 497 μαθητὴς
1784 462 1891 498 Πέτρα-,ι

1097 509 1145 534 καὶ
1161 508 1327 543 συνέκδημος
1340 509 1501 544 διηγήσατο-
1516 509 1561 543 ἀφ’
1579 505 1616 535 ὧν
1627 508 1708 543 ὀλίγα.
1723 508 1892 544 συντάξοίιεν

1098 555 1226 582 ἐνταῦθα.
1258 554 1365 588 Quibus
1383 555 1564 590 interpositis,
1581 554 1734 590 subjungit,
1748 562 1814 590 pag.
1829 554 1890 582 Πῖκ

1099 600 1190 627 Ταῦτα
1203 601 1291 636 μέντοι
1303 602 1349 628 καὶ
1363 601 1444 637 ἕτερα
1457 601 1569 628 τοιαῦτα
1577 601 1765 636 γεγράφηκεν,
1781 601 1821 632 ὡς
1836 600 1893 635 (Π)

1099 647 1161 682 ἔφη,
1191 648 1307 683 Κλήμης
1335 647 1462 683 λεχθῆναι
1478 648 1526 674 καὶ
1551 647 1706 683 πραχθῆναι
1734 648 1764 673 ἐν
1796 647 1892 682 Συρίᾳ.

1098 694 1169 729 Lege
1188 694 1373 725 Amsnswu,
1391 698 1487 729 quaest.
1500 693 1535 721 20
1548 715 1555 727 ,
1575 693 1766 726 Niceruonuu,
1784 692 1892 720 Histor.

1097 741 1173 772 eccl.,
1185 741 1232 768 lib.
1248 749 1279 773 ιι,
1297 748 1357 776 cap.
1371 741 1429 775 2'1;
1458 740 1696 771 PSEUDO-ABDl-Al,
1709 740 1762 767 lib.
1781 747 1802 766 ι.

1038 834 1106 861 XXI.

579 912 712 941 BONOIHUS
724 913 991 945 AUGUSTODUNENSIS,
1006 913 1053 940 lib.
1065 912 1103 939 De
1121 913 1296 939 luminaribus
1311 911 1449 945 Ecclesiw,
1467 919 1528 948 cap.
1543 912 1586 940 15.

295 993 423 1021 Clemens
439 992 551 1027 scripsxt
564 992 708 1027 epistolam
721 991 753 1018 ad
772 990 978 1018 Corinthiorum
994 990 1047 1017 Ec—
1063 995 1083 1022 Β
1099 990 1169 1017 inter
1185 990 1339 1026 apocrypha
1354 994 1545 1019 numerantur.
1564 990 1614 1017 Adi
1634 990 1724 1018 Vitam
1734 989 1895 1024 Clementis,

258 1040 380 1071 clesiam,
396 1039 473 1066 valde
486 1040 579 1066 utilem
592 1048 598 1072 ;
611 1043 638 1066 et
653 1038 825 1065 itinerarium
840 1037 924 1069 Petri,
938 1040 965 1064 et
984 1036 1045 1064 Dis—

257 1086 424 1122 putationem
455 1085 527 1114 Petri
543 1089 570 1113 ct
595 1085 726 1120 Apionis;
752 1088 779 1112 ct
789 1084 874 1111 multa
899 1083 962 1117 alia,
985 1089 1045 1116 qua:

293 1165 349 1200 (1⁸7)
367 1165 453 1199 Ἔφη.
464 1164 529 1199 ch.
543 1163 621 1199 ἔφην.

1099 1037 1128 1064 in
1148 1037 1303 1072 Pontiﬁcali
1318 1037 1396 1065 libro.

813 1345 1292 1404 DISSERTATIO

300 1460 346 1492 De
369 1459 483 1491 decem
498 1459 592 1491 libris
607 1458 871 1499 Recogm'tt'onum
896 1459 933 1491 S.
948 1457 1134 1499 Clementis,
1150 1458 1188 1489 ad
1203 1457 1358 1499 Iacobum
1376 1457 1507 1499 fratrem
1522 1456 1666 1495 Domini,
1683 1465 1701 1488 δ
1727 1456 1859 1488 Ruﬁno

692 1497 881 1540 presbytero
898 1497 1102 1539 Aquileiensr
1118 1498 1149 1530 in
1167 1497 1317 1529 Latinum
1329 1498 1444 1530 versis.

422 1582 510 1616 lmom.
521 1580 560 1608 Le'
577 1582 689 1613 Non",
701 1583 841 1615 Apparatus
851 1581 888 1606 ad’
897 1579 1069 1608 Bibliothecam
1079 1587 1146 1607 max.
1160 1581 1214 1607 νει.
1227 1581 1309 1612 Patr.~,
1320 1587 1346 1612 p.
1356 1580 1420 1612 2M;
1432 1579 1531 1611 Parim,
1540 1579 1610 1611 17.05,
1624 1579 1713 1611 its-fol.)

470 1743 674 1772 ARTICULUS
687 1743 834 1773 PRIMUS.

446 1791 578 1827 Analysis.
597 1791 692 1818 horum
716 1790 856 1820 librorum.

289 1839 393 1867 Auctor
416 1838 500 1873 hujus
515 1837 607 1873 operis
622 1837 657 1865 ab
670 1837 732 1873 ipso
745 1837 809 1865 libri
828 1838 910 1874 primi
933 1838 1046 1866 exordio

253 1885 306 1914 sibi
320 1893 421 1914 nomen
440 1884 586 1917 Clementi,
602 1883 716 1912 Romam
738 1892 804 1913 vero
824 1885 942 1920 patriam
958 1885 1047 1914 l‘uissc

253 1932 342 1960 dicit:
366 1935 518 1967 nari-atque
541 1938 597 1967 quo
618 1939 677 1966 Ipse
701 1931 796 1965 modo,
810 1936 837 1959 et
854 1939 870 1959 a
890 1931 993 1967 quibus
1017 1932 1046 1960 in

252 1978 355 2007 Christi
370 1978 554 2013 cognitionem
568 1978 604 2005 sit
618 1977 764 2006 adductus.
777 1977 822 2005 Ait
835 1981 925 2005 autem
939 1986 970 2007 se
982 1986 1045 2006 cum

252 2025 357 2054 frustra
371 2024 599 2061 philosophorum
613 2024 734 2056 scholas,
747 2028 778 2052 ut
791 2024 825 2053 de
839 2025 1046 2053 immortalitate

252 2073 365 2107 animae,
374 2071 525 2107 mundique
539 2071 678 2099 creatione
691 2075 719 2099 et
730 2070 875 2100 duratione
888 2072 1044 2105 doceretur,

252 2119 464 2155 frequentasset,
478 2118 512 2146 ad
524 2117 679 2146 Barnabam
692 2117 795 2146 Christi
805 2117 982 2153 discipulum,
997 2118 1044 2154 qui

253 2171 318 2194 tunc
326 2166 441 2193 Romam
455 2165 615 2198 advenerat,
627 2172 689 2193 sese
699 2164 859 2192 contulisse.
873 2164 952 2192 Hunc
963 2172 1045 2200 porro

251 2217 282 2240 ut
302 2213 361 2248 ipse
384 2211 468 2245 fatur,
488 2211 614 2248 publicos
635 2210 667 2238 ad
686 2211 816 2246 populum
839 2218 980 2239 sermones
996 2211 1045 2239 ha-

228 2296 230 2298 ,
250 2259 360 2287 bentent
375 2259 499 2291 oﬁ'endit,
517 2265 636 2294 eumque
647 2257 779 2286 adversus
795 2257 980 2294 philosophos,
997 2266 1044 2286 ru-

250 2305 313 2333 dem
327 2308 355 2333 et
368 2305 522 2341 impolitum
538 2305 614 2333 illius
627 2303 738 2332 dicendi
758 2311 862 2332 morem
885 2305 1041 2337 irridentes.

250 2351 338 2379 tuitus
352 2354 405 2384 est,
418 2358 450 2379 ac
463 2351 491 2378 in
507 2350 618 2378 domum
634 2358 713 2379 suam
728 2354 823 2386 postea
839 2350 961 2379 deduxit.
977 2350 1043 2379 Inde

250 2397 328 2426 illum
342 2397 371 2425 in
385 2396 519 2429 Iudaeam,
534 2396 627 2433 magni
638 2395 795 2425 Judaeorum
812 2396 875 2425 festi
886 2397 1042 2425 celebrandi

1059 1753 1080 1782 ε
1097 1746 1156 1771 trus
1172 1746 1227 1770 tam
1241 1741 1361 1770 dilucide
1375 1741 1512 1778 probavit,
1532 1749 1565 1769 ac
1584 1742 1697 1778 insuper
1709 1745 1788 1769 tanta
1808 1743 1896 1770 clari-

1099 1793 1155 1817 tate
1169 1790 1226 1825 quis
1238 1794 1305 1817 esset
1318 1798 1393 1817 vera:
1406 1789 1549 1824 Propheta,
1562 1789 1699 1823 ostendit;
1710 1789 1895 1822 utClemens.

1098 1835 1284 1864 Christianam
1312 1836 1391 1864 ﬁdem
1418 1836 1608 1871 amplexatus,
1634 1836 1734 1863 librum
1764 1835 1805 1863 De
1833 1844 1896 1864 κω

1100 1882 1242 1917 Propheta,
1259 1890 1339 1918 quem
1358 1881 1575 1919 Hierosolymam
1593 1881 1669 1910 misit
1687 1881 1721 1909 ad
1739 1881 1894 1915 Iacobum,

1097 1930 1188 1957 statim
1205 1930 1403 1966 composuerit.

1131 1976 1181 2005 Die
1198 1976 1335 2012 sequenti,
1352 1975 1457 2004 nuntiis
1478 1975 1600 2011 acceptis
1613 1974 1754 2003 Simonem
1778 1975 1892 2011 Magum

1096 2023 1227 2051 indictam
1249 2031 1265 2050 a
1290 2031 1321 2052 se
1341 2030 1403 2050 cum
1422 2022 1504 2050 Petro
1528 2022 1742 2058 disputationem
1764 2027 1831 2058 post
1847 2031 1895 2051 se-

1097 2074 1168 2105 ptem
1183 2069 1243 2098 dies
1257 2069 1410 2102 distulisse,
1423 2069 1560 2101 Clemens,
1576 2074 1690 2104 rogante
1702 2068 1797 2101 Petro,
1812 2069 1895 2105 quid-

1095 2116 1161 2151 quid
1176 2116 1305 2144 hesterna
1324 2116 1369 2145 die
1387 2116 1422 2144 ab
1437 2123 1471 2144 eo
1485 2116 1621 2150 audierat,
1640 2116 1803 2144 memoriter
1827 2115 1892 2144 red-

1095 2163 1174 2191 didit.
1190 2162 1260 2190 T‘um
1274 2161 1383 2197 Petrus.
1407 2162 1517 2190 laudata
1539 2162 1600 2198 ejus
1619 2163 1759 2191 memoria
1782 2164 1890 2191 tenaci-

1094 2214 1160 2243 tate.
1182 2209 1234 2246 ipsi
1256 2217 1428 2246 quaecunque
1448 2213 1543 2238 notatu
1564 2209 1688 2244 digniora
1712 2217 1729 2236 a
1747 2210 1890 2237 creatione

1094 2257 1190 2285 mundi
1213 2257 1247 2285 ad
1267 2262 1389 2285 extrema
1413 2264 1501 2292 usque
1515 2256 1571 2284 veri
1595 2255 1741 2291 Propheta
1762 2259 1887 2291 tempora

1095 2308 1257 2336 evenerant,
1281 2304 1416 2337 narravit,
1441 2305 1609 2340 planumque
1625 2303 1692 2331 fecit
1706 2311 1764 2338 qua
1780 2304 1887 2330 ratio.

1094 2350 1199 2385 primus
1213 2354 1240 2378 et
1254 2350 1393 2379 secundus
1407 2350 1511 2378 Christi
1534 2350 1668 2378 adventus
1683 2351 1886 2385 praenuntiat.

1095 2397 1189 2430 fuerit,
1203 2401 1232 2426 et
1245 2406 1326 2433 quem
1340 2398 1368 2426 in
1383 2398 1474 2426 locum
1488 2397 1588 2425 animae
1604 2398 1749 2426 hominum
1766 2403 1831 2433 post
1841 2405 1886 2425 eo-

250 2452 344 2477 causa,
357 2447 540 2473 revertentem
556 2443 712 2479 quindecim
728 2447 792 2479 post
806 2443 903 2472 diebus
919 2447 1040 2476 secutus,
1059 2437 1079 2464 D
1094 2453 1154 2473 rum
1171 2448 1287 2473 mortem
1301 2445 1358 2473 sint
1372 2444 1581 2481 congreganda.

248 2491 381 2520 Casareaa
399 2490 537 2519 Stratonis
556 2494 724 2518 consecutus
745 2494 798 2518 est.
818 2490 958 2519 Barnabas
975 2498 1041 2519 vero

249 2547 311 2568 eum
337 2538 483 2567 confestim
497 2537 575 2566 ducit
593 2536 628 2565 ad
649 2535 772 2569 Petrum,
793 2544 809 2563 a
832 2544 887 2572 quo
900 2537 1040 2573 benignis-

248 2586 318 2614 sime
344 2585 491 2620 excipitur,
513 2584 680 2619 iubeturque
704 2590 845 2612 sermones
864 2587 892 2611 et
913 2583 1038 2620 disputa-

249 2632 338 2660 tiones
349 2639 456 2664 omnes,
468 2638 537 2667 quas
553 2630 693 2666 deinceps,
710 2630 799 2658 donec
813 2628 928 2658 Romam
944 2637 1041 2665 perve-

246 2679 357 2711 nerint,
382 2678 528 2705 habiturus
546 2680 623 2710 erat,
652 2679 756 2705 attente
784 2676 889 2705 audiat.
917 2676 1040 2712 Spondet

247 2724 386 2758 Clemens,
406 2728 539 2761 rogatque
561 2723 685 2756 Petrum.
711 2726 740 2751 ut
763 2724 861 2751 anima;
881 2728 985 2752 nostra:
1011 2724 1039 2751 in

248 2771 352 2799 Christi
368 2771 502 2807 judicium
518 2774 580 2807 post
601 2775 718 2798 mortem
736 2770 904 2799 adducenda:
925 2771 1038 2799 immor-

248 2818 396 2851 talitatem,
409 2825 441 2847 ac
452 2818 584 2846 mundum
600 2817 682 2845 ﬁnem
698 2816 846 2853 aliquando
861 2820 1038 2852 accepturum

248 2872 310 2893 esse
336 2865 388 2894 sibi
409 2865 589 2893 demonstret.
607 2865 673 2898 Qua
689 2864 800 2900 quidem
821 2864 967 2900 derepente
984 2864 1036 2892 Pe-

1129 2491 1249 2528 Longam
1275 2496 1337 2528 post
1361 2492 1419 2520 haec
1435 2491 1659 2527 disputationem,
1683 2498 1772 2527 quam
1792 2498 1884 2519 omnes

1093 2544 1120 2567 et
1134 2539 1236 2575 singuli
1250 2539 1353 2575 quique
1370 2539 1488 2575 apostoli
1507 2539 1536 2567 in
1551 2538 1807 2574 Hierosolymiqu
1821 2543 1884 2566 lem-

1093 2586 1137 2621 plo
1155 2593 1205 2621 per
1228 2589 1291 2614 octo
1316 2585 1375 2615 dies
1395 2594 1458 2614 cum
1471 2585 1573 2614 Iudaeis
1594 2585 1725 2617 inierant,
1749 2585 1883 2621 integra-

1092 2636 1232 2668 totamque
1256 2632 1383 2669 exponit,
1407 2632 1585 2669 declaratque
1610 2632 1752 2668 quomodo
1776 2633 1806 2661 in
1834 2632 1885 2660 line

1091 2678 1182 2712 illius,
1203 2678 1337 2707 seditione
1363 2683 1439 2712 orta,
1468 2679 1521 2715 ipsi
1548 2678 1677 2707 Hiericho
1704 2679 1882 2707 secesserint.

1091 2724 1157 2753 Inde
1179 2729 1270 2754 autem
1284 2725 1404 2755 Iacobus
1418 2726 1540 2758 Petrum,
1558 2731 1588 2754 ut
1611 2726 1772 2758 Simonem,
1794 2725 1838 2761 qui
1851 2733 1883 2753 se

1091 2772 1231 2801 Christum
1250 2777 1278 2801 et
1298 2781 1433 2801 summam
1459 2773 1561 2802 excelsi
1583 2773 1631 2801 Dei
1656 2773 1791 2802 virtutem
1822 2780 1881 2801 esu

1089 2818 1222 2855 jactabat,
1245 2820 1410 2852 confutaret,
1434 2820 1587 2848 Caesaream
1602 2820 1714 2848 direxit.
1728 2820 1771 2848 Ad
1793 2823 1881 2848 extre-

1092 2874 1166 2894 mum
1187 2866 1312 2895 Clemens
1334 2867 1368 2895 de
1389 2867 1432 2895 his
1460 2867 1590 2896 omnibus
1612 2875 1673 2903 qum
1696 2875 1711 2894 a
1733 2865 1817 2896 Petra
1831 2872 1876 2893 ac-
