4030 6338
313 235 459 292 “'75

1379 232 2020 292 BECOCNITIONES.—
2058 235 2422 293 PBOU‘JMIA.

3429 246 3566 302 ms

307 355 563 422 ceperat,
617 349 756 404 actis
807 348 1027 420 gratiis,
1068 348 1303 419 primum
1362 350 1507 404 hunc
1546 350 1745 406 librum
1785 351 1884 406 ab-
1914 368 1960 427 Α
1988 359 2310 408 consuetum
2341 351 2729 422 disputationis
2759 353 2939 409 locum
2983 357 3235 412 accessit.
3275 358 3354 413 lbi
3385 369 3567 416 autem

307 441 492 497 solvit.

376 532 435 587 In
470 547 704 588 SECUNDO
745 542 926 588 autem
978 549 1137 589 uano
1183 543 1372 590 narrat
1419 535 1715 606 quomodo,
1741 542 1882 590 stata

302 625 694 696 disputationis
748 624 894 681 Petri
951 627 1218 684 adversus
1271 626 1550 682 Simonem
1598 627 1720 692 die,
1767 627 1883 697 ipse

304 719 616 789 apostolus,
661 720 858 790 primis
899 721 1166 791 gallorum
1198 720 1452 777 cantibus
1497 736 1529 776 e
1569 721 1710 776 lecto
1755 736 1883 776 sur-

299 827 456 881 gens,
487 818 537 866 et
577 825 749 881 pauca
788 811 1036 882 quaedam
1077 813 1146 868 de
1175 813 1226 868 vi
1257 812 1670 869 consuetudinis
1702 819 1881 866 matu-

299 905 419 958 rius
450 904 704 973 surgendi
737 904 1018 973 praefatus,
1055 905 1124 960 ab
1148 906 1344 975 Aquila
1375 913 1430 961 et
1459 903 1669 969 Niceta,
1703 920 1879 975 quon-

297 995 426 1049 dam
459 993 701 1050 Simonis
729 995 1034 1067 discipulis,
1061 1009 1194 1052 tunc
1221 1006 1402 1053 autem
1433 998 1500 1052 ad
1533 997 1692 1053 fidem
1719 998 1878 1053 Chri-

296 1089 533 1142 Stianam
575 1091 874 1153 conversis,
904 1091 1029 1161 quis
1055 1091 1145 1146 ille
1174 1106 1388 1162 magus,
1423 1099 1478 1145 et
1509 1091 1711 1161 quibus
1759 1107 1876 1143 mo-

295 1181 444 1234 ribus
483 1190 531 1235 et
561 1182 767 1236 actibus
784 1192 940 1248 esset,
974 1184 1177 1238 certior
1208 1183 1325 1238 fieri
1355 1183 1608 1238 voluerit.
1642 1182 1735 1237 Sic
1767 1184 1873 1236 ita-

293 1290 401 1343 que
431 1272 626 1330 Petrus
651 1278 718 1329 ad
745 1275 1172 1346 disputationem
1204 1277 1529 1338 instructus,
1562 1275 1630 1328 ad
1673 1277 1872 1329 atrium

290 1365 505 1431 domus,
551 1368 605 1420 in
645 1384 745 1436 quo
788 1377 904 1422 erat
944 1368 1230 1423 multitudo
1258 1386 1377 1423 cum
1409 1369 1624 1425 Simone
1656 1388 1870 1441 congre-

288 1467 439 1527 gata,
457 1459 823 1530 progreditur.
849 1459 924 1515 Ibi
949 1461 1252 1532 apostolus,
1275 1470 1399 1531 post
1418 1463 1635 1518 brevem
1662 1463 1728 1517 de
1741 1479 1872 1533 pace

289 1567 321 1606 a
363 1553 588 1609 Christo
619 1554 676 1608 in
705 1553 970 1609 mundum
1015 1555 1177 1610 allata
1219 1556 1666 1626 disputationem,
1700 1555 1868 1610 Deum

286 1644 414 1700 coeli
444 1655 497 1700 et
526 1654 687 1702 terra:
714 1655 1020 1702 creatorem
1065 1662 1188 1703 esse
1219 1648 1441 1704 invictis
1486 1648 1738 1720 probavit
1779 1664 1870 1702 ar-

1989 445 2224 501 salutato
2277 446 2500 515 populo,
2543 454 2596 501 et
2639 447 2830 517 paucis
2859 447 2928 502 de
2968 449 3160 505 ordine
3192 451 3250 505 in
3290 451 3566 521 discepta-

1986 536 2233 591 tionibus
2258 536 2490 592 tenendo
2518 539 2838 607 prtemissis,
2871 539 3333 597 immortalitatem
3376 546 3570 600 anima;

1985 643 2053 682 ex
2103 629 2168 682 iis
2215 644 2336 698 qua:
2380 628 2524 685 Deus
2571 632 2868 702 unicuique
2915 633 3124 688 homini
3166 646 3291 706 post
3337 648 3568 693 mortem

1983 719 2300 781 redditurus
2341 731 2447 786 est,
2482 723 2721 794 primum
2767 726 3185 784 demonstravit.
3225 727 3430 782 Dehinc
3478 728 3564 784 Si-

1982 811 2161 876 moni,
2204 815 2468 868 nonnulla
2518 818 2686 871 variis
2726 819 2953 888 argutiis
3006 831 3197 874 contra
3244 821 3560 890 objicienti,

1981 903 2275 959 confestim
2308 909 2590 977 respondit
2623 910 2784 963 illum
2803 909 2870 965 de
2902 911 3006 967 bac
3051 913 3248 968 animae
3282 915 3566 970 immorta-

1979 995 2130 1051 litate
2157 1013 2222 1050 επ
2247 1001 2396 1066 pueri
2428 1001 2676 1054 violenter
2709 1005 2880 1056 necati
2911 1003 3168 1075 imagine,
3195 1023 3357 1076 quam
3389 1007 3439 1061 in
3481 1010 3564 1062 in-

1980 1088 2168 1142 teriori
2195 1105 2298 1144 suo
2329 1091 2589 1147 cubiculo
2633 1096 2973 1159 asservabat,
3009 1114 3171 1166 posse
3214 1099 3327 1153 fieri
3367 1101 3564 1155 certio-

1977 1196 2112 1236 rem.
2161 1180 2256 1237 His
2292 1182 2454 1239 dictis
2487 1183 2693 1249 Simon,
2742 1188 3067 1242 conscientia
3119 1206 3429 1259 percussus,
3469 1209 3560 1247 ve-

1977 1272 2122 1327 niam
2151 1289 2181 1327 a
2213 1274 2397 1336 Petro,
2442 1293 2602 1346 quem
2647 1278 2791 1332 istud
2827 1280 3148 1350 prophetico
3181 1283 3375 1352 spiritu
3418 1285 3559 1338 didi-

1974 1364 2119 1420 cisse
2163 1366 2451 1434 credebat,
2504 1371 2734 1440 supplex
2769 1373 3037 1441 poposcit.
3082 1372 3188 1428 Sed
3223 1375 3313 1429 ubi
3363 1375 3560 1434 Petrus

1976 1457 2029 1512 id
2062 1458 2229 1515 abiis
2259 1461 2353 1531 qui
2395 1478 2522 1516 cum
2554 1479 2619 1519 eo
2651 1465 2902 1519 vixerant
2948 1482 3008 1521 se
3049 1468 3329 1538 accepisse
3376 1471 3556 1540 palam

1972 1549 2255 1620 professus
2278 1553 2493 1619 fuisset,
2534 1562 2667 1610 tunc
2701 1556 2913 1622 Simon,
2950 1559 3032 1612 ira
3072 1561 3336 1629 percitus,
3379 1572 3432 1616 et
3462 1579 3556 1616 va-

1974 1641 2070 1698 riis
2115 1645 2462 1701 contumeliis
2504 1663 2712 1704 vexans
2759 1650 3069 1718 apostolum
3113 1671 3126 1706 :
3161 1650 3439 1722 Fortuntr,
3472 1655 3558 1709 in-

285 1740 588 1811 sumenﬁs;
634 1748 798 1811 atque
840 1757 1032 1798 “mnes
1068 1740 1305 1798 Simonis
1338 1742 1700 1813 obiectiones,
1737 1757 1862 1798 cum
1901 1733 1941 1790 Β
1969 1733 2107 1802 quit,
2141 1751 2245 1788 non
2275 1739 2512 1793 veritatis
2548 1749 2626 1794 εει
2662 1741 2767 1794 ista
2806 1744 3047 1799 victoria.
3079 1743 3277 1801 Petrus
3318 1762 3449 1801 vero
3487 1763 3554 1804 ex

284 1848 348 1888 ex
392 1831 678 1902 Scriptura
707 1848 884 1900 sacra,
909 1840 1026 1888 tum
1051 1849 1114 1890 ex
1147 1835 1360 1891 ratione
1389 1836 1588 1906 petitas
1624 1835 1784 1890 diluit
1815 1843 1869 1890 et

283 1925 504 1980 evertit.
555 1923 651 1988 His
696 1933 877 1982 autem
927 1926 1062 1982 illud
1111 1927 1344 1999 adjecit,
1389 1929 1536 2000 quod
1585 1928 1867 1984 immensae

283 2017 424 2074 lucis
450 2019 726 2074 etcntitas
749 2035 813 2074 ex
863 2017 984 2091 lege
1015 2022 1190 2092 possit
1218 2023 1451 2079 ostendi.
1480 2022 1637 2077 Tunc
1671 2020 1864 2077 Siinon

281 2113 530 2183 apostolo
555 2112 836 2183 respondit
867 2129 1061 2186 magna
1090 2132 1213 2171 eum
1237 2117 1502 2186 polliceri,
1543 2115 1865 2187 spopondit-

281 2221 388 2276 qne
433 2205 548 2260 fore
590 2214 650 2260 ut
689 2206 735 2262 si
768 2207 857 2262 die
884 2209 1123 2262 crastina
1160 2217 1214 2264 et
1256 2209 1461 2264 factum
1508 2210 1772 2264 mundum
1809 2220 1863 2265 et

281 2298 495 2354 animas
531 2298 869 2356 immortales
911 2316 1033 2356 esse
1078 2301 1459 2360 demonstrare
1490 2304 1749 2368 voluerit,
1791 2306 1858 2360 ad

280 2392 706 2463 disputationem
767 2393 882 2464 ipse
927 2403 1074 2451 esset
1123 2412 1467 2454 reversurus.
1517 2398 1615 2455 His
1659 2401 1857 2467 dictis,

281 2483 470 2539 Simon
500 2500 625 2540 cum
657 2487 862 2556 pepuli,
896 2489 988 2557 qui
1035 2503 1220 2544 secum
1259 2498 1502 2555 venerat,
1533 2493 1693 2547 tertia
1739 2502 1858 2548 tan-

279 2585 391 2630 tum
420 2585 575 2648 parte
601 2578 759 2632 abiit:
787 2579 969 2634 caeteri
990 2596 1182 2638 omnes
1205 2581 1446 2648 Petrum,
1471 2583 1565 2655 qui
1592 2585 1858 2656 plurimos

279 2670 611 2725 mirabiliter
640 2672 873 2735 sanavit,
910 2673 1056 2728 ultro
1079 2676 1252 2730 secuti
1283 2686 1431 2732 sunt.

345 2762 592 2819 Ten-nus
619 2779 775 2818 LIBER
803 2766 1098 2821 secundam
1123 2777 1177 2824 et
1205 2771 1418 2824 tertiam
1443 2769 1590 2826 Petri
1619 2786 1742 2826 cum
1770 2770 1856 2826 Si-

278 2870 439 2910 mone
457 2855 918 2926 disceptationem
939 2858 1178 2916 exhibet.
1208 2859 1313 2917 Sed
1345 2870 1633 2933 antequam
1665 2864 1732 2917 ad
1762 2880 1857 2918 ea-

277 2962 394 3000 rum
413 2947 652 3017 priorem
671 2949 1076 3020 aggrederetur.
1097 2968 1313 3007 summo
1335 2969 1494 3008 mane
1513 2954 1580 3012 de
1602 2956 1854 3012 maximis

273 3053 457 3094 coram
491 3041 718 3096 confusa
765 3043 940 3113 plebis
968 3045 1320 3101 multitudine
1357 3047 1676 3117 disputandi
1715 3048 1853 3103 difli-
1881 3083 1924 3139 ε

273 3135 594 3199 cultatibus,
627 3146 680 3192 et
717 3136 784 3192 de
812 3139 988 3193 tribus
1018 3139 1382 3194 sanctissimae
1417 3139 1704 3197 Trinitatis
1734 3157 1854 3213 per-

273 3228 426 3283 sonis
471 3228 615 3299 apud
658 3243 790 3284 suos
829 3230 1064 3285 breviter
1106 3231 1388 3287 disseruit.
1435 3229 1563 3286 Orta
1602 3233 1742 3298 luce,
1796 3234 1850 3288 in

273 3320 524 3375 eumdem
563 3321 833 3378 hesterna:
872 3322 1260 3392 disputationis
1297 3324 1474 3379 locum
1506 3341 1564 3380 se
1593 3328 1846 3392 contulit,

271 3414 456 3482 ibique
502 3413 690 3467 Simon
755 3423 1043 3485 postquam
1089 3416 1337 3484 apostolo
1384 3417 1624 3486 magicas
1678 3425 1846 3482 artes,

271 3505 429 3574 queis
460 3513 539 3559 tot
568 3506 892 3575 populorum
945 3505 1157 3561 animos
1194 3512 1305 3560 tam
1355 3507 1466 3561 cito
1510 3507 1613 3562 sibi
1659 3513 1848 3564 conci-

271 3599 522 3662 liaverat,
550 3597 754 3653 frustra
794 3599 1204 3668 exprobrasset,
1238 3600 1308 3654 ab
1345 3600 1464 3669 ipso
1506 3601 1659 3670 petiit
1693 3611 1752 3656 ut
1795 3605 1852 3658 fi-

269 3689 424 3756 dem,
467 3707 571 3760 qua
598 3689 662 3744 de
693 3691 1044 3745 immensitate
1091 3691 1225 3746 lucis
1252 3701 1462 3747 aeterna:
1497 3700 1750 3748 acturum
1788 3711 1848 3752 se

267 3797 394 3838 esse
422 3783 770 3853 promiserat,
794 3783 906 3852 jam
935 3783 1209 3840 liberaret.

342 3875 448 3930 Sed
501 3875 568 3930 ad
602 3877 765 3930 aliam
817 3876 1171 3947 quaestionem
1226 3878 1490 3934 continuo
1539 3879 1842 3951 digressus,

268 3969 508 4037 postulat
555 3969 625 4023 ah
672 3984 758 4033 eo,
789 3984 907 4022 cum
957 3967 1098 4022 Deus
1145 3968 1329 4037 fecerit
1377 3973 1588 4037 omnia,
1628 3983 1687 4027 ut
1729 3974 1845 4044 ipse

267 4060 466 4125 aiebat,
501 4060 645 4114 unde
684 4061 755 4115 sit
785 4061 1008 4116 malum.
1046 4060 1202 4127 Quod
1233 4063 1452 4132 quidem
1489 4079 1614 4119 cum
1647 4064 1844 4123 Petrus

267 4160 456 4208 contra
495 4161 706 4208 rectum
748 4154 1137 4222 disputationis
1171 4155 1418 4210 ordinem
1450 4159 1718 4226 postulari
1748 4163 1843 4216 de-

265 4247 716 4307 monstravisset,
765 4253 898 4299 tunc
966 4245 1154 4300 Simon
1212 4263 1659 4320 unumquemque
1704 4251 1840 4315 fato.

263 4339 399 4392 sicut
434 4339 481 4391 ei
520 4337 836 4400 decernitur,
885 4339 1125 4407 pertrahi
1176 4343 1507 4410 quihusdam
1559 4353 1840 4401 rationum

1971 1824 2038 1879 iis
2067 1841 2187 1896 quae
2232 1829 2552 1900 imprudens
2599 1835 2892 1890 confessus
2937 1845 3074 1902 erat,
3128 1837 3281 1892 illum
3322 1855 3550 1910 magum

1969 1932 2091 1973 esse
2123 1920 2281 1990 plane
2329 1924 2586 1978 convicit.
2631 1925 2843 1991 Quibus
2885 1926 3072 1983 Simon
3110 1931 3441 1984 commotior
3469 1931 3552 1986 fa-

1968 2017 2110 2076 ctus,
2159 2015 2406 2083 repetitis
2457 2018 2725 2073 conviciis
2772 2019 3097 2074 seditionem
3143 2021 3349 2076 frustra
3392 2024 3549 2078 exci-

1966 2111 2084 2159 tare
2122 2108 2370 2163 tentavit.
2425 2108 2560 2163 Nam
2609 2111 2679 2165 ab
2726 2119 2942 2167 astante
3006 2112 3162 2182 plebe
3205 2113 3448 2182 ejectus,
3492 2125 3548 2170 et

1965 2195 2258 2254 derelictus
2295 2200 2364 2255 ab
2397 2203 2687 2267 omnibus,
2744 2219 2911 2257 unum
2958 2206 3337 2260 tantummodo
3357 2206 3549 2262 habuit

1964 2303 2078 2343 suae
2107 2289 2246 2362 fuga:
2269 2295 2546 2349 comitem.
2574 2294 2705 2350 Post
2737 2296 2850 2351 hazc
2876 2295 3071 2351 Petrus
3111 2297 3265 2352 brevi
3288 2315 3545 2356 sermone

1963 2380 2144 2437 docuit
2177 2392 2231 2439 et
2261 2385 2529 2457 irrogatas
2561 2388 2629 2442 ab
2657 2381 2976 2443 hominibus
3013 2389 3266 2458 injurias,
3306 2399 3360 2445 et
3395 2393 3547 2463 ipsos

1963 2491 2161 2545 pravos
2174 2477 2426 2535 homines
2455 2480 2726 2550 patienter
2757 2497 2880 2536 esse
2907 2481 3243 2537 tolerandos.
3274 2481 3542 2555 Denique,

1961 2584 2062 2639 pro
2105 2571 2307 2641 popqu
2352 2580 2638 2644 precatus,
2685 2589 2878 2628 omnes
2917 2582 2976 2628 ut
3021 2576 3290 2629 maturius
3329 2576 3416 2631 die
3455 2593 3544 2632 se-

1960 2663 2148 2732 quenti
2180 2666 2559 2732 convenirent,
2595 2667 2898 2722 admonuit.

2029 2753 2124 2810 ille
2160 2772 2290 2812 vero
2333 2766 2459 2813 ante
2492 2759 2667 2814 lucem
2698 2767 2900 2823 ortam,
2945 2770 3002 2815 ut
3040 2760 3241 2816 Nicetae
3287 2764 3541 2832 petitioni

1958 2844 2163 2902 faceret
2212 2849 2378 2918 satis,
2420 2851 2550 2921 quid
2601 2850 2744 2904 inter
2803 2851 2940 2906 falsa
2987 2861 3042 2907 et
3088 2869 3214 2908 vera
3265 2855 3540 2910 miracula

1957 2949 2105 2995 esset
2141 2941 2500 3010 discriminis,
2535 2945 2657 3001 fuse
2704 2946 2963 3002 ostendit.
3011 2945 3197 3002 Primo
3234 2957 3415 3003 autem
3458 2949 3542 3003 di-

1960 3032 2142 3088 luculo
2173 3032 2452 3090 Simonem
2490 3037 2693 3100 navim,
2722 3044 2780 3091 ut
2829 3036 3060 3094 Romam
3110 3047 3352 3109 peteret,
3406 3055 3542 3094 con-

1959 3127 2259 3194 scendisse,
2278 3137 2331 3182 et
2360 3131 2543 3184 omnia
2563 3131 2754 3202 magiae
2779 3147 2892 3186 suae
2916 3141 3123 3186 secreta
3153 3134 3206 3187 in
3232 3149 3383 3188 mare
3415 3150 3541 3204 pro-

1951 3217 2171 3286 iecisse,
2193 3235 2343 3276 certo
2363 3224 2571 3293 accepit
2598 3224 2813 3278 nuntio.
2843 3223 2967 3278 Haec
3001 3226 3199 3294 p0pulo
3222 3225 3334 3294 jam
3352 3239 3540 3281 coacto

1955 3311 2046 3368 ille
2084 3322 2328 3368 actutum
2370 3317 2608 3381 nuntiat,
2641 3316 2900 3387 additque
2932 3317 3274 3387 se,quamvis
3321 3317 3539 3389 fugien-

1955 3414 2061 3461 tem
2094 3405 2332 3477 Ilagum,
2377 3425 2446 3464 ne
2495 3410 2776 3464 hominum
2827 3417 3036 3464 mentes
3079 3410 3423 3481 depravaret,
3455 3413 3541 3465 in-

1954 3500 2108 3570 sequi
2158 3509 2476 3571 cogeretur;
2533 3502 2675 3573 apud
2721 3518 2816 3557 eos
2866 3511 3044 3557 tamen
3087 3502 3261 3558 donec
3317 3503 3372 3555 in
3411 3502 3535 3560 fidei

1953 3594 2203 3650 doctrina
2234 3603 2422 3650 essent
2451 3596 2782 3660 confirmati,
2809 3603 3277 3650 commoraturum

2022 3684 2126 3742 Per
2168 3688 2272 3743 hoc
2315 3689 2500 3759 itaque
2530 3689 2796 3759 temporis
2846 3696 3110 3758 spatium,
3142 3702 3426 3742 sermones
3464 3689 3535 3742 ad

1953 3794 2045 3834 eos
2086 3780 2476 3846 consolandos,
2505 3789 2559 3836 et
2606 3780 2728 3835 fidei
2769 3779 3015 3834 doctrina
3061 3794 3386 3850 morumque
3416 3781 3533 3850 pie-

1952 3881 2060 3928 tate
2090 3873 2434 3938 imbuendos,
2477 3875 2710 3945 singulis
2741 3873 3051 3943 quibusque
3081 3872 3275 3927 diebus
3307 3873 3532 3938 habuit;

1950 3969 2236 4024 Zachaeum
2277 3961 2617 4039 episcopum,
2653 3966 2940 4021 duodecim
2984 3965 3354 4037 presbyteros,
3397 3982 3533 4037 qua-

1949 4069 2182 4130 tuorque
2235 4062 2440 4114 creavit
2499 4060 2797 4126 diaconos;
2857 4058 3144 4112 duodecim
3199 4059 3366 4113 sociis
3414 4061 3531 4116 suis

1949 4163 2062 4210 tres
2091 4152 2230 4207 alios
2257 4151 2548 4222 adjunxit;_
2568 4161 2732 4222 atque
2756 4167 2822 4206 ex
2856 4151 2921 4205 iis
2950 4149 3207 4206 omnibus
3237 4150 3528 4205 duodecim

1948 4249 2014 4303 ad
2065 4245 2464 4316 praedicandam
2511 4244 2716 4300 Christi
2769 4245 2958 4307 fidem,
3009 4243 3397 4314 Simonemque
3435 4244 3530 4299 de-

1949 4341 2259 4398 bellandum
2293 4341 2581 4410 praemisit,
2610 4356 2674 4394 ac
2712 4355 2877 4408 supra
2910 4337 3196 4392 duodecim
3245 4339 3525 4392 hominum

263 4432 557 4486 momentis
609 4432 840 4500 probare
884 4431 1038 4487 nisus
1075 4441 1180 4488 est.
1227 4435 1430 4490 Contra
1476 4451 1606 4491 vero
1639 4437 1838 4495 Petrus
1875 4436 1917 4490 D
1948 4435 2118 4489 millia
2171 4434 2346 4488 sacris
2401 4431 2745 4503 regeneravit
2785 4429 3043 4500 baptismi
3093 4431 3274 4499 aquis.
3325 4430 3525 4487 Tribus

261 4522 492 4578 liberum
532 4522 770 4577 hominis
802 4523 1089 4576 arbitrium
1129 4526 1454 4581 certissimis
1498 4532 1841 4599 argumentis

260 4615 517 4671 asseruit.
547 4615 676 4670 Post
707 4616 820 4670 haec
850 4616 918 4670 ab
953 4616 1070 4684 ipso
1102 4617 1289 4671 Simon
1329 4619 1602 4688 quaesivit,
1634 4621 1681 4674 si
1726 4623 1847 4677 risi-

260 4709 361 4763 bile
388 4709 533 4763 istud
562 4709 746 4763 cazlum
774 4709 1076 4770 resolvetur,
1103 4727 1196 4762 cur
1225 4713 1290 4763 ab
1318 4711 1474 4765 initio
1502 4713 1704 4782 factum
1741 4726 1841 4770 est.

261 4801 326 4855 Et
381 4817 577 4858 rursus
605 4803 675 4856 ab
722 4802 918 4857 eodem
957 4802 1120 4873 paulo
1168 4811 1292 4872 post
1341 4806 1552 4876 rogavit
1600 4821 1702 4860 cur
1753 4807 1843 4861 ille

262 4893 453 4958 Deum,
480 4909 642 4963 quem
673 4891 956 4963 Scriptura
988 4909 1018 4946 a
1049 4895 1198 4948 nullo
1231 4895 1402 4950 videri
1435 4912 1597 4964 posse
1623 4898 1776 4963 dicit,
1811 4915 1838 4952 a

254 4986 426 5056 justis
456 4995 636 5042 tamen
679 4995 799 5056 post
839 5003 1028 5042 eorum
1079 4997 1350 5057 mortem,
1395 4989 1687 5045 videndum
1723 4990 1839 5048 fore

256 5078 573 5133 afﬁrmaret.
610 5077 820 5144 Quibus
851 5079 996 5134 clare
1024 5095 1054 5133 a
1087 5077 1250 5134 Petro
1292 5082 1604 5150 explicatis,
1637 5084 1838 5138 iterum

258 5171 394 5240 petit
443 5169 631 5240 Magus
682 5183 861 5225 utrum
915 5173 1240 5227 immortalis
1283 5180 1428 5228 esset
1455 5175 1660 5230 anima.
1705 5174 1833 5240 Sed,

258 5262 428 5331 hujus
469 5265 788 5333 quaestionis
829 5264 1082 5320 examine
1124 5265 1177 5318 in
1222 5265 1368 5319 diem
1417 5268 1721 5322 crastinum
1753 5268 1836 5322 di-

259 5357 390 5422 lato,
423 5360 655 5429 populus
695 5358 923 5428 projecit
949 5373 1006 5412 se
1043 5357 1109 5411 ad
1137 5358 1304 5427 pedes
1334 5357 1504 5422 Petri,
1528 5359 1621 5429 qui
1655 5360 1838 5429 plures

255 5467 382 5504 cum
412 5461 666 5521 :egrotos,
699 5459 815 5503 tum
856 5449 1116 5506 obsessos
1155 5466 1185 5504 a
1219 5449 1485 5516 daemone,
1535 5467 1702 5508 sanos
1746 5468 1836 5506 re-

259 5544 408 5598 tnisit
429 5553 484 5598 et
519 5543 844 5598 incolumes.

330 5635 591 5707 Sequenti
636 5636 802 5705 igitur
843 5637 953 5705 die,
995 5651 1122 5689 cum
1171 5635 1367 5692 Petrus
1408 5651 1472 5689 ea
1499 5651 1621 5709 qua:
1660 5635 1836 5706 pridie

261 5729 531 5802 disputata
584 5729 833 5806 fuerant,
883 5729 1176 5786 comitibus
1229 5729 1344 5787 suis
1396 5729 1712 5796 recitasset,
1766 5727 1833 5782 ad

1947 4529 2166 4584 demum
2201 4526 2404 4596 elapsis
2445 4525 2748 4590 mensibus,
2794 4522 3078 4587 Clemens,
3121 4522 3312 4578 eodem
3363 4523 3524 4578 Petro

1941 4620 2186 4690 jubente,
2225 4633 2525 4674 sermones.
2555 4617 2795 4687 quosab
2832 4631 2897 4670 eo
2941 4616 3306 4671 concionante
3343 4615 3526 4671 Caesa-

1945 4727 2050 4768 reae
2101 4719 2422 4780 exceperat,
2465 4709 2654 4764 decem
2706 4707 2915 4778 redegit
2963 4709 3016 4762 in
3070 4710 3269 4774 libros,
3320 4727 3523 4780 eosque

1945 4803 2093 4859 misit
2122 4803 2190 4856 ad
2231 4801 2516 4858 Jacobum.
2551 4801 2748 4857 Petrus
2773 4816 2904 4854 vero
2936 4799 3222 4870 Tripolim,
3271 4803 3362 4856 ubi
3404 4802 3520 4857 hie-

1946 4906 2138 4960 maret,
2171 4896 2448 4967 profectus
2477 4903 2584 4950 est.

2013 4990 2222 5057 QUARTI
2283 5003 2424 5041 LIBRI
2480 4986 2640 5042 initio
2690 4996 2882 5042 narrat
2926 4986 3068 5041 idem
3106 4985 3360 5040 Clemens
3407 5001 3517 5056 quo

1943 5083 2136 5138 itinere
2185 5079 2382 5133 Petrus
2431 5078 2695 5148 Tripolim
2732 5081 2961 5146 venerit,
2988 5097 3148 5150 quos,
3199 5081 3252 5133 in
3288 5079 3517 5134 urbibus

1943 5191 2038 5244 per
2065 5188 2204 5242 quas
2231 5170 2505 5234 transivit,
2544 5171 2832 5226 adduxerit
2861 5173 2927 5227 ad
2959 5172 3163 5226 Christi
3193 5173 3373 5232 fidem.
3408 5188 3514 5241 qua

1943 5266 2174 5335 denique
2208 5261 2632 5333 pompaTt-ipoli
2664 5273 2926 5332 exceptus
2967 5264 3056 5318 sit.
3084 5264 3359 5328 lbi,altera
3392 5273 3515 5333 post

1941 5358 2230 5412 adventum
2279 5369 2438 5409 suum
2491 5356 2599 5416 die,
2627 5354 2841 5417 Petrus,
2889 5357 3207 5426 prazmissis.
3250 5357 3325 5410 uti
3369 5357 3512 5410 dixi-

1943 5468 2084 5514 mus,
2119 5449 2285 5504 sociis
2315 5449 2450 5509 suis,
2479 5464 2821 5517 qumcunque
2847 5457 2968 5518 post
2982 5464 3173 5502 eorum
3206 5448 3511 5503 discessum

1939 5550 2144 5614 egerat,
2166 5548 2290 5595 ante
2320 5540 2495 5594 lucem
2519 5548 2696 5593 ortam
2726 5542 2932 5602 retulit,
2957 5540 3024 5592 ab
3047 5541 3222 5609 iisque
3248 5556 3308 5594 ea
3330 5539 3512 5593 omnia

1939 5634 2129 5689 didicit
2148 5649 2267 5705 qua:
2289 5649 2318 5687 a
2344 5631 2564 5687 Simone
2582 5632 2786 5701 Tripoli
2809 5632 3025 5686 fuerant
3051 5639 3284 5701 patrata.
3332 5631 3509 5685 Prima

1939 5737 2118 5786 autem
2164 5727 2304 5796 luce,
2349 5726 2630 5784 nuntiatur
2672 5725 2834 5783 Petro
2869 5726 3120 5782 eumdem
3174 5725 3410 5798 Magum,
3443 5724 3512 5779 de
