3976 6340
485 196 625 257 “75

1307 194 1363 252 S.
1398 196 1789 253 CLEMENTIS
1824 196 1844 250 Ι
1879 196 2046 255 ΒΟΜ.
2083 195 2288 255 PONT.
2323 195 2555 253 OPERA
2585 195 2815 254 DUBIA.

3619 194 3754 249 1376

483 319 719 374 adventu
768 313 890 385 ejus
939 315 1230 371 certiorem
1279 313 1520 380 factum,
1569 316 1625 371 in
1673 314 1891 387 Syriam
1946 322 2142 383 ιεηοΑ
2171 317 2320 373 bere.
2367 315 2499 372 lllos
2539 324 2720 372 autem
2764 314 2860 385 qui
2908 313 3023 368 hoc
3067 313 3505 385 regenerationis
3557 329 3753 369 sacra—

482 411 699 468 dentem
741 408 1053 479 aufugisse;
1095 415 1150 463 et
1188 407 1451 479 populum
1498 407 1839 479 frequentem
1868 409 1938 464 ad
1978 408 2068 480 ja-

481 522 668 568 nuam,
705 512 764 559 ut
808 517 1089 559 sermones
1132 500 1256 572 ejus
1301 500 1551 565 audiret,
1591 501 1696 572 ipsi
1744 502 2066 560 avidissime

482 597 809 671 praestolari.

550 690 918 759 Quamobrem
970 697 1349 760 opportunum
1390 689 1481 744 ille
1520 696 1717 743 nactus
1735 689 1937 753 locum,
1973 696 2061 743 at-

479 800 584 855 que
616 799 680 840 ex
718 783 790 839 iis
836 798 975 853 quos
1017 783 1087 836 ab
1138 781 1391 852 corporis
1439 781 1857 852 :egritudinibus
1901 782 1987 836 vel
2031 797 2063 836 a

477 876 742 933 daemonis
784 874 1139 947 possessione
1165 874 1515 940 liberaverat,
1545 880 1928 945 argumentum
1960 874 2064 928 du-

477 985 630 1032 cens,
664 969 888 1040 planum
921 967 1183 1022 omnibus
1219 965 1347 1022 fecit
1378 968 1767 1039 aegrotationes
1809 968 2063 1024 morbos-

478 1080 584 1135 que
622 1062 929 1126 hominum,
966 1061 1165 1117 iisdem
1209 1061 1413 1131 quibus
1438 1077 1473 1115 a
1500 1076 1634 1117 vero
1662 1060 1758 1117 Dei
1798 1063 1949 1117 cultu
1979 1079 2064 1119 re-

476 1162 777 1219 cesserant,
816 1153 883 1207 ad
913 1170 1009 1209 eos
1036 1154 1339 1210 accessisse
1382 1153 1677 1223 gradibus;
1721 1170 1788 1210 ac
1833 1156 2060 1213 tandem

476 1266 544 1306 eo
574 1250 725 1303 cultu
765 1249 986 1318 penitus
1019 1247 1303 1315 derelicto,
1342 1255 1507 1317 atque
1535 1247 1868 1313 idololatria,
1901 1250 2062 1319 cujus

477 1342 638 1397 sicuti
671 1348 726 1395 et
754 1340 945 1411 magiae
974 1340 1242 1411 originem
1269 1340 1482 1410 pandit,
1517 1340 1849 1409 introducta,
1877 1341 2061 1397 datam

476 1433 821 1489 dtemonibus
865 1434 1078 1487 animas
1117 1447 1308 1488 eorum
1353 1432 1670 1502 possidendi
1722 1432 2057 1491 facultatem.

479 1525 724 1581 Subinde
753 1541 812 1582 se
843 1540 1087 1596 suosque
1122 1524 1191 1580 ad
1236 1540 1428 1579 verum
1473 1525 1673 1581 summi
1707 1524 1802 1579 Dei
1851 1526 2060 1582 cultum

477 1618 877 1674 restituendum
920 1618 1125 1673 missos
1157 1633 1279 1673 esse
1309 1618 1428 1673 suis
1459 1618 1809 1673 annuntiavit
1844 1620 2059 1675 audito-

476 1712 653 1776 ribus,
688 1711 936 1781 ipsisque
974 1709 1106 1781 quid
1144 1710 1288 1764 inter
1320 1708 1489 1765 falsas
1522 1724 1793 1779 verasque
1817 1710 2058 1781 prophe-

479 1804 584 1858 tias
629 1811 684 1857 et
724 1803 985 1867 visiones,
1033 1803 1180 1858 inter
1221 1803 1568 1857 sanationem
1603 1816 1735 1859 vero
1778 1810 1874 1856 aut
1916 1801 2059 1857 falso

474 1896 746 1951 miraculo
793 1896 1069 1951 redditam
1107 1895 1327 1951 intersit
1367 1894 1741 1960 discriminis,
1776 1894 2053 1966 patefecit.

474 1990 723 2061 Denique
750 1991 875 2045 illos
910 1989 979 2045 ad
1009 2004 1196 2045 veram
1240 1989 1565 2060 religionem
1602 1986 2056 2059 amplexandam',

473 2083 738 2153 apostolis
768 2082 971 2138 Christi
1001 2082 1303 2154 gerendum
1333 2096 1563 2144 morem,
1603 2080 1887 2152 vitamque
1922 2096 2058 2151 pure

471 2184 527 2230 et
566 2176 820 2247 religiose
867 2175 1287 2240 instituendam,
1322 2174 1682 2238 adhortatus,
1729 2180 1789 2227 ut
1832 2171 1922 2228 die
1969 2189 2057 2229 se-

472 2269 659 2338 quenti
691 2267 761 2322 ad
791 2266 1047 2323 eumdem
1073 2268 1255 2323 locum
1298 2267 1573 2322 maturius
1615 2281 1675 2322 se
1703 2268 2053 2336 conferrent,

473 2361 775 2417 admonuit.

542 2454 744 2511 Esorta
792 2455 960 2527 igitur
1001 2454 1127 2523 die,
1167 2454 1311 2509 idem
1348 2454 1466 2525 ipse
1504 2454 1723 2520 Petrus,
1770 2456 2055 2527 praemissa

473 2549 692 2603 mentali
722 2549 983 2614 oratione,
1016 2548 1181 2601 aliam
1222 2563 1343 2618 quae
1394 2562 1553 2604 LIBRO
1587 2564 1790 2612 cunno
1832 2549 2058 2605 exhibe-

472 2650 583 2710 tur,
613 2641 682 2696 ad
714 2641 977 2712 populum
1022 2639 1216 2695 habuit
1253 2641 1601 2696 concionem.
1642 2639 1702 2694 ln
1741 2655 1805 2694 ea
1832 2640 1905 2696 ob
1936 2655 2057 2695 om-

471 2734 623 2790 nium
672 2735 866 2789 oculos
922 2733 1078 2802 ponit
1124 2732 1441 2799 hominem,
1490 2734 1561 2789 ad
1619 2735 1914 2806 imaginem
1957 2736 2053 2792 Dei

473 2832 698 2893 factum,
737 2827 929 2882 tandiu
975 2827 1031 2880 in
1072 2842 1165 2881 res
1206 2834 1459 2881 terrenas
1499 2827 1764 2883 habuisse
1804 2828 2056 2883 domina-

469 2926 607 2985 tum,
649 2919 895 2990 quandiu
927 2918 1046 2989 ipse
1082 2918 1314 2989 justitite
1354 2919 1571 2990 legibus
1618 2919 2051 2990 obtemperavit;

2162 416 2355 465 mento
2386 408 2585 463 initiati
2619 414 2798 473 erant,
2828 405 3278 471 commonefecit,
3313 408 3451 478 ipsis
3496 423 3615 461 non
3661 423 3754 462 so—

2164 500 2278 555 lum
2313 502 2501 557 omnia
2525 516 2694 571 Opera
2722 500 2865 555 bona
2894 514 3018 570 qua:
3048 500 3324 554 hactenus
3346 508 3583 570 egerant
3613 514 3749 553 etm-

2162 595 2320 648 tinuo
2341 609 2464 650 esse
2494 592 2764 659 facienda,
2792 593 2887 650 sed
2917 593 2987 649 ad
3017 592 3366 647 sublimiores
3398 592 3748 663 perfectioris

2162 686 2383 741 virtutis
2416 687 2617 757 gradus
2658 702 2878 758 semper
2902 701 3029 743 esse
3069 684 3499 740 ascendendum.
3534 682 3673 739 Hec
3700 690 3756 741 et

2162 783 2244 837 his
2290 782 2523 843 similia,
2556 780 2734 851 inquit
2764 778 3044 842 Clemens,
3088 794 3207 831 cum
3246 778 3472 831 dixisset
3524 774 3753 838 Petrus.

2161 874 2364 929 dimisit
2392 872 2595 928 turbas.
2620 871 2723 927 Per
2745 878 2860 927 tres
2882 878 3064 926 autem
3089 870 3332 940 integros
3356 884 3585 924 menses
3608 869 3757 939 apud

2162 967 2554 1039 Tripolitanos,
2591 980 2826 1037 quorum
2870 963 3138 1035 plurimos
3173 961 3399 1017 adduxit
3440 960 3511 1016 ad
3554 960 3759 1026 tidem,

2160 1060 2351 1117 eodem
2392 1059 2557 1114 modo
2586 1057 2948 1114 concionatus
2972 1063 3076 1111 est.
3117 1053 3252 1110 Post
3282 1054 3419 1117 haec,
3463 1051 3757 1107 Clemente

2160 1155 2391 1224 aliisque
2423 1152 2676 1223 pluribus
2705 1165 2866 1207 sacro
2894 1147 3223 1220 baptismate
3271 1146 3501 1208 ablutis,
3534 1144 3757 1215 Tripoli

2161 1245 2437 1302 Maronem
2478 1246 2820 1317 episcopum,
2855 1250 2909 1298 et
2934 1240 3233 1297 duodecim
3265 1241 3655 1311 presbyteros,
3685 1254 3759 1293 ac

2158 1341 2424 1411 quosdam
2438 1340 2701 1395 diaconos
2713 1337 2939 1401 creavit,
2961 1345 3160 1406 atque,
3173 1333 3303 1390 inde
3322 1333 3554 1388 tandem
3572 1348 3763 1402 egres-

2160 1449 2277 1498 sus,
2301 1433 2452 1487 venit
2475 1430 2850 1487 Antiochiam.

2230 1524 2455 1580 Ssprnu
2490 1539 2635 1579 mum
2679 1522 2837 1577 initio
2868 1528 3128 1577 narratur
3165 1526 3422 1583 Petrum,
3459 1533 3593 1573 cum
3623 1513 3757 1572 Tri-

2160 1619 2269 1690 poli
2312 1617 2653 1673 Antaradum
2700 1616 3055 1679 accessisset,
3100 1614 3283 1670 socios
3309 1627 3470 1676 suos,
3507 1626 3756 1681 quorum

2160 1712 2337 1782 major
2372 1718 2623 1768 creverat
2666 1724 2955 1773 numerus,
3010 1708 3171 1771 duas,
3216 1721 3340 1777 qua:
3389 1704 3582 1775 ipsum
3621 1719 3758 1774 pra-

2159 1805 2438 1872 cederent,
2471 1804 2728 1860 divisisse
2768 1803 2823 1858 in
2856 1809 3095 1867 turmas;
3131 1810 3292 1871 atque
3325 1802 3422 1855 uni
3470 1798 3751 1867 Nicetam,

2158 1897 2412 1968 Aquilam
2452 1896 2615 1952 alteri
2663 1894 2999 1968 praelecisse.
3037 1894 3293 1950 Clemens
3331 1908 3498 1956 vero,
3552 1891 3756 1963 gratiis

2157 1987 2341 2057 Petro,
2385 1991 2515 2062 quia
2558 2000 2685 2046 eum
2725 1988 2871 2059 apud
2916 2002 2977 2045 se
3030 1987 3372 2051 retinuerat,
3414 1986 3596 2049 actis,
3647 1983 3754 2054 ipsi

2157 2086 2409 2154 poscenti
2451 2082 2729 2155 quomodo
2775 2090 3006 2153 patrem,
3037 2091 3092 2137 et
3121 2089 3378 2144 matrem,
3425 2094 3494 2133 ac
3544 2077 3758 2132 fratres

2158 2175 2463 2241 amisisset,
2512 2174 2805 2232 confestim
2850 2174 3175 2231 declaravit.
3209 2172 3308 2229 Die
3349 2170 3755 2241 subsequenti.

2155 2266 2353 2325 Petrus
2395 2269 2453 2325 in
2500 2269 2738 2326 insulam
2768 2267 3033 2333 Aradum,
3092 2267 3268 2325 viteas
3296 2267 3595 2320 immensa:
3636 2278 3749 2315 ma-

2155 2363 2459 2433 gnitudinis
2504 2364 2790 2418 columnas
2846 2360 3067 2417 videndi
3119 2360 3319 2431 gratia,
3357 2374 3419 2414 se
3472 2359 3744 2422 contulit,

2156 2454 2339 2526 ibique
2380 2454 2635 2512 Clemens
2681 2455 2900 2526 agnovit
2929 2462 3161 2509 matrem
3196 2467 3355 2508 suam
3414 2448 3751 2505 Mathidiam

2157 2547 2287 2604 illuc
2333 2547 2622 2621 naufragio
2666 2548 2979 2618 expulsam,
3029 2553 3195 2616 atque
3244 2544 3619 2615 elecmosynis
3666 2543 3751 2597 vi-

2154 2648 2303 2696 ctum
2352 2650 2710 2711 quaerentem.
2755 2638 2851 2698 illa
2882 2655 3013 2696 vero
3053 2654 3180 2695 cum
3221 2653 3395 2695 uxore
3438 2636 3595 2693 Petri
3641 2652 3754 2692 ab

2156 2734 2395 2805 terisque
2428 2734 2683 2791 omnibus
2714 2732 3037 2789 Laodiceam
3076 2731 3318 2798 ducitur,
3347 2745 3459 2802 qua
3503 2731 3561 2785 in
3609 2731 3753 2785 urbe

2154 2842 2185 2880 a
2214 2828 2428 2884 duobus
2473 2828 2603 2883 aliis
2641 2827 2768 2883 filiis
2818 2827 2959 2891 suis.
3008 2826 3341 2897 quibuscum
3386 2824 3753 2896 naufragium

2154 2919 2385 2987 fecerat,
2425 2921 2611 2992 agnita
2651 2937 2872 2993 quoque
2900 2929 3013 2976 est.
3048 2918 3114 2974 lii
3153 2926 3336 2974 autem
3371 2929 3757 2973 narraverunt

472 3013 567 3069 ubi
592 3028 726 3067 vero
753 3013 822 3067 ab
848 3011 918 3068 iis
949 3010 1230 3078 discessit,
1260 3013 1523 3066 continuo
1552 3010 1857 3083 fragilitati,
1884 3012 2052 3068 animi
2080 3042 2122 3099 ρ
2157 3030 2216 3071 se
2259 3026 2383 3085 post
2428 3016 2774 3086 naufragium
2814 3014 3121 3071 Cmsaream
3163 3010 3397 3075 delatos,
3428 3017 3485 3064 et
3514 3009 3755 3065 cuidam

472 3106 1002 3178 perturbationibus,
1038 3105 1470 3170 tentationibus,
1514 3104 1898 3159 vexationibus
1939 3103 2051 3161 daa-

470 3215 731 3264 monum,
782 3198 1133 3269 miseriisque
1183 3198 1440 3252 omnibus
1498 3196 1798 3252 obnoxium
1845 3195 2050 3251 factum

469 3309 612 3349 esse.
635 3292 819 3348 Monet
845 3298 1031 3348 tamen
1060 3305 1232 3362 parvo
1256 3290 1381 3346 lidei
1410 3304 1583 3362 grano
1612 3290 1837 3345 morbos
1858 3304 2054 3345 omnes

469 3403 631 3459 posse
658 3387 865 3442 sanari.
897 3384 1053 3440 Hanc
1089 3386 1257 3456 igitur
1296 3383 1456 3439 fidem
1483 3384 1556 3438 ab
1590 3384 1851 3440 omnibus
1880 3370 2054 3439 Susci-

469 3478 721 3548 piendam
757 3494 881 3534 esse
912 3478 1215 3542 concludit,
1255 3484 1312 3531 et
1344 3490 1476 3531 vero
1510 3475 1816 3545 Prophetas.
1850 3490 2050 3546 quem,

466 3572 626 3628 sicuti
661 3574 1089 3644 praenuntiatum
1134 3571 1343 3633 fuerat,
1380 3570 1494 3640 jam
1527 3569 1855 3625 adventasse
1882 3585 2052 3625 nove-

466 3673 624 3729 rant,
666 3664 829 3719 unice
885 3663 1259 3721 serviendum.
1312 3662 1523 3718 Deinde
1570 3664 1735 3720 docet
1786 3680 1898 3719 non
1949 3680 2050 3719 au-

465 3758 697 3813 diendas
735 3773 879 3823 esse,
918 3773 1059 3830 quas
1089 3758 1180 3813 ille
1230 3757 1547 3829 singulatim
1585 3767 1873 3822 recenset.
1920 3773 2053 3830 sug-

464 3861 648 3925 gestas
684 3865 716 3904 a
754 3851 1003 3906 daemone
1034 3851 1387 3906 tentationes.
1437 3849 1691 3905 Dimissis
1735 3866 1903 3921 porro
1930 3867 2051 3906 om.

464 3943 651 4008 nibus,
685 3942 755 3996 ad
789 3958 888 3998 sua
922 3943 1039 4014 ipse
1069 3942 1384 4008 revertitur,
1427 3942 1521 3997 ubi
1553 3943 1722 3999 sociis
1755 3944 1875 3999 suis
1914 3961 2051 4000 con-

463 4036 610 4092 cedit
637 4037 1003 4108 quodcunque
1032 4036 1306 4102 libuisset,
1340 4035 1660 4092 sciscitandi
1706 4035 2046 4104 facultatem,

464 4138 518 4187 et
543 4130 810 4185 Continuo
826 4129 893 4183 ad
921 4130 1136 4200 singula
1170 4144 1401 4199 quaaque
1426 4127 1713 4199 respondit
1742 4145 1933 4185 eorum
1964 4130 2054 4184 in-

467 4231 763 4295 terregata.
784 4223 1036 4279 Clemens
1061 4236 1200 4277 vero
1228 4232 1427 4277 cuncta
1452 4236 1576 4292 quae
1608 4222 1678 4275 ab
1705 4237 1772 4277 eo
1803 4238 2050 4293 pronun-

464 4316 596 4370 tiata
627 4316 863 4380 fuerant,
894 4316 952 4369 in
991 4315 1217 4382 librum,
1255 4330 1418 4386 quem
1446 4314 1597 4370 misit
1636 4313 1709 4368 ad
1751 4312 2050 4384 Jacobum,

465 4410 881 4465 accuratissime
906 4410 1140 4480 redegit.

536 4501 753 4556 Ssxrus
804 4516 963 4555 LIBER
1012 4502 1173 4556 aliam
1235 4518 1455 4573 quoque
1508 4502 1659 4559 Petri
1724 4504 2049 4560 concionem

465 4593 725 4649 continet.
753 4592 803 4649 ls
833 4609 959 4648 cum
988 4595 1203 4649 tardius
1245 4596 1410 4650 solito
1457 4596 1528 4651 ob
1575 4603 1820 4651 noctium
1876 4596 2052 4652 brevi-

462 4693 631 4741 tatem
675 4692 1029 4751 surrexisset,
1070 4686 1141 4742 ad
1169 4696 1497 4743 consuetum
1547 4690 1841 4745 concionis
1864 4690 2046 4745 locum

461 4781 720 4848 perrexit.
748 4780 926 4850 Atque
973 4780 1049 4834 ibi
1098 4781 1276 4850 primo
1327 4782 1594 4852 explicuit
1628 4782 1904 4853 quomodo
1949 4782 2050 4837 bo-

460 4874 640 4927 mines
671 4875 883 4944 possint
914 4872 1082 4929 falsas
1119 4874 1408 4944 opiniones
1439 4874 1739 4945 deponere,
1777 4882 1833 4930 et
1862 4875 1919 4929 in
1950 4891 2045 4930 ve-

459 4967 640 5022 ritatis
681 4968 906 5039 verique
937 4966 1034 5022 Dei
1064 4968 1351 5039 pervenire
1381 4968 1659 5023 notitiam.
1693 4968 2044 5023 Manifestum

458 5058 659 5115 deinde
717 5059 850 5115 fecit
893 5059 1019 5115 illos
1066 5059 1212 5114 haud
1269 5058 1563 5115 dilliculter
1607 5061 1752 5115 scire
1797 5060 2046 5131 potuisse

456 5165 568 5206 non
613 5153 832 5223 quidem
874 5152 1001 5225 quid
1044 5154 1115 5207 sit
1163 5153 1325 5219 Deus,
1372 5155 1463 5209 sed
1506 5154 1645 5227 quod
1691 5173 1795 5210 non
1840 5158 1937 5224 sit,
1982 5173 2047 5212 ac

457 5245 691 5317 proinde
737 5247 890 5301 illum
938 5247 994 5301 in
1045 5246 1243 5312 idolis,
1278 5248 1519 5303 humana
1572 5259 1689 5305 arte
1733 5249 2041 5313 fabricatis,

454 5355 566 5394 non
633 5340 860 5395 includi.
914 5340 982 5394 At
1031 5357 1161 5397 vero
1216 5346 1344 5413 quia
1406 5345 1586 5398 omnia
1640 5345 1925 5416 gignuntur
1980 5360 2045 5415 ex

454 5450 615 5502 aqua.
647 5450 764 5505 qua:
801 5444 981 5489 creata
1020 5445 1099 5490 est
1128 5437 1192 5489 ab
1238 5437 1388 5491 initio
1424 5453 1517 5507 per
1563 5436 1917 5511 Unigenitum,
1952 5454 2044 5508 per

455 5542 607 5589 quem
645 5528 943 5597 pervenitur
977 5530 1046 5584 ad
1092 5529 1330 5598 Patrem,
1373 5532 1570 5587 exinde
1603 5532 1788 5586 intulit
1832 5533 2043 5604 genita-

454 5618 600 5674 libus
636 5621 928 5691 baptismi,
971 5623 1130 5691 cujus
1180 5630 1570 5681 necessitatem
1639 5628 2043 5697 utilitatemque

456 5710 837 5773 demonstrare
887 5723 1120 5774 conatus
1166 5726 1282 5784 εει,
1328 5734 1429 5776 nos
1472 5719 1630 5791 aquis
1672 5720 1888 5777 renasci
1938 5719 2036 5775 de-

2156 3106 2353 3173 viduaa,
2383 3109 2475 3163 cui
2515 3123 2714 3164 nomen
2755 3105 2927 3161 lustre
2955 3113 3106 3169 crat,
3148 3104 3415 3168 venditos,
3459 3101 3592 3170 ejus
3648 3118 3755 3173 po-

2155 3207 2272 3256 stea
2300 3216 2433 3257 cura
2466 3202 2671 3258 litteris
2698 3209 2749 3257 et
2784 3198 3143 3270 philosophiae
3165 3212 3291 3255 cum
3323 3194 3545 3250 Simone
3578 3195 3756 3266 Mago

2154 3310 2379 3364 operam
2425 3295 2671 3362 dedisse,
2698 3294 2957 3363 illiusque
3004 3291 3285 3347 imbibisse
3327 3304 3584 3355 errores;
3611 3290 3744 3354 sed,

2154 3386 2369 3443 Zachzci
2398 3404 2521 3458 ope,
2554 3387 2659 3444 fide
2685 3386 2890 3442 Christi
2920 3394 3201 3455 suscepta,
3223 3400 3285 3439 se
3319 3382 3478 3438 Petro
3504 3382 3755 3437 tandem

2152 3479 2326 3536 fuisse
2361 3482 2599 3536 oblatos.
2635 3478 2849 3547 Quibus
2896 3479 3119 3542 auditis,
3164 3475 3359 3533 Petms
3390 3474 3753 3539 Mathidiam,

2153 3574 2409 3645 baptismi
2464 3574 2641 3646 gratia
2686 3573 2879 3628 donari
2936 3572 3341 3643 postulantem,
3392 3578 3517 3640 post
3570 3571 3753 3625 unius

2152 3667 2259 3723 diei
2285 3667 2559 3738 jejunium
2583 3681 2648 3722 eo
2678 3665 3112 3737 regenerationis
3130 3669 3476 3720 sacramento
3506 3679 3561 3717 tn
3598 3661 3754 3717 mari

2153 3762 2411 3817 initiavit.

2224 3853 2322 3909 Die
2350 3855 2730 3925 subsequenti,
2762 3862 2822 3909 ut
2853 3856 2910 3909 in
2939 3868 3101 3909 uano
3131 3866 3344 3906 ocrst
3374 3858 3575 3904 auctor
3604 3865 3749 3905 nar-

2151 3943 2533 4012 rat,‘Petrus,
2583 3947 2863 4002 Clemente
2916 3947 3242 4016 duobusque
3292 3945 3419 4001 aliis
3467 3944 3749 3999 fratribus

2152 4041 2273 4097 suis
2299 4040 2616 4103 comitibus,
2647 4039 2791 4094 lavat
2834 4041 2888 4094 in
2933 4040 3105 4104 mari,
3151 4046 3318 4109 atque
3361 4038 3417 4092 in
3455 4048 3747 4093 secretum

2150 4133 2334 4187 locum
2372 4133 2441 4188 ad
2491 4133 2799 4187 orationem
2844 4131 3071 4187 secedit.
3117 4130 3250 4185 lude
3301 4130 3382 4184 illi
3426 4129 3747 4203 egredienti

2151 4229 2393 4280 occurrit
2419 4242 2588 4282 senex
2617 4225 2836 4296 quidam
2874 4242 3103 4296 pauper,
3126 4240 3191 4278 ea:
3219 4225 3401 4278 habitu
3433 4225 3746 4293 operarius,

2152 4319 2247 4388 qui
2288 4334 2487 4389 preces
2521 4318 2589 4372 ad
2636 4318 2807 4374 Deum
2852 4334 3138 4389 perperam
3186 4317 3364 4379 fundi,
3391 4326 3446 4373 et
3480 4317 3741 4371 mundum

2059 4414 2125 4495 _D
2154 4428 2259 4465 non
2295 4411 2579 4467 secundum
2624 4412 2721 4465 Dei
2764 4412 3145 4482 providentiam
3195 4412 3617 4481 gubemari.....
3653 4413 3745 4467 sd

2149 4508 2357 4576 genesin
2404 4522 2519 4560 esse
2558 4522 2675 4576 qua:
2717 4506 2896 4559 omnia
2933 4506 3041 4576 agit
3080 4513 3137 4558 et
3167 4505 3433 4569 continet,
3476 4503 3745 4559 audacter

2149 4598 2405 4653 asseruit.
2435 4595 2519 4651 Fit
2563 4597 2785 4653 interim
2820 4613 3055 4669 magnus
3094 4598 3280 4669 populi
3309 4612 3657 4661 concursus.
3689 4610 3741 4652 et

2146 4687 2386 4752 Nicetas,
2420 4690 2547 4744 data
2576 4706 2605 4743 a
2631 4690 2817 4753 Petro.
2851 4691 2943 4761 qui
2975 4690 3092 4746 seni
3128 4690 3470 4761 respondere
3497 4692 3737 4755 volebat,

2148 4783 2364 4839 dicendi
2398 4783 2683 4848 facultate,
2726 4784 2916 4839 docuit
2949 4783 3215 4837 mundum
3261 4798 3291 4836 a
3329 4781 3447 4837 Deo
3498 4783 3735 4843 factum,

2147 4886 2201 4932 ct
2231 4877 2300 4932 ab
2331 4879 2449 4948 ipso
2492 4877 2824 4948 quandoque
2871 4878 3227 4940 solvendum,
3270 4891 3375 4931 nec
3415 4892 3485 4930 ex
3539 4877 3738 4931 indivi-

2146 4969 2273 5025 duis
2312 4971 2660 5040 corpusculis
2708 4986 2805 5026 seu
2844 4971 3078 5032 atomis,
3124 4976 3185 5023 ut
3233 4968 3447 5023 ferebat
3514 4969 3733 5041 Epicuri

2147 5064 2438 5129 sententia,
2467 5066 2725 5135 quaelibet
2747 5079 2997 5135 corpora,
3020 5070 3341 5133 mentesque
3374 5062 3733 5133 intelligentia

2147 5160 2430 5229 praeditas,
2457 5158 2595 5214 fieri.
2638 5157 2819 5213 Variis
2857 5157 3056 5212 deinde
3094 5156 3436 5226 argumentis
3482 5156 3726 5225 probarit

2146 5254 2409 5309 mundum
2434 5253 2503 5307 ab
2534 5254 2650 5322 ipsa
2688 5252 2950 5323 sapientia
2992 5260 3043 5305 et
3108 5250 3334 5313 ratione,
3372 5249 3609 5319 quando
3637 5246 3732 5318 ipsi

2144 5348 2370 5418 placuit,
2402 5346 2576 5402 fuisse
2607 5345 2908 5400 conditum.

2216 5438 2506 5501 Postridie.
2549 5446 2695 5493 caetu
2741 5439 2795 5493 in
2826 5437 3074 5508 primarii
3120 5433 3414 5503 cujusdam
3458 5434 3603 5487 civis
3631 5432 3723 5487 duo

2145 5549 2292 5589 mum
2336 5542 2549 5595 coacto.
2589 5548 2755 5588 senex
2792 5547 2857 5587 ea
2906 5547 3030 5601 qua:
3059 5528 3279 5584 Nicetas
3314 5528 3539 5581 dixerat
3584 5541 3721 5581 sum-

2145 5626 2335 5682 matim
2368 5627 2583 5695 repetit,
2611 5633 2793 5697 atque,
2830 5624 3091 5679 adversus
3133 5625 3225 5677 illa
3254 5622 3574 5692 disputans,
3600 5636 3719 5674 cm-

2145 5718 2321 5774 tcndit
2351 5718 2599 5791 quadam
2638 5718 2831 5789 injuste
2858 5726 2902 5774 et
2942 5716 3240 5773 inordinate
3281 5715 3429 5771 facta
3473 5728 3628 5777 esse;
3658 5725 3717 5765 es
