4030 6338
299 265 433 321 ii‘i‘l

1385 262 1953 322 RECOGNITIONES.
1984 297 2052 308 -—
2084 266 2444 329 PBOCEMIA.

3379 280 3512 335 H73

292 378 363 433 iis
389 379 570 433 autem
621 392 743 447 quae
782 376 938 448 juxta
985 377 1233 433 ordinem
1271 378 1439 442 fiunt,
1486 377 1735 447 quaedam
1785 381 1855 435 ab
1882 386 1926 443 Α
1957 397 2074 438 rum
2104 385 2371 454 sepulcra.
2400 383 2480 439 Ad
2508 384 2621 441 haec
2657 384 2851 457 Aquila
2899 388 3175 458 respondit
3218 390 3339 447 illas
3378 396 3511 450 deo-

289 470 400 525 alio
425 485 588 539 quam
616 470 685 524 ab
714 471 822 527 ulla
854 478 1035 526 mente
1065 469 1237 526 fuisse
1265 479 1469 525 creata.
1494 468 1697 524 Contra
1724 486 1853 526 vero

290 562 484 630 Aquila
528 577 591 616 ex
636 562 704 616 iis
734 577 855 632 quae
900 560 1199 616 secundum
1235 562 1483 617 ordinem
1524 562 1641 618 ﬁeri
1687 578 1852 619 senex

290 662 666 717 concesserat,
711 656 1111 725 agnoscendam
1156 671 1278 710 esse
1309 655 1405 710 Dei
1459 657 1852 726 providentiam

290 745 698 803 demonstravit.
743 747 911 803 Porro
952 750 1117 803 exiis
1164 765 1284 818 quae
1324 749 1636 804 inordinate
1686 749 1853 817 fiunt,

290 841 592 897 luculenter
625 841 894 905 ostendit,
928 841 992 894 ab
1035 843 1234 912 origine
1277 841 1458 896 mundi
1502 843 1636 896 nihil
1674 860 1853 899 eorum

288 932 479 996 fuisse.
507 934 600 990 sed
630 949 696 989 ex
725 935 998 1003 impietate
1033 934 1312 988 hominum
1347 950 1505 991 suum
1536 936 1674 989 mala
1705 951 1855 991 sum-

288 1028 468 1096 psisse
500 1027 732 1082 initium.
765 1027 1002 1098 Denique
1031 1043 1156 1081 cum
1192 1027 1446 1084 omnibus
1481 1044 1602 1099 qua:
1629 1029 1731 1084 sibi
1762 1030 1853 1084 οὓς

284 1120 633 1190 jiciebantur,
685 1120 803 1175 fuse
838 1121 1233 1190 reSpondisset,
1276 1122 1519 1175 ultimam
1569 1122 1719 1177 senis
1755 1122 1855 1177 ob-

284 1212 577 1281 jectionem
617 1228 720 1282 qua
746 1213 923 1265 omnia
950 1228 1013 1267 ea:
1041 1215 1343 1267 necessitate
1363 1214 1560 1283 genesis
1582 1213 1683 1267 sibi
1714 1215 1856 1268 acci-

288 1303 432 1359 disse
455 1303 691 1366 dicebat,
724 1304 875 1357 fratri
908 1320 1009 1359 suo
1046 1302 1334 1367 Clementi,
1364 1314 1585 1374 postero
1624 1305 1712 1360 die
1747 1304 1855 1361 sol-

1954 491 2073 529 rum
2122 476 2337 532 fabulas
2376 492 2407 531 a
2455 478 2793 549 philosophis
2842 481 3072 551 aliisque
3116 484 3247 539 viris
3293 486 3514 555 sapien-

1954 568 2099 624 tibus
2124 570 2410 639 allegorice
2437 569 2606 626 fuisse
2636 572 2957 640 explicatas.
2981 572 3184 628 Contra
3213 583 3392 633 autem
3424 576 3515 633 Ni-

1953 670 2103 717 cetas
2133 661 2209 716 illi
2241 663 2502 716 continuo
2530 664 2769 719 ostendit
2810 665 2922 720 haec
2953 666 3175 721 deorum
3221 669 3450 723 crimina
3481 683 3516 726 a

1952 755 2270 822 pictoribus,
2313 755 2680 825 sculptoribus
2724 768 2777 812 et
2819 758 2995 827 poetis
3041 774 3150 813 non
3199 761 3511 831 allegorice,

1953 845 2044 898 sed
2073 861 2262 915 reapse
2284 853 2335 899 et
2363 847 2431 900 ad
2464 847 2695 901 litteram
2724 849 2849 917 poni
2882 859 3007 904 ante
3031 851 3272 905 omnium
3296 854 3510 911 oculos.

1952 935 2168 993 Nicetas
2204 946 2386 995 tamen
2432 940 2533 994 has
2577 941 2896 1011 allogoricas
2951 942 3255 998 fabularum
3293 948 3514 1017 exposi-

1953 1031 2146 1093 tiones,
2177 1040 2401 1101 rogantc
2427 1030 2721 1096 Clemente,
2754 1046 2837 1088 est
2863 1044 3206 1104 prosecutus.
3240 1036 3375 1092 Tum
3416 1037 3515 1095 Pe-

1952 1128 2069 1176 trus
2101 1120 2436 1192 Scripturam
2479 1138 2689 1179 sacram
2722 1141 2832 1180 non
2871 1141 2937 1180 eo
2979 1142 3141 1183 sensu
3190 1128 3509 1200 allegorice,

1950 1211 2045 1266 sed
2075 1211 2203 1274 alia.
2246 1229 2407 1282 quam
2447 1215 2563 1283 ipse
2592 1214 2801 1281 docuit,
2844 1218 3100 1272 methodo
3128 1223 3511 1290 explicandam

1946 1325 2071 1367 esse
2113 1311 2518 1366 demonstravit.
2564 1308 2767 1364 Deinde
2814 1310 2879 1365 ad
2922 1308 3334 1365 Faustinianum
3375 1326 3511 1367 con-

288 1396 520 1452 vendam
551 1395 793 1465 reliquit.
817 1394 912 1451 llis
940 1395 1124 1458 dictis,
1148 1395 1344 1453 Petrus
1374 1396 1511 1451 nulli
1541 1396 1849 1462 hominum,
1948 1417 2162 1469 versus,
2187 1401 2364 1471 ipsum
2399 1401 2466 1454 ad
2505 1402 2859 1470 proﬁtendam
2901 1401 3213 1472 religionem
3248 1402 3516 1457 Christia-

286 1489 392 1545 nisi
425 1488 524 1544 soli
558 1500 687 1563 vero
711 1487 1006 1556 prophetae,
1032 1504 1151 1558 qua:
1176 1502 1207 1541 a
1238 1486 1347 1542 Deo
1378 1488 1463 1543 vel
1489 1488 1603 1544 ﬁeri
1627 1488 1711 1543 vel
1740 1504 1852 1543 non
1949 1508 2097 1560 nam,
2127 1508 2248 1563 qua:
2277 1491 2411 1547 nihil
2438 1492 2542 1547 nisi
2572 1503 2818 1546 sanctum
2850 1502 2903 1547 et
2936 1492 3223 1547 honestum
3251 1494 3514 1563 prmcipit,

289 1581 402 1637 ﬁeri
430 1597 540 1636 non
582 1577 825 1650 possint,
862 1588 1140 1650 comperta
1169 1595 1291 1635 esse
1320 1580 1485 1648 dixit;
1522 1596 1624 1637 nec
1656 1596 1851 1652 quem-
1949 1598 2291 1654 summopere
2316 1582 2633 1637 adhortatus
2654 1589 2755 1636 est.
2778 1580 3037 1651 Denique,
3062 1581 3269 1636 reddita
3298 1581 3517 1650 egrotis

287 1689 451 1743 quam
491 1673 559 1727 ab
598 1673 691 1727 illo
726 1672 987 1742 propheta
1027 1672 1133 1726 hac
1172 1671 1239 1727 de
1264 1687 1342 1738 re,
1372 1672 1500 1735 nisi,
1530 1672 1697 1727 variis
1730 1671 1852 1741 phi-
1947 1681 2110 1742 atque
2139 1688 2170 1726 a
2206 1672 2449 1728 daemone
2480 1671 2718 1727 obsessis
2763 1671 3026 1738 sanitate,
3073 1671 3333 1741 populum
3383 1686 3517 1743 gauo

286 1766 646 1836 losophorum
688 1764 1083 1819 subtilitatibus
1115 1763 1321 1829 missis,
1353 1764 1570 1818 sincero
1604 1763 1850 1819 veritatis
1880 1754 1923 1808 Β
1949 1765 2162 1821 dentem
2189 1765 2478 1834 laetumque
2506 1763 2732 1818 dimisit.

286 1873 475 1913 amore
512 1859 764 1919 ducatur,
806 1856 920 1912 fore
963 1872 1201 1927 unquam
1232 1856 1557 1911 docendum.
1585 1856 1852 1910 Caeterum
2017 1855 2147 1912 Post
2173 1857 2288 1911 haec
2321 1864 2502 1911 autem
2541 1856 2682 1910 inter
2712 1853 2924 1925 prandii
2968 1864 3261 1923 apparatus
3297 1852 3515 1909 Fausti-

286 1951 355 2005 ad
388 1951 817 2020 investigandam
841 1949 1118 2005 veritatem
1144 1948 1198 2002 id
1224 1948 1598 2003 tantummodo
1622 1947 1849 2018 requiri,
1947 1950 2185 2016 nianus,
2241 1959 2513 2005 annuente
2561 1947 2721 2003 Petro
2749 1988 2765 2014 ,
2812 1948 3110 2017 Appionem
3160 1956 3215 2002 et
3263 1947 3514 2002 Anubin-

287 2050 345 2099 ut
372 2043 626 2099 homines
655 2058 783 2097 num
821 2041 1085 2111 propheta
1117 2040 1205 2095 ille
1238 2055 1365 2096 vera
1395 2055 1609 2110 semper
1654 2039 1854 2110 praedi-

289 2136 448 2199 xerit,
473 2136 761 2205 diligenter
792 2135 1092 2206 inquirant.

354 2226 507 2282 Lini
540 2243 661 2282 nom
684 2227 838 2282 initio
860 2226 1091 2281 traditur
1116 2225 1363 2295 sequenti
1395 2224 1480 2279 die
1512 2239 1661 2279 more
1690 2224 1854 2279 solito

286 2320 625 2389 disputatum
659 2318 849 2383 fuisse,
881 2326 1062 2373 utrum
1094 2318 1225 2372 nihil
1251 2328 1403 2370 extra
1447 2316 1654 2386 genesin
1682 2318 1850 2385 ﬁeret.

286 2411 649 2480 Quamobrem
680 2411 929 2467 Clemens
950 2410 1115 2465 variis
1144 2411 1414 2465 rationum
1444 2409 1732 2465 momentis
1761 2406 1854 2464 de-

288 2503 613 2559 monstravit
645 2503 915 2557 hominem
946 2502 1117 2557 libero
1150 2501 1444 2557 voluntatis
1475 2500 1717 2569 arbitrio,
1746 2516 1854 2571 quo

293 2596 559 2667 quidlibet
588 2610 746 2667 agere
786 2600 965 2665 potest
990 2594 1076 2649 vel
1113 2609 1220 2647 non
1268 2608 1448 2663 agere,
1493 2608 1615 2648 esse
1654 2593 1852 2663 praedi-

292 2698 429 2745 tum.
477 2688 657 2745 Senex
698 2702 828 2743 vero
873 2686 1052 2758 arguit
1091 2701 1160 2741 ex
1206 2684 1715 2742 constellationibus
1756 2701 1853 2740 va-

289 2782 500 2852 riisque
540 2790 814 2837 astrorum
847 2778 1181 2849 aspectibus,
1217 2792 1355 2848 quos
1383 2785 1637 2832 accurate
1662 2792 1857 2834 recen-

289 2876 430 2939 suit,
463 2873 711 2929 homines
755 2872 845 2928 vel
889 2872 1062 2926 bonos
1109 2869 1260 2934 ﬁeri,
1290 2869 1377 2923 vel
1422 2868 1614 2924 malos.
1649 2866 1853 2924 Contra

287 2970 542 3025 Clemens
569 2967 730 3036 longa
759 2965 1093 3028 inductione,
1127 2977 1233 3032 qua
1262 2962 1429 3017 varia:
1458 2963 1708 3017 nationes
1731 2977 1855 3019 eas-

289 3063 412 3118 dem
454 3075 670 3130 semper
696 3059 840 3129 leges
869 3064 922 3112 et
958 3056 1385 3112 consuetudines
1448 3063 1856 3125 quantumcun—

1947 2060 2103 2112 nem,
2125 2043 2218 2115 qui
2255 2042 2542 2098 Antiochia
2571 2041 2892 2097 Laodiceam
2930 2056 3053 2095 cum
3081 2040 3304 2096 Simone
3345 2055 3515 2095 vene-

1946 2150 2091 2206 rant,
2129 2140 2333 2195 invisit.
2366 2138 2505 2193 Tum
2530 2136 2743 2200 Simon,
2773 2144 2831 2190 ut
2852 2134 3085 2190 ministri
3115 2133 3365 2201 Caesaris,
3415 2134 3511 2204 qui

1943 2246 2068 2286 eum
2096 2230 2164 2285 ad
2194 2245 2378 2287 necem
2400 2229 2743 2300 quaerebant,
2776 2226 3190 2282 Faustinianum
3224 2226 3278 2280 in
3328 2226 3510 2282 locum

1946 2339 2108 2381 suum
2132 2323 2294 2378 morti
2323 2324 2631 2387 traderent,
2674 2322 2776 2391 ipsi
2808 2322 3030 2391 magicis
3059 2321 3268 2376 artibus
3313 2320 3508 2377 faciem

1945 2417 2265 2487 vultumque
2314 2431 2472 2471 suum
2525 2413 2805 2484 imposuit.
2856 2412 2990 2469 Tam
3062 2414 3327 2484 stupenda
3378 2429 3509 2470 vero

1944 2508 2288 2565 Faustiniani
2340 2506 2816 2562 transformatione
2863 2520 3033 2560 uxore
3100 2506 3333 2575 ﬁliisque
3387 2506 3508 2577 ejus

1946 2600 2374 2671 obstupefactis,
2428 2599 2680 2670 promisit
2740 2596 2933 2653 Petrus
2985 2612 3045 2652 se
3109 2596 3509 2665 Faustiuiano,

1944 2705 2233 2766 postquam
2264 2694 2506 2748 Simonis
2533 2692 2687 2746 vultu
2719 2690 2787 2745 ad
2823 2704 3041 2745 errores
3076 2689 3195 2759 ejus
3224 2689 3511 2743 destruen-

1945 2788 2044 2843 dos
2100 2801 2236 2842 usus
2299 2795 2484 2852 esset,
2549 2783 2837 2854 pristinam
2893 2780 3087 2835 faciem
3147 2779 3507 2835 redditurum.

1945 2878 2311 2947 Quamobrem
2369 2878 2619 2932 eumdem
2686 2873 3099 2930 Faustinianum
3166 2872 3512 2927 Antiochiam

1948 2971 2117 3036 misit,
2150 2985 2261 3041 quo
2289 2970 2476 3025 turbas
2506 2982 2696 3023 omnes
2736 2982 2767 3020 a
2806 2964 2961 3035 Mago
2994 2966 3283 3020 adversum
3324 2977 3383 3017 se
3417 2978 3514 3017 ca-

1946 3064 2171 3120 lumniis
2200 3063 2567 3119 acerbissimis
2596 3063 2895 3117 concitatas
2918 3102 2933 3125 ,
2975 3059 3227 3115 simulata
3270 3055 3513 3126 ejusdem

288 3170 393 3225 que
423 3160 678 3223 aspectus
718 3150 955 3205 siderum
995 3149 1131 3204 varii
1162 3146 1395 3213 fuerint,
1444 3124 1699 3202 inviolate
1739 3162 1856 3203 ser-
1881 3124 1922 3182 ο
1948 3156 2060 3211 veri
2117 3154 2359 3211 Simonis
2415 3154 2736 3226 ρωηίιεηιίε
2797 3124 3033 3209 εεάέτθι,
3083 3149 3241 3217 Quod
3294 3124 3516 3219 quidem

289 3252 577 3307 vaverunt,
621 3243 676 3299 id
704 3244 900 3298 falsum
931 3256 1053 3298 esse
1091 3240 1344 3295 convicit.
1381 3239 1659 3294 Summam
1688 3254 1855 3309 argu-

292 3339 458 3394 menti
505 3337 653 3391 illius
695 3336 805 3391 vim
846 3341 900 3389 et
942 3332 1158 3404 pondus
1202 3331 1420 3402 agnovit
1463 3345 1651 3385 senex.
1704 3329 1853 3396 Qua-

290 3438 514 3501 propter
556 3435 617 3483 ut
660 3427 711 3481 id
758 3426 1090 3496 experientia
1140 3440 1238 3480 sua
1276 3424 1472 3479 falsum
1521 3439 1642 3479 esse
1686 3425 1857 3494 magis

293 3524 579 3592 magisque
608 3519 977 3590 persuaderet,
1003 3518 1105 3572 sibi
1137 3531 1331 3571 nomen
1357 3531 1477 3570 esse
1503 3514 1858 3570 Faustiniano

293 3614 583 3668 confessus
614 3618 720 3674 est,
760 3619 813 3665 et
841 3624 1177 3680 quaecunque
1217 3609 1318 3664 sibi
1364 3609 1695 3672 acciderant,
1728 3610 1856 3665 bre-

291 3709 433 3763 viter
463 3705 723 3761 narravit.
756 3704 837 3758 Ab
866 3718 1037 3759 uxore
1067 3702 1249 3771 itaque
1282 3716 1380 3755 sua
1413 3699 1671 3754 Matbidia
1712 3699 1861 3756 ﬁliis-

292 3816 399 3870 que
420 3800 537 3855 suis
561 3798 776 3869 agnitus
795 3803 897 3856 est,
924 3796 1087 3865 iique,
1106 3793 1333 3848 dimisso
1360 3792 1577 3862 populo,
1602 3808 1708 3846 una
1733 3808 1856 3847 cum

292 3892 477 3954 Petro,
520 3892 577 3945 in
607 3889 815 3952 eadem,
845 3887 938 3942 ubi
973 3887 1329 3956 disceptatum
1361 3885 1559 3953 fuerat,
1585 3886 1747 3944 domo
1774 3902 1860 3943 re-

293 3988 635 4039 manserunt.

365 4075 603 4129 Dscnws
648 4088 807 4128 Lmen
864 4071 1021 4127 docet
1078 4071 1353 4141 quomodo
1407 4069 1630 4133 Petrus,
1670 4077 1862 4125 exorto

298 4170 435 4233 sole,
466 4165 927 4235 Fausﬁnianoque
957 4163 1139 4217 adhuc
1164 4163 1491 4226 dormiente,
1527 4163 1861 4218 Clementem

300 4262 605 4331 fratresque
649 4260 769 4328 ejus
808 4258 875 4313 de
916 4256 1153 4311 ineunda
1196 4272 1319 4311 cum
1366 4256 1457 4310 illo
1494 4255 1863 4324 disputatione

298 4355 581 4416 erudierit,
630 4350 991 4419 statueritque
1039 4349 1214 4405 eidem
1265 4347 1646 4412 Faustiniano,
1684 4354 1742 4403 ut
1793 4348 1860 4402 ad

1947 3245 2337 3302 Faustinianus
2379 3247 2548 3301 variis
2599 3240 2909 3300 ﬁctionibus
2938 3254 2992 3299 et
3037 3242 3338 3299 mendaciis
3378 3256 3518 3309 prae-

1957 3330 2223 3408 stitit,.ac
2254 3338 2443 3399 postea
2481 3331 2664 3387 vultus
2710 3332 2974 3402 pristinus
3016 3349 3048 3386 a
3088 3333 3251 3389 Petro
3291 3335 3366 3389 illi
3400 3352 3521 3391 om-

1956 3424 2087 3477 nino
2115 3424 2401 3479 restitutus
2430 3432 2534 3479 est.
2563 3422 2770 3479 Dehinc
2798 3422 2990 3479 Petrus
3012 3426 3208 3480 creatis
3240 3424 3521 3484 Laodicea

1957 3516 2214 3586 episcopo
2246 3525 2300 3571 et
2329 3516 2686 3587 presbyteris,
2720 3532 2783 3571 ac
2815 3516 3024 3572 reddita
3057 3517 3217 3586 aegris
3247 3517 3522 3573 obsessis-

1958 3622 2063 3677 que
2094 3608 2347 3671 sanitate,
2376 3608 2753 3672 Antiochiam,
2793 3624 2901 3679 qua
2946 3607 3135 3664 Simon
3169 3609 3361 3679 pulsus
3405 3610 3522 3666 fue-

1957 3708 2063 3765 rat,
2096 3702 2402 3781 contendit,
2449 3710 2613 3772 atque
2641 3702 2717 3757 illi
2752 3702 2938 3757 urbem
2985 3701 3308 3773 ingredienti
3343 3704 3523 3761 omnis

1960 3793 2212 3863 populus,
2242 3800 2296 3849 et
2336 3808 2524 3849 omnes
2555 3794 2788 3863 majores
2817 3801 2971 3861 natu,
3002 3808 3066 3848 ac
3094 3794 3303 3852 nobiles
3344 3796 3524 3865 ι)ωηί-

1959 3886 2185 3939 tentiam
2234 3895 2477 3965 agentes,
2509 3888 2723 3943 iverunt
2771 3887 3007 3943 obviam.
3036 3888 3155 3957 lpse
3183 3902 3314 3942 vero
3345 3888 3411 3943 de
3444 3895 3524 3943 tot

1961 3975 2240 4031 hominum
2290 3979 2644 4034 conversione
2692 3980 2896 4049 gratias
2944 3978 3053 4035 Deo
3082 3980 3287 4045 retulit,
3333 3996 3525 4040 omnes

1960 4076 2191 4138 aegrotos
2220 4072 2447 4136 sanavit,
2479 4080 2640 4142 atque
2671 4073 2812 4126 intra
2851 4081 3053 4142 septem
3090 4074 3205 4129 dies
3238 4073 3523 4129 duodecim

1962 4162 2129 4215 millia
2154 4162 2433 4217 hominum
2468 4178 2625 4219 sacro
2658 4164 2827 4219 abluit
2871 4165 3215 4235 baptismate.
3244 4164 3356 4222 ﬂos
3385 4167 3534 4221 inter

1963 4251 2315 4323 Theophilus,
2346 4256 2429 4309 vir
2460 4256 2641 4325 populi
2685 4256 3005 4326 primarius,
3051 4255 3237 4311 domus
3285 4274 3396 4312 sua:
3441 4259 3533 4313 ina

1962 4354 2161 4415 gentem
2211 4347 2486 4401 basilicam
2541 4346 2771 4401 ecclesiae
2816 4350 3020 4403 nomine
3067 4352 3421 4414 consecravit,
3470 4352 3531 4404 in

301 4445 709 4517 amplexandam
744 4442 1057 4512 religionem
1090 4440 1454 4495 Christianam
1482 4455 1603 4495 sese
1644 4454 1865 4509 compa-
1898 4458 1939 4512 ι)
1967 4455 2070 4525 qua
2102 4438 2261 4494 Petro
2302 4439 2538 4509 apostolo
2584 4441 2871 4494 constituta
2912 4450 2988 4495 cst
3038 4442 3101 4494 ab
3153 4444 3294 4495 omni
3334 4442 3535 4511 populo

301 4547 483 4600 raret,
524 4535 761 4592 dandum
806 4550 926 4590 esse
956 4534 1119 4589 unius
1151 4534 1276 4587 anni
1311 4533 1567 4603 spatium.
1600 4530 1734 4586 Cum
1767 4546 1866 4584 au-

302 4639 409 4685 tem
440 4628 826 4684 Faustinianus
863 4627 1063 4681 electo
1108 4625 1458 4688 surrexisset,
1491 4623 1558 4678 ab
1603 4622 1671 4678 iis
1712 4637 1864 4692 quae-

306 4723 430 4778 sivit
468 4737 536 4775 an
566 4721 637 4775 sit
669 4721 724 4774 in
754 4719 1057 4775 substantia
1094 4725 1149 4773 et
1186 4716 1397 4772 actibus
1434 4717 1633 4770 bonum
1663 4720 1718 4767 et
1752 4729 1869 4767 ma-

305 4818 437 4872 lum.
476 4814 615 4868 Huic
642 4812 924 4883 quaestioni
956 4808 1234 4880 respondit
1269 4808 1541 4866 Clemens.
1581 4815 1741 4874 atque
1773 4821 1870 4859 ex-

306 4910 500 4982 positis
527 4909 594 4963 de
625 4909 770 4962 bono
800 4914 851 4961 et
895 4906 1037 4959 malo
1078 4903 1355 4958 stellarum
1398 4908 1620 4970 aspectu
1666 4899 1871 4969 princi-

304 5004 430 5073 piis,
463 5001 708 5072 probavit
738 5000 941 5053 nullam
972 4996 1099 5050 inde
1131 4992 1443 5049 hominibus
1475 4992 1678 5061 imponi
1711 5005 1871 5061 posse

307 5095 709 5151 necessitatem.
738 5090 909 5145 Porro
954 5096 1133 5143 autem
1165 5102 1287 5141 cum
1320 5085 1434 5140 haec
1460 5085 1718 5153 utrinque
1754 5083 1871 5142 dis-

308 5194 687 5259 ceptarentur,
740 5183 963 5243 Petrus,
1020 5189 1269 5236 eoactum
1322 5177 1514 5232 videns
1568 5176 1870 5246 populum,

310 5283 565 5348 deinceps
588 5280 654 5334 de
679 5276 981 5331 idololatria
1007 5274 1267 5341 falsisque
1299 5270 1525 5325 deorum
1556 5269 1874 5325 numinibus

308 5375 472 5441 jussit
498 5373 783 5443 disputari.
824 5369 1086 5437 Quocirca
1114 5365 1369 5421 Clemens
1406 5361 1670 5429 originem
1703 5361 1876 5417 idolo-

314 5467 487 5520 latria:
517 5464 735 5527 evolvit,
776 5463 1019 5531 dixitque
1060 5473 1187 5513 vera
1217 5455 1477 5511 falsorum
1513 5455 1735 5508 deorum
1771 5453 1876 5508 cri-

317 5561 487 5623 mina,
530 5558 584 5612 in
618 5558 915 5628 primisque
953 5553 1101 5609 Jovis
1151 5557 1340 5620 stupra
1367 5556 1422 5604 et
1453 5548 1716 5603 adulteria
1760 5560 1879 5600 om-

315 5652 476 5707 nibus
508 5667 631 5708 esse
681 5651 993 5713 notissima,
1037 5661 1101 5701 ac
1144 5643 1359 5698 tandem
1391 5642 1685 5697 etiamnum
1732 5646 1881 5695 stare

322 5743 473 5812 plura
515 5742 747 5799 ﬁliorum
777 5742 916 5814 ejus,
960 5739 1239 5798 hominum
1283 5738 1470 5809 utique
1514 5734 1876 5807 nequissimov

1966 4531 2239 4585 cathedra.
2280 4530 2524 4601 Denique
2560 4529 2971 4587 Faustiniannm
3003 4533 3274 4603 baptismo
3321 4533 3527 4588 initiari

1966 4623 2349 4693 postulantem,
2392 4622 2607 4689 Petrus,
2638 4624 2844 4679 indicto
2893 4625 3032 4693 plebi
3073 4625 3302 4694 jejunio,
3350 4625 3537 4694 bapti-

1968 4715 2128 4779 zavit,
2158 4722 2212 4770 et
2245 4730 2581 4786 quacunque
2624 4716 2889 4771 hactenus
2914 4716 2964 4771 ei
2989 4717 3350 4787 contigerant,
3378 4716 3533 4771 omni

1971 4808 2166 4878 p0pulo
2192 4808 2461 4878 exposuit.

2501 4899 2893 4955 ARTICULUS
2929 4898 2994 4955 ll.

2230 4994 2369 5061 Quid
2402 5004 2591 5049 veteres
2619 4994 2681 5048 de
2703 4994 2782 5047 his
2820 4993 2969 5047 libris
3005 4993 3282 5047 senserint.

2039 5088 2263 5142 Auctori
2298 5087 2525 5156 hujusce
2564 5087 2746 5157 operis
2770 5086 2817 5140 si
2842 5085 2973 5141 ﬁdes
3011 5086 3299 5147 habeatur,
3329 5081 3533 5137 Roma-

1971 5194 2075 5234 nus
2106 5179 2195 5232 ille
2230 5176 2353 5241 fuit,
2395 5192 2426 5230 e
2464 5174 2696 5230 Caesaris
2745 5172 2968 5238 familia,
3008 5173 3225 5227 nomine
3256 5170 3529 5234 Clemens,

1972 5270 2062 5325 cui
2110 5276 2265 5339 pater
2290 5267 2676 5323 Faustinianus
2703 5306 2719 5332 ,
2767 5274 2937 5322 mater
2978 5264 3231 5320 Mathidia
3256 5302 3273 5329 ,
3335 5261 3541 5317 fratres

1973 5362 2188 5433 Nicetas
2232 5367 2284 5415 et
2305 5358 2518 5429 Aquila,
2566 5359 2681 5428 ipse
2720 5358 3023 5429 pnecipuus
3074 5355 3541 5424 charissimusque

1975 5453 2117 5508 Petri
2174 5452 2507 5521 discipulus;
2564 5449 2656 5520 qui
2711 5451 2895 5521 plures
2944 5447 3185 5516 ejusdem
3243 5437 3532 5514 apostolici

1977 5547 2267 5601 conciones
2315 5543 2820 5614 disputationesque
2867 5542 3086 5610 scriptis
3140 5537 3384 5599 tradidit,
3437 5551 3538 5590 va-

1979 5641 2198 5710 riosque
2235 5636 2444 5715 redegit
2495 5637 2549 5691 in
2592 5635 2782 5697 libros.
2830 5632 2955 5688 Haec
2999 5633 3089 5687 ille
3133 5638 3285 5693 tanta
3334 5627 3532 5685 ﬁducia

1980 5739 2235 5801 tantaque
2264 5726 2664 5785 asseveratione
2692 5724 2939 5795 aﬂirmat,
2966 5732 3025 5779 ut
3050 5722 3201 5779 multi
3236 5722 3535 5796 scriptores
