3976 6340
573 255 714 312 H79

1459 238 1512 297 S.
1547 234 1940 295 CLEMENTIS
1972 235 1992 290 ι
2025 231 2194 290 ROM.
2228 231 2431 290 PONT.
2469 230 2697 290 OPER-A
2734 228 2959 287 DUBIA.

3593 244 3684 308 1180

573 373 756 428 varias
805 365 1050 436 ejusdem
1113 361 1296 432 operis
1353 357 1654 414 sententias
1701 354 1876 426 ipsius
1933 350 2154 407 nomine
2181 355 2227 412 Α
2255 360 2379 403 ποια
2411 351 2464 404 in
2487 350 2596 404 illis
2619 365 2868 420 expressa
2905 347 3181 416 reperitur.
3215 346 3276 401 Et
3295 347 3527 408 Clementis
3545 360 3689 427 quidem

575 466 783 534 absquc
821 459 931 514 ullo
959 456 1218 524 scrupulo
1259 453 1431 506 citare
1472 466 1580 503 non
1609 446 1999 503 dubitaverint.
2029 443 2149 498 Pri-

574 573 699 613 mus
728 556 870 609 inter
897 566 992 604 eos
1032 547 1194 602 nobis
1241 543 1484 599 occurrit
1511 539 1796 610 Origenes,
1827 537 1917 608 qui
1945 538 2046 592 hos
2082 536 2148 590 li-

573 650 704 704 bros
747 647 826 700 sic
869 641 1096 696 laudat:
1128 637 1255 691 Tale
1303 632 1502 705 aliquid
1537 633 1663 687 dicit
1707 642 1755 685 et
1783 629 1970 685 Petrus
2012 625 2150 694 apud

575 737 912 796 Clementem,
959 729 1207 799 quoniam
1256 725 1390 779 bona
1436 739 1592 791 opera
1621 739 1736 792 qua:
1760 722 1892 790 ﬁunt
1926 735 1958 771 a
1980 715 2152 787 ﬁdeli-

576 829 668 881 bus
692 827 762 885 ,in
801 824 896 876 hoc
935 821 1129 876 sarculo
1172 819 1246 872 eis
1289 823 1509 885 prosunt
1560 813 1640 876 “,
1673 821 1781 868 etc.
1831 809 1974 866 Alibi
2023 822 2154 863 vero

576 916 722 970 aliud
748 914 1128 982 fragmentum,
1155 909 1431 979 superiore
1453 910 1610 979 longe
1630 908 1912 977 prolixius,
1942 907 1994 962 in
2018 908 2133 963 haec

573 1005 860 1074 exscripsit
911 1003 1073 1058 verba
1102 1002 1188 1055 "z
1236 999 1301 1052 Et
1352 1000 1586 1054 Clemens
1642 1000 1940 1062 Romanus,
1986 997 2134 1052 Petri

575 1100 799 1167 apostoli
826 1095 1135 1165 discipulus,
1162 1095 1215 1147 in
1239 1093 1372 1146 hanc
1397 1093 1728 1163 quaestionem
1750 1102 1797 1146 et
1823 1091 2133 1145 sententiam

575 1207 695 1244 cum
719 1199 867 1259 patre
892 1188 1164 1241 Laodicea:
1192 1188 1244 1238 in
1268 1185 1700 1248 Circuitionibus,
1725 1185 1781 1235 ὲν
1803 1183 1922 1245 ταῖς
1943 1180 2136 1252 Περιό-

575 1282 684 1346 δοις
709 1282 933 1344 loculus,
964 1289 1068 1334 etc.
1099 1279 1178 1332 Ab
1209 1287 1428 1332 auctore
1467 1285 1645 1329 autem
1680 1273 1864 1343 Operis
1894 1273 2139 1344 imperfe-

579 1373 649 1425 cti
680 1372 733 1424 in
757 1368 1067 1424 Matthwum
1095 1367 1233 1420 idem
1258 1366 1446 1420 titulus
1471 1366 1554 1420 his
1577 1364 1728 1418 libris
1749 1364 2038 1434 praeﬂgitur
2056 1365 2134 1419 “z

579 1463 768 1517 Petrus
797 1463 936 1532 apud
964 1462 1278 1517 Clementem
1298 1501 1312 1524 ,
1342 1459 1421 1513 vel
1451 1477 1464 1512 :
1496 1457 1640 1512 Sicut
1667 1459 1719 1511 in
1754 1456 1994 1511 Historia
2021 1455 2139 1517 Clee

582 1556 768 1610 mentis
800 1554 986 1608 Petrus
1023 1553 1262 1622 exponit.
1289 1550 1384 1604 His
1413 1551 1630 1620 adjungi
1665 1558 1894 1619 possunt
1921 1549 2139 1604 Aldhel-

583 1664 738 1710 mus,
770 1645 1105 1700 Venerabilis
1151 1644 1326 1706 Beda,
1383 1653 1575 1697 auctor
1618 1641 1864 1696 Chronici
1907 1640 2140 1694 Alexan-

2251 458 2366 513 qua:
2386 441 2634 512 genuina,
2662 450 2711 495 et
2737 440 2972 495 omnium
3012 457 3260 494 consensu
3291 451 3462 512 recepta
3492 449 3573 500 sint
3603 456 3694 504 scri-

2247 545 2340 603 pta
2356 534 2475 603 jam
2502 535 2636 588 satis
2666 534 2844 604 liquet.
2883 531 3039 588 Unde
3065 531 3301 588 Valesius
3334 533 3406 588 his
3433 537 3574 593 verbis
3598 541 3696 596 Petti

2249 637 2299 681 et
2367 624 2588 694 Apionis
2638 625 3020 695 disputationes
3077 625 3241 679 libros
3283 624 3626 695 Recoqnitionum
3654 637 3701 690 ab

2257 719 2497 775 Eusebio
2530 719 2848 789 designatos
2868 718 3142 789 opinatur.
3172 717 3315 785 Quod
3344 720 3382 774 si
3410 721 3573 776 dixeris
3595 741 3633 778 in
3656 729 3698 783 iis

2253 826 2360 865 non
2392 809 2622 864 inveniri
2651 824 2791 878 quas
2815 806 3083 861 Eusebius
3108 806 3155 837 ⁸³
3198 806 3323 860 dicit
3349 805 3473 859 Petri
3509 817 3550 861 et
3590 806 3702 879 Αρςο.

2254 903 2336 956 nis
2357 900 2762 969 disputationes,
2795 899 3086 968 respondet
3117 896 3379 964 Ruﬁnum,
3418 898 3552 967 hujus
3577 905 3701 970 operis

2252 995 2628 1063 interpretem,
2666 991 2772 1045 alia
2803 1007 2978 1061 penes
3008 1006 3075 1046 se-
3099 989 3348 1044 habuisse
3382 990 3632 1046 eorutudeiu
3660 994 3703 1046 ii-

2252 1085 2473 1140 brorum
2503 1084 2833 1154 exemplaria
2889 1083 2946 1138 in
2975 1083 3174 1153 quibus
3193 1082 3478 1152 plura,qu:e
3502 1083 3544 1136 in
3565 1089 3702 1139 nostris

2251 1188 2567 1242 occurrunt,
2600 1193 2708 1231 non
2739 1176 3297 1247 repraesentabuntur.

2322 1268 2712 1324 Verumtamen
2758 1268 3004 1339 quandiu
3038 1284 3144 1321 non
3185 1266 3454 1322 exstabunt
3488 1267 3560 1321 illa
3585 1284 3705 1324 exciti.

2252 1359 2445 1431 piaria,
2484 1376 2514 1414 a
2544 1359 2745 1415 nostris
2777 1365 3063 1430 tantopere
3093 1358 3460 1428 discrepantia,
3492 1359 3634 1413 tandiu
3655 1360 3707 1412 iu-

2252 1457 2462 1505 certum
2489 1449 2594 1505 erit
2625 1459 2806 1504 utrum
2852 1449 2908 1503 in
2940 1450 3020 1504 eis
3050 1449 3133 1504 vel
3165 1448 3222 1503 in
3250 1449 3364 1504 aliis
3386 1447 3588 1516 ejusdem
3619 1451 3706 1504 scri-

2255 1543 2428 1613 ptoris
2485 1542 2644 1598 libris
2691 1531 2774 1597 liaa'
2821 1542 3227 1612 disputationes
3276 1541 3617 1604 contineantur,
3649 1551 3708 1594 aut

2255 1635 2472 1690 tandem
2507 1635 2611 1689 illae
2649 1635 2775 1690 sola!
2812 1635 3048 1704 speciale
3088 1631 3304 1704 aliquod
3331 1634 3548 1688 volumen
3573 1635 3708 1688 consti-

583 1708 746 1802 drini,
773 1735 1072 1800 Freculfus,
1096 1732 1454 1802 Nicephorus,
1482 1732 1746 1803 Georgius
1771 1731 2067 1796 Cedrcnus,
2090 1740 2140 1786 et
2185 1708 2227 1762 Β
2257 1726 2478 1781 tuerint.
2505 1723 2576 1783 Ut
2599 1734 2656 1779 ut
2678 1727 2774 1789 sit,
2807 1726 3088 1781 nonnullis
3134 1724 3358 1780 forsitan
3388 1724 3510 1779 idem
3529 1724 3710 1782 Eusebius

578 1832 672 1886 alii
708 1828 979 1890 nonnulli,
1012 1842 1042 1880 a
1067 1825 1268 1896 quibus
1300 1825 1402 1877 hoc
1431 1837 1570 1892 opus
1603 1819 1793 1876 eodem
1823 1819 2042 1872 nomine
2073 1817 2157 1871 in-

579 1925 839 1995 signitum
865 1930 971 1976 est.

651 2014 757 2068 Alii
807 2027 937 2068 vero
990 2008 1124 2064 illud
1189 2008 1332 2062 inter
1386 2003 1696 2075 apocrypha
1745 2003 2022 2073 rejiciunt.
2079 2001 2156 2057 Ita

578 2110 727 2166 enim
759 2109 827 2162 de
856 2122 918 2162 eo
945 2104 1133 2158 Patres
1172 2100 1390 2157 concilii
1422 2098 1652 2153 Romani
1678 2098 1779 2153 sub
1801 2095 2018 2152 Gelasio
2047 2106 2159 2151 sta-

585 2210 751 2258 tttttut
778 2219 790 2255 :
825 2196 1173 2253 Itinerarium
1204 2192 1414 2246 nomine
1445 2190 1596 2244 Petri
1628 2190 1875 2260 apostoli,
1899 2188 2036 2261 quod
2065 2205 2158 2258 ap-

578 2292 808 2364 pellatur
877 2288 1047 2344 sancti
1106 2284 1388 2340 Clementis
1445 2281 1568 2336 libri
1618 2280 2155 2352 octo,apocryphum.

581 2387 689 2442 Pro
733 2393 849 2439 octo
899 2380 1076 2436 critici
1130 2378 1425 2447 scriptores
1471 2381 1665 2445 putant
1706 2373 1992 2444 legendum
2035 2388 2158 2428 esse

579 2479 773 2532 decem.
818 2475 1024 2528 Auctor
1068 2486 1198 2527 vero
1252 2466 1654 2529 Stichometriaa,
1715 2471 1838 2536 post
1865 2462 2158 2535 Nicephori

579 2565 1178 2639 ConstantinOpolitani
1229 2561 1737 2633 Chronograpbiam
1795 2559 1995 2614 additae
2039 2557 2157 2614 :Et

576 2683 694 2737 qua:
727 2662 880 2726 Novi,
913 2661 1121 2716 scilicet
1150 2651 1506 2714 Testamenti,
1530 2660 1652 2706 sunt
1683 2651 1981 2721 apocrypha
2006 2667 2023 2706 :
2054 2649 2157 2703 Iti-

580 2756 851 2811 nerarium
879 2751 1025 2805 Petri
1056 2764 1232 2802 uersus
1263 2747 1426 2801 2700.
1469 2744 1795 2817 Agobardus
1824 2758 2044 2812 quoque
2076 2741 2154 2798 ‘7;

579 2849 725 2902 Licet
788 2845 943 2900 iidem
991 2843 1153 2906 libri,
1207 2841 1405 2912 inquit,
1454 2840 1561 2892 sint
1605 2835 1918 2906 apocryphi;
1978 2834 2157 2903 plera-

578 2957 678 3010 que
711 2948 880 2991 tamen
911 2950 976 2989 ea:
1009 2935 1073 2986 iis
1110 2931 1406 2985 testimonia
1443 2927 1774 2982 inveniuntur
1805 2941 1836 2977 a
1857 2921 2156 2977 doctoribus

2258 1818 2430 1872 libros
2457 1817 2888 1888 Recognitionum
2926 1819 3145 1872 nomine
3164 1819 3324 1872 Actus
3341 1817 3472 1871 Petri
3500 1819 3710 1887 appellasse

2258 1909 2553 1974 videbitur,
2587 1923 2711 1962 cum
2753 1908 3038 1979 scripsit"
3063 1907 3312 1964 :Librum
3354 1923 3488 1971 vero,
3516 1908 3585 1978 qui
3603 1907 3709 1960 Acut

2260 2004 2408 2059 Petri
2435 2001 2650 2067 dicitur,
2676 2014 2727 2057 et
2749 2002 3093 2074 Euangelium
3125 2005 3241 2073 ejus
3265 2004 3454 2057 nomine
3474 2003 3708 2070 inscriptam,

2243 2095 2646 2152 Pra'dicationis
2695 2111 2894 2166 quoque
2929 2104 2976 2148 et
2993 2095 3338 2150 Revelationis
3368 2093 3562 2163 ejusdem
3610 2093 3709 2146 libros

2258 2203 2354 2259 pro
2381 2186 2656 2240 catholicis
2687 2185 2898 2253 scriptis
2929 2201 3202 2256 nunquam
3232 2185 3428 2239 habitos
3451 2201 3543 2239 esse
3562 2195 3708 2238 consul.

2257 2279 2368 2337 Nec
2403 2279 2766 2335 vetustiorum
2798 2279 3088 2349 siquidem,
3124 2296 3228 2334 nec
3253 2280 3576 2335 recentiorum
3593 2277 3711 2331 Ecde-

2261 2373 2354 2428 siaa
2387 2373 2718 2442 scriptorum
2753 2373 3067 2442 quisquam,
3121 2372 3407 2442 desumpto
3443 2387 3499 2426 ex
3537 2371 3588 2426 iis
3618 2370 3720 2422 libris.

2260 2467 2570 2524 testimonio
2603 2482 2737 2521 usus
2762 2480 3003 2538 unquam
3038 2465 3210 2522 fuisse
3243 2467 3447 2536 legitur.
3475 2463 3570 2518 Non
3592 2477 3712 2517 sumus

2259 2561 2476 2632 quidem
2515 2560 2719 2625 nescii,
2791 2574 2886 2614 eos
2927 2559 2994 2614 de
3039 2559 3242 2635 quibus
3279 2558 3523 2613 Eusebius
3555 2556 3713 2624 disputat

2261 2654 2451 2717 libros,
2480 2654 2548 2708 ab
2576 2654 2837 2723 antiquis,
2871 2660 2929 2705 ut
2960 2652 3121 2722 paulo
3149 2659 3279 2706 ante
3307 2651 3535 2712 vidimus,
3561 2646 3715 2716 scriptu-

2259 2745 2409 2800 ribus
2457 2744 2626 2800 fuisse
2675 2744 2891 2799 citatos.
2937 2742 3197 2797 Attamen
3245 2756 3350 2796 non
3395 2739 3507 2794 inde
3542 2738 3716 2791 continuo

2261 2838 2446 2894 inferri
2498 2838 2678 2901 debet,
2723 2837 2898 2901 illum,
2948 2851 3057 2890 non
3107 2834 3177 2891 de
3229 2833 3532 2896 Clementis,
3579 2828 3644 2885 sed
3674 2826 3718 2879 de

2259 2931 2484 2986 alterius
2523 2929 2806 2999 cujusdam
2854 2928 3010 2983 libris
3059 2928 3308 2981 locutum
3355 2941 3483 2982 esse.
3520 2921 3652 2982 Nam,
3682 2927 3719 2971 ut

580 3039 858 3100 usurpata.
913 3025 1246 3079 Humbertus
1293 3021 1458 3076 etiam
1487 3018 1777 3089 episcopus
1811 3014 1985 3087 Sylva:
2014 3013 2150 3069 Can-

2150 3044 2156 3053 ·
2184 3045 2225 3103 C
2260 3023 2558 3095 prudenter
2588 3021 2842 3076 observat
2865 3019 3146 3086 Valesius,
3191 3020 3265 3074 ibi
3296 3018 3502 3080 erravit,
3529 3024 3569 3071 et
3592 3027 3720 3068 memo-

579 3123 721 3179 didae
748 3118 1134 3176 M'zClementis
1193 3115 1342 3178 liber,
1396 3113 1450 3166 id
1499 3121 1578 3166 est
1629 3108 1972 3165 Itinerarium
2005 3107 2153 3162 Petri

581 3213 809 3286 apostoli
853 3221 902 3266 et
948 3209 1184 3266 Canones
1231 3205 1588 3275 apostolorum
1635 3211 1980 3257 numerantur
2019 3202 2154 3255 inter

580 3305 898 3377 apocrypha.
956 3303 1052 3357 His
1112 3299 1325 3355 accedit
1377 3296 1654 3351 Honorius
1692 3292 2155 3366 Augustodpnen-

579 3402 749 3458 sis“:
776 3398 1014 3454 Clemens
1037 3395 1316 3464 scripsit...
1351 3389 1700 3445 Itinerarium
1725 3387 1872 3441 Petri
1898 3395 1947 3440 et
1971 3384 2156 3454 dispu-

582 3495 832 3547 tationem
859 3490 1024 3552 Petri,
1060 3495 1111 3540 et
1169 3485 1411 3553 Apionis,
1438 3491 1487 3538 et
1513 3482 1682 3536 multa
1711 3480 1843 3544 alia,
1873 3494 1990 3550 quia
2017 3479 2156 3532 inter

581 3583 874 3654 apocrypha
923 3588 1285 3635 numerantur.
1332 3578 1471 3631 Ante
1516 3589 1612 3630 eos
1651 3588 1780 3628 vero
1811 3571 2150 3625 Athanasius

582 3678 788 3733 dixisse
819 3674 988 3730 fertur
1006 3673 1076 3724 ".
1118 3671 1316 3725 Iterum
1348 3668 1471 3722 libri
1502 3667 1638 3722 Novi
1667 3663 2006 3727 Testamenti,
2038 3663 2155 3732 qui-

581 3771 676 3825 bus
709 3766 1112 3828 contradicitur,
1147 3773 1270 3818 sunt
1303 3761 1569 3816 Circuitus
1602 3758 1768 3824 Petri,
1798 3763 1906 3811 etc.

1108 3873 1502 3930 ARTICULUS
1540 3872 1630 3927 111.

619 3973 757 4042 Quid
794 3971 1068 4036 Eusebius,
1097 3968 1477 4042 Hieronymus,
1517 3974 1564 4042 et
1592 3962 1917 4034 Epiphanius
1947 3960 2010 4014 de
2037 3959 2118 4013 his

1164 4039 1315 4092 libris
1346 4038 1627 4091 senserint.

653 4138 1007 4192 Arbitrantur
1056 4131 1306 4186 nonnulli
1355 4128 1744 4198 Hieronymum
1793 4124 2039 4180 eamdem
2089 4124 2156 4180 de

572 4231 670 4285 lbis
699 4230 850 4283 libris
886 4227 1079 4279 tulisse
1114 4221 1463 4284 sententiam,
1487 4219 1580 4273 ubi
1608 4218 1746 4272 dixit
1767 4217 1811 4248 "
1839 4236 1850 4271 :
1875 4215 2023 4269 Libri
2053 4232 2153 4270 au-

583 4332 682 4376 tem
700 4339 726 4375 e
741 4319 926 4391 quibus
947 4333 1080 4369 unus
1092 4316 1341 4368 Actorum
1355 4312 1468 4380 ejus
1484 4309 1810 4373 inscribitur,
1829 4308 1968 4363 alius
1987 4307 2156 4361 Evan-

2253 3118 2334 3174 ria
2366 3116 2552 3186 lapsus
2591 3123 2674 3170 est
2706 3112 3011 3180 Eusebius;
3044 3114 3248 3183 quippe
3277 3113 3368 3183 qui
3410 3109 3612 3166 eamdem
3633 3108 3723 3174 Apu-

2253 3209 2521 3281 calypsin,
2559 3223 2655 3263 seu
2679 3205 3065 3262 Revelationem
3094 3205 3267 3270 Petri,
3295 3220 3449 3276 quam
3468 3203 3542 3257 hic
3566 3202 3616 3254 ab
3631 3198 3722 3253 auti-

2254 3307 2378 3374 quis
2417 3302 2642 3357 citatam
2675 3307 2858 3371 negat,
2892 3299 3018 3353 alibi
3052 3313 3078 3352 a
3101 3299 3382 3354 Clemente
3417 3295 3591 3350 laudari
3612 3298 3722 3345 tests-

2254 3406 2344 3452 tur
2363 3398 2408 3429 ⁸⁸
2435 3416 2448 3452 :
2472 3396 2711 3450 Clemens
2752 3395 2806 3447 in
2838 3392 2986 3446 libris
3012 3391 3416 3463 Hypotyposeon
3443 3388 3567 3444 Petri
3589 3389 3723 3453 Apoca-

2256 3490 2429 3560 lypsin
2479 3485 2686 3542 laudat.
2734 3483 2958 3539 Certum
3011 3490 3095 3538 est
3145 3491 3404 3552 praeterea
3444 3481 3623 3536 librum.
3666 3471 3723 3542 qui

2256 3579 2582 3636 Prtedicatio
2608 3577 2757 3631 Petri
2799 3575 3143 3639 inscribitur,
3184 3576 3256 3629 ab
3297 3573 3511 3644 Origene
3534 3571 3569 3602 ⁸⁷
3591 3577 3628 3624 et
3648 3564 3724 3619 aliis

2254 3672 2534 3728 nonnullis
2559 3668 2731 3724 fuisse
2762 3668 3008 3722 citatum.
3034 3665 3221 3722 Potuit
3245 3682 3374 3736 ergo
3393 3663 3619 3717 Eusebius
3636 3667 3673 3710 et
3691 3656 3723 3707 in

2255 3764 2379 3818 aliis
2423 3761 2638 3818 duobus
2687 3757 2875 3822 libris,
2923 3773 3062 3827 quos
3111 3761 3512 3818 commemorat,
3555 3747 3725 3806 similiter

2256 3856 2453 3926 decipi.
2508 3853 2605 3908 His
2654 3859 2838 3908 tamen
2879 3850 3079 3920 opponi
3119 3856 3326 3918 potest,
3371 3848 3508 3901 illum
3541 3842 3593 3896 de
3627 3837 3725 3892 libris

2255 3965 2287 4003 a
2315 3948 2496 4012 Petro,
2526 3961 2637 4000 non
2676 3952 2857 3999 autem
2892 3957 2923 3996 a
2944 3940 3230 3996 Clemente
3269 3938 3482 4008 scriptis
3519 3935 3577 3989 ibi
3600 3931 3718 3998 dispu

2254 4049 2390 4095 tare.
2445 4039 2712 4094 Caeterum
2767 4036 2813 4091 si
2856 4034 3124 4090 Eusebius
3158 4034 3217 4087 in
3247 4033 3425 4086 allatis
3471 4028 3584 4083 locis
3615 4024 3726 4077 libros

2255 4131 2685 4201 Recognitionum
2728 4126 3025 4184 Clementis
3079 4126 3304 4191 laudat,
3361 4125 3476 4179 illos
3515 4118 3726 4192 genuinum

2254 4222 2555 4278 Clementis
2604 4237 2741 4293 opus
2790 4236 2912 4277 esse
2960 4220 3180 4290 penitus
3239 4217 3516 4272 inﬁciatur.
3568 4210 3612 4264 Si
3645 4221 3728 4260 vero

2255 4330 2443 4370 eorum
2481 4329 2593 4367 non
2631 4313 2900 4377 meminit,
2944 4312 3085 4367 idem
3112 4327 3177 4366 ex
3215 4310 3336 4379 ejus
3358 4305 3553 4364 silentio
3577 4298 3727 4356 ducitur

580 4389 952 4482 gelii,vtertius
992 4404 1471 4460 Prtedicationis...
1495 4403 1631 4456 inter
1658 4402 1981 4472 apocryphas
2017 4402 2152 4456 scri-
2183 4405 2226 4459 Ι)
2256 4410 2657 4473 argumentum.
2708 4399 2896 4470 Neque
2942 4399 3086 4455 enim
3137 4397 3233 4452 ille
3283 4407 3389 4451 tam
3435 4396 3596 4463 longas
3629 4389 3728 4440 lucu-

578 4515 762 4573 pturas
816 4507 1146 4567 repetantur.
1206 4495 1421 4551 Rursus
1479 4509 1609 4548 vero
1657 4493 1750 4547 ubi
1798 4492 1868 4548 de
1917 4493 2149 4563 ipsumet

580 4596 860 4649 Clemente
885 4590 1109 4644 disserit
1130 4589 1207 4643 “z
1234 4587 1302 4640 Et
1329 4586 1616 4662 disputatio
1634 4584 1780 4639 Petri
1807 4592 1858 4639 et
1906 4586 2143 4653 Apionis,

581 4684 780 4753 inquit,
824 4698 982 4751 quam
1011 4678 1266 4734 Eusebius
1305 4679 1359 4730 in
1405 4677 1556 4730 tertio
1585 4674 1841 4729 Historiae
1896 4675 2144 4728 ecclesia-

579 4778 726 4829 stica:
769 4773 1029 4828 volumine
1071 4770 1335 4840 coarguit.
1380 4768 1446 4821 Et
1477 4783 1536 4823 re
1567 4766 1785 4837 quidem
1827 4769 1946 4837 ipsa
1973 4766 2158 4831 Euses

578 4869 702 4922 bius
739 4868 795 4921 in
824 4865 1042 4928 eodem,
1075 4877 1236 4934 quem
1269 4861 1629 4930 Hieronymus
1666 4860 1819 4924 citat,
1852 4859 1991 4913 libro
2031 4860 2144 4914 huic

581 4961 749 5015 habet
787 4959 872 5010 ⁵³ε
924 4957 1154 5023 Quidam
1197 4969 1354 5022 porro
1396 4952 1507 5006 alia
1549 4952 1709 5005 etiam
1749 4966 1904 5018 opera
1936 4953 2145 5018 prolixa

580 5052 675 5106 sub
717 5052 828 5121 ejus
876 5049 1082 5104 nomine
1133 5046 1242 5100 heri
1317 5062 1378 5099 ac
1437 5043 1820 5099 nudiustertius
1871 5060 1926 5096 in
1971 5049 2142 5099 lumen

577 5146 940 5216 protulerunt,
988 5150 1114 5212 puta
1161 5140 1305 5194 Petri
1361 5148 1412 5193 et
1470 5138 1690 5206 Apionis
1735 5136 2137 5204 disputationes,

579 5254 801 5310 quarum
840 5235 978 5305 apud
1020 5235 1262 5303 antiquos
1295 5231 1444 5284 nulla
1473 5231 1682 5284 omnino
1717 5239 1890 5283 exstat
1924 5233 2138 5284 mentio.

579 5330 760 5402 Neque
786 5330 924 5386 enim
956 5329 1159 5381 sincera
1189 5333 1343 5379 recta:
1367 5322 1511 5394 ﬁdei,
1537 5323 1602 5375 ab
1625 5323 1879 5392 apostolis
1907 5323 2138 5388 traditur,

647 5476 691 5508 “
729 5473 968 5526 'l'raCtat.
999 5470 1066 5523 53
1090 5470 1144 5521 in
1171 5461 1360 5519 Matth.
1398 5472 1517 5534 post
1547 5465 1685 5534 init.
1825 5460 2286 5534 Pliilo_cal._c_._22,
2319 5463 2372 5534 in
2413 5452 2566 5534 line._
2612 5459 2830 5534 “_Cagp.
2865 5459 3055 5513 10-28.
3209 5456 3342 5534 Lib.-
3370 5445 3639 5534 Deludoif.
3661 5453 3725 5534 εξ]

611 5547 808 5602 erstit..
839 5557 960 5611 cap.
996 5541 1082 5595 16.
1150 5538 1206 5611 7⁸⁸
1243 5537 1299 5591 in
1332 5529 1685 5611 Hes_ports._ad
1728 5530 2025 5611 Nicetsiib.
2100 5529 2298 5611 ‘fhljb.
2332 5532 2408 5586 De
2435 5532 2632 5611 lumine
2652 5529 2883 5611 Ecclesq
2916 5546 3019 5611 cap

611 5563 808 5602 erstit..
839 5563 960 5611 cap.
996 5563 1082 5595 ιο.
1167 5563 1206 5569 ’⁷
1243 5563 1299 5591 ιιι
1332 5563 1583 5604 ιιωμυηδ.
1619 5563 1683 5585 uu
1728 5563 1901 5584 uacci.
1932 5563 2025 5584 ιιυ.

575 5563 694 5670 ἰὼ.
738 5615 811 5667 De
835 5613 1016 5674 script.
1048 5610 1230 5664 eecles.
1341 5607 1385 5637 ⁵⁸
1424 5607 1557 5660 Eod.
1592 5605 1686 5659 lib.
1779 5602 1828 5632 ⁸³
1865 5601 2077 5674 Lib._tu
2115 5600 2145 5652 li

1003 5563 1082 5595 I0.
1167 5563 1206 5569 ’⁷
1243 5563 1299 5591 ΙΙΙ
1332 5563 1583 5604 ιισδμυιιδ.
1619 5563 1683 5585 uu
1728 5563 1901 5584 JVILCI.
1932 5563 2025 5584 ιιυο
2181 5563 2298 5585 Ιιιυ.
2332 5563 2406 5586 νῦ
2435 5563 2573 5585 suun.

1005 5653 1016 5665 .
1048 5610 1230 5664 eecles.
1341 5607 1385 5637 ⁵⁸
1424 5607 1557 5660 Eod.
1592 5605 1686 5659 lib.
1779 5602 1828 5632 ⁸³
1865 5601 2077 5674 Lib._lll
2115 5600 2283 5674 llist.3
2326 5620 2448 5674 cap.
2483 5603 2573 5658 38.

1202 5680 1248 5712 ⁵⁸
1308 5677 1428 5734 Lib.
1490 5693 1541 5732 vi
1602 5675 1775 5739 Hist.,
1833 5689 1953 5744 cap.
1985 5672 2066 5727 li.
2147 5673 2185 5705 "
2233 5668 2411 5730 Tom.’
2443 5691 2565 5738 xm,
2600 5669 2840 5739 Exposit.
2869 5673 2921 5726 in
2954 5668 3378 5742 Evang.loann.

625 5619 694 5670 ib.
738 5615 811 5667 De
835 5605 1016 5680 script.
1048 5610 1230 5664 eecles.
1311 5607 1387 5680 ff
1424 5607 1557 5660 Eod.
1592 5605 1686 5680 lib.

583 5705 641 5740 ttt
683 5685 850 5744 Hist.,
883 5699 1002 5751 cap.
1052 5683 1104 5736 3.

579 5757 668 5822 au,
705 5755 731 5827 δ
777 5756 857 5809 l5.

2251 4494 2551 4557 brationes,
2579 4507 2716 4562 quas
2746 4507 2776 4545 a
2799 4491 3076 4546 Clemente
3107 4488 3384 4559 profectas
3411 4503 3522 4542 esse
3540 4484 3726 4538 novisset.

2248 4594 2358 4641 tam
2389 4589 2498 4641 alto
2525 4587 2699 4656 potuit
2722 4600 2961 4655 unquam
2989 4585 3271 4654 praeterire
3306 4582 3529 4637 silentio.

2318 4679 2529 4745 Quibus
2559 4687 2738 4732 autem
2769 4677 3098 4732 accuratiori
3129 4675 3408 4748 diligentia
3436 4675 3528 4727 hoc
3547 4669 3727 4725 Clemat-

2246 4772 2317 4827 tis
2346 4787 2485 4842 opus
2519 4771 2835 4826 examinare
2876 4769 3052 4832 licuit,
3082 4769 3118 4823 ii
3151 4769 3434 4824 certiorem
3459 4765 3520 4818 de
3554 4763 3628 4815 illo
3649 4771 3725 4811 seu-

2249 4866 2473 4919 tentiam
2507 4863 2706 4919 ferunt.
2740 4861 2849 4917 Hos
2881 4863 3023 4916 inter
3038 4862 3373 4931 Epiphanius
3400 4854 3728 4919 memorizepro'

2249 4958 2388 5012 didit
2420 4956 2752 5012 Clementem
2795 4963 3042 5011 nostrum
3074 4955 3142 5010 de
3162 4954 3312 5010 Petri
3345 4949 3635 5008 Circuitibus
3667 4940 3729 4993 ali-

2249 5048 2381 5119 quid
2419 5064 2606 5104 revera
2642 5049 2865 5118 scriptis
2893 5047 3208 5110 tradidisse,
3237 5047 3334 5102 sed
3365 5045 3478 5113 ejus
3505 5039 3668 5106 δοκίμω
3688 5031 3729 5083 ³⁵)

2249 5141 2518 5196 Ebionitis
2552 5141 2821 5196 haereticis
2858 5140 2994 5194 adeo
3028 5139 3196 5195 fuisse
3233 5146 3501 5206 corrupta,
3529 5139 3580 5184 ut
3598 5123 3728 5196 paucis

2246 5233 2390 5287 veris
2413 5233 2642 5296 relictis,
2667 5241 2860 5287 uetera
2889 5230 2994 5301 ipsi
3029 5231 3167 5285 falso
3188 5220 3622 5300 supposuerint":
3639 5214 3727 5268 SIBI

2245 5332 2296 5378 et
2325 5323 2420 5376 alii
2449 5322 2593 5388 libri,
2620 5322 2822 5394 inquit,
2850 5321 3040 5392 quibus
3073 5330 3318 5385 utuntur,
3351 5318 3481 5372 velut
3503 5312 3622 5369 Petri
3646 5305 3727 5357 Cir-

3029 5505 3055 5584 .-
3079 5531 3162 5632 L5.
3211 5505 3396 5632 Tiin'
3418 5505 3628 5614 ξυνωρὶς.
3645 5505 3725 5632 “Ii:

2650 5602 2694 5632 “
2737 5601 2794 5654 III
2849 5599 3030 5656 eumd.
3091 5601 3216 5654 Eus.
3283 5599 3477 5652 locum.
3580 5599 3714 5632 "Lm

2653 5673 2821 5708 ἠπ-ηδ’
2869 5673 2919 5708 ὄπι
2958 5671 3131 5708 Fur-nn
3178 5668 3357 5708 Jnnnn
3508 5661 3545 5693 u
3579 5654 3714 5708 Ηεκῐιῖ
